4142 6196
275 331 369 387 401

1403 336 1574 390 VITA
1615 335 1676 388 S.
1721 327 2128 386 PBOPHET/E
2167 329 2514 388 DANIELIS.

3537 333 3640 392 40⁸2

273 461 496 532 ἡμερῶν.
537 467 633 515 Καὶ
673 461 722 515 ἐν
762 464 932 540 ἡμέρᾳ
969 464 1176 532 εἰκοστῇ
1213 469 1302 517 καὶ
1352 465 1568 536 τετάρτῃ
1602 467 1692 514 τοῦ
1732 463 1843 534 πρώ

1985 455 2111 512 dies
2133 456 2312 512 trium
2339 456 2792 513 hebdomadum
2817 473 2829 523 ;
2855 460 2912 514 et
2945 456 3220 513 vicesimo
3243 461 3297 514 et
3312 461 3526 532 quarto
3543 458 3639 516 die
3685 489 3694 498 --

271 567 360 600 τον
403 554 582 619 μηνὸς,
631 552 728 624 ἐγὼ
773 557 913 625 ἥμην
965 555 1194 627 ἐχόμενα
1245 563 1334 607 τοῦ
1383 559 1620 624 ποταμοῦ
1663 557 1753 602 τοῦ
1787 568 1873 621 με-

265 637 432 708 γάλου
460 645 658 716 Χωμάρ
691 648 780 695 καὶ
811 639 914 716 ἦρα
941 649 1059 705 τοὺς
1089 645 1386 716 ὀφθαλμούς
1416 662 1516 714 μου
1547 645 1636 693 καὶ
1687 635 1824 692 εἶδον
1856 653 1868 666 ⁸

267 731 360 779 καὶ
389 725 507 780 ἰδοὺ
539 729 666 804 ἀνὴρ
709 729 1039 804 ἐνδεδυμένας
1089 730 1290 804 βαὸδὶν
1337 738 1425 785 καὶ
1455 735 1484 790 ἡ
1521 731 1682 801 ὀσφῦς
1713 729 1872 780 αὐτοῦ

269 819 660 891 περιεζωσμὲνη
708 819 756 872 ἐν
801 828 1008 895 χρυσίῳ
1061 824 1282 896 Ὀφὰτζ,
1315 827 1404 874 καὶ
1447 825 1503 873 τό
1536 829 1688 890 σῶμα
1712 818 1872 870 αὐτοῦ

270 909 398 958 ὡσεὶ
441 916 690 982 Θαρσεῖς,
739 917 828 963 καὶ
878 915 932 964 τὸ
979 917 1258 986 πρόσωπον
1308 911 1462 963 αὐτοῦ
1511 913 1634 961 ὡσεὶ
1689 909 1870 980 ὅρασις

269 992 570 1068 ἀστραπῆς,
621 1003 708 1050 καὶ
740 1002 787 1050 οἱ
817 1001 1072 1072 ὀφθαλμοὶ
1118 1002 1277 1053 αὐτοῦ
1325 1003 1448 1052 ὡσεὶ
1481 994 1747 1070 λαμπάδες
1776 1016 1870 1046 πυ·

265 1088 376 1158 ρὸς,
405 1091 496 1138 καὶ
527 1089 576 1139 οἱ
607 1087 886 1162 βραχίονες
933 1091 1092 1143 αὐτοῦ
1122 1097 1210 1143 καὶ⁵
1259 1093 1324 1143 τὰ
1372 1089 1526 1146 σκέλη
1571 1091 1639 1148 ὡς
1683 1089 1872 1158 ὄφασις

264 1175 473 1245 χαλκοῦ
521 1176 834 1241 στίλϐοντος,
869 1185 954 1232 καὶ
1003 1181 1030 1238 ἡ
1088 1185 1224 1252 φωνὴ
1276 1189 1374 1231 τῶν
1421 1179 1583 1250 λόγων
1613 1177 1772 1229 αὗτοῦ
1804 1179 1866 1236 ὡς

265 1268 404 1335 φωνή
449 1265 631 1336 ὄχλου.
674 1273 850 1321 Ταῦτα
898 1265 1034 1320 εἶδον
1079 1275 1167 1321 καὶ
1211 1271 1240 1328 ἡ
1288 1270 1450 1340 ἰσχύς
1497 1287 1596 1340 μου
1646 1265 1864 1328 ἐξέλιπεν

265 1351 356 1404 ἀπ’
399 1352 546 1426 ἐμοῦ,
597 1361 684 1408 καὶ
730 1359 759 1414 ἡ
814 1353 946 1420 δόξα
988 1378 1088 1430 μου
1117 1359 1441 1431 μετεστράφη
1477 1356 1546 1419 εἰς
1575 1353 1864 1429 διαφθορὰν

263 1447 350 1492 καὶ
395 1443 548 1506 εὐθὺς
582 1443 661 1496 ἐπὶ
713 1451 804 1503 τὴν
848 1455 944 1517 γῆν
987 1453 1161 1500 πίπτω
1191 1469 1202 1480 ·
1237 1453 1324 1499 καὶ
1377 1444 1494 1499 ἰδοὺ
1537 1450 1658 1518 χεὶρ
1707 1444 1859 1496 ἁπτο-

262 1535 386 1602 μένη
447 1551 546 1602 μου
599 1539 688 1586 καὶ
740 1537 917 1606 ἤγειρέ
967 1556 1028 1607 με
1083 1535 1167 1588 ἐπὶ
1223 1539 1291 1587 τὰ
1342 1537 1537 1606 γόνατά
1587 1554 1686 1606 μου
1749 1539 1857 1598 καὶ,

263 1623 408 1682 Συνες
607 1628 760 1694 φησὶ,
806 1629 936 1694 πρὸς
981 1643 1063 1695 με,
1115 1623 1323 1686 Δανιὴλ,
1387 1623 1512 1698 ἀνὴρ
1553 1624 1856 1694 ἐπιθυμιῶν,

259 1715 346 1760 καὶ
407 1713 565 1769 στῆθι
617 1711 698 1764 ἐπὶ
758 1721 819 1784 τῇ
884 1717 1068 1765 στάσει
1120 1734 1241 1785 μου,
1285 1715 1364 1766 ὅτι
1419 1721 1506 1764 νῦν
1565 1710 1858 1768 ἀπεστάλην

1982 545 2162 617 primi
2179 547 2423 612 mensis,
2440 561 2550 616 ego
2571 545 2853 602 sedebam
2871 562 3056 618 prope
3071 562 3358 616 magnum
3385 547 3638 605 ﬂuvium

1982 634 2250 700 Chobar;
2288 641 2343 690 et
2387 636 2593 691 sustuli
2621 635 2825 692 oculos
2851 652 3040 702 meos,
3063 639 3118 692 et
3143 636 3278 690 vidi.
3309 639 3372 690 Et
3393 653 3526 692 ecce
3547 637 3637 693 vir

1983 723 2226 779 indutus
2271 740 2440 780 sacra
2472 725 2642 788 stola,
2668 729 2723 780 et
2753 723 2991 780 lumbus
3023 725 3152 795 ejus
3175 725 3474 780 accinctus
3492 741 3636 782 auro

1985 812 2247 884 HOphatz
2282 830 2292 866 :
2331 817 2386 869 et
2415 829 2634 885 corpus
2657 813 2783 885 ejus
2801 818 3096 887 tanquam
3128 813 3386 883 Tharsis,
3421 817 3475 869 et
3515 815 3638 869 vul-

1981 905 2076 956 tus
2105 903 2230 972 ejus
2257 906 2548 974 tanquam
2581 907 2855 973 aspectus
2886 903 3136 972 fulguris
3165 919 3175 958 :
3215 906 3271 958 et
3310 902 3464 958 oculi
3509 903 3637 973 ejus

1980 995 2270 1062 tanquam
2299 991 2611 1061 lampades
2644 990 2818 1060 ignis,
2849 993 2905 1044 et
2940 991 3187 1046 brachia
3227 992 3352 1061 ejus
3396 996 3452 1046 et
3481 990 3635 1046 tibiae

1979 1085 2265 1151 tanquam
2299 1089 2575 1151 aspectus
2615 1080 2745 1134 aeris
2778 1079 3231 1151 resplendentis,
3271 1085 3327 1135 et
3358 1096 3470 1136 vox
3509 1095 3638 1135 ver-

1980 1169 2192 1224 borum
2225 1169 2353 1239 ejus
2399 1173 2690 1241 tanquam
2741 1185 2844 1224 vox
2877 1168 3056 1224 tubae.
3105 1172 3236 1224 Haec
3261 1168 3400 1234 vidi,
3439 1173 3494 1224 et
3523 1168 3638 1224 vir-

1975 1261 2071 1313 tus
2103 1273 2238 1312 mea
2272 1257 2484 1312 defecit
2515 1273 2548 1312 a
2583 1273 2694 1322 me,
2731 1263 2782 1312 et
2813 1257 3002 1326 gloria
3042 1273 3176 1313 mea
3207 1273 3496 1313 conversa
3529 1257 3636 1314 fuit

1973 1346 2034 1402 in
2064 1347 2366 1402 interitum
2399 1367 2410 1402 :
2443 1352 2499 1402 et
2533 1347 2814 1402 continuo
2845 1347 2995 1402 cado
3033 1347 3092 1401 in
3137 1351 3378 1412 terram,
3411 1351 3466 1402 et
3499 1362 3634 1402 ecce

1973 1452 2182 1492 manus
2214 1453 2308 1491 me
2331 1442 2600 1507 tangens,
2623 1437 2804 1492 erexit
2837 1453 2930 1492 me
2957 1440 3010 1492 et
3036 1453 3215 1510 super
3237 1447 3432 1506 genua
3459 1453 3631 1506 mea;

1971 1531 2027 1580 et
2049 1525 2315 1590 Attende,
2335 1526 2542 1598 inquit,
2570 1525 2644 1580 ad
2669 1541 2782 1590 me,
2807 1525 3027 1592 Daniel,
3059 1527 3150 1582 vir
3169 1525 3630 1594 desideriorum,

1971 1617 2026 1668 et
2058 1619 2150 1669 sta
2180 1615 2239 1668 in
2273 1614 2528 1670 statione
2553 1629 2686 1669 mea
2719 1631 2731 1668 :
2759 1615 3048 1686 quoniam
3079 1630 3240 1670 nunc
3267 1629 3378 1685 ego
3413 1615 3632 1670 missus

1969 1719 2104 1758 sum
2128 1703 2204 1759 ad
2237 1707 2289 1759 te
2323 1720 2333 1757 :
2365 1705 2654 1774 quoniam
2683 1719 2718 1758 a
2749 1703 2944 1776 primo
2992 1705 3108 1770 die,
3135 1720 3258 1776 quo
3289 1703 3502 1759 dedisti
3531 1719 3633 1759 cor

264 1797 360 1868 ἐγὼ
413 1803 542 1870 πρός
593 1803 670 1864 σε,
714 1801 790 1852 ὅτι
843 1800 942 1854 ἀπὸ
995 1809 1085 1864 τῆς
1136 1805 1332 1875 ἡμέρας
1381 1810 1474 1864 τῆς
1523 1807 1753 1876 πρώτης»
1797 1802 1843 1859 ἧς

1969 1795 2161 1859 tuum,
2201 1797 2262 1848 ut
2291 1793 2685 1848 humiliareris
2713 1808 2916 1849 coram
2944 1793 3198 1848 Domino
3225 1796 3342 1848 Deo
3365 1797 3488 1858 tuo,
3518 1807 3630 1862 ego

265 1884 458 1950 ἔδωκας
513 1895 604 1948 τὴν
647 1887 871 1962 καρδίαν
919 1911 1012 1944 σου
1057 1894 1432 1950 ταπεινωθῆναι
1487 1891 1706 1943 ἐναντίον
1767 1898 1858 1942 τοῦ

263 1983 454 2050 Κυρίου
487 1986 578 2030 τοῦ
611 1987 744 2032 Θεοῦ
791 1999 907 2044 σου,
955 1981 1296 2039 ἡκούσθησαν
1344 1983 1392 2033 οἱ
1434 1981 1577 2052 λόγοι
1629 2000 1722 2031 σου
1767 1982 1856 2031 καὶ

258 2065 356 2136 ἐγὼ
389 2064 543 2125 ἦλθον
597 2073 726 2141 πρὸς
776 2073 832 2122 σε
870 2075 960 2122 καὶ
995 2073 1020 2122 ὁ
1062 2071 1243 2142 ἄρχων
1291 2079 1383 2134 τῆς
1415 2069 1684 2142 βασιλείας
1733 2077 1856 2143 Περο

257 2165 358 2207 σῶν
417 2157 628 2215 ἑστήκει
683 2157 736 2221 ἐξ
793 2159 1022 2221 ἐναντίας
1067 2179 1165 2232 μου
1209 2163 1374 2212 εἴκοσι
1417 2165 1506 2212 καὶ
1555 2165 1678 2230 μίαν
1732 2161 1852 2230 ἡμέ-

252 2265 346 2318 ραν
423 2251 522 2298 Καὶ
563 2254 650 2298 νῦν
690 2245 941 2319 ἀνδρίζου
989 2253 1077 2300 καὶ
1123 2251 1305 2320 ¹ἴσχυε,
1359 2249 1433 2300 ὄτι
1467 2247 1566 2319 ἐγὼ
1596 2251 1724 2320 μετά
1759 2255 1852 2299 σου

253 2334 358 2405 εἰμι
383 2354 392 2364 ·
429 2336 648 2388 ἐνταῦθα
677 2337 838 2389 πολλα
863 2341 951 2409 μὲν
974 2347 1072 2389 τῶν
1102 2337 1353 2410 ἐσομένων
1383 2339 1407 2390 ὁ
1436 2342 1610 2409 φανεὶς
1640 2336 1853 2408 ἄγγελος

253 2432 322 2492 τῷ
355 2431 597 2497 προφήτῃ
623 2435 965 2498 μυσταγωγεῖ
993 2433 1108 2498 περί
1141 2447 1192 2480 τε
1219 2435 1312 2490 τῆς
1343 2435 1551 2500 Περσῶν
1580 2425 1850 2498 βασιλείας

250 2519 338 2564 καὶ
363 2515 692 2576 καταλύσεως
711 2521 800 2568 καὶ
833 2516 904 2578 εἰς
932 2516 1020 2577 οὓς
1056 2515 1226 2588 ἔμελλε
1251 2521 1588 2589 μεταπίπτειν
1628 2531 1639 2543 ‘
1680 2518 1853 2568 ἔπειτα

253 2599 310 2655 δὲ
341 2609 430 2656 καὶ
465 2608 580 2678 περὶ
613 2614 702 2666 τῆς
744 2603 1069 2677 βασιλίσσης
1099 2611 1291 2674 Νότου,
1319 2605 1354 2658 ἂ
1382 2611 1470 2658 καὶ
1516 2609 1672 2680 πέρας
1705 2604 1853 2658 ἔλαϐε

253 2695 382 2754 μετὰ
423 2701 593 2746 ταῦτα
641 2699 729 2747 καὶ
777 2703 886 2757 τοῖς
935 2695 1268 2768 καλουμένοις
1317 2694 1714 2757 Μακκαϐαῐκοίς
1753 2694 1851 2749 ἐνε-

249 2784 419 2856 γράφη
431 2822 443 2834 .

319 2907 438 2971 Κς-’.
475 2909 586 2959 Οὐκ
616 2907 668 2958 ἐκ
699 2911 892 2960 τούτων
946 2905 1004 2961 δὲ
1047 2912 1216 2980 μόνον,
1261 2907 1389 2960 ἀλλὰ
1430 2913 1518 2960 καὶ
1563 2907 1619 2971 ἐξ
1665 2909 1846 2980 ἑτέρων

245 2997 270 3046 ό
313 2997 504 3054 Δανιὴλ
547 3001 710 3068 μέγας
755 3016 808 3049 τε
857 3001 950 3055 τὴν
1002 2999 1214 3071 θεωρίαν
1261 3003 1351 3050 καὶ
1402 3000 1704 3070 θαυμάσιος
1749 3003 1843 3056 τὴν

248 3089 456 3138 σύνεσιν
505 3084 723 3158 ἀνεφάνη
781 3106 792 3117 ·
841 3091 928 3138 καὶ
975 3088 1056 3138 ἱνκ
1103 3087 1264 3138 τᾶλλα
1305 3096 1566 3160 παρῶμεν,
1619 3087 1744 3139 ἀλλα
1787 3092 1841 3140 τὸ

1972 1882 2102 1938 veni
2140 1882 2216 1938 ad
2244 1887 2298 1937 te
2331 1898 2342 1936 :
2376 1887 2431 1938 et
2461 1883 2730 1954 princeps
2757 1882 2923 1952 regni
2951 1883 3268 1938 Persarum
3304 1881 3462 1938 stetit
3491 1897 3630 1936 con-

1969 1975 2056 2027 tra
2095 1987 2188 2026 me
2247 1970 2452 2040 viginti
2505 1975 2560 2027 et
2589 1987 2774 2026 unum
2824 1971 3005 2026 diem.
3048 1973 3114 2027 Et
3159 1986 3319 2026 nunc
3367 1973 3491 2026 esto
3540 1969 3630 2025 vir

1967 2059 2132 2116 fortis
2161 2064 2216 2116 et
2259 2059 2561 2130 robustus,
2607 2060 2896 2132 quoniam
2947 2075 3058 2130 ego
3098 2077 3232 2116 sum
3265 2063 3480 2115 tecum.
3525 2058 3626 2116 Hic

1967 2149 2151 2204 multa
2191 2149 2436 2221 quidem
2469 2149 2687 2214 futura,
2724 2149 2826 2222 qui
2860 2149 3134 2221 apparuit
3185 2148 3450 2221 angelus,
3493 2163 3628 2220 pro-

1963 2238 2157 2310 phetae
2201 2239 2450 2311 mystice
2511 2239 2782 2294 enuntiat
2837 2238 2910 2293 de
2961 2253 3146 2308 regno
3199 2239 3514 2294 Persarum
3566 2233 3623 2292 et

1963 2327 2092 2398 ejus
2117 2328 2454 2386 eversione:
2473 2331 2527 2383 et
2549 2327 2625 2384 ad
2648 2343 2801 2399 quos
2818 2326 3372 2383 eratdeventurum.
3399 2324 3621 2381 Deinde

1961 2417 2139 2472 etiam
2166 2417 2238 2472 de
2269 2416 2472 2486 regina
2501 2417 2715 2482 Austri,
2757 2432 2891 2488 quae
2916 2415 3160 2488 quidem
3201 2420 3408 2487 postea
3437 2413 3620 2470 ﬁnem

1961 2509 2330 2576 acceperunt,
2363 2509 2419 2560 et
2449 2505 2672 2576 scripta
2711 2509 2846 2559 sunt
2870 2504 2932 2559 in
2957 2503 3144 2570 libris,
3177 2503 3280 2574 qui
3329 2506 3620 2560 vocantur

1961 2593 2455 2652 Machabarorum.

2027 2915 2199 2970 XXVI.
2242 2915 2368 2968 Non
2397 2928 2470 2968 ex
2502 2911 2593 2967 his
2621 2915 2818 2968 autem
2845 2911 3004 2978 solis,
3035 2911 3138 2967 sed
3157 2911 3336 2968 etiam
3367 2925 3435 2968 ex
3458 2911 3606 2976 aliis,

1957 3003 2156 3058 Daniel
2188 3003 2466 3075 apparuit
2503 3017 2760 3072 magnus
2802 3001 2862 3056 in
2895 3000 3394 3073 contemplatione
3423 3006 3480 3057 et
3509 3001 3612 3058 ad-

1953 3092 2264 3148 mirandus
2290 3090 2691 3159 intelligentia.
2717 3093 2779 3145 Et
2805 3093 2870 3146 ut
2896 3089 3014 3146 alia
3039 3090 3413 3155 omittamus,
3441 3090 3606 3161 quod

241 3179 376 3226 κατα
455 3179 548 3232 τὴν
629 3181 803 3248 κρίσιν
883 3179 1169 3242 Σωσάννης,
1233 3177 1258 3228 ὃ
1323 3176 1518 3229 πολλῶν
1596 3181 1841 3250 πρότερόν

1956 3181 2024 3236 de
2073 3183 2347 3237 Susanna
2377 3180 2596 3235 factum
2636 3183 2726 3234 est
2768 3179 3083 3251 judicium,
3139 3178 3305 3251 quod
3335 3177 3438 3234 diu
3469 3184 3606 3234 ante

245 3263 376 3328 ἐστι,
432 3269 542 3324 νέος
593 3263 682 3330 ὧν,
741 3267 1003 3338 εἴργαστο,
1049 3270 1166 3318 τίνα
1211 3265 1368 3323 ἄλλην
1410 3270 1662 3326 συνέσεως
1693 3267 1840 3340 ὑπερ-

243 3352 396 3410 ϐολὴν
447 3353 759 3418 ἀπολείπεις
804 3353 898 3406 Ἢν
951 3359 1142 3413 πιστὴν
1196 3359 1284 3426 μεν
1333 3363 1404 3424 τῷ
1441 3352 1597 3428 ἄνδρι
1639 3360 1840 3426 γενομέ-

241 3461 350 3506 νην,
409 3443 626 3493 θάνατον
689 3439 748 3494 δε
792 3447 1196 3514 κατακριθείσαν
1245 3443 1298 3495 ἐκ
1343 3449 1690 3516 συκοφαντίας
1723 3441 1839 3495 ἀδι-

241 3531 472 3588 κωτάτης
527 3539 628 3582 τῶν
689 3530 1000 3593 ἀκολάστοις
1058 3532 1340 3605 ὀφθαλμοῖς
1395 3531 1584 3603 μᾶλλον
1648 3535 1836 3590 ἐκείνην

245 3623 568 3690 θεασαμένων
619 3621 963 3694 παραπλήσιά
1015 3641 1068 3674 τε
1135 3631 1207 3694 τῷ
1261 3623 1450 3693 Ἰωσὴφ
1502 3619 1832 3673 κινδυνεύου-

245 3729 338 3762 σαν
381 3711 696 3775 ὑποστῆναι,
737 3713 762 3762 ό
795 3711 976 3762 ἐκεῖνον
1026 3716 1138 3762 τότε
1189 3713 1480 3784 ῥυσάμενος
1519 3715 1608 3762 καὶ
1639 3713 1834 3768 ταύτην

225 3795 290 3856 δὴ
323 3797 638 3872 παραδόξως
685 3799 776 3851 διὰ
827 3800 1018 3858 Δανιὴλ
1067 3801 1252 3874 ῥύεται
1301 3808 1432 3872 σοφῇ
1466 3805 1637 3870 κρίσει
1677 3819 1828 3852 κακο-

221 3895 430 3959 τεχνίαν
501 3897 600 3941 τῶν
679 3887 1042 3963 πρεσϐυτέρων
1111 3888 1416 3960 ἐλέγξαντος
1483 3893 1572 3940 καὶ
1641 3889 1830 3950 αὐτοὺς

217 3979 404 4050 μᾶλλον
437 3977 611 4042 ἀξίους
637 3980 864 4030 θανάτου
898 3977 1163 4041 δείξαντος
1187 3997 1243 4030 τε
1273 3983 1362 4030 καὶ
1397 3979 1636 4050 γενέσθαι
1665 3997 1829 4052 παρα-

221 4071 592 4129 σκευάσαντος.

283 4185 398 4238 ΚΖ.
434 4187 590 4237 Οὕτω
647 4187 900 4246 συνέσεως
953 4187 1112 4256 ἔχων,
1169 4187 1304 4236 οὕτω
1353 4185 1574 4256 χάριτος
1614 4187 1702 4236 καὶ
1735 4203 1826 4256 με-

215 4278 391 4344 γέθους
453 4277 680 4348 θεωριῶν
732 4273 1062 4337 κατηξίωται
1098 4291 1108 4303 ·
1153 4273 1286 4326 αὐτά
1331 4293 1384 4326 τε
1434 4275 1498 4324 τὰ
1553 4281 1642 4324 τοῦ
1693 4281 1824 4326 Θεοῦ

213 4367 404 4434 κρύφια
432 4369 523 4416 καὶ
568 4372 659 4424 τῆς
715 4361 900 4425 δίττης
945 4371 1035 4415 τοῦ
1087 4363 1246 4433 λόγου
1295 4367 1592 4436 παρουσίας
1623 4369 1824 4433 μυστή-

213 4469 302 4521 ρια
355 4460 425 4522 τῷ
475 4457 732 4523 πνεύματι
784 4454 1198 4525 καταθεωρήσας
1251 4468 1262 4480 ·
1313 4458 1402 4505 καὶ
1456 4454 1556 4505 ὅσα
1613 4448 1672 4503 δὲ
1726 4460 1822 4502 τῶν

1951 3270 2105 3336 fecit,
2134 3286 2270 3325 cum
2317 3273 2469 3325 esset
2497 3268 2696 3324 adhuc
2738 3267 2995 3338 juvenis,
3030 3267 3323 3339 quidnam
3370 3267 3606 3339 reliquit

1949 3358 2368 3430 intelligentiae,
2417 3375 2536 3428 quo
2567 3359 2628 3413 id
2668 3358 2852 3430 possit
2899 3373 3181 3430 superare
3216 3358 3244 3414 ?
3275 3358 3414 3422 Quae
3477 3356 3604 3427 qui-

1947 3447 2084 3504 dem
2118 3464 2254 3503 cum
2282 3447 2484 3502 fuisset
2517 3448 2730 3503 marito
2760 3447 2972 3512 ﬁdelis,
3005 3451 3194 3503 morte
3226 3449 3426 3502 autem
3451 3451 3605 3501 esset

1946 3537 2232 3592 damnata
2254 3552 2322 3591 ex
2345 3535 2722 3606 iniquissima
2748 3535 3051 3592 calumnia
3071 3550 3278 3591 eorum
3307 3534 3408 3606 qui
3439 3533 3602 3589 illam

1946 3625 2264 3697 impudicis
2285 3627 2633 3695 aspexerant
2651 3623 2863 3690 oculis,
2889 3628 2944 3680 et
2960 3627 3084 3679 erat
3105 3623 3318 3678 similia
3339 3638 3601 3694 passura

1945 3713 2013 3768 iis
2048 3729 2186 3786 qua:
2215 3715 2435 3784 Ioseph
2465 3727 2682 3781 passus
2718 3717 2825 3775 est,
2853 3711 2958 3783 qui
2986 3711 3150 3767 illum
3179 3715 3322 3766 tunc
3361 3711 3595 3781 eripuit,

1941 3803 1989 3858 is
2010 3819 2142 3859 eam
2169 3817 2409 3874 quoque
2436 3799 2867 3856 admirabiliter
2892 3804 3089 3856 servat
3117 3815 3224 3871 per
3247 3798 3550 3854 Danielem
3580 3820 3592 3852 :

1939 3893 2040 3964 qui
2077 3890 2344 3961 sapiente
2372 3889 2598 3960 judicio
2630 3889 2932 3944 seniorum
2979 3887 3234 3944 convicit
3263 3885 3598 3955 malignita-

1939 3985 2075 4046 tem,
2110 3984 2166 4036 et
2195 3995 2297 4034 eos
2347 3978 2540 4047 magis
2601 3981 2790 4034 morte
2843 3976 3060 4049 dignos
3120 3974 3400 4042 ostendit,
3443 3979 3498 4032 et
3535 3979 3598 4031 ut

1938 4073 2193 4125 mortem
2222 4071 2568 4140 paterentur
2597 4065 2808 4122 eﬂ’ecit.

2007 4187 2208 4242 XXVII.
2239 4182 2388 4240 Cum
2434 4186 2604 4240 tanta
2633 4187 2786 4240 esset
2817 4181 3226 4252 intelligentia,
3257 4185 3424 4238 tanta
3463 4195 3594 4252 gra-

1935 4277 2016 4330 tia
2041 4279 2098 4329 et
2129 4277 2249 4330 tam
2293 4273 2526 4343 magnis
2570 4271 2788 4342 dignus
2814 4276 2905 4328 est
2942 4271 3183 4326 habitus
3228 4270 3598 4342 contempla-

1935 4363 2195 4420 tionibus
2230 4379 2242 4417 :
2277 4377 2536 4435 cumque
2588 4361 2718 4433 ipsa
2773 4361 2875 4416 Dei
2934 4376 3174 4426 arcana,
3235 4363 3290 4416 et
3341 4359 3593 4432 duplicis

1935 4453 2104 4508 Verbi
2135 4452 2429 4507 adventus
2463 4451 2747 4522 mysteria
2788 4449 2996 4520 spiritu
3029 4454 3186 4505 esset
3225 4449 3592 4522 contempla-

213 4539 376 4592 ἄλλων
429 4541 820 4612 ἀξιολογώτατα
873 4547 966 4594 καὶ
1037 4545 1136 4593 ὅσα
1190 4544 1320 4615 πρὸς
1375 4551 1444 4612 τῷ
1497 4549 1588 4593 τοῦ
1648 4541 1824 4600 αἰῶνος

1963 4559 2030 4597 us
2056 4559 2068 4596 :
2095 4542 2242 4614 quin
2266 4539 2446 4595 etiam
2476 4554 2854 4612 quaecunque
2873 4543 3011 4594 sunt
3031 4537 3358 4610 aliispluris
3377 4537 3594 4594 facien-

217 4629 344 4682 τέλει
403 4629 774 4700 συμϐήσεσθαι
830 4629 998 4701 μέλλει
1051 4635 1138 4682 καὶ
1197 4635 1290 4688 τὴν
1332 4634 1444 4682 τότε
1503 4631 1674 4700 θλίψιν
1735 4635 1824 4682 καὶ

215 4723 307 4774 τὴν
363 4717 416 4769 ἐκ
472 4728 572 4790 γῆς
636 4725 890 4790 χώματος
974 4718 1318 4782 ἐξανάστασιν
1371 4728 1468 4771 τῶν
1543 4719 1822 4792 ἀνθρώπων

216 4812 306 4865 τήν
355 4817 454 4860 τῶν
499 4809 660 4880 ἁγίων
708 4827 761 4860 τε
809 4805 966 4870 δόξαν
1013 4812 1100 4860 καὶ
1139 4813 1232 4866 τὴν
1264 4817 1360 4860 τῶν
1397 4807 1595 4860 ἀσεϐῶν
1628 4808 1822 4880 αἰσχύ-

217 4915 304 4952 νην
343 4901 436 4954 τὴν
476 4893 724 4949 οὐδέποτε
771 4897 1063 4969 ληγουσαν,
1121 4899 1186 4948 τὰ
1239 4896 1379 4970 βάθη
1427 4916 1480 4950 τε
1527 4905 1618 4948 τοῦ
1667 4905 1820 4963 Θεοῦ,

217 4985 330 5036 καθ’
389 4987 514 5037 ὅσον
567 4987 731 5038 οἷόντε
787 4995 858 5056 τῷ
937 4989 1108 5062 σάρκα
1183 4990 1515 5059 περικειμένῳ
1585 4983 1677 5037 διὰ
1727 4994 1821 5038 τοῦ

217 5072 510 5146 ἒρευνῶντος
585 5075 718 5126 αὐτὰ
773 5079 1058 5146 πνεύματος
1145 5080 1378 5146 ἐγνωκώς
1434 5097 1446 5109 ”
1505 5077 1681 5128 ἔπειτα
1731 5084 1819 5126 τοῦ

215 5159 412 5234 δεσμοῦ
459 5165 630 5226 λυθεὶς
678 5167 766 5214 καὶ
803 5167 894 5222 τὴν
949 5173 1047 5235 γῆν
1103 5161 1270 5226 ἡδέως
1301 5173 1361 5237 τῇ
1405 5173 1471 5237 γῇ
1529 5161 1816 5240 παραδοὺς,

837 5255 966 5304 Θεὸν
1050 5257 1074 5304 ὁ
1149 5262 1248 5304 τῶν
1335 5252 1620 5324 ἐπιθυμιῶν
1689 5253 1816 5327 ἀνὴρ

585 5075 718 5126 αὐτὰ
773 5079 1058 5147 πνεύματος
1145 5080 1378 5146 ἐγνωκώς
1434 5097 1446 5109 ι

213 5256 342 5323 πρὸς
427 5253 480 5304 ὃν
559 5252 732 5304 ἐπόθει

215 5345 408 5410 ᾤχετο,
463 5347 636 5400 αὐτοῖς
691 5360 744 5392 τε
791 5347 899 5402 τοῖς
949 5347 1094 5414 τρισὶ
1153 5345 1240 5392 καὶ
1304 5341 1468 5412 φίλοις
1523 5347 1676 5394 παισὶ
1729 5345 1818 5392 καὶ

211 5436 497 5504 προφήταις
583 5429 652 5490 είς
718 5428 798 5482 ἀεὶ
874 5435 1038 5482 συνὼν
1123 5435 1208 5480 καὶ
1292 5426 1430 5502 μηδὲ
1490 5432 1634 5503 ἡμῶν
1683 5433 1816 5481 κατά

213 5537 268 5588 τε
318 5523 374 5572 τὸ
433 5525 698 5596 περιέπειν
749 5523 840 5571 καὶ
904 5517 1114 5592 βοηθεῖν
1171 5517 1534 5591 ἀφιστάμενος,
1594 5519 1664 5580 εἰς
1727 5515 1814 5571 δό-

219 5607 306 5670 ξαν
345 5613 572 5686 Πατρός,
633 5611 778 5674 Υἱοῠ,
828 5613 917 5662 καὶ
965 5609 1116 5682 ἁγίου
1162 5612 1458 5682 Πνεύματος
1513 5617 1610 5670 τῆς
1660 5610 1816 5683 ὑπερ.

1934 4631 2031 4696 da,
2061 4636 2116 4686 et
2156 4644 2535 4702 quaecunque
2594 4633 2729 4683 sunt
2773 4631 3061 4683 eventura
3117 4627 3176 4682 in
3221 4627 3338 4683 ﬁne
3369 4627 3588 4694 saeculi,

1932 4725 1990 4776 et
2021 4736 2173 4783 eam,
2207 4735 2344 4790 quae
2393 4723 2534 4774 tunc
2585 4718 2714 4787 erit,
2745 4715 3156 4787 aﬂlictionem,
3191 4722 3246 4773 et
3277 4717 3592 4774 hominum

1933 4824 1999 4864 ex
2025 4817 2190 4864 terrae
2212 4823 2427 4878 aggere
2454 4805 2974 4870 resurrectionem,
3007 4809 3064 4862 et
3093 4809 3436 4862 sanctorum
3466 4805 3594 4878 glo-

1932 4898 2104 4962 riam,
2145 4902 2200 4952 et
2237 4897 2558 4967 impiorum
2617 4895 3035 4965 ignominiam,
3092 4909 3226 4966 qua:
3279 4910 3594 4968 nunquam

1931 4987 2168 5048 desinit,
2221 4990 2276 5041 et
2325 4985 2426 5040 Dei
2473 4985 2792 5056 profunda,
2853 4988 3148 5056 quantum
3177 4985 3443 5056 potestis
3492 4984 3595 5055 qui

1931 5081 2014 5132 est
2046 5091 2223 5130 carne
2271 5075 2537 5140 indutus,
2583 5089 2689 5144 per
2737 5073 2868 5145 ipsa
2911 5077 3276 5130 scrutantem
3318 5073 3592 5146 spiritum

1937 5165 2332 5228 cognovisset,
2367 5163 2582 5218 deinde
2629 5161 2864 5218 vinculo
2917 5161 3166 5228 solutus,
3217 5167 3374 5219 terra
3435 5165 3596 5218 terra;

1927 5253 2178 5310 libenter
2223 5251 2456 5320 tradita,
2490 5251 2564 5307 ad
2605 5253 2812 5318 Deum,
2845 5267 3027 5323 quem
3070 5249 3466 5316 desiderabat,
3509 5251 3595 5308 vir

1927 5341 2356 5398 desideriorum
2383 5340 2546 5404 abiit,
2569 5355 2706 5396 cum
2738 5339 2832 5396 his
2859 5339 3049 5396 tribus
3080 5345 3136 5396 et
3165 5339 3371 5396 amicis
3392 5341 3592 5412 pueris

1929 5435 1983 5487 et
2014 5430 2318 5502 prophetis
2361 5435 2650 5503 perpetuo
2681 5443 3066 5497 conversans,
3102 5433 3158 5485 et
3198 5443 3308 5484 nec
3351 5445 3386 5484 a
3417 5429 3592 5486 nobis

1927 5519 2192 5592 quidem,
2217 5519 2380 5590 quod
2404 5519 2480 5574 ad
2513 5517 2952 5574 defendendum
2973 5523 3028 5573 et
3044 5517 3464 5590 adjuvandum
3506 5523 3592 5576 at-

1925 5609 2090 5678 tinet,
2145 5609 2498 5665 abscedens.
2563 5609 2644 5665 Ad
2705 5609 2957 5680 gloriam
2989 5608 3174 5667 Patris
3241 5613 3298 5666 et
3348 5609 3475 5666 Filii
3539 5612 3595 5666 et
