  <div class='ocr_page' id='page_1' title='image "/cluster/home/n/w/nwhite01/storage/ocr_20150623/115/hvd.32044073502262/207.png"; bbox 0 0 4142 6196; ppageno 0'>
   <div class='ocr_carea' id='block_1_1' title="bbox 511 309 613 364">
    <p class='ocr_par' dir='ltr' id='par_1_1' title="bbox 511 309 613 364">
     <span class='ocr_line' id='line_1_1' title="bbox 511 309 613 364; baseline 0.01 -1"><span class='ocrx_word' id='word_1_1' title='bbox 511 309 613 364; x_wconf 76' lang='grc'><strong><em>403</em></strong></span> 
     </span>
    </p>
   </div>
   <div class='ocr_carea' id='block_1_2' title="bbox 1915 313 2480 375">
    <p class='ocr_par' dir='ltr' id='par_1_2' title="bbox 1915 313 2480 375">
     <span class='ocr_line' id='line_1_2' title="bbox 1915 313 2480 375; baseline 0 -3"><span class='ocrx_word' id='word_1_2' title='bbox 1915 313 2174 372; x_wconf 88' lang='lat' dir='ltr'><strong><em>MENSIS</em></strong></span> <span class='ocrx_word' id='word_1_3' title='bbox 2213 313 2480 375; x_wconf 86' lang='lat' dir='ltr'><strong><em>JULIUS.</em></strong></span> 
     </span>
    </p>
   </div>
   <div class='ocr_carea' id='block_1_3' title="bbox 3761 322 3859 378">
    <p class='ocr_par' dir='ltr' id='par_1_3' title="bbox 3761 322 3859 378">
     <span class='ocr_line' id='line_1_3' title="bbox 3761 322 3859 378; baseline 0.01 -1"><span class='ocrx_word' id='word_1_4' title='bbox 3761 322 3859 378; x_wconf 70' lang='grc'><strong><em>404</em></strong></span> 
     </span>
    </p>
   </div>
   <div class='ocr_carea' id='block_1_4' title="bbox 513 433 2191 517">
    <p class='ocr_par' dir='ltr' id='par_1_4' title="bbox 513 433 2170 510">
     <span class='ocr_line' id='line_1_4' title="bbox 513 433 2170 510; baseline 0.004 -19"><span class='ocrx_word' id='word_1_5' title='bbox 513 433 760 506; x_wconf 78' lang='lat' dir='ltr'><strong><em>Spiritus</em></strong></span> <span class='ocrx_word' id='word_1_6' title='bbox 812 435 1021 502; x_wconf 77' lang='lat' dir='ltr'><strong><em>sancti,</em></strong></span> <span class='ocrx_word' id='word_1_7' title='bbox 1071 439 1534 510; x_wconf 88' lang='lat' dir='ltr'><strong><em>supernaturalis</em></strong></span> <span class='ocrx_word' id='word_1_8' title='bbox 1563 439 1866 497; x_wconf 68' lang='lat' dir='ltr'><strong><em>etdivinaa</em></strong></span> <span class='ocrx_word' id='word_1_9' title='bbox 1919 440 2170 498; x_wconf 88' lang='lat' dir='ltr'><strong><em>Trinita-</em></strong></span> 
     </span>
    </p>
   </div>
   <div class='ocr_carea' id='block_1_5' title="bbox 2299 433 3859 517">
    <p class='ocr_par' dir='ltr' id='par_1_5' title="bbox 2299 437 3859 517">
     <span class='ocr_line' id='line_1_5' title="bbox 2299 437 3859 517; baseline 0.005 -27"><span class='ocrx_word' id='word_1_10' title='bbox 2299 449 2435 504; x_wconf 70' lang='grc' dir='ltr'><strong>ιυοῦς</strong></span> <span class='ocrx_word' id='word_1_11' title='bbox 2508 446 2596 494; x_wconf 87' lang='grc' dir='ltr'><strong><em>καὶ</em></strong></span> <span class='ocrx_word' id='word_1_12' title='bbox 2682 443 2822 503; x_wconf 84' lang='grc' dir='ltr'><strong>θείας</strong></span> <span class='ocrx_word' id='word_1_13' title='bbox 2897 437 3146 515; x_wconf 79' lang='grc' dir='ltr'><strong>Τριάδος,</strong></span> <span class='ocrx_word' id='word_1_14' title='bbox 3322 445 3507 517; x_wconf 86' lang='grc' dir='ltr'><strong>πρέπει</strong></span> <span class='ocrx_word' id='word_1_15' title='bbox 3589 449 3708 516; x_wconf 81' lang='grc' dir='ltr'><strong>τιμὴ</strong></span> <span class='ocrx_word' id='word_1_16' title='bbox 3774 451 3859 498; x_wconf 83' lang='grc' dir='ltr'><strong><em>καὶ</em></strong></span> 
     </span>
    </p>
   </div>
   <div class='ocr_carea' id='block_1_6' title="bbox 511 523 2168 597">
    <p class='ocr_par' dir='ltr' id='par_1_6' title="bbox 511 523 2168 597">
     <span class='ocr_line' id='line_1_6' title="bbox 511 523 2168 597; baseline 0.006 -20"><span class='ocrx_word' id='word_1_17' title='bbox 511 523 584 578; x_wconf 91' lang='lat' dir='ltr'><strong><em>tis</em></strong></span> <span class='ocrx_word' id='word_1_18' title='bbox 618 539 629 578; x_wconf 78' lang='grc' dir='ltr'><strong><em>ε</em></strong></span> <span class='ocrx_word' id='word_1_19' title='bbox 664 539 852 597; x_wconf 90' lang='lat' dir='ltr'><strong><em>quam</em></strong></span> <span class='ocrx_word' id='word_1_20' title='bbox 883 527 1051 583; x_wconf 82' lang='lat' dir='ltr'><strong><em>decet</em></strong></span> <span class='ocrx_word' id='word_1_21' title='bbox 1093 526 1288 585; x_wconf 80' lang='lat' dir='ltr'><strong><em>honor</em></strong></span> <span class='ocrx_word' id='word_1_22' title='bbox 1320 535 1377 586; x_wconf 94' lang='lat' dir='ltr'><strong><em>et</em></strong></span> <span class='ocrx_word' id='word_1_23' title='bbox 1405 530 1677 587; x_wconf 88' lang='lat' dir='ltr'><strong><em>adoratio</em></strong></span> <span class='ocrx_word' id='word_1_24' title='bbox 1726 530 1786 586; x_wconf 91' lang='lat' dir='ltr'><strong><em>in</em></strong></span> <span class='ocrx_word' id='word_1_25' title='bbox 1820 530 2041 587; x_wconf 73' lang='lat' dir='ltr'><strong><em>saecula</em></strong></span> <span class='ocrx_word' id='word_1_26' title='bbox 2067 546 2168 586; x_wconf 72' lang='lat' dir='ltr'><strong><em>sae-</em></strong></span> 
     </span>
    </p>
   </div>
   <div class='ocr_carea' id='block_1_7' title="bbox 509 612 1164 689">
    <p class='ocr_par' dir='ltr' id='par_1_7' title="bbox 509 612 1164 689">
     <span class='ocr_line' id='line_1_7' title="bbox 509 612 1164 689; baseline 0.002 -20"><span class='ocrx_word' id='word_1_27' title='bbox 509 612 803 670; x_wconf 91' lang='lat' dir='ltr'><strong><em>culorum.</em></strong></span> <span class='ocrx_word' id='word_1_28' title='bbox 844 617 1030 672; x_wconf 84' lang='lat' dir='ltr'><strong><em>Amen</em></strong></span> <span class='ocrx_word' id='word_1_29' title='bbox 1063 619 1164 689; x_wconf 87' lang='lat'><strong><em>(2).</em></strong></span> 
     </span>
    </p>
   </div>
   <div class='ocr_carea' id='block_1_8' title="bbox 584 793 2168 866">
    <p class='ocr_par' dir='ltr' id='par_1_8' title="bbox 584 793 2168 866">
     <span class='ocr_line' id='line_1_8' title="bbox 584 793 2168 866; baseline 0.007 -21"><span class='ocrx_word' id='word_1_30' title='bbox 584 793 667 866; x_wconf 12' lang='lat'><strong><em>(2)7</em></strong></span> <span class='ocrx_word' id='word_1_31' title='bbox 696 795 986 850; x_wconf 66' lang='lat' dir='ltr'><strong><em>Hamillus</em></strong></span> <span class='ocrx_word' id='word_1_32' title='bbox 1011 803 1091 851; x_wconf 85' lang='lat' dir='ltr'><strong><em>est</em></strong></span> <span class='ocrx_word' id='word_1_33' title='bbox 1109 795 1167 851; x_wconf 88' lang='lat' dir='ltr'><strong><em>S.</em></strong></span> <span class='ocrx_word' id='word_1_34' title='bbox 1193 799 1408 854; x_wconf 83' lang='lat' dir='ltr'><strong><em>Daniel</em></strong></span> <span class='ocrx_word' id='word_1_35' title='bbox 1433 799 1494 853; x_wconf 82' lang='lat' dir='ltr'><strong><em>in</em></strong></span> <span class='ocrx_word' id='word_1_36' title='bbox 1513 804 1773 866; x_wconf 77' lang='lat' dir='ltr'><strong><em>angusta</em></strong></span> <span class='ocrx_word' id='word_1_37' title='bbox 1793 814 2047 855; x_wconf 82' lang='lat' dir='ltr'><strong><em>caverna</em></strong></span> <span class='ocrx_word' id='word_1_38' title='bbox 2070 799 2168 855; x_wconf 83' lang='lat' dir='ltr'><strong><em>ho-</em></strong></span> 
     </span>
    </p>
   </div>
   <div class='ocr_carea' id='block_1_9' title="bbox 511 865 2171 938">
    <p class='ocr_par' dir='ltr' id='par_1_9' title="bbox 511 865 2171 938">
     <span class='ocr_line' id='line_1_9' title="bbox 511 865 2171 938; baseline 0.005 -20"><span class='ocrx_word' id='word_1_39' title='bbox 511 865 752 920; x_wconf 80' lang='lat' dir='ltr'><strong><em>noribus</em></strong></span> <span class='ocrx_word' id='word_1_40' title='bbox 771 870 1002 934; x_wconf 78' lang='lat' dir='ltr'><strong><em>magnis</em></strong></span> <span class='ocrx_word' id='word_1_41' title='bbox 1027 870 1085 921; x_wconf 76' lang='lat' dir='ltr'><strong><em>in</em></strong></span> <span class='ocrx_word' id='word_1_42' title='bbox 1111 869 1434 938; x_wconf 81' lang='lat' dir='ltr'><strong><em>Babylone,</em></strong></span> <span class='ocrx_word' id='word_1_43' title='bbox 1457 871 1556 926; x_wconf 78' lang='lat' dir='ltr'><strong><em>ubi</em></strong></span> <span class='ocrx_word' id='word_1_44' title='bbox 1573 865 1771 926; x_wconf 82' lang='lat' dir='ltr'><strong><em>adhuc</em></strong></span> <span class='ocrx_word' id='word_1_45' title='bbox 1787 887 1892 925; x_wconf 88' lang='lat' dir='ltr'><strong><em>suo</em></strong></span> <span class='ocrx_word' id='word_1_46' title='bbox 1912 879 2171 938; x_wconf 81' lang='lat' dir='ltr'><strong><em>tempore</em></strong></span> 
     </span>
    </p>
   </div>
   <div class='ocr_carea' id='block_1_10' title="bbox 512 939 2171 1009">
    <p class='ocr_par' dir='ltr' id='par_1_10' title="bbox 512 939 2171 1009">
     <span class='ocr_line' id='line_1_10' title="bbox 512 939 2171 1009; baseline 0.004 -19"><span class='ocrx_word' id='word_1_47' title='bbox 512 939 636 1005; x_wconf 85' lang='lat' dir='ltr'><strong><em>ejus</em></strong></span> <span class='ocrx_word' id='word_1_48' title='bbox 653 945 1091 994; x_wconf 83' lang='lat' dir='ltr'><strong><em>monumentum</em></strong></span> <span class='ocrx_word' id='word_1_49' title='bbox 1115 947 1350 997; x_wconf 74' lang='lat' dir='ltr'><strong><em>exstare</em></strong></span> <span class='ocrx_word' id='word_1_50' title='bbox 1363 942 1533 997; x_wconf 83' lang='lat' dir='ltr'><strong><em>habet</em></strong></span> <span class='ocrx_word' id='word_1_51' title='bbox 1551 942 1924 1009; x_wconf 75' lang='lat' dir='ltr'><strong><em>Epiphanius</em></strong></span> <span class='ocrx_word' id='word_1_52' title='bbox 1955 945 2030 996; x_wconf 90' lang='lat' dir='ltr'><strong><em>De</em></strong></span> <span class='ocrx_word' id='word_1_53' title='bbox 2051 946 2171 996; x_wconf 90' lang='lat' dir='ltr'><strong><em>vita</em></strong></span> 
     </span>
    </p>
   </div>
   <div class='ocr_carea' id='block_1_11' title="bbox 514 1009 2167 1082">
    <p class='ocr_par' dir='ltr' id='par_1_11' title="bbox 514 1009 2167 1082">
     <span class='ocr_line' id='line_1_11' title="bbox 514 1009 2167 1082; baseline 0.004 -21"><span class='ocrx_word' id='word_1_54' title='bbox 514 1009 960 1082; x_wconf 83' lang='lat' dir='ltr'><strong><em>prophetarum,</em></strong></span> <span class='ocrx_word' id='word_1_55' title='bbox 991 1027 1123 1081; x_wconf 84' lang='lat' dir='ltr'><strong><em>cap.</em></strong></span> <span class='ocrx_word' id='word_1_56' title='bbox 1167 1016 1244 1076; x_wconf 91' lang='lat' dir='ltr'><strong><em>l0,</em></strong></span> <span class='ocrx_word' id='word_1_57' title='bbox 1296 1011 1352 1066; x_wconf 86' lang='lat' dir='ltr'><strong><em>iu</em></strong></span> <span class='ocrx_word' id='word_1_58' title='bbox 1388 1013 1524 1067; x_wconf 84' lang='lat' dir='ltr'><strong><em>ﬁne.</em></strong></span> <span class='ocrx_word' id='word_1_59' title='bbox 1575 1014 1722 1068; x_wconf 83' lang='lat' dir='ltr'><strong><em>Inde</em></strong></span> <span class='ocrx_word' id='word_1_60' title='bbox 1774 1029 1910 1068; x_wconf 75' lang='lat' dir='ltr'><strong><em>vero</em></strong></span> <span class='ocrx_word' id='word_1_61' title='bbox 1959 1017 2084 1082; x_wconf 83' lang='lat' dir='ltr'><strong><em>ejus</em></strong></span> <span class='ocrx_word' id='word_1_62' title='bbox 2116 1020 2167 1069; x_wconf 88' lang='lat' dir='ltr'><strong><em>et</em></strong></span> 
     </span>
    </p>
   </div>
   <div class='ocr_carea' id='block_1_12' title="bbox 514 1079 2172 1154">
    <p class='ocr_par' dir='ltr' id='par_1_12' title="bbox 514 1079 2172 1154">
     <span class='ocr_line' id='line_1_12' title="bbox 514 1079 2172 1154; baseline 0.004 -21"><span class='ocrx_word' id='word_1_63' title='bbox 514 1079 688 1134; x_wconf 84' lang='lat' dir='ltr'><strong><em>trium</em></strong></span> <span class='ocrx_word' id='word_1_64' title='bbox 699 1097 1008 1150; x_wconf 83' lang='lat' dir='ltr'><strong><em>puerorum</em></strong></span> <span class='ocrx_word' id='word_1_65' title='bbox 1024 1079 1285 1154; x_wconf 70' lang='lat' dir='ltr'><strong><em>reliquiae</em></strong></span> <span class='ocrx_word' id='word_1_66' title='bbox 1299 1086 1746 1140; x_wconf 70' lang='lat' dir='ltr'><strong><em>translatzesunt</em></strong></span> <span class='ocrx_word' id='word_1_67' title='bbox 1762 1079 2172 1141; x_wconf 70' lang='lat' dir='ltr'><strong><em>Alexandriam</em></strong></span> 
     </span>
    </p>
   </div>
   <div class='ocr_carea' id='block_1_13' title="bbox 2276 531 3686 605">
    <p class='ocr_par' dir='ltr' id='par_1_13' title="bbox 2276 531 3686 605">
     <span class='ocr_line' id='line_1_13' title="bbox 2276 531 3686 605; baseline 0.002 -21"><span class='ocrx_word' id='word_1_68' title='bbox 2276 535 2634 604; x_wconf 81' lang='grc' dir='ltr'><strong>προσκύνησις</strong></span> <span class='ocrx_word' id='word_1_69' title='bbox 2659 531 2726 592; x_wconf 87' lang='grc' dir='ltr'><strong>εὶς</strong></span> <span class='ocrx_word' id='word_1_70' title='bbox 2758 535 2874 591; x_wconf 82' lang='grc' dir='ltr'><strong>τοὺς</strong></span> <span class='ocrx_word' id='word_1_71' title='bbox 2905 531 3094 593; x_wconf 82' lang='grc' dir='ltr'><strong>αἰῶνας</strong></span> <span class='ocrx_word' id='word_1_72' title='bbox 3119 540 3218 584; x_wconf 86' lang='grc' dir='ltr'><strong><em>τῶν</em></strong></span> <span class='ocrx_word' id='word_1_73' title='bbox 3249 531 3465 585; x_wconf 83' lang='grc' dir='ltr'><strong><em>αἰώνων.</em></strong></span> <span class='ocrx_word' id='word_1_74' title='bbox 3505 533 3686 605; x_wconf 77' lang='grc' dir='ltr'><strong>Ἀμήν.</strong></span> 
     </span>
    </p>
   </div>
   <div class='ocr_carea' id='block_1_14' title="bbox 2277 800 3862 871">
    <p class='ocr_par' dir='ltr' id='par_1_14' title="bbox 2277 800 3862 871">
     <span class='ocr_line' id='line_1_14' title="bbox 2277 800 3862 871; baseline 0.001 -15"><span class='ocrx_word' id='word_1_75' title='bbox 2277 807 2332 856; x_wconf 86' lang='lat' dir='ltr'><strong><em>et</em></strong></span> <span class='ocrx_word' id='word_1_76' title='bbox 2374 816 2433 854; x_wconf 84' lang='grc' dir='ltr'><strong><em>ιη</em></strong></span> <span class='ocrx_word' id='word_1_77' title='bbox 2465 800 2767 856; x_wconf 84' lang='lat' dir='ltr'><strong><em>ecclesiam</em></strong></span> <span class='ocrx_word' id='word_1_78' title='bbox 2799 802 2899 857; x_wconf 89' lang='lat' dir='ltr'><strong><em>SS.</em></strong></span> <span class='ocrx_word' id='word_1_79' title='bbox 2933 805 3177 859; x_wconf 76' lang='lat' dir='ltr'><strong><em>Joannis</em></strong></span> <span class='ocrx_word' id='word_1_80' title='bbox 3204 809 3258 859; x_wconf 85' lang='lat' dir='ltr'><strong><em>et</em></strong></span> <span class='ocrx_word' id='word_1_81' title='bbox 3287 803 3434 871; x_wconf 81' lang='lat' dir='ltr'><strong><em>Cyri</em></strong></span> <span class='ocrx_word' id='word_1_82' title='bbox 3460 801 3687 867; x_wconf 66' lang='lat' dir='ltr'><strong><em>posiae.</em></strong></span> <span class='ocrx_word' id='word_1_83' title='bbox 3724 802 3862 858; x_wconf 85' lang='lat' dir='ltr'><strong><em>Eas-</em></strong></span> 
     </span>
    </p>
   </div>
   <div class='ocr_carea' id='block_1_15' title="bbox 2278 872 3864 943">
    <p class='ocr_par' dir='ltr' id='par_1_15' title="bbox 2278 872 3864 943">
     <span class='ocr_line' id='line_1_15' title="bbox 2278 872 3864 943; baseline 0.001 -16"><span class='ocrx_word' id='word_1_84' title='bbox 2278 873 2407 927; x_wconf 84' lang='lat' dir='ltr'><strong><em>dem</em></strong></span> <span class='ocrx_word' id='word_1_85' title='bbox 2436 873 2690 927; x_wconf 78' lang='lat' dir='ltr'><strong><em>Venetias</em></strong></span> <span class='ocrx_word' id='word_1_86' title='bbox 2714 875 3051 929; x_wconf 76' lang='lat' dir='ltr'><strong><em>translatas</em></strong></span> <span class='ocrx_word' id='word_1_87' title='bbox 3076 891 3214 943; x_wconf 88' lang='lat' dir='ltr'><strong><em>esse,</em></strong></span> <span class='ocrx_word' id='word_1_88' title='bbox 3240 882 3290 930; x_wconf 80' lang='lat' dir='ltr'><strong><em>et</em></strong></span> <span class='ocrx_word' id='word_1_89' title='bbox 3307 890 3438 928; x_wconf 74' lang='lat' dir='ltr'><strong><em>crus</em></strong></span> <span class='ocrx_word' id='word_1_90' title='bbox 3458 872 3710 937; x_wconf 81' lang='lat' dir='ltr'><strong><em>Danielis</em></strong></span> <span class='ocrx_word' id='word_1_91' title='bbox 3738 874 3864 930; x_wconf 84' lang='lat' dir='ltr'><strong><em>Ver-</em></strong></span> 
     </span>
    </p>
   </div>
   <div class='ocr_carea' id='block_1_16' title="bbox 2280 943 3866 1014">
    <p class='ocr_par' dir='ltr' id='par_1_16' title="bbox 2280 943 3866 1014">
     <span class='ocr_line' id='line_1_16' title="bbox 2280 943 3866 1014; baseline 0 -16"><span class='ocrx_word' id='word_1_92' title='bbox 2280 943 2465 1007; x_wconf 77' lang='lat' dir='ltr'><strong><em>cellis,</em></strong></span> <span class='ocrx_word' id='word_1_93' title='bbox 2499 949 2552 998; x_wconf 82' lang='lat' dir='ltr'><strong><em>et</em></strong></span> <span class='ocrx_word' id='word_1_94' title='bbox 2579 959 2857 1013; x_wconf 81' lang='lat' dir='ltr'><strong><em>magnam</em></strong></span> <span class='ocrx_word' id='word_1_95' title='bbox 2891 945 3068 1001; x_wconf 84' lang='lat' dir='ltr'><strong><em>trium</em></strong></span> <span class='ocrx_word' id='word_1_96' title='bbox 3107 961 3428 1014; x_wconf 78' lang='lat' dir='ltr'><strong><em>puerorum</em></strong></span> <span class='ocrx_word' id='word_1_97' title='bbox 3457 960 3757 999; x_wconf 78' lang='lat' dir='ltr'><strong><em>sacrorum</em></strong></span> <span class='ocrx_word' id='word_1_98' title='bbox 3783 946 3866 1012; x_wconf 81' lang='lat' dir='ltr'><strong><em>pi-</em></strong></span> 
     </span>
    </p>
   </div>
   <div class='ocr_carea' id='block_1_17' title="bbox 2279 1015 3864 1086">
    <p class='ocr_par' dir='ltr' id='par_1_17' title="bbox 2279 1015 3864 1086">
     <span class='ocr_line' id='line_1_17' title="bbox 2279 1015 3864 1086; baseline 0.001 -17"><span class='ocrx_word' id='word_1_99' title='bbox 2279 1031 2531 1086; x_wconf 85' lang='lat' dir='ltr'><strong><em>gnorum</em></strong></span> <span class='ocrx_word' id='word_1_100' title='bbox 2549 1022 2780 1081; x_wconf 78' lang='lat' dir='ltr'><strong><em>partem</em></strong></span> <span class='ocrx_word' id='word_1_101' title='bbox 2796 1017 3062 1072; x_wconf 71' lang='lat' dir='ltr'><strong><em>Romaein</em></strong></span> <span class='ocrx_word' id='word_1_102' title='bbox 3076 1017 3348 1073; x_wconf 78' lang='lat' dir='ltr'><strong><em>diaconia</em></strong></span> <span class='ocrx_word' id='word_1_103' title='bbox 3361 1015 3679 1072; x_wconf 73' lang='lat' dir='ltr'><strong><em>S.Adriam’</em></strong></span> <span class='ocrx_word' id='word_1_104' title='bbox 3689 1031 3864 1072; x_wconf 83' lang='lat' dir='ltr'><strong><em>asser-</em></strong></span> 
     </span>
    </p>
   </div>
   <div class='ocr_carea' id='block_1_18' title="bbox 2282 1087 3863 1158">
    <p class='ocr_par' dir='ltr' id='par_1_18' title="bbox 2282 1087 3863 1158">
     <span class='ocr_line' id='line_1_18' title="bbox 2282 1087 3863 1158; baseline 0 -17"><span class='ocrx_word' id='word_1_105' title='bbox 2282 1087 2425 1152; x_wconf 84' lang='lat' dir='ltr'><strong><em>vari,</em></strong></span> <span class='ocrx_word' id='word_1_106' title='bbox 2436 1089 2518 1142; x_wconf 78' lang='lat' dir='ltr'><strong><em>ait</em></strong></span> <span class='ocrx_word' id='word_1_107' title='bbox 2535 1087 2814 1143; x_wconf 77' lang='lat' dir='ltr'><strong><em>Baronius</em></strong></span> <span class='ocrx_word' id='word_1_108' title='bbox 2830 1090 2886 1143; x_wconf 83' lang='grc' dir='ltr'><strong><em>ιή</em></strong></span> <span class='ocrx_word' id='word_1_109' title='bbox 2900 1089 3052 1145; x_wconf 80' lang='lat' dir='ltr'><strong><em>nolis</em></strong></span> <span class='ocrx_word' id='word_1_110' title='bbox 3065 1090 3145 1145; x_wconf 86' lang='lat' dir='ltr'><strong><em>ad</em></strong></span> <span class='ocrx_word' id='word_1_111' title='bbox 3157 1087 3638 1158; x_wconf 74' lang='lat' dir='ltr'><strong><em>Martyrologium</em></strong></span> <span class='ocrx_word' id='word_1_112' title='bbox 3654 1087 3743 1142; x_wconf 84' lang='lat' dir='ltr'><strong><em>hoc</em></strong></span> <span class='ocrx_word' id='word_1_113' title='bbox 3761 1088 3863 1142; x_wconf 81' lang='lat' dir='ltr'><strong><em>die.</em></strong></span> 
     </span>
    </p>
   </div>
   <div class='ocr_carea' id='block_1_19' title="bbox 1751 1409 2632 1529">
    <p class='ocr_par' dir='ltr' id='par_1_19' title="bbox 1751 1409 2632 1529">
     <span class='ocr_line' id='line_1_19' title="bbox 1751 1409 2632 1529; baseline 0.001 -7"><span class='ocrx_word' id='word_1_114' title='bbox 1751 1409 2632 1529; x_wconf 88' lang='grc' dir='ltr'><strong><em>ΜΑΡΤΥΡΙΟΝ</em></strong></span> 
     </span>
    </p>
   </div>
   <div class='ocr_carea' id='block_1_20' title="bbox 887 1595 3481 1693">
    <p class='ocr_par' dir='ltr' id='par_1_20' title="bbox 887 1595 3481 1693">
     <span class='ocr_line' id='line_1_20' title="bbox 887 1595 3481 1693; baseline 0.002 -9"><span class='ocrx_word' id='word_1_115' title='bbox 887 1602 1119 1690; x_wconf 89' lang='grc' dir='ltr'><strong><em>ΤΟΥ</em></strong></span> <span class='ocrx_word' id='word_1_116' title='bbox 1172 1600 1520 1689; x_wconf 89' lang='grc' dir='ltr'><strong><em>ΑΓΙΟΥ</em></strong></span> <span class='ocrx_word' id='word_1_117' title='bbox 1577 1605 1778 1689; x_wconf 83' lang='grc' dir='ltr'><strong><em>ΚΑΙ</em></strong></span> <span class='ocrx_word' id='word_1_118' title='bbox 1843 1595 2372 1690; x_wconf 87' lang='grc' dir='ltr'><strong><em>ΕΝΔΟΞΟΥ</em></strong></span> <span class='ocrx_word' id='word_1_119' title='bbox 2429 1604 3481 1693; x_wconf 77' lang='grc' dir='ltr'><strong><em>ΜΕΓΑΛΟΜΑΡΤΥΡΟΣ</em></strong></span> 
     </span>
    </p>
   </div>
   <div class='ocr_carea' id='block_1_21' title="bbox 1537 1759 2859 1940">
    <p class='ocr_par' dir='ltr' id='par_1_21' title="bbox 1537 1759 2859 1940">
     <span class='ocr_line' id='line_1_21' title="bbox 1537 1759 2859 1940; baseline 0.002 -1"><span class='ocrx_word' id='word_1_120' title='bbox 1537 1759 2859 1940; x_wconf 74' lang='grc' dir='ltr'><strong><em>ΠᾺΑΤΩΝΟΣ.</em></strong></span> 
     </span>
    </p>
   </div>
   <div class='ocr_carea' id='block_1_22' title="bbox 1766 2031 2647 2247">
    <p class='ocr_par' dir='ltr' id='par_1_22' title="bbox 1766 2031 2647 2247">
     <span class='ocr_line' id='line_1_22' title="bbox 1766 2031 2647 2247; baseline 0.005 -5"><span class='ocrx_word' id='word_1_121' title='bbox 1766 2031 2647 2247; x_wconf 55' lang='grc' dir='ltr'><strong><em>ΜΑΒΤῨΒΙΠΜ</em></strong></span> 
     </span>
    </p>
   </div>
   <div class='ocr_carea' id='block_1_23' title="bbox 1082 2390 3384 2493">
    <p class='ocr_par' dir='ltr' id='par_1_23' title="bbox 1082 2390 3384 2493">
     <span class='ocr_line' id='line_1_23' title="bbox 1082 2390 3384 2493; baseline 0.003 -6"><span class='ocrx_word' id='word_1_122' title='bbox 1082 2394 1541 2489; x_wconf 83' lang='lat' dir='ltr'><strong><em>SANCTI</em></strong></span> <span class='ocrx_word' id='word_1_123' title='bbox 1657 2399 1820 2488; x_wconf 87' lang='lat' dir='ltr'><strong>ET</strong></span> <span class='ocrx_word' id='word_1_124' title='bbox 1933 2398 2553 2493; x_wconf 81' lang='lat' dir='ltr'><strong><em>GLORIOSI</em></strong></span> <span class='ocrx_word' id='word_1_125' title='bbox 2668 2390 3384 2493; x_wconf 24' lang='lat' dir='ltr'><strong><em>MABTYBIS&#39;</em></strong></span> 
     </span>
    </p>
   </div>
   <div class='ocr_carea' id='block_1_24' title="bbox 1530 2601 2860 2788">
    <p class='ocr_par' dir='ltr' id='par_1_24' title="bbox 1530 2601 2860 2788">
     <span class='ocr_line' id='line_1_24' title="bbox 1530 2601 2860 2788; baseline 0.003 -4"><span class='ocrx_word' id='word_1_126' title='bbox 1530 2601 2860 2788; x_wconf 83' lang='lat' dir='ltr'><strong><em>PLATONIS.</em></strong></span> 
     </span>
    </p>
   </div>
   <div class='ocr_carea' id='block_1_25' title="bbox 726 2853 2191 2979">
    <p class='ocr_par' dir='ltr' id='par_1_25' title="bbox 726 2853 2191 2969">
     <span class='ocr_line' id='line_1_25' title="bbox 726 2853 2191 2969; baseline 0.001 -67"><span class='ocrx_word' id='word_1_127' title='bbox 726 2854 928 2914; x_wconf 80' lang='lat' dir='ltr'><strong><em>(Latine</em></strong></span> <span class='ocrx_word' id='word_1_128' title='bbox 955 2854 1096 2917; x_wconf 88' lang='lat' dir='ltr'><strong><em>apud</em></strong></span> <span class='ocrx_word' id='word_1_129' title='bbox 1129 2854 1342 2906; x_wconf 90' lang='lat' dir='ltr'><strong><em>Surium</em></strong></span> <span class='ocrx_word' id='word_1_130' title='bbox 1377 2855 1441 2906; x_wconf 88' lang='lat' dir='ltr'><strong><em>ad</em></strong></span> <span class='ocrx_word' id='word_1_131' title='bbox 1474 2855 1616 2905; x_wconf 88' lang='lat' dir='ltr'><strong><em>diem</em></strong></span> <span class='ocrx_word' id='word_1_132' title='bbox 1645 2855 1705 2904; x_wconf 80' lang='lat'><strong><em>22</em></strong></span> <span class='ocrx_word' id='word_1_133' title='bbox 1733 2855 1862 2906; x_wconf 87' lang='lat' dir='ltr'><strong>Julii</strong></span> <span class='ocrx_word' id='word_1_134' title='bbox 1891 2870 1903 2914; x_wconf 89' lang='lat'>;</span> <span class='ocrx_word' id='word_1_135' title='bbox 1939 2853 2191 2969; x_wconf 52' lang='lat' dir='ltr'><strong><em>681::an</em></strong></span> 
     </span>
    </p>
   </div>
   <div class='ocr_carea' id='block_1_26' title="bbox 2299 2853 3706 2979">
    <p class='ocr_par' dir='ltr' id='par_1_26' title="bbox 2299 2854 3706 2979">
     <span class='ocr_line' id='line_1_26' title="bbox 2299 2854 3706 2979; baseline 0.001 -74"><span class='ocrx_word' id='word_1_136' title='bbox 2299 2854 2557 2979; x_wconf 51' lang='lat' dir='ltr'><strong><em>Dprximum</em></strong></span> <span class='ocrx_word' id='word_1_137' title='bbox 2591 2855 2858 2918; x_wconf 89' lang='lat' dir='ltr'><strong><em>prodeunt</em></strong></span> <span class='ocrx_word' id='word_1_138' title='bbox 2893 2869 2956 2906; x_wconf 86' lang='lat' dir='ltr'><strong><em>ex</em></strong></span> <span class='ocrx_word' id='word_1_139' title='bbox 2985 2855 3101 2906; x_wconf 92' lang='lat' dir='ltr'><strong><em>cod.</em></strong></span> <span class='ocrx_word' id='word_1_140' title='bbox 3141 2870 3243 2909; x_wconf 87' lang='lat' dir='ltr'><strong><em>ms.</em></strong></span> <span class='ocrx_word' id='word_1_141' title='bbox 3287 2856 3454 2906; x_wconf 86' lang='lat' dir='ltr'><strong><em>Paris.</em></strong></span> <span class='ocrx_word' id='word_1_142' title='bbox 3487 2872 3540 2907; x_wconf 91' lang='lat' dir='ltr'><strong><em>n.</em></strong></span> <span class='ocrx_word' id='word_1_143' title='bbox 3572 2859 3706 2919; x_wconf 82' lang='lat' dir='ltr'><strong><em>i539,</em></strong></span> 
     </span>
    </p>
   </div>
   <div class='ocr_carea' id='block_1_27' title="bbox 601 3155 2272 3228">
    <p class='ocr_par' dir='ltr' id='par_1_27' title="bbox 601 3155 2272 3228">
     <span class='ocr_line' id='line_1_27' title="bbox 601 3155 2272 3228; baseline -0.001 -17"><span class='ocrx_word' id='word_1_144' title='bbox 601 3157 644 3212; x_wconf 91' lang='grc' dir='ltr'><strong><em>Ι.</em></strong></span> <span class='ocrx_word' id='word_1_145' title='bbox 672 3158 798 3212; x_wconf 89' lang='lat' dir='ltr'><strong><em>Non</em></strong></span> <span class='ocrx_word' id='word_1_146' title='bbox 827 3171 964 3212; x_wconf 93' lang='lat' dir='ltr'><strong><em>sum</em></strong></span> <span class='ocrx_word' id='word_1_147' title='bbox 1000 3170 1155 3211; x_wconf 86' lang='lat' dir='ltr'><strong><em>nova</em></strong></span> <span class='ocrx_word' id='word_1_148' title='bbox 1182 3155 1449 3211; x_wconf 91' lang='lat' dir='ltr'><strong><em>dicturus</em></strong></span> <span class='ocrx_word' id='word_1_149' title='bbox 1479 3157 1553 3211; x_wconf 88' lang='lat' dir='ltr'><strong><em>de</em></strong></span> <span class='ocrx_word' id='word_1_150' title='bbox 1585 3155 1821 3224; x_wconf 87' lang='lat' dir='ltr'><strong><em>Galatis,</em></strong></span> <span class='ocrx_word' id='word_1_151' title='bbox 1849 3171 2038 3228; x_wconf 89' lang='lat' dir='ltr'><strong><em>neque</em></strong></span> <span class='ocrx_word' id='word_1_152' title='bbox 2061 3157 2198 3212; x_wconf 89' lang='lat' dir='ltr'><strong><em>alie-</em></strong></span> <span class='ocrx_word' id='word_1_153' title='bbox 2229 3155 2272 3209; x_wconf 90' lang='grc' dir='ltr'>Β</span> 
     </span>
    </p>
   </div>
   <div class='ocr_carea' id='block_1_28' title="bbox 531 3244 2195 3317">
    <p class='ocr_par' dir='ltr' id='par_1_28' title="bbox 531 3244 2195 3317">
     <span class='ocr_line' id='line_1_28' title="bbox 531 3244 2195 3317; baseline 0.002 -21"><span class='ocrx_word' id='word_1_154' title='bbox 531 3260 606 3300; x_wconf 89' lang='lat' dir='ltr'><strong><em>na</em></strong></span> <span class='ocrx_word' id='word_1_155' title='bbox 631 3244 707 3300; x_wconf 89' lang='lat' dir='ltr'><strong><em>ab</em></strong></span> <span class='ocrx_word' id='word_1_156' title='bbox 735 3245 803 3299; x_wconf 91' lang='lat' dir='ltr'><strong><em>iis</em></strong></span> <span class='ocrx_word' id='word_1_157' title='bbox 834 3245 937 3317; x_wconf 86' lang='lat' dir='ltr'><strong><em>qui</em></strong></span> <span class='ocrx_word' id='word_1_158' title='bbox 968 3248 1267 3316; x_wconf 83' lang='lat' dir='ltr'><strong><em>Ancyram</em></strong></span> <span class='ocrx_word' id='word_1_159' title='bbox 1306 3245 1611 3301; x_wconf 87' lang='lat' dir='ltr'><strong><em>habitant:</em></strong></span> <span class='ocrx_word' id='word_1_160' title='bbox 1647 3261 1755 3301; x_wconf 90' lang='lat' dir='ltr'><strong><em>nec</em></strong></span> <span class='ocrx_word' id='word_1_161' title='bbox 1782 3245 1975 3300; x_wconf 89' lang='lat' dir='ltr'><strong><em>dicam</em></strong></span> <span class='ocrx_word' id='word_1_162' title='bbox 2011 3247 2195 3301; x_wconf 89' lang='lat' dir='ltr'><strong><em>incre-</em></strong></span> 
     </span>
    </p>
   </div>
   <div class='ocr_carea' id='block_1_29' title="bbox 532 3333 2194 3399">
    <p class='ocr_par' dir='ltr' id='par_1_29' title="bbox 532 3333 2194 3399">
     <span class='ocr_line' id='line_1_29' title="bbox 532 3333 2194 3399; baseline 0.002 -10"><span class='ocrx_word' id='word_1_163' title='bbox 532 3333 738 3389; x_wconf 91' lang='lat' dir='ltr'><strong><em>dibilia</em></strong></span> <span class='ocrx_word' id='word_1_164' title='bbox 763 3333 836 3390; x_wconf 93' lang='lat' dir='ltr'><strong><em>de</em></strong></span> <span class='ocrx_word' id='word_1_165' title='bbox 868 3333 1227 3399; x_wconf 83' lang='lat' dir='ltr'><strong><em>confessore,</em></strong></span> <span class='ocrx_word' id='word_1_166' title='bbox 1253 3337 1309 3389; x_wconf 93' lang='lat' dir='ltr'><strong><em>et</em></strong></span> <span class='ocrx_word' id='word_1_167' title='bbox 1335 3349 1406 3390; x_wconf 91' lang='lat' dir='ltr'><strong><em>eo</em></strong></span> <span class='ocrx_word' id='word_1_168' title='bbox 1437 3333 1530 3390; x_wconf 92' lang='lat' dir='ltr'><strong><em>cui</em></strong></span> <span class='ocrx_word' id='word_1_169' title='bbox 1573 3334 1821 3390; x_wconf 87' lang='lat' dir='ltr'><strong><em>verbum</em></strong></span> <span class='ocrx_word' id='word_1_170' title='bbox 1865 3335 1960 3390; x_wconf 89' lang='lat' dir='ltr'><strong><em>Dei</em></strong></span> <span class='ocrx_word' id='word_1_171' title='bbox 2002 3335 2194 3394; x_wconf 83' lang='lat' dir='ltr'><strong><em>fuerat</em></strong></span> 
     </span>
    </p>
   </div>
   <div class='ocr_carea' id='block_1_30' title="bbox 530 3421 2192 3488">
    <p class='ocr_par' dir='ltr' id='par_1_30' title="bbox 530 3421 2192 3488">
     <span class='ocr_line' id='line_1_30' title="bbox 530 3421 2192 3488; baseline 0.001 -10"><span class='ocrx_word' id='word_1_172' title='bbox 530 3421 942 3479; x_wconf 91' lang='lat' dir='ltr'><strong><em>commissum.</em></strong></span> <span class='ocrx_word' id='word_1_173' title='bbox 968 3422 1155 3478; x_wconf 86' lang='lat' dir='ltr'><strong><em>Stulte</em></strong></span> <span class='ocrx_word' id='word_1_174' title='bbox 1193 3423 1352 3480; x_wconf 90' lang='lat' dir='ltr'><strong><em>enim</em></strong></span> <span class='ocrx_word' id='word_1_175' title='bbox 1385 3422 1646 3479; x_wconf 86' lang='lat' dir='ltr'><strong><em>fecerunt</em></strong></span> <span class='ocrx_word' id='word_1_176' title='bbox 1680 3423 1919 3488; x_wconf 69' lang='lat' dir='ltr'><strong><em>Galataa,</em></strong></span> <span class='ocrx_word' id='word_1_177' title='bbox 1953 3428 2014 3479; x_wconf 91' lang='lat' dir='ltr'><strong><em>ut</em></strong></span> <span class='ocrx_word' id='word_1_178' title='bbox 2043 3440 2192 3480; x_wconf 91' lang='lat' dir='ltr'><strong><em>con-</em></strong></span> 
     </span>
    </p>
   </div>
   <div class='ocr_carea' id='block_1_31' title="bbox 532 3511 2186 3580">
    <p class='ocr_par' dir='ltr' id='par_1_31' title="bbox 532 3511 2186 3580">
     <span class='ocr_line' id='line_1_31' title="bbox 532 3511 2186 3580; baseline 0.001 -14"><span class='ocrx_word' id='word_1_179' title='bbox 532 3516 848 3574; x_wconf 83' lang='lat' dir='ltr'><strong><em>sueverant</em></strong></span> <span class='ocrx_word' id='word_1_180' title='bbox 880 3529 891 3566; x_wconf 91' lang='lat'>:</span> <span class='ocrx_word' id='word_1_181' title='bbox 926 3511 1035 3567; x_wconf 86' lang='lat' dir='ltr'><strong><em>fuit</em></strong></span> <span class='ocrx_word' id='word_1_182' title='bbox 1067 3516 1264 3568; x_wconf 89' lang='lat' dir='ltr'><strong><em>autem</em></strong></span> <span class='ocrx_word' id='word_1_183' title='bbox 1303 3511 1463 3568; x_wconf 80' lang='lat' dir='ltr'><strong><em>Plato</em></strong></span> <span class='ocrx_word' id='word_1_184' title='bbox 1504 3528 1709 3569; x_wconf 83' lang='lat' dir='ltr'><strong><em>revera</em></strong></span> <span class='ocrx_word' id='word_1_185' title='bbox 1749 3513 2186 3580; x_wconf 88' lang='lat' dir='ltr'><strong><em>sanctissimus,</em></strong></span> 
     </span>
    </p>
   </div>
   <div class='ocr_carea' id='block_1_32' title="bbox 530 3599 2189 3675">
    <p class='ocr_par' dir='ltr' id='par_1_32' title="bbox 530 3599 2189 3675">
     <span class='ocr_line' id='line_1_32' title="bbox 530 3599 2189 3675; baseline 0.004 -21"><span class='ocrx_word' id='word_1_186' title='bbox 530 3600 633 3673; x_wconf 91' lang='lat' dir='ltr'><strong>qui</strong></span> <span class='ocrx_word' id='word_1_187' title='bbox 675 3600 789 3656; x_wconf 87' lang='lat' dir='ltr'><strong>sibi</strong></span> <span class='ocrx_word' id='word_1_188' title='bbox 821 3601 919 3658; x_wconf 89' lang='lat' dir='ltr'><strong><em>Dei</em></strong></span> <span class='ocrx_word' id='word_1_189' title='bbox 960 3599 1245 3657; x_wconf 88' lang='lat' dir='ltr'><strong><em>creditam</em></strong></span> <span class='ocrx_word' id='word_1_190' title='bbox 1285 3601 1549 3659; x_wconf 83' lang='lat' dir='ltr'><strong><em>habebat</em></strong></span> <span class='ocrx_word' id='word_1_191' title='bbox 1586 3604 1940 3675; x_wconf 85' lang='lat' dir='ltr'><strong><em>sapientiam</em></strong></span> <span class='ocrx_word' id='word_1_192' title='bbox 1977 3622 1988 3658; x_wconf 91' lang='lat'><strong>:</strong></span> <span class='ocrx_word' id='word_1_193' title='bbox 2025 3609 2081 3659; x_wconf 91' lang='lat' dir='ltr'><strong><em>et</em></strong></span> <span class='ocrx_word' id='word_1_194' title='bbox 2119 3619 2189 3660; x_wconf 89' lang='lat' dir='ltr'><strong><em>ea</em></strong></span> 
     </span>
    </p>
   </div>
   <div class='ocr_carea' id='block_1_33' title="bbox 532 3690 2189 3765">
    <p class='ocr_par' dir='ltr' id='par_1_33' title="bbox 532 3690 2189 3765">
     <span class='ocr_line' id='line_1_33' title="bbox 532 3690 2189 3765; baseline 0.001 -19"><span class='ocrx_word' id='word_1_195' title='bbox 532 3705 750 3762; x_wconf 88' lang='lat' dir='ltr'><strong><em>passus</em></strong></span> <span class='ocrx_word' id='word_1_196' title='bbox 789 3695 876 3746; x_wconf 91' lang='lat' dir='ltr'><strong><em>est</em></strong></span> <span class='ocrx_word' id='word_1_197' title='bbox 923 3706 958 3745; x_wconf 88' lang='lat' dir='ltr'><strong><em>a</em></strong></span> <span class='ocrx_word' id='word_1_198' title='bbox 1011 3690 1247 3756; x_wconf 88' lang='lat' dir='ltr'><strong><em>Galatis,</em></strong></span> <span class='ocrx_word' id='word_1_199' title='bbox 1280 3707 1416 3763; x_wconf 72' lang='lat' dir='ltr'><strong><em>quae</em></strong></span> <span class='ocrx_word' id='word_1_200' title='bbox 1471 3690 1810 3748; x_wconf 71' lang='lat' dir='ltr'><strong><em>confessore</em></strong></span> <span class='ocrx_word' id='word_1_201' title='bbox 1852 3692 1972 3765; x_wconf 89' lang='lat' dir='ltr'><strong><em>pati</em></strong></span> <span class='ocrx_word' id='word_1_202' title='bbox 2019 3692 2189 3764; x_wconf 90' lang='lat' dir='ltr'><strong><em>jubet</em></strong></span> 
     </span>
    </p>
   </div>
   <div class='ocr_carea' id='block_1_34' title="bbox 531 3779 2191 3852">
    <p class='ocr_par' dir='ltr' id='par_1_34' title="bbox 531 3779 2191 3852">
     <span class='ocr_line' id='line_1_34' title="bbox 531 3779 2191 3852; baseline 0.001 -18"><span class='ocrx_word' id='word_1_203' title='bbox 531 3779 624 3835; x_wconf 85' lang='lat' dir='ltr'><strong><em>lex</em></strong></span> <span class='ocrx_word' id='word_1_204' title='bbox 647 3779 877 3836; x_wconf 86' lang='lat' dir='ltr'><strong><em>Christi.</em></strong></span> <span class='ocrx_word' id='word_1_205' title='bbox 906 3780 1050 3834; x_wconf 90' lang='lat' dir='ltr'><strong><em>Eum</em></strong></span> <span class='ocrx_word' id='word_1_206' title='bbox 1076 3780 1236 3835; x_wconf 90' lang='lat' dir='ltr'><strong><em>enim</em></strong></span> <span class='ocrx_word' id='word_1_207' title='bbox 1262 3785 1504 3852; x_wconf 87' lang='lat' dir='ltr'><strong><em>captum</em></strong></span> <span class='ocrx_word' id='word_1_208' title='bbox 1537 3781 1673 3837; x_wconf 63' lang='lat' dir='ltr'><strong><em>saevi</em></strong></span> <span class='ocrx_word' id='word_1_209' title='bbox 1695 3786 1751 3836; x_wconf 87' lang='lat' dir='ltr'><strong><em>et</em></strong></span> <span class='ocrx_word' id='word_1_210' title='bbox 1776 3781 2191 3838; x_wconf 85' lang='lat' dir='ltr'><strong><em>immisericor-</em></strong></span> 
     </span>
    </p>
   </div>
   <div class='ocr_carea' id='block_1_35' title="bbox 532 3868 2187 3944">
    <p class='ocr_par' dir='ltr' id='par_1_35' title="bbox 532 3868 2187 3944">
     <span class='ocr_line' id='line_1_35' title="bbox 532 3868 2187 3944; baseline 0.001 -20"><span class='ocrx_word' id='word_1_211' title='bbox 532 3868 639 3925; x_wconf 89' lang='lat' dir='ltr'><strong><em>des</em></strong></span> <span class='ocrx_word' id='word_1_212' title='bbox 685 3869 1069 3942; x_wconf 88' lang='lat' dir='ltr'><strong><em>conjecerunt</em></strong></span> <span class='ocrx_word' id='word_1_213' title='bbox 1097 3869 1155 3925; x_wconf 93' lang='lat' dir='ltr'><strong><em>in</em></strong></span> <span class='ocrx_word' id='word_1_214' title='bbox 1201 3885 1520 3936; x_wconf 89' lang='lat' dir='ltr'><strong><em>carcerem,</em></strong></span> <span class='ocrx_word' id='word_1_215' title='bbox 1564 3875 1628 3928; x_wconf 88' lang='lat' dir='ltr'><strong><em>ut</em></strong></span> <span class='ocrx_word' id='word_1_216' title='bbox 1655 3871 1759 3944; x_wconf 88' lang='lat' dir='ltr'><strong>qui</strong></span> <span class='ocrx_word' id='word_1_217' title='bbox 1807 3871 2054 3926; x_wconf 89' lang='lat' dir='ltr'><strong>verbum</strong></span> <span class='ocrx_word' id='word_1_218' title='bbox 2088 3871 2187 3927; x_wconf 90' lang='lat' dir='ltr'><strong><em>Dei</em></strong></span> 
     </span>
    </p>
   </div>
   <div class='ocr_carea' id='block_1_36' title="bbox 533 3958 2188 4031">
    <p class='ocr_par' dir='ltr' id='par_1_36' title="bbox 533 3958 2188 4031">
     <span class='ocr_line' id='line_1_36' title="bbox 533 3958 2188 4031; baseline 0.002 -18"><span class='ocrx_word' id='word_1_219' title='bbox 533 3959 931 4024; x_wconf 88' lang='lat' dir='ltr'><strong><em>annuntiaret,</em></strong></span> <span class='ocrx_word' id='word_1_220' title='bbox 972 3965 1026 4014; x_wconf 89' lang='lat' dir='ltr'><strong><em>et</em></strong></span> <span class='ocrx_word' id='word_1_221' title='bbox 1059 3958 1300 4014; x_wconf 88' lang='lat' dir='ltr'><strong><em>violaret</em></strong></span> <span class='ocrx_word' id='word_1_222' title='bbox 1329 3958 1488 4028; x_wconf 83' lang='lat' dir='ltr'><strong><em>leges</em></strong></span> <span class='ocrx_word' id='word_1_223' title='bbox 1525 3959 1916 4031; x_wconf 87' lang='lat' dir='ltr'><strong><em>imperatoris.</em></strong></span> <span class='ocrx_word' id='word_1_224' title='bbox 1972 3960 2188 4016; x_wconf 82' lang='lat' dir='ltr'><strong><em>Acerbe</em></strong></span> 
     </span>
    </p>
   </div>
   <div class='ocr_carea' id='block_1_37' title="bbox 533 4047 2188 4121">
    <p class='ocr_par' dir='ltr' id='par_1_37' title="bbox 533 4047 2188 4121">
     <span class='ocr_line' id='line_1_37' title="bbox 533 4047 2188 4121; baseline 0.002 -19"><span class='ocrx_word' id='word_1_225' title='bbox 533 4052 742 4117; x_wconf 84' lang='lat' dir='ltr'><strong><em>ergoet</em></strong></span> <span class='ocrx_word' id='word_1_226' title='bbox 767 4047 1176 4102; x_wconf 91' lang='lat' dir='ltr'><strong><em>inhumaneiis</em></strong></span> <span class='ocrx_word' id='word_1_227' title='bbox 1199 4063 1334 4102; x_wconf 91' lang='lat' dir='ltr'><strong><em>eum</em></strong></span> <span class='ocrx_word' id='word_1_228' title='bbox 1355 4048 1678 4104; x_wconf 82' lang='lat' dir='ltr'><strong><em>affecerunt</em></strong></span> <span class='ocrx_word' id='word_1_229' title='bbox 1705 4048 2029 4121; x_wconf 87' lang='lat' dir='ltr'><strong><em>suppliciis,</em></strong></span> <span class='ocrx_word' id='word_1_230' title='bbox 2054 4066 2188 4121; x_wconf 65' lang='lat' dir='ltr'><strong><em>quae</em></strong></span> 
     </span>
    </p>
   </div>
   <div class='ocr_carea' id='block_1_38' title="bbox 534 4135 2185 4207">
    <p class='ocr_par' dir='ltr' id='par_1_38' title="bbox 534 4135 2185 4207">
     <span class='ocr_line' id='line_1_38' title="bbox 534 4135 2185 4207; baseline 0.001 -16"><span class='ocrx_word' id='word_1_231' title='bbox 534 4151 656 4191; x_wconf 88' lang='lat' dir='ltr'><strong><em>non</em></strong></span> <span class='ocrx_word' id='word_1_232' title='bbox 688 4135 778 4190; x_wconf 89' lang='lat' dir='ltr'><strong><em>fas</em></strong></span> <span class='ocrx_word' id='word_1_233' title='bbox 811 4141 900 4190; x_wconf 91' lang='lat' dir='ltr'><strong><em>est</em></strong></span> <span class='ocrx_word' id='word_1_234' title='bbox 947 4135 1139 4207; x_wconf 87' lang='lat' dir='ltr'><strong><em>ipsam</em></strong></span> <span class='ocrx_word' id='word_1_235' title='bbox 1179 4135 1510 4192; x_wconf 90' lang='lat' dir='ltr'><strong><em>humanam</em></strong></span> <span class='ocrx_word' id='word_1_236' title='bbox 1550 4137 1838 4192; x_wconf 89' lang='lat' dir='ltr'><strong><em>sustinere</em></strong></span> <span class='ocrx_word' id='word_1_237' title='bbox 1893 4144 2185 4204; x_wconf 89' lang='lat' dir='ltr'><strong><em>naturam,</em></strong></span> 
     </span>
    </p>
   </div>
   <div class='ocr_carea' id='block_1_39' title="bbox 534 4224 2192 4296">
    <p class='ocr_par' dir='ltr' id='par_1_39' title="bbox 534 4224 2192 4296">
     <span class='ocr_line' id='line_1_39' title="bbox 534 4224 2192 4296; baseline 0.002 -18"><span class='ocrx_word' id='word_1_238' title='bbox 534 4239 767 4296; x_wconf 81' lang='lat' dir='ltr'><strong><em>gravem</em></strong></span> <span class='ocrx_word' id='word_1_239' title='bbox 783 4224 1160 4280; x_wconf 88' lang='lat' dir='ltr'><strong><em>ostendentes</em></strong></span> <span class='ocrx_word' id='word_1_240' title='bbox 1175 4224 1549 4280; x_wconf 87' lang='lat' dir='ltr'><strong><em>insolentiam</em></strong></span> <span class='ocrx_word' id='word_1_241' title='bbox 1561 4225 1708 4290; x_wconf 89' lang='lat' dir='ltr'><strong><em>,etin</em></strong></span> <span class='ocrx_word' id='word_1_242' title='bbox 1720 4225 2037 4282; x_wconf 88' lang='lat' dir='ltr'><strong><em>belluinam</em></strong></span> <span class='ocrx_word' id='word_1_243' title='bbox 2053 4243 2192 4282; x_wconf 77' lang='lat' dir='ltr'><strong><em>con-</em></strong></span> 
     </span>
    </p>
   </div>
   <div class='ocr_carea' id='block_1_40' title="bbox 537 4312 2193 4372">
    <p class='ocr_par' dir='ltr' id='par_1_40' title="bbox 537 4312 2193 4372">
     <span class='ocr_line' id='line_1_40' title="bbox 537 4312 2193 4372; baseline 0.003 -4"><span class='ocrx_word' id='word_1_244' title='bbox 537 4312 690 4368; x_wconf 90' lang='lat' dir='ltr'><strong><em>versi</em></strong></span> <span class='ocrx_word' id='word_1_245' title='bbox 735 4312 1164 4370; x_wconf 88' lang='lat' dir='ltr'><strong><em>crudelitatem.</em></strong></span> <span class='ocrx_word' id='word_1_246' title='bbox 1197 4315 1439 4370; x_wconf 88' lang='lat' dir='ltr'><strong><em>Fortiter</em></strong></span> <span class='ocrx_word' id='word_1_247' title='bbox 1486 4318 1685 4371; x_wconf 91' lang='lat' dir='ltr'><strong><em>autem</em></strong></span> <span class='ocrx_word' id='word_1_248' title='bbox 1736 4315 1959 4372; x_wconf 81' lang='lat' dir='ltr'><strong><em>ferebat</em></strong></span> <span class='ocrx_word' id='word_1_249' title='bbox 2020 4332 2193 4372; x_wconf 87' lang='lat' dir='ltr'><strong><em>vene-</em></strong></span> 
     </span>
    </p>
   </div>
   <div class='ocr_carea' id='block_1_41' title="bbox 534 4401 2191 4477">
    <p class='ocr_par' dir='ltr' id='par_1_41' title="bbox 534 4401 2191 4477">
     <span class='ocr_line' id='line_1_41' title="bbox 534 4401 2191 4477; baseline 0.002 -20"><span class='ocrx_word' id='word_1_250' title='bbox 534 4401 763 4458; x_wconf 90' lang='lat' dir='ltr'><strong><em>randus</em></strong></span> <span class='ocrx_word' id='word_1_251' title='bbox 789 4406 847 4457; x_wconf 90' lang='lat' dir='ltr'><strong><em>et</em></strong></span> <span class='ocrx_word' id='word_1_252' title='bbox 871 4402 1226 4473; x_wconf 89' lang='lat' dir='ltr'><strong><em>purissimus</em></strong></span> <span class='ocrx_word' id='word_1_253' title='bbox 1258 4403 1517 4459; x_wconf 88' lang='lat' dir='ltr'><strong><em>Platonis</em></strong></span> <span class='ocrx_word' id='word_1_254' title='bbox 1539 4404 1794 4469; x_wconf 88' lang='lat' dir='ltr'><strong><em>animus,</em></strong></span> <span class='ocrx_word' id='word_1_255' title='bbox 1829 4408 1888 4460; x_wconf 90' lang='lat' dir='ltr'><strong><em>ut</em></strong></span> <span class='ocrx_word' id='word_1_256' title='bbox 1907 4405 2014 4477; x_wconf 89' lang='lat' dir='ltr'><strong>qui</strong></span> <span class='ocrx_word' id='word_1_257' title='bbox 2047 4404 2191 4461; x_wconf 85' lang='lat' dir='ltr'><strong><em>afﬂi-</em></strong></span> 
     </span>
    </p>
   </div>
   <div class='ocr_carea' id='block_1_42' title="bbox 2380 3156 3881 3234">
    <p class='ocr_par' dir='ltr' id='par_1_42' title="bbox 2380 3156 3881 3234">
     <span class='ocr_line' id='line_1_42' title="bbox 2380 3156 3881 3234; baseline 0.003 -24"><span class='ocrx_word' id='word_1_258' title='bbox 2380 3156 2449 3212; x_wconf 61' lang='lat' dir='ltr'><strong><em>A&#39;.</em></strong></span> <span class='ocrx_word' id='word_1_259' title='bbox 2487 3157 2562 3210; x_wconf 84' lang='grc' dir='ltr'><strong><em>Ού</em></strong></span> <span class='ocrx_word' id='word_1_260' title='bbox 2593 3157 2708 3220; x_wconf 82' lang='grc' dir='ltr'><strong>ξένα</strong></span> <span class='ocrx_word' id='word_1_261' title='bbox 2755 3157 2994 3210; x_wconf 78' lang='grc' dir='ltr'><strong>Γαλατῶν</strong></span> <span class='ocrx_word' id='word_1_262' title='bbox 3039 3160 3180 3211; x_wconf 81' lang='grc' dir='ltr'><strong>ἐστιν</strong></span> <span class='ocrx_word' id='word_1_263' title='bbox 3235 3159 3269 3211; x_wconf 83' lang='grc' dir='ltr'><em>ἂ</em></span> <span class='ocrx_word' id='word_1_264' title='bbox 3316 3159 3486 3231; x_wconf 79' lang='grc' dir='ltr'><strong>μέλ)ω</strong></span> <span class='ocrx_word' id='word_1_265' title='bbox 3544 3161 3720 3234; x_wconf 81' lang='grc' dir='ltr'><strong>λέγειν,</strong></span> <span class='ocrx_word' id='word_1_266' title='bbox 3770 3159 3881 3214; x_wconf 77' lang='grc' dir='ltr'><strong>οὐδε</strong></span> 
     </span>
    </p>
   </div>
   <div class='ocr_carea' id='block_1_43' title="bbox 2303 3245 3883 3324">
    <p class='ocr_par' dir='ltr' id='par_1_43' title="bbox 2303 3245 3883 3324">
     <span class='ocr_line' id='line_1_43' title="bbox 2303 3245 3883 3324; baseline 0.004 -27"><span class='ocrx_word' id='word_1_267' title='bbox 2303 3254 2400 3298; x_wconf 86' lang='grc' dir='ltr'><strong>τῶν</strong></span> <span class='ocrx_word' id='word_1_268' title='bbox 2453 3251 2544 3305; x_wconf 83' lang='grc' dir='ltr'><strong>τὴν</strong></span> <span class='ocrx_word' id='word_1_269' title='bbox 2604 3245 2866 3321; x_wconf 71' lang='grc' dir='ltr'><strong>’Ἄγκυραν</strong></span> <span class='ocrx_word' id='word_1_270' title='bbox 2916 3248 3188 3301; x_wconf 81' lang='grc' dir='ltr'><strong><em>οἰκούντων</em></strong></span> <span class='ocrx_word' id='word_1_271' title='bbox 3233 3248 3500 3324; x_wconf 80' lang='grc' dir='ltr'><strong>ἀλλότρια,</strong></span> <span class='ocrx_word' id='word_1_272' title='bbox 3546 3248 3667 3304; x_wconf 71' lang='grc' dir='ltr'><strong>οὐδε</strong></span> <span class='ocrx_word' id='word_1_273' title='bbox 3721 3251 3883 3324; x_wconf 77' lang='grc' dir='ltr'><strong>ὁμολο-</strong></span> 
     </span>
    </p>
   </div>
   <div class='ocr_carea' id='block_1_44' title="bbox 2302 3337 3880 3413">
    <p class='ocr_par' dir='ltr' id='par_1_44' title="bbox 2302 3337 3880 3413">
     <span class='ocr_line' id='line_1_44' title="bbox 2302 3337 3880 3413; baseline 0.003 -25"><span class='ocrx_word' id='word_1_274' title='bbox 2302 3344 2464 3406; x_wconf 83' lang='grc' dir='ltr'><strong>γητου</strong></span> <span class='ocrx_word' id='word_1_275' title='bbox 2530 3341 2618 3388; x_wconf 82' lang='grc' dir='ltr'><strong><em>καὶ</em></strong></span> <span class='ocrx_word' id='word_1_276' title='bbox 2671 3341 2798 3390; x_wconf 81' lang='grc' dir='ltr'><strong>Θεοῦ</strong></span> <span class='ocrx_word' id='word_1_277' title='bbox 2855 3337 3005 3408; x_wconf 79' lang='grc' dir='ltr'><strong>λόγον</strong></span> <span class='ocrx_word' id='word_1_278' title='bbox 3064 3343 3479 3410; x_wconf 87' lang='grc' dir='ltr'><strong>πεπιστευμένου</strong></span> <span class='ocrx_word' id='word_1_279' title='bbox 3538 3342 3730 3392; x_wconf 77' lang='grc' dir='ltr'><strong><em>ἄπιστα</em></strong></span> <span class='ocrx_word' id='word_1_280' title='bbox 3777 3340 3880 3413; x_wconf 82' lang='grc' dir='ltr'><strong><em>ἐρῶ.</em></strong></span> 
     </span>
    </p>
   </div>
   <div class='ocr_carea' id='block_1_45' title="bbox 2304 3424 3878 3498">
    <p class='ocr_par' dir='ltr' id='par_1_45' title="bbox 2304 3424 3878 3498">
     <span class='ocr_line' id='line_1_45' title="bbox 2304 3424 3878 3498; baseline 0.001 -20"><span class='ocrx_word' id='word_1_281' title='bbox 2304 3424 2590 3498; x_wconf 83' lang='grc' dir='ltr'><strong>Ἐπραττον</strong></span> <span class='ocrx_word' id='word_1_282' title='bbox 2640 3425 2866 3478; x_wconf 82' lang='grc' dir='ltr'><strong><em>Γαλάται</em></strong></span> <span class='ocrx_word' id='word_1_283' title='bbox 2921 3425 3146 3489; x_wconf 77' lang='grc' dir='ltr'><strong>ἀνοήτως</strong></span> <span class='ocrx_word' id='word_1_284' title='bbox 3200 3427 3234 3479; x_wconf 85' lang='grc' dir='ltr'><strong><em>ἂ</em></strong></span> <span class='ocrx_word' id='word_1_285' title='bbox 3293 3431 3518 3491; x_wconf 87' lang='grc' dir='ltr'><strong>σύνηθες</strong></span> <span class='ocrx_word' id='word_1_286' title='bbox 3574 3430 3742 3492; x_wconf 76' lang='grc' dir='ltr'><strong>αὐτοῖς</strong></span> <span class='ocrx_word' id='word_1_287' title='bbox 3787 3426 3878 3488; x_wconf 77' lang='grc' dir='ltr'><strong>ἦν’</strong></span> 
     </span>
    </p>
   </div>
   <div class='ocr_carea' id='block_1_46' title="bbox 2301 3511 3884 3589">
    <p class='ocr_par' dir='ltr' id='par_1_46' title="bbox 2301 3511 3884 3589">
     <span class='ocr_line' id='line_1_46' title="bbox 2301 3511 3884 3589; baseline 0.003 -23"><span class='ocrx_word' id='word_1_288' title='bbox 2301 3516 2538 3589; x_wconf 76' lang='grc' dir='ltr'><strong><em>ὑπῆρχεν</em></strong></span> <span class='ocrx_word' id='word_1_289' title='bbox 2579 3511 2637 3567; x_wconf 73' lang='grc' dir='ltr'><strong><em>δὲ</em></strong></span> <span class='ocrx_word' id='word_1_290' title='bbox 2679 3515 2891 3568; x_wconf 77' lang='grc' dir='ltr'><strong>Πλάτων</strong></span> <span class='ocrx_word' id='word_1_291' title='bbox 2947 3519 2971 3568; x_wconf 89' lang='grc' dir='ltr'><strong><em>ὁ</em></strong></span> <span class='ocrx_word' id='word_1_292' title='bbox 3031 3516 3316 3588; x_wconf 84' lang='grc' dir='ltr'><strong>ἁγιώτατος</strong></span> <span class='ocrx_word' id='word_1_293' title='bbox 3371 3516 3579 3582; x_wconf 78' lang='grc' dir='ltr'><strong>ἀληθῶς</strong></span> <span class='ocrx_word' id='word_1_294' title='bbox 3632 3527 3758 3573; x_wconf 89' lang='grc' dir='ltr'><strong>Θεοῦ</strong></span> <span class='ocrx_word' id='word_1_295' title='bbox 3809 3537 3884 3571; x_wconf 85' lang='grc' dir='ltr'><strong><em>σο⁹</em></strong></span> 
     </span>
    </p>
   </div>
   <div class='ocr_carea' id='block_1_47' title="bbox 2301 3606 3884 3680">
    <p class='ocr_par' dir='ltr' id='par_1_47' title="bbox 2301 3606 3884 3680">
     <span class='ocr_line' id='line_1_47' title="bbox 2301 3606 3884 3680; baseline 0.001 -24"><span class='ocrx_word' id='word_1_296' title='bbox 2301 3608 2417 3677; x_wconf 78' lang='grc' dir='ltr'><strong>φίαν</strong></span> <span class='ocrx_word' id='word_1_297' title='bbox 2473 3609 2873 3676; x_wconf 79' lang='grc' dir='ltr'><strong><em>πεπιστευμένος</em></strong></span> <span class='ocrx_word' id='word_1_298' title='bbox 2925 3610 3013 3657; x_wconf 84' lang='grc' dir='ltr'><strong><em>καὶ</em></strong></span> <span class='ocrx_word' id='word_1_299' title='bbox 3069 3611 3374 3677; x_wconf 79' lang='grc' dir='ltr'><strong><em>κεκτημένος</em></strong></span> <span class='ocrx_word' id='word_1_300' title='bbox 3436 3613 3525 3661; x_wconf 84' lang='grc' dir='ltr'><strong>καὶ</strong></span> <span class='ocrx_word' id='word_1_301' title='bbox 3591 3611 3808 3680; x_wconf 76' lang='grc' dir='ltr'><strong>ἔπασχεν</strong></span> <span class='ocrx_word' id='word_1_302' title='bbox 3853 3606 3884 3658; x_wconf 81' lang='grc' dir='ltr'><em>ἃ</em></span> 
     </span>
    </p>
   </div>
   <div class='ocr_carea' id='block_1_48' title="bbox 2299 3693 3878 3772">
    <p class='ocr_par' dir='ltr' id='par_1_48' title="bbox 2299 3693 3878 3772">
     <span class='ocr_line' id='line_1_48' title="bbox 2299 3693 3878 3772; baseline 0.001 -26"><span class='ocrx_word' id='word_1_303' title='bbox 2299 3695 2563 3765; x_wconf 76' lang='grc' dir='ltr'><strong>ὑπομένειν</strong></span> <span class='ocrx_word' id='word_1_304' title='bbox 2628 3693 2921 3767; x_wconf 70' lang='grc' dir='ltr'><strong>ὁμώογητῇ</strong></span> <span class='ocrx_word' id='word_1_305' title='bbox 3003 3699 3152 3766; x_wconf 85' lang='grc' dir='ltr'><strong>νόμος</strong></span> <span class='ocrx_word' id='word_1_306' title='bbox 3228 3703 3466 3768; x_wconf 81' lang='grc' dir='ltr'><strong>Χριστοῦ</strong></span> <span class='ocrx_word' id='word_1_307' title='bbox 3535 3703 3878 3772; x_wconf 74' lang='grc' dir='ltr'><strong><em>προσέταττεν.</em></strong></span> 
     </span>
    </p>
   </div>
   <div class='ocr_carea' id='block_1_49' title="bbox 2304 3779 3881 3857">
    <p class='ocr_par' dir='ltr' id='par_1_49' title="bbox 2304 3779 3881 3857">
     <span class='ocr_line' id='line_1_49' title="bbox 2304 3779 3881 3857; baseline -0.001 -21"><span class='ocrx_word' id='word_1_308' title='bbox 2304 3782 2556 3845; x_wconf 78' lang='grc' dir='ltr'><strong>Λαϐόντες</strong></span> <span class='ocrx_word' id='word_1_309' title='bbox 2604 3779 2691 3836; x_wconf 74' lang='grc' dir='ltr'><strong>οὖν</strong></span> <span class='ocrx_word' id='word_1_310' title='bbox 2740 3783 2891 3835; x_wconf 75' lang='grc' dir='ltr'><strong>αὐτὸν</strong></span> <span class='ocrx_word' id='word_1_311' title='bbox 2945 3785 3108 3836; x_wconf 80' lang='grc' dir='ltr'><strong>ἔθεντο</strong></span> <span class='ocrx_word' id='word_1_312' title='bbox 3150 3782 3196 3835; x_wconf 85' lang='grc' dir='ltr'><strong><em>ἐν</em></strong></span> <span class='ocrx_word' id='word_1_313' title='bbox 3248 3792 3454 3857; x_wconf 80' lang='grc' dir='ltr'><strong>φρουρᾷ</strong></span> <span class='ocrx_word' id='word_1_314' title='bbox 3492 3788 3556 3848; x_wconf 86' lang='grc' dir='ltr'><strong>ὡς</strong></span> <span class='ocrx_word' id='word_1_315' title='bbox 3593 3787 3733 3856; x_wconf 85' lang='grc' dir='ltr'><strong>λόγον</strong></span> <span class='ocrx_word' id='word_1_316' title='bbox 3763 3791 3881 3838; x_wconf 87' lang='grc' dir='ltr'><strong>Θεοῦ</strong></span> 
     </span>
    </p>
   </div>
   <div class='ocr_carea' id='block_1_50' title="bbox 2297 3871 3879 3947">
    <p class='ocr_par' dir='ltr' id='par_1_50' title="bbox 2297 3871 3879 3947">
     <span class='ocr_line' id='line_1_50' title="bbox 2297 3871 3879 3947; baseline 0.001 -23"><span class='ocrx_word' id='word_1_317' title='bbox 2297 3872 2712 3944; x_wconf 78' lang='grc' dir='ltr'><strong>καταγγέλλοντα</strong></span> <span class='ocrx_word' id='word_1_318' title='bbox 2785 3877 2873 3925; x_wconf 81' lang='grc' dir='ltr'><strong><em>καὶ</em></strong></span> <span class='ocrx_word' id='word_1_319' title='bbox 2954 3878 3137 3944; x_wconf 86' lang='grc' dir='ltr'><strong>νόμους</strong></span> <span class='ocrx_word' id='word_1_320' title='bbox 3202 3871 3466 3946; x_wconf 83' lang='grc' dir='ltr'><strong>βασιλέως</strong></span> <span class='ocrx_word' id='word_1_321' title='bbox 3532 3878 3879 3947; x_wconf 81' lang='grc' dir='ltr'><strong>καθαιροῦντα.</strong></span> 
     </span>
    </p>
   </div>
   <div class='ocr_carea' id='block_1_51' title="bbox 2301 3955 3883 4036">
    <p class='ocr_par' dir='ltr' id='par_1_51' title="bbox 2301 3955 3883 4036">
     <span class='ocr_line' id='line_1_51' title="bbox 2301 3955 3883 4036; baseline 0.001 -25"><span class='ocrx_word' id='word_1_322' title='bbox 2301 3960 2476 4021; x_wconf 76' lang='grc' dir='ltr'><strong>Οὕτως</strong></span> <span class='ocrx_word' id='word_1_323' title='bbox 2528 3955 2614 4012; x_wconf 79' lang='grc' dir='ltr'><strong>οὖν</strong></span> <span class='ocrx_word' id='word_1_324' title='bbox 2668 3959 2823 4012; x_wconf 84' lang='grc' dir='ltr'><strong>αύτὸν</strong></span> <span class='ocrx_word' id='word_1_325' title='bbox 2883 3958 3228 4032; x_wconf 79' lang='grc' dir='ltr'><strong>ἐτιμωροῦντο</strong></span> <span class='ocrx_word' id='word_1_326' title='bbox 3282 3960 3317 4012; x_wconf 84' lang='grc' dir='ltr'><em>ἃ</em></span> <span class='ocrx_word' id='word_1_327' title='bbox 3369 3967 3445 4033; x_wconf 79' lang='grc' dir='ltr'><strong>μὴ</strong></span> <span class='ocrx_word' id='word_1_328' title='bbox 3501 3965 3639 4036; x_wconf 81' lang='grc' dir='ltr'><strong>θέμις</strong></span> <span class='ocrx_word' id='word_1_329' title='bbox 3691 3964 3883 4034; x_wconf 82' lang='grc' dir='ltr'><strong>ὑπομεῖ-</strong></span> 
     </span>
    </p>
   </div>
   <div class='ocr_carea' id='block_1_52' title="bbox 2299 4046 3883 4123">
    <p class='ocr_par' dir='ltr' id='par_1_52' title="bbox 2299 4046 3883 4123">
     <span class='ocr_line' id='line_1_52' title="bbox 2299 4046 3883 4123; baseline 0.001 -23"><span class='ocrx_word' id='word_1_330' title='bbox 2299 4069 2382 4100; x_wconf 89' lang='grc' dir='ltr'><strong><em>ναι</em></strong></span> <span class='ocrx_word' id='word_1_331' title='bbox 2435 4053 2526 4106; x_wconf 76' lang='grc' dir='ltr'><strong>τὴν</strong></span> <span class='ocrx_word' id='word_1_332' title='bbox 2589 4048 2911 4123; x_wconf 76' lang='grc' dir='ltr'><strong>ἀνθρωπίνην</strong></span> <span class='ocrx_word' id='word_1_333' title='bbox 2963 4051 3115 4121; x_wconf 75' lang='grc' dir='ltr'><strong>φύσιν</strong></span> <span class='ocrx_word' id='word_1_334' title='bbox 3159 4046 3540 4122; x_wconf 70' lang='grc' dir='ltr'><strong>ἐνδεικνύμενοι</strong></span> <span class='ocrx_word' id='word_1_335' title='bbox 3597 4069 3607 4082; x_wconf 91' lang='grc'><strong>·</strong></span> <span class='ocrx_word' id='word_1_336' title='bbox 3663 4052 3726 4112; x_wconf 82' lang='grc' dir='ltr'><strong>εὶς</strong></span> <span class='ocrx_word' id='word_1_337' title='bbox 3773 4049 3883 4102; x_wconf 82' lang='grc' dir='ltr'><strong>ἀπὸ·</strong></span> 
     </span>
    </p>
   </div>
   <div class='ocr_carea' id='block_1_53' title="bbox 2299 4139 3882 4215">
    <p class='ocr_par' dir='ltr' id='par_1_53' title="bbox 2299 4139 3882 4215">
     <span class='ocr_line' id='line_1_53' title="bbox 2299 4139 3882 4215; baseline 0.001 -26"><span class='ocrx_word' id='word_1_338' title='bbox 2299 4157 2440 4190; x_wconf 91' lang='grc' dir='ltr'><strong>νοιαν</strong></span> <span class='ocrx_word' id='word_1_339' title='bbox 2493 4139 2729 4209; x_wconf 59' lang='grc' dir='ltr'><strong>χαλεπὴν</strong></span> <span class='ocrx_word' id='word_1_340' title='bbox 2789 4143 2876 4190; x_wconf 81' lang='grc' dir='ltr'><strong><em>καὶ</em></strong></span> <span class='ocrx_word' id='word_1_341' title='bbox 2936 4141 3209 4210; x_wconf 81' lang='grc' dir='ltr'><strong>ὡμοτάτην</strong></span> <span class='ocrx_word' id='word_1_342' title='bbox 3263 4145 3690 4215; x_wconf 76' lang='grc' dir='ltr'><strong>μετατραπέντες.</strong></span> <span class='ocrx_word' id='word_1_343' title='bbox 3746 4145 3882 4210; x_wconf 69' lang='grc' dir='ltr'><strong><em>Ἔφε-</em></strong></span> 
     </span>
    </p>
   </div>
   <div class='ocr_carea' id='block_1_54' title="bbox 2300 4223 3884 4302">
    <p class='ocr_par' dir='ltr' id='par_1_54' title="bbox 2300 4223 3884 4302">
     <span class='ocr_line' id='line_1_54' title="bbox 2300 4223 3884 4302; baseline -0.001 -23"><span class='ocrx_word' id='word_1_344' title='bbox 2300 4247 2382 4301; x_wconf 85' lang='grc' dir='ltr'><strong><em>ρεν</em></strong></span> <span class='ocrx_word' id='word_1_345' title='bbox 2457 4223 2515 4279; x_wconf 72' lang='grc' dir='ltr'><strong>δὲ</strong></span> <span class='ocrx_word' id='word_1_346' title='bbox 2580 4229 2609 4285; x_wconf 80' lang='grc' dir='ltr'><strong>ἠ</strong></span> <span class='ocrx_word' id='word_1_347' title='bbox 2693 4229 3024 4301; x_wconf 80' lang='grc' dir='ltr'><strong>καθαροτάτη</strong></span> <span class='ocrx_word' id='word_1_348' title='bbox 3108 4227 3375 4289; x_wconf 77' lang='grc' dir='ltr'><strong>Πλάτωνος</strong></span> <span class='ocrx_word' id='word_1_349' title='bbox 3437 4229 3593 4302; x_wconf 73' lang='grc' dir='ltr'><strong><em>ψυχὴ</em></strong></span> <span class='ocrx_word' id='word_1_350' title='bbox 3659 4232 3884 4301; x_wconf 73' lang='grc' dir='ltr'><strong>γενναίως</strong></span> 
     </span>
    </p>
   </div>
   <div class='ocr_carea' id='block_1_55' title="bbox 2303 4317 3884 4391">
    <p class='ocr_par' dir='ltr' id='par_1_55' title="bbox 2303 4317 3884 4391">
     <span class='ocr_line' id='line_1_55' title="bbox 2303 4317 3884 4391; baseline -0.001 -23"><span class='ocrx_word' id='word_1_351' title='bbox 2303 4318 2476 4378; x_wconf 80' lang='grc' dir='ltr'><strong>πάσας</strong></span> <span class='ocrx_word' id='word_1_352' title='bbox 2533 4319 2626 4378; x_wconf 79' lang='grc' dir='ltr'><strong>τὰς</strong></span> <span class='ocrx_word' id='word_1_353' title='bbox 2683 4319 2955 4391; x_wconf 69' lang='grc' dir='ltr'><strong>συμφορὰς</strong></span> <span class='ocrx_word' id='word_1_354' title='bbox 3011 4320 3175 4388; x_wconf 79' lang='grc' dir='ltr'><strong>φέρειν</strong></span> <span class='ocrx_word' id='word_1_355' title='bbox 3229 4317 3606 4390; x_wconf 78' lang='grc' dir='ltr'><strong>μεμελετηκυῖα</strong></span> <span class='ocrx_word' id='word_1_356' title='bbox 3641 4336 3651 4347; x_wconf 90' lang='grc'><strong>·</strong></span> <span class='ocrx_word' id='word_1_357' title='bbox 3695 4317 3884 4390; x_wconf 73' lang='grc' dir='ltr'><strong>φιλοσο-</strong></span> 
     </span>
    </p>
   </div>
   <div class='ocr_carea' id='block_1_56' title="bbox 2303 4399 3884 4481">
    <p class='ocr_par' dir='ltr' id='par_1_56' title="bbox 2303 4399 3884 4481">
     <span class='ocr_line' id='line_1_56' title="bbox 2303 4399 3884 4481; baseline -0.002 -24"><span class='ocrx_word' id='word_1_358' title='bbox 2303 4411 2419 4478; x_wconf 76' lang='grc' dir='ltr'><strong>φίαν</strong></span> <span class='ocrx_word' id='word_1_359' title='bbox 2445 4409 2566 4476; x_wconf 79' lang='grc' dir='ltr'><strong>γὰρ,</strong></span> <span class='ocrx_word' id='word_1_360' title='bbox 2601 4405 2659 4457; x_wconf 67' lang='grc' dir='ltr'><strong>οὐ</strong></span> <span class='ocrx_word' id='word_1_361' title='bbox 2702 4411 2794 4463; x_wconf 79' lang='grc' dir='ltr'><strong>τὴν</strong></span> <span class='ocrx_word' id='word_1_362' title='bbox 2825 4405 2980 4464; x_wconf 67' lang='grc' dir='ltr'><strong>αὐτὴν</strong></span> <span class='ocrx_word' id='word_1_363' title='bbox 3007 4414 3078 4476; x_wconf 82' lang='grc' dir='ltr'><strong>τῷ</strong></span> <span class='ocrx_word' id='word_1_364' title='bbox 3105 4407 3360 4478; x_wconf 78' lang='grc' dir='ltr'><strong>ὁμωνύμῳ</strong></span> <span class='ocrx_word' id='word_1_365' title='bbox 3391 4409 3748 4481; x_wconf 67' lang='grc' dir='ltr'><strong>φιλοσοφήσας</strong></span> <span class='ocrx_word' id='word_1_366' title='bbox 3772 4399 3884 4457; x_wconf 72' lang='grc' dir='ltr'><strong>οὐδὲ</strong></span> 
     </span>
    </p>
   </div>
   <div class='ocr_carea' id='block_1_57' title="bbox 535 4491 2191 4571">
    <p class='ocr_par' dir='ltr' id='par_1_57' title="bbox 535 4491 2188 4565">
     <span class='ocr_line' id='line_1_57' title="bbox 535 4491 2188 4565; baseline 0.002 -20"><span class='ocrx_word' id='word_1_367' title='bbox 535 4491 758 4546; x_wconf 88' lang='lat' dir='ltr'><strong><em>ctiones</em></strong></span> <span class='ocrx_word' id='word_1_368' title='bbox 814 4505 1023 4546; x_wconf 88' lang='lat' dir='ltr'><strong><em>omnes</em></strong></span> <span class='ocrx_word' id='word_1_369' title='bbox 1074 4495 1132 4546; x_wconf 92' lang='lat' dir='ltr'><strong><em>et</em></strong></span> <span class='ocrx_word' id='word_1_370' title='bbox 1188 4492 1556 4548; x_wconf 89' lang='lat' dir='ltr'><strong><em>calamitates</em></strong></span> <span class='ocrx_word' id='word_1_371' title='bbox 1604 4496 1845 4565; x_wconf 89' lang='lat' dir='ltr'><strong><em>pr0pter</em></strong></span> <span class='ocrx_word' id='word_1_372' title='bbox 1895 4493 2188 4549; x_wconf 90' lang='lat' dir='ltr'><strong><em>Christum</em></strong></span> 
     </span>
    </p>
   </div>
   <div class='ocr_carea' id='block_1_58' title="bbox 2299 4491 3883 4571">
    <p class='ocr_par' dir='ltr' id='par_1_58' title="bbox 2303 4493 3883 4571">
     <span class='ocr_line' id='line_1_58' title="bbox 2303 4493 3883 4571; baseline -0.002 -24"><span class='ocrx_word' id='word_1_373' title='bbox 2303 4498 2386 4547; x_wconf 84' lang='grc' dir='ltr'><strong>τὸν</strong></span> <span class='ocrx_word' id='word_1_374' title='bbox 2441 4494 2594 4546; x_wconf 62' lang='grc' dir='ltr'><strong>αὐτὸν</strong></span> <span class='ocrx_word' id='word_1_375' title='bbox 2647 4493 2817 4565; x_wconf 82' lang='grc' dir='ltr'><strong>ἐκείνῳ</strong></span> <span class='ocrx_word' id='word_1_376' title='bbox 2869 4494 3016 4566; x_wconf 81' lang='grc' dir='ltr'><strong>λόγον</strong></span> <span class='ocrx_word' id='word_1_377' title='bbox 3055 4493 3314 4561; x_wconf 74' lang='grc' dir='ltr'><strong>ἀσκήσας,</strong></span> <span class='ocrx_word' id='word_1_378' title='bbox 3361 4497 3634 4571; x_wconf 79' lang='grc' dir='ltr'><strong>ὑπερεῖχεν</strong></span> <span class='ocrx_word' id='word_1_379' title='bbox 3675 4495 3720 4548; x_wconf 77' lang='grc' dir='ltr'><strong>ἐν</strong></span> <span class='ocrx_word' id='word_1_380' title='bbox 3753 4495 3883 4564; x_wconf 70' lang='grc' dir='ltr'><strong>πάσῃ</strong></span> 
     </span>
    </p>
   </div>
   <div class='ocr_carea' id='block_1_59' title="bbox 535 4578 2191 4652">
    <p class='ocr_par' dir='ltr' id='par_1_59' title="bbox 535 4578 2191 4652">
     <span class='ocr_line' id='line_1_59' title="bbox 535 4578 2191 4652; baseline 0.001 -18"><span class='ocrx_word' id='word_1_381' title='bbox 535 4578 685 4635; x_wconf 84' lang='lat' dir='ltr'><strong>ferre</strong></span> <span class='ocrx_word' id='word_1_382' title='bbox 724 4585 878 4636; x_wconf 90' lang='lat' dir='ltr'><strong><em>esset</em></strong></span> <span class='ocrx_word' id='word_1_383' title='bbox 908 4580 1247 4638; x_wconf 87' lang='lat' dir='ltr'><strong><em>meditatus.</em></strong></span> <span class='ocrx_word' id='word_1_384' title='bbox 1277 4584 1421 4636; x_wconf 85' lang='lat' dir='ltr'><strong><em>Nam</em></strong></span> <span class='ocrx_word' id='word_1_385' title='bbox 1447 4597 1568 4637; x_wconf 90' lang='lat' dir='ltr'><strong><em>non</em></strong></span> <span class='ocrx_word' id='word_1_386' title='bbox 1597 4581 1895 4648; x_wconf 88' lang='lat' dir='ltr'><strong><em>eamdem,</em></strong></span> <span class='ocrx_word' id='word_1_387' title='bbox 1927 4598 2106 4652; x_wconf 88' lang='lat' dir='ltr'><strong><em>quam</em></strong></span> <span class='ocrx_word' id='word_1_388' title='bbox 2142 4583 2191 4637; x_wconf 88' lang='lat' dir='ltr'><strong><em>is</em></strong></span> 
     </span>
    </p>
   </div>
   <div class='ocr_carea' id='block_1_60' title="bbox 536 4667 2195 4740">
    <p class='ocr_par' dir='ltr' id='par_1_60' title="bbox 536 4667 2195 4740">
     <span class='ocr_line' id='line_1_60' title="bbox 536 4667 2195 4740; baseline 0.003 -18"><span class='ocrx_word' id='word_1_389' title='bbox 536 4667 640 4740; x_wconf 89' lang='lat' dir='ltr'><strong>qui</strong></span> <span class='ocrx_word' id='word_1_390' title='bbox 709 4674 835 4724; x_wconf 89' lang='lat' dir='ltr'><strong><em>erat</em></strong></span> <span class='ocrx_word' id='word_1_391' title='bbox 901 4668 1175 4740; x_wconf 88' lang='lat' dir='ltr'><strong><em>ejusdem</em></strong></span> <span class='ocrx_word' id='word_1_392' title='bbox 1262 4670 1544 4738; x_wconf 88' lang='lat' dir='ltr'><strong><em>nominis,</em></strong></span> <span class='ocrx_word' id='word_1_393' title='bbox 1627 4670 1787 4727; x_wconf 88' lang='lat' dir='ltr'><strong><em>Plato</em></strong></span> <span class='ocrx_word' id='word_1_394' title='bbox 1854 4678 2195 4727; x_wconf 83' lang='lat' dir='ltr'><strong><em>exercuerat</em></strong></span> 
     </span>
    </p>
   </div>
   <div class='ocr_carea' id='block_1_61' title="bbox 2309 4579 3867 4657">
    <p class='ocr_par' dir='ltr' id='par_1_61' title="bbox 2309 4579 3867 4657">
     <span class='ocr_line' id='line_1_61' title="bbox 2309 4579 3867 4657; baseline 0.003 -22"><span class='ocrx_word' id='word_1_395' title='bbox 2309 4588 2465 4655; x_wconf 78' lang='grc' dir='ltr'><strong>σοφίᾳ</strong></span> <span class='ocrx_word' id='word_1_396' title='bbox 2494 4583 2670 4654; x_wconf 69' lang='grc' dir='ltr'><strong>λόγου,</strong></span> <span class='ocrx_word' id='word_1_397' title='bbox 2707 4579 2906 4656; x_wconf 82' lang='grc' dir='ltr'><strong>διέφερε</strong></span> <span class='ocrx_word' id='word_1_398' title='bbox 2947 4579 3006 4635; x_wconf 80' lang='grc' dir='ltr'><strong><em>δὲ</em></strong></span> <span class='ocrx_word' id='word_1_399' title='bbox 3036 4588 3211 4635; x_wconf 85' lang='grc' dir='ltr'><strong>πίστει</strong></span> <span class='ocrx_word' id='word_1_400' title='bbox 3251 4593 3350 4637; x_wconf 84' lang='grc' dir='ltr'><strong><em>τῶν</em></strong></span> <span class='ocrx_word' id='word_1_401' title='bbox 3380 4592 3589 4638; x_wconf 84' lang='grc' dir='ltr'><strong>πώποτε</strong></span> <span class='ocrx_word' id='word_1_402' title='bbox 3637 4586 3867 4657; x_wconf 81' lang='grc' dir='ltr'><strong>γεγενημέ</strong></span> 
     </span>
    </p>
   </div>
   <div class='ocr_carea' id='block_1_62' title="bbox 2304 4693 2422 4726">
    <p class='ocr_par' dir='ltr' id='par_1_62' title="bbox 2304 4693 2422 4726">
     <span class='ocr_line' id='line_1_62' title="bbox 2304 4693 2422 4726; baseline 0.025 -3"><span class='ocrx_word' id='word_1_403' title='bbox 2304 4693 2422 4726; x_wconf 89' lang='grc' dir='ltr'><strong>νων.</strong></span> 
     </span>
    </p>
   </div>
   <div class='ocr_carea' id='block_1_63' title="bbox 539 4756 3886 4834">
    <p class='ocr_par' dir='ltr' id='par_1_63' title="bbox 539 4756 3886 4834">
     <span class='ocr_line' id='line_1_63' title="bbox 539 4756 3886 4834; baseline 0.001 -22"><span class='ocrx_word' id='word_1_404' title='bbox 539 4756 1003 4830; x_wconf 88' lang='lat' dir='ltr'><strong><em>philosophiam,</em></strong></span> <span class='ocrx_word' id='word_1_405' title='bbox 1035 4773 1145 4814; x_wconf 91' lang='lat' dir='ltr'><strong><em>nec</em></strong></span> <span class='ocrx_word' id='word_1_406' title='bbox 1170 4763 1296 4816; x_wconf 87' lang='lat' dir='ltr'><strong><em>erat</em></strong></span> <span class='ocrx_word' id='word_1_407' title='bbox 1337 4759 1396 4814; x_wconf 88' lang='lat' dir='ltr'><strong><em>in</em></strong></span> <span class='ocrx_word' id='word_1_408' title='bbox 1441 4759 1653 4815; x_wconf 88' lang='lat' dir='ltr'><strong><em>eadem</em></strong></span> <span class='ocrx_word' id='word_1_409' title='bbox 1683 4760 1950 4816; x_wconf 87' lang='lat' dir='ltr'><strong><em>doctrina</em></strong></span> <span class='ocrx_word' id='word_1_410' title='bbox 1992 4761 2452 4834; x_wconf 87' lang='lat' dir='ltr'><strong><em>philosophatus</em></strong></span> <span class='ocrx_word' id='word_1_411' title='bbox 2483 4777 2492 4814; x_wconf 94' lang='lat'>:</span> <span class='ocrx_word' id='word_1_412' title='bbox 2529 4761 2632 4815; x_wconf 88' lang='lat' dir='ltr'><strong><em>sed</em></strong></span> <span class='ocrx_word' id='word_1_413' title='bbox 2665 4765 2789 4816; x_wconf 90' lang='lat' dir='ltr'><strong><em>erat</em></strong></span> <span class='ocrx_word' id='word_1_414' title='bbox 2819 4759 3061 4833; x_wconf 91' lang='lat' dir='ltr'><strong><em>quidem</em></strong></span> <span class='ocrx_word' id='word_1_415' title='bbox 3087 4762 3618 4832; x_wconf 62' lang='lat' dir='ltr'><strong><em>praestantissimus</em></strong></span> <span class='ocrx_word' id='word_1_416' title='bbox 3648 4763 3703 4818; x_wconf 91' lang='lat' dir='ltr'><strong><em>in</em></strong></span> <span class='ocrx_word' id='word_1_417' title='bbox 3735 4761 3886 4817; x_wconf 90' lang='lat' dir='ltr'><strong><em>omni</em></strong></span> 
     </span>
    </p>
   </div>
   <div class='ocr_carea' id='block_1_64' title="bbox 539 4846 2699 4924">
    <p class='ocr_par' dir='ltr' id='par_1_64' title="bbox 539 4846 2699 4924">
     <span class='ocr_line' id='line_1_64' title="bbox 539 4846 2699 4924; baseline 0 -22"><span class='ocrx_word' id='word_1_418' title='bbox 539 4846 704 4902; x_wconf 87' lang='lat' dir='ltr'><strong><em>verbi</em></strong></span> <span class='ocrx_word' id='word_1_419' title='bbox 738 4847 1032 4918; x_wconf 87' lang='lat' dir='ltr'><strong><em>sapientia</em></strong></span> <span class='ocrx_word' id='word_1_420' title='bbox 1065 4847 1218 4903; x_wconf 86' lang='lat' dir='ltr'><strong><em>:ﬁde</em></strong></span> <span class='ocrx_word' id='word_1_421' title='bbox 1247 4851 1445 4903; x_wconf 87' lang='lat' dir='ltr'><strong><em>autem</em></strong></span> <span class='ocrx_word' id='word_1_422' title='bbox 1478 4848 1866 4905; x_wconf 91' lang='lat' dir='ltr'><strong><em>antecellebat</em></strong></span> <span class='ocrx_word' id='word_1_423' title='bbox 1895 4849 1966 4904; x_wconf 90' lang='lat' dir='ltr'><strong><em>iis</em></strong></span> <span class='ocrx_word' id='word_1_424' title='bbox 2003 4850 2107 4922; x_wconf 92' lang='lat' dir='ltr'><strong>qui</strong></span> <span class='ocrx_word' id='word_1_425' title='bbox 2135 4866 2402 4924; x_wconf 91' lang='lat' dir='ltr'><strong><em>unquam</em></strong></span> <span class='ocrx_word' id='word_1_426' title='bbox 2440 4848 2699 4904; x_wconf 86' lang='lat' dir='ltr'><strong><em>fuerunt.</em></strong></span> 
     </span>
    </p>
   </div>
   <div class='ocr_carea' id='block_1_65' title="bbox 610 4935 2197 5009">
    <p class='ocr_par' dir='ltr' id='par_1_65' title="bbox 610 4935 2197 5009">
     <span class='ocr_line' id='line_1_65' title="bbox 610 4935 2197 5009; baseline 0.003 -19"><span class='ocrx_word' id='word_1_427' title='bbox 610 4937 671 4991; x_wconf 91' lang='lat' dir='ltr'><strong><em>ll.</em></strong></span> <span class='ocrx_word' id='word_1_428' title='bbox 707 4936 806 4992; x_wconf 86' lang='lat' dir='ltr'><strong><em>Hic</em></strong></span> <span class='ocrx_word' id='word_1_429' title='bbox 848 4951 989 5009; x_wconf 81' lang='lat' dir='ltr'><strong><em>ergo</em></strong></span> <span class='ocrx_word' id='word_1_430' title='bbox 1023 4935 1235 4992; x_wconf 88' lang='lat' dir='ltr'><strong><em>beatus</em></strong></span> <span class='ocrx_word' id='word_1_431' title='bbox 1286 4935 1447 4992; x_wconf 88' lang='lat' dir='ltr'><strong><em>Plato</em></strong></span> <span class='ocrx_word' id='word_1_432' title='bbox 1497 4937 1716 4994; x_wconf 90' lang='lat' dir='ltr'><strong><em>multos</em></strong></span> <span class='ocrx_word' id='word_1_433' title='bbox 1751 4937 1991 5009; x_wconf 89' lang='lat' dir='ltr'><strong><em>quidem</em></strong></span> <span class='ocrx_word' id='word_1_434' title='bbox 2018 4954 2089 4994; x_wconf 83' lang='lat' dir='ltr'><strong><em>ex</em></strong></span> <span class='ocrx_word' id='word_1_435' title='bbox 2128 4939 2197 4994; x_wconf 90' lang='lat' dir='ltr'><strong><em>iis</em></strong></span> 
     </span>
    </p>
   </div>
   <div class='ocr_carea' id='block_1_66' title="bbox 537 5025 2196 5098">
    <p class='ocr_par' dir='ltr' id='par_1_66' title="bbox 537 5025 2196 5098">
     <span class='ocr_line' id='line_1_66' title="bbox 537 5025 2196 5098; baseline 0.001 -16"><span class='ocrx_word' id='word_1_436' title='bbox 537 5025 641 5098; x_wconf 91' lang='lat' dir='ltr'><strong><em>qui</em></strong></span> <span class='ocrx_word' id='word_1_437' title='bbox 670 5026 970 5097; x_wconf 85' lang='lat' dir='ltr'><strong><em>Ancyram</em></strong></span> <span class='ocrx_word' id='word_1_438' title='bbox 1008 5025 1366 5082; x_wconf 88' lang='lat' dir='ltr'><strong><em>habitabant</em></strong></span> <span class='ocrx_word' id='word_1_439' title='bbox 1391 5025 1585 5082; x_wconf 78' lang='lat' dir='ltr'><strong><em>affecit</em></strong></span> <span class='ocrx_word' id='word_1_440' title='bbox 1614 5027 1905 5083; x_wconf 77' lang='lat' dir='ltr'><strong><em>beneficio</em></strong></span> <span class='ocrx_word' id='word_1_441' title='bbox 1937 5050 1948 5082; x_wconf 90' lang='lat'><strong>:</strong></span> <span class='ocrx_word' id='word_1_442' title='bbox 1981 5028 2196 5084; x_wconf 91' lang='lat' dir='ltr'><strong><em>multos</em></strong></span> 
     </span>
    </p>
   </div>
   <div class='ocr_carea' id='block_1_67' title="bbox 539 5113 2198 5184">
    <p class='ocr_par' dir='ltr' id='par_1_67' title="bbox 539 5113 2198 5184">
     <span class='ocr_line' id='line_1_67' title="bbox 539 5113 2198 5184; baseline 0.001 -14"><span class='ocrx_word' id='word_1_443' title='bbox 539 5119 736 5170; x_wconf 91' lang='lat' dir='ltr'><strong><em>autem</em></strong></span> <span class='ocrx_word' id='word_1_444' title='bbox 781 5114 962 5171; x_wconf 90' lang='lat' dir='ltr'><strong><em>verbo</em></strong></span> <span class='ocrx_word' id='word_1_445' title='bbox 988 5113 1354 5184; x_wconf 90' lang='lat' dir='ltr'><strong><em>illuminans,</em></strong></span> <span class='ocrx_word' id='word_1_446' title='bbox 1389 5113 1520 5170; x_wconf 85' lang='lat' dir='ltr'><strong><em>fecit</em></strong></span> <span class='ocrx_word' id='word_1_447' title='bbox 1552 5114 1779 5171; x_wconf 89' lang='lat' dir='ltr'><strong><em>Christo</em></strong></span> <span class='ocrx_word' id='word_1_448' title='bbox 1823 5115 2062 5172; x_wconf 90' lang='lat' dir='ltr'><strong><em>credere</em></strong></span> <span class='ocrx_word' id='word_1_449' title='bbox 2095 5133 2106 5170; x_wconf 88' lang='lat'><strong>:</strong></span> <span class='ocrx_word' id='word_1_450' title='bbox 2141 5122 2198 5172; x_wconf 90' lang='lat' dir='ltr'><strong><em>et</em></strong></span> 
     </span>
    </p>
   </div>
   <div class='ocr_carea' id='block_1_68' title="bbox 541 5203 2200 5277">
    <p class='ocr_par' dir='ltr' id='par_1_68' title="bbox 541 5203 2200 5277">
     <span class='ocr_line' id='line_1_68' title="bbox 541 5203 2200 5277; baseline 0.001 -19"><span class='ocrx_word' id='word_1_451' title='bbox 541 5203 757 5260; x_wconf 89' lang='lat' dir='ltr'><strong><em>multos</em></strong></span> <span class='ocrx_word' id='word_1_452' title='bbox 779 5220 850 5260; x_wconf 87' lang='lat' dir='ltr'><strong><em>ex</em></strong></span> <span class='ocrx_word' id='word_1_453' title='bbox 881 5203 972 5272; x_wconf 90' lang='lat' dir='ltr'><strong><em>iis,</em></strong></span> <span class='ocrx_word' id='word_1_454' title='bbox 1004 5203 1105 5275; x_wconf 91' lang='lat' dir='ltr'><strong>qui</strong></span> <span class='ocrx_word' id='word_1_455' title='bbox 1133 5218 1168 5260; x_wconf 90' lang='lat' dir='ltr'><strong><em>a</em></strong></span> <span class='ocrx_word' id='word_1_456' title='bbox 1216 5203 1647 5275; x_wconf 89' lang='lat' dir='ltr'><strong><em>potentioribus</em></strong></span> <span class='ocrx_word' id='word_1_457' title='bbox 1701 5204 2200 5277; x_wconf 90' lang='lat' dir='ltr'><strong><em>opprimebantur</em></strong></span> 
     </span>
    </p>
   </div>
   <div class='ocr_carea' id='block_1_69' title="bbox 543 5291 2201 5365">
    <p class='ocr_par' dir='ltr' id='par_1_69' title="bbox 543 5291 2201 5365">
     <span class='ocr_line' id='line_1_69' title="bbox 543 5291 2201 5365; baseline 0.001 -19"><span class='ocrx_word' id='word_1_458' title='bbox 543 5292 874 5361; x_wconf 88' lang='lat' dir='ltr'><strong><em>calumniis,</em></strong></span> <span class='ocrx_word' id='word_1_459' title='bbox 903 5291 1177 5348; x_wconf 87' lang='lat' dir='ltr'><strong><em>liberavit</em></strong></span> <span class='ocrx_word' id='word_1_460' title='bbox 1218 5291 1296 5348; x_wconf 90' lang='lat' dir='ltr'><strong><em>ab</em></strong></span> <span class='ocrx_word' id='word_1_461' title='bbox 1335 5291 1584 5363; x_wconf 86' lang='lat' dir='ltr'><strong><em>injuriis.</em></strong></span> <span class='ocrx_word' id='word_1_462' title='bbox 1627 5295 1734 5348; x_wconf 89' lang='lat' dir='ltr'><strong><em>Pro</em></strong></span> <span class='ocrx_word' id='word_1_463' title='bbox 1775 5293 1844 5347; x_wconf 90' lang='lat' dir='ltr'><strong><em>iis</em></strong></span> <span class='ocrx_word' id='word_1_464' title='bbox 1874 5308 2034 5358; x_wconf 88' lang='lat' dir='ltr'><strong><em>vero,</em></strong></span> <span class='ocrx_word' id='word_1_465' title='bbox 2071 5293 2201 5365; x_wconf 91' lang='lat' dir='ltr'><strong><em>qui-</em></strong></span> 
     </span>
    </p>
   </div>
   <div class='ocr_carea' id='block_1_70' title="bbox 541 5379 2199 5454">
    <p class='ocr_par' dir='ltr' id='par_1_70' title="bbox 541 5379 2199 5454">
     <span class='ocr_line' id='line_1_70' title="bbox 541 5379 2199 5454; baseline 0.002 -19"><span class='ocrx_word' id='word_1_466' title='bbox 541 5379 658 5435; x_wconf 89' lang='lat' dir='ltr'><strong><em>bus</em></strong></span> <span class='ocrx_word' id='word_1_467' title='bbox 682 5381 844 5452; x_wconf 89' lang='lat' dir='ltr'><strong><em>ipsos</em></strong></span> <span class='ocrx_word' id='word_1_468' title='bbox 880 5380 1161 5438; x_wconf 75' lang='lat' dir='ltr'><strong><em>affecerat</em></strong></span> <span class='ocrx_word' id='word_1_469' title='bbox 1187 5380 1515 5447; x_wconf 83' lang='lat' dir='ltr'><strong><em>beneﬁciis,</em></strong></span> <span class='ocrx_word' id='word_1_470' title='bbox 1545 5396 1738 5454; x_wconf 62' lang='lat' dir='ltr'><strong><em>poenae</em></strong></span> <span class='ocrx_word' id='word_1_471' title='bbox 1771 5381 1847 5438; x_wconf 91' lang='lat' dir='ltr'><strong><em>ab</em></strong></span> <span class='ocrx_word' id='word_1_472' title='bbox 1877 5397 1947 5438; x_wconf 92' lang='lat' dir='ltr'><strong><em>eo</em></strong></span> <span class='ocrx_word' id='word_1_473' title='bbox 1978 5388 2199 5438; x_wconf 74' lang='lat' dir='ltr'><strong><em>exactaa</em></strong></span> 
     </span>
    </p>
   </div>
   <div class='ocr_carea' id='block_1_71' title="bbox 545 5469 2200 5543">
    <p class='ocr_par' dir='ltr' id='par_1_71' title="bbox 545 5469 2200 5543">
     <span class='ocr_line' id='line_1_71' title="bbox 545 5469 2200 5543; baseline 0.002 -21"><span class='ocrx_word' id='word_1_474' title='bbox 545 5473 722 5533; x_wconf 85' lang='lat' dir='ltr'><strong><em>sunt;</em></strong></span> <span class='ocrx_word' id='word_1_475' title='bbox 755 5474 857 5525; x_wconf 86' lang='lat' dir='ltr'><strong><em>aut</em></strong></span> <span class='ocrx_word' id='word_1_476' title='bbox 900 5471 1098 5542; x_wconf 87' lang='lat' dir='ltr'><strong><em>potius</em></strong></span> <span class='ocrx_word' id='word_1_477' title='bbox 1129 5470 1393 5543; x_wconf 91' lang='lat' dir='ltr'><strong><em>seipsum</em></strong></span> <span class='ocrx_word' id='word_1_478' title='bbox 1420 5469 1607 5526; x_wconf 89' lang='lat' dir='ltr'><strong><em>libens</em></strong></span> <span class='ocrx_word' id='word_1_479' title='bbox 1636 5469 1896 5536; x_wconf 86' lang='lat' dir='ltr'><strong><em>tradidit,</em></strong></span> <span class='ocrx_word' id='word_1_480' title='bbox 1947 5469 2200 5543; x_wconf 88' lang='lat' dir='ltr'><strong><em>fortique</em></strong></span> 
     </span>
    </p>
   </div>
   <div class='ocr_carea' id='block_1_72' title="bbox 549 5555 2202 5630">
    <p class='ocr_par' dir='ltr' id='par_1_72' title="bbox 549 5555 2202 5630">
     <span class='ocr_line' id='line_1_72' title="bbox 549 5555 2202 5630; baseline 0.001 -18"><span class='ocrx_word' id='word_1_481' title='bbox 549 5560 604 5612; x_wconf 91' lang='lat' dir='ltr'><strong><em>et</em></strong></span> <span class='ocrx_word' id='word_1_482' title='bbox 633 5555 864 5613; x_wconf 78' lang='lat' dir='ltr'><strong><em>excelso</em></strong></span> <span class='ocrx_word' id='word_1_483' title='bbox 891 5559 1090 5615; x_wconf 89' lang='lat' dir='ltr'><strong><em>animo</em></strong></span> <span class='ocrx_word' id='word_1_484' title='bbox 1125 5558 1252 5616; x_wconf 89' lang='lat' dir='ltr'><strong><em>tulit</em></strong></span> <span class='ocrx_word' id='word_1_485' title='bbox 1299 5559 1683 5616; x_wconf 88' lang='lat' dir='ltr'><strong><em>calamitates.</em></strong></span> <span class='ocrx_word' id='word_1_486' title='bbox 1721 5561 1852 5615; x_wconf 86' lang='lat' dir='ltr'><strong><em>Erat</em></strong></span> <span class='ocrx_word' id='word_1_487' title='bbox 1884 5559 2042 5615; x_wconf 92' lang='lat' dir='ltr'><strong><em>enim</em></strong></span> <span class='ocrx_word' id='word_1_488' title='bbox 2073 5559 2202 5630; x_wconf 90' lang='lat' dir='ltr'><strong><em>ejus</em></strong></span> 
     </span>
    </p>
   </div>
   <div class='ocr_carea' id='block_1_73' title="bbox 549 5646 2201 5722">
    <p class='ocr_par' dir='ltr' id='par_1_73' title="bbox 549 5646 2201 5722">
     <span class='ocr_line' id='line_1_73' title="bbox 549 5646 2201 5722; baseline 0.002 -19"><span class='ocrx_word' id='word_1_489' title='bbox 549 5659 786 5719; x_wconf 85' lang='lat' dir='ltr'><strong><em>semper</em></strong></span> <span class='ocrx_word' id='word_1_490' title='bbox 811 5646 890 5705; x_wconf 82' lang='lat' dir='ltr'><strong><em>ad</em></strong></span> <span class='ocrx_word' id='word_1_491' title='bbox 914 5649 1099 5705; x_wconf 89' lang='lat' dir='ltr'><strong><em>Deum</em></strong></span> <span class='ocrx_word' id='word_1_492' title='bbox 1129 5662 1365 5720; x_wconf 89' lang='lat' dir='ltr'><strong><em>scopus,</em></strong></span> <span class='ocrx_word' id='word_1_493' title='bbox 1387 5648 1558 5722; x_wconf 91' lang='lat' dir='ltr'><strong><em>cujus</em></strong></span> <span class='ocrx_word' id='word_1_494' title='bbox 1585 5649 1762 5708; x_wconf 88' lang='lat' dir='ltr'><strong><em>etiam</em></strong></span> <span class='ocrx_word' id='word_1_495' title='bbox 1788 5647 1896 5706; x_wconf 83' lang='lat' dir='ltr'><strong><em>fuit</em></strong></span> <span class='ocrx_word' id='word_1_496' title='bbox 1918 5647 2201 5708; x_wconf 85' lang='lat' dir='ltr'><strong><em>imitator.</em></strong></span> 
     </span>
    </p>
   </div>
   <div class='ocr_carea' id='block_1_74' title="bbox 2381 4933 3885 5013">
    <p class='ocr_par' dir='ltr' id='par_1_74' title="bbox 2381 4933 3885 5013">
     <span class='ocr_line' id='line_1_74' title="bbox 2381 4933 3885 5013; baseline 0 -22"><span class='ocrx_word' id='word_1_497' title='bbox 2381 4937 2446 4991; x_wconf 66' lang='lat' dir='ltr'><strong><em>B&#39;.</em></strong></span> <span class='ocrx_word' id='word_1_498' title='bbox 2508 4937 2672 4998; x_wconf 79' lang='grc' dir='ltr'><strong>Οὗτος</strong></span> <span class='ocrx_word' id='word_1_499' title='bbox 2717 4933 2804 4988; x_wconf 75' lang='grc' dir='ltr'><strong>οὖν</strong></span> <span class='ocrx_word' id='word_1_500' title='bbox 2862 4939 2886 4989; x_wconf 83' lang='grc' dir='ltr'><strong><em>ὁ</em></strong></span> <span class='ocrx_word' id='word_1_501' title='bbox 2949 4939 3206 5010; x_wconf 80' lang='grc' dir='ltr'><strong>μακάριος</strong></span> <span class='ocrx_word' id='word_1_502' title='bbox 3258 4937 3470 5000; x_wconf 78' lang='grc' dir='ltr'><strong>πολλοὺς</strong></span> <span class='ocrx_word' id='word_1_503' title='bbox 3520 4943 3609 5013; x_wconf 65' lang='grc' dir='ltr'><strong><em>μὲν</em></strong></span> <span class='ocrx_word' id='word_1_504' title='bbox 3663 4946 3754 4992; x_wconf 87' lang='grc' dir='ltr'><strong>τῶν</strong></span> <span class='ocrx_word' id='word_1_505' title='bbox 3802 4938 3885 4991; x_wconf 70' lang='grc' dir='ltr'><strong><em>τὴν</em></strong></span> 
     </span>
    </p>
   </div>
   <div class='ocr_carea' id='block_1_75' title="bbox 2307 5024 3887 5101">
    <p class='ocr_par' dir='ltr' id='par_1_75' title="bbox 2307 5024 3887 5101">
     <span class='ocr_line' id='line_1_75' title="bbox 2307 5024 3887 5101; baseline -0.003 -20"><span class='ocrx_word' id='word_1_506' title='bbox 2307 5026 2575 5100; x_wconf 67' lang='grc' dir='ltr'><strong>’Ἄγκυραν</strong></span> <span class='ocrx_word' id='word_1_507' title='bbox 2629 5027 2899 5080; x_wconf 86' lang='grc' dir='ltr'><strong>οἰκούντων</strong></span> <span class='ocrx_word' id='word_1_508' title='bbox 2958 5027 3243 5101; x_wconf 65' lang='grc' dir='ltr'><strong>εὐηργέτει,</strong></span> <span class='ocrx_word' id='word_1_509' title='bbox 3293 5028 3510 5090; x_wconf 79' lang='grc' dir='ltr'><strong>πολλοὺς</strong></span> <span class='ocrx_word' id='word_1_510' title='bbox 3552 5026 3610 5081; x_wconf 67' lang='grc' dir='ltr'><strong><em>δὲ</em></strong></span> <span class='ocrx_word' id='word_1_511' title='bbox 3658 5035 3726 5080; x_wconf 85' lang='grc' dir='ltr'><strong>τῶ</strong></span> <span class='ocrx_word' id='word_1_512' title='bbox 3765 5024 3887 5094; x_wconf 73' lang='grc' dir='ltr'><strong><em>λόγῳ</em></strong></span> 
     </span>
    </p>
   </div>
   <div class='ocr_carea' id='block_1_76' title="bbox 2309 5109 3887 5188">
    <p class='ocr_par' dir='ltr' id='par_1_76' title="bbox 2309 5109 3887 5188">
     <span class='ocr_line' id='line_1_76' title="bbox 2309 5109 3887 5188; baseline -0.003 -20"><span class='ocrx_word' id='word_1_513' title='bbox 2309 5119 2543 5188; x_wconf 79' lang='grc' dir='ltr'><strong>φωτίζων</strong></span> <span class='ocrx_word' id='word_1_514' title='bbox 2586 5115 2744 5168; x_wconf 85' lang='grc' dir='ltr'><strong>ἐποίει</strong></span> <span class='ocrx_word' id='word_1_515' title='bbox 2794 5124 3096 5182; x_wconf 77' lang='grc' dir='ltr'><strong>πιστεῦσαι,</strong></span> <span class='ocrx_word' id='word_1_516' title='bbox 3147 5117 3363 5179; x_wconf 72' lang='grc' dir='ltr'><strong>πολλοὺς</strong></span> <span class='ocrx_word' id='word_1_517' title='bbox 3409 5115 3468 5171; x_wconf 71' lang='grc' dir='ltr'><strong>δὲ</strong></span> <span class='ocrx_word' id='word_1_518' title='bbox 3519 5127 3617 5170; x_wconf 83' lang='grc' dir='ltr'><strong>τῶν</strong></span> <span class='ocrx_word' id='word_1_519' title='bbox 3670 5109 3887 5168; x_wconf 82' lang='grc' dir='ltr'><strong>καταδυ-</strong></span> 
     </span>
    </p>
   </div>
   <div class='ocr_carea' id='block_1_77' title="bbox 2307 5205 3889 5280">
    <p class='ocr_par' dir='ltr' id='par_1_77' title="bbox 2307 5205 3889 5280">
     <span class='ocr_line' id='line_1_77' title="bbox 2307 5205 3889 5280; baseline -0.001 -24"><span class='ocrx_word' id='word_1_520' title='bbox 2307 5209 2690 5276; x_wconf 85' lang='grc' dir='ltr'><strong>ναστευομένων</strong></span> <span class='ocrx_word' id='word_1_521' title='bbox 2764 5205 3037 5279; x_wconf 78' lang='grc' dir='ltr'><strong>ἠλευθέρου</strong></span> <span class='ocrx_word' id='word_1_522' title='bbox 3117 5211 3206 5258; x_wconf 83' lang='grc' dir='ltr'><strong><em>καὶ</em></strong></span> <span class='ocrx_word' id='word_1_523' title='bbox 3286 5208 3411 5280; x_wconf 73' lang='grc' dir='ltr'><strong>ὑπὲρ</strong></span> <span class='ocrx_word' id='word_1_524' title='bbox 3499 5207 3566 5258; x_wconf 77' lang='grc' dir='ltr'><strong>ὧν</strong></span> <span class='ocrx_word' id='word_1_525' title='bbox 3641 5205 3889 5277; x_wconf 66' lang='grc' dir='ltr'><strong>εὐηργέτει</strong></span> 
     </span>
    </p>
   </div>
   <div class='ocr_carea' id='block_1_78' title="bbox 2309 5290 3888 5367">
    <p class='ocr_par' dir='ltr' id='par_1_78' title="bbox 2309 5290 3888 5367">
     <span class='ocr_line' id='line_1_78' title="bbox 2309 5290 3888 5367; baseline -0.003 -21"><span class='ocrx_word' id='word_1_526' title='bbox 2309 5297 2490 5346; x_wconf 60' lang='grc' dir='ltr'><strong>τιύτου</strong></span> <span class='ocrx_word' id='word_1_527' title='bbox 2535 5297 2696 5367; x_wconf 76' lang='grc' dir='ltr'><strong>χάριν</strong></span> <span class='ocrx_word' id='word_1_528' title='bbox 2752 5291 2906 5355; x_wconf 85' lang='grc' dir='ltr'><strong>δίκας</strong></span> <span class='ocrx_word' id='word_1_529' title='bbox 2955 5293 3200 5367; x_wconf 72' lang='grc' dir='ltr'><strong>ἀπῃτεῖτο</strong></span> <span class='ocrx_word' id='word_1_530' title='bbox 3236 5313 3246 5324; x_wconf 90' lang='grc'><strong>·</strong></span> <span class='ocrx_word' id='word_1_531' title='bbox 3276 5301 3363 5348; x_wconf 82' lang='grc' dir='ltr'><strong><em>καὶ</em></strong></span> <span class='ocrx_word' id='word_1_532' title='bbox 3419 5295 3544 5347; x_wconf 77' lang='grc' dir='ltr'><strong>ἑκὼν</strong></span> <span class='ocrx_word' id='word_1_533' title='bbox 3592 5290 3766 5348; x_wconf 74' lang='grc' dir='ltr'><strong>ἐδίδου</strong></span> <span class='ocrx_word' id='word_1_534' title='bbox 3807 5291 3888 5341; x_wconf 78' lang='grc' dir='ltr'><strong><em>καὶ</em></strong></span> 
     </span>
    </p>
   </div>
   <div class='ocr_carea' id='block_1_79' title="bbox 2311 5380 3889 5458">
    <p class='ocr_par' dir='ltr' id='par_1_79' title="bbox 2311 5380 3889 5458">
     <span class='ocr_line' id='line_1_79' title="bbox 2311 5380 3889 5458; baseline 0 -23"><span class='ocrx_word' id='word_1_535' title='bbox 2311 5385 2549 5456; x_wconf 74' lang='grc' dir='ltr'><strong>ὑπέμενεν</strong></span> <span class='ocrx_word' id='word_1_536' title='bbox 2609 5387 2696 5444; x_wconf 74' lang='grc' dir='ltr'><strong><em>τὰς</em></strong></span> <span class='ocrx_word' id='word_1_537' title='bbox 2748 5385 3037 5456; x_wconf 73' lang='grc' dir='ltr'><strong>συμφοράς.</strong></span> <span class='ocrx_word' id='word_1_538' title='bbox 3090 5383 3182 5436; x_wconf 79' lang='grc' dir='ltr'><strong>Ἠν</strong></span> <span class='ocrx_word' id='word_1_539' title='bbox 3249 5388 3348 5458; x_wconf 82' lang='grc' dir='ltr'><strong><em>γὰρ</em></strong></span> <span class='ocrx_word' id='word_1_540' title='bbox 3408 5383 3566 5437; x_wconf 73' lang='grc' dir='ltr'><strong>αὐτοῦ</strong></span> <span class='ocrx_word' id='word_1_541' title='bbox 3617 5385 3642 5434; x_wconf 86' lang='grc' dir='ltr'><strong><em>ὁ</em></strong></span> <span class='ocrx_word' id='word_1_542' title='bbox 3714 5380 3889 5435; x_wconf 83' lang='grc' dir='ltr'><strong>σκοπὸς</strong></span> 
     </span>
    </p>
   </div>
   <div class='ocr_carea' id='block_1_80' title="bbox 2310 5462 3889 5546">
    <p class='ocr_par' dir='ltr' id='par_1_80' title="bbox 2310 5462 3889 5546">
     <span class='ocr_line' id='line_1_80' title="bbox 2310 5462 3889 5546; baseline -0.004 -20"><span class='ocrx_word' id='word_1_543' title='bbox 2310 5475 2435 5546; x_wconf 84' lang='grc' dir='ltr'><strong>πρὸς</strong></span> <span class='ocrx_word' id='word_1_544' title='bbox 2490 5477 2574 5525; x_wconf 83' lang='grc' dir='ltr'><strong>τὸν</strong></span> <span class='ocrx_word' id='word_1_545' title='bbox 2635 5477 2842 5544; x_wconf 84' lang='grc' dir='ltr'><strong>Κύριον,</strong></span> <span class='ocrx_word' id='word_1_546' title='bbox 2899 5473 2959 5524; x_wconf 78' lang='grc' dir='ltr'><strong>οὗ</strong></span> <span class='ocrx_word' id='word_1_547' title='bbox 3036 5478 3123 5526; x_wconf 81' lang='grc' dir='ltr'><strong><em>καὶ</em></strong></span> <span class='ocrx_word' id='word_1_548' title='bbox 3195 5477 3421 5544; x_wconf 84' lang='grc' dir='ltr'><strong>μιμητὴς</strong></span> <span class='ocrx_word' id='word_1_549' title='bbox 3480 5477 3688 5543; x_wconf 77' lang='grc' dir='ltr'><strong>ἐγένετο.</strong></span> <span class='ocrx_word' id='word_1_550' title='bbox 3745 5466 3816 5521; x_wconf 85' lang='grc' dir='ltr'><strong><em>Δι’</em></strong></span> <span class='ocrx_word' id='word_1_551' title='bbox 3867 5462 3889 5514; x_wconf 86' lang='grc' dir='ltr'><strong><em>ὃ</em></strong></span> 
     </span>
    </p>
   </div>
   <div class='ocr_carea' id='block_1_81' title="bbox 2310 5553 3888 5636">
    <p class='ocr_par' dir='ltr' id='par_1_81' title="bbox 2310 5553 3888 5636">
     <span class='ocr_line' id='line_1_81' title="bbox 2310 5553 3888 5636; baseline -0.003 -23"><span class='ocrx_word' id='word_1_552' title='bbox 2310 5566 2398 5613; x_wconf 82' lang='grc' dir='ltr'><strong><em>καὶ</em></strong></span> <span class='ocrx_word' id='word_1_553' title='bbox 2458 5561 2655 5636; x_wconf 78' lang='grc' dir='ltr'><strong>θαρρῶν</strong></span> <span class='ocrx_word' id='word_1_554' title='bbox 2711 5560 2864 5634; x_wconf 72' lang='grc' dir='ltr'><strong>ἀπῄει</strong></span> <span class='ocrx_word' id='word_1_555' title='bbox 2918 5560 3003 5614; x_wconf 83' lang='grc' dir='ltr'><strong>ἐπὶ</strong></span> <span class='ocrx_word' id='word_1_556' title='bbox 3062 5566 3154 5619; x_wconf 80' lang='grc' dir='ltr'><strong>τὴν</strong></span> <span class='ocrx_word' id='word_1_557' title='bbox 3225 5565 3474 5636; x_wconf 87' lang='grc' dir='ltr'><strong>τιμωρίαν</strong></span> <span class='ocrx_word' id='word_1_558' title='bbox 3525 5559 3783 5632; x_wconf 80' lang='grc' dir='ltr'><strong>ἀγόμενος.</strong></span> <span class='ocrx_word' id='word_1_559' title='bbox 3836 5553 3888 5604; x_wconf 86' lang='grc' dir='ltr'><strong>Ὀ</strong></span> 
     </span>
    </p>
   </div>
   <div class='ocr_carea' id='block_1_82' title="bbox 2313 5642 3888 5724">
    <p class='ocr_par' dir='ltr' id='par_1_82' title="bbox 2313 5642 3888 5724">
     <span class='ocr_line' id='line_1_82' title="bbox 2313 5642 3888 5724; baseline -0.007 -20"><span class='ocrx_word' id='word_1_560' title='bbox 2313 5645 2370 5704; x_wconf 66' lang='grc' dir='ltr'><strong><em>δε</em></strong></span> <span class='ocrx_word' id='word_1_561' title='bbox 2423 5647 2666 5724; x_wconf 79' lang='grc' dir='ltr'><strong>βικάριος</strong></span> <span class='ocrx_word' id='word_1_562' title='bbox 2730 5651 3070 5723; x_wconf 81' lang='grc' dir='ltr'><strong>Ἀγριππῖνος</strong></span> <span class='ocrx_word' id='word_1_563' title='bbox 3131 5652 3455 5723; x_wconf 86' lang='grc' dir='ltr'><strong>προκαθίσας</strong></span> <span class='ocrx_word' id='word_1_564' title='bbox 3510 5647 3559 5701; x_wconf 81' lang='grc' dir='ltr'><strong>ἐν</strong></span> <span class='ocrx_word' id='word_1_565' title='bbox 3624 5654 3683 5720; x_wconf 71' lang='grc' dir='ltr'><strong>τῇ</strong></span> <span class='ocrx_word' id='word_1_566' title='bbox 3737 5642 3888 5718; x_wconf 83' lang='grc' dir='ltr'><strong>βασι-</strong></span> 
     </span>
    </p>
   </div>
  </div>
