4142 6196
309 274 414 333 405

1654 269 1814 323 VlTA
1860 268 1924 325 S.
1962 268 2330 326 PLATONIS.

3570 280 3673 334 406

307 399 417 469 λικῇ
477 400 725 471 ἄντικρυς
764 406 855 450 τοῦ
922 401 1058 461 Διὸς,
1113 396 1369 449 ἓκελευσεν
1427 403 1765 471 παραστῆναι
1820 398 1905 447 τόν

2020 396 2422 461 Quamobrem
2452 414 2589 455 cum
2622 400 3036 471 abduceretur,
3078 404 3385 462 conﬁdens
3434 405 3558 462 ibat
3592 405 3671 461 ad

307 491 571 562 μάρτυρα.
647 488 704 539 Ὀ
787 484 845 539 δε
927 486 1120 559 βοηθὸς
1187 490 1301 558 ἔφη·
1352 486 1603 543 Ἓστηκεν
1658 489 1755 560 πρὸ
1818 492 1907 537 τοῦ

307 576 551 649 βηματός
603 596 717 641 σου,
772 579 938 649 κύριε.
990 577 1328 649 Ἀγριππῖνος
1378 572 1530 626 εἶπεν·
1594 580 1777 635 Πάσης
1816 583 1909 636 τῆς

306 668 613 738 οἰκουμένης
672 666 717 717 ἐν
780 668 990 737 ἡσυχία
1048 661 1362 735 διαγούσης,
1416 666 1496 715 ἵνα
1549 670 1598 714 τί
1654 664 1806 724 αύτός
1862 663 1908 715 ἐν

304 759 534 827 τοσαύτη
592 760 682 807 καὶ
730 755 1013 826 τηλικαύτῃ
1068 756 1395 813 καθέστηκας
1450 753 1610 825 πλάνη
1650 770 1663 817 ς
1698 754 1907 805 Πλάτων

308 843 464 897 εἶπεν·
526 844 695 917 ’Υμεῖς
756 846 871 896 ἐστε
920 847 967 896 οἱ
1015 844 1062 895 ἐν
1112 843 1274 916 πλάνη
1332 840 1596 913 διάγοντες
1649 846 1732 893 τόν
1786 846 1907 894 Θεὸν

307 938 395 985 τόν
435 953 737 990 ποιησαντα
784 939 868 985 τόν
918 934 1131 1007 οὐρανόν
1184 939 1272 984 καὶ
1323 936 1414 989 τὴν
1461 940 1559 1002 γῆν
1613 936 1703 983 σὺν
1754 937 1907 983 παντὶ

307 1032 378 1092 τῷ
434 1028 618 1094 κόσμῳ
676 1023 834 1074 αύτοῡ
892 1028 980 1073 καὶ
1038 1022 1301 1094 σεϐόμενοι
1350 1022 1521 1082 λίθους
1568 1020 1907 1092 πεπελεκημέ-

303 1132 421 1173 νονς
480 1118 570 1164 καὶ
624 1112 750 1175 ξύλα
800 1114 970 1174 σαθρὰ
1014 1115 1139 1185 ἔργα
1184 1120 1376 1186 χειρῶν
1428 1110 1727 1182 ἀνθρώπων.
1759 1110 1816 1161 Ὀ
1849 1106 1906 1161 δὲ

304 1201 645 1272 Ἀγριππίνος
697 1205 810 1273 ἔφη·
862 1205 931 1257 Τὸ
982 1205 1091 1253 νέον
1148 1209 1237 1260 τῆς
1290 1200 1493 1261 ἡλικίας
1534 1208 1829 1274 προπετεῑν⁴

304 1299 443 1342 ποιεῖ
491 1297 582 1343 καὶ
630 1291 777 1364 ὕϐριν
829 1291 885 1343 ού
924 1296 1015 1348 τὴν
1060 1292 1333 1361 τυχούσάν
1368 1308 1451 1341 σοι
1500 1289 1748 1361 προξενεῖ,
1788 1289 1905 1341 Εἰπὲ

1852 1219 1907 1251 σε

306 1378 394 1431 οὖν
433 1401 545 1451 μοι,
594 1386 744 1442 ποίας
797 1383 1073 1453 θρησκείας
1124 1382 1185 1447 εἴ,
1227 1385 1312 1431 καὶ
1364 1384 1513 1438 ποίας
1561 1382 1735 1448 τύχης
1784 1398 1907 1447 τυγ-

304 1473 498 1541 χάνεις,
564 1472 593 1529 ἡ
650 1476 699 1521 τί
744 1474 799 1521 τό
856 1472 1014 1541 ὄνομά
1075 1489 1168 1521 σου
1203 1487 1215 1535 ;
1253 1470 1457 1521 Πλάτων
1514 1466 1666 1519 εἶπεν·
1730 1468 1904 1529 Θέλεις

304 1561 504 1629 μαθεῖν,
602 1565 754 1618 ποίας
823 1561 1098 1630 θρησκείας
1183 1559 1286 1629 εἰμί
1333 1574 1346 1623 ;
1393 1563 1699 1631 Χριστιανός
1778 1557 1899 1627 εἰμι.

309 1648 649 1719 Ἀγριππῖνος
702 1652 820 1720 ἔφη’
888 1652 956 1700 T6
998 1652 1139 1722 παρά
1192 1647 1469 1720 ἀνθρώπων
1513 1666 1597 1697 σοι
1641 1646 1903 1717 κληρωθεν

306 1743 462 1807 ὄνομα
512 1736 663 1809 λέγω
722 1737 800 1790 ὃτι
854 1741 955 1809 γὰρ
1019 1742 1331 1812 Χριστιανός
1388 1734 1448 1799 εἶ,
1527 1735 1671 1806 κάγὼ
1753 1733 1893 1787 οἶδα’
1936 1741 1979 1795 Β

310 1825 426 1877 ἀλλά
490 1826 749 1879 ἐκέλευσεν
826 1828 850 1877 6
928 1826 1262 1900 αὐτοκράτωρ
1347 1822 1549 1897 μηδένα
1632 1826 1898 1896 ἄνθρωπον

305 1915 648 1986 ὀνομάζεσθαι
697 1920 1029 1987 Χριστιανὸν.
1090 1915 1298 1968 Πλάτων
1379 1922 1532 1966 εἶπεν·
1590 1914 1647 1965 Εἰ
1718 1916 1897 1985 μαθεῖν

1777 2010 1896 2075 Χρι-

304 2100 508 2154 στιανός
558 2094 681 2165 εἰμι’
735 2094 777 2145 εἰ
831 2091 889 2145 δὲ
939 2099 1027 2145 καὶ
1078 2097 1133 2145 τό
1188 2098 1347 2164 ὄνομα
1402 2092 1559 2154 θέλεις
1606 2093 1789 2163 μαθεῖν
1839 2096 1894 2143 τὸ

304 2004 474 2067 θεἿεις,
530 2009 680 2063 ποίας
734 2007 1011 2070 θρησκείας
1067 2004 1193 2075 εἰμὶ,
1255 2002 1391 2055 εἷπον
1449 1999 1555 2060 ἤδη
1608 2004 1687 2054 ὅτι

300 2187 441 2255 παρὰ
499 2191 599 2234 τῶν
638 2186 823 2254 γονέων
855 2203 952 2253 μου
1003 2182 1281 2253 κληρωθὲν,
1318 2181 1528 2232 Πλάτων
1576 2180 1793 2251 λέγομαι
1838 2180 1894 2231 ἐκ

301 2270 515 2331 παιδος·
578 2280 809 2339 Χριστου
868 2270 1052 2330 δοῦλός
1118 2272 1222 2341 εἰμι
1302 2271 1357 2321 ἐκ
1431 2270 1629 2331 κοιλίας
1702 2274 1893 2341 μητρός

298 2382 415 2431 μου·
478 2362 667 2423 πόλεως
728 2358 785 2413 δε
846 2370 934 2421 τῆς
982 2361 1200 2413 ἐνταυθα
1271 2362 1540 2431 τυγχάνω
1602 2358 1891 2431 ἐκρατήθην

298 2448 355 2502 δὲ
401 2456 467 2512 ως
515 2452 753 2511 θεοσεϐὴς
797 2456 886 2503 καὶ
936 2448 1121 2511 δοῦλος
1168 2457 1417 2521 Χριστοῦ·
1468 2454 1556 2500 καὶ
1610 2453 1691 2499 σοὶ
1732 2467 1893 2520 προσ-

295 2543 523 2611 ηνέχθην
572 2547 661 2592 καὶ
715 2546 982 2612 πρόκειταί
1035 2559 1124 2610 μοι
1197 2536 1290 2591 διὰ
1353 2540 1575 2611 Χριστὸν
1650 2539 1887 2599 θάνατος,

294 2630 347 2680 όν
402 2632 697 2688 ὑποστῆναί
751 2648 813 2700 με
866 2626 945 2680 δεῖ
996 2632 1138 2700 παρά
1172 2636 1291 2683 σού.
1350 2624 1603 2679 Ποίειούν
1636 2628 1661 2677 ὅ
1708 2626 1883 2688 θέλεις.

2018 486 2397 558 supplicium.
2420 488 2682 544 Vicarius
2700 496 2902 546 autem
2928 493 3287 565 Agrippinus
3310 511 3447 549 cum
3471 500 3671 566 aperte

2018 575 2391 646 praesedisset
2418 578 2472 631 in
2499 579 2660 633 Jovis
2692 579 2958 650 basilica,
2984 582 3159 650 jussit
3186 582 3304 635 sisti
3326 586 3667 653 martyrem.

2016 666 2331 736 Apparitor
2375 674 2570 721 autem
2619 666 2763 723 dixit
2799 690 2809 723 :
2847 672 2967 725 Stat
2998 676 3133 726 ante
3176 675 3343 725 tuum
3388 670 3666 737 tribunal,

2015 753 2274 808 domine.
2315 755 2461 811 Dixit
2499 757 2901 828 Agrippinus:
2941 758 3083 813 Cum
3114 763 3271 814 totus
3310 758 3473 812 orbis
3504 763 3669 815 terra:

2014 842 2189 911 degat
2228 845 2283 897 in
2319 844 2536 907 ltetitia,
2572 862 2675 899 cur
2704 862 2764 899 es
2796 847 2854 901 in
2888 847 2983 901 tali
3026 853 3083 903 et
3116 852 3277 903 tanto
3309 863 3500 903 errore
3532 864 3668 902 con-

2015 933 2248 988 stitutus
2280 934 2304 987 ?
2336 935 2485 989 Dixit
2547 940 2787 989 sanctus
2830 938 2990 992 Plato
3033 955 3043 991 :
3080 938 3193 992 Vos
3248 938 3404 1002 estis,
3451 938 3550 1008 qui
3611 937 3668 992 in

2015 1037 2209 1075 errore
2264 1022 2472 1091 degitis
2538 1043 2548 1079 :

2014 1110 2227 1165 (uelum
2262 1117 2317 1166 et
2366 1118 2576 1167 terrain
2612 1131 2747 1168 eum
2796 1119 2918 1168 toto
2959 1132 3164 1169 eorum
3198 1120 3409 1169 ornatu
3448 1132 3457 1168 :
3487 1120 3540 1170 et
3569 1131 3664 1169 ex—

2014 1200 2167 1254 cisos
2189 1200 2374 1253 colitis
2394 1202 2621 1271 lapides
2650 1208 2701 1257 et
2722 1203 2879 1273 ligna
2895 1204 3150 1274 putrida,
3172 1220 3353 1274 opera
3372 1220 3665 1259 manuum

2014 1289 2349 1344 hominum.
2383 1292 2529 1344 Dixit
2569 1292 2964 1363 Aerippinus:
2998 1294 3279 1347 Juvenilis
3311 1297 3414 1346 tua
3446 1298 3587 1348 aetas
3616 1298 3666 1347 te

2014 1377 2150 1433 facit
2191 1380 2590 1443 temerarium,
2640 1385 2694 1434 et
2720 1380 2893 1435 eﬂicit
2927 1387 2988 1437 ut
3042 1382 3120 1436 sis
3158 1382 3328 1435 valde
3381 1381 3660 1436 insolens.

2015 1469 2113 1523 Dic
2150 1485 2291 1538 ergo
2328 1468 2490 1531 mihi,
2552 1470 2870 1538 cujusnam
2926 1486 2988 1524 es
3042 1470 3361 1539 religionis,
3391 1475 3447 1524 et
3494 1470 3665 1539 cujus

2014 1558 2373 1613 conditionis
2413 1564 2468 1612 et
2510 1560 2772 1623 civitatis,
2807 1565 2860 1614 et
2918 1560 3081 1631 quod
3146 1568 3228 1615 est
3286 1560 3387 1614 tibi
3420 1575 3661 1614 nomen.

2015 1649 2263 1703 Sanctus
2294 1647 2438 1702 dixit
2472 1649 2633 1703 Plato
2670 1667 2681 1702 :
2728 1651 2781 1703 Si
2817 1648 2953 1704 velis
2986 1650 3131 1704 scire
3198 1649 3512 1719 cujusnam
3550 1649 3661 1704 sim

2012 1737 2473 1807 religionis,sum
2490 1738 2876 1793 Christianus.
2898 1738 3257 1793 Dixitautem
3275 1738 3659 1810 Agrippinus:

2014 1826 2111 1880 Die
2131 1842 2371 1893 nomen,
2400 1828 2559 1899 quod
2592 1828 2695 1882 tibi
2730 1828 2834 1883 fuit
2858 1828 3202 1899 impositum
3232 1828 3657 1899 aparentibus.

2009 1918 2153 1970 Nam
2184 1915 2309 1986 ipse
2350 1932 2589 1987 quoque
2614 1916 2739 1971 seio
2773 1923 2823 1972 te
2860 1933 2989 1972 esse
3018 1916 3437 1971 Christianum.
3480 1916 3661 1970 Jussit

2009 2020 2147 2057 vero
2207 2006 2527 2075 imperator
2592 2006 2820 2061 nullum
2874 2006 3177 2061 hominem
3238 2004 3435 2060 vocari
3498 2003 3659 2059 Chri-

2007 2092 2288 2147 stianum.
2337 2094 2483 2149 Dixit
2514 2103 2756 2150 sanctus
2790 2095 2981 2150 Plato:
3032 2094 3090 2149 Si
3130 2094 3271 2149 velis
3311 2094 3458 2148 scire
3489 2093 3659 2163 cujus

2006 2182 2119 2236 sim
2148 2182 2462 2251 religionis,
2494 2184 2621 2253 jam
2657 2184 2775 2238 dixi
2817 2183 2913 2238 tibi
2950 2200 3043 2238 me
3074 2199 3199 2238 esse
3238 2181 3657 2237 Christianum.

2003 2271 2061 2325 Si
2088 2278 2283 2326 autem
2321 2272 2403 2325 vis
2439 2274 2616 2327 etiam
2651 2274 2798 2327 scire
2839 2288 3059 2327 nomen
3110 2271 3252 2327 mihi
3309 2270 3595 2325 tributum
3626 2284 3660 2325 a

2002 2360 2361 2430 parentibus,
2396 2362 2560 2416 dicor
2590 2360 2750 2416 Plato
2781 2378 2814 2415 a
2845 2360 3111 2432 pueritia;
3168 2364 3222 2415 et
3248 2374 3382 2413 sum
3415 2357 3659 2431 quidem

2002 2448 2207 2502 Christi
2236 2466 2443 2503 servus
2462 2450 2539 2504 ab
2564 2456 2724 2504 utero
2751 2449 3121 2505 matris‘meaa
3144 2467 3155 2504 :
3182 2464 3314 2503 sum
3343 2463 3483 2503 vero
3510 2446 3657 2503 civis

2000 2536 2180 2606 hujus
2209 2538 2477 2591 civitatis.
2505 2541 2669 2593 Nunc
2690 2545 2888 2593 autem
2922 2554 3053 2592 sum
3078 2541 3281 2607 captus
3302 2541 3355 2591 et
3376 2535 3453 2591 ad
3483 2540 3533 2590 te
3559 2534 3657 2590 ad-

2000 2625 2233 2689 ductus,
2271 2631 2555 2698 tanquam
2591 2628 2721 2697 pius
2760 2632 2813 2683 et
2855 2626 3061 2682 Christi
3104 2642 3329 2682 servus.
3363 2624 3660 2689 Quamob-

291 2735 416 2773 rem
456 2736 615 2773 mors
641 2726 725 2774 est
752 2718 894 2773 mihi
928 2719 1231 2789 proposita
1266 2721 1505 2788 propter
1547 2716 1863 2781 Christum,
1913 2730 2093 2787 quam
2120 2720 2351 2786 oportet
2374 2731 2466 2771 me
2499 2731 2535 2771 a
2566 2721 2621 2771 te
2652 2720 3004 2786 exspectare.
3043 2715 3151 2770 Fac
3182 2728 3324 2783 ergo
3350 2713 3465 2768 cito
3498 2710 3659 2784 quod

300 2808 415 2862 scis
453 2816 508 2862 et
550 2808 822 2863 statuisti.

376 2896 450 2955 1".
489 2897 548 2949 Ὀ
584 2893 641 2948 δε
665 2898 1005 2968 Ἀγριππῖνος
1032 2899 1120 2968 ἔφη
1139 2940 1149 2951 ,
1179 2895 1253 2947 Ού
1279 2897 1527 2966 συμφέρει
1557 2912 1641 2945 σοι
1664 2898 1720 2944 τό
1746 2897 1904 2963 ὄνομα
1939 2896 1977 2949 C

303 2995 394 3038 τού
440 2994 680 3060 Χριστοῦ
731 2989 864 3037 κατά
920 2983 1156 3037 διάνοιαν
1209 2988 1372 3056 ἔχειν·
1428 2986 1548 3043 τοὺς
1580 2985 1680 3054 γὰρ
1726 2983 1905 3054 ὁμολο-

302 3086 525 3147 γοῦντας
576 3078 730 3129 αὐτόν
778 3079 977 3147 θανάτῳ
1026 3071 1426 3149 παραδίδοσθαι
1484 3075 1509 3125 6
1568 3074 1900 3148 αὐτοκράτωρ

305 3165 583 3231 ἐκέλευσεν,
633 3169 750 3225 τούς
808 3162 865 3217 δε
922 3164 1263 3239 ἀρνουμένους
1314 3169 1491 3231 τιμαῖς
1540 3166 1629 3213 καὶ
1688 3159 1903 3235 δωρεαῖς

306 3254 632 3325 ἀμείϐεσθαι.
702 3258 787 3307 Διό
844 3253 1176 3326 συμϐουλεύω
1231 3271 1314 3303 σοι
1364 3252 1641 3308 πεισθῆναι
1696 3258 1766 3319 τῷ
1814 3258 1901 3302 τού

303 3344 682 3418 αὐτοκράτορος
738 3348 894 3415 νόμῳ,
930 3348 1016 3394 καὶ
1066 3339 1327 3414 κερδῆσαι
1370 3344 1426 3392 τὸ
1473 3348 1636 3392 κακοῦ
1684 3341 1901 3391 θανάτου

302 3441 479 3505 πεῖραν
537 3432 731 3485 λαϐεῖν.
793 3432 1123 3503 Ἀποκριθεὶς
1180 3427 1238 3482 δέ
1302 3431 1509 3483 Πλάτων
1565 3426 1719 3481 εἶπεν·
1767 3430 1902 3498 Ἐγὼ

301 3531 373 3591 τῷ
423 3522 526 3593 ἐμῷ
602 3524 849 3593 πείθομαι
904 3520 1132 3593 βασιλεῖ,
1214 3520 1627 3593 ὧκεκλήρνιιμαισ
1686 3522 1771 3569 τόν
1844 3514 1902 3569 δὲ

303 3616 627 3685 πρόσκαιρον
659 3619 839 3661 τοῦτον
872 3613 1117 3681 αἱροῦμαι
1150 3612 1389 3671 θάνατον,
1438 3610 1525 3658 ἵνα
1560 3612 1651 3664 τὴν
1698 3608 1901 3658 αἰώνιον

305 3701 463 3751 αὐτοῦ
546 3700 920 3771 κληρονομήσω
990 3697 1280 3769 βασιλείαν.
1342 3698 1701 3771 Ἀγριππῖνος,
1745 3696 1897 3765 λέγει·

302 3798 493 3859 ’Υπαγε
544 3788 738 3857 σκέψαι
789 3791 844 3837 τό
894 3791 1151 3860 συμφέρον
1209 3805 1310 3850 σοι,
1344 3786 1424 3836 ἵνα
1477 3789 1546 3856 μὴ
1603 3789 1691 3835 καὶ
1736 3793 1903 3844 κακῶς

306 3877 587 3949 ἀποθάνῃς.
648 3878 976 3949 Ἀποκριθεὶς
1025 3873 1082 3927 δε
1139 3877 1162 3926 6
1212 3876 1356 3945 ἅγιος
1400 3873 1609 3926 Πλάτων
1642 3869 1794 3925 εἶπεν·
1829 3875 1906 3924 Τά

308 3968 634 4039 συμφέροντά
679 3985 768 4036 μοι
797 3967 821 4016 ό
865 3966 1051 4035 Κύριος
1076 3968 1402 4037 μεριμνήσει.
1456 3966 1803 4036 Ἀγριππῖνος
1830 3961 1903 4013 λέ-

302 4074 404 4125 γει’
456 4056 652 4126 Ἐγνως
715 4058 776 4106 τά
828 4056 1208 4127 προστάγματα
1254 4061 1344 4104 τού
1391 4053 1795 4125 αὐτοκράτορος,
1838 4054 1904 4112 ὡς

302 4146 597 4197 κελεύουσιν
634 4148 682 4198 οἱ
728 4146 987 4216 ἄκραντοι
1041 4143 1197 4195 αύτού
1245 4146 1394 4214 νόμοι
1445 4151 1719 4213 πανταχοῦ
1778 4143 1903 4193 πάν-

2087 2896 2170 2947 Ill.
2218 2892 2477 2948 Vicarius
2518 2893 2706 2949 dixit:
2764 2897 2887 2949 Non
2933 2890 3170 2963 expedit
3218 2889 3341 2953 tibi,
3396 2905 3431 2945 ο
3475 2889 3654 2954 Plato,

2010 2981 2282 3037 Cruciﬁxi
2312 2998 2527 3037 nomen
2576 2983 2798 3038 habere
2830 2983 2888 3037 in
2931 2984 3149 3035 mente.
3193 2982 3339 3035 Nam
3388 2977 3489 3050 qui
3520 2993 3659 3033 eum

2012 3071 2387 3138 confitentur,
2431 3072 2599 3143 jubet
2625 3072 2949 3143 imperator
2987 3070 3138 3126 tradi
3173 3068 3343 3124 morti
3386 3066 3656 3123 acerba):

2012 3176 2113 3216 eos
2153 3167 2373 3226 autem,
2406 3162 2507 3232 qui
2532 3162 2726 3232 ipsum
2762 3163 3000 3229 negant,
3034 3158 3203 3213 donis
3235 3155 3510 3212 maximis
3532 3154 3659 3211 afﬁ—

2012 3267 2159 3305 cere.
2195 3250 2596 3311 Quamobrem
2639 3249 2739 3306 tibi
2771 3247 3042 3311 consulo,
3077 3253 3141 3303 ut
3169 3261 3383 3318 pareas
3415 3244 3523 3315 legi
3555 3245 3662 3299 im-

2013 3340 2317 3409 peratoris,
2383 3345 2439 3393 et
2482 3340 2594 3395 hoc
2656 3338 3013 3398 lucrifacias,
3067 3352 3141 3391 ne
3182 3335 3386 3391 mortis
3432 3332 3660 3389 acerbae

2011 3430 2191 3485 facias
2223 3428 2973 3499 periciilum.Respondens
3007 3430 3204 3483 autem
3242 3424 3392 3479 dixit
3421 3428 3663 3479 sanctus

2014 3521 2209 3573 Plato:
2262 3521 2377 3589 Ego
2422 3533 2603 3589 pareo
2658 3534 2791 3572 meo
2840 3517 2995 3587 Regi,
3044 3516 3136 3571 cui
3186 3514 3365 3570 etiam
3417 3512 3603 3567 milito
3644 3528 3658 3576 ;

2013 3614 2262 3662 mortem
2303 3612 2525 3671 autem,
2569 3622 2703 3678 quae
2751 3611 2835 3660 est
2862 3606 2939 3661 ad
2973 3611 3225 3675 tempus,
3253 3603 3431 3672 eligo,
3457 3607 3515 3655 ut
3550 3601 3660 3655 sim

2010 3698 2199 3751 haeres
2231 3696 2394 3767 regni
2425 3694 2644 3750 interni.
2668 3694 2812 3749 Dicit
2840 3694 3229 3765 Agrippinus:
3261 3691 3605 3754 Considera,
3626 3705 3661 3744 ο

2013 3784 2191 3850 Plato,
2217 3784 2506 3855 quidnam
2526 3783 2600 3837 sit
2627 3782 2729 3837 tibi
2754 3780 3146 3846 conducibile,
3167 3795 3241 3834 ne
3260 3779 3413 3834 male
3432 3791 3657 3849 pereas.

2015 3873 2161 3928 Dixit
2179 3877 2421 3927 sanctus
2452 3871 2610 3927 Plato
2646 3887 2655 3925 :
2693 3870 2929 3925 Curabit
2952 3869 3237 3924 Dominus
3268 3884 3338 3922 ea
3364 3882 3498 3939 quae
3527 3868 3664 3920 sunt

2013 3962 2155 4018 mihi
2184 3960 2601 4017 conducibilia.
2652 3960 2801 4015 Dixit
2842 3957 3203 4030 Agrippinus
3239 3974 3249 4011 :
3280 3956 3437 4012 Nosti
3480 3953 3659 4021 Plato,

2005 4054 2178 4123 jussa
2225 4049 2624 4121 imperatoris,
2667 4048 2974 4121 quomodo
3005 4046 3255 4118 jubeant
3300 4046 3663 4099 intemeratae

2013 4141 2140 4211 ejus
2178 4140 2339 4209 leges
2369 4156 2579 4195 omnes
2620 4138 2989 4194 Christianos
3020 4140 3119 4191 aut
3152 4134 3264 4189 diis
3306 4132 3661 4199 sacriﬁcare,

305 4255 392 4294 τας
444 4237 561 4295 τούς
628 4237 966 4307 Χριστιανοὺς
1016 4237 1045 4291 ἦ
1102 4235 1236 4284 θύειν
1278 4231 1307 4289 ἢ
1350 4236 1405 4283 τό
1443 4235 1535 4303 ζῇν
1590 4230 1903 4283 ἀπαλλάττε-

2017 4234 2115 4285 aut
2146 4231 2267 4285 vita
2288 4227 2632 4301 privari?Tu
2660 4243 2799 4297 ergo
2821 4225 3129 4299 quomodo
3150 4224 3335 4279 audes
3349 4223 3473 4277 haec
3494 4223 3665 4292 jussa

310 4326 455 4376 σθαι.
506 4328 573 4374 Σύ
613 4319 699 4373 οὖν
726 4341 834 4383 προς
864 4322 1049 4393 τολμᾷς
1100 4320 1386 4393 ἀνατρέψαι
1426 4323 1487 4371 τα
1524 4323 1904 4393 προστάγματα

306 4422 395 4463 του
452 4410 711 4483 βασιλέως
747 4407 839 4462 διὰ
880 4418 972 4470 τῆς
1021 4417 1289 4483 παρακοῆς
1340 4412 1572 4467 καὶτοὺς
1618 4410 1903 4460 ὑπακούον-

307 4520 393 4560 τας
444 4500 791 4573 ἀνατρέπεις;
841 4499 1043 4550 Πλάτων
1105 4498 1326 4568 γελάσας
1385 4495 1537 4550 εἶπεν
1598 4497 1798 4567 ’Ἐγνως
1846 4501 1903 4549 τό

307 4595 628 4661 πρόσταγμα
676 4596 768 4639 τού
812 4592 937 4641 Θεοῦ
990 4606 1113 4658 μου,
1159 4589 1221 4647 ὡς
1266 4586 1532 4639 κελεύουσί
1580 4607 1668 4657 μοι
1709 4589 1906 4658 ἄχραν-

307 4699 383 4729 τοι
428 4679 589 4729 αὐτοῦ
637 4682 805 4748 νόμοι,
863 4675 1157 4749 ἀνατρέπειν
1211 4695 1303 4736 τας
1352 4683 1452 4726 τῶν
1526 4672 1785 4747 δαιμόνων
1834 4696 1906 4727 τε-

306 4768 453 4827 λετὰς
497 4772 587 4818 καὶ
640 4765 781 4835 αύτῷ
848 4769 983 4836 μόνῳ
1038 4764 1319 4835 λατρεύειν,
1408 4768 1521 4817 ού⁸τε
1598 4784 1681 4816 σοι
1772 4764 1903 4826 ξένον

311 4856 449 4908 ἔστὶν
508 4856 725 4907 ἐπινοεῖν
796 4852 1074 4925 βασάνους.
1149 4856 1261 4905 οὔτε
1320 4850 1378 4906 δε
1434 4852 1519 4925 ἐμὲ
1582 4853 1904 4923 αἰκιζόμενον

308 4949 433 5017 ύπερ
488 4953 585 5005 τῆς
636 4942 898 5004 εὐσεϐείας
950 4941 1317 5000 ἀποθνησκειν.
1371 4947 1436 4993 Σύ
1486 4945 1586 5015 γὰρ
1633 4939 1737 4999 ἤδη
1791 4940 1907 4993 πολ-

306 5036 421 5096 λοὺς
472 5035 554 5085 ἐπὶ
604 5042 663 5091 τῆ
699 5036 915 5105 τοιαύτῃ
968 5034 1209 5084 ὑποθέσει
1264 5030 1472 5095 ἀνεῖλες,
1526 5033 1708 5092 οἵτινες
1764 5036 1905 5088 νική-

311 5143 485 5184 σαντες
532 5127 618 5174 τόν
652 5124 869 5174 θάνατον
902 5118 1222 5179 ἀνεδήσαντο
1262 5122 1398 5171 κατά
1425 5127 1515 5171 τού
1550 5116 1794 5172 διαϐόλου
1823 5123 1905 5172 τόν

308 5221 395 5272 τῆς
426 5210 768 5271 δικαιοσύνης
797 5215 1059 5282 στέφανον.

382 5306 450 5354 Δ’.
499 5307 599 5354 Καὶ
654 5301 678 5351 ό
733 5300 1076 5373 Ἀγριππῖνος
1127 5305 1294 5349 ταῦτα
1344 5297 1574 5361 ἀκούσας
1619 5301 1906 5371 αἱρεσίτρο-

312 5397 406 5452 πός
454 5409 506 5442 τε
561 5390 817 5463 ὑπάρχων
874 5392 963 5438 καὶ
1017 5389 1149 5437 κατά
1197 5397 1295 5438 τῶν
1354 5387 1587 5446 ἀθλητῶν
1632 5396 1721 5447 τῆς
1770 5387 1907 5440 εύσε-

313 5478 456 5541 ϐιίας
513 5475 927 5552 ὑπερϐαλλόντως
989 5476 1308 5547 ἠγριωμένος
1359 5478 1591 5549 καθάπερ
1654 5479 1768 5528 τινὰ
1826 5476 1905 5528 ἐπὶ

316 5574 445 5640 φόνῳ
496 5565 689 5619 ἄλόντα
742 5567 770 5622 ἦ
826 5562 909 5615 ἕπε
957 5582 1059 5615 τινι
1108 5562 1259 5640 ἑτέρῳ
1304 5563 1727 5637 πλημμελήματι.
1770 5568 1913 5619 Μετά

2015 4324 2293 4383 evertere,
2316 4324 2369 4373 et
2388 4316 2973 4388 perinobedientiam
2995 4329 3096 4369 eos
3114 4313 3293 4368 etiam
3316 4312 3417 4384 qui
3438 4310 3541 4366 tibi
3562 4326 3665 4381 pa-

2018 4413 2165 4471 rent,
2196 4408 2443 4463 evertis?
2492 4407 2637 4460 Dixit
2682 4410 2924 4460 sanctus
2974 4400 3464 4471 Plato:Cognovi
3492 4402 3667 4471 jussa

2021 4498 2119 4552 Dei
2184 4512 2317 4559 mei.
2387 4496 2539 4550 sicut
2600 4494 2814 4565 jubent
2879 4492 3006 4563 ejus
3074 4492 3438 4546 intemeratae
3503 4488 3664 4560 leges

2017 4592 2071 4641 et
2105 4586 2333 4640 viviﬁca
2369 4589 2680 4655 praecepta,
2723 4596 2939 4652 nempe
2978 4580 3325 4635 daamonum
3384 4576 3668 4647 mysteria

2017 4680 2294 4739 evertere,
2337 4678 2392 4727 et
2431 4673 2483 4727 ei
2522 4671 2627 4727 soli
2670 4670 2901 4725 servire.
2947 4672 3147 4740 Neque
3222 4667 3381 4722 enim
3428 4670 3515 4721 est
3558 4664 3665 4720 tibi

2015 4780 2242 4820 novum
2277 4768 2331 4817 et
2371 4761 2653 4825 alienum,
2696 4759 3027 4829 excogitare
3076 4760 3375 4812 tormenta
3416 4772 3428 4809 :
3473 4769 3666 4825 neque

2014 4869 2223 4908 rursus
2250 4851 2411 4917 mihi,
2447 4851 2595 4904 mori
2617 4865 2723 4919 pro
2750 4849 2983 4918 pietate.
3001 4847 3085 4900 Tu
3107 4844 3413 4914 enimjam
3448 4843 3666 4897 multos

2017 4941 2299 4996 sustulisti
2345 4940 2419 4995 de
2470 4939 2667 4994 medio
2711 4940 2948 5009 propter
3001 4936 3159 4991 hanc
3207 4932 3663 4996 confessionem,

2015 5033 2138 5103 qui,
2174 5036 2359 5085 morte
2387 5028 2635 5095 devicta,
2682 5026 2920 5098 justitiaa
2971 5027 3329 5095 acceperunt
3382 5034 3665 5077 coronam

2016 5121 2305 5175 adversus
2330 5116 2661 5174 diabolum.

2090 5297 2175 5350 IV.
2207 5293 2568 5366 Agrippinus
2599 5295 2797 5347 autem
2829 5304 2966 5345 cum
2998 5289 3125 5343 haec
3155 5284 3455 5351 audiisset,
3479 5285 3543 5340 ut
3564 5283 3668 5356 qui

2020 5388 2173 5440 esset
2203 5399 2401 5439 saevus
2423 5386 2478 5437 et
2496 5378 2770 5436 belluinis
2799 5377 3087 5440 moribus,
3110 5374 3470 5431 etadversus
3489 5372 3669 5430 athle-

2020 5479 2111 5531 tas
2138 5471 2369 5545 pietatis
2408 5484 2587 5542 supra
2628 5467 2875 5523 modum
2915 5464 3211 5531 efferatus,
3244 5462 3423 5520 veluti
3463 5478 3669 5536 quem-

2020 5564 2165 5638 dam
2194 5562 2374 5625 credis
2403 5574 2590 5631 reum,
2620 5562 2724 5616 aut
2750 5555 2999 5627 alicujus
3028 5555 3268 5614 alterius
3301 5553 3539 5628 magnis
3561 5552 3670 5610 cri-

2621 1029 2675 1079 et
2746 1025 3063 1097 reliquistis
3122 1029 3325 1091 Deum,
3385 1027 3486 1097 qui
3537 1024 3669 1081 fecit
3752 1058 3757 1065 ν
