4034 6206
498 251 601 305 407

1896 243 2157 301 MENSIS
2195 241 2463 301 JULIUS.

3740 253 3838 308 408

498 374 676 432 minis
702 372 1060 440 convictum,
1095 377 1415 444 postquam
1440 371 1571 444 ipse
1614 372 1691 427 ab
1718 370 1884 427 initio
1916 370 2148 427 didicis-

2269 373 2316 423 τὸ
2350 372 2531 442 μαθεῖν
2587 370 2740 423 αὐτόν
2795 370 2851 423 ἐκ
2900 376 3184 445 προοιμίων
3216 377 3308 433 τὴν
3355 376 3541 427 τούτου
3593 380 3711 448 πρὸς
3755 381 3838 431 τὸν

500 470 587 521 set
624 465 752 536 ejus
786 463 847 517 in
889 462 1207 517 Dominum
1255 465 1526 517 nostrum
1584 459 1790 515 Jesum
1851 460 2146 515 Christum

498 557 775 611 virtutem
793 557 846 607 et
874 551 1053 606 ﬁdem
1081 550 1318 605 ﬁrmam
1346 554 1401 605 et
1433 549 1803 604 immobilem
1828 548 2016 618 jubet,
2052 564 2143 603 ex~

501 650 734 700 tensum
759 656 907 695 saeve
926 640 1071 694 caedi
1094 639 1290 695 nervis
1317 639 1581 694 bubulis.
1607 638 1779 704 Quod
1798 654 1933 692 cum
1962 654 2147 708 quam

500 735 763 804 primum
785 730 1005 785 factum
1036 734 1206 793 esset,
1242 734 1295 783 et
1331 732 1590 799 quatuor
1630 728 1841 782 milites
1873 731 2147 782 sanctum

499 821 881 877 verberarent
928 818 1143 873 multas
1185 818 1384 881 horas,
1430 822 1485 871 et
1522 817 1742 872 defessi
1792 823 2007 881 essent,
2051 817 2149 872 alii

502 916 700 968 autem
728 907 1045 963 duodecim
1088 906 1302 961 milites
1344 908 1416 961 ad
1458 907 1515 961 id
1559 906 1766 960 mutati
1827 910 2042 968 essent,
2076 921 2148 961 ne

502 999 621 1055 ulla
648 997 896 1070 quidem
928 996 1166 1051 inventa
1195 1001 1280 1050 est
1309 995 1544 1050 macula
1578 995 1635 1049 in
1679 1010 1924 1065 corpore
1966 994 2148 1049 sancti

501 1088 757 1144 Platonis
791 1104 801 1143 :
832 1086 983 1141 adeo
1043 1089 1104 1140 ut
1169 1100 1379 1139 omnes
1435 1084 1679 1155 quidem
1725 1084 2145 1153 obstupefacti,

503 1193 685 1248 supra
719 1175 965 1231 modum
1007 1174 1282 1230 admirati
1312 1173 1546 1238 fuerint,
1576 1180 1630 1228 et
1672 1190 1705 1228 a
1749 1191 1811 1228 se
1856 1173 2151 1229 discesse-

502 1268 657 1331 rint;
692 1265 819 1337 ipse
848 1268 1046 1320 autem
1078 1262 1332 1319 alacrius
1364 1268 1419 1317 et
1457 1262 1830 1319 constantius
1882 1278 2152 1334 perseve-

503 1354 722 1412 raverit
758 1354 817 1408 in
845 1352 1215 1408 confessione
1256 1350 1487 1416 Christi,
1518 1356 1574 1407 et
1612 1367 1717 1421 per
1747 1351 1964 1407 multas
2006 1350 2150 1406 afﬂi-

504 1445 729 1501 ctiones
755 1441 1123 1499 contenderit
1141 1440 1371 1511 ingredi
1400 1440 1458 1495 in
1483 1455 1736 1511 regnum
1759 1439 1873 1511 Dei,
1908 1441 1967 1495 in
1988 1440 2154 1513 quod

506 1549 627 1589 non
657 1532 814 1589 cadit
843 1531 1127 1586 interitus.

576 1625 639 1677 V.
670 1622 823 1677 Dixit
851 1620 1211 1691 Agrippinus
1245 1636 1257 1674 :
1296 1621 1411 1689 Ego
1450 1618 1554 1674 tibi
1586 1619 1833 1674 consulo
1864 1624 1927 1675 ut
1959 1619 2155 1675 amico

2261 464 2447 534 Κύριον
2502 463 2645 534 ἡμῶν
2707 461 2910 519 Ἰησοῦν
2964 466 3191 535 Χριστόν
3244 463 3430 540 ἀρετήν
3471 485 3524 518 τε
3579 472 3662 518 καὶ
3714 466 3840 521 ἀσά-

2256 549 2429 602 λευτον
2506 555 2706 617 πίστιν,
2782 552 3212 617 παρεκελεύσατο,
3311 562 3495 606 τοῦτον
3582 553 3839 609 ἐκταθέντα

2260 636 2516 713 δέρμασιν
2571 640 2732 712 ὠμοῖς
2775 646 2864 693 καὶ
2898 641 3069 714 βοὶοις
3130 644 3455 704 αἰκίζεσθαι.
3518 649 3617 697 Καὶ
3670 649 3836 699 τοῦτον

2257 733 2527 800 γενομένου
2573 734 2661 781 καὶ
2717 733 2985 805 τεσσάρων
3044 742 3372 805 στρατιωτῶν
3432 738 3722 786 τυπτόντων
3763 739 3838 786 τὸν

2782 552 3212 626 παρεκελεύσατο,

2248 819 2405 892 ’ἅγιον
2482 818 2563 871 ἐπὶ
2611 819 2821 882 πολλαῖς
2889 823 3047 895 ὥραις
3096 827 3184 874 καὶ
3245 822 3591 875 ἀτονισάντων
3668 824 3838 897 ἐτέρων

2262 916 2593 981 στρατιωτῶν
2626 905 2836 961 δώδεκα
2884 909 3219 981 ἀλλαγέντων,
3270 908 3395 963 οὐδὲ
3427 914 3451 964 ὁ
3478 916 3642 983 τυχόν
3671 913 3839 975 σπίλος
3904 952 3905 955 η

2260 998 2438 1069 εὑρέθη
2493 996 2541 1047 ἐν
2594 1005 2663 1067 τῷ
2735 1004 2941 1070 σώματι
2998 1008 3089 1052 τοῦ
3143 1000 3295 1072 ἁγίου
3352 1000 3645 1065 Πλάτωνος,
3719 1004 3837 1055 ὥστε

2259 1087 2455 1146 πάντας
2514 1084 2853 1159 ἐκπλαγέντας
2926 1091 3215 1161 θαυμάσαι,
3277 1090 3434 1142 αύτόν
3489 1087 3549 1143 δὲ
3598 1093 3840 1165 προθυμό-

2260 1195 2400 1247 τερον
2455 1175 2688 1248 ἐμμεῖναι
2745 1186 2806 1250 τῇ
2859 1186 2949 1231 τοῦ
3008 1187 3242 1255 Χριστοῦ
3299 1180 3571 1252 ὁμολογίᾳ,
3622 1185 3706 1233 καὶ
3756 1177 3840 1233 διὰ

2262 1264 2456 1317 πολλῶν
2503 1264 2721 1337 θλίψεων
2751 1264 3045 1322 σπεύδοντα
3074 1268 3316 1322 εἰσελθεῖν
3346 1269 3413 1330 εἰς
3461 1273 3555 1327 τὴν
3587 1276 3673 1322 τοῦ
3721 1277 3841 1323 Θεοῦ

2263 1356 2519 1429 ἄφθαρτον
2552 1353 2843 1427 βασιλείαν.

2337 1618 2404 1673 E'.
2455 1620 2790 1695 Ἀγριππῖνος
2847 1618 2999 1674 εἶπεν·
3060 1623 3192 1694 Ἐγὼ
3254 1642 3336 1675 σοι
3392 1631 3628 1696 παραινῶ
3684 1621 3838 1674 ἐκκλί-

507 1717 569 1768 ut
599 1714 848 1767 mortem
876 1710 1121 1782 quidem
1147 1709 1426 1773 declines,
1468 1709 1545 1764 ad
1586 1709 1768 1764 vitam
1806 1714 2007 1765 autem
2058 1726 2147 1764 ac-

2269 1729 2347 1761 ναι
2403 1713 2488 1761 τὸν
2548 1711 2763 1762 θάνατον
2820 1715 2908 1762 καὶ
2951 1707 3308 1785 προσδραμεῖν
3357 1719 3418 1783 τῇ
3455 1711 3591 1783 ζωῇ,
3652 1710 3840 1763 Πλάτων

508 1801 705 1857 cedas.
762 1799 914 1853 Dixit
967 1802 1208 1855 sanctus
1253 1797 1416 1854 Plato
1474 1815 1486 1852 ε
1534 1800 1700 1852 Recte
1740 1798 2050 1863 admones,
2119 1815 2154 1853 o

506 1889 845 1961 Agrippine.
882 1888 1066 1958 Fugio
1106 1888 1263 1942 enim
1318 1892 1569 1942 mortem
1619 1890 1925 1952 aeternam,
1967 1892 2021 1942 et
2079 1887 2155 1942 ad

508 1980 687 2035 vitam
716 1993 811 2033 me
838 1978 1080 2033 confero
1107 1977 1554 2048 sempiternam,
1578 1976 1729 2031 Dixit
1762 1976 2154 2049 Agrippinus:

510 2069 629 2133 Dic,
663 2066 1069 2131 cacodzemon,
1094 2071 1241 2137 quot
1272 2070 1409 2121 sunt
1448 2068 1667 2119 mortes
1690 2065 1717 2120 ‘?
1741 2066 1892 2120 Dixit
1916 2072 2157 2121 sanctus

510 2157 677 2213 Plato
706 2180 717 2210 :
753 2158 891 2211 Dure
926 2172 937 2209 :
971 2170 1092 2209 una
1123 2154 1362 2225 quidem
1396 2154 1473 2210 ad
1504 2158 1778 2225 tempus;
1813 2154 1995 2210 altera
2022 2171 2159 2211 vero

511 2250 749 2301 aeterna.
776 2244 859 2299 ita
885 2243 1085 2307 etiam,
1110 2243 1245 2297 duae
1278 2243 1411 2298 vitae
1446 2258 1457 2296 :
1496 2257 1615 2299 una
1649 2242 1894 2315 quidem
1922 2244 2155 2314 brevis;

511 2334 696 2390 altera
727 2349 867 2388 vero
936 2332 1314 2403 sempiterna.
1367 2331 1519 2386 Dixit
1570 2333 1982 2403 Agrippinus:
2038 2333 2156 2388 Diis

511 2424 798 2488 sacriﬁca,
822 2426 877 2477 et
911 2420 1144 2476 declina
1171 2421 1484 2476 cruciatus.
1505 2421 1660 2475 Dixit
1687 2427 1929 2477 sanctus
1963 2422 2155 2478 Plato:

512 2516 623 2569 Fac
654 2512 790 2576 cito,
833 2527 868 2566 ο
904 2511 1240 2582 Agrippine,
1282 2509 1345 2565 id
1383 2510 1539 2580 quod
1588 2509 1695 2564 tibi
1740 2510 1985 2566 videtur.
2042 2515 2161 2581 Ego

512 2600 670 2655 enim
696 2614 1008 2671 nunquam
1039 2597 1330 2653 sacriﬁco.
1357 2602 1557 2669 Neque
1574 2600 1734 2653 enim
1766 2598 1943 2667 ignis,
1967 2614 2161 2667 neque

509 2704 674 2754 crux,
694 2702 889 2759 neque
916 2687 1004 2742 ira
1028 2686 1375 2754 bestiarum,
1404 2702 1599 2759 neque
1619 2686 1838 2743 ablatio
1864 2686 2162 2743 membro-

509 2794 643 2834 rum
675 2777 847 2833 nobis
869 2776 1230 2848 persuadent
1262 2793 1298 2832 a
1332 2779 1445 2832 Deo
1482 2777 1612 2832 vivo
1652 2776 1918 2832 deﬁcere.
1964 2780 2161 2848 Neque

511 2868 670 2925 enim
706 2866 1004 2938 diligimus
1043 2866 1204 2938 quod
1232 2880 1391 2921 nunc
1431 2869 1519 2920 est
1560 2865 1841 2921 saeculum
1874 2885 1885 2924 :
1924 2865 2027 2920 sed
2058 2865 2162 2937 qui

510 2974 620 3031 pro
650 2972 745 3012 me
784 2961 868 3011 est
899 2960 1171 3012 mortuus
1204 2959 1259 3010 et
1288 2954 1623 3021 resurrexit,
1665 2953 1982 3010 Christum.

583 3047 673 3101 VI.
720 3045 814 3100 His
852 3043 1090 3112 auditis,
1118 3042 1674 3113 Agrippinusjussit
1704 3058 1841 3097 eum
1876 3042 2075 3097 reduci
2103 3042 2161 3098 in

513 3149 834 3190 carcerem.
872 3131 1243 3203 Sequebatur
1275 3136 1473 3186 autem
1534 3132 1719 3186 multa
1762 3132 1936 3187 turba
2003 3132 2162 3187 Chri-

517 3224 870 3286 stianorum,
905 3224 1146 3292 propter
1172 3220 1299 3290 ejus
1317 3225 1585 3275 sanctam
1609 3224 1664 3275 et
1686 3220 2010 3289 gloriosam
2028 3237 2164 3276 con-

518 3312 858 3369 fessionem.
887 3310 1074 3365 Fortis
1130 3313 1327 3364 autem
1388 3313 1444 3363 et
1497 3310 1923 3378 magnanimus
1954 3310 2161 3366 Christi

518 3405 746 3472 martyr
777 3399 935 3455 Plato
970 3397 1149 3469 jussit
1189 3397 1300 3453 sibi
1341 3397 1467 3453 ﬁeri
1514 3397 1834 3453 silentium.
1880 3401 1941 3454 Et
2007 3404 2166 3471 post—

516 3506 700 3562 quam
766 3489 878 3559 ipsi
926 3490 1239 3542 cessarunt
1294 3503 1329 3541 a
1382 3485 1661 3551 tumultu,
1721 3502 1861 3542 voce
1930 3487 2164 3543 sublata

516 3579 664 3635 dixit
701 3578 785 3633 eis
841 3593 853 3632 :
915 3576 1029 3631 Viri
1087 3575 1189 3647 qui
1249 3574 1541 3630 Christum
1598 3574 1854 3644 diligitis,
1916 3581 1972 3631 et
2027 3577 2165 3631 estis

516 3671 814 3724 amatores
847 3665 1133 3731 veritatis,
1167 3679 1287 3719 non
1328 3662 1438 3718 levi
1476 3664 1550 3719 de
1603 3680 1784 3720 causa
1836 3665 1986 3720 adeo
2050 3665 2166 3721 hoc

515 3760 814 3814 certamen
850 3772 862 3810 :
896 3754 1001 3808 sed
1032 3756 1274 3825 pr0pter
1304 3752 1638 3809 effectorem
1671 3753 1800 3809 cceli
1832 3759 1886 3809 et
1916 3762 2078 3809 terrae
2108 3758 2167 3811 et

515 3848 785 3903 omnium
808 3860 943 3917 quae
972 3850 1109 3900 sunt
1140 3845 1196 3898 in
1231 3843 1337 3898 eis.
1380 3850 1458 3898 Ne
1490 3859 1596 3899 vos
1614 3859 1754 3911 ergo
1785 3844 2161 3912 conturbent,

513 3952 679 4005 rogo,
716 3951 785 3990 ea
823 3950 957 4006 quae
997 3932 1167 3987 ﬁunt.
1202 3933 1411 3987 Multae
1441 3932 1599 3986 enim
1640 3936 1782 3985 sunt
1811 3934 2165 4002 afﬂictiones

503 4028 826 4094 justorum,
866 4029 918 4078 et
959 4037 1034 4078 ea:
1057 4023 1137 4077 eis
1181 4020 1447 4075 omnibus
1481 4020 1751 4077 liberabit
1789 4022 1938 4091 ipsos
1973 4024 2166 4077 Domi-

512 4116 671 4170 nus‘.
705 4113 915 4168 Adeste
946 4111 1019 4165 de
1060 4114 1290 4173 caetero,
1313 4114 1366 4165 et
1396 4111 1812 4179 confugiamus
1854 4127 2064 4166 omnes
2096 4113 2167 4167 si-

513 4203 640 4259 mul
674 4203 748 4257 ad
774 4207 1035 4272 portum,
1056 4200 1155 4271 qui
1190 4199 1367 4254 nullis
1400 4200 1656 4268 agitatur
1688 4202 2162 4272 tempestatibus,

512 4306 729 4362 nempe
747 4291 1066 4353 Christum,
1088 4294 1143 4344 et
1165 4288 1242 4343 ad
1259 4292 1509 4359 petram.
1531 4304 1712 4360 quam
1738 4305 1994 4357 magnus
2023 4290 2166 4347 dixit

512 4379 859 4453 Apostolus:
880 4381 1059 4434 Petra
1076 4384 1271 4435 autem
1291 4383 1420 4433 erat
1442 4379 1714 4434 Christus
1734 4380 1779 4432 ³.
1801 4381 1881 4434 Ne
1903 4394 2044 4450 ergo
2071 4395 2163 4436 ce-

513 4471 749 4535 damus,
793 4485 828 4524 o
860 4468 1075 4533 dilecti,
1110 4467 1409 4535 periculis,
1452 4483 1583 4538 qua:
1627 4467 2025 4539 suscipiantur
2057 4486 2164 4541 pro

511 4563 728 4633 pietate
758 4577 769 4615 :
800 4575 938 4615 cum
978 4558 1261 4621 sciamus,
1289 4557 1454 4627 quod
1487 4558 1796 4628 passiones
1814 4558 1993 4628 hujus
2018 4564 2167 4614 tem-

514 4649 674 4722 poris
694 4663 814 4705 non
839 4652 979 4703 sunt
1010 4647 1227 4719 dignm,
1252 4662 1388 4719 quas
1412 4646 1795 4701 conferantur
1818 4662 1952 4701 cum
1979 4648 2168 4717 gloria

512 4753 647 4811 quas
677 4743 765 4794 est
791 4738 851 4793 in
881 4736 1055 4792 nobis
1086 4736 1407 4791 revelanda
1430 4738 1625 4790 3.11am
1656 4750 1797 4799 ergo
1829 4751 1962 4790 cum
1987 4738 2169 4794 dixis—

512 4832 599 4882 set
648 4827 854 4883 Christi
890 4830 1114 4897 martyr
1155 4824 1335 4892 Plato,
1377 4828 1432 4879 et
1473 4824 1680 4888 turbis,
1722 4839 1857 4894 quze
1897 4826 2164 4894 aderant.

512 4915 1145 4977 addidissetanimum.
1166 4918 1221 4968 et
1235 4919 1492 4968 mentem
1508 4929 1715 4969 eorum
1735 4914 2165 4974 conﬁrmasset.

509 5007 814 5076 ingressus
844 5008 931 5060 est
958 5018 1252 5060 carcerem
1295 5002 1460 5057 laetus
1491 5008 1545 5057 et
1581 5006 1761 5057 Deum
1794 5001 2159 5072 gloriﬁcans.

512 5095 821 5163 Ingressus
860 5098 1081 5155 autem,
1134 5090 1299 5145 humi
1362 5090 1492 5146 ﬁxis
1532 5091 1806 5161 genibus,
1846 5092 2161 5152 Dominum

512 5190 786 5253 precatus
836 5186 942 5245 est,
1012 5181 1094 5235 sic
1148 5178 1350 5234 dicens
1391 5196 1402 5233 :
1450 5180 1694 5235 Domine
1737 5184 1872 5237 Jesu
1922 5184 2165 5254 Christe,

517 5275 781 5329 omnium
818 5277 1044 5329 creator
1069 5274 1123 5326 et
1152 5268 1368 5341 opifex,
1406 5273 1461 5324 et
1499 5270 1601 5341 qui
1642 5275 1741 5325 tua
1796 5273 2167 5343 providentia

515 5377 714 5418 curam
757 5364 908 5432 geris
938 5361 1374 5427 universorum,
1435 5360 1537 5431 qui
1586 5360 1868 5417 omnibus
1919 5364 2029 5416 tuis
2083 5365 2163 5421 fa-

586 5568 603 5605 ¹
648 5566 796 5626 Psal.
830 5582 1027 5635 χχχιιι,
1068 5569 1157 5624 20.
1234 5568 1255 5601 ⁸
1287 5566 1459 5624 ICor.
1486 5580 1544 5639 x,
1578 5568 1634 5627 4.

2194 4431 2241 4489 D

1710 5569 1728 5602 ⁸
1761 5567 1932 5626 Rom.
1958 5583 2079 5641 vni,
2111 5572 2195 5629 t8.

2267 1797 2390 1852 εἰπε⁸
2429 1798 2639 1859 .Καλῶς
2696 1807 2982 1873 παραινεῖς,
3039 1799 3077 1851 ὦ
3131 1801 3458 1873 ’Δγριππῖνεο
3538 1802 3701 1872 φεύγω
3747 1800 3838 1871 γὰρ

2265 1892 2352 1942 τὸν
2384 1889 2586 1940 αἰώνιον
2638 1891 2854 1942 θάνατον
2897 1895 2985 1942 καὶ
3032 1893 3342 1962 προσφεύγω
3390 1898 3452 1963 τῇ
3510 1886 3664 1960 ἀϊδίῳ
3720 1888 3837 1959 ζωῇ.

2268 1980 2609 2049 Ἀγριππῖνος
2667 1975 2818 2032 εἶπεν
2878 1980 3023 2046 Εἰπὲ,

2272 2071 2525 2133 θάνατοι;
2587 2067 2798 2120 Πλάτων
2873 2069 3000 2121 εἶπε*

3102 1976 3449 2051 κακόδαιμον,
3528 1983 3681 2030 πόσοι
3749 1977 3839 2029 εἰσὶ

3076 2072 3192 2120 Δύο’
3273 2070 3296 2121 ὀ
3369 2072 3460 2141 μὲν
3518 2072 3839 2140 πρόσκαιρος,

2807 2159 2964 2219 οὕτως
3041 2154 3100 2211 δὲ
3172 2162 3261 2211 καὶ
3315 2159 3450 2220 ζωαὶ
3508 2154 3622 2209 δύο’
3680 2158 3708 2214 ἡ
3763 2157 3838 2225 μὲν

2272 2247 2650 2320 ὀλιγοχρόνιος,
2737 2249 2766 2305 ἡ
2843 2245 2902 2300 δὲ
2978 2247 3207 2308 ἀείζωος.

2271 2340 2436 2389 Θύσον
2512 2344 2616 2397 τοῖς
2692 2339 2840 2397 θεοῖς.

2270 2159 2294 2209 ὀ
2372 2154 2429 2209 δὲ
2505 2157 2729 2220 αἰώνιος·

3296 2248 3629 2320 Ἀγριππῖνος
3700 2241 3836 2297 εἶπεν.

3615 2334 3836 2387 ἔκκλινον.

2921 2343 3009 2389 καὶ
3085 2340 3176 2399 τὰς
3261 2342 3523 2413 τιμωρίας

2272 2426 2483 2478 Πλάτων
2577 2422 2729 2478 εἶπεν·
2830 2431 2972 2478 Ποίει
3058 2430 3117 2478 τὸ
3203 2424 3394 2479 δοκοῦν
3494 2445 3576 2478 σοι
3650 2423 3835 2481 ἀπηνές

2272 2514 2368 2587 ἐγὼ
2420 2518 2520 2588 γὰρ
2571 2515 2629 2568 οῦ
2685 2518 2808 2568 θύω’
2856 2516 2972 2569 οὗτε
3000 2518 3099 2590 γὰρ
3132 2519 3317 2590 πυρὸς,
3350 2516 3469 2569 οὔτε
3510 2518 3711 2590 θηρίων,
3740 2514 3839 2564 οὔτε

2275 2608 2438 2678 θυμοῦ
2517 2610 2659 2680 μερὶς
2738 2611 3051 2665 ποιήσουσίν
3098 2626 3160 2678 με
3227 2605 3524 2666 ἀποστῆναι
3581 2604 3675 2657 ἀπὸ
3729 2606 3838 2654 Θεοῦ

2273 2696 2482 2756 ζῶντος
2521 2696 2578 2747 ού
2608 2697 2708 2771 γὰρ
2756 2700 2841 2748 τόν
2884 2703 2971 2747 νῦν
3004 2694 3189 2767 ἀγαπῶ
3239 2695 3425 2763 αἰῶνα,
3475 2694 3599 2747 ἀλλά
3626 2697 3705 2745 τόν
3733 2689 3835 2763 μέλ-

2270 2786 2423 2837 λοντα
2491 2790 2580 2838 καὶ
2623 2790 2709 2838 τὸν
2758 2788 2882 2860 ὑπὲρ
2944 2785 3067 2859 ἐμοῦ
3118 2785 3443 2839 ἀποθανόντα
3499 2785 3713 2857 Χριστόν
3760 2783 3836 2831 καὶ

2272 2874 2585 2930 ἀναστάντα.

2195 3078 2234 3134 C
2512 3034 2610 3081 Καὶ
2667 3031 2691 3080 ὁ
2750 3028 3085 3100 Ἀγριππῖνος
3141 3028 3272 3080 αὐτὰ
3328 3026 3561 3088 ἀκούσας
3614 3022 3838 3075 ἐκέλευσεν

2324 3128 2333 3134 .
2383 3130 2389 3134 .
2492 3129 2498 3134 .
2573 3126 2587 3134 ι
2687 3128 2702 3134 -
2912 3125 2923 3134 ε
3167 3123 3186 3134 ιι
3455 3129 3462 3134 .
3593 3127 3609 3134 ι.
3648 3121 3663 3134 ς
3795 3111 3832 3134 ﬁt

2274 3128 2427 3180 αὐτόν
2477 3126 2829 3197 ἀναληφθῆναι
2905 3125 2953 3177 ἐν
3028 3134 3099 3195 τῷ
3155 3123 3521 3199 δεσμωτηρίῳ·
3580 3121 3728 3194 ὄχλος
3785 3111 3834 3166 δὶ

2272 3215 2429 3277 πολύς
2479 3215 2749 3274 ἠκολούθει
2798 3223 2895 3265 τῶν
2927 3221 3255 3287 Χριστιανῶν
3308 3213 3395 3267 ἐπὶ
3435 3222 3495 3286 τῇ
3550 3211 3669 3282 ἁγίᾳ
3705 3205 3841 3258 αὖτοῦ

2274 3310 2361 3357 καὶ
2419 3303 2608 3377 ἐνδόξῳ
2678 3304 2945 3377 ὁμολογίᾳ.
3008 3304 3066 3356 Ὀ
3128 3302 3186 3357 δὲ
3239 3304 3573 3376 μεγαλόφρων
3620 3302 3702 3350 καὶ
3767 3292 3837 3344 ἀν-

2276 3391 2442 3467 δρεῖος
2495 3402 2584 3446 τοῦ
2640 3401 2871 3467 Χριστοῦ
2918 3396 3119 3467 μάρτυς
3173 3392 3435 3446 ἐκελευσεν
3467 3391 3601 3459 αύτῷ
3631 3386 3839 3456 ἡσυχίαν

2273 3486 2514 3555 γενέσθαι
2558 3489 2646 3535 καὶ
2697 3487 2825 3555 μετά
2873 3490 2964 3535 τοῦ
2998 3483 3306 3535 παύσασθαι
3356 3482 3542 3541 αὐτοὺς
3588 3484 3674 3530 τοῦ
3709 3472 3840 3544 θορύ-

2275 3572 2388 3639 ϐου,
2444 3576 2635 3647 ἐπάρας
2688 3578 2781 3631 τὴν
2838 3569 2977 3624 ἰδίαν
3029 3577 3197 3644 φωνὴν
3250 3569 3408 3625 εἶπενο
3464 3564 3673 3641 ’Ἄνδρες
3721 3559 3840 3633 φιλό-

2275 3682 2493 3735 χριστοι
2544 3666 2632 3714 καὶ
2689 3670 2785 3723 τῆς
2837 3660 3078 3723 ἀληθείας
3130 3660 3371 3734 ἐρασταὶ,
3422 3660 3478 3713 ού
3529 3656 3713 3730 φαύλης
3750 3650 3834 3701 ἐπ’

2275 3773 2357 3805 κεν
2416 3753 2586 3813 αἰτίας
2634 3752 2716 3804 ἐπὶ
2765 3746 2915 3803 τόνδε
2958 3754 3174 3823 πάρειμι
3207 3750 3404 3820 ἀγῶνα,
3454 3747 3557 3800 ἀλλ’
3588 3746 3731 3798 ἕνεκεν
3759 3741 3835 3787 τοῦ

2278 3850 2503 3900 Ποιητοῦ
2558 3842 2776 3915 ούρανοῦ
2828 3846 2915 3892 καὶ
2950 3849 3047 3910 γῆς
3076 3844 3164 3891 καὶ
3213 3842 3417 3891 πάντων
3449 3846 3545 3890 τῶν
3575 3838 3618 3886 ἐν
3663 3828 3832 3884 αὐτοῖς’

2276 3934 2358 3991 Μὴ
2391 3936 2561 3983 τοίνυν
2614 3933 2748 4002 ἡμᾶς
2810 3928 3109 4004 θορυϐείτω,
3158 3929 3461 4003 παρακαλῶ,
3497 3929 3552 3977 τὸ
3579 3928 3831 3994 γενομενον⁶

2280 4022 2468 4074 Πολλαὶ
2515 4024 2613 4094 γὰρ
2660 4022 2712 4072 αἱ
2759 4019 2957 4090 θλίψεις
3013 4027 3112 4070 τῶν
3168 4015 3412 4085 δικαίων,
3460 4020 3545 4068 καὶ
3591 4012 3641 4063 ἐκ
3681 4010 3835 4059 πασῶν

2275 4112 2491 4185 ῥύσεται
2566 4110 2755 4171 αύτούς
2834 4110 2858 4161 ό
2928 4111 3135 4183 Κύριος.
3215 4108 3374 4161 Ἀλλὰ
3440 4104 3584 4159 δεῦτε
3652 4098 3830 4151 πάντες*

2958 4196 3041 4249 ἐπὶ
3124 4200 3210 4248 τόν
3290 4198 3610 4268 ἀχείμαστον
3683 4184 3837 4253 λιμένα

2276 4298 2511 4366 Χριστοῦ
2566 4295 2654 4343 καὶ
2710 4294 2802 4347 τὴν
2856 4291 3064 4360 πέτραν,
3119 4288 3177 4345 ἢν
3227 4289 3251 4339 ὁ
3311 4292 3473 4359 μέγας
3556 4271 3837 4334 Ἀποστολος

2277 4364 2429 4435 εἶπεν·
2489 4380 2545 4431 Ἠ
2603 4375 2660 4431 δε
2716 4381 2877 4450 πέτρα
2920 4373 2981 4435 ἦν
3030 4378 3054 4427 ό
3106 4378 3315 4449 Κύριος.
3365 4380 3449 4433 Μὴ
3484 4367 3696 4439 ἐνδῶμεν
3744 4364 3833 4450 τοῖς

2278 4473 2401 4544 ὑπὲρ
2458 4468 2711 4528 εὐσεϐείας
2754 4464 3036 4531 κινδύνοις,
3090 4462 3282 4526 εἰδότες
3346 4467 3426 4517 ὅτι
3478 4460 3567 4514 ούκ
3623 4453 3735 4515 ἀξια
3758 4462 3834 4570 κτα

2361 4562 2378 4570 -
2404 4565 2411 4570 .
2678 4564 2695 4570 ..
2786 4564 2801 4570 _
3044 4563 3058 4569 γ.
3193 4558 3201 4570 ι
3320 4559 3329 4570 1
3452 4551 3508 4570 A-t
3529 4569 3555 4570 η
3588 4564 3670 4570 ...μ
3697 4536 3751 4570 ΧΑ
3784 4552 3831 4570 ην

3756 4552 3831 4597 ξαν

2277 4202 2406 4272 όμού
2490 4202 2865 4271 καταφύγωμεν

2276 4562 2566 4630 παθήματα
2607 4564 2697 4609 τοῦ
2744 4564 2830 4607 νῦν
2876 4563 3060 4627 καιροῦ
3110 4558 3234 4627 πρὸς
3276 4559 3368 4612 τὴν
3399 4551 3670 4626 μέλλουσαν
3697 4536 3751 4591 δό

2278 4648 2704 4720 ἀποκαλυφθῆναι
2766 4648 2831 4705 εἰς
2888 4646 3045 4716 1δμοῖς.
3101 4650 3277 4697 Ταῦτα
3352 4644 3502 4696 εἰπὼν
3550 4639 3632 4688 καὶ
3684 4642 3833 4698 παρα·

2281 4742 2535 4812 θαρσύνας
2592 4740 2708 4797 τοὺς
2777 4743 3126 4808 περιεστῶτας
3181 4733 3392 4805 ὄχλους,
3437 4734 3522 4782 καὶ
3584 4722 3832 4813 πληρώσατε

2279 4834 2363 4887 τὴν
2422 4824 2774 4879 διδασκαλίαν
2823 4823 3054 4881 εἰσῆλθεν
3114 4823 3184 4885 εἰς
3238 4826 3295 4873 τὸ
3347 4818 3707 4891 δεσμωτήριον
3753 4817 3828 4853 καί

2280 4916 2537 4984 εἰσελθὼν,
2591 4917 2692 4976 θεὶς
2736 4915 2798 4965 τὰ
2841 4917 3035 4984 γόνατα
3082 4912 3261 4977 αὐτοῦ,
3314 4910 3365 4973 ἐξ
3407 4909 3527 4967 όλης
3563 4908 3647 4959 τῆς
3668 4894 3829 4984 ψρχῆς

2282 5006 2548 5069 στενάξας,
2602 5002 2791 5065 ηὔξατο
2856 5005 2985 5075 πρὸς
3030 5005 3115 5053 τὸν
3200 5004 3387 5075 Κύριον
3462 4997 3611 5065 λέγων
3665 4982 3823 5075 ei???

2276 5097 2334 5149 Ὀ
2393 5099 2592 5148 πάντων
2645 5097 2867 5153 κτίστης
2942 5096 3030 5143 καὶ
3088 5087 3424 5163 δημιουργός,
3488 5086 3511 5135 ό
3578 5086 3669 5131 τῶν
3720 5068 3826 5121 ολων

2280 5190 2429 5246 Θεὸς,
2486 5187 2510 5235 ό
2554 5190 2712 5235 πᾶσιν
2760 5188 2865 5243 τοῖς
2916 5178 3120 5241 δούλοις
3177 5199 3269 5231 σου
3296 5183 3388 5236 τὴν
3420 5171 3664 5243 ὑπομονὴν
3691 5171 3826 5259 καθ’

2280 5277 2503 5347 ξάμενος.
2555 5274 2781 5345 χάρισαι
2835 5276 2924 5322 καὶ
2968 5269 3101 5342 ἐμοὶ,
3133 5277 3204 5339 τῷ
3253 5265 3421 5338 δούλῳ
3453 5281 3541 5316 σου
3572 5259 3823 5343 ὑπομονξθν’

2275 5370 2362 5417 καὶ
2406 5360 2763 5425 ἐξαπόστειλον
2808 5357 3049 5430 Μιχαὴλ,
3100 5360 3183 5410 τόν
3238 5351 3556 5429 ἀρχάγγελόν
3606 5358 3710 5403 σου»
3756 5344 3826 5380 ινα
