4142 6196
238 289 340 345 409

1567 280 1727 336 VlTA
1769 281 1830 336 S.
1872 279 2242 340 PLATONIS.

3491 285 3595 341 410

230 414 462 489 ῥύσηταί
518 432 580 485 με
631 415 685 464 ἐκ
734 419 826 465 τοῦ
872 414 1191 483 κακοτέχνου
1234 414 1319 461 καὶ
1374 406 1640 466 ἁπατηλοῦ
1673 406 1830 478 ὄφεως

1952 407 2119 463 mulis
2157 408 2527 467 tolerantiam
2565 410 2800 479 largiris
2832 416 2888 467 et
2912 411 3238 476 victoriam,
3272 411 3419 469 mihi
3448 428 3595 485 quo-

236 503 603 574 Ἀγριππινου,
658 503 740 554 ἵνα
783 510 976 573 γνῶσιν
1030 503 1236 565 πάντες,
1277 501 1355 550 ὅτι
1405 500 1452 549 οἱ
1508 494 1600 549 διὰ
1638 504 1829 567 χειρῶν

237 592 520 666 ἀνθρώπων
554 598 816 663 γενόμενοι
849 595 951 644 θεοὶ
984 587 1133 643 οὐδέν
1174 590 1324 657 εἰσιν,
1358 587 1485 639 ἀλλὰ
1514 591 1578 639 σὺ
1609 591 1755 657 μόνος
1788 584 1835 637 εἶ

232 678 620 752 δεδοξασμένος
650 682 718 742 εἰς
739 685 859 743 τοὺς
890 682 1074 740 αἰῶνας
1101 688 1197 731 τῶν
1226 678 1439 733 αἰώνων,
1474 679 1659 748 Ἀμήν.

1941 512 2057 568 que
2080 498 2293 553 humili
2325 505 2378 554 et
2420 500 2647 569 abjecto
2686 500 2900 570 largire
2929 500 3001 554 ad
3028 500 3208 554 ﬁnem
3238 517 3423 572 usque
3454 502 3592 557 tole-

1942 587 2218 653 rantiam,
2248 596 2302 642 et
2324 590 2525 645 emitte
2559 589 2989 658 archangelum
3025 594 3191 643 tuum
3220 588 3584 657 Michaelem,

1917 678 2005 729 -ut
2034 691 2128 731 me
2151 676 2357 732 liberet
2379 694 2413 732 a
2446 677 2639 733 fallaci
2671 683 2724 733 et
2763 678 3060 733 malitioso
3090 684 3359 749 serpente
3382 679 3592 749 Agrip-

234 773 399 843 pino,
432 777 493 825 ut
520 776 889 841 cognoscant
921 786 1131 826 omnes
1151 786 1268 824 non
1303 784 1431 821 esse
1446 768 1605 830 deos,
1637 764 1739 836 qui
1769 763 1919 819 ﬁunt
1944 778 2047 833 per
2072 781 2285 820 manus
2300 766 2637 832 hominum,
2670 768 2773 822 sed
2805 772 2857 823 te
2873 767 3066 823 solum
3093 783 3219 823 esse
3246 767 3454 832 Deum,
3489 768 3595 839 qui

234 877 298 915 es
331 860 567 929 patiens
595 865 649 915 et
672 860 871 915 multae
908 858 1319 914 misericordite
1342 864 1395 911 et
1426 853 1788 926 gloriﬁcatus
1823 851 1884 922 in
1909 853 2145 908 saecula.
2174 862 2377 910 Amen.

308 950 382 1002 Ζ’.
442 952 583 1001 Μετὰ
638 947 695 1001 δε

236 1041 719 1112 ριοςἊγριππῐνος
770 1039 819 1091 ἐν
868 1048 928 1111 τῇ
965 1038 1216 1111 βασιλικῇ
1269 1039 1513 1107 ἄντικρυς
1564 1041 1652 1085 τοῦ
1690 1038 1837 1095 Θεοῦ,

749 952 945 1023 ἡμέρας
995 949 1121 1002 ἑπτα
1170 949 1545 1021 προκαθεσθεὶς
1603 946 1627 995 6
1687 941 1841 1014 βικά-

237 1126 497 1179 ἐκέλευσεν
553 1137 886 1202 παραστῆναι
945 1131 1028 1181 τόν
1086 1130 1341 1200 μάρτυρα.
1399 1125 1457 1177 Ὀ
1523 1121 1579 1176 δὲ
1644 1122 1841 1195 βοηθὸς

237 1222 527 1277 Βικεντίνος
580 1220 671 1289 ἔφη
704 1234 715 1245 ⁸
749 1217 808 1270 Ὁ
863 1224 964 1278 τοῖς
1017 1222 1189 1289 νόμοις
1239 1224 1341 1267 τῶν
1383 1213 1640 1287 βασιλέων
1697 1210 1836 1262 ἀπει-

240 1306 338 1357 θῶν
426 1311 513 1357 καὶ
596 1305 868 1379 ἀντιλέγων
945 1316 1051 1369 τοῖς
1125 1309 1387 1379 ἡμετέροις
1462 1305 1838 1377 προστάγμασι

240 1395 475 1457 Πλάτων,
526 1398 551 1448 6
605 1405 697 1459 τῆς
753 1400 1034 1471 θρησκείας
1082 1406 1180 1448 τῶν
1233 1402 1553 1469 Χριστιανῶν
1606 1394 1839 1464 ὑπερμα-

234 1505 336 1557 χος
402 1486 617 1544 ἕστηκεν
668 1490 768 1561 πρὸ
821 1494 910 1539 τοῦ
968 1486 1208 1559 βήματος
1257 1505 1371 1547 σου,
1427 1486 1590 1555 κύριε.
1656 1484 1755 1533 Καὶ
1813 1480 1837 1530 6

238 1573 580 1648 Ἀγριππῖνος
636 1576 951 1650 προσέταξεν
1008 1577 1325 1649 προτεθῆναι
1380 1572 1587 1625 ποικίλα
1663 1569 1840 1642 βασα-

241 1670 507 1736 νιστήρια,
564 1665 756 1724 λέϐητα
809 1666 1065 1739 χαλκοῦν,
1119 1671 1208 1718 καὶ
1267 1670 1471 1735 τίγανα,
1508 1667 1597 1714 καὶ
1655 1667 1840 1733 χεῖρας

249 1751 492 1825 σιδηρᾶς,
573 1760 661 1807 καὶ
744 1754 1091 1824 ἀνακλάστας,
1145 1759 1233 1807 καὶ
1293 1752 1636 1817 καταπέλτας,
1681 1748 1838 1801 ὀϐίλε-
1874 1788 1918 1844 Β

255 1862 402 1905 nou;
464 1843 597 1906 ὀξεῖς
655 1850 742 1897 xui
791 1846 1048 1917 ὀγκίνους,
1096 1849 1184 1896 καὶ
1240 1845 1386 1918 ἕτερα
1432 1840 1612 1908 πολλὰ,
1669 1839 1841 1910 οἰόμε-

245 1952 325 1994 νος
376 1929 471 1984 διὰ
522 1937 718 1985 τούτων
788 1935 1162 1993 καταπλήττειν
1228 1938 1315 1986 τόν
1385 1933 1642 2004 μάρτυρα,
1706 1930 1840 1987 ὃπως

245 2024 389 2073 θύσει
459 2030 567 2083 τοῖς
622 2025 770 2087 θεοῖς,
830 2023 1099 2099 ἐξαιρέτως
1156 2021 1214 2076 δε
1288 2031 1356 2093 τῷ
1408 2018 1689 2074 Ἀπόλλωνι
1750 2021 1839 2068 καί

242 2131 368 2181 φησι
414 2116 542 2184 πρὸς
596 2114 786 2165 αὐτόν·
823 2114 954 2185 Ἐγὼ
1000 2116 1263 2188 θεωρήσας
1323 2131 1416 2164 σου
1483 2116 1578 2171 τῆς
1633 2108 1838 2168 ἡλικίας

242 2206 295 2251 τό
362 2206 497 2267 νέον,
562 2208 651 2254 καὶ
725 2200 1018 2275 φειδόμενος
1087 2222 1180 2255 σου
1264 2209 1355 2263 τῆς
1434 2207 1524 2251 τοῦ
1596 2204 1837 2269 σώματος

242 2289 428 2361 ἀκμῆς,
485 2299 579 2353 τῆς
640 2311 694 2344 τε
751 2300 847 2343 τῶν
894 2296 1126 2365 πατέρων
1180 2293 1435 2362 εὐγενείας
1484 2289 1836 2360 ἐπιγινώσκων

245 2398 299 2431 σε
352 2380 499 2441 ἀξιον
547 2385 687 2447 ὄντα,
730 2386 851 2453 πρὶν
908 2382 1060 2434 πάλιν
1108 2381 1370 2455 ἄρξασθαι
1426 2388 1519 2431 τῶν
1570 2376 1833 2450 βασάνων,

246 2467 585 2539 συμϐουλεύω
645 2490 749 2535 σοι,
808 2474 942 2523 ὥστε
1007 2479 1105 2522 τῶν
1161 2473 1354 2523 θυσιῶν
1422 2468 1837 2539 ἁπογευσάμενον

247 2559 512 2618 σώζεσθαι
560 2558 674 2631 μεθ’
734 2561 897 2632 ἡμῶν,
941 2558 1116 2614 εἰδότα
1172 2568 1323 2612 τοῦτο
1377 2560 1457 2611 ὅτι
1510 2555 1682 2617 οὐδεὶς
1740 2564 1838 2607 τῶν

248 2646 588 2699 ἀντειπόντων
636 2669 726 2720 μοι
774 2651 955 2710 ἔζησεν
999 2668 1012 2680 ⁸
1065 2652 1236 2721 ὥσπερ
1305 2648 1457 2700 πάλιν
1514 2643 1687 2707 οὐδεὶς
1741 2653 1839 2696 τῶν

246 2734 581 2789 ἀκουσάντων
629 2736 956 2811 ἀπεστερήθη
1033 2749 1129 2792 τῶν
1196 2738 1317 2813 παρ’
1400 2738 1525 2811 ἐμοῦ
1592 2734 1842 2807 ἐπαγγελ-

246 2829 427 2879 θέντων
478 2828 617 2898 αὐτῷ
652 2846 664 2857 ⁸
701 2832 766 2881 σὺ
805 2835 995 2898 τοίνυν,
1056 2829 1098 2882 εἰ
1144 2829 1299 2890 θέλεις
1356 2848 1454 2901 μου
1510 2827 1735 2879 ἀκοῦσαι
1774 2830 1840 2886 ὡς

247 2915 384 2969 ἰδίου
436 2922 629 2993 πατρὸς
676 2918 839 2979 καλῶς
910 2938 991 2970 σοι
1071 2917 1530 2989 συμϐουλεύοντος,
1589 2924 1837 2989 μονογενῆ

244 3009 506 3083 θυγατέρα
532 3004 878 3080 ἀδελφοῦξμου
903 3011 1011 3080 ἔχω
1042 3026 1053 3037 ⁸
1091 3012 1283 3066 ταύτην
1315 3004 1575 3079 ἐκδίδωμί
1604 3026 1687 3058 σοι
1712 3010 1841 3077 πρὸς

2019 943 2129 998 VII.
2147 944 2382 1014 Septem
2398 953 2594 1001 autem
2610 951 2740 1017 post
2757 945 2971 1001 diebus
2986 946 3310 1017 praesidens
3325 944 3584 1015 Agrippi-

1949 1048 2061 1085 nus
2094 1033 2345 1089 vicarius
2362 1036 2419 1089 in
2448 1036 2694 1091 basilica
2712 1054 2781 1091 ex
2800 1037 3051 1091 adverso
3073 1035 3447 1105 Jovis.jussit
3472 1034 3593 1088 sisti

1949 1130 2293 1193 martyrem.
2315 1125 2613 1181 Dixitvero
2633 1125 2940 1198 apparitor
2957 1124 3320 1179 Vincentius:
3343 1125 3451 1188 Qui
3473 1139 3594 1178 non

1949 1217 2108 1282 paret
2134 1211 2566 1284 imperatorum
2588 1215 2842 1284 legibus,
2874 1218 2931 1270 et
2961 1214 3174 1269 vestris
3199 1214 3390 1285 jussis
3423 1228 3593 1284 repu-

1947 1306 2107 1369 gnat,
2135 1301 2315 1371 Plato,
2348 1304 2449 1376 qui
2473 1309 2559 1360 est
2588 1304 2862 1360 defensor
2895 1304 3093 1375 impias
3121 1302 3591 1359 Christianorum

1947 1390 2264 1461 religionis,
2281 1396 2393 1449 stat
2414 1399 2543 1448 ante
2571 1400 2736 1449 tuum
2760 1393 3040 1459 tribunal,
3061 1392 3323 1448 domine.
3341 1395 3501 1447 Tunc
3524 1394 3593 1444 A-

1946 1480 2277 1553 grippinqu
2290 1483 2438 1537 ussit
2450 1483 2679 1538 diversa
2690 1488 2745 1537 et
2757 1482 2920 1537 varia
2936 1488 3361 1537 tormentorum
3377 1495 3595 1550 genera

1947 1577 2083 1625 ante
2146 1572 2342 1642 ipsum
2387 1573 2603 1628 statui:
2647 1571 2898 1627 lebetem
2939 1586 3195 1637 aeneum,
3260 1572 3592 1639 sartagines

1947 1659 2185 1726 ferreas,
2211 1662 2535 1718 candentes
2564 1668 2776 1727 crates,
2811 1678 3023 1717 manus
3050 1661 3291 1728 ferreas,
3325 1659 3591 1732 catapul-

1948 1754 2056 1817 tas,
2098 1756 2303 1807 acutos
2342 1752 2652 1817 obeliscos,
2696 1768 2899 1821 uncos,
2945 1756 3129 1817 rotas,
3170 1757 3224 1805 et
3253 1755 3444 1806 mutta
3483 1749 3594 1805 alia

1954 1842 2253 1906 terribilia,
2318 1841 2667 1897 existimans
2726 1840 2946 1909 infelix,
3000 1858 3061 1896 se
3116 1856 3221 1912 per
3276 1840 3403 1895 haec
3461 1854 3592 1893 esse

1950 1932 2290 1988 territurum
2340 1937 2685 2001 martyrem,
2745 1934 2806 1985 ut
2869 1930 2978 1985 diis
3024 1931 3155 2000 ejus
3210 1928 3591 1997 sacriﬁcaret,

1949 2022 2247 2093 praecipue
2279 2025 2478 2076 autem
2508 2018 2780 2091 Apollini,
2815 2019 2917 2091 qui
2958 2019 3117 2089 pellit
3151 2018 3223 2075 ad
3267 2016 3590 2083 interitum,

1948 2117 2003 2167 et
2034 2112 2172 2166 dicit
2197 2110 2277 2165 ei:
2306 2112 2426 2179 Ego
2447 2110 2708 2181 quidem,
2745 2108 3095 2163 cbarissime
3121 2108 3296 2173 i’lato,
3327 2112 3594 2161 contem-

1948 2201 2124 2272 plans
2154 2198 2660 2270 tuamjuvenilem
2694 2203 2943 2261 aetatem,
2980 2203 3035 2252 et
3065 2212 3318 2269 parcens
3351 2195 3477 2250 ﬂori
3510 2195 3593 2250 tui

1950 2290 2237 2362 corporis,
2268 2296 2321 2345 et
2353 2290 2545 2344 sciens
2576 2294 2887 2360 parentum
2920 2293 3155 2342 tuorum
3204 2285 3592 2349 nobilitatem,

1949 2379 2055 2436 tibi
2073 2378 2318 2436 consulo
2334 2380 2686 2451 priusquam
2707 2394 2910 2433 rursus
2928 2377 3208 2449 incipiam
3223 2379 3279 2431 te
3298 2382 3593 2446 torquere,

1950 2477 2007 2524 ut
2050 2468 2299 2539 gustatis
2352 2466 2651 2523 sacriﬁciis
2702 2468 2972 2531 serveris,
3020 2472 3074 2521 et
3114 2465 3196 2519 sis
3238 2464 3590 2520 nobiscum:

1947 2559 2060 2613 hoc
2091 2574 2331 2630 quoque
2378 2557 2591 2621 sciens,
2625 2557 2787 2628 quod
2820 2554 3018 2610 nullus
3051 2570 3317 2625 unquam
3351 2554 3493 2608 vixit
3523 2569 3595 2607 ex

1949 2648 2015 2703 iis
2047 2647 2308 2719 quimihi
2327 2662 2446 2701 non
2470 2651 2822 2717 paruerunt:
2848 2643 3156 2715 quomodo
3176 2659 3380 2697 rursus
3396 2640 3595 2696 nullus

1949 2753 2019 2792 ex
2034 2737 2102 2791 iis
2119 2736 2214 2807 qui
2233 2735 2375 2791 mihi
2394 2739 2733 2805 paruerunt,
2754 2733 2854 2789 eia
2872 2748 2966 2787 me
2980 2733 3286 2804 promissis
3302 2728 3597 2785 bonisfuit

1950 2826 2238 2899 privatus,
2268 2826 2417 2895 Ergo
2440 2831 2501 2880 tu
2527 2840 2790 2895 quoque,
2822 2839 2858 2878 o
2885 2823 3107 2893 optime
3134 2820 3372 2886 Plato,si
3398 2819 3597 2875 volue—

1953 2917 2029 2971 ris
2056 2932 2149 2971 me
2167 2915 2396 2981 audire,
2420 2920 2709 2986 tanquam
2744 2919 2975 2984 patrem
3003 2912 3329 2985 pr0prium,
3362 2910 3595 2965 bonum

1953 3006 2058 3062 tibi
2088 3005 2331 3062 dantem
2373 3004 2711 3069 consilium,
2750 3003 2945 3058 habeo
2978 3001 3215 3057 unicam
3256 3000 3449 3055 fratris
3476 2999 3593 3055 mei

238 3101 404 3169 γάμον
459 3094 676 3159 ἐπιδοὺς
725 3098 854 3170 αὐτῇ
910 3104 1101 3171 προῖκα
1148 3097 1395 3155 πολυτελῆ
1456 3101 1546 3148 καὶ
1598 3092 1735 3148 ἴδιὸν
1787 3114 1843 3148 σε

1952 3097 2163 3152 ﬁliam:
2200 3112 2332 3152 eam
2365 3095 2465 3151 tibi
2493 3094 2731 3150 daboin
2767 3091 3233 3156 matrimonium,
3263 3090 3436 3146 valde
3468 3104 3597 3144 ma-

242 3186 578 3260 ἁναγορεύσω
635 3191 829 3244 τέκνον,
874 3188 930 3239 Ὀ
991 3184 1049 3239 δὲ
1105 3190 1361 3259 μακάριος
1422 3186 1701 3262 ἀεθλοφόρος
1753 3196 1841 3246 καὶ

1665 3276 1722 3328 ’Ἃ
1738 3277 1844 3330 θλιε

241 3371 331 3416 καὶ
374 3367 732 3438 μισάνθρωπε,
782 3372 871 3418 καὶ
912 3370 1085 3426 πάσης
1136 3363 1480 3429 δικαιοσύνης
1519 3367 1697 3440 ἐχθρὲ,
1748 3369 1843 3419 ὑπ-

238 3278 441 3347 μάρτυς
488 3284 581 3327 τοῦ
632 3284 865 3347 Χριστοῦ
916 3276 1122 3329 Πλάτων
1170 3277 1392 3348 γελάσας
1440 3277 1575 3329 εἶπεν
1610 3299 1621 3310 ⁸

249 3458 406 3528 ηρέτα
455 3462 547 3507 τοῦ
602 3451 848 3507 διαϐόλου
911 3461 1000 3508 καὶ
1060 3457 1288 3528 ὑπουργὲ
1358 3464 1449 3509 τοῦ
1523 3463 1748 3520 Σατανᾶ,
1802 3457 1843 3509 εἰ

247 3544 376 3605 ῶιως
428 3543 717 3615 ἐϐουλόμην
771 3544 840 3607 εἰς
922 3548 1090 3617 γάμον
1175 3544 1332 3597 ἐλθεῖν
1407 3550 1492 3597 xui
1550 3546 1843 3617 ἀγαγέσθαι

245 3642 471 3704 γυναῖκα
528 3639 618 3685 καὶ
671 3630 871 3705 διάγειν
943 3635 990 3686 ἐν
1042 3643 1393 3709 περισπασμῲ
1448 3644 1537 3688 τοῦ
1589 3634 1842 3708 βιωτικοῦ

248 3727 433 3775 τούτου
492 3731 713 3788 καπνοῦ,
768 3725 825 3777 οὗ
884 3724 1184 3786 κάτηξίωκα
1260 3724 1319 3776 ἂν
1386 3734 1457 3796 τῷ
1521 3726 1845 3798 φροντίζοντι

245 3821 349 3865 τῶν
394 3817 714 3889 πραγμάτων
786 3833 883 3886 μου
936 3814 1107 3867 λαϐεῖν
1158 3822 1382 3885 γυναῖκα
1438 3820 1530 3873 τὴν
1588 3818 1847 3887 θυγατέρα

249 3912 341 3955 τοῦ
390 3900 614 3976 ἀδελφοῦ
667 3924 780 3967 σου,
834 3910 922 3957 καὶ
977 3903 1243 3976 βελτίοντα
1287 3904 1344 3957 δε
1402 3905 1558 3963 illm
1612 3905 1641 3964 ή
1684 3906 1845 3963 αὐτὴν

248 3994 454 4065 ἠγόμην
484 3996 556 4055 εἰς
606 3996 792 4064 γάμον.
826 3999 952 4046 Τότε
996 3996 1021 4045 6
1064 3994 1332 4065 σύσχολος
1362 4003 1451 4047 τοῦ
1508 4001 1708 4047 Σατανᾶ
1754 4000 1844 4047 καὶ

244 4082 507 4157 ὑπουργὸς
559 4091 650 4133 τοῦ
705 4086 895 4157 πατρὸς
967 4084 1125 4134 αὐτοῦ
1198 4091 1287 4135 τοῦ
1368 4080 1615 4135 διαϐόλου
1668 4087 1847 4146 πάσης

244 4176 429 4231 κακίας
486 4176 656 4243 γέμων
714 4177 803 4223 καὶ
855 4176 1044 4234 παντὸς
1112 4173 1189 4224 ἰοῦ
1242 4178 1331 4224 xui
1385 4169 1538 4225 δόλου
1583 4192 1847 4245 μεμεστω-

245 4267 413 4331 μὲιος,
470 4262 702 4333 καθάπερ
742 4280 817 4321 τις
871 4262 993 4313 λέων
1052 4266 1197 4334 φόνον
1251 4261 1595 4335 ἐρευγόμενος,
1653 4261 1841 4315 ἐκέλευ-

246 4368 331 4401 σεν
389 4349 669 4420 ὶνεχθῆναὶ
720 4348 1011 4424 κράϐϐατον
1064 4351 1298 4422 χαλκοῦν
1352 4358 1439 4405 καὶ
1492 4356 1843 4411 κατατεθῆναι

246 4439 315 4500 εἰς
366 4440 523 4489 αὐτόν
572 4445 658 4491 τόν
717 4442 956 4514 μάρτυρα
1008 4446 1097 4493 xui
1150 4442 1510 4501 ὑποκαυθῆναι
1562 4450 1684 4514 πῦρ,
1754 4446 1842 4494 xui
1873 4467 1920 4525 Β

243 4530 489 4599 γενέσθαι
543 4528 823 4603 ἀνθρακιὰν
889 4530 1137 4602 μεγάλην,
1214 4536 1303 4583 xui
1378 4533 1617 4606 ῥένεσθαι
1681 4532 1841 4590 αὐτὴν

249 4617 418 4690 ἐλαίῳ,
455 4624 545 4671 καὶ
591 4621 800 4693 ῥητίνη,
838 4627 923 4673 xui
975 4620 1242 4694 ἀσφάλτῳ,
1288 4627 1375 4674 καὶ
1420 4632 1585 4694 κηρῷ,
1637 4628 1725 4675 καὶ
1753 4626 1843 4698 ρα-

250 4704 491 4767 ϐδίζεθαι
522 4708 677 4760 αὐτὸν
706 4708 1026 4783 λεπτοτέροις
1054 4708 1294 4785 ῥάϐδοις,
1331 4713 1411 4764 ἵνα
1441 4714 1539 4765 ὑπὸ
1562 4720 1653 4765 τοῦ
1683 4718 1843 4788 πυρὸς

250 4802 335 4848 xui
364 4806 463 4848 τῶν
489 4798 701 4869 πληγῶν
730 4800 759 4856 ἠ
790 4798 1056 4871 οἰκονομία
1081 4808 1180 4852 τῶν
1214 4803 1530 4875 σπλάγχνων
1562 4803 1721 4855 αὐτοῦ
1746 4824 1845 4874 γυ-

249 4889 511 4955 μνωθείσα
550 4886 808 4959 ἀφόρητον
849 4888 986 4959 αὐτῷ
1016 4896 1330 4963 περιποιήσῃ
1362 4898 1454 4950 τήν
1483 4892 1737 4965 βάσανον.

320 4975 395 5029 Η’.
459 4976 801 5048 Αἱκιζομένου
868 4973 925 5029 δὲ
990 4979 1170 5045 αὐτοῦ,
1245 4987 1527 5054 Σωφρόνιος
1596 4995 1845 5055 κομεντα-

244 5072 425 5137 ρήσιος
478 5068 572 5136 ἔφη
636 5083 649 5094 ⁸
714 5066 985 5134 Πανάθλιε,
1060 5071 1303 5127 πείσθητι
1350 5080 1421 5141 τῲ
1480 5070 1706 5144 βικαρίῳ
1755 5081 1842 5128 καὶ

248 5156 399 5206 θῦσον
448 5162 556 5215 τοῖς
601 5156 752 5216 θεοῖς,
805 5161 892 5208 καὶ
932 5161 989 5208 τὸ
1029 5168 1203 5220 κακῶς
1256 5158 1526 5213 ἀποθανεῖν
1557 5159 1838 5234 κέρδησον,

241 5250 302 5295 Τί
354 5243 653 5314 ἀντιλέγεις,
705 5246 849 5299 ἄθλιε
896 5248 1063 5319 ;Οῦχ
1103 5250 1221 5320 ὁρᾷς
1279 5254 1340 5301 τὰ
1396 5256 1704 5323 προκείμενα
1745 5251 1841 5325 βα-

243 5340 559 5407 σανιστήρια
613 5331 706 5386 διὰ
763 5342 819 5388 σέ
852 5353 865 5403 ;
902 5336 1111 5389 Πλάτων
1165 5334 1299 5390 εἶπεν
1335 5354 1347 5367 '
1385 5339 1514 5411 Ἐγὼ
1572 5346 1627 5393 τό
1686 5344 1838 5414 σῶμά

240 5442 337 5493 μου
400 5421 495 5477 διὰ
552 5428 781 5499 Χριστόν
829 5425 939 5477 ὅλον
984 5423 1285 5499 παρέδωκα.
1340 5433 1401 5481 Τί
1454 5425 1539 5481 οὖν
1586 5450 1684 5500 μου
1735 5432 1829 5484 οὐκ

243 5510 557 5585 ἀφίστασαι,
619 5517 905 5588 σκρινιάριε
954 5523 1046 5567 τοῦ
1104 5522 1305 5570 Σατανᾶ
1374 5524 1463 5570 xui
1522 5517 1677 5593 ἐχθρὲ
1740 5531 1837 5583 τῆς

249 5601 487 5668 ἀληθείας
548 5622 563 5673 ;
616 5606 834 5658 Σεαυτὸν
902 5606 1214 5664 νουθῦτησον
1290 5615 1380 5669 τῆς
1449 5608 1644 5672 πλάνης
1699 5609 1837 5676 ἐκτὸς

1951 3202 2131 3255 gnam
2146 3186 2196 3241 ei
2212 3185 2450 3241 tradens
2468 3184 2682 3248 dotem,
2703 3188 2759 3237 et
2774 3188 2830 3236 te
2847 3196 3036 3236 meum
3058 3179 3349 3251 proprium
3366 3179 3593 3234 vocabo

1950 3276 2159 3331 ﬁlium.
2190 3278 2395 3330 Beatus
2418 3279 2616 3329 autem
2640 3278 2695 3327 et
2714 3287 2920 3328 revera
2946 3269 3112 3325 fortis
3137 3270 3352 3325 athleta
3378 3268 3592 3326 Christi

1950 3364 2111 3420 Plato
2164 3363 2366 3418 ridens
2418 3363 2595 3417 dixit:
2647 3363 2813 3418 Miser
2860 3368 2916 3416 et
2965 3361 3279 3416 hominum
3334 3357 3589 3427 inimice,

1948 3454 2030 3509 ﬁli
2056 3453 2304 3519 diaboli,
2334 3458 2390 3508 et
2421 3451 2772 3507 administer
2804 3452 3055 3515 Satanae,
3088 3450 3136 3504 si
3167 3448 3370 3503 vellem
3420 3447 3589 3518 jungi

1949 3543 2348 3605 matrimonio,
2374 3545 2428 3595 et
2460 3541 2677 3595 ducere
2705 3556 2973 3605 uxorem,
3002 3546 3057 3593 et
3096 3538 3311 3607 degere
3332 3538 3392 3591 in
3422 3536 3593 3591 dece-

1950 3633 2169 3704 ptione,
2204 3629 2541 3700 implicatus
2573 3628 2737 3683 fumo
2767 3628 2946 3696 hujus
2970 3627 3287 3681 mundanae
3313 3627 3467 3694 vitae,
3503 3625 3596 3679 di-

1951 3734 2242 3789 gnarerne
2275 3718 2366 3772 vel
2398 3718 2457 3772 in
2485 3733 2682 3772 rerum
2718 3732 2987 3771 mearum
3024 3714 3416 3770 sollicitudine
3444 3713 3591 3767 acci-

1952 3825 2089 3881 pere
2145 3823 2390 3863 uxorem
2444 3806 2636 3862 fratris
2685 3806 2767 3860 tni
2810 3804 3019 3868 ﬁliam,
3053 3810 3151 3858 aut
3183 3803 3328 3858 tales
3375 3802 3594 3857 habere

1952 3896 2218 3960 ancillas,
2267 3896 2462 3967 qualis
2494 3900 2577 3950 est
2625 3894 2746 3948 tilia
2794 3892 2987 3949 fratris
3021 3893 3120 3957 tui,
3175 3897 3277 3947 aut
3320 3908 3389 3945 ea
3415 3890 3592 3945 etiam

1953 3987 2241 4056 meliores,
2262 3991 2321 4041 ut
2342 4002 2452 4057 ego
2479 4001 2611 4041 eam
2627 3985 2846 4039 ducam
2878 3999 3118 4038 uxorem
3140 3982 3336 4037 ‘ITunc
3364 3982 3595 4037 Satanas

1956 4075 2342 4131 scholasticus
2394 4080 2447 4130 et
2497 4073 2848 4129 administer
2920 4072 3102 4145 patris
3156 4072 3286 4142 ejus
3349 4068 3593 4133 diaboli,

1952 4166 2161 4237 plenus
2188 4164 2350 4220 omni
2386 4164 2527 4219 vitio
2564 4169 2619 4218 et
2644 4164 2900 4235 repletus
2941 4160 3103 4217 omni
3135 4176 3347 4233 genere
3373 4159 3599 4229 impro-

1953 4255 2169 4317 bitatis,
2204 4270 2323 4309 non
2348 4270 2518 4308 secus
2536 4270 2604 4308 ac
2625 4252 2806 4308 draco
2829 4252 3129 4323 quispiam
3144 4250 3348 4306 autleo
3372 4249 3596 4304 caedem

1954 4349 2246 4405 eructans,
2282 4342 2788 4413 grabatumjussit
2808 4340 3000 4395 afferri
3030 4357 3281 4404 aeneum,
3310 4346 3364 4395 et
3390 4340 3447 4394 in
3468 4338 3599 4409 ipso

1952 4432 2170 4505 deponi
2205 4439 2549 4502 martyrem:
2602 4436 2657 4486 et
2698 4429 2781 4484 sic
2816 4429 3015 4499 ignem
3055 4429 3322 4492 accendi,
3366 4436 3423 4484 et
3472 4427 3601 4483 ﬁeri

1953 4538 2240 4594 magnum
2260 4536 2540 4576 acervum
2565 4535 2916 4591 prunarum,
2938 4534 3196 4590 eumque
3223 4517 3456 4590 aspergi
3472 4517 3600 4571 oleo

1955 4616 2011 4666 et
2041 4611 2234 4666 resina
2266 4616 2321 4664 et
2360 4609 2649 4664 bitumine
2690 4613 2745 4664 et
2774 4624 2926 4673 cera,
2966 4612 3014 4662 et
3060 4624 3195 4663 eum
3237 4606 3383 4663 caedi
3417 4607 3597 4677 virgis

1954 4700 2376 4764 subtilissimis,
2412 4704 2473 4754 ut
2504 4715 2539 4754 a
2560 4698 2749 4771 plagis
2776 4705 2831 4752 et
2856 4697 2988 4768 igne
3021 4697 3241 4752 nudata
3267 4697 3395 4767 ejus
3417 4697 3602 4752 visce-

1954 4806 2085 4844 rum
2128 4794 2416 4844 structura
2466 4788 2517 4843 ei
2540 4787 2894 4843 intolerabile
2942 4792 3303 4841 tormentum
3362 4785 3595 4843 efﬁciat.

2026 4986 2162 5039 Vlll.
2198 4985 2341 5039 Cum
2382 4984 2485 5039 diu
2525 4988 2725 5039 autem
2775 4982 3099 5038 caederetur
3152 4988 3395 5054 martyr,
3452 4981 3601 5037 dixit

1957 5075 2322 5145 SOpbronius
2345 5072 2913 5130 commentariensis:
2930 5072 3503 5143 lnfelicissime,pare
3521 5069 3609 5125 vi-r

1952 5164 2133 5232 cario,
2153 5170 2207 5220 et
2227 5164 2339 5219 diis
2362 5162 2649 5227 sacriﬁca,
2672 5168 2727 5217 et
2748 5178 2822 5218 ne
2842 5162 2996 5217 male
3019 5161 3314 5227 moriaris,
3330 5160 3595 5216 lucrifac.

1953 5253 2105 5320 Quid
2155 5251 2557 5309 contradicis?
2609 5255 2735 5308 Non
2791 5252 2958 5307 vides
3010 5257 3215 5322 parata
3267 5256 3508 5322 propter
3549 5256 3599 5304 te

1952 5348 2246 5399 tormenta
2268 5343 2295 5398 Ἰ
2329 5341 2477 5397 Dixit
2507 5346 2750 5397 sanctus
2776 5341 2939 5396 Plato
2970 5357 2980 5395 :
3017 5343 3136 5410 Ego
3168 5344 3359 5395 totum
3391 5354 3592 5395 meum

1950 5448 2166 5503 corpus
2222 5436 2461 5503 propter
2512 5430 2805 5487 Christum
2858 5430 3093 5487 tradidi.
3145 5432 3258 5486 Cur
3303 5444 3443 5499 ergo
3477 5444 3601 5485 non

1948 5522 2203 5586 desistis,
2235 5537 2270 5577 o
2304 5523 2531 5578 Satanae
2563 5519 2882 5586 scriniarie,
2919 5526 2973 5576 et
3002 5520 3239 5575 inimice
3291 5520 3546 5576 veritatis
3572 5520 3599 5575 Ῥ

1946 5612 2224 5687 Teipsum
2252 5611 2531 5682 admone,
2566 5614 2629 5669 ut
2652 5609 2731 5670 ab
2761 5624 2965 5671 errore
2982 5608 3256 5672 desistas.
3289 5611 3406 5683 Ego
3438 5609 3598 5668 enim
