4142 6196
546 312 645 367 411
1258 288 1263 291 ⁷
1957 301 2207 359 MENSIS

2320 299 2524 357 ILlUS.
3794 315 3886 371 “2

464 478 465 481 η
550 437 690 508 scio,
725 437 871 509 quid
901 436 1044 491 mihi
1086 435 1382 507 expediat,
1410 438 1465 489 et
1499 449 1810 504 nunquam
1854 436 2087 488 avertar
2130 428 2208 484 ab
2239 426 2284 479 A
2320 430 2561 497 γενέσθαι
2623 447 2632 457 ·

552 529 665 583 hac
698 527 1084 582 confessione.
1125 524 1645 596 DixitAgrippinus
1678 540 1689 578 :
1727 523 1868 588 Quis
1905 527 1991 577 est
2017 521 2206 576 Chris-

553 623 695 682 stus,
729 633 906 688 quem
932 616 1082 671 dicis
1104 616 1131 671 ?
1158 619 1307 671 Num
1356 620 1549 686 potest
1596 620 1648 667 te
1682 613 1885 668 vivum
1927 612 2151 683 eripere
2177 626 2207 665 e

555 706 691 761 meis
711 706 982 761 manibus
1002 721 1119 759 non
1140 704 1597 759 sacriﬁcantem?
1612 706 1773 757 Nunc
1792 718 1933 770 ergo
1949 701 2036 754 vis
2054 700 2205 755 male

552 796 726 850 mori.
749 795 908 850 Scias
923 800 1142 857 autem,
1159 795 1321 865 quod
1345 795 1444 865 qui
1463 793 1895 848 fuitcruciﬁxus
1917 808 1949 846 a
1966 791 2203 858 Judaeis,

554 900 670 939 non
698 888 895 955 potest
922 891 971 937 te
997 900 1254 949 servare,
1285 883 1510 938 etiamsi
1547 882 1859 953 praestigiis
1892 883 2003 935 tuis
2035 880 2205 934 valde

552 972 949 1029 conﬁdas.Sin
973 978 1175 1027 autem
1196 989 1413 1042 magno
1436 973 1549 1027 deo
1568 971 1818 1043 Apollini
1836 969 2202 1033 sacriﬁcaris,

552 1066 607 1116 et
632 1066 727 1116 tuo
754 1062 1044 1117 sacriﬁcio
1073 1078 1211 1116 eum
1234 1062 1339 1116 tibi
1366 1061 1644 1133 placaris,
1667 1066 1857 1132 potest
1888 1064 1941 1113 te
1964 1058 2040 1114 ab
2070 1060 2203 1121 hoc,

551 1151 651 1223 qui
674 1156 724 1206 te
743 1151 982 1217 detinet;
1002 1152 1312 1207 candentis
1335 1150 1490 1219 ignis
1521 1150 1774 1218 grabato
1801 1154 1851 1203 et
1872 1148 2074 1203 dolore
2098 1147 2208 1202 eri-

550 1256 712 1313 pere.
755 1242 1005 1296 Sanctus
1039 1245 1239 1296 autem
1276 1240 1434 1295 Plato
1467 1239 1638 1295 dixit:
1671 1242 1983 1309 Nunquam
2031 1236 2208 1292 sacri-

550 1329 769 1394 ﬁcabo,
818 1346 927 1385 nec
979 1330 1255 1402 Apollini,
1298 1345 1405 1384 nec
1450 1328 1694 1400 reliquis
1735 1327 1845 1383 diis
1884 1330 2016 1382 tuis.
2059 1330 2205 1381 Nam

553 1418 654 1491 qui
688 1418 899 1489 Apollo
928 1418 1164 1482 dicitur,
1208 1418 1373 1490 pellit
1416 1417 1491 1473 ad
1531 1417 1858 1473 interitum:
1890 1422 1943 1470 et
1974 1432 2202 1480 omnes,

553 1508 656 1579 qui
686 1509 742 1564 in
782 1525 919 1563 eum
956 1508 1221 1573 credunt,
1256 1508 1467 1563 eodem
1508 1506 1788 1578 peribunt
1812 1505 2069 1561 interitu.
2114 1504 2206 1558 Vis

556 1604 756 1655 autem
786 1600 955 1662 scire,
985 1614 1020 1653 ο
1042 1597 1213 1652 stulte
1242 1602 1297 1652 et
1316 1597 1477 1665 gravi
1504 1596 1702 1661 corde,
1731 1595 1912 1651 delire
1935 1600 1990 1650 et
2012 1600 2206 1649 mente

556 1693 748 1760 capte.
808 1688 970 1760 quod
1004 1703 1125 1743 non
1184 1693 1321 1742 sunt
1350 1686 1452 1751 dii,
1505 1686 1608 1757 qui
1658 1684 1805 1740 ﬁunt
1846 1700 1950 1757 per
1988 1699 2204 1739 manus

2688 427 2786 501 ἐγὼ
2840 435 2940 502 γὰρ
2990 436 3045 483 τό
3106 436 3364 504 συμφέρον
3417 432 3613 503 ἐμαυτῷ
3661 444 3879 507 γινώσκω

2318 522 2406 568 καὶ
2458 518 2515 569 οὐ
2548 524 2934 590 μετατρέπομαι
2988 520 3087 572 ἀπὸ
3142 530 3231 581 τῆς
3275 521 3546 593 ὁμολογίας
3597 529 3791 587 ταύτης,
3826 527 3877 579 '0

2321 602 2377 658 δε
2412 607 2745 678 Ἀγριππῖνος
2786 612 2877 680 ἔφη
2933 628 2943 639 ’
2997 618 3087 671 Τίς
3146 610 3284 662 ἐστιν
3333 613 3358 663 6
3405 616 3621 685 Χριστός
3648 613 3695 664 ὃν
3724 620 3783 666 σὺ
3811 616 3878 667 λέ-

2317 716 2425 766 γεις
2460 713 2472 762 ;
2508 701 2590 755 Μὴ
2640 694 2861 749 δύναταί
2914 719 2969 750 σε
3016 702 3282 774 ῥύσασθαι
3332 700 3385 752 ἐκ
3428 709 3521 751 τῶν
3569 710 3769 775 χειρῶν,
3815 710 3877 773 μὴ

2321 787 2507 837 θύοντα
2541 804 2553 853 ;
2586 794 2672 837 νυν
2728 784 2814 839 οὖν
2871 787 3045 859 βούλει
3108 800 3276 851 κακῶς
3333 789 3616 844 ἀποθανεῖν.
3680 797 3882 844 Γίνωσκε

2318 872 2425 942 οὖν,
2487 879 2565 929 ὅτι
2612 879 2636 929 6
2681 881 2993 950 σταυρωθεὶς
3041 883 3179 953 παρά
3210 889 3306 931 τῶν
3347 877 3610 932 Ἰουδαίων
3650 880 3703 931 ού
3746 878 3885 931 δύνα-

2318 972 2404 1017 ταί
2437 986 2493 1018 σε
2526 976 2713 1031 σῶσαι,
2759 968 2801 1019 εἰ
2845 974 2933 1019 καὶ
2985 966 3191 1043 σφόδρα
3233 969 3430 1043 θαρρεῖς
3483 976 3592 1029 ταῖς
3642 974 3885 1039 γοητείαις

2322 1073 2436 1105 σου.
2486 1056 2598 1106 Ἐἀν
2650 1052 2709 1108 δὲ
2752 1060 2915 1129 θυσῃς
2966 1066 3038 1127 τῷ
3082 1058 3285 1130 μεγάλῳ
3347 1060 3440 1128 θεῷ
3491 1057 3762 1111 Ἀπόλλωνι
3807 1063 3886 1109 καὶ

2322 1144 2644 1216 θεραπεύσης
2677 1146 2830 1197 αὐτόν
2866 1144 2953 1198 ὃιά
3001 1156 3092 1207 τῆς
3124 1150 3307 1209 θυσίας
3341 1168 3454 1211 σου,
3510 1144 3718 1207 δυνατός
3765 1147 3888 1199 ἐστιν

2320 1231 2420 1283 ἀπὸ
2453 1242 2546 1295 τῆς
2585 1239 2917 1306 κατεχούσας
2946 1255 3001 1288 σε
3034 1240 3228 1298 ταύτης
3278 1234 3471 1298 ὀδύνης
3509 1242 3595 1287 καὶ
3625 1234 3883 1309 κραϐϐατο·

2320 1328 2506 1393 πυρίας
2560 1323 2837 1385 ἐξελέσθαι.
2896 1325 3106 1377 Πλάτων
3157 1324 3290 1378 εἶπεν
3338 1348 3349 1359 ·

2317 1410 2516 1475 λοιποῖς
2600 1415 2751 1481 θεοῖς,
2806 1418 2919 1466 οὔτε
2976 1413 3257 1467 Ἀπόλλωνι
3312 1434 3321 1443 ⁸

2318 1502 2578 1554 Ἀπόλλων
2632 1503 2857 1556 ἀπώλειά
2897 1504 3054 1567 ἐστιν,
3112 1511 3200 1557 καὶ
3238 1508 3417 1565 πάντες
3465 1501 3522 1556 δὲ
3572 1507 3619 1555 οἱ
3660 1503 3721 1562 εἰς
3751 1502 3888 1553 αὐτὸν

3400 1326 3474 1377 Οὐ
3528 1328 3630 1377 θύω
3661 1329 3770 1376 οὔτε
3800 1332 3887 1383 τοῖς

3391 1418 3415 1466 6
3468 1417 3568 1486 γὰρ
3642 1414 3889 1484 λεγόμενος

2316 1595 2660 1656 πιστεύοντες,
2715 1601 2774 1664 τῇ
2854 1593 2983 1665 αὐτῇ
3054 1593 3283 1665 ἀπωλείᾳ
3351 1593 3677 1646 ἀπολοῦνται,
3733 1590 3890 1649 Θέλεις

2319 1676 2375 1731 δὲ
2421 1689 2629 1751 γνῶναι,
2680 1680 2862 1740 ἀνόητε
2915 1688 3001 1733 καὶ
3057 1680 3407 1756 βαρυκάρδιε,
3474 1687 3559 1733 καὶ
3616 1682 3891 1753 φρεναπάται

555 1776 894 1841 hominum,
931 1776 1034 1832 sed
1090 1791 1303 1831 aurum
1354 1781 1408 1831 et
1458 1779 1791 1845 argentum,
1840 1778 1896 1828 et
1924 1772 2106 1842 ligna,
2152 1778 2207 1829 et

2320 1774 2404 1820 καὶ
2443 1770 2660 1843 λυμεὼν,
2711 1774 2789 1823 ὅτι
2839 1772 2932 1824 οὐκ
2979 1773 3081 1825 εἰσὶ
3119 1776 3221 1825 θεοὶ
3251 1776 3299 1824 οἱ
3346 1769 3437 1824 διά
3482 1780 3671 1845 χειρῶν
3717 1768 3888 1837 ἀνθρώ-

555 1866 784 1939 lapides
823 1867 1062 1922 formati
1107 1866 1285 1922 variis
1328 1870 1383 1921 et
1425 1865 1675 1920 diversis
1706 1863 2003 1919 coloribus
2040 1863 2067 1917 ?
2096 1864 2205 1929 Qui

555 1956 760 2013 oculos
799 1955 1042 2023 habent,
1086 1960 1141 2010 et
1174 1970 1291 2011 non
1336 1954 1571 2010 vident:
1603 1968 1822 2009 manus
1871 1953 2116 2019 habent,
2150 1958 2207 2010 et

556 2060 677 2100 non
694 2045 943 2116 palpant
970 2046 1175 2116 :pedes
1192 2044 1435 2107 habent,
1453 2046 1506 2097 et
1530 2057 1649 2097 non
1675 2041 2007 2107 ambulant,
2035 2057 2205 2098 aures

555 2133 795 2198 habent,
844 2138 897 2189 et
947 2150 1067 2189 non
1108 2133 1399 2188 audiunt:
1458 2148 1631 2187 nares
1688 2131 1930 2195 habent,
1981 2136 2035 2187 et
2082 2148 2203 2188 non

558 2221 1094 2287 odorantur‘;et,
1172 2225 1235 2275 ut
1306 2220 1487 2276 semel
1559 2220 1776 2283 dicam,
1823 2225 1959 2275 sunt
2024 2237 2205 2292 opera

554 2308 885 2371 fabrorum,
928 2315 981 2364 et
1020 2310 1351 2375 auriﬁcum,
1384 2316 1439 2365 et
1483 2314 1874 2373 tornatorum,
1922 2316 1976 2364 et
2012 2312 2206 2383 lapici-

557 2398 791 2453 darum.
845 2400 943 2454 Isti
984 2399 1166 2464 enim,
1200 2416 1350 2472 quos
1387 2404 1445 2454 tu
1480 2400 1624 2455 deos
1674 2415 1804 2455 esse
1836 2399 1984 2455 dicis
2016 2418 2026 2454 :
2061 2418 2207 2473 quo-

558 2487 740 2543 modo
806 2504 927 2545 non
986 2494 1239 2561 possunt
1305 2490 1479 2545 alicui
1539 2488 1905 2555 benefacere,
1974 2491 2051 2546 ita
2099 2508 2208 2547 nec

558 2582 1097 2651 possuntunquam
1128 2578 1342 2634 laedere
1379 2595 1481 2634 eos
1499 2579 1600 2649 qui
1637 2578 2204 2636 timentDominum.

561 2668 709 2723 Sunt
739 2667 900 2723 enim
945 2667 1111 2723 nullo
1144 2683 1324 2723 sensu
1374 2667 1631 2740 praediti,
1662 2667 1837 2723 vobis
1867 2668 2119 2724 similes:
2153 2674 2209 2725 et

558 2772 673 2812 non
698 2758 975 2823 sentiunt,
1005 2772 1114 2813 nec
1142 2774 1279 2813 cum
1311 2757 1393 2813 eis
1424 2757 1666 2813 offertur
1692 2758 2070 2816 sacriﬁcium.
2100 2776 2209 2816 nec

558 2862 695 2901 cum
732 2846 1015 2912 libamen,
1057 2862 1166 2902 nec
1216 2864 1351 2902 cum
1382 2847 1464 2902 eis
1516 2847 1671 2903 ullus
1723 2847 1875 2903 alius
1901 2848 2209 2904 exhibetur

558 2934 767 2990 cultus.
806 2939 957 2991 Deus
1015 2940 1234 2999 autem,
1287 2937 1388 3007 qui
1440 2938 1642 2991 omnia
1700 2936 1851 3001 fecit,
1887 2943 1941 2991 et
1991 2938 2204 2993 coelum

558 3023 821 3078 extendit
850 3029 1133 3095 tanquam
1157 3024 1392 3096 pellem,
1418 3031 1469 3079 et
1495 3030 1712 3079 terram
1731 3024 2001 3079 fundavit
2029 3042 2208 3097 super

2316 1879 2423 1911 πων
2470 1866 2749 1932 γενόμενοι,
2796 1860 2923 1912 ἀλλά
2956 1866 3178 1933 χρυσὸς,
3217 1868 3303 1914 καὶ
3335 1863 3584 1933 ἄργυρος,
3629 1864 3711 1910 καὶ
3759 1856 3885 1924 ξύλα,

2316 1953 2403 2000 καὶ
2471 1949 2624 2013 λίθοι,
2694 1956 3083 2025 μεμορφωμένοι
3160 1950 3417 2010 ποικίλοις
3482 1954 3569 2001 καὶ
3641 1945 3891 2018 διαφόροις

2315 2043 2637 2110 χρώμασιν·
2673 2038 2719 2090 οἱ
2775 2040 3069 2112 ὀφθαλμοὺς
3118 2043 3306 2111 ἔχουσι
3356 2043 3440 2090 καὶ
3503 2038 3560 2090 οὐ
3608 2035 3885 2109 βλέπουσιν,

2314 2122 2420 2177 ὦτα
2494 2130 2683 2197 ἔχουσι
2757 2134 2845 2180 καὶ
2904 2130 2997 2180 οὐκ
3056 2130 3324 2190 ἀκούουσι,
3375 2130 3521 2203 ῥῖνας
3573 2130 3755 2197 ἔχουσι
3808 2127 3883 2173 καὶ

2315 2216 2407 2267 οὐκ
2470 2216 2938 2289 ὀσφρανθησονται,
3016 2227 3197 2291 χεῖρας
3276 2222 3472 2290 ἔχουσι
3538 2222 3625 2269 καὶ
3690 2214 3744 2265 οὐ
3796 2212 3885 2282 ψη-

2313 2304 2631 2377 λαφησουσι,
2710 2305 2874 2367 πόδας
2959 2312 3145 2378 ἔχουσι
3228 2314 3315 2359 καὶ
3392 2308 3452 2359 οὐ
3529 2307 3887 2376 περιπατήσον-

2320 2415 2373 2447 σι
2430 2413 2441 2424 ⁸
2502 2402 2590 2447 καὶ
2640 2397 2809 2457 ἀπλώς
2866 2398 3043 2461 εἰπεῖν,
3101 2402 3226 2470 ἔργα
3276 2406 3475 2472 χειρῶν
3530 2403 3769 2467 τεχνιτῶν
3809 2394 3886 2441 καὶ

2316 2491 2637 2558 χρυσοχόων

2317 2573 2479 2626 Οὗτοι
2508 2576 2629 2647 γὰρ,
2679 2574 2768 2636 οὓς
2814 2575 2949 2647 λέγει
2999 2578 3126 2628 εἶναι
3176 2578 3339 2643 θεοὺς,
3385 2576 3565 2645 ὥσπερ
3616 2571 3797 2642 ἀγαθὸν
3840 2566 3889 2618 οὗ

2319 2658 2563 2715 δύνανται
2622 2674 2862 2734 ποιῆσαι,
2920 2666 3083 2726 οὕτως
3140 2662 3263 2716 οὐδὲ
3318 2662 3531 2736 βλάψαι
3571 2665 3688 2721 τούς
3723 2656 3891 2730 φοϐον-

2318 2755 2498 2817 μένους
2574 2756 2658 2803 τόν
2727 2756 2853 2804 Θεὸν
2910 2749 3176 2817 δύνανται,
3240 2751 3369 2804 ἀλλά
3419 2750 3729 2807 ἀναίσθητοί
3778 2744 3890 2797 εἰσιν

2732 2491 2820 2539 καὶ
2902 2496 3182 2559 τορνευτῶν
3271 2492 3359 2537 καὶ
3425 2485 3672 2547 λιθοξόων
3754 2480 3886 2531 εἰσίν.

2316 2842 2486 2911 ὅμοιοι
2540 2842 2680 2913 ὑμῶν
2722 2847 2810 2893 καὶ
2860 2842 2952 2893 ούκ
2998 2844 3333 2894 αἰσθάνονται
3372 2844 3500 2893 οὔτε
3533 2842 3712 2897 θυσίας
3751 2851 3892 2908 προσ-

2318 2935 2597 3001 φερομένης
2651 2934 2763 2983 οὕτε
2806 2936 2908 3002 μὴν
2968 2932 3135 3003 ἐτέρας
3189 2934 3327 2992 τινός
3387 2933 3685 3001 θεραπείας.
3734 2926 3787 2975 Ὀ
3844 2916 3892 2971 δὲ

2316 3022 2485 3070 πάντα
2538 3026 2779 3081 ποιήσας,
2828 3025 2911 3071 καὶ
2962 3024 3047 3071 τὸν
3098 3021 3310 3091 οὐρανὸν
3354 3024 3591 3079 ταν-ὑσας
3645 3018 3757 3067 ὡσεὶ
3793 3008 3892 3083 δέρ-

562 3128 752 3182 aquas
784 3113 826 3176 ⁵,
862 3113 960 3183 qui
990 3118 1181 3183 potest
1212 3113 1479 3168 animam
1514 3119 1569 3169 et
1610 3129 1823 3185 corpus
1872 3096 2117 3186 perdere
2147 3116 2203 3170 in

2320 3109 2395 3182 ριν
2442 3113 2530 3160 καὶ
2586 3114 2679 3166 τὴν
2732 3117 2829 3179 γῆν
2882 3110 3195 3181 θεμελιώσας
3252 3108 3334 3160 ἐπὶ
3384 3118 3487 3159 τῶν
3541 3104 3754 3165 ύδάτων,
3808 3096 3887 3151 δυ’

564 3200 837 3269 gehenna
867 3202 887 3235 ⁶
942 3200 1107 3271 :ipse
1141 3200 1199 3255 in
1228 3216 1438 3256 omnes
1483 3202 1857 3256 dominatum
1912 3202 2200 3273 obtinens,

558 3288 872 3343 rationalia
903 3292 959 3344 et
991 3288 1300 3344 incruenta
1342 3290 1586 3361 suscipit
1624 3289 1933 3355 sacriﬁcia,
1968 3308 2103 3363 quae
2135 3311 2203 3349 ex

557 3392 711 3448 puro
744 3378 921 3432 corde
952 3379 999 3432 ei
1033 3377 1389 3433 offeruntur:
1426 3382 1481 3433 et
1509 3379 1817 3450 quomodo
1848 3396 1966 3435 non
1994 3386 2079 3437 est
2106 3383 2207 3438 ab-

559 3466 827 3532 surdum,
864 3472 925 3521 ut
960 3483 1072 3522 nos
1102 3467 1299 3522 relicto
1346 3468 1617 3523 eﬂ‘ectore
1645 3470 2077 3537 universorum,
2121 3490 2208 3527 sa-

561 3555 894 3611 criﬁcemus
908 3556 1084 3626 lignis
1100 3556 1469 3629 etlapidibus
1484 3558 1709 3613 ratione
1727 3560 2083 3627 carentibus,
2105 3565 2204 3634 qui

560 3645 745 3701 creati
777 3662 983 3701 sumus
1011 3646 1086 3701 ad
1122 3647 1219 3701 Dei
1251 3646 1617 3715 imaginem?

628 3823 710 3880 1X.
747 3823 891 3879 Dicit
931 3824 1321 3897 Agrippinus:
1365 3823 1630 3881 Miserere
1658 3824 1737 3880 tui
1787 3826 1860 3881 de
1891 3832 2127 3893 caetero,
2172 3845 2206 3884 ο

558 3912 769 3983 miser;
794 3913 911 3968 etsi
937 3912 1090 3967 nolis
1119 3912 1584 3977 sacriﬁcare,dic
1603 3914 1825 3969 solum:
1856 3919 2095 3986 Magnus
2124 3922 2210 3973 est

561 4001 791 4073 Apollo,
814 4007 869 4056 et
888 4002 1115 4072 jubebo
1141 4006 1193 4055 te
1217 4001 1429 4057 auferri
1457 4002 1534 4057 ab
1560 4002 1673 4057 hoc
1697 4005 1859 4071 gravi
1886 4005 2062 4071 ignis,
2088 4022 2207 4077 quo

559 4090 817 4156 vexaris,
852 4090 1140 4154 cruciatu,
1170 4089 1389 4160 abique
1422 4107 1629 4162 sospes
1652 4100 1705 4147 et
1730 4099 1929 4148 noster
1955 4096 2203 4149 amicus.

560 4182 810 4235 Sanctus
843 4185 1041 4234 autem
1087 4179 1232 4234 dixit
1268 4179 1464 4235 Plato:
1512 4180 1695 4244 Absit,
1727 4185 1785 4236 ut
1839 4198 1949 4251 ego
1980 4184 2058 4237 ita
2096 4185 2205 4239 mei

561 4268 852 4332 miserear,
874 4272 932 4323 ut
945 4285 1077 4323 meo
1092 4284 1335 4339 parcens
1349 4270 1594 4339 corpori,
1613 4276 1668 4324 et
1680 4286 1866 4340 parva
1880 4279 2210 4343 accepta,ut

562 4364 617 4411 tu
634 4372 862 4422 censes,
876 4356 1259 4421 relaxatione,
1276 4374 1412 4413 cum
1437 4358 1641 4412 anima
1665 4359 1881 4414 vadam
1896 4361 1971 4415 ad
1988 4362 2211 4432 gehen-

2317 3200 2527 3270 νάμενος
2575 3204 2662 3249 καὶ
2702 3203 2795 3256 τὴν
2844 3198 3028 3270 ψυχὴν
3076 3204 3164 3250 καὶ
3199 3201 3255 3250 τὸ
3304 3206 3459 3269 σῶμα
3494 3195 3733 3248 ἀπολέσαι
3762 3194 3804 3240 ἐν
3832 3194 3884 3257 τῇ

2316 3292 2508 3359 γεέννῃ,
2539 3288 2691 3348 αὐτὸς
2720 3285 2989 3348 δεσπόζων
3015 3291 3236 3351 πάντων,
3258 3284 3621 3361 προσδέχεται
3650 3286 3738 3341 τὰς
3766 3280 3885 3347 λογι-

2317 3379 2406 3435 κὰς
2449 3378 2630 3436 θυσίας
2660 3382 2747 3427 καὶ
2779 3375 3147 3448 ἀναιμάκτους,
3178 3379 3270 3437 τάς
3302 3375 3406 3427 ἀπὸ
3437 3377 3663 3445 καθαρᾶς
3691 3363 3890 3441 καρδίας

2317 3471 2727 3538 προσφερομένας
2771 3470 2854 3516 καὶ
2905 3474 3009 3525 πὼς
3051 3467 3141 3517 οὐκ
3188 3468 3379 3517 ἄτοπόν
3409 3466 3546 3517 ἐστιν
3577 3456 3890 3525 καταλείψαν-

2316 3574 2406 3615 τας
2458 3558 2594 3625 ἡμᾶς
2656 3559 2741 3605 τόν
2790 3564 2885 3606 τῶν
2945 3556 3068 3607 ὅλων
3117 3560 3357 3617 ποιητὴν,
3413 3554 3580 3617 ξύλοις
3622 3555 3707 3602 καὶ
3744 3546 3891 3602 λίθοις

2318 3644 2525 3714 ἀλόγοις
2558 3645 2747 3703 θύεινῆ
2784 3642 3020 3697 σπένδειν
3070 3649 3190 3706 τοὺς
3238 3644 3352 3696 κατ’
3414 3645 3585 3697 εἰκόνα
3616 3639 3893 3691 κτισθέντας

2320 3742 2452 3788 Θεοῦ
2486 3752 2498 3797 ;

2391 3824 2471 3877 Θ’.
2525 3823 2582 3875 Ὀ
2641 3820 2697 3875 δὲ
2748 3822 3085 3897 Ἀγριππίνος
3144 3826 3235 3894 ἔφη
3297 3840 3307 3851 ’
3367 3826 3640 3895 Οἷκτειρον
3700 3814 3894 3868 σεαυτόν

2319 3912 2514 3977 λοιπόν,
2584 3912 2872 3986 τρισάθλιε,
2931 3917 3039 3975 καὶ,
3105 3912 3147 3964 εἰ
3215 3916 3285 3983 μὴ
3345 3912 3506 3973 θέλεις
3579 3911 3749 3969 θύσαι,
3804 3901 3896 3953 εἰπὲ

2320 4006 2470 4073 μόνον
2523 4022 2533 4032 ·
2590 4007 2762 4071 Μέγας
2816 4002 2839 4053 6
2895 4001 3177 4066 Ἀπόλλων,
3252 4005 3341 4052 καὶ
3401 4000 3628 4053 κελεύσω
3683 3998 3736 4047 σε
3788 4007 3897 4042 κατ·

2322 4095 2593 4163 ενεχθῆναι
2628 4091 2725 4143 ἀπὸ
2766 4088 2857 4151 τῆς
2900 4095 3227 4162 κατεχούσης
3278 4110 3334 4143 σε
3389 4089 3568 4149 δεινῆς
3619 4094 3706 4138 τοῦ
3755 4080 3898 4151 πυρὸς

2322 4181 2594 4242 κολάσεως,
2645 4186 2734 4232 καὶ
2791 4179 2975 4232 ἄπελθε
3032 4182 3276 4251 ὑγιαίνων
3329 4184 3415 4231 καὶ
3474 4179 3617 4251 φίλος
3668 4175 3900 4244 ὑπάρχων

3218 4273 3302 4326 Μὴ
3356 4273 3561 4339 γένοιτό
3616 4284 3701 4337 μοι
3761 4259 3902 4312 οὕτως

2855 4360 2936 4409 ἵνα
3009 4355 3307 4430 φειδόμενός
3375 4377 3478 4429 μου
3538 4363 3629 4407 τοῦ
3685 4358 3904 4421 σώματος

2322 4273 2581 4342 ἡμέτερος.
2649 4270 2857 4321 Πλάτων
2912 4266 3044 4321 εἶπεν
3122 4289 3132 4299 ·

2324 4361 2501 4412 ἑαυτὸν
2553 4359 2658 4417 ἐλεῆ
2671 4379 2777 4421 σαι,

560 4461 701 4500 nam
730 4445 901 4513 ignis.
939 4446 1088 4500 Dixit
1119 4446 1513 4517 Agrippinus:
1548 4449 1718 4502 Recte
1747 4446 1905 4517 facis,
1940 4450 2207 4506 infelicis-

2322 4454 2409 4501 καὶ
2465 4449 2654 4519 ὀλίγον,
2704 4452 2772 4509 ὡς
2831 4452 2895 4498 σὺ
2954 4448 3203 4519 νομίζεις,
3257 4449 3434 4499 ἄνεσιν
3493 4444 3661 4497 λαϐὼν
3713 4443 3801 4492 σὺν
3851 4439 3903 4503 τῇ

562 4535 729 4602 sime,
749 4534 851 4588 tibi
868 4540 1115 4589 mortem
1133 4534 1406 4589 atterens.
1430 4540 1481 4589 te
1500 4535 1608 4590 hac
1636 4537 1991 4594 suavissima
2007 4540 2209 4595 volens

562 4623 688 4678 luce
728 4623 982 4694 privare.
1020 4624 1168 4678 Dixit
1210 4624 1402 4679 Plato:
1437 4624 1543 4678 Pro
1577 4624 1804 4680 Christo
1854 4628 2027 4694 mori,
2070 4646 2213 4685 con-

563 4713 718 4769 ciliat
774 4712 918 4768 mihi
969 4728 1215 4781 regnum
1269 4713 1551 4769 cmlorum
1586 4730 1598 4778 ;
1640 4730 1758 4769 non
1814 4716 1953 4771 mihi
2012 4724 2210 4775 autem

564 4802 778 4866 solum,
812 4802 916 4857 sed
943 4801 1119 4858 etiam
1154 4802 1455 4861 omnibus.
1492 4803 1592 4874 qui
1624 4802 1813 4873 ipsum
1844 4804 2068 4862 timent.
2097 4810 2212 4877 Ego

561 4907 703 4947 vero
734 4891 837 4947 tibi
858 4891 1012 4956 dico,
1046 4891 1211 4962 quod
1241 4907 1360 4946 non
1394 4898 1645 4963 possunt
1674 4893 1923 4958 vincere,
1952 4897 2055 4966 qui
2077 4914 2213 4952 cum

562 4982 681 5036 Deo
714 4985 1009 5037 conantur
1048 4980 1266 5035 bellum
1308 4996 1531 5049 gerere,
1586 4986 1640 5037 et
1684 4982 1917 5052 pietatis
1963 4985 2215 5041 athletas

563 5070 811 5126 diversis
834 5070 1143 5125 tormentis
1166 5069 1484 5141 subjiciunt
1510 5086 1520 5125 :
1548 5071 1855 5142 quomodo
1878 5089 2083 5129 rursus
2108 5091 2216 5130 nec

562 5146 976 5231 qui'Christum
990 5158 1213 5214 habent
1233 5173 1409 5229 opem
1427 5158 1729 5223 ferentem,
1754 5167 2007 5231 possunt
2026 5163 2217 5219 malos

562 5249 837 5306 homines
864 5254 920 5305 et
952 5252 1069 5304 Deo
1108 5247 1328 5303 invisos
1362 5247 1592 5303 vincere
1642 5256 1882 5320 propter
1911 5250 2212 5321 insignem

566 5352 773 5393 eorum
803 5336 1115 5393 malitiam.
1150 5335 1555 5401 Quamobrem
1589 5336 1722 5391 dico
1763 5337 1884 5402 tibi,
1939 5343 2214 5411 tyranne,

566 5426 729 5496 quod
748 5442 944 5499 neque
960 5426 1100 5490 vita,
1118 5441 1313 5497 neque
1331 5440 1513 5495 mors,
1534 5441 1727 5497 neque
1746 5426 2003 5495 gladius,
2025 5445 2219 5502 neque

641 5601 660 5636 ὀ
702 5600 861 5659 Psal.
892 5617 1046 5669 exui,
1082 5602 1201 5658 5-7.
1284 5604 1303 5639 ⁴
1330 5602 1483 5660 Psal.
1529 5616 1642 5672 cm,
1673 5605 1727 5674 3,
1762 5607 1813 5660 5.

2322 4540 2475 4611 ’ψυχῇ
2538 4538 2743 4611 ἐμπέσω
2808 4538 2874 4597 εἰς
2928 4542 3020 4595 τὴν
3074 4542 3294 4607 γέενναν.
3349 4536 3414 4587 ‘0
3473 4532 3531 4587 δὲ
3587 4533 3908 4604 Ἀγριππίνος

2325 4633 2414 4701 ἔφη
2479 4649 2490 4660 ’
2552 4628 2747 4691 Καλῶς,
2810 4624 3228 4696 δυστυχέστατε,
3315 4627 3535 4677 θάνατον
3613 4622 3773 4687 ἑαυτῷ
3827 4614 3905 4665 ἐπ’

2325 4722 2479 4789 άγεις,
2540 4717 2845 4790 βουλόμενος
2894 4715 3071 4767 ἑαυτὸν
3124 4720 3361 4789 στερίσαι
3412 4722 3505 4766 τοῦ
3545 4708 3769 4770 ἡδίστου
3822 4724 3910 4775 φω-

2324 4814 2426 4868 τός.
2471 4807 2529 4859 Ὀ
2569 4807 2713 4877 ἅγιος
2769 4805 2976 4858 Πλάτων
3015 4803 3147 4857 εἶπεν
3183 4822 3193 4833 ·
3228 4808 3296 4856 Τὸ
3343 4806 3470 4876 ὑπὲρ
3530 4804 3759 4875 Χριστοῦ
3799 4793 3908 4845 ἀπο-

2329 4900 2491 4949 θανεῖν
2553 4896 2821 4967 βασιλείαν
2880 4895 3107 4970 οὐρανῶν
3172 4894 3403 4967 προξενεῖ
3482 4912 3593 4964 μοι,
3662 4888 3752 4941 οὐχ
3808 4883 3911 4954 ἐμοὶ

2327 4992 2496 5057 μόνον,
2536 4985 2661 5037 ἀλλά
2707 4990 2795 5037 καὶ
2848 4992 3007 5037 πᾶσιν
3051 4990 3153 5044 τοῖς
3202 4982 3537 5055 φοϐουμένοις
3589 4978 3756 5030 αὐτόν.
3792 4973 3910 5040 Ἐγὼ

2328 5072 2387 5126 δέ
2444 5094 2526 5126 σοι
2573 5074 2702 5145 λέγω
2748 5075 2827 5125 ὅτι
2876 5073 2933 5125 ού
2980 5070 3229 5125 δύνανται
3274 5079 3491 5129 νικῆσαι
3538 5072 3717 5127 οἵτινες
3770 5062 3909 5135 μάχη

2330 5172 2605 5235 πειρῶνται
2662 5170 2805 5233 νικᾲν
2865 5167 2980 5223 τοὺς
3042 5170 3135 5223 τῆς
3195 5160 3462 5221 εὐσεϐείας
3522 5158 3767 5217 ἀθλητὰς,
3830 5147 3914 5199 κᾶν

2332 5252 2585 5325 βασάνοις
2662 5249 2929 5324 διαφόροις
3000 5250 3378 5314 ὑποϐάλλωσιν,
3452 5251 3626 5321 ὥσπερ
3678 5242 3823 5296 πάλιν
3873 5254 3915 5287 οι

2330 5345 2558 5414 Χριστόν
2616 5341 2941 5413 ἐπαμύνοντα
2986 5343 3195 5411 ἔχοντες
3240 5340 3493 5390 νικᾶσθαι
3532 5343 3640 5395 τοῖς
3685 5330 3915 5400 πονηροῖς

2333 5427 2560 5503 ἀνδράσι
2613 5436 2700 5481 καὶ
2757 5432 3028 5502 μισοθέοις
3080 5430 3136 5480 οὐ
3189 5426 3458 5480 δύνανται.
3522 5427 3609 5477 Διὸ
3663 5422 3787 5492 λέγω
3842 5430 3917 5465 σοι

1891 5604 1912 5640 ⁵
1944 5605 2147 5664 Matth.
2179 5622 2233 5675 ι,
2268 5611 2354 5663 28.
