4142 6196
241 276 352 332 413

1590 266 1758 323 VITA
1799 264 1861 323 S.
1903 264 2252 322 PLATONIS

3520 279 3625 336 414

240 407 360 455 οὔτε
419 402 556 466 ζωὴ,
598 401 715 452 οὔτε
772 401 1002 462 Θάνατος,
1054 400 1169 450 οὔτε
1214 397 1478 470 μάχαιρα,
1529 396 1644 447 οὔτε
1672 393 1840 467 λιμὸς,

1958 392 2167 463 fames,
2224 410 2418 467 neque
2477 396 2830 468 periculum,
2874 416 3066 474 neque
3115 403 3378 471 altitudo,
3426 421 3621 479 neque

239 496 358 545 οὔτε
396 488 657 552 κίνδυνος,
704 492 816 541 οὔτε
854 488 1069 560 ὕψωμα,
1122 489 1238 539 οὔτε
1271 484 1454 559 βάθος,
1490 488 1602 537 οὔτε
1630 504 1705 545 τις
1735 488 1845 535 κτί-

247 601 330 642 σις
361 581 512 655 ἑτέρα
560 585 785 653 χωρίσει
836 598 897 651 με
937 578 1035 631 ἀπὸ
1069 586 1164 639 τῆς
1214 576 1419 646 ἀγάπης
1465 582 1556 627 τοῦ
1600 580 1726 627 Θεοῦ
1758 582 1847 633 τῆς

242 671 290 724 ἐν
326 679 545 744 Χριστῷ
574 678 646 740 τῷ
697 674 871 741 Κυρίῳ
924 670 1091 740 ἡμῶν.
1135 670 1332 719 Τούτου
1377 667 1539 737 χάριν
1570 666 1849 721 πεισθῆναί

237 781 332 833 μοι
400 760 619 831 ὀφείλεις
671 758 1089 830 ἐπαγγελλομένῳ
1160 776 1242 808 σοι
1297 756 1353 807 ού
1403 757 1639 827 φθαρτῶν
1697 773 1848 804 τινων

240 851 571 924 πραγμάτων
624 853 713 899 καὶ
769 849 973 919 σαθρῶν
1032 846 1341 909 ἀπόλαυσιν,
1399 843 1526 895 ἀλλὰ
1571 841 1848 915 βασιλείαν

242 941 497 1011 οὐρανῶν,
554 938 612 995 ἣν
653 940 701 989 οἱ
746 937 813 998 εἰς
861 940 945 988 τόν
994 939 1223 1008 Χριστὸν
1263 934 1647 1006 ἐπιστρέφοντες
1698 935 1849 1003 ἔχου-

244 1049 348 1095 σιν,
404 1030 517 1080 ὅθεν
574 1022 778 1096 ἀπέδρα
830 1022 989 1083 ὀδύνη
1055 1030 1142 1077 καὶ
1202 1024 1337 1082 λύπη
1392 1029 1481 1076 καὶ
1543 1026 1844 1093 στεναγμός.

241 1122 558 1175 Ματαίωσον
634 1121 802 1169 τοίνυν
860 1119 953 1173 τὴν
1034 1110 1221 1167 ἐλπίδα
1294 1122 1386 1165 τοῦ
1459 1110 1728 1175 διαϐόλου,
1788 1111 1848 1168 ἢν

239 1213 390 1279 ἔχεις
435 1207 522 1260 ἐπὶ
561 1212 669 1276 σοὶ,
713 1211 804 1258 καὶ
847 1204 1110 1262 ἁπόστηθι
1140 1201 1241 1255 ἀπὸ
1273 1212 1362 1264 τῆς
1396 1207 1581 1275 μανίας
1605 1204 1799 1261 ταύτης
1833 1217 1844 1229 ·

240 1304 333 1350 καὶ
389 1294 659 1348 ἀναλαϐὼν
708 1298 765 1348 τὸ
815 1294 1023 1367 λογικὸν
1086 1292 1309 1365 ἀξίωμα,
1374 1294 1534 1364 γνῶθι
1583 1296 1657 1351 τίς
1707 1291 1845 1342 ἐστιν

240 1389 267 1438 6
325 1387 475 1458 πάσῃ
523 1390 677 1460 σαρκὶ
734 1388 871 1447 ζωὴν
913 1383 1284 1457 χαριζόμενος.
1334 1382 1485 1434 Οὕτω
1542 1383 1643 1454 γὰρ
1699 1381 1848 1432 ἔσται

243 1479 556 1550 θαυμαστὸς
621 1476 909 1548 μετατεθεὶς
972 1472 1072 1526 ἀπὸ
1148 1480 1244 1534 τῆς
1324 1476 1575 1545 πονηρίας
1651 1472 1848 1530 ταύτης

240 1571 331 1617 καὶ
384 1565 769 1636 ψυχοφθάρτου
822 1562 1033 1624 πλάνης.
1096 1566 1313 1634 Δέχεται
1365 1562 1465 1633 γὰρ
1524 1563 1641 1621 τούς
1694 1578 1847 1631 μετα-

242 1661 485 1714 νοοῦντας
538 1655 565 1704 ὀ
622 1655 806 1725 Κύριος
865 1653 891 1703 6
942 1653 1139 1713 πάντας
1218 1650 1370 1704 θέλων
1458 1650 1692 1707 σωθῆναι
1757 1652 1845 1699 καὶ

251 1744 315 1803 εἰς
365 1742 645 1814 ἐπίγνωσιν
713 1741 956 1803 ἀληθείας
1032 1739 1209 1805 ἐλθεῖν,

252 1837 337 1884 τὸν
368 1835 587 1885 θάνατον
617 1839 708 1884 τοῦ
740 1830 1049 1906 ἁμαρτωλοῦ
1081 1832 1148 1893 ὡς
1192 1834 1248 1883 1'6
1281 1828 1592 1901 ἐπιστρέψαι
1632 1833 1721 1881 καὶ
1750 1829 1844 1902 ζῇν

247 1942 399 1975 αυτόν
413 1968 426 1979 ,

325 2097 381 2153 Γ.
415 2098 475 2151 Ὀ
525 2093 583 2151 δε
630 2096 962 2171 Ἀγριππῖνος
1006 2102 1171 2149 ταῦτα
1231 2096 1458 2156 ἀκούσας
1501 2097 1592 2168 ἔφη
1640 2112 1651 2124 ·
1696 2094 1849 2149 Ἀπο-

251 2192 538 2259 νενοημένε,
598 2193 686 2240 καὶ
738 2194 836 2239 τῶν
891 2188 1013 2239 θεῶν
1061 2186 1315 2262 ἀλλότριε,
1364 2190 1453 2237 καὶ
1530 2193 1627 2237 τῶν
1700 2185 1849 2238 αύτο-

251 2283 518 2352 κρατόρων
549 2276 727 2351 ἐχθρὲ,
762 2281 851 2329 καὶ
899 2285 997 2329 τῶν
1042 2280 1207 2349 νόμων
1256 2283 1355 2328 τῶν
1402 2273 1688 2347 βασιλικῶν
1720 2277 1851 2328 καθ-

255 2372 453 2442 αιρέτα,
540 2367 612 2430 εἰς
686 2370 947 2425 τοσαύτην
1026 2370 1212 2439 μανίαν
1292 2362 1461 2432 ἦλθες,
1544 2368 1678 2419 ὥστε
1761 2372 1849 2419 καὶ

248 2464 441 2530 μέχρις
472 2456 597 2529 ἐμοῦ
646 2455 864 2510 ἐκτεῖναι
910 2461 1004 2515 τὴν
1046 2455 1242 2513 πλάνην
1300 2475 1393 2508 σου
1432 2460 1519 2508 καὶ
1569 2459 1848 2531 πειρᾶσθαι

253 2547 351 2600 ἀπὸ
422 2556 518 2607 τῆς
587 2554 683 2598 τῶν
757 2548 876 2621 θεῶν
956 2545 1215 2619 εὐμενείας
1274 2545 1576 2605 ἀποστῆσαι
1638 2565 1700 2619 με
1764 2550 1847 2598 καὶ

250 2642 564 2708 μεταγαγεῖν
621 2635 692 2698 εἰς
770 2639 857 2693 τὴν
908 2642 999 2687 τοῦ
1066 2633 1455 2710 ἐσταυρωμένον
1519 2638 1845 2711 θρησκείαν;

252 2727 466 2778 Πλάτων
520 2722 658 2778 εἶπεν
711 2732 876 2787 ’Ταῖς
934 2724 1081 2797 ἐμαῖς
1132 2724 1189 2777 ού
1248 2728 1398 2799 πείθῃ
1458 2729 1845 2801 παραινέσεσιν,

254 2815 378 2868 ἀλλά
433 2814 714 2877 ἀποκαλεῖς
767 2835 829 2888 με
879 2822 1046 2867 ταῦτα
1101 2817 1401 2887 τυγχάνειν,
1465 2813 1643 2875 ἐπειδὴ
1714 2816 1849 2869 ἐνου-

254 2910 449 2967 θέτησά
490 2928 549 2961 σε
596 2912 774 2961 καὶτὸ
816 2913 1073 2982 συμφέρον
1130 2929 1213 2962 σοι
1264 2908 1657 2964 συνεϐούλευσα.
1708 2911 1848 2971 Πλὴν

250 3003 337 3050 καὶ
382 2998 541 3058 οὕτως
596 3002 831 3069 μέμνησό
876 3017 995 3069 μου,
1048 2999 1130 3051 ὅτε
1188 2998 1297 3060 ἣξει
1341 3002 1543 3072 καιρὸς,
1590 3002 1673 3052 ὅτε
1720 3005 1850 3073 μετὰ

1957 483 2346 555 profundum,
2420 501 2612 559 neque
2672 488 2791 544 ulla
2838 490 2953 546 alia
3002 507 3095 548 res
3157 498 3356 550 creata
3427 499 3623 567 potest

1957 588 2066 627 nos
2117 590 2395 644 separare
2438 592 2473 631 a
2525 577 2808 633 charitate
2852 580 2969 645 Dei,
3023 597 3157 652 quae
3206 588 3294 637 est
3346 584 3403 637 in
3459 584 3620 640 Chri-

1958 668 2047 717 sto
2115 665 2252 718 Jesu
2323 666 2572 721 Domino
2636 673 2835 723 nostro
2902 671 2943 723 ⁷.
3014 673 3091 725 Ea
3158 672 3230 725 de
3304 688 3488 727 causa
3558 679 3619 729 tu

1960 753 2151 821 magis
2177 754 2360 809 debes
2387 757 2529 810 mihi
2566 772 2793 827 parere,
2828 758 3121 829 pollicenti
3147 761 3285 824 fore,
3317 769 3375 816 ut
3406 761 3621 817 fruaris

1958 858 2077 897 non
2126 843 2304 897 rebus
2363 845 2664 916 aliquibus
2723 848 2989 913 caducis,
3053 856 3107 905 et
3156 852 3213 905 in
3260 867 3415 922 quas
3466 852 3624 907 cadit

1957 931 2244 996 interitus,
2309 934 2411 988 sed
2466 950 2646 1001 regno
2698 937 2985 993 caelorum
3042 946 3096 994 et
3164 941 3285 995 vita
3338 946 3559 996 (eterna
3607 959 3619 995 :

1957 1036 2141 1092 quam
2184 1022 2420 1088 habent,
2452 1024 2555 1095 qui
2596 1026 2673 1080 ad
2714 1026 2912 1096 ipsum
2954 1033 3417 1098 convertuntur;
3466 1031 3622 1085 unde

1958 1110 2184 1180 aufugit
2240 1111 2430 1179 dolor,
2486 1114 2716 1170 tristitia
2771 1123 2826 1170 et
2884 1119 3140 1186 gemitus
3202 1121 3245 1171 ⁸.
3315 1122 3423 1175 Fac
3478 1135 3619 1189 ergo

1959 1204 2020 1254 ut
2052 1215 2206 1255 vana
2241 1200 2313 1256 sit
2355 1217 2513 1273 spes,
2552 1220 2738 1275 quam
2788 1205 2848 1259 in
2898 1210 2949 1262 te
2997 1206 3175 1263 habet
3217 1208 3516 1276 diabolus,
3566 1214 3622 1265 et

1955 1288 2193 1344 discede
2224 1289 2301 1345 ab
2333 1290 2443 1346 hac
2474 1291 2733 1361 insania,
2760 1298 2818 1349 et
2839 1295 3113 1351 rationali
3142 1302 3394 1368 accepta
3425 1299 3618 1368 digni-

1956 1381 2088 1443 tate,
2122 1394 2415 1449 cognosce
2445 1382 2723 1452 quisnam
2762 1383 2833 1439 sit
2871 1384 2974 1456 qui
3015 1386 3179 1442 omni
3219 1387 3385 1442 carni
3426 1388 3614 1444 vitam

1953 1464 2216 1537 largitur.
2241 1468 2332 1523 Sic
2350 1469 2509 1523 enim
2529 1469 2642 1525 eris
2664 1471 3053 1537 admirabilis,
3074 1474 3380 1531 traductus
3405 1476 3480 1533 ab
3508 1477 3622 1533 hac

1956 1555 2330 1627 improbitate
2356 1563 2411 1613 et
2436 1558 2510 1613 ab
2539 1574 2755 1627 errore,
2780 1562 2882 1634 qui
2912 1562 3081 1619 aﬁert
3104 1564 3322 1621 animus
3349 1565 3615 1621 exitium.

1956 1646 2068 1699 Eos
2134 1646 2293 1701 enim
2366 1648 2602 1720 excipit,
2673 1651 2774 1721 qui
2855 1658 3172 1709 moventur
3244 1654 3617 1726 poenitentia,

1288 1741 1312 1791 6
1387 1744 1457 1811 μὴ
1534 1737 1844 1811 βουλόμενος

1959 1734 2243 1789 Dominus
2294 1740 2490 1792 noster
2530 1739 2699 1794 Jesus
2744 1740 3029 1807 Christus,
3084 1744 3187 1812 qui
3238 1746 3369 1799 vult
3421 1760 3619 1801 omnes

1956 1822 2217 1880 homines
2237 1824 2428 1881 salvos
2451 1826 2601 1894 ﬁeri,
2621 1833 2674 1883 et
2694 1830 2895 1885 venire
2914 1830 2997 1885 ad
3016 1831 3374 1901 agnitionem
3399 1835 3620 1889 verita-

1958 1912 2030 1967 tis
2061 1914 2080 1947 ⁹
2104 1926 2125 1983 ;
2153 1914 2257 1986 qui
2284 1930 2401 1971 non
2432 1918 2556 1971 vult
2586 1923 2830 1974 mortem
2860 1922 3174 1989 peccatoris
3205 1926 3258 1977 et
3290 1921 3479 1990 impii,
3510 1922 3613 1979 sed

1956 2006 2021 2058 ut
2048 2008 2427 2059 convertatur
2450 2011 2504 2062 et
2528 2007 2689 2062 vivat
2717 2008 2785 2072 ¹⁰,
2814 2007 3029 2064 ductus
3062 2010 3433 2081 poenitentia.

2029 2102 2088 2155 X.
2123 2100 2484 2173 Agrippinus
2503 2109 2723 2169 autem,
2748 2105 2841 2161 his
2869 2107 3109 2173 auditis,
3140 2107 3339 2164 furore
3362 2109 3619 2179 percitus

1958 2188 2138 2244 dixit:
2174 2192 2607 2257 Amentissime,
2634 2198 2695 2250 et
2744 2211 2780 2251 a
2826 2195 2940 2250 diis
3004 2196 3216 2263 aliene,
3277 2202 3332 2253 et
3376 2198 3613 2254 inimice

1958 2277 2408 2350 imperatorum,
2451 2286 2507 2338 et
2544 2282 2743 2354 legum
2784 2300 3024 2342 eversor
3068 2287 3611 2358 imperatoriarum,

1960 2382 2226 2439 eousque
2258 2371 2593 2442 processisti
2624 2372 2872 2430 insaniae
2903 2380 2959 2430 et
2990 2376 3285 2442 amentiae,
3320 2380 3381 2431 ut
3412 2377 3489 2432 ad
3519 2392 3616 2433 me

1960 2473 2149 2529 usque
2178 2462 2346 2514 tuum
2378 2475 2637 2517 errorem
2665 2464 3029 2532 extenderes,
3061 2471 3117 2520 et
3147 2480 3242 2520 me
3274 2482 3308 2521 a
3364 2465 3617 2522 deorum

1958 2545 2365 2603 benevolentia
2393 2550 2690 2606 conareris
2716 2551 3034 2618 abducere,
3070 2557 3124 2607 et
3154 2554 3233 2609 ad
3264 2554 3614 2624 religionem

1961 2636 2229 2691 Crucitixi
2251 2638 2555 2694 traducere
2580 2640 2608 2695 ?
2634 2641 2787 2695 Dixit
2809 2646 3053 2697 sanctus
3082 2641 3245 2697 Plato
3276 2662 3287 2700 :
3318 2644 3447 2699 Scio
3478 2659 3607 2713 ego,

1958 2739 1994 2779 o
2022 2729 2290 2796 tyranne,
2322 2727 2487 2799 quod
2521 2732 2577 2783 tu
2608 2744 2729 2785 non
2760 2744 2933 2801 pares
2988 2730 3139 2786 meis
3193 2731 3615 2787 admonitioni-

1958 2813 2111 2870 bus:
2154 2815 2256 2871 sed
2313 2832 2407 2873 me
2467 2832 2644 2874 vocas
2699 2819 2948 2891 planum
3006 2824 3063 2875 et
3098 2820 3608 2892 praestigiatorem,

1958 2904 2121 2976 quod
2147 2906 2392 2977 quidem
2424 2912 2486 2963 tu
2517 2923 2577 2963 es
2607 2926 2619 2963 :
2645 2910 2933 2980 quoniam
2958 2914 3010 2966 te
3056 2910 3345 2965 admonui
3376 2916 3431 2965 et
3475 2926 3611 2966 con-

1959 2994 2111 3048 sului
2142 2994 2202 3049 id
2241 2996 2399 3067 quod
2430 3002 2518 3052 est
2547 2998 2653 3053 tibi
2686 2998 2842 3053 utile.
2871 3000 3156 3055 Craterum
3187 2999 3273 3055 sic
3318 3000 3433 3055 mei
3465 3016 3613 3071 quo-

251 3084 491 3159 δακρύων
531 3086 912 3160 ἀναμνησθήσῃ
969 3106 1071 3159 μου
1122 3096 1215 3147 τῆς
1263 3091 1536 3150 νουθεσίας
1578 3095 1666 3142 καὶ
1696 3088 1844 3144 οὐδὲν

1958 3100 2074 3155 que
2106 3086 2466 3153 memineris,
2494 3088 2741 3159 quando
2766 3089 2991 3145 venerit
3018 3094 3287 3161 tempus:
3318 3106 3439 3161 quo
3471 3094 3614 3145 tem-

250 3177 549 3249 ὠφελήσεις,
658 3176 785 3228 ἀλλά
883 3176 1067 3249 βυθοίς
1154 3180 1432 3252 Ταρτάρων
1514 3176 1844 3251 παραδοθεὶς,

251 3264 505 3339 ἀπελεύσῃ
570 3266 635 3327 εἰς
692 3266 903 3318 αἰωνίαν
956 3268 1189 3321 κόλασιν.
1230 3272 1371 3319 Ποίει
1423 3264 1509 3319 οὖν
1568 3268 1592 3321 6
1645 3270 1800 3333 θέλεις
1832 3288 1843 3299 ·

249 3360 364 3416 τούς
411 3360 513 3430 γὰρ
588 3364 680 3417 τῆς
736 3345 961 3429 καρδίας
1019 3376 1113 3409 σου
1168 3356 1461 3428 ὀφθαλμοὺς
1519 3358 1680 3420 οὕτως
1741 3360 1847 3412 ἐτύ-

251 3445 447 3517 φλωσεν
502 3446 528 3497 6
575 3442 839 3511 διάϐολος,
890 3447 1022 3498 ὥστε
1061 3450 1131 3517 μὴ
1185 3442 1467 3517 διαϐλέψαι
1514 3467 1570 3500 σε
1611 3453 1739 3523 πρὸς
1788 3454 1845 3502 τὸ

251 3543 343 3597 τῆς
401 3538 719 3606 θεογνωσίας
796 3544 919 3607 φῶς,
980 3534 1108 3587 ἀ)λὰ
1164 3538 1291 3609 πρὸς
1345 3540 1402 3587 τὸ
1462 3542 1648 3601 σκότος
1699 3541 1843 3614 ὁρᾴν,

250 3627 367 3677 ἔνθα
412 3627 737 3696 ἡτοίμασται
790 3628 846 3676 τὸ
904 3632 1005 3698 πῦρ
1056 3628 1113 3676 τὸ
1159 3625 1362 3676 αἰώνιόν
1403 3631 1487 3678 σοί
1544 3647 1597 3679 τε
1644 3634 1732 3680 καὶ
1772 3638 1843 3700 τῷ

250 3718 405 3783 πατρί
457 3733 574 3777 σου,
628 3722 698 3783 τῷ
754 3720 971 3783 Σατανᾷ.
1006 3713 1169 3788 Ὡρῶν
1215 3710 1274 3766 δὲ
1319 3723 1474 3786 τριῶν
1534 3712 1836 3791 διαγενομέ-

248 3824 342 3854 νων
393 3809 482 3855 xui
551 3806 946 3874 κατενεχθέντος
1007 3803 1165 3856 αὐτοῦ
1220 3802 1320 3855 ἀπὸ
1374 3812 1465 3856 τοῦ
1522 3808 1841 3880 κραϐϐάτου,

250 3893 412 3953 οὕτως
464 3891 684 3963 ἔλαμπεν
745 3896 801 3943 τὸ
881 3900 1032 3964 σῶμα
1105 3899 1197 3946 τοῦ
1262 3898 1523 3966 μακαρίου
1580 3897 1844 3960 Πλάτωνος

250 3984 311 4041 ῶς
359 3980 461 4033 ἀπο
515 3981 736 4053 λουτροῦ
768 3979 1054 4043 ἐξελθόντος
1097 3982 1275 4046 αὐτοῦ,
1328 3988 1415 4034 καὶ
1456 3982 1650 4037 εὐωδία
1679 3990 1843 4061 μύρου

248 4070 553 4131 πολυτελοῦς
610 4070 930 4145 ἐξεπορεύετο
989 4070 1041 4134 ἐξ
1090 4072 1248 4124 αὐτοῦ
1311 4090 1322 4101 ’
1386 4073 1524 4145 εἶχεν
1575 4078 1675 4147 γὰρ
1753 4086 1844 4129 τοῦ

250 4165 481 4232 Χριστοῦ
540 4164 596 4211 τὸ
658 4159 893 4217 ἀληθινὸν
972 4160 1184 4235 λουτρὸν
1266 4167 1355 4214 καὶ
1435 4168 1529 4222 τὴν
1597 4164 1842 4224 ἀληθινὴν

247 4260 457 4321 γνῶσιν,
513 4246 588 4301 δι’
638 4250 701 4311 ἧς
732 4255 819 4301 καὶ
872 4245 1093 4311 εὐωδίας
1131 4254 1251 4314 τοὺς
1304 4257 1640 4321 παρεστῶτας
1691 4254 1844 4313 ἐπλη-

249 4358 358 4411 ρον,
416 4344 507 4391 καὶ
566 4345 667 4398 πᾶς
720 4340 745 4390 6
792 4338 1054 4411 παριστὰς
1112 4340 1267 4411 ὄχλος
1320 4338 1535 4405 ἐδόξαζε
1580 4347 1663 4395 τὸν
1715 4349 1843 4397 Θεὸν

1961 3190 2103 3245 pore
2121 3191 2257 3230 cum
2274 3175 2554 3247 lacrymis
2569 3178 2973 3233 recordaberis
2994 3195 3139 3234 mete
3156 3178 3609 3245 admonitionis,

1958 3278 2068 3319 nec
2098 3279 2169 3318 ea
2202 3264 2305 3320 tibi
2359 3266 2693 3338 quidquam
2734 3267 3014 3337 proderit,
3071 3284 3106 3323 o
3147 3267 3365 3333 infelix,
3419 3266 3523 3323 sed
3554 3267 3613 3322 in

1956 3353 2172 3408 Tartari
2205 3354 2502 3423 profundo
2534 3356 2644 3410 ibis
2679 3356 2755 3410 ad
2780 3357 3140 3429 supplicium
3168 3362 3477 3413 aeternum.
3498 3357 3613 3412 Fac

1957 3457 2096 3511 ergo
2128 3442 2243 3498 cito
2273 3443 2332 3497 id
2362 3445 2526 3514 quod
2564 3444 2669 3499 vis.
2714 3446 2919 3500 Cordis
2983 3448 3145 3501 enim
3178 3447 3259 3501 tui
3292 3446 3498 3502 oculos
3533 3446 3615 3502 ita

1956 3531 2276 3587 excaecavit
2303 3532 2597 3596 diabolus,
2630 3536 2693 3587 ut
2725 3549 2843 3589 non
2870 3535 3124 3605 aspicias
3166 3536 3240 3589 ad
3294 3535 3490 3590 lucem
3510 3535 3612 3589 Dei

1955 3620 2347 3688 cognitionis:
2400 3620 2502 3675 sed
2562 3620 2843 3677 intuearis
2896 3623 2973 3677 ad
3033 3622 3324 3687 tenebras,
3364 3624 3464 3678 ubi
3527 3628 3612 3679 est

1955 3714 2196 3781 paratus
2235 3710 2387 3778 ignis
2444 3715 2691 3765 aeternus
2742 3711 2844 3765 tibi
2911 3716 2967 3766 et
2996 3712 3146 3783 patri
3202 3717 3303 3767 tuo
3355 3714 3607 3767 Satanae.

1955 3800 2101 3853 Cum
2133 3806 2248 3851 tres
2270 3801 2469 3854 autem
2496 3798 2657 3853 horae
2709 3799 3205 3864 intercessissent,
3249 3804 3304 3854 et
3335 3801 3460 3869 ipse
3509 3798 3608 3853 de-

1952 3886 2184 3958 positus
2214 3886 2414 3942 fuisset
2445 3903 2515 3942 ex
2539 3887 2807 3955 grabato,
2842 3903 3059 3959 corpus
3089 3888 3170 3943 ita
3204 3887 3613 3959 resplendebat

1955 3977 2140 4032 sancti
2164 3981 2219 4032 et
2246 3976 2404 4032 beati
2427 3975 2702 4045 Platonis,
2737 3976 2982 4049 perinde
3004 3982 3181 4049 atque
3210 3977 3257 4031 si
3284 3977 3411 4047 ipse
3437 3976 3599 4031 exiis-

1954 4072 2038 4122 set
2070 4083 2100 4121 e
2127 4066 2364 4131 balneo,
2396 4070 2452 4121 et
2490 4066 2686 4121 suavis
2716 4067 2963 4136 quidam
3007 4066 3156 4121 odor
3188 4072 3472 4137 tanquam
3506 4082 3610 4120 un-

1956 4156 2158 4225 guenti
2190 4154 2429 4226 pretiosi
2458 4170 2523 4210 ex
2543 4171 2613 4210 eo
2666 4156 3101 4224 egrediebatur.
3150 4155 3413 4212 Habebat
3454 4155 3613 4210 enim

1957 4246 2160 4302 Christi
2213 4261 2416 4301 verum
2464 4244 2794 4303 lavacrum.
2836 4252 2891 4301 et
2923 4246 3241 4316 pretiosam
3299 4250 3352 4301 et
3411 4261 3611 4300 veram

1954 4337 2376 4406 cognitionem,
2411 4351 2511 4405 per
2557 4351 2735 4405 quam
2768 4335 2929 4390 bono
2970 4336 3156 4391 odore
3194 4335 3484 4407 implebat
3513 4351 3615 4390 eos

249 4426 329 4478 ἐπὶ
372 4435 434 4498 τῇ
488 4429 722 4498 ὑπομονῇ
784 4435 871 4479 τοῦ
929 4433 1189 4502 μακαρίου
1254 4428 1540 4495 Πλάτωνος,
1583 4434 1717 4485 ὥστε
1764 4432 1844 4485 λέ-

1958 4424 2056 4496 qui
2088 4424 2331 4479 aderant
2391 4429 2495 4479 :et
2553 4428 2673 4480 tota
2720 4440 2851 4495 qua:
2906 4425 3383 4481 circumsistebat
3441 4424 3614 4480 turba

248 4534 350 4584 γειν
400 4518 499 4579 ὅτι,
566 4515 793 4575 Ἀληθῶς
857 4519 1013 4587 μέγας
1070 4519 1095 4568 6
1140 4520 1267 4577 Θεὸς
1314 4526 1413 4569 τῶν
1466 4527 1792 4593 Χριστιανῶν
1828 4540 1839 4551 ·

249 4608 501 4664 τοσαύτας
560 4608 660 4677 γαρ
716 4602 980 4675 βασάνους
1036 4604 1341 4666 ύποϐληθεὶς
1400 4611 1542 4679 παρά
1603 4617 1692 4662 τοῦ
1746 4612 1839 4661 ἁν-

252 4692 407 4755 alter);
462 4690 745 4756 δικαστοῦ,
799 4693 892 4745 οὐκ
947 4694 1213 4767 ἠρνήσατο
1264 4699 1321 4746 τὸ
1383 4696 1591 4769 φοϐερόν
1663 4702 1842 4772 ὄνομα,

254 4779 371 4832 ἀλλὰ
406 4791 481 4852 τῷ
533 4786 749 4853 γενναίῳ
797 4781 1032 4855 λογισμῷ
1082 4782 1316 4841 ἐνίκησεν
1369 4790 1456 4843 τὴν
1507 4792 1693 4858 μανίαν
1756 4797 1842 4841 τοῦ

252 4872 521 4943 οῐρχοντος.

320 5138 415 5193 ΙΑ’.
464 5138 524 5191 Ὀ
574 5136 632 5191 δὲ
688 5139 1026 5213 Ἀγριππῑνος
1078 5145 1207 5213 μετὰ
1261 5146 1316 5194 τό
1379 5142 1637 5217 ἀφόρητον
1704 5147 1840 5219 αύτῷ

248 5235 331 5280 καὶ
404 5230 650 5286 τοιαύτην
723 5228 954 5301 βάσανον
1024 5241 1379 5305 προσαγαγεῖν
1457 5232 1594 5288 εἶπεν
1667 5253 1678 5265 °
1732 5239 1840 5289 Οὐκ

250 5316 508 5382 ἐπείσθης,
569 5317 800 5386 Πλάτων,
862 5318 916 5370 ἐκ
955 5326 1044 5379 τῆς
1098 5324 1533 5394 φροσενεχθείσης
1588 5344 1672 5377 σοι
1731 5323 1836 5379 δει-

248 5413 334 5466 νῆς
385 5405 622 5477 βασάνου
679 5408 835 5459 θῦσαι
884 5414 994 5469 τοῖς
1049 5410 1387 5476 θεοῖς;πλὴν
1431 5412 1473 5463 εὶ
1528 5418 1597 5484 μὴ
1655 5413 1831 5486 βούλει

313 5583 331 5616 ⁷
367 5582 531 5639 Rom.
570 5599 680 5649 vni,
716 5587 802 5651 38,
838 5586 924 5640 39.
1004 5584 1154 5642 8Isa.
1186 5602 1360 5653 xxxv,
1397 5592 1474 5644 to.

1554 5591 1615 5644 9i
1648 5590 1795 5649 Tim.
1824 5610 1885 5661 11,
1920 5594 1975 5655 4.

1958 4517 2138 4569 Deum
2172 4513 2544 4583 gloriﬁcabat
2588 4519 2823 4585 propter
2874 4513 3288 4569 fortitudinem
3353 4518 3410 4569 et
3482 4512 3616 4568 tole-

1952 4604 2209 4658 rantiam
2241 4603 2395 4658 beati
2426 4602 2700 4665 Platonis,
2725 4602 2877 4657 adeo
2908 4608 2969 4658 ut
2992 4602 3101 4673 ipsi
3130 4603 3393 4658 dicerent
3423 4619 3433 4656 :
3470 4605 3611 4657 Vere

1954 4698 2043 4747 est
2073 4707 2325 4761 magnus
2354 4693 2506 4746 Deus
2533 4692 3025 4748 Christianorum.
3058 4694 3200 4748 Tam
3231 4692 3433 4748 multis
3456 4692 3611 4747 enim

1952 4782 2251 4837 tormentis
2266 4780 2850 4850 subjectusacrudeli
2871 4786 2927 4835 et
2942 4782 3609 4851 immisericordijudice,

1952 4888 2073 4929 non
2119 4873 2354 4941 negavit
2382 4876 2652 4927 sanctum
2696 4878 2751 4926 et
2798 4872 3051 4927 terribile
3080 4888 3300 4927 nomen
3348 4871 3602 4928 Christi:

1954 4962 2057 5019 sed
2087 4962 2144 5016 in
2178 4961 2464 5032 praeclaro
2504 4976 2889 5032 perseverans
2930 4961 3115 5017 animi
3151 4962 3443 5023 instituto,
3480 4959 3612 5014 vicit

1953 5052 2255 5108 insaniam
2300 5049 2593 5123 praesidis.

2024 5152 2111 5207 ΧΙ.
2146 5148 2507 5220 Agrippinus
2540 5151 2742 5203 autem
2780 5153 3108 5220 postquam
3151 5147 3203 5202 ei
3237 5144 3606 5202 intolerabile

1950 5245 2006 5297 et
2045 5239 2155 5296 tale
2188 5242 2549 5295 tormentum
2580 5236 2890 5305 attulisset,
2937 5237 3123 5292 dixit:
3173 5240 3299 5293 Non
3344 5234 3445 5290 tibi
3480 5250 3607 5306 per-

1949 5329 2153 5394 suasit,
2174 5344 2209 5383 o
2234 5328 2411 5393 Plato,
2439 5324 2860 5395 gravissimum
2888 5331 3279 5390 tormentum,
3311 5325 3475 5398 quod
3498 5325 3605 5381 tibi

1946 5417 2056 5473 fuit
2086 5417 2334 5481 illatum,
2360 5422 2417 5471 ut
2442 5414 2553 5470 diis
2581 5414 2947 5471 sacriﬁcares
2980 5432 2994 5480 ;
3028 5414 3136 5471 sed
3161 5415 3207 5469 si
3244 5414 3395 5470 nolis
3419 5414 3606 5471 sacri—

2052 5595 2097 5633 ¹⁰
2129 5594 2329 5652 Ezech.
2362 5611 2518 5663 xvm,
2552 5594 2653 5652 23.
