4142 6196
511 256 616 316 us
880 240 881 245 ‘
1894 256 2151 313 MENSIS
2191 255 2462 313 JULIUS.
3311 290 3319 298 .
3783 254 3888 311 416

512 384 713 449 ﬁcare,
758 382 950 438 solum
1000 397 1154 451 nega
1203 381 1583 447 Cruciﬁxum,
1635 386 1690 438 et
1730 386 1782 439 te
1834 382 2148 438 dimittam.

2272 382 2449 447 θῦσαι,
2507 381 2734 452 ἄρνησαι
2787 380 2874 430 τόν
2940 376 3346 452 ἐσταυρωμένον,
3388 382 3475 430 καὶ
3521 377 3742 431 ἀπολύω
3804 397 3881 430 σε.

519 476 666 531 Dixit
705 479 946 528 sanctus
988 472 1183 528 Plato:
1243 475 1285 529 Ο
1328 488 1428 528 cor
1468 488 1830 545 perversum,
1883 478 1939 528 et
1988 489 2155 528 mens

2273 470 2482 523 Πλάτων
2528 467 2659 522 εἶπεν
2690 484 2702 497 °
2728 467 2797 520 Ὠ
2821 464 3018 540 καρδία
3059 465 3467 541 διεστραμμένη,
3526 473 3621 519 καὶ
3675 465 3887 520 διάνοια

515 564 823 627 exstincta,
860 568 913 616 et
944 562 1149 616 anima
1183 562 1357 616 malis
1392 562 1626 629 tradita,
1658 567 1713 617 et
1735 578 1869 634 quae
1900 561 2151 616 nihilco-

2271 558 2574 630 ἐσϐεσμένη,
2611 564 2699 610 καὶ
2725 557 2878 629 ψυχὴ
2932 565 3110 618 κακοῖς
3144 554 3420 629 δεδομένη,
3454 563 3550 609 καὶ
3584 553 3741 609 οὐδὲν
3768 562 3887 631 πρέ-

516 653 661 723 gitat
690 651 851 723 quod
898 652 1078 705 Deum
1121 650 1346 706 deceat.
1393 650 1545 716 Quid
1585 656 1692 721 est,
1750 651 1914 723 quod
1954 648 2152 705 dicis‘i

2270 668 2362 700 πον
2420 656 2491 718 τῷ
2548 656 2660 718 Θεῷ
2718 644 3080 718 διανοουμένη,
3138 667 3188 698 τι
3234 646 3376 699 ἐστιν
3430 648 3453 699 ὁ
3512 647 3682 717 λέγεις
3730 654 3884 711 ςΤῶν

515 742 622 806 Qui
651 740 793 795 mihi
826 746 907 795 tot
934 739 1218 796 beneﬁcia
1240 739 1589 805 conciliavit,
1611 742 1980 796 Servatorem
2005 739 2151 795 Chri-

2270 740 2527 789 τοσούτων
2601 737 2903 811 εὐεργεσιῶν
2976 735 3213 810 πρόξενόν
3266 757 3355 808 μοι
3425 755 3704 808 γενόμενον
3790 743 3886 786 Σω-

515 836 671 885 stum
703 829 937 898 negabo
971 836 1209 901 propter
1238 835 1310 893 te,
1342 846 1377 884 o
1412 829 1724 885 crudivore
1755 836 1812 884 et
1839 830 2051 884 vindex
2084 828 2151 882 si-

2271 835 2407 900 τῆρα
2463 829 2688 897 Χριστὸν
2738 823 3029 897 ἀρνήσομαι
3080 822 3170 876 διό(
3221 829 3295 891 σέ,
3345 825 3620 898 αἰμοϐόρε,
3670 829 3761 876 καὶ
3788 832 3885 876 τῶν

516 918 932 983 mulacrorum,
949 920 1675 991 rerumqueinanimarum
1691 925 1746 974 et
1762 925 2049 973 mutarum
2066 917 2152 971 de«

2272 912 2495 967 εἰδώλων
2546 912 2735 977 ἓκδικε,
2789 918 2877 965 καὶ
2934 922 3031 964 τῶν
3083 912 3305 985 ἀψύχων
3361 919 3450 966 καὶ
3504 914 3726 986 ἀφώνων
3768 932 3886 985 προ-

516 1007 737 1071 fensor,
789 1013 844 1062 et
894 1013 1139 1077 patrone
1188 1009 1422 1073 erroris,
1471 1014 1533 1063 ut
1580 1008 1797 1063 reddar
1828 1008 2025 1071 miser,
2061 1005 2152 1060 tibi

2276 1006 2460 1068 στάτα,
2525 1008 2611 1054 καὶ
2679 1012 2774 1062 τῆς
2854 1001 3045 1062 πλάνης
3121 1008 3394 1075 συνήγυρε,
3477 1006 3563 1055 ἵνα
3657 1007 3886 1073 γένωμαι

519 1096 728 1151 similis
757 1101 812 1151 et
840 1096 1083 1167 iniquus
1105 1097 1132 1152 ?
1163 1104 1217 1151 et
1248 1113 1367 1152 non
1402 1096 1618 1151 sufﬁcit
1647 1097 1750 1152 tibi
1808 1097 2005 1152 solum
2034 1111 2155 1150 esse

2274 1094 2449 1164 ὅμοιός
2510 1111 2625 1155 σου,
2707 1093 3005 1165 παράνομος
3060 1097 3149 1143 καὶ
3217 1092 3308 1143 ούκ
3384 1092 3535 1166 ἀρκεῖ
3595 1112 3682 1145 σοι
3736 1096 3884 1163 μόνος

518 1185 719 1251 talem,
779 1185 883 1240 sed
936 1201 1039 1241 eos
1098 1186 1280 1241 etiam
1339 1185 1439 1258 qui
1494 1187 1624 1257 jam
1683 1185 1847 1242 relati
1910 1190 2049 1240 sunt
2104 1185 2154 1239 in

2276 1180 2404 1233 εἶναι
2454 1188 2707 1246 τοιοῦτος,
2771 1179 2899 1232 ἀλλά
2943 1186 3031 1233 καὶ
3074 1185 3195 1242 τοὺς
3226 1179 3333 1239 ἤδη
3371 1182 3886 1257 στρατολογηθέντας

516 1289 834 1330 numerum
921 1274 1175 1330 militum
1261 1275 1487 1341 Christi,
1574 1276 1662 1330 vis
1744 1290 1874 1329 esse
1969 1274 2152 1329 socios

2275 1279 2346 1341 τῷ
2399 1279 2612 1346 Χριστῷ
2666 1273 2941 1331 κοινωνούς
2991 1278 3082 1330 τῆς
3156 1269 3391 1331 ἀσεϐείας
3446 1291 3545 1323 σου
3603 1271 3763 1332 θέλεις
3822 1267 3884 1321 εἷ·

516 1368 633 1419 tuaa
702 1363 1044 1434 impietatis,
1130 1365 1189 1419 in
1270 1364 1480 1420 eadem
1536 1365 1631 1420 via
1697 1363 1965 1419 interitus
2046 1367 2152 1417 stu-

2276 1382 2379 1426 ναι,
2428 1361 2497 1421 εἰς
2550 1365 2642 1417 τὴν
2692 1360 2852 1418 αὐτὴν
2902 1359 3151 1421 ἀπωλείας
3192 1358 3315 1413 ὁδόν
3350 1362 3598 1414 σκελίσαι
3649 1357 3884 1413 σπεύδων

516 1452 671 1507 dens
701 1468 803 1508 eos
834 1453 1243 1526 supplantare,
1268 1454 1369 1525 qui
1402 1458 1559 1508 recta
1584 1454 1682 1509 via
1703 1453 2152 1523 ingrediunturi

2278 1453 2396 1511 τούς
2449 1446 2723 1509 ὁδεύοντας
2772 1453 2864 1507 τὴν
2911 1450 3110 1501 εὐθεῖαν
3163 1447 3283 1502 ὀδόν
3318 1466 3329 1517 ;
3368 1452 3613 1503 Ἀπόστα
3645 1449 3736 1501 ἀπ’
3767 1448 3883 1520 ἐμοῦ

518 1541 762 1597 Discede
802 1558 836 1597 a
894 1558 1007 1608 me,
1037 1543 1136 1614 qui
1170 1544 1433 1614 operaris
1471 1542 1866 1615 iniquitatem.
1899 1540 2154 1597 Statuist‘

2279 1540 2303 1590 6
2355 1542 2447 1596 τὴν
2503 1537 2718 1608 ἀνομίαν
2777 1536 3113 1611 ἐργαζόμενος
3191 1555 3203 1566 '
3260 1545 3575 1611 προῄρησαι
3636 1541 3739 1609 γὰρ
3801 1544 3884 1589 καὶ

450 1642 453 1645 ’
519 1632 679 1687 enim
710 1631 856 1687 alios
882 1648 1123 1703 quoque
1147 1632 1222 1688 ad
1245 1649 1379 1688 eam
1405 1633 1654 1688 trahere.
1688 1631 1936 1688 Confido
1969 1636 2086 1686 aut¢

2280 1627 2459 1687 οῦλους
2508 1627 2578 1687 εἰς
2631 1627 2792 1684 αὐτὴν
2850 1626 3080 1690 ἑλκύσαι,
3133 1633 3221 1680 καὶ
3268 1628 3441 1702 θαρρῶ
3493 1637 3566 1699 τῷ
3611 1634 3726 1697 Θεῷ
3766 1646 3880 1699 μου,

521 1720 580 1774 in
616 1722 731 1775 Deo
758 1736 914 1786 meo,
945 1721 1101 1792 quod
1130 1737 1249 1776 non
1283 1721 1454 1777 faciet
1477 1728 1751 1777 sanctum
1773 1737 1947 1776 suum
1971 1720 2157 1775 videre

2244 1719 2360 1787 νὅτι
2412 1716 2470 1768 ού
2516 1720 2585 1787 μὴ
2610 1721 2820 1773 ποιήσει
2867 1719 2951 1767 τὸν
2992 1718 3134 1768 ὅσιον
3180 1717 3339 1769 αύτοῦ
3391 1714 3527 1769 ἰδεῖν
3575 1715 3880 1788 διαφθοράν.

520 1809 843 1865 interitum.
895 1810 1046 1866 Dixit
1093 1812 1491 1883 Agrippinus:
1549 1812 1843 1876 Quoniam
1899 1810 1977 1865 tui
2037 1826 2156 1864 SUII

2282 1809 2614 1877 Ἀγριππῖνος
2668 1808 2758 1877 ἔφη
2820 1823 2831 1834 ⁸
2888 1803 3102 1863 Ἐπειδὴ
3184 1809 3406 1881 ᾧκτειρά
3499 1827 3577 1877 σε,
3640 1806 3884 1880 ὑϐριστὴς

522 1899 817 1962 misertus,
884 1900 1124 1955 evasisti
1190 1900 1453 1956 insolens
1536 1917 1605 1956 ac
1677 1898 2158 1963 contumeliosus,

2283 1901 2370 1947 καὶ
2422 1895 2712 1967 μωρολόγος
2755 1899 2843 1946 καὶ
2890 1894 3238 1967 φρενοϐλαϐὴς
3283 1901 3525 1967 γέγονας,
3584 1896 3684 1968 ἐγώ
3745 1915 3800 1947 σε
3839 1895 3882 1946 ἐν

522 1986 703 2043 stulta
719 1987 969 2059 loquens
996 1994 1048 2043 et
1081 1994 1290 2045 emotae
1319 1990 1528 2045 mentis
1559 2007 1571 2055 ;
1605 2004 1717 2059 ego
1743 1996 1941 2045 autem
1970 1994 2021 2044 te
2054 1988 2158 2043 citc

2284 1985 2437 2054 τάχει
2489 1989 2766 2058 τιμωρίαις
2815 1984 3070 2055 χαλεπαῖς
3116 1982 3445 2057 παραδώσω,
3506 1987 3591 2037 ἵνα
3643 2004 3732 2057 μοι
3803 1982 3880 2051 ἀφ’

521 2079 644 2130 tam
670 2077 953 2145 gravibus
984 2078 1238 2135 afﬁciam
1265 2079 1591 2151 suppliciis,
1618 2085 1679 2134 ut
1704 2094 1774 2135 ex
1807 2079 1999 2151 teipso
2027 2080 2157 2135 mih

2284 2072 2464 2124 ἑαυτοῦ
2533 2073 2680 2144 εἰπῇς
2722 2092 2734 2104 ·
2784 2077 2872 2132 Δός
2927 2092 3016 2144 μοι
3068 2074 3148 2124 ἵνα
3210 2076 3371 2126 θύσω.
3435 2074 3495 2125 Ὀ
3555 2070 3613 2126 δὲ
3662 2080 3879 2144 γενναῖος

524 2164 850 2221 dicas:Da
904 2167 1068 2230 mihi,
1124 2172 1186 2223 ut
1249 2168 1593 2224 sacrificem.
1631 2169 1913 2238 Egregius
1974 2173 2160 2225 auten:

2284 2169 2372 2214 τοῦ
2427 2168 2656 2234 Χριστοῦ
2725 2160 2950 2221 ἀθλητὴς
3022 2158 3154 2214 εἶπεν
3212 2180 3226 2194 ’
3284 2162 3471 2215 Ἔστιν
3526 2166 3550 2214 ό
3610 2167 3737 2224 Θεὸς
3786 2181 3876 2233 μου

525 2251 733 2308 Christi
766 2255 987 2310 athleta
1020 2255 1179 2311 Plato
1210 2257 1354 2313 dixit
1389 2274 1401 2312 :
1450 2259 1713 2313 Christus
1746 2263 1833 2313 est
1890 2259 2063 2324 Deus,
2124 2275 2161 2314 οη

2284 2255 2373 2302 καὶ
2430 2249 2762 2324 ἀνεξάρνητον
2830 2254 2977 2302 ἔσται
3037 2254 3092 2302 τὸ
3144 2256 3303 2324 ὄνομα
3361 2256 3419 2303 τὸ
3481 2253 3628 2323 ἅγιον
3685 2246 3872 2302 αύτοῦ·

523 2356 647 2396 non
674 2347 762 2397 est
793 2349 1066 2399 sanctum
1097 2347 1223 2415 ejus
1255 2363 1476 2402 nomen
1506 2348 1871 2419 negandum.
1930 2350 2053 2403 Non
2090 2364 2150 2402 es

2286 2340 2379 2392 οὐκ
2427 2342 2568 2391 ἔστιν
2621 2336 2711 2391 οὖκ
2763 2344 2856 2398 τὴν
2920 2345 3095 2411 πηγὴν
3170 2349 3260 2402 τῆς
3332 2342 3474 2402 ζωῆς
3537 2340 3879 2393 καταλιπόντα

527 2447 795 2502 aequum,
824 2438 884 2488 ut
910 2450 1019 2504 ego
1042 2435 1382 2508 relinquens
1404 2436 1625 2492 fontem
1656 2437 1803 2504 vitae,
1836 2437 2029 2493 colam
2061 2438 2163 2493 dae-

2286 2435 2569 2501 προσέχειν
2621 2425 2914 2501 δαιμονίοις
2960 2434 3047 2482 καὶ
3104 2428 3339 2483 σπένδειν
3394 2431 3584 2496 λίθοις,
3627 2431 3692 2481 ὧν
3735 2434 3878 2502 μητέ-

528 2520 732 2575 monia
770 2521 1025 2578 etlibem
1051 2523 1378 2596 lapidibus.
1429 2541 1686 2598 quorum
1718 2525 1957 2597 quidem
1990 2531 2164 2582 matei

2288 2539 2369 2593 ρες
2416 2523 2600 2590 τέχναι
2652 2537 2663 2550 ’
2702 2522 2788 2569 καὶ
2839 2521 2936 2591 γὰρ
2993 2523 3177 2591 τέχναι
3228 2523 3370 2592 παρὰ
3434 2529 3536 2572 τῶν
3588 2519 3872 2592 ἀνθρώπων,

527 2612 619 2665 est
645 2625 761 2665 ars.
795 2611 847 2667 Si
882 2612 1039 2667 enim
1069 2628 1190 2669 non
1214 2612 1461 2669 fuissent
1483 2620 1637 2670 artes
1670 2615 1925 2671 inventas
1959 2616 2035 2670 ah
2076 2615 2163 2671 ho-

2291 2609 2334 2662 εἰ
2389 2612 2458 2680 μὴ
2513 2605 2646 2666 ἦσαν
2700 2606 3054 2682 ἐφευρημέναι,
3112 2609 3203 2660 ούκ
3257 2608 3483 2681 ἐμέλλετε
3542 2612 3681 2669 θεοὺς
3724 2611 3872 2679 ἔχειν,

528 2697 811 2767 minibus,
842 2716 962 2755 non
992 2703 1168 2759 eratis
1188 2703 1336 2759 deos
1362 2703 1644 2769 habituri,
1673 2705 1776 2759 sed
1799 2704 1975 2775 plane
2004 2704 2164 2760 eratis

2291 2697 2417 2750 ἀλλὰ
2446 2699 2704 2769 ὑπάρχειν
2758 2699 2919 2749 ἄθεοι.
2960 2697 3015 2750 'O
3068 2695 3125 2750 δὲ
3178 2698 3526 2772 Ἀγριππῖνος
3570 2701 3732 2771 θυμοῦ
3762 2696 3875 2753 πλη·

528 2787 707 2844 futuri
733 2790 857 2845 sine
883 2790 1017 2845 diis.
1047 2792 1214 2848 Tunc
1240 2793 1629 2866 Agrippinus,
1662 2793 1851 2849 multa
1884 2794 1968 2849 ira
1996 2794 2164 2865 reple

2294 2790 2431 2847 σθεὶς
2480 2783 2572 2838 διὰ
2626 2790 2716 2844 τὴν
2768 2785 3064 2861 παρρησίαν
3130 2795 3221 2840 τοῦ
3287 2790 3578 2861 μάρτυρος,
3647 2788 3870 2849 ἐξανέστη

530 2883 621 2933 tus
655 2884 894 2950 propter
920 2880 1204 2937 ﬁduciam
1237 2886 1294 2936 et
1323 2881 1560 2937 dicendi
1589 2882 1924 2938 libertatem
1966 2890 2166 2955 marty‘

2292 2888 2382 2929 του
2469 2878 2650 2949 θρόνου
2726 2880 2815 2925 καὶ
2894 2878 2951 2927 τὸ
3029 2875 3359 2950 φιϐλατόριον
3443 2879 3874 2952 περισχισάμενος

528 2966 627 3030 ris,
665 2969 919 3023 surrexit
945 2985 975 3023 e
1007 2969 1221 3025 throno
1270 2986 1379 3025 suo
1407 2988 1419 3024 :
1474 2977 1528 3026 et
1558 2987 1740 3041 quam
1772 2971 2051 3026 citissime
2097 2973 2164 3025 in

2297 2963 2503 3037 σπουδῇ
2555 2965 2712 3037 πολλῇ
2765 2965 2955 3017 κελεύει
3007 2972 3228 3037 σφαίρας
3294 2964 3530 3039 σιδηρᾶς
3586 2967 3872 3039 πυρωθῆναι

530 3055 709 3109 dutus
740 3055 1071 3112 fibulatorio
1094 3058 1264 3128 jubet
1291 3059 1557 3130 sphaeras
1583 3060 1824 3114 accendi
1855 3060 2093 3127 ferreas,
2130 3077 2158 3113 e

2238 3080 2257 3135 ς
2296 3062 2384 3108 καὶ
2411 3057 2620 3113 τεθῆναι
2650 3054 2720 3114 εἰς
2744 3057 2838 3116 τὰς
2881 3056 3169 3127 μασχάλας
3200 3056 3380 3108 αὑτοῦ.
3420 3059 3486 3109 Οἱ
3537 3053 3595 3108 δὲ
3642 3056 3874 3127 ὑπηρέται

532 3144 671 3213 poni
708 3143 767 3197 in
812 3144 941 3215 ejus
993 3146 1355 3202 mammillis.
1412 3148 1652 3203 Ministri
1707 3154 1902 3203 autem
1946 3148 2168 3204 Satana

2295 3153 2384 3198 τοῦ
2412 3150 2611 3197 Σατανᾶ
2634 3145 2818 3196 θᾶττον
2851 3147 2913 3195 τὰ
2931 3145 3264 3198 κελευσθέντα
3289 3145 3474 3209 αὐτοῖς
3501 3142 3870 3217 διεπράττοντο·

530 3231 645 3286 cito
678 3230 944 3287 fecerunt
971 3250 1039 3288 ea
1072 3251 1208 3306 quae
1234 3234 1618 3305 jubebantur.
1669 3237 2048 3309 Sphaararum
2083 3255 2166 3293 au

2294 3237 2522 3290 τοσαύτη
2568 3236 2668 3305 γὰρ
2720 3230 3013 3305 σφοδρότης
3060 3233 3113 3285 ἐκ
3160 3243 3256 3285 τῶν
3310 3243 3547 3307 σφαιρῶν
3581 3232 3765 3304 ἐγένετο
3794 3236 3874 3281 τοῦ

533 3320 649 3372 tem
681 3321 833 3388 ignis
884 3320 992 3377 fuit
1052 3328 1214 3379 tanta
1265 3325 1659 3389 vehementia,
1720 3331 1782 3381 ut
1823 3342 1944 3381 non
1988 3326 2169 3382 solum

2293 3328 2475 3397 πυρός,
2510 3324 2643 3374 ὥστε
2682 3327 2751 3393 μὴ
2785 3327 2937 3393 μόνον
2988 3322 3305 3395 ἀναφανῆναι
3337 3328 3429 3384 τὰς
3460 3324 3678 3397 πλευρὰς
3707 3320 3868 3382 αὐτοῦ,

533 3414 889 3478 apparerent
914 3410 1042 3480 ejus
1072 3412 1278 3477 latera,
1316 3414 1421 3469 sed
1462 3415 1641 3469 etiam
1703 3421 2169 3487 corrumperetui

2294 3412 2419 3467 ἆλλά
2445 3417 2533 3464 καὶ
2562 3416 2652 3469 τὴν
2680 3408 2881 3464 ἔνδοθεν
2908 3412 3202 3483 οἰκονομίαν
3247 3421 3343 3463 τῶν
3380 3413 3698 3483 σπλάγχνων
3728 3408 3870 3458 αὐτοῦ

530 3494 761 3552 interna
815 3500 943 3569 ejus
1000 3501 1295 3557 viscerum
1354 3508 1672 3569 structura,
1729 3510 1791 3558 ut
1847 3520 1953 3575 per
2010 3520 2166 3559 nares

2293 3507 2573 3577 φθαρῆναι,
2598 3502 2688 3564 ἕως
2708 3498 2801 3554 διὰ
2826 3510 2926 3555 τῶν
2952 3508 3228 3574 μυκτήρων
3255 3501 3421 3553 αὐτοῦ
3448 3506 3535 3553 καὶ
3566 3520 3653 3552 του
3683 3498 3869 3568 ἐγκεφά-

533 3585 662 3655 ejus
696 3590 752 3642 et
777 3588 1085 3645 cerebrum
1109 3590 1363 3646 emissus
1384 3592 1558 3648 fuerit
1579 3594 1781 3649 fumus
1812 3610 1880 3649 ex
1911 3595 2107 3650 calore
2131 3611 2169 3649 e:

2292 3594 2380 3646 λου
2413 3590 2437 3640 ὁ
2482 3596 2672 3652 καπνός
2722 3588 2979 3664 ἀνεφέρετο
3031 3591 3085 3642 ἐκ
3137 3599 3225 3649 τῆς
3253 3592 3572 3663 ὑπαφθησης
3604 3588 3759 3639 αὐτῶν
3790 3581 3869 3635 διὰ

530 3690 635 3745 per
655 3676 922 3747 Sphaeras
949 3695 1224 3736 accenso.

2295 3694 2393 3737 τῶν
2424 3691 2653 3759 σφαιρῶν
2681 3683 3009 3755 θερμότητος,

603 3765 711 3819 Xll.
749 3765 960 3823 Beatus
994 3774 1191 3824 autem
1224 3770 1407 3837 Plato,
1439 3772 1541 3843 qui
1577 3772 1703 3842 jam
1736 3788 1771 3827 a
1802 3772 1999 3827 multis
2017 3788 2187 3844 repu-

2369 3774 2464 3828 IB'.
2509 3773 2566 3825 Ὀ
2613 3770 2671 3824 δε
2710 3772 2966 3843 μακάριος
3014 3769 3224 3821 Πλάτων
3257 3764 3363 3827 ἤδη
3402 3769 3667 3841 νομισθεὶς
3709 3762 3866 3815 τεθνά-

534 3856 686 3908 tatus
716 3854 905 3912 fuerat
936 3873 1064 3913 esse
1098 3865 1388 3925 mortuus,
1411 3860 1557 3915 dixit
1588 3862 1917 3933 Agrippino
1952 3878 1964 3917 :
2002 3864 2170 3916 Parva

2295 3884 2398 3930 ναι,
2434 3862 2567 3915 εἶπεν
2619 3866 2744 3933 πρὸς
2788 3862 2873 3911 τὸν
2923 3857 3263 3932 Ἀγριππῖνον
3313 3875 3323 3888 ’
3374 3861 3578 3930 Μικραί
3628 3857 3715 3907 σού
3754 3851 3870 3903 εἰσιν

534 3948 671 3997 sunt
704 3949 805 4000 tua
836 3950 1151 4013 tormenta,
1207 3964 1243 4003 ο
1278 3952 1451 4020 potor
1511 3951 1845 4019 sanguinis,
1888 3954 1944 4006 et
1989 3951 2170 4006 bestii:

2297 3957 2350 4006 αἱ
2406 3952 2652 4025 βασάνοι,
2708 3951 2969 4021 αἰμοπότα
3020 3952 3105 3999 καὶ
3167 3949 3483 4022 θηριότροπε
3538 3950 3625 3996 καὶ
3679 3942 3871 4011 ἀνήμερε

534 4032 802 4089 moribus
832 4036 1058 4100 similis,
1094 4042 1149 4092 et
1178 4053 1332 4093 saeve
1362 4040 1545 4105 canis,
1576 4040 1621 4095 si
1659 4040 2071 4096 consideretur
2100 4040 2170 4095 ire

2296 4046 2430 4095 κύων
2479 4044 2604 4115 πρὸς
2660 4042 2745 4091 τὸν
2799 4039 2957 4109 θυμόν
3013 4056 3106 4087 σου
3165 4041 3252 4088 καὶ
3304 4035 3597 4107 ἀγριότητα
3643 4049 3655 4062 ο
3715 4024 3871 4080 αλλ’ὁ

534 4126 636 4177 tua
688 4130 743 4178 et
786 4125 1147 4183 immanitas.
1198 4128 1291 4183 Ira
1337 4132 1439 4184 tua
1481 4131 1588 4184 erit
1637 4146 1846 4202 parva,
1893 4135 2170 4185 tormenta

2300 4134 2455 4203 θυμός
2506 4149 2598 4181 σου
2651 4130 2784 4180 ἔστω
2834 4130 3036 4200 μικρός,
3079 4128 3133 4177 αἱ
3183 4122 3241 4177 δε
3273 4124 3505 4197 βάσανοί
3537 4142 3629 4175 σου
3660 4122 3871 4173 ἔστωσαν

538 4216 737 4266 autem
794 4217 893 4269 tua
943 4215 1059 4271 sint
1093 4233 1335 4286 magna.
1370 4220 1517 4274 Nam
1572 4235 1676 4291 per
1706 4224 2018 4289 tormenta,
2052 4236 2174 4290 qua

2296 4219 2516 4292 μεγάλαι
2559 4236 2569 4247 ·
2603 4223 2777 4289 γνωση
2834 4218 2935 4288 γὰρ
2992 4212 3085 4267 διὰ
3125 4223 3223 4265 τῶν
3274 4212 3542 4287 βασάνων,
3592 4212 3657 4260 ὧν
3688 4207 3873 4292 ἐπάγεις

537 4299 679 4354 mihi
722 4300 990 4373 intentas,
1045 4285 1370 4375 cognosces
1420 4285 1745 4378 potentiam
1796 4285 2022 4373 Christi,
2073 4285 2173 4381 qu:

2296 4329 2386 4382 μοι
2436 4313 2528 4366 τὴν
2578 4304 2799 4377 δύναμιν
2857 4312 2946 4356 τοῦ
3006 4302 3206 4375 βοηθοῦ
3262 4322 3363 4375 μου
3423 4305 3672 4373 Χριστοῦ.
3718 4294 3770 4345 Ὀ
3822 4285 3871 4340 δὲ

536 4388 678 4443 mihi
698 4388 1127 4450 fertauxilium.
1151 4397 1465 4467 Apparitor
1496 4403 1692 4452 autem
1726 4398 1969 4453 veniens
2000 4415 2172 4471 prope

2234 4436 2263 4491 3
2302 4399 2491 4473 βοηθός
2522 4397 2816 4471 προσελθὼν
2863 4398 3083 4450 πλησίον
3116 4400 3206 4444 τοῦ
3252 4392 3405 4462 ἁγίου
3450 4391 3709 4444 Πλάτωνος
3751 4382 3870 4433 εἶπεν

536 4485 810 4534 sanctum
836 4482 1156 4547 Platonem,
1179 4485 1579 4554 dixitei:Pare,
1600 4503 1634 4542 o
1651 4487 2057 4560 homo,jussis
2080 4490 2172 4544 imi

2304 4488 2437 4558 αύτῷ
2471 4502 2483 4516 ⁶
2518 4488 2770 4543 Πείσθητι
2817 4490 2925 4544 τοῖς
2970 4484 3346 4554 προστάγμασι
3388 4489 3477 4533 τοῦ
3521 4474 3871 4545 αὐτοκράτορος
3936 4547 3940 4553 _

538 4568 824 4638 peratoris
851 4575 908 4625 et
922 4572 1033 4627 diis
1052 4574 1400 4635 sacriﬁca.et
1418 4576 1683 4641 lucrifac,
1703 4593 1776 4633 ne
1800 4578 1953 4632 male
1973 4579 2174 4634 moria

2297 4582 2385 4629 καὶ
2447 4578 2603 4628 θῦσον
2656 4583 2760 4634 τοῖς
2821 4575 2973 4636 θεοῖς,
3026 4576 3114 4622 καὶ
3157 4575 3214 4622 τό
3259 4579 3435 4631 κακῶς
3480 4568 3739 4619 ἀποθανεῖν
3766 4574 3870 4626 κερ-

537 4657 638 4711 ris.
675 4660 800 4713 Non
832 4666 998 4731 potes
1023 4662 1181 4718 enim
1209 4670 1459 4720 mortem
1488 4665 1766 4735 effugere,
1799 4666 1912 4721 nisi
1933 4683 2003 4722 ca
2036 4667 2173 4723 fece-

2301 4665 2485 4725 δησον.
2542 4666 2616 4717 Ού
2661 4666 2762 4737 γὰρ
2817 4658 3043 4715 δύνασαι
3085 4661 3369 4731 ἀποφυγεῖν
3414 4662 3495 4711 τὸν
3547 4657 3767 4711 θάνατον,
3796 4644 3866 4696 ἐὰν

538 4746 638 4812 ris,
671 4764 805 4818 quae
833 4765 867 4805 a
899 4766 994 4805 me
1025 4751 1127 4806 tibi
1160 4752 1318 4808 dicta
1352 4759 1505 4809 sunt.
1538 4755 1643 4815 Qui
1667 4762 1865 4812 autem
1903 4763 2027 4811 erat
2056 4773 2174 4812 vere

2297 4761 2366 4830 μὴ
2403 4755 2610 4827 ἀνάσχη
2642 4761 2740 4805 τῶν
2768 4752 3052 4823 λεχθέντων
3110 4769 3193 4801 σοι
3242 4751 3360 4820 παρ’
3409 4747 3548 4819 ἐμοῦ.
3600 4748 3654 4793 Ὀ
3706 4733 3760 4789 δέ
3794 4749 3867 4804 με·

539 4851 762 4906 magno
791 4843 847 4892 et
888 4839 1120 4895 excelso
1180 4842 1382 4897 animo
1439 4848 1494 4898 et
1545 4860 1678 4899 vere
1734 4844 1941 4901 Christi
2005 4846 2175 4911 Plato,

2297 4821 2566 4917 γαλόφρων
2620 4847 2707 4894 καὶ
2763 4841 2967 4912 εὐγενὴς
3021 4847 3081 4911 τῇ
3140 4838 3293 4911 ψυχῇ
3342 4842 3429 4888 καὶ
3475 4833 3670 4889 ἀληθῶς
3704 4821 3868 4919 δοῦλος

539 4928 943 4998 apparitorem
970 4930 1217 5001 quidem
1250 4947 1368 4986 non
1402 4934 1604 5003 parvis
1636 4933 1947 4989 incessens
1980 4940 2175 4991 contu-

2298 4942 2389 4987 τοῦ
2437 4939 2674 5006 Χριστοῦ
2737 4931 2946 4983 Πλάτων
2995 4932 3081 4981 τὸν
3121 4931 3210 4999 μεν
3256 4926 3449 4999 βοηθόν
3482 4922 3538 4975 οὗ
3578 4923 3764 4992 μικρῶς
3805 4928 3865 4959 εν·

540 5017 754 5084 meliis,
788 5018 840 5073 ei
868 5035 931 5073 os
962 5019 1261 5075 obstruxit
1291 5026 1573 5093 tanquam
1609 5023 1767 5078 malo
1800 5023 2141 5079 consiliario
2174 5043 2176 5077 ς

2299 5023 2535 5096 υϐρίσας,
2612 5020 2948 5091 ἐπεστόμισεν
3014 5021 3080 5078 ὡς
3138 5013 3579 5087 κακοσύμϐουλον,
3658 5004 3866 5095 ἀτρέτξτφ

538 5110 803 5168 interrito
818 5118 1015 5167 autem
1035 5112 1244 5184 spiritu
1268 5114 1543 5170 etanimo
1574 5115 1891 5183 immobili,
1916 5120 1970 5172 et
1998 5122 2174 5172 mente

2302 5112 2359 5166 δὲ
2424 5116 2714 5186 φρονήματι
2760 5114 2847 5161 καὶ
2907 5106 3265 5180 ἀμετακινήτῳ
3318 5113 3374 5177 τῇ
3432 5102 3579 5172 ψυχῇ
3641 5097 3723 5144 καὶ
3783 5101 3867 5186 ara

540 5216 659 5256 non
692 5181 1295 5273 perturbata,voculos
1326 5203 1385 5258 in
1418 5203 1632 5259 caelum
1661 5181 1965 5272 extollens,
1998 5206 2145 5261 dixit
2174 5225 2176 5257 :

2299 5206 2453 5278 ράχῳ
2491 5209 2551 5273 τῇ
2615 5198 2822 5270 διανοίᾳ
2878 5198 3141 5258 ἀνατείνας
3188 5199 3306 5256 τοὺς
3349 5190 3635 5264 ὀφθαλμούς
3680 5199 3746 5239 εις
3789 5191 3864 5225 τον

547 5289 795 5346 Dorsum
826 5307 1015 5348 meum
1047 5293 1183 5348 dedi
1212 5292 1292 5349 ad
1317 5293 1586 5363 ﬂagella,
1628 5300 1679 5350 et
1707 5308 1889 5364 genas
1928 5310 2081 5349 meas
2113 5296 2183 5350 ad

2300 5294 2512 5367 οὐρανὸν
2563 5288 2694 5343 εἶπεν
2751 5307 2762 5320 °
2820 5291 2917 5340 Τόν
2969 5292 3125 5338 νῶτόν
3200 5305 3299 5358 μου
3358 5280 3527 5335 ἔδωκα
3581 5274 3643 5331 εἰς
3696 5280 3844 5340 μαστι

543 5378 750 5446 alapas
776 5396 789 5434 :
812 5382 1028 5449 faciem
1061 5387 1255 5439 autem
1279 5398 1464 5438 meam
1490 5399 1605 5438 non
1632 5384 1822 5439 averti
1851 5400 1886 5439 a
1915 5384 2179 5440 dedecore

2300 5403 2412 5454 γας,
2472 5383 2560 5440 τὰς
2610 5377 2668 5431 δὲ
2736 5382 2984 5449 σιαγόνας
3034 5377 3101 5437 εἰς
3151 5376 3461 5448 ῥαπίσματα
3491 5368 3583 5418 ’τὸ
3628 5357 3684 5413 δὲ
3720 5367 3863 5427 προσσ

543 5473 851 5536 sputorum
879 5472 946 5520 ιι.
968 5473 1056 5529 Ne
1076 5473 1405 5531 discesseris
1433 5488 1468 5529 a
1490 5488 1598 5540 me,
1628 5473 1894 5539 Domine,
1914 5474 2179 5545 quoniam

2303 5475 2437 5523 ωπόν
2523 5490 2623 5543 μου
2715 5467 2809 5519 ούκ
2886 5463 3149 5540 ἁπέτρεψα
3205 5462 3306 5516 ἀπὸ
3370 5459 3622 5529 αἰσχύνης
3683 5458 3863 5517 πέλ-τηεμ·

618 5594 660 5629 ¹¹
700 5596 809 5653 lsa.
850 5610 903 5665 ι,
947 5600 999 5651 6.
