4142 6196
160 356 170 367 ,
222 294 316 352 n7
1544 294 1710 351 VITA
1750 274 1811 353 s'.
1850 290 2225 351 PLATONIS.

3461 296 3562 355 418

220 424 416 494 σμάτων
474 424 546 493 μὴ
604 420 835 492 ἀποστῇς
892 418 978 471 ἀπ’
1036 418 1181 491 ἱμοῦ,
1253 419 1426 489 Κύριε,
1498 419 1577 469 ὅτι
1632 419 1802 491 θλῖψις

1916 420 2267 489 afﬂictiones
2288 435 2469 488 prope
2491 422 2536 456 ¹²
2559 434 2580 490 ,·
2601 436 2673 477 ne
2696 421 2854 489 forte
2872 421 3073 477 dicant
3094 428 3310 491 gentes:
3346 425 3453 481 Ubi
3475 433 3561 481 est

610 529 730 562 ποτε
790 512 1004 560 εἴπωσιν
1070 510 1134 559 τὰ
1200 509 1339 570 ἔθνη,
1404 514 1511 559 Ποῦ
1567 511 1705 560 ἔστιν
1779 511 1804 560 ὁ

216 512 377 581 erm,
448 516 519 581 μή

218 604 326 659 Θεὸς
377 600 536 651 αὐτοῦ
568 619 584 670 ;
614 600 783 659 Αὐτός
831 594 938 661 οὖν,
1000 600 1173 669 Κύριε,
1217 597 1393 653 Ἰησοῦ
1451 601 1667 669 Χριστε,
1727 598 1804 648 εῦ-

216 688 435 747 ὅοκησον
493 688 564 748 εἰς
611 687 716 759 ἐμὲ,
766 689 848 738 ἱνα
878 687 1079 747 τελείως
1110 691 1202 744 τὴν
1237 682 1519 757 τυραννίδα
1558 695 1648 737 τοῦ
1682 684 1805 738 δια-

213 779 353 831 ϐόλου
414 776 683 848 διαφυγὼν
750 784 1002 850 παραστώ
1062 786 1131 846 τῷ
1186 773 1390 847 βηματί
1443 794 1535 826 σου
1582 785 1652 846 τῷ
1716 797 1799 848 φο·

212 867 352 938 ϐερῷ,
438 871 524 917 τόν
582 867 736 918 καλὸν
796 866 966 935 αγωνα
1050 864 1452 935 ἀγωνισάμενος·
1545 872 1627 916 σοὶ
1702 868 1800 938 γὰρ

210 962 384 1031 πρέπει
436 961 527 1007 καὶ
585 955 633 1007 ἐν
690 953 991 1015 ἐκκλησίαις
1061 959 1147 1004 καὶ
1206 953 1255 1004 ἐν
1311 960 1464 1004 παντὶ
1516 958 1656 1025 τόπῳ
1709 962 1803 1015 τῆς

212 1044 510 1105 δεσποτείας
564 1064 659 1096 σου
712 1048 854 1115 τιμὴ,
912 1045 1120 1116 κράτος,
1162 1042 1524 1115 μεγαλωσύνη,
1577 1050 1664 1093 νῦν
1714 1047 1802 1094 καὶ

211 1135 279 1187 ἀεὶ
327 1142 419 1186 καὶ
476 1134 542 1193 εἰς
593 1138 710 1194 τοῦς
764 1132 969 1192 αἰῶνας,
1029 1136 1126 1183 Καὶ
1159 1131 1353 1182 πολλῶν
1402 1131 1801 1183 ἐπακουσάντων

207 1229 259 1275 τό
298 1226 480 1295 Ἀμην,
517 1222 728 1296 ἐσείσθη
785 1223 810 1271 ό
863 1226 1019 1282 τόπος
1070 1228 1165 1282 τῆς
1217 1218 1497 1292 βασιλικῆς
1540 1225 1630 1272 καὶ
1679 1217 1802 1272 οῦδὲ

206 1315 360 1374 οὕτως
422 1320 637 1370 συνῆκεν
686 1313 711 1360 ό
773 1306 1134 1384 Ἀγριππῖνος,
1193 1310 1272 1360 ὃτι
1322 1307 1674 1380 βοηθοῦμενος
1740 1306 1799 1366 ἦν

204 1404 340 1473 παρὰ
379 1408 472 1452 τοῦ
534 1406 786 1473 Χριστοῦ,
830 1397 937 1449 ἀλλ’
996 1399 1103 1450 εἷπε
1161 1402 1289 1470 πρός
1344 1399 1518 1449 αῦτόν·
1572 1400 1796 1462 Ἀνὸσιε,

206 1489 294 1543 δια
346 1496 398 1542 τί
451 1490 585 1541 οὕτω
638 1488 981 1545 ἁπονενόησαι
1034 1494 1120 1540 καὶ
1184 1487 1242 1539 οῦ
1302 1483 1453 1559 φείδῃ
1510 1495 1600 1539 τοῦ
1659 1484 1798 1539 ἰδίου

206 1586 462 1652 σώματος,
523 1580 652 1649 ὀρῶν
706 1575 861 1628 αὐτόν
927 1576 1087 1637 οὕτως
1146 1572 1408 1648 διαφόρως
1470 1579 1799 1648 τιμωρούμε-

204 1687 299 1720 νον·
366 1670 617 1725 πείσθητι
661 1663 748 1718 οὖν
794 1686 884 1738 μοι
932 1670 1020 1717 καὶ
1081 1668 1234 1717 θῦσον
1273 1673 1379 1726 τοῖς
1415 1668 1568 1732 θεοῖς,
1614 1667 1696 1717 ἱνα
1725 1670 1795 1738 μὴ

1910 510 2067 565 Deus
2096 526 2297 566 eorum
2330 509 2424 564 υτ
2458 511 2575 565 Tibi
2609 526 2751 580 ergo
2784 510 3027 581 placeat,
3064 527 3098 565 ο
3156 514 3396 568 Domine
3422 517 3561 571 Jesu

1910 598 2148 663 Christe,
2188 606 2245 654 ut
2293 616 2403 669 ego
2443 598 2705 653 famulus
2749 604 2902 663 tuus,
2950 598 3203 671 perfecte
3244 602 3561 658 adversarii

1911 686 2194 757 effugiens
2224 689 2615 759 tyrannidem,
2636 705 2767 742 cum
2800 688 3054 743 audacia
3085 693 3141 742 et
3162 689 3565 747 fiduciasistar

1911 784 2045 832 ante
2074 787 2236 832 tuum
2270 778 2531 833 tribunal
2563 778 2834 843 terribile,
2880 780 2992 833 hoc
3024 779 3270 849 pulchro
3301 778 3566 837 conlecto

1911 868 2250 922 certamine.
2293 868 2367 922 Te
2429 883 2587 921 enim
2628 867 2797 921 decet
2834 874 2889 922 et
2920 868 2977 921 in
3018 867 3267 921 Ecclesis
3310 875 3363 923 et
3398 871 3567 924 omni

1908 955 2040 1011 loco
2073 962 2188 1013 tuae
2226 958 2652 1013 dominationis
2691 957 2899 1027 gloria,
2944 957 3154 1023 honor,
3208 959 3472 1028 potentia
3510 963 3567 1014 et

1913 1046 2215 1114 majestas,
2251 1063 2407 1101 nunc
2438 1052 2492 1101 et
2541 1062 2794 1117 semper,
2851 1052 2903 1101 et
2934 1046 2994 1100 in
3051 1046 3270 1102 srecula
3323 1048 3563 1104 saeculo-

1909 1146 2064 1189 rum.
2110 1134 2335 1189 Etcum
2368 1134 2534 1189 multi
2589 1134 2937 1198 audiissent,
2968 1138 3177 1203 Amen,
3226 1143 3426 1191 motus
3478 1142 3567 1193 est

1910 1224 2078 1281 locus
2118 1224 2373 1279 basilica:
2408 1246 2418 1276 :
2463 1230 2517 1279 et
2546 1239 2618 1277 ne
2650 1223 2733 1277 sic
2771 1223 3015 1295 quidem
3064 1224 3349 1280 intellexit
3388 1226 3563 1282 miser

1908 1315 2288 1388 Agrippinus,
2318 1312 2481 1385 quod
2513 1312 2771 1367 Christus
2806 1313 2857 1367 ei
2889 1312 3059 1368 ferret
3090 1313 3401 1381 auxilium,
3460 1315 3565 1371 sed

1908 1406 2055 1461 dixit
2083 1404 2133 1459 ei
2164 1421 2175 1457 :
2202 1403 2407 1474 Impie,
2441 1417 2545 1456 cur
2570 1416 2632 1455 es
2658 1400 2809 1456 adeo
2846 1405 3060 1456 emotae
3090 1401 3325 1470 mentis,
3355 1410 3410 1457 et
3446 1420 3565 1459 non

1909 1494 2102 1567 parcis
2125 1503 2229 1548 tuo
2258 1489 2515 1563 corpori,
2544 1506 2681 1545 cum
2709 1490 2767 1544 id
2793 1490 2995 1546 videas
3026 1491 3200 1546 variis
3223 1492 3419 1547 modis
3445 1499 3566 1549 tam

1909 1583 2120 1641 acerbe
2161 1581 2411 1637 cruciari
2441 1578 2468 1634 ?
2492 1581 2632 1635 Pare
2672 1596 2813 1650 ergo
2847 1580 3009 1643 mihi,
3042 1586 3097 1635 et
3131 1582 3401 1637 sacriﬁca
3450 1583 3565 1637 diis

1908 1673 2287 1733 intemeratis,
2322 1686 2393 1725 ne
2420 1670 2572 1724 male
2596 1670 2893 1725 moriaris.
2927 1672 3178 1724 Sanctus
3206 1671 3371 1726 Plato
3399 1672 3565 1726 dixit:

206 1766 371 1817 κακῶς
432 1756 716 1827 ἀποθάνῃς.
800 1755 1008 1807 Πλάτων
1069 1753 1221 1806 εἶπεν·
1292 1755 1447 1808 Εἶπον
1530 1774 1614 1807 σοι
1680 1756 1800 1807 πολ-

1916 1764 2035 1819 Dixi
2063 1761 2167 1816 tibi
2196 1775 2369 1831 saepe,
2405 1760 2549 1830 quin
2577 1760 2757 1814 etiam
2800 1774 2960 1813 nunc
2989 1759 3090 1813 tibi
3125 1759 3279 1824 dico,
3308 1776 3400 1815 me
3442 1776 3567 1815 esse

210 1846 370 1913 λάκις,
422 1852 512 1897 καὶ
559 1853 647 1895 νῦν
696 1864 777 1896 σοι
832 1844 981 1914 λέγω,
1043 1844 1120 1895 ὃτι
1177 1848 1302 1896 Θεοῦ
1363 1844 1550 1904 ζωντος
1605 1844 1799 1917 λάτρης

211 1938 309 2007 εἰμι
350 1942 440 1987 καὶ
492 1938 679 1985 τούτου
728 1936 793 1985 τὰ
833 1930 1074 2005 δόγματα
1107 1933 1415 2003 καταλείφαι
1462 1933 1519 1984 οὐ
1572 1930 1802 2005 δύναμαι

206 2032 290 2077 καὶ
340 2033 450 2086 τοῖς
494 2028 742 2095 ματαίοις
794 2027 851 2074 τό
902 2027 1061 2094 ὄνομα
1115 2025 1303 2094 ἔχουσι
1358 2026 1489 2085 θεοῖς
1542 2032 1651 2084 τοῖς
1692 2024 1800 2075 κίϐ-

210 2113 379 2174 δηλοις
440 2116 644 2174 τούτοις
702 2122 1066 2185 προσκυνῆσαι
1120 2116 1208 2163 καὶ
1261 2121 1515 2185 μυσαροῖς
1574 2111 1803 2175 εἰδωλοις

208 2205 295 2256 οὒκ
354 2203 634 2274 ἀνέχομαι.
695 2202 848 2254 Ἀλλὰ
900 2201 1015 2254 καθ’
1059 2203 1254 2275 ἡμέραν
1304 2202 1361 2253 οῦ
1412 2206 1685 2275 παύσομαι
1732 2212 1803 2275 τῷ

208 2302 315 2364 Θεῴ
366 2297 811 2365 προσευχόμενος,
874 2296 1215 2365 προσπίπτων
1280 2296 1370 2343 καὶ
1423 2288 1662 2365 δεόμενος
1711 2301 1803 2355 τῆς

206 2383 326 2453 παρ’
400 2382 563 2433 αὐτοῦ
628 2381 878 2441 ἀληθινῆς
956 2385 1219 2455 σωτηρίας
1283 2388 1486 2452 τυχεῖν.
1568 2387 1634 2434 Σὺ
1724 2380 1802 2449 δε,

208 2473 529 2543 Ἀγριππῐνε,
584 2474 830 2542 ματαίοις
887 2466 1117 2531 εἰδώλοις
1157 2476 1524 2542 προστετηκὼς
1581 2478 1670 2524 καὶ
1718 2477 1803 2524 τόν

206 2568 317 2612 νοῦν
388 2559 742 2630 σεσυλημένος
813 2562 898 2609 τόν
976 2558 1046 2618 εἰς
1110 2560 1420 2629 θεογνωσίαν
1482 2579 1537 2612 σε
1595 2562 1805 2613 ἕλκοντα

206 2652 343 2721 παρὰ
392 2656 485 2701 τοῦ
530 2653 728 2723 πατρός
777 2666 870 2699 σου
919 2654 1008 2699 τοῦ
1058 2654 1275 2713 Σατανᾶ,
1328 2654 1418 2701 καὶ
1466 2650 1593 2710 ὅλως
1644 2651 1803 2703 αὐτοῦ

204 2744 487 2811 γενόμενος,
545 2742 634 2789 καὶ
697 2736 770 2798 εἰς
827 2743 918 2794 την
986 2733 1107 2789 ὁδόν
1166 2746 1261 2799 τῆς
1318 2739 1459 2799 ζωῆς
1516 2738 1675 2792 ἐλθεῖν
1729 2745 1800 2813 μὴ

209 2827 514 2899 βουλόμενος
548 2827 619 2886 εἰς
668 2827 830 2879 αἰῶνα
878 2828 1021 2899 παρά
1055 2834 1144 2878 τοῦ
1197 2834 1328 2879 Θεοῦ
1359 2836 1451 2880 τοῦ
1485 2827 1804 2900 βοηθοῦντος

206 2936 302 2987 μου
355 2919 707 2991 τιμωρηθησῃ
759 2920 824 2977 ως
879 2915 1159 2990 ἐνυϐρίζων
1206 2922 1327 2978 τοὺς
1373 2915 1590 2981 δούλους
1624 2920 1803 2987 αὐτοῦ,

209 3009 434 3077 οἰόμενος
492 3005 795 3078 μεταϐαλεῖν
871 3006 1038 3057 αὐτῶν
1104 3011 1197 3064 τὴν
1274 3008 1346 3068 εἰς
1404 3012 1526 3060 Θεὸν
1607 3009 1805 3082 ἀγαθὴν

210 3102 531 3169 προαίρεσιν.

279 3186 373 3239 ll".
422 3186 761 3259 Ἀγριππίνος
803 3187 913 3255 ἔφη’
972 3181 1101 3251 Ἴδε,
1146 3185 1378 3251 Πλάτων,
1421 3189 1521 3239 ὅσα
1554 3207 1611 3239 σε
1654 3191 1808 3240 εἴασα

214 3275 565 3348 φλυαρίσαντα
628 3273 1019 3347 μωρολογῆσαι·
1105 3274 1237 3333 πλὴν

210 3367 466 3436 ὑπάρχεις
512 3370 612 3414 τῶν
651 3365 778 3437 παρ’
822 3365 965 3434 ἡμῶν
1008 3362 1171 3435 λόγων
1226 3361 1319 3417 διὰ
1368 3370 1460 3424 τὴν
1505 3368 1807 3440 θρασύτητά

1327 3276 1369 3328 εἰ
1445 3282 1534 3328 καὶ
1605 3275 1808 3339 ἀνάξιος

214 3472 304 3505 σου
357 3458 446 3503 καὶ
498 3450 850 3523 ἀμετάϐλητον
909 3449 1152 3527 καρδίαν·
1214 3452 1437 3507 ἆκουσον
1495 3458 1615 3528 ὅπερ
1675 3457 1805 3529 λέγω

212 3558 314 3592 σοι.
362 3540 617 3601 Πολλάκις
666 3541 829 3593 πολλὰ
890 3541 1093 3599 ἀκήκοα
1169 3552 1388 3596 τοιαῦτα
1444 3554 1541 3597 τῶν
1619 3547 1806 3617 ὁμολο-

208 3634 428 3699 γούντων
487 3633 575 3681 τόν
620 3630 905 3696 Γαλιλαῖον,
961 3638 1050 3683 καὶ
1094 3630 1262 3693 οὐδεὶς
1318 3634 1553 3686 ἀνέλυσεν
1605 3636 1659 3687 ἐκ
1708 3646 1805 3688 τῶν

208 3716 340 3788 ἐμῶν
371 3728 566 3793 χειρῶν
612 3720 731 3785 ζῶν,
794 3722 836 3771 εί
883 3724 954 3792 μὴ
1006 3720 1219 3781 ἐπείσθη
1252 3728 1341 3774 καὶ
1371 3725 1574 3780 ἔθυσεν.
1616 3726 1675 3777 Εἰ
1718 3723 1805 3778 οὖν

205 3812 277 3877 μὴ
347 3808 499 3868 θελεις
571 3808 904 3881 ἀνασχέσθαι
953 3830 1051 3880 μου
1129 3817 1217 3863 καὶ
1269 3814 1427 3864 θῦσαι
1486 3821 1594 3875 τοίς
1649 3817 1800 3882 θεοῖς,

206 3894 367 3965 βλέπε
412 3902 465 3948 τί
519 3897 712 3969 μέλλεις
764 3901 1011 3970 πάσχειν
1068 3907 1156 3952 καὶ
1212 3904 1312 3975 γὰρ
1369 3902 1530 3954 πολλά
1583 3902 1805 3975 βασανι-

208 3990 403 4057 στήρια
452 3992 697 4056 μένουσίν
772 4007 842 4043 σε,
929 3987 987 4039 Ὀ
1040 3989 1185 4060 ἅγιος
1252 3998 1343 4042 τοῦ
1414 4000 1547 4045 Θεοῦ
1599 3996 1803 4067 μάρτυς

208 4073 417 4125 Πλάτων
465 4076 689 4145 γελάσας
738 4078 890 4129 εἶπεν
952 4076 1146 4145 Ἃθλιε,
1204 4085 1291 4132 καὶ
1344 4082 1657 4157 ταλαίπωρε,
1714 4090 1803 4137 καὶ

206 4166 566 4237 μισάνθρωπε,
638 4171 727 4217 καὶ
782 4167 1019 4239 ἀνημερε,
1080 4173 1168 4219 καὶ
1240 4172 1417 4231 πάσης
1476 4179 1803 4247 παρανομίας

207 4250 437 4323 ἀρχήγε,
489 4253 721 4328 ἀλλοτριε
759 4263 849 4306 τοῦ
878 4264 1030 4321 Θεοῦ,
1060 4262 1147 4309 καὶ
1200 4259 1433 4333 ῦπηρέτα
1461 4268 1551 4312 τοῦ
1584 4269 1802 4333 Σατανᾶ,

204 4346 294 4392 καὶ
351 4349 447 4401 τῆς
512 4347 711 4413 γεέννης
763 4352 853 4395 τοῦ
898 4350 1059 4420 πυρός
1120 4346 1422 4420 κληρονόμε,
1477 4355 1565 4402 καὶ
1630 4353 1803 4412 πάσης

138 4476 155 4483 -
206 4426 383 4492 δεινῆς
437 4432 700 4494 κολάσεως
752 4434 881 4499 ἄξιε,
933 4435 989 4487 οῦ
1038 4438 1277 4489 πείθουσί
1324 4457 1387 4509 με
1416 4441 1465 4491 οἱ
1494 4438 1637 4512 λόγοι
1684 4457 1798 4494 σοῦ’

206 4536 247 4569 ει
298 4526 404 4593 γὰρ
474 4524 498 4572 ό
556 4523 679 4594 ἐμός
735 4529 994 4584 Δεσπότης
1048 4531 1273 4599 Χριστός
1320 4532 1377 4581 τό
1428 4537 1613 4582 εαυτοῦ
1672 4534 1803 4605 αἷμα

203 4606 402 4680 ἐξέχεεν
478 4612 606 4684 ὑπερ
686 4612 829 4684 ἐμοῦ,
891 4616 971 4665 ἶνα
1025 4614 1123 4667 ἀπὸ
1204 4619 1374 4678 πάσης
1445 4618 1661 4691 ἀνομίας
1719 4626 1803 4674 τὸν

205 4704 401 4771 κόσμον
461 4702 625 4753 αὐτοῦ
695 4702 1050 4777 λυτρώσηται,
1101 4710 1247 4777 πόσῳ
1301 4706 1491 4779 μᾶλλον
1547 4712 1695 4781 ἡμεῖς
1754 4716 1802 4764 οἵ

206 4785 505 4861 ἁμαρτωλοὶ
579 4791 838 4864 ὀφείλομεν
906 4795 1249 4852 ἀποθνήσκειν
1300 4799 1424 4872 ὑπερ
1486 4799 1666 4867 αὐτοῦ,
1725 4803 1805 4855 ἵνα

208 4877 306 4925 κοὶν
364 4874 457 4930 διὰ
520 4882 709 4933 τούτου
765 4882 1074 4956 εὐγνώμονες
1135 4884 1368 4959 ὀφθῶμεν
1446 4896 1516 4959 τῷ
1574 4892 1801 4966 ὑμετέρῳ

208 4970 463 5039 Δεσπότη.

284 5056 380 5111 ΙΔ’.
434 5058 495 5109 Ὀ
545 5056 606 5111 δὲ
684 5061 1017 5133 Ἀγριππῦνος
1064 5065 1376 5135 προσέταξεν
1439 5065 1806 5140 λωροτομηθῆ-

208 5165 294 5196 ναι
339 5148 495 5200 αὐτόν
562 5149 733 5201 εἰπών’
808 5152 865 5203 Ei
918 5154 1021 5227 ἄρα
1076 5152 1335 5225 βοηθήσει
1388 5156 1539 5209 αὐτόν
1595 5160 1619 5209 ὁ
1679 5162 1807 5221 Θεὸς

210 5234 286 5305 ἐφ’
331 5238 369 5306 ᾧ
418 5238 636 5305 ἐλπίζει,
687 5248 786 5290 τῶν
836 5237 894 5292 δε
926 5239 1217 5314 βασιλικῷν
1251 5234 1535 5309 διατάξεων
1577 5252 1664 5300 καὶ
1710 5258 1808 5300 τῶν

208 5326 471 5399 ἡμετέρων
524 5333 943 5402 προσταγμάτων
994 5342 1345 5408 καταφρονῶν.
1406 5341 1500 5388 Καὶ
1579 5339 1604 5388 ὁ
1669 5340 1811 5410 ἅγιος

208 5414 426 5469 Πλάτων
506 5418 739 5483 ἀκούσας
817 5429 985 5475 ταῦτα
1042 5424 1195 5476 εἶπεν
1275 5422 1645 5497 ⁸Αναιδέστοιτιε
1721 5441 1809 5489 καὶ

286 5607 336 5640 ¹²
366 5605 517 5663 Psal.
544 5624 673 5678 rm,
708 5614 794 5675 Η,
831 5615 918 5668 t2.
1040 5614 1089 5649 ¹⁸
1120 5614 1267 5672 Psal.
1300 5632 1530 5685 Lxxvui,
1573 5622 1653 5676 IO.

1911 1854 2008 1908 Dei
2052 1851 2355 1914 cultorem,
2392 1854 2567 1903 necut
2630 1848 2757 1918 ejus
2809 1847 3045 1902 decreta
3105 1848 3396 1913 deseram,
3471 1866 3566 1904 me

1912 1957 2089 2013 posse
2130 1941 2188 1994 in
2249 1938 2521 1993 animum
2559 1937 2858 2002 inducere,
2920 1953 3022 1992 nec
3054 1942 3113 1991 ut
3155 1953 3255 1992 eos
3298 1938 3563 2006 adorem,

1910 2031 2015 2103 qui
2046 2035 2267 2084 temere
2315 2043 2537 2083 nomen
2592 2026 2814 2081 habent
2871 2026 3142 2092 deorum,
3195 2032 3333 2082 sunt
3371 2033 3565 2083 autem

1911 2118 2247 2177 adulterina
2259 2124 2314 2173 et
2330 2116 2695 2173 exsecranda
2712 2114 3049 2170 simulacra.
3061 2115 3169 2171 Sed
3185 2131 3305 2171 non
3319 2117 3567 2171 cessabo

1913 2212 1975 2266 in
2003 2210 2129 2265 dies
2174 2207 2410 2264 assidue
2441 2210 2558 2261 Deo
2591 2222 2724 2261 meo
2756 2204 3062 2276 procidere
3117 2210 3172 2259 et
3211 2221 3342 2260 eum
3374 2220 3566 2269 orare,

1914 2305 1977 2355 ut
2007 2300 2262 2356 salutem
2295 2297 2371 2354 ab
2402 2312 2472 2351 eo
2499 2310 2850 2366 consequar.
2887 2292 2973 2348 Tu
3004 2300 3221 2359 autem,
3248 2294 3569 2366 Agrippine

1914 2394 2183 2461 tyranne,
2238 2387 2409 2442 vanis
2452 2384 2666 2441 afﬁxus
2696 2381 3050 2447 simulacris,
3084 2386 3141 2437 et
3180 2398 3214 2438 a
3276 2387 3440 2454 patre
3470 2388 3571 2439 tuo

1912 2480 2128 2535 Satana
2142 2478 2399 2549 privatus
2415 2481 2628 2539 mente,
2650 2490 2780 2543 quae
2800 2478 2851 2528 te
2866 2471 3135 2528 trahebat
3157 2471 3232 2526 ad
3256 2473 3353 2527 Dei
3368 2472 3571 2542 cogni-

1914 2569 2158 2633 tionem,
2186 2571 2242 2621 et
2275 2569 2426 2620 totus
2448 2562 2723 2618 redactus
2752 2562 2812 2615 in
2841 2562 2968 2631 ejus
3000 2563 3374 2631 potestatem,
3411 2566 3467 2615 et
3494 2561 3571 2617 ad

1912 2656 2075 2711 viam
2128 2654 2257 2709 vitae
2284 2651 2488 2707 nolens
2521 2647 2862 2717 ascendere,
2895 2649 2953 2702 iu
2984 2653 3270 2702 aeternum
3304 2648 3568 2718 punieris

1915 2762 1951 2803 a
1982 2749 2116 2809 Deo,
2155 2743 2258 2816 qui
2294 2740 2436 2797 mihi
2464 2740 2569 2795 fert
2593 2754 2790 2810 opem.
2828 2736 3016 2803 Quem
3048 2736 3410 2791 contumelia
3436 2734 3567 2791 afﬁ-

1915 2836 2095 2899 ciens,
2138 2834 2265 2904 ejus
2297 2846 2500 2887 servos
2532 2827 2702 2884 variis
2744 2826 3048 2882 tormentis
3080 2825 3331 2895 subjicis
3356 2824 3572 2890 ,existi-

1915 2940 2090 2980 mans
2119 2930 2169 2978 te
2204 2927 2567 2977 mutaturum
2584 2933 2791 2975 eorum
2810 2918 3029 2970 bonum
3065 2912 3125 2969 in
3151 2917 3333 2969 Deum
3358 2929 3566 2986 pr0po-

1918 3015 2120 3070 situm.

1990 3193 2126 3249 XIII.
2157 3189 2517 3262 Agrippinus
2545 3187 2726 3243 dixit:
2759 3185 2921 3250 Vide,
2961 3184 3137 3249 Plato,
3170 3199 3357 3256 quam
3390 3183 3574 3238 multa

1920 3284 2024 3339 sivi
2040 3289 2090 3337 te
2112 3284 2431 3350 nugantem
2459 3276 2636 3333 stulta
2668 3275 2882 3331 dicere.
2915 3273 3027 3330 Sed
3052 3272 3158 3328 etsi
3188 3272 3268 3327 sis
3290 3273 3571 3345 indignus

1918 3372 2134 3429 nostris
2166 3367 2545 3425 sermonibus
2571 3370 2807 3438 propter
2838 3368 3001 3419 tuam
3041 3362 3356 3417 audaciam
3389 3368 3446 3417 et
3475 3376 3575 3417 cor

1918 3460 2311 3526 immutabile,
2352 3456 2493 3512 audi
2545 3453 2711 3526 quod
2760 3452 2856 3507 tibi
2918 3452 3090 3507 dico:
3152 3452 3312 3521 Saepe
3372 3449 3571 3505 audivi

1920 3552 2105 3607 multa
2165 3546 2456 3620 ejusmodi
2490 3544 2569 3600 ab
2599 3544 2669 3598 iis
2709 3542 2810 3614 qui
2843 3541 3201 3597 conﬁtentur
3241 3538 3569 3601 Galilmum,

1916 3656 2026 3696 nec
2059 3640 2208 3696 ullus
2248 3636 2486 3693 recessit
2517 3632 2691 3688 vivus
2734 3648 2769 3686 a
2796 3629 2937 3684 meis
2966 3629 3268 3692 manibus,
3306 3627 3417 3681 nisi
3452 3642 3574 3696 per-

1917 3746 2131 3785 suasus
2161 3727 2231 3783 sit
2283 3732 2340 3782 et
2381 3722 2748 3779 sacriﬁcarit.
2812 3720 2866 3775 Si
2899 3733 3038 3788 ergo
3100 3732 3221 3771 non
3280 3715 3371 3769 vis
3430 3714 3574 3769 mihi

1916 3834 2146 3875 morem
2179 3831 2400 3886 gerere,
2442 3820 2497 3868 et
2533 3812 2647 3866 diis
2692 3808 3047 3873 sacriﬁcare,
3108 3806 3242 3860 vide
3295 3802 3443 3875 quid
3495 3802 3574 3856 sis

1915 3908 2318 3980 passurus.Te
2348 3901 2510 3958 enim
2544 3899 2728 3955 multa
2760 3902 3001 3952 manent
3030 3898 3344 3957 tormenta,
3379 3892 3423 3946 si
3452 3907 3573 3946 non

1915 3979 2214 4055 audiveris
2229 4010 2323 4051 me
2336 3992 2439 4049 tibi
2455 3990 2872 4047 consulentem.
2892 3988 3141 4043 Sanctus
3157 3988 3347 4040 autem
3362 3979 3575 4035 Christi

1917 4094 2139 4159 martyr
2156 4087 2313 4141 Plato
2344 4082 2490 4139 dixit
2514 4098 2526 4136 :
2556 4078 2758 4134 Infelix
2779 4083 2833 4133 et
2859 4076 3206 4141 inhumane,
3223 4078 3279 4128 et
3300 4069 3575 4159 homines

1913 4177 2146 4233 habens
2164 4175 2324 4244 odio,
2342 4179 2397 4229 et
2409 4175 2617 4228 auctor
2629 4185 2697 4225 ac
2718 4168 2993 4239 princeps
3008 4164 3203 4221 omnis
3220 4158 3574 4233 iniquitatis,

1915 4282 1950 4322 a
1974 4267 2091 4320 Deo
2121 4264 2313 4321 aliene
2344 4269 2398 4318 et
2428 4259 2697 4316 minister
2728 4260 2976 4321 Satanae,
3010 4259 3065 4309 et
3090 4254 3279 4309 haeres
3301 4250 3455 4320 ignis
3481 4264 3577 4319 ge-

1911 4355 2146 4425 hennae,
2175 4359 2231 4410 et
2261 4353 2440 4422 digne
2470 4349 2634 4407 omni
2665 4346 2937 4419 suplicio,
2972 4359 3093 4398 non
3120 4358 3215 4397 me
3236 4343 3454 4397 terrent
3478 4342 3579 4394 tua

1913 4446 2117 4511 verba,
2152 4460 2258 4499 nec
2290 4442 2472 4499 minas
2504 4439 2645 4495 mihi
2677 4437 3057 4510 persuadent.
3089 4434 3245 4488 Meus
3276 4429 3437 4485 enim
3472 4430 3579 4483 Do-

1916 4536 2117 4591 minus
2149 4549 2255 4605 pro
2272 4548 2365 4589 me
2387 4548 2564 4588 suum
2581 4527 2785 4585 effudit
2803 4524 3179 4595 sanguinem,
3202 4524 3261 4576 ut
3280 4517 3572 4574 mundum

1914 4624 2229 4680 redimeret
2257 4626 2333 4678 ab
2365 4620 2527 4677 omni
2549 4618 2857 4692 iniquitate
2892 4634 2903 4670 :
2938 4618 3164 4686 quanto
3217 4608 3407 4694 magis
3467 4621 3579 4661 nos

1917 4720 2253 4786 peccatores
2292 4712 2580 4766 debemus
2613 4725 2718 4781 pro
2741 4710 2867 4779 ipso
2911 4704 3082 4767 mori,
3121 4706 3180 4755 ut
3200 4699 3291 4755 vel
3320 4711 3425 4768 per
3462 4695 3578 4786 hoc

1916 4784 2068 4875 grati
2101 4808 2155 4857 et
2186 4802 2456 4857 beneﬁcii
2494 4814 2786 4855 memores
2815 4792 3263 4864 conspiciamur
3318 4784 3575 4841 Domino

1914 4898 2119 4950 nostro
2143 4893 2172 4946 J
2178 4908 2280 4946 esu
2313 4890 2559 4947 Christo.

1989 5071 2128 5127 XIV.
2163 5069 2429 5125 Vicarius
2461 5072 2659 5124 autem
2690 5063 3053 5136 Agrippinus
3084 5078 3222 5117 cum
3254 5060 3380 5117 haec
3413 5058 3578 5115 audi-

1919 5162 2119 5226 visset,
2179 5165 2233 5215 et
2314 5174 2536 5227 magno
2594 5157 2791 5211 furore
2862 5160 3017 5209 esset
3078 5152 3354 5224 percitus,
3406 5150 3580 5219 jussit

1921 5267 2059 5307 eum
2111 5248 2260 5305 caedi
2286 5248 2446 5311 loris,
2501 5245 2746 5301 dicens:
2807 5241 3131 5298 Videamus
3178 5256 3256 5295 an
3316 5243 3470 5294 Deus
3506 5239 3579 5294 sit

1922 5341 1973 5396 ei
2026 5354 2200 5411 Opem
2257 5338 2507 5401 laturus,
2568 5336 2629 5389 in
2675 5350 2795 5406 quo
2855 5347 3100 5405 sperans
3159 5326 3577 5401 imperatorias

1923 5428 2368 5487 constitutiones
2399 5424 2720 5483 contemnit
2748 5429 2802 5479 et
2852 5426 3058 5478 nostra
3082 5420 3274 5491 jussa.
3325 5417 3579 5474 Sanctus
