4034 6206
540 282 643 343 4719

1953 285 2212 342 MENSIS
2250 281 2517 343 JULIUS.
3798 283 3893 341 420

544 416 743 467 autem
776 411 959 477 Plato,
992 410 1086 466 bis
1114 412 1352 479 auditis,
1382 413 1530 470 dixit
1560 434 1573 470 :
1604 413 2126 486 Impudentissime
2153 422 2194 467 e1

2316 417 2606 483 μιαρώτατε
2682 412 2817 461 κύων
2881 414 2970 461 καὶ
3027 407 3288 481 βασάνων.
3340 411 3617 482 κακουργε,
3676 408 3897 469 ἐπινοητίι

543 501 992 556 sceleratissime
1013 501 1198 567 canis,
1232 519 1524 558 novorum
1555 508 1980 560 tormentorum
2005 503 2199 557 inven-

542 593 634 645 tor
672 595 728 645 et
758 591 1116 657 excogitator
1149 591 1468 661 Agrippine
1504 609 1515 645 :
1570 594 1989 648 convenienter
2044 590 2201 645 enim

544 687 643 734 tuo
662 677 844 733 animi
870 677 1065 733 studio
1088 684 1142 733 et
1162 679 1424 735 instituto
1446 680 1553 736 fuit
1584 684 1655 736 ab
1678 681 1841 736 initio
1858 681 1957 736 tibi
1984 695 2203 735 nomen

542 768 910 838 impositum.
937 770 1007 821 Es
1032 769 1187 823 enim
1202 771 1454 838 agrestis
1477 770 1721 842 quidam
1745 770 1945 841 lupus,
1974 769 2201 825 eteﬂ're'

542 862 718 911 natus
761 861 1047 928 tanquam
1080 874 1265 928 equus
1294 858 1645 925 indomitus,
1692 876 1793 914 eos
1822 858 2201 930 praecipitans

541 945 639 1015 qui
684 951 1017 1016 sequuntur
1056 946 1468 1017 impudentem
1532 953 1590 1002 et
1639 948 1988 1003 sceleratam
2031 952 2197 1003 tuam

542 1040 825 1089 mentem.
870 1034 1033 1090 Miser
1080 1038 1137 1089 et
1188 1035 1411 1100 infelix,
1459 1053 1597 1091 esne
1675 1037 1827 1092 adeo
1883 1036 2093 1091 stultus
2145 1040 2202 1091 et

538 1123 842 1194 insipiens,
878 1130 933 1178 et
982 1130 1309 1181 excaecatus
1340 1142 1375 1181 a
1421 1131 1587 1197 patre
1628 1132 1727 1182 tuo
1775 1128 1994 1182 Satana
2022 1126 2049 1180 ?
2073 1129 2197 1181 Non

541 1213 725 1277 vides,
758 1214 1275 1284 quemadmodum
1328 1214 1586 1270 Christus
1637 1215 1781 1271 mihi
1811 1216 1867 1270 in
1902 1214 2199 1287 prioribus

540 1301 733 1357 adfuit
763 1302 1205 1367 tentationibus,
1240 1308 1296 1358 et
1325 1319 1485 1359 nunc
1516 1320 1758 1376 quoque
1789 1304 1973 1369 adest,
1997 1304 2199 1359 levans

542 1406 709 1446 meos
759 1391 1010 1458 labores,
1071 1400 1125 1447 et
1179 1408 1394 1449 curans
1450 1393 1765 1465 plagarum
1814 1398 2007 1462 notas,
2062 1410 2198 1465 quae

544 1497 580 1537 a
610 1486 662 1535 te
694 1481 833 1535 mihi
861 1481 1286 1552 imprimuntur
1320 1498 1332 1548 ;
1366 1490 1440 1545 et,
1485 1488 1546 1537 ut
1577 1482 1761 1538 semel
1799 1482 2017 1551 dicam,
2050 1498 2200 1537 nun-

541 1585 725 1641 quam
758 1570 988 1641 reliquit
1009 1586 1111 1625 eos
1131 1571 1232 1642 qui
1249 1570 1362 1642 ipsi
1386 1571 1693 1628 serviunt?
1716 1572 1831 1627 Fac
1851 1587 1992 1641 ergo
2014 1587 2199 1643 quam

542 1658 842 1713 celerrime
871 1674 940 1713 ea
969 1675 1099 1730 quae
1156 1665 1255 1714 tuo
1306 1659 1513 1716 sedent
1555 1661 1777 1724 animo,
1833 1664 1897 1715 ut
1948 1675 2053 1731 per
2084 1664 2202 1716 tor-

2313 503 2619 574 Ἀγριππίνε
2653 499 2663 552 Ῐ
2700 503 2825 572 πρός
2865 502 2966 573 γὰρ
3026 502 3112 556 τὴν
3154 502 3461 570 προαίρεσιν
3512 503 3606 555 τὴν
3653 498 3700 560 ἐξ
3739 498 3896 574 ἀρχῆς

2314 589 2518 647 ἐπετέθη
2569 609 2655 641 σοι
2707 593 2795 640 καὶ
2844 591 2911 639 τὰ
2963 588 3142 658 ὁνομα·
3191 589 3369 659 ἄγριος
3417 591 3521 660 γήρ
3571 606 3641 647 τις
3683 591 3894 663 καθάπερ

2316 681 2469 740 ῖππος
2521 680 2801 751 ὑπάρχεις,
2856 676 3179 748 ἀχαλίνωτος
3235 680 3525 750 κρεμνίζων
3573 680 3684 736 τοὺς
3738 679 3895 739 ἐξακοο

2311 768 2618 827 λουθοῦντας
2647 775 2707 838 τῇ
2760 770 3014 838 μιαιφόνῳ
3063 785 3155 817 σου
3204 770 3407 837 γνώμη.
3462 772 3715 817 Τοσοῦτον
3744 768 3888 840 ύπάρ-

2310 876 2422 928 χεις
2465 858 2638 927 ἄφρων
2690 860 2779 907 καὶ
2834 854 3126 927 ἐτυφλώθης
3183 857 3325 925 παρά
3383 860 3476 905 τοῦ
3534 858 3723 929 πατρός
3788 876 3889 922 σου,

2310 953 2400 998 τοῦ
2427 952 2647 1008 Σατανᾶ,
2688 950 2777 997 καὶ
2809 945 2913 1017 ούχ
2944 946 3068 1017 ὁρᾷς
3111 952 3217 1004 πῶς
3260 948 3351 994 xui
3404 942 3452 994 ἐν
3493 950 3602 1005 τοῖς
3646 950 3893 1019 προτέροις

2308 1039 2539 1110 παρέστη
2594 1052 2702 1107 μοι’
2758 1038 2847 1086 καὶ
2906 1032 2952 1085 ἐν
3003 1040 3106 1093 τοῖς
3161 1030 3427 1106 δευτέροις
3485 1028 3544 1085 δὲ
3591 1036 3892 1107 παρέστηκεν

2310 1126 2335 1176 ό
2366 1127 2609 1196 Χριστὸς,
2664 1122 3009 1195 ἐπικουφίζων
3058 1125 3180 1183 τοὺς
3231 1126 3416 1181 πόνους
3482 1127 3571 1173 καὶ
3628 1124 3894 1195 θεραπεύων

2309 1218 2428 1275 τούς
2464 1216 2607 1288 παρὰ
2664 1217 2749 1265 σοί
2821 1232 2909 1284 μοι
2955 1216 3257 1284 γενομένους
3296 1219 3396 1263 τῶν
3449 1210 3661 1280 πληγῶν
3707 1218 3892 1278 τόπους,

2309 1309 2397 1355 καὶ
2447 1303 2617 1364 ἁπλῶς
2663 1302 2780 1375 ἐρῶ,
2843 1298 3095 1354 οὐδέποτε
3142 1300 3528 1372 καταλιμπάνει
3588 1305 3703 1363 τούς
3753 1302 3893 1355 αὐτοῦ

2313 1390 2550 1454 δούλους.
2609 1397 2750 1443 Ποίει
2798 1389 2885 1443 οὖν
2933 1393 2997 1443 τὰ
3050 1389 3417 1465 παριστάμενά
3459 1408 3544 1441 σοι
3594 1388 3640 1441 ἐν
3690 1393 3888 1453 τούτοις.

2314 1484 2394 1534 ἵνα
2431 1486 2519 1533 καὶ
2572 1477 2664 1534 διὰ
2721 1488 2820 1532 τῶν
2879 1478 3125 1552 βασάνων
3191 1488 3291 1530 τῶν
3344 1483 3766 1551 προσφερομένων
3816 1500 3892 1552 μοι

2310 1576 2399 1624 καὶ
2454 1579 2551 1623 τῶν
2605 1571 2865 1642 αἰκισμῶν
2929 1575 3104 1641 γνώσῃ
3157 1572 3243 1620 τόν
3301 1566 3603 1640 βοηθοῦντα
3664 1573 3887 1643 Χριστόν,

2311 1664 2397 1713 τόν
2440 1662 2581 1735 παρὰ
2622 1669 2716 1719 τῆς
2765 1667 2857 1719 σῆς
2916 1660 3201 1730 Θεομάχου
3245 1657 3484 1728 γλώττης
3526 1664 3612 1709 νῦν
3638 1656 3889 1732 ὑϐριζόμε-

539 1752 761 1815 menta,
795 1764 928 1819 quae
989 1748 1128 1802 mihi
1184 1750 1535 1817 inferuntur,
1570 1756 1626 1806 et
1654 1750 1932 1822 indignas
1966 1750 2194 1822 plagas,

2310 1771 2413 1803 νον.
2454 1749 2582 1820 Ἐγὼ
2630 1752 2729 1822 γὰρ
2785 1750 2895 1820 ἔχω
2939 1751 3032 1805 τὴν
3065 1749 3226 1799 αὑτοῦ
3266 1745 3519 1819 βοήθειαν
3567 1744 3909 1821 συνεργοῦσὼί

539 1851 869 1905 cognoscas
913 1837 1203 1893 Christum
1234 1838 1377 1893 mihi
1409 1855 1584 1911 opem
1618 1839 1789 1907 ferre,
1844 1840 1947 1911 qui
1991 1856 2027 1895 a
2075 1846 2197 1907 tua,

538 1941 671 1997 quae
703 1941 835 1981 cum
864 1928 981 1982 Deo
1008 1932 1254 1998 pugnat,
1283 1927 1487 1998 lingua
1527 1945 1685 1983 nunc
1718 1928 1971 1984 afﬁcitur
1992 1936 2202 1986 contu-

2311 1859 2419 1912 μοι,
2463 1843 2552 1890 καὶ
2609 1838 2667 1890 ού
2714 1836 3086 1909 φοϐηθήσομαί
3132 1855 3227 1888 σου
3279 1840 3370 1898 τὰς
3417 1835 3632 1898 ἀπειλὰς
3676 1843 3758 1889 καὶ
3812 1842 3889 1900 τὰς

2310 1933 2580 2001 τιμωρίας.

538 2014 735 2069 melia.
762 2014 883 2085 Ego
904 2018 1062 2070 enim
1088 2032 1324 2087 semper
1346 2017 1574 2072 habens
1606 2033 1804 2088 opem,
1830 2034 1965 2090 quae
1983 2019 2061 2075 ab
2080 2036 2149 2077 eo
2171 2019 2315 2077 mihi
2348 2018 2549 2083 fertur,
2574 2031 2694 2072 non
2717 2015 2937 2072 timebo
2958 2019 3093 2070 tuas
3111 2014 3325 2081 minas,
3352 2030 3549 2087 neque
3566 2016 3748 2069 varios
3769 2018 3885 2068 tuos

539 2104 854 2158 cruciatus.

609 2194 716 2246 XV.
752 2193 988 2247 Ministri
1029 2198 1227 2249 autem
1270 2196 1497 2250 Satanze
1538 2196 1653 2250 cito
1702 2194 1967 2251 fecerunt
2014 2196 2200 2270 impe-

538 2282 684 2348 rata,
728 2282 783 2333 et
812 2280 1264 2351 quamprimum
1326 2289 1607 2354 tanquam
1663 2284 1993 2340 inanimam
2061 2302 2198 2342 eum

538 2373 845 2437 tangentes
874 2374 1153 2436 statuam,
1196 2372 1375 2426 sancti
1418 2372 1689 2428 membra
1727 2374 2199 2431 conscindebant

538 2454 1098 2521 immisericorditer,
1134 2459 1482 2530 incipientes
1513 2460 1591 2516 ab
1630 2462 1913 2517 humeris.
1947 2465 2198 2520 Sanctus

538 2549 734 2601 autem
757 2544 920 2601 Plato
946 2546 1211 2603 dicebat:
1251 2549 1615 2617 Exspectans
1646 2554 1986 2620 exspectavi
2002 2554 2197 2609 Domi-

538 2649 702 2700 num,
736 2649 786 2689 et
820 2636 1078 2691 intendit
1107 2638 1257 2692 mihi
1281 2645 1335 2693 et
1385 2639 1695 2695 exaudivit
1723 2640 2197 2709 deprecationem

536 2738 724 2779 meam
784 2724 851 2778 1‘.
909 2725 1127 2781 Omnes
1195 2731 1395 2783 autem
1465 2729 1571 2800 qui
1636 2744 1773 2784 eum
1824 2730 2198 2803 aspiciebant

537 2828 691 2882 tegre
732 2813 1000 2870 ferebant
1039 2822 1278 2887 propter
1317 2816 1371 2872 ei
1400 2817 1630 2873 illatum
1670 2819 2019 2875 cruciatum.
2065 2824 2198 2876 Erat

538 2904 695 2957 enim
753 2904 1113 2976 Agrippinus
1177 2922 1358 2977 supra
1414 2908 1663 2962 modum
1723 2908 2088 2965 inhumanus
2142 2914 2198 2965 et

536 2991 715 3062 plane
756 2992 933 3047 ferus.
983 2995 1264 3065 Egregius
1308 3012 1443 3050 vero
1495 2996 1705 3052 Christi
1746 2998 1968 3053 athleta
2009 2999 2192 3065 Plato,

536 3085 825 3151 tanquam
844 3087 1019 3136 turris
1037 3084 1317 3153 quaedam
1334 3100 1468 3154 quae
1488 3085 1779 3154 pulsatur,
1800 3087 2195 3142 inconcussus

534 3186 784 3225 manens
799 3171 1150 3225 etimmotus
1166 3177 1406 3242 propter
1419 3190 1591 3228 suam
1605 3174 1786 3229 ﬁdem
1802 3176 1861 3230 in
1875 3176 2187 3242 Christum,

536 3259 594 3314 in
620 3259 838 3314 somnis
856 3260 1275 3330 quodammodo
1291 3263 1547 3333 torqueri
1566 3264 2017 3321 videbatur.Hoc
2037 3266 2194 3321 enim

534 3353 897 3404 tormentum
928 3364 1045 3404 non
1078 3349 1428 3414 formidans,
1465 3367 1659 3423 neque
1699 3352 1771 3409 ab
1803 3369 1873 3409 eo
1910 3354 2196 3426 obstupe-

532 3435 745 3503 factus,
770 3454 888 3493 non
913 3437 1109 3494 solum
1136 3438 1352 3511 pusillo
1374 3445 1428 3495 et
1445 3440 1677 3510 abjecto
1704 3443 1908 3499 animo
1929 3459 2051 3499 non
2074 3460 2196 3499 ces-

534 3527 607 3582 sit
649 3544 660 3581 :
696 3527 799 3582 sed
831 3544 892 3583 se
924 3528 1248 3584 ostendens
1280 3531 1764 3599 magnanimum,
1787 3531 1981 3588 lorum
2010 3549 2197 3589 unum

533 3633 563 3672 e
593 3633 697 3672 suo
726 3616 905 3672 latere
935 3617 1209 3673 evulsum
1263 3620 1429 3674 exiis
1483 3637 1617 3692 quae
1670 3622 1904 3677 lictores
1960 3639 2029 3677 ex
2070 3623 2198 3694 ejus

532 3722 780 3779 corpore
828 3707 1284 3775 abscindebant,
1330 3709 1580 3781 projecit
1631 3717 1767 3767 ante
1808 3710 2069 3768 tribunal
2104 3715 2198 3783 ju-

530 3795 697 3861 dicis,
756 3795 957 3851 dicens
995 3811 1006 3850 :
1040 3797 1553 3854 Inhumanissime
1619 3805 1675 3855 et
1712 3801 1995 3856 omnibus
2062 3802 2196 3857 feris

530 3886 763 3955 saevior,
805 3893 948 3953 esto,
985 3903 1088 3943 cor
1126 3893 1297 3943 tuum
1352 3894 1442 3944 est
1492 3891 1644 3945 adeo
1694 3896 2077 3959 excaecatum,
2136 3896 2199 3947 ut

528 3979 714 4033 Deum
738 3992 857 4032 non
882 3992 1202 4046 agnoscas,
1255 3980 1358 4049 qui
1387 3978 1464 4034 ad
1510 3996 1681 4035 suam
1726 3996 1834 4035 nos
1864 3980 2018 4046 fecit,
2052 3981 2196 4037 ima-

530 4066 727 4135 ginem
760 4083 771 4121 :
807 4067 1114 4138 quomodo
1146 4083 1266 4123 non
1296 4067 1595 4123 misereris
1647 4069 1926 4141 corporis,
1985 4070 2194 4127 iisdem

529 4155 747 4227 quibus
772 4158 856 4223 tu,
886 4156 1127 4211 obnoxii
1157 4156 1667 4229 perpessionibus,
1712 4158 1875 4229 quod
1897 4158 2194 4215 membra-

529 4244 635 4297 tim
654 4244 1083 4299 conscinditur:
1108 4245 1213 4300 sed
1234 4246 1336 4300 tibi
1355 4250 1442 4300 est
1462 4245 1748 4318 voluptati
1778 4246 2187 4303 membrorum

529 4347 799 4387 meorum
834 4331 1159 4389 dissectio?
1208 4334 1342 4389 Haec
1381 4338 1583 4389 autem
1624 4334 1778 4405 dico,
1828 4352 1949 4392 non
1997 4342 2059 4393 ut
2087 4336 2191 4409 qui

526 4420 757 4491 fugiam
798 4422 951 4477 mori
990 4439 1097 4493 pro
1140 4423 1375 4494 pietate,
1419 4423 1522 4478 sed
1567 4423 1979 4481 crudelitatem
2022 4433 2187 4482 tuam
2225 4459 2267 4512 η

528 4516 584 4566 et
613 4510 1113 4568 inhumanitatem
1158 4512 1408 4569 reddam
1456 4512 1738 4569 omnibus
1787 4514 2186 4571 manifestam.

527 4602 646 4670 Ego
686 4601 844 4655 enim
878 4608 1116 4673 propter
1144 4603 1441 4658 Christum
1468 4619 1669 4659 meum
1711 4603 1961 4660 libenter
1998 4605 2192 4677 patior

527 4689 733 4745 omnia
770 4690 949 4757 mala,
983 4708 1118 4763 quae
1148 4692 1293 4747 mihi
1324 4709 1359 4748 a
1390 4698 1443 4747 te
1475 4692 1827 4759 inferuntur,
1856 4699 1911 4750 et
1939 4694 2191 4750 libenter

528 4780 789 4835 sustineo
820 4780 1095 4836 dolorum
1128 4782 1533 4851 acerbitatem,
1565 4788 1627 4837 ut
1652 4783 1711 4839 in
1744 4784 1942 4840 futuro
1972 4785 2190 4841 saaculo

527 4874 809 4924 aeternam
844 4870 1146 4926 inveniam
1178 4871 1463 4944 requiem.
1506 4875 1587 4928 Tu
1620 4878 1840 4939 autem,
1892 4890 1927 4929 ο
1983 4874 2188 4930 crude-

526 4958 749 5014 lissime
788 4964 845 5014 et
874 4960 1307 5017 immanissime
1347 4962 1551 5028 homo,
1596 4967 1838 5033 accepta
1889 4963 2037 5035 pelle
2071 4960 2183 5020 mei

526 5048 815 5121 corporis,
851 5065 985 5105 eam
1033 5050 1189 5105 habe
1249 5054 1459 5106 testem
1512 5057 1623 5107 tuae
1681 5050 2024 5122 impietatis,
2052 5068 2186 5123 quae

525 5144 581 5195 te
614 5139 809 5194 mitttit
841 5140 918 5194 ad
955 5145 1267 5208 mternum,
1309 5148 1363 5196 et
1401 5140 1566 5212 quod
1597 5157 1910 5213 nunquam
1946 5141 2183 5208 desinit,

528 5229 909 5299 supplicium,
952 5246 1089 5284 cum
1134 5229 1469 5286 simulacris
1510 5231 1627 5284 tuis
1670 5236 1724 5285 et
1779 5229 2178 5286 daemonibus.

528 5317 680 5371 Dixit
716 5320 1076 5390 Agrippinus
1111 5336 1123 5374 :
1154 5319 1267 5375 Cur
1297 5336 1359 5375 es
1398 5318 1709 5392 insipiens,
1753 5325 1809 5376 et
1843 5319 1978 5375 odio
2000 5321 2181 5377 habes

527 5409 697 5462 tuum
729 5423 967 5481 corpus,
992 5424 1026 5466 ο
1048 5408 1229 5477 Plato,
1254 5416 1308 5467 et
1338 5425 1461 5466 non
1491 5425 1684 5475 curas,
1705 5408 1871 5482 quod
1895 5408 2180 5467 intestina

602 5594 649 5635 υ
689 5593 840 5652 Psal.
883 5611 1013 5665 cxx,
1047 5602 1095 5665 1,
1130 5602 1182 5664 2,

2382 2195 2480 2251 IE'.
2538 2198 2603 2248 Οἱ
2652 2191 2711 2247 δὲ
2755 2196 3010 2269 ὑπηρέται
3068 2195 3250 2245 θᾶττον
3301 2192 3510 2246 ἐποίουν
3567 2195 3631 2245 τὰ
3684 2211 3885 2265 προσταο

2308 2287 2505 2356 χθέντα
2554 2283 2731 2344 αύτοῖς
2788 2288 2878 2334 καὶ
2960 2284 3088 2354 μετὰ
3153 2280 3345 2333 πολλοῦ
3415 2289 3509 2333 τοῦ
3574 2283 3782 2352 τάχους,
3831 2282 3885 2338 ὡς

2310 2374 2525 2446 ἀψύχου
2559 2369 2866 2447 ἀνδριάντος
2918 2371 3221 2443 ἁπτόμενοι,
3256 2369 3484 2432 ἀνηλεῶς
3514 2373 3579 2422 τὰ
3627 2377 3712 2421 τοῦ
3750 2368 3881 2439 ἁγίου

2307 2467 2609 2534 κατέτεμνόν
2667 2462 2792 2533 μέλη
2853 2459 2954 2512 ἀπὸ
3028 2468 3127 2512 τῶν
3177 2460 3328 2532 ὤμων
3390 2457 3687 2535 ἀρξάμενοι,
3749 2464 3786 2508 Ο
3833 2450 3882 2505 δὲ

2307 2553 2457 2623 ἅγιος
2533 2551 2744 2603 Πλάτων
2837 2550 3021 2621 ἔλεγενο

2311 2644 2519 2716 Κύριον,
2589 2645 2677 2692 καὶ
2742 2644 3039 2710 προσέσχεν
3119 2659 3210 2710 μοι
3284 2644 3377 2689 καὶ
3461 2638 3752 2696 εἰσήκουσεν
3804 2640 3879 2691 τῆς

2309 2728 2528 2791 δεήσεως
2592 2750 2713 2802 μου.
2785 2734 2885 2782 Καὶ
2959 2729 3176 2788 ἅπαντες
3246 2729 3294 2780 οἱ
3365 2730 3663 2802 θεωροῦντες
3743 2724 3875 2776 αὐτόν

2308 2818 2701 2873 ἀπεὸυσπέτουν
2753 2815 2844 2871 διὰ
2888 2823 2979 2876 τὴν
3030 2823 3284 2891 τιμωρίαν
3333 2823 3431 2875 τὴν
3471 2816 3876 2890 προσενεχθεῖσαν

2307 2911 2462 2980 αύτῷ·
2536 2906 2596 2966 ἦν
2661 2911 2759 2981 γὰρ
2806 2910 2830 2960 ό
2884 2908 3223 2982 Ἀγριππῖνος
3280 2906 3696 2979 ὑπερϐαλλόντως
3741 2901 3875 2954 ἁπάν-

2310 3000 2527 3073 θρωπος.
2580 2997 2637 3049 Ὀ
2694 2994 2751 3049 δε
2780 3004 3008 3068 γενναῖος
3051 2993 3281 3056 ἀθλητὴς
3312 3004 3407 3047 τού
3460 3001 3686 3068 Χριστοῦ
3725 2995 3875 3061 ὥσπερ

2306 3107 2385 3149 τις
2437 3090 2635 3159 πύργος
2712 3085 3025 3158 βαλλόμενος
3080 3089 3169 3136 καὶ
3252 3083 3535 3144 ἀσάλευτος
3604 3086 3751 3155 μένων
3802 3082 3875 3129 καὶ

2306 3175 2702 3248 ἀμετακίνητος,
2757 3174 2804 3227 ἐν
2861 3175 3077 3248 ὀνείροις
3116 3170 3314 3227 ’ἐδόκει
3371 3172 3761 3247 βασανίζεσθαι·
3818 3171 3874 3239 μὴ

2307 3262 2580 3325 δειλιάσας
2626 3268 2726 3336 γὰρ
2778 3269 2869 3322 τὴν
2923 3262 3155 3335 βάσανον
3202 3265 3402 3321 ταύτην
3456 3258 3593 3334 μηδὲ
3646 3256 3878 3311 καταπλα-

2304 3359 2409 3425 γεὶς
2456 3354 2541 3405 ὑπ’
2596 3353 2775 3419 αύτῆς,
2824 3353 2881 3405 ού
2943 3357 3095 3425 μόνον
3152 3352 3249 3404 ούά
3277 3348 3522 3404 ἐνέδωκεν
3567 3350 3871 3421 ὀλιγωρήσας,

2307 3442 2436 3495 ἀλλά
2484 3445 2581 3516 γὰρ
2646 3448 2736 3496 καὶ
2788 3442 3262 3515 μεγαλοψυχήσας,
3318 3440 3484 3515 λῶρον
3541 3442 3622 3493 ἕνα
3664 3436 3872 3490 ἀποσπά-

2309 3552 2405 3594 σας
2460 3531 2509 3583 ἐκ
2592 3540 2688 3593 τῆς
2739 3532 2897 3584 αὑτοῦ
2948 3532 3172 3603 πλευρᾶς
3219 3532 3271 3583 ὃν
3325 3534 3376 3583 οἱ
3446 3528 3629 3602 δήμιοι
3695 3527 3870 3597 ἔτεμνον

2306 3621 2406 3673 ἀπὸ
2455 3630 2544 3673 τοῦ
2596 3628 2834 3693 σώματος
2887 3621 3062 3683 αὐτοῦ,
3123 3619 3327 3694 ἔῤῥιψεν
3380 3622 3481 3693 πρὸ
3532 3626 3619 3670 τοῦ
3659 3616 3870 3690 βήματος

3031 3709 3087 3761 Ἀ
3097 3711 3503 3782 συμπαθέστατε
3566 3712 3648 3759 καὶ
3693 3706 3869 3757 πάντων

3128 2549 3247 2602 Ὑπο
3252 2552 3416 2621 μένων
3497 2550 3733 2620 ὑπέμεινα
3806 2563 3879 2596 τον

2306 3719 2395 3763 τοῦ
2456 3710 2712 3764 δικαστοῦ
2773 3712 2949 3782 λέγων·

2310 3803 2499 3875 θηρίων
2542 3800 2848 3875 ἀγριώτατε,
2882 3802 2911 3858 ἡ
2974 3795 3171 3874 καρδία
3222 3818 3318 3851 σου
3371 3799 3531 3859 οὕτως
3570 3800 3867 3867 πεπὼρωται,

2305 3894 2510 3943 καὶτὸν
2544 3893 2671 3942 Θεὸν
2717 3890 2809 3941 ούκ
2854 3888 3234 3961 ἐπιγινώσκεις,
3285 3892 3374 3939 τόν
3428 3892 3517 3939 καὶ
3560 3886 3719 3939 εἰκόνα
3756 3877 3869 3932 ἰδίου

2305 3981 2443 4050 ἡμᾶς
2522 3983 2844 4036 πεποιηκότα
2905 3987 3014 4039 πῶς
3087 3974 3209 4029 οὐδὲ
3277 3980 3334 4029 τό
3394 3976 3695 4049 ὁμοιοπαθὲς
3744 3978 3872 4040 σῶμα

2304 4069 2571 4143 οἰκτείρεις
2615 4070 2750 4120 κατά
2800 4071 2953 4142 μέρος
3006 4071 3205 4139 τέμνον³
3270 4070 3449 4140 τέρπει
3500 4084 3554 4117 σε
3591 4066 3618 4122 ἠ
3670 4070 3759 4114 τῶν
3800 4075 3869 4128 με·

2302 4157 2399 4209 λῶν
2443 4178 2543 4229 μου
2597 4162 2862 4215 κατακοπὴ
2902 4174 2914 4223 ;
2948 4164 3125 4209 Ταῦτα
3157 4152 3215 4207 δὲ
3261 4155 3417 4226 λέγω,
3469 4155 3571 4225 ούχ
3618 4155 3677 4211 ὡς
3703 4152 3870 4222 φεύγων

2302 4250 2358 4299 τό
2425 4248 2550 4319 ύπερ
2631 4246 2889 4308 εὐσεϐείας
2944 4245 3237 4311 ἀποθανεῖν,
3298 4242 3429 4296 ἀλλὰ
3484 4248 3575 4302 τὴν
3625 4246 3715 4298 σὴν
3758 4237 3869 4307 ὠμό-

2300 4356 2435 4395 τητα
2477 4342 2639 4389 πᾶσιν
2688 4345 2846 4388 ποιῶν
2894 4331 3216 4392 κατάδηλον·
3280 4334 3392 4386 ἐπεὶ
3441 4342 3546 4395 πῶς
3592 4327 3743 4388 ἡδέως
3792 4321 3868 4376 διὰ

2301 4429 2386 4478 τόν
2435 4428 2663 4498 Χριστόν
2718 4428 2917 4497 πάσχω
2965 4429 3055 4476 xui
3121 4426 3185 4475 τὰ
3238 4427 3380 4497 παρα
3460 4429 3553 4474 σοῦ
3622 4418 3868 4489 ἓναγόμενα

2300 4516 2534 4587 ὑπομένω
2588 4519 2681 4573 τὴν
2728 4522 2827 4565 τῶν
2894 4517 3059 4565 πόνων
3115 4509 3392 4569 δεινότητα
3461 4511 3517 4563 ού
3575 4511 3751 4581 φεύγω,
3798 4504 3865 4553 ἵνα

2300 4604 2349 4656 ἐν
2408 4614 2477 4676 τῷ
2538 4604 2771 4676 μέλλοντι
2825 4604 2972 4655 αἰῶνι
3034 4607 3125 4661 τὴν
3184 4601 3356 4654 ἄνεσιν
3411 4601 3557 4676 εὕρω·
3602 4600 3661 4649 σύ
3700 4591 3753 4647 δε
3789 4590 3862 4642 ἀπ’

2299 4699 2560 4760 ηνέστατε,
2624 4692 2902 4765 δεξάμενος
2962 4697 3054 4751 τὴν
3121 4700 3211 4744 τοῦ
3274 4696 3515 4764 σώματός
3569 4707 3665 4760 μου
3704 4680 3858 4756 δορὰν,

2298 4788 2539 4857 μάρτυρα
2614 4792 2703 4844 τῆς
2786 4781 3025 4844 ἀσεϐείας
3094 4783 3254 4853 ἔχεις,
3331 4779 3631 4852 πέμπουσαν
3704 4791 3755 4825 σε
3804 4786 3861 4825 εις

2299 4873 2507 4925 αἰωνίαν
2548 4878 2636 4924 καὶ
2685 4870 3021 4929 ἀτελεύτητον
3075 4870 3288 4923 κόλασιν
3342 4871 3472 4941 μετὰ
3521 4875 3615 4918 τῶν
3661 4858 3858 4914 εἰδώλων

2301 4983 2417 5017 σου.
2479 4962 2815 5036 Ἀγριππῖνος
2868 4964 2981 5033 ἔφη·
3038 4960 3194 5013 Ἰνατί
3245 4958 3483 5018 ἀσύνετος
3538 4952 3597 5019 εἶ,
3641 4956 3722 5004 xui
3766 4965 3858 5018 ιμι·

2299 5072 2469 5114 σησας
2518 5055 2574 5103 τό
2630 5051 2815 5103 ἑαυτοῦ
2864 5060 3035 5123 σῶμα,
3090 5055 3178 5101 xui
3234 5049 3292 5101 ού
3344 5046 3625 5121 φροντίζεις
3682 5042 3753 5091 ὅτι
3805 5052 3856 5085 τα

2296 5142 2489 5213 ἔγκατά
2559 5160 2651 5192 σου
2712 5136 2806 5191 διὰ
2857 5148 2956 5191 τῶν
3010 5138 3236 5212 πλευρῶν
3297 5157 3390 5189 σου
3452 5139 3544 5186 σὺν
3596 5139 3652 5202 τῇ
3704 5132 3856 5221 κόπρίρ

2296 5234 2519 5305 φέρεται,
2588 5228 2695 5280 ἀλλ’
2775 5233 2851 5281 ἔτι
2925 5234 3013 5280 καὶ
3079 5236 3166 5279 νύν
3235 5227 3580 5284 ἀναισθητεῖςυ
3642 5219 3759 5290 πρὸς
3807 5207 3856 5262 δε

2294 5323 2513 5386 τούτοις,
2598 5320 2688 5371 ούκ
2756 5318 3027 5394 ἀρκεσθεὶς
3091 5326 3194 5378 τοῖς
3262 5317 3544 5392 εἰρημένοις
3618 5328 3724 5371 σου,
3782 5319 3856 5401 νυξ

2293 5409 2386 5462 ούκ
2434 5408 2648 5463 ἐπαύσω
2693 5413 2811 5471 τοὺς
2854 5410 2997 5471 θεοὺς
3036 5405 3315 5481 ἐνυϐρίζων
3361 5408 3447 5458 καὶ
3494 5398 3770 5476 παροξύνων
3806 5398 3854 5439 τά
