4142 6196
241 269 344 324 421

239 397 423 465 σεμνὸν
497 390 860 463 δικαστήριον.
915 392 974 444 Ὀ
1045 394 1190 464 οἰγιος
1268 393 1478 446 Πλάτων
1538 393 1672 448 εἶπεν
1705 413 1716 425 ⁶

233 482 336 554 ἐγὼ
393 484 559 544 οὕτως
605 485 845 542 τοιαύτας
895 483 994 533 ύπό
1047 490 1142 534 σοῦ
1197 478 1369 544 δεινὰς
1429 490 1684 558 τιμωρίας
1741 506 1835 536 πα-

237 574 338 622 θὼν
391 574 640 646 ὑϐριστὴς
697 572 956 644 καλοῦμαι
1013 577 1101 623 καὶ
1151 570 1485 644 βλάσφημος,
1545 579 1608 625 σύ
1664 577 1688 626 ὁ
1747 574 1839 626 ἐπ-

236 663 373 733 άγων
429 665 668 720 τοιαύτας
718 659 980 732 βασάνους
1032 660 1242 732 ὀφείλεις
1293 666 1470 733 φονεύς
1520 661 1566 713 ἐν
1614 670 1723 726 τοῖς
1766 668 1842 738 ἕρ-

230 769 348 819 γοις
394 746 678 821 δειχθῆναι
727 756 816 802 καὶ
865 749 1173 822 βλάσφημος
1216 749 1262 801 ἐν
1313 759 1420 813 τοῖς
1470 752 1661 824 λόγοις.
1693 753 1751 804 Ὀ
1784 749 1842 805 δὲ

229 846 582 911 Ἀγριππίνος
641 843 752 910 ἔφη·
807 844 938 900 Τοὺς
1012 841 1157 900 θεοὺς
1213 845 1301 891 καὶ
1355 845 1470 901 τοὺς
1529 841 1842 916 αὐτοκράτο-

229 949 330 1000 ρας
364 930 524 981 πολλὰ
567 927 836 1002 ἐνυϐρίσας
881 935 967 981 καὶ
1000 932 1085 1001 ἐμὲ
1133 929 1191 980 ού
1237 938 1438 1003 μικρῶς
1485 933 1838 1005 παροργίζεις

230 1014 364 1069 οἶδα
396 1021 475 1070 ὅτι
525 1025 676 1069 τοῦτο
707 1024 890 1082 ποιεῖς,
926 1019 1007 1069 ἶνα
1054 1013 1145 1069 διὰ
1191 1022 1386 1090 τάχους
1437 1039 1492 1072 σε
1537 1019 1840 1073 ἀποκτείνωο

227 1108 338 1178 ἐγὼ
395 1103 454 1159 δε
507 1111 812 1180 χειροτέρας
868 1109 1135 1179 βασάνους
1192 1113 1515 1180 προσενέγκω
1568 1116 1655 1162 καὶ
1710 1114 1844 1162 κατὰ

223 1202 391 1269 μέρος
449 1196 694 1248 ἀναλωσω
749 1217 823 1262 σε,
883 1200 966 1248 ἐὰν
996 1203 1068 1269 μὴ
1115 1200 1332 1270 πεισθῇς
1381 1203 1469 1251 καὶ
1516 1201 1678 1272 θύσῃς
1740 1209 1843 1261 τοῖς

222 1285 529 1359 ἀκράντοις
581 1288 732 1348 θεοῖς.
780 1286 838 1337 Ὀ
890 1287 1038 1358 άγιος
1090 1295 1182 1338 τοῦ
1233 1295 1365 1340 Θεοῦ
1418 1291 1613 1362 μάρτυς
1662 1287 1795 1342 εἶπεν
1827 1308 1838 1321 ο

215 1376 488 1435 Πολλάκις
536 1395 622 1428 σοι
673 1373 812 1428 εἶπον
851 1381 939 1427 καὶ
985 1386 1071 1428 νύν
1121 1377 1277 1448 λέγων
1325 1378 1383 1429 ού
1428 1382 1720 1452 παύσομαι,
1754 1386 1837 1439 Μὴ

209 1463 416 1536 ἁπείλῃ
481 1484 568 1536 μοι
621 1465 816 1536 λόγοις,
869 1464 973 1516 ἀλλ’
1025 1468 1195 1539 ἔργοις
1252 1463 1420 1528 δεῖξον
1470 1467 1539 1528 εὶς
1607 1467 1692 1540 ἐμὲ
1749 1473 1841 1531 τὰς

208 1553 524 1626 βασάνους,
553 1554 634 1605 ἱνα
680 1556 923 1626 γνωσθῇς
968 1564 1128 1606 ποιῶν
1163 1558 1216 1606 τό
1264 1555 1460 1628 θέλημα
1507 1565 1597 1608 τού
1644 1565 1841 1631 πατρός

1585 267 1750 326 VITA
1789 270 1854 327 Ξ.
1890 268 2168 326 PLATON
2174 270 2256 325 IS.

1781 396 1839 448 Εἰ
1869 396 1916 450 Α
1950 400 2050 451 tua
2083 412 2190 468 per
2221 401 2322 450 tua
2351 394 2964 451 lateraferunturcum
2980 394 3380 452 stercorezsed
3400 397 3602 453 adhuc

3497 273 3603 326 422

1951 500 2109 540 nunc
2135 500 2375 556 quoque
2401 499 2464 539 es
2489 483 2650 539 nullo
2682 501 2862 540 sensu
2903 484 3209 555 praeditus:
3240 492 3448 556 praeter
3473 488 3601 542 haec

1952 579 2150 628 autem
2178 589 2298 628 non
2331 578 2644 628 contentus
2676 573 2747 627 iis
2779 589 2914 644 quae
2945 572 3105 627 dicta
3135 579 3292 639 sunt,
3324 589 3444 628 non
3476 591 3600 630 ces-

1953 663 2093 718 sasti
2122 678 2280 717 nunc
2311 661 2456 716 deos
2486 662 2776 716 incessere
2808 659 3208 727 contumeliis,
3240 666 3295 716 et
3317 677 3602 718 veneran-

1953 751 2098 806 dum
2132 766 2331 805 meum
2360 750 2584 804 irritare
2607 750 2923 820 judicium.
2957 752 3204 806 Sanctus
3247 750 3408 806 Plato
3459 752 3608 808 dixit

1955 841 2273 896 subridens
2307 860 2318 899 :
2359 840 2411 896 Si
2461 855 2589 910 ego,
2627 839 2728 911 qui
2770 846 2852 896 tot
2883 839 3180 895 cruciatus
3217 845 3274 895 et
3314 840 3607 912 supplicia

1956 948 2090 986 sum
2123 947 2157 986 a
2190 938 2240 984 te
2271 945 2506 1001 passus,
2549 930 3014 984 contumeliosus
3042 945 3224 984 vocor
3262 935 3320 984 et
3355 930 3608 989 maledi-

1954 1037 2089 1076 cus:
2122 1026 2182 1074 tu
2213 1019 2310 1091 qui
2353 1035 2426 1074 ea
2457 1017 2600 1073 mihi
2643 1018 2841 1082 infers,
2885 1034 3088 1074 revera
3115 1024 3170 1074 et
3215 1017 3384 1075 factis
3416 1019 3605 1075 debes

1953 1111 2065 1166 dici
2100 1109 2416 1182 parricida,
2461 1114 2516 1163 et
2542 1109 2732 1164 verbis
2776 1107 3124 1164 maledicus.
3157 1109 3307 1164 Dixit
3335 1110 3607 1182 Agrippi-

1953 1217 2096 1256 nus:
2126 1201 2270 1253 deos
2305 1205 2360 1253 et
2387 1199 2772 1269 imperatores
2799 1198 2928 1268 jam
2957 1213 3109 1269 saepe
3133 1197 3328 1253 multis
3355 1198 3602 1255 affecisti

1952 1287 2343 1351 contumeliis,
2378 1293 2433 1342 et
2467 1287 2542 1341 ad
2577 1286 2726 1341 iram
2761 1303 2854 1341 me
2886 1301 3002 1341 non
3039 1302 3252 1358 parum
3287 1303 3601 1359 provocas.

1955 1379 2086 1435 Scio
2112 1383 2310 1434 autem
2342 1383 2394 1432 te
2416 1376 2528 1431 hoc
2549 1374 2760 1443 facere,
2787 1382 2846 1430 ut
2874 1381 2925 1431 te
2948 1391 3130 1447 quam
3164 1376 3423 1447 primum
3452 1378 3603 1433 occi-

1951 1468 2128 1532 dam;
2153 1482 2262 1537 ego
2291 1469 2490 1522 autem
2522 1465 2619 1519 tibi
2653 1469 2947 1520 tormenta
2978 1464 3230 1520 inferam
3263 1465 3594 1534 acerbiora,

1951 1559 2007 1612 et
2024 1561 2074 1611 te
2094 1570 2198 1627 per
2212 1560 2408 1626 partes
2427 1568 2800 1618 consumam,
2820 1553 2934 1608 nisi
2958 1553 3106 1608 mihi
3121 1556 3410 1624 parueris,
3447 1555 3605 1610 etin-

213 1664 323 1695 σου
381 1653 473 1695 τού
518 1651 718 1695 Σατανᾶ
750 1649 839 1695 καὶ
885 1652 976 1696 τού
1022 1644 1400 1725 αὐτοκράτορος
1451 1665 1562 1698 σου
1600 1647 1838 1708 ἐξουσίαν

1953 1645 2250 1701 temeratis
2266 1644 2375 1698 diis
2394 1641 2835 1697 sacriﬁcaveris.
2862 1645 3108 1697 Sanctus
3129 1650 3357 1714 martyr
3392 1645 3602 1700 Christi

208 1738 328 1807 γὰρ
366 1737 500 1803 ἔχεις
548 1741 638 1785 τοῦ
681 1738 922 1802 σώματος
971 1753 1092 1806 μου,
1130 1743 1223 1794 τῆς
1274 1731 1332 1786 δὲ
1374 1735 1562 1806 ψυχῆς
1613 1738 1636 1786 ὸ
1687 1742 1833 1799 Θεὸς.

1950 1737 2090 1791 dixit
2121 1733 2310 1801 Plato:
2356 1734 2517 1802 Saepe
2550 1731 2658 1786 tibi
2697 1730 2837 1798 dixi,
2873 1737 2928 1786 et
2968 1746 3171 1785 rursus
3203 1732 3365 1798 dico,
3399 1740 3453 1788 et
3485 1749 3606 1788 non

213 1825 481 1877 cessabo
503 1822 696 1876 dicere
727 1841 737 1879 :
773 1826 850 1877 Ne
871 1823 1096 1878 minare
1127 1824 1345 1888 verbis,
1371 1825 1471 1878 sed
1496 1825 1685 1895 reipsa
1704 1827 1760 1881 in
1793 1846 1884 1884 me
1912 1825 2154 1883 ostende
2176 1827 2488 1888 tormenta,
2509 1826 2568 1875 ut
2589 1819 2971 1890 cognoscaris
2992 1819 3211 1875 faciens
3239 1823 3605 1878 voluntatem

214 1911 413 1982 patris
429 1914 509 1966 tui
528 1915 762 1966 Satanas
780 1913 924 1966 ettui
943 1913 1315 1984 imperatoris
1336 1931 1348 1979 ;
1369 1913 1555 1968 habes
1568 1917 1747 1982 enim,
1767 1924 1826 1972 ut
1845 1919 2001 1990 prius
2015 1914 2516 1984 dixi,potestatem
2540 1911 2653 1964 mei
2672 1911 3183 1981 corporis,anim+e
3203 1915 3404 1966 autem
3427 1915 3599 1966 Deus.

299 2003 402 2063 ις’,
444 2000 502 2051 Ὁ
534 1997 592 2052 δὲ
626 2001 962 2073 Ἀγριππίνος
992 2010 1159 2054 ταῦτα
1198 2001 1424 2063 ἀκούσας
1455 1999 1608 2055 εἶπεν
1643 2004 1836 2076 Ἐγνως

222 2088 340 2147 ἤδη
378 2098 434 2160 τῇ
469 2094 622 2163 πείρᾳ
673 2087 767 2142 διὰ
809 2099 904 2142 τῶν
938 2089 1183 2162 βασάνων
1209 2094 1290 2161 (a)
1323 2101 1421 2143 τῶν
1465 2092 1836 2166 ἐπενεχθέντων

213 2199 315 2249 μοι
372 2182 514 2252 παρά
565 2187 680 2243 σοῦ,
715 2182 795 2231 ὅτι
849 2183 962 2232 οὔτε
1011 2188 1101 2232 τοῦ
1158 2186 1394 2252 σώματος
1441 2202 1541 2253 μου
1590 2181 1837 2256 φείδομαι

213 2265 317 2320 διὰ
370 2273 462 2326 τὴν
517 2272 647 2341 πρὸς
697 2273 783 2320 τὸν
815 2275 942 2322 Θεὸν
985 2289 1085 2342 μου
1132 2269 1411 2336 εὐσέϐειαν,
1461 2270 1696 2342 φοϐηθεὶς
1745 2283 1834 2326 τοῦ

209 2357 538 2431 ἐπουρανίου
597 2356 860 2429 βασιλέως
909 2363 966 2410 τὸ
1015 2363 1510 2433 πρόσταγμαοτότε
1558 2361 1835 2434 Ἀγριππίο

206 2467 298 2507 νος
367 2445 624 2498 ἐκέλευσεν
693 2447 846 2498 αὐτὸν
905 2447 1256 2522 ἀναρτηθέντα
1313 2449 1383 2511 εἰς
1437 2453 1493 2501 τό
1551 2450 1694 2512 ξύλον
1752 2454 1834 2504 ἐπὶ

202 2544 477 2589 τοσοῦτον
528 2536 755 2603 ξέεσθαι,
791 2539 924 2588 ὥστε
965 2541 1022 2589 τὸ
1075 2539 1205 2610 αἷμα
1254 2538 1412 2590 αὑτοῦ
1467 2539 1551 2590 ἐπὶ
1601 2544 1688 2599 τὴν
1736 2548 1835 2612 γῆν

204 2627 526 2698 ἐπικεῖσθαι’
575 2631 664 2677 καὶ
723 2627 748 2676 ό
796 2626 964 2699 κῆρυξ
1010 2625 1131 2678 ἐϐόα
1181 2635 1316 2698 φωνῇ
1368 2628 1587 2700 μεγάλη
1637 2637 1834 2696 Θύσον,

207 2715 468 2779 Πλάτων,
501 2720 590 2766 καὶ
626 2713 850 2787 ἀπολύῃ.
883 2722 985 2767 Τοῦ
1031 2712 1090 2768 δε
1133 2715 1282 2786 ἁγίου
1335 2716 1606 2779 Πλάτωνος
1657 2717 1834 2791 ἀρνου-

203 2810 383 2877 μένου
433 2809 519 2854 καὶ
575 2809 645 2874 μὴ
703 2803 1017 2876 βουλομένου
1068 2807 1246 2869 θῦσαι,
1299 2804 1554 2858 ἐκέλευσεν
1612 2806 1838 2878 ὀγκίνοις

202 2898 314 2955 τὰς
380 2895 596 2964 παρειὰς
668 2893 828 2944 αὐτοῦ
881 2893 1106 2958 ξέεσθαι,
1166 2895 1294 2946 ὥστε
1364 2900 1552 2967 μηκέτι
1612 2897 1837 2971 ὁρᾶσθαι

202 2987 514 3055 πρόσωπον
568 2980 904 3055 ἀνθρώπινον,
955 2980 1047 3034 διὰ
1100 2987 1156 3035 τό
1207 2987 1545 3055 γυμνωθῆναι
1592 2988 1658 3038 τὰ
1706 2986 1840 3038 ὀστᾶ

204 3073 421 3124 αὐτοῦ.

2017 2007 2146 2061 XVI.
2193 2003 2285 2056 His
2329 1999 2568 2065 auditis,
2609 1999 2756 2053 dixit
2797 2000 3185 2071 Agrippinus:
3228 2000 3361 2056 Jam
3430 2017 3607 2073 expe-

1944 2095 2155 2151 rientia
2186 2089 2514 2159 cognovisti
2548 2104 2650 2159 per
2672 2094 2986 2153 tormenta,
3019 2089 3177 2160 quod
3203 2105 3311 2144 nec
3344 2091 3604 2162 philoso-

1947 2192 2066 2258 pho
2103 2182 2339 2254 quidem
2370 2179 2598 2234 Platoni
2639 2178 3036 2249 pepercissem
3071 2183 3312 2250 propter
3353 2179 3602 2235 deorum

1944 2270 2448 2333 benevolentiam,
2466 2268 2679 2322 timens
2686 2267 2704 2336 j
2718 2283 2924 2321 ussum
2939 2268 3333 2338 imperatoris.
3353 2269 3604 2324 Sanctus

1944 2363 2043 2418 Dei
2077 2366 2303 2431 martyr
2334 2356 2491 2412 Plato
2527 2355 3061 2427 dicit:Cognovisti
3089 2356 3215 2427 jam
3247 2363 3305 2412 tu
3339 2373 3606 2430 quoque,

1944 2468 1980 2508 o
2012 2455 2285 2523 tyranne,
2311 2445 2672 2519 experientia
2702 2461 2806 2518 per
2839 2449 3134 2501 tormenta
3159 2462 3295 2517 quae
3322 2447 3466 2502 mihi
3494 2453 3608 2504 ate

1947 2543 2089 2595 sunt
2116 2537 2295 2600 illata,
2330 2535 2494 2607 quod
2535 2534 2763 2604 corpori
2799 2549 2933 2588 meo
2974 2549 3094 2588 non
3137 2550 3314 2605 parco
3359 2541 3608 2607 propter

1945 2629 2222 2703 pietatem
2265 2626 2322 2679 in
2369 2624 2552 2679 Deum
2596 2639 2819 2687 meum,
2875 2625 3088 2679 timens
3129 2624 3369 2693 jussum
3428 2627 3603 2696 Regis

1946 2715 2215 2773 ccelestis.
2249 2713 2613 2785 Agrippinus
2641 2716 2840 2767 autem
2865 2728 3001 2766 cum
3029 2712 3158 2767 haec
3184 2713 3526 2777 audivisset,
3549 2719 3606 2770 et

1947 2807 2152 2862 fuisset
2180 2817 2399 2872 magno
2432 2801 2627 2855 furore
2657 2802 2935 2871 percitus,
2968 2801 3144 2870 jussit
3171 2816 3308 2856 eum
3349 2802 3408 2856 in
3439 2803 3601 2872 ligno

1948 2909 2310 2967 suspensum
2334 2889 2567 2946 tamdiu
2587 2889 2755 2957 caadi,
2784 2891 2976 2945 donec
3001 2905 3212 2945 omnes
3237 2891 3365 2960 ejus
3393 2907 3602 2946 carnes

1948 2983 2124 3040 simul
2143 2997 2280 3037 cum
2302 2979 2595 3050 sanguine
2614 2979 2671 3033 in
2688 2983 2902 3034 terram
2922 2977 3387 3034 effunderentur.
3407 2983 3602 3036 PNBCO

1877 3074 1916 3128 C
1950 3079 2149 3129 autem
2190 3085 2413 3139 magna
2443 3083 2586 3124 voce
2613 3067 2946 3126 clamabat:
2997 3065 3294 3134 Sacriﬁca,
3333 3069 3512 3135 Plato,
3549 3071 3607 3125 et

205 3161 480 3217 solveris
507 3175 539 3214 a
563 3158 832 3214 vinculis.
865 3160 1008 3214 Cum
1033 3175 1172 3215 vero
1199 3164 1443 3216 sanctus
1477 3163 1640 3219 Plato
1668 3167 1910 3233 negaret
1940 3179 2002 3217 se
2030 3160 2525 3222 sacriﬁcaturum,
2549 3157 2724 3228 jussit
2753 3161 3038 3227 tyrannus
3065 3158 3229 3212 uncis
3251 3157 3450 3213 ferreis
3477 3159 3606 3229 ejus

207 3265 422 3320 genas
446 3249 697 3320 discerpi
724 3265 793 3303 ac
809 3248 1043 3303 laniari.
1067 3249 1224 3304 Adeo
1250 3257 1449 3305 autem
1479 3258 1616 3307 sunt
1643 3252 1898 3318 laniatae,
1915 3257 1980 3307 ut
1999 3250 2180 3307 facies
2198 3248 2459 3305 hominis
2482 3261 2604 3301 non
2622 3252 2962 3302 cerneretur
2993 3245 3270 3318 amplius,
3289 3255 3603 3319 propterea

206 3337 403 3412 quod
433 3344 627 3393 essent
657 3338 785 3407 ejus
813 3353 955 3393 ossa
983 3337 1156 3410 plane
1189 3339 1432 3394 nudata.

289 3426 409 3481 IZ'.
453 3426 512 3477 Ὀ
567 3422 624 3478 δὲ
682 3427 1014 3500 Ἀγριππίνος
1080 3427 1338 3480 ἐκέλευσεν
1391 3429 1545 3482 αὐτὸν
1595 3429 1696 3482 ἀπὸ
1750 3437 1839 3482 τού

206 3517 395 3579 ξύλου
447 3518 844 3587 κατενεχθῆναι,
903 3522 990 3569 καὶ
1043 3521 1175 3591 πρὸς
1239 3517 1394 3570 αὐτὸν
1473 3516 1644 3572 εἶπεν
1708 3527 1838 3571 Παν⁸

207 3608 400 3668 άθλλε,
457 3609 507 3656 τί
566 3601 866 3676 προσδοκᾷς
911 3606 1334 3669 λοιπόν;πάσης
1387 3609 1484 3681 γὰρ
1539 3617 1628 3668 τῆς
1680 3605 1839 3682 δορᾶς

212 3715 324 3748 σου
421 3690 780 3767 ἀποδαρείσης
859 3701 946 3746 καὶ
1035 3705 1132 3746 τῶν
1191 3695 1381 3748 ὀστέων
1448 3699 1835 3769 γυμνωθέντων,

209 3785 481 3854 ἀνάσχου
513 3803 622 3855 μοι,
655 3789 744 3836 καὶ
776 3792 977 3836 παῦσαι
1008 3793 1101 3846 τῆς
1134 3788 1375 3846 τοιαύτης
1421 3786 1722 3858 φιλοσοφίας
1751 3791 1839 3838 καὶ

213 3878 399 3927 θῦςοι
445 3881 553 3934 τοίς
611 3876 764 3940 θεοῖς,
810 3879 900 3925 καὶ
947 3879 1016 3945 μὲ
1071 3875 1273 3945 ἐπίμενε
1322 3882 1381 3946 τῇ
1438 3875 1695 3928 ἀντιθέσει
1742 3884 1839 3926 τῶν

206 3965 401 4035 λόγων
477 3965 685 4029 τούτων,
768 3964 850 4014 ἱνα
926 3968 997 4035 μὴ
1081 3967 1240 4025 κακὸς
1308 3973 1476 4025 κακῶς
1559 3964 1836 4038 ἀποθάνῃς.

205 4054 273 4106 ὀ
341 4055 549 4126 μάρτυς
602 4052 754 4103 εἶπεν-
789 4057 853 4105 Τί
886 4049 1192 4126 προσδοκᾷς
1232 4054 1398 4126 ἕτερον
1443 4053 1644 4105 ἀκούειν
1690 4054 1718 4112 ἦ
1751 4059 1838 4112 τὴν

210 4149 415 4195 πίστιν
468 4149 559 4193 τού
595 4147 788 4214 Κυρίου
833 4161 933 4214 μου
965 4143 1143 4200 Ἰησοῦ
1195 4151 1467 4216 Χριστοῦ;
1501 4152 1590 4204 τῆς
1617 4146 1718 4218 γὰρ
1753 4141 1838 4196 δοο

211 4241 317 4306 ρᾶς
378 4250 480 4303 μου
532 4227 891 4304 ἁποδαρείσης
941 4237 1030 4283 καὶ
1089 4239 1188 4284 τῶν
1240 4231 1430 4284 ὀστέων
1485 4252 1584 4305 μου
1634 4253 1839 4304 γυμνω-

212 4324 440 4384 eram»,
516 4319 942 4392 θαρσαλεώτερος,
1003 4324 1070 4382 ὡς
1141 4323 1284 4394 ὁρᾷς,
1355 4326 1438 4373 σοὶ
1511 4327 1836 4395 παρέστηκα.

209 4413 273 4464 εἰ
343 4415 523 4460 τοίνυν
575 4408 904 4461 ὑπολείπεται
960 4411 1127 4483 ἔτερόν
1199 4429 1282 4462 σοι
1356 4409 1568 4482 ὀφείλειν
1626 4410 1696 4473 εἰς
1755 4410 1840 4484 ἐμὲ

207 4500 600 4574 παραχθῆναι,
638 4503 770 4550 ποίει
818 4497 864 4548 ἐν
908 4501 1066 4570 τάχει
1109 4499 1135 4550 ὃ
1182 4496 1380 4570 βούλει.
1415 4499 1473 4550 Ὀ
1523 4497 1582 4552 δὲ
1622 4500 1840 4575 Ἀγριπ-

208 4597 376 4648 πῖνος
428 4589 702 4658 θαυμάσας
760 4592 854 4645 τὴν
910 4588 1336 4663 καρτεροψυχίαν
1409 4596 1502 4641 τοῦ
1557 4591 1837 4663 μάρτυρος,

213 4678 494 4729 ἐκέλευσεν
552 4675 703 4726 πάλιν
762 4677 916 4728 αὐτὸν
975 4676 1325 4750 ἁναρτηθῆναι
1378 4683 1468 4729 καὶ
1517 4677 1720 4740 ξέεσθαι
1769 4679 1840 4739 εἰς

215 4772 318 4827 τὰς
377 4765 606 4834 ἀγκάλας
649 4769 735 4816 καὶ
789 4766 860 4828 εἰς
903 4769 964 4818 τὰ
1019 4766 1318 4838 σπλάγχνα.
1347 4766 1407 4818 Ὀ
1453 4763 1510 4818 δε
1557 4766 1705 4838 άγιος
1749 4775 1840 4819 τοῦ

217 4863 368 4909 Θεοῦ
421 4855 624 4928 μάρτυς
676 4853 847 4906 εἶπεν·
906 4854 1044 4926 Ἦρα
1096 4860 1216 4915 τούς
1270 4855 1559 4928 ὀφθαλμούς
1615 4875 1714 4928 μου
1771 4857 1841 4919 εἰς

215 4948 287 4994 τὰ
342 4947 461 5016 ᾅοη,
518 4945 628 4994 ὅθεν
678 4942 788 5005 ἣξει
839 4946 865 5001 ἡ
919 4941 1140 5016 βοήθεια
1187 4964 1307 5015 μου,
1356 4950 1444 4996 καὶ
1490 4949 1553 4997 τὰ
1598 4946 1731 5017 ἑξῇς.
1781 4945 1840 4998 Ὀ

219 5028 281 5083 δὲ
338 5032 688 5104 Ἀγριππῖνος
736 5034 852 5104 ἔφη’
906 5032 1106 5084 Ἀνόσιε
1153 5037 1243 5084 καὶ
1291 5042 1389 5094 τῆς
1439 5043 1536 5085 τῶν
1593 5036 1712 5086 θεῶν
1758 5035 1842 5086 εύ-

216 5125 428 5190 μενείας
485 5119 738 5193 ἀλλότριε,
798 5117 979 5179 ἐπειδὴ
1040 5120 1212 5174 ἔδωκά
1267 5141 1350 5174 σοι
1399 5121 1718 5197 παρρησίαν,
1765 5130 1835 5196 μὴ

213 5210 456 5269 κολάσας
510 5229 564 5262 σε
623 5213 760 5261 κατὰ
804 5209 974 5282 λόγον,
1035 5213 1350 5282 φθέγγεσθαι
1402 5211 1589 5284 τολμᾷς
1645 5212 1837 5266 ἀθετῶν

293 5337 346 5371 1⁵
391 5333 544 5390 Psal.
578 5351 692 5391 cxx
723 5339 772 5403 l,
802 5339 858 5394 2.

2026 3431 2178 3483 XVII.
2213 3431 2534 3497 Postquam
2557 3424 2947 3494 autemjussit
2970 3425 3335 3496 Agrippinus
3363 3440 3501 3481 eum
3528 3425 3602 3482 de

1950 3519 2112 3588 ligno
2152 3516 2390 3589 deponi,
2426 3514 2568 3569 dixit
2603 3514 2681 3569 ei:
2731 3514 3162 3582 Infelicissime,
3195 3515 3342 3586 quid
3387 3515 3462 3570 de
3494 3532 3605 3572 cas-

1951 3612 2074 3662 tero
2106 3609 2438 3677 exspectas,
2477 3619 2615 3657 cum
2644 3603 2716 3658 sit
2745 3607 2866 3658 tota
2896 3608 2996 3658 tua
3025 3619 3162 3659 caro
3203 3604 3519 3671 excoriata,
3549 3610 3606 3660 et

1951 3696 2176 3751 nudata
2211 3701 2346 3748 sunt
2372 3692 2557 3747 ossa?
2596 3695 2809 3746 Morem
2855 3692 2995 3746 mihi
3033 3708 3190 3761 gere,
3221 3700 3273 3748 et
3313 3710 3484 3749 cessa
3528 3694 3606 3748 ab

1949 3786 2062 3841 hac
2098 3801 2251 3840 vana
2280 3780 2681 3854 phi1030phia,
2715 3787 2772 3835 et
2792 3780 2904 3835 diis
2938 3781 3228 3850 sacriﬁca,
3253 3789 3307 3837 et
3329 3798 3401 3837 ne
3425 3784 3606 3853 persi-

1951 3881 2071 3930 stas
2096 3874 2153 3929 in
2187 3875 2299 3929 hac
2337 3871 2656 3927 verborum
2683 3872 3083 3936 contentione,
3112 3886 3184 3925 ne
3218 3871 3413 3926 malus
3449 3872 3603 3927 male

1950 3980 2176 4035 pereas.
2213 3962 2362 4017 Dixit
2394 3966 2652 4031 martyr:
2688 3959 2841 4025 Quid
2879 3965 3214 4031 exspectas,
3245 3975 3280 4016 o
3322 3965 3604 4032 tyranne,

1952 4070 1988 4108 a
2027 4069 2121 4108 me
2160 4051 2322 4108 aliud
2355 4050 2579 4116 audire,
2617 4050 2730 4104 nisi
2761 4049 2944 4105 ﬁdem
2977 4050 3208 4105 Domini
3241 4051 3431 4106 nostri
3458 4051 3602 4107 Jesu

1950 4142 2164 4198 Christi
2187 4141 2215 4196 ἢ
2245 4142 2432 4196 Carne
2458 4139 2610 4194 enim
2644 4155 2779 4195 mea
2818 4139 3116 4196 excoriata
3141 4144 3195 4196 et
3227 4139 3470 4196 nudatis
3508 4156 3606 4197 os-

1952 4231 2140 4296 sibus,
2191 4231 2427 4296 adsum,
2463 4233 2526 4284 ut
2561 4229 2748 4295 vides,
2783 4245 2918 4284 cum
2959 4229 3185 4300 majore
3226 4230 3503 4287 audacia.
3551 4231 3607 4288 Si

1949 4335 2092 4392 ergo
2113 4321 2216 4376 tibi
2238 4324 2418 4375 restat
2437 4318 2667 4391 aliquid
2692 4318 2876 4383 aliud,
2897 4319 3062 4391 quod
3083 4320 3229 4374 mihi
3259 4319 3434 4377 debet
3454 4321 3602 4390 ﬁeri,

1950 4408 2044 4464 fac
2074 4410 2186 4465 cito
2225 4412 2389 4482 quod
2429 4408 2536 4463 vis.
2586 4409 2746 4462 Tunc
2788 4407 3011 4479 impius
3041 4409 3403 4480 Agrippinus
3449 4425 3605 4466 mar-

1952 4499 2100 4570 tyris
2117 4497 2424 4554 admirans
2441 4497 2870 4562 fortitudinem,
2887 4496 3215 4567 jussiteum
3238 4515 3444 4554 rursus
3475 4516 3607 4555 sus-

1951 4587 2130 4660 pendi
2163 4590 2221 4643 in
2251 4587 2432 4658 ligno,
2475 4592 2530 4642 et
2568 4586 2950 4641 vehementer
2979 4585 3106 4657 ejus
3144 4588 3294 4642 caedi
3328 4588 3500 4644 ulnas
3552 4593 3609 4644 et

1951 4677 2240 4732 femorum
2295 4676 2422 4746 ejus
2470 4675 2866 4730 latitudinem.
2913 4675 2999 4730 lta
3045 4675 3308 4732 iecerunt
3345 4677 3604 4746 lictores,

1949 4781 2085 4820 eum
2119 4764 2414 4820 credentes
2446 4763 2638 4835 spatio
2681 4763 2852 4818 trium
2887 4764 3192 4820 horarum.
3226 4766 3376 4822 Dixit
3403 4773 3604 4823 autem

1951 4856 2202 4910 Sanctus
2226 4855 2436 4909 Christi
2462 4860 2656 4924 marty
2677 4871 2690 4909 ε
2715 4855 2933 4910 Levavi
2953 4855 3146 4910 oculos
3165 4872 3318 4912 meos
3340 4857 3403 4913 in
3434 4873 3606 4912 mon-

1950 4949 2052 5010 tes,
2087 4944 2242 4999 unde
2271 4944 2458 5000 veniet
2486 4944 2779 5000 auxilium
2812 4959 3025 5000 meum.
3059 4945 3372 5002 Auxilium
3412 4961 3598 5001 meum

1949 5048 1986 5091 a
2033 5034 2302 5098 Domino,
2356 5033 2455 5105 qui
2494 5035 2638 5103 fecit
2692 5035 2903 5090 caelum
2957 5040 3011 5090 et
3066 5042 3289 5091 terram
3341 5037 3408 5101 ¹⁵,
3457 5036 3602 5091 Dixit

1949 5123 2346 5194 Agrippinus:
2411 5122 2596 5194 Impie
2665 5130 2719 5178 et
2783 5139 2819 5178 a
2869 5123 3283 5180 benevolentia
3346 5125 3597 5181 deorum

1950 5213 2467 5284 aliene,quouiam
2497 5213 2634 5267 dedi
2667 5211 2772 5268 tibi
2792 5211 3097 5280 ﬁduciam,
3123 5230 3246 5270 non
3271 5220 3322 5270 te
3337 5214 3595 5286 puniens

287 5451 390 5537 (ag).
427 5452 657 5537 Desunt
675 5449 958 5537 quaedam
999 5450 1202 5537 yerba;
1224 5455 1476 5537 propterﬂ
1503 5451 1838 5537 homoeotelc

1953 5471 2011 5511 )n
2061 5471 2218 5537 quas,
2254 5453 2351 5537 sic.
2386 5452 2629 5512 restituo
2701 5453 2831 5537 "9n;
2851 5451 3289 5537 οὐδὲ-φιλοσόφου
3324 5456 3598 5537 Πλάτωνος

208 5519 586 5605 indagatu?
619 5519 724 5605 diei
743 5526 836 5581 τὴν
866 5531 962 5605 των
996 5525 1118 5605 θεῶν
1149 5519 1349 5605 evito—qtae]
1379 5522 1700 5605 poﬁqﬁOcieré
1728 5534 1826 5605 τού
1848 5519 2226 5605 αύτοκράτορος
2256 5530 2577 5602 πρόσταγμα
2602 5545 2614 5560 ⁸
2651 5527 2677 5579 ὁ
2708 5523 2768 5581 δὲ
2797 5527 2939 5600 άγιος
2970 5519 3104 5581 Θέοῡ
3134 5519 3333 5605 μάρτυς
3381 5519 3596 5590 Πλάτων

211 5590 437 5650 Πλάτων
468 5591 622 5650 εἶπεν·
659 5593 864 5668 Ἐγνως
888 5590 962 5654 ἥδ
967 5613 994 5655 η
1024 5599 1113 5648 καὶ
1145 5598 1209 5648 σὺ
1235 5593 1330 5650 διὰ
1357 5590 1457 5648 τ’ῶν
1491 5593 1760 5669 βασάνων.
1789 5601 1944 5655 Εωτ.
1976 5590 2153 5657 ΡΑΤΒᾸ
2292 5590 2306 5669 ί
2471 5590 2512 5645 ’ί
