4034 6206
566 274 667 328 423

1965 278 2225 336 MENSIS
2265 279 2534 340 IULIUS.

3791 290 3878 347 424

564 421 778 487 utpar
825 419 970 481 erat,
1014 418 1199 471 audes
1250 432 1412 471 nunc
1474 416 1660 489 loqui,
1708 418 1934 475 violans
1979 422 2171 492 jUSSLll

2281 425 2293 458 ι
2329 410 2390 458 τὰ
2419 410 2802 480 προστάγματα
2832 418 2926 461 τῶν
2960 408 3235 482 βασιλέων.
3273 417 3444 464 Θῦσον
3491 418 3595 473 τοῖς
3639 415 3774 480 θεοῖς,
3804 425 3881 471 καὶ

561 504 989 576 imperatorum
1022 504 1049 558 ἳ
1078 503 1218 560 Liba
1261 520 1402 573 ergo
1432 505 1562 572 diis,
1595 511 1651 561 et
1694 511 1746 562 te
1780 507 2099 565 dimittam.
2128 512 2216 565 Di-

559 594 644 648 xit
670 598 912 648 sanctus
946 593 1101 647 Plato
1133 610 1143 647 :
1196 593 1249 649 Si
1293 610 1419 657 nos,
1450 594 1552 666 qui
1586 596 1682 665 pie
1722 596 1907 652 Deum
1939 600 2210 669 colimus,

560 684 862 753 punimur,
889 689 948 736 ut
975 684 1077 753 qui
1100 682 1510 737 existimemur
1542 684 1728 756 impii,
1765 701 1867 741 vos
1894 686 1996 758 qui
2024 688 2209 745 Deum

559 772 914 837 abhorretis,
968 777 1021 826 et
1074 789 1315 843 corpus,
1367 774 1529 844 quod
1582 779 1669 829 est
1712 774 1945 840 iisdem,
1988 777 2209 848 quibus

559 878 682 926 vos,
708 860 1037 915 obnoxium
1064 862 1568 933 perpessionibus,
1595 863 2138 922 immisericorditer
2155 875 2208 923 et

555 950 796 1020 indigne
856 951 1116 1005 caeditis:
1161 950 1463 1021 quomodo
1493 952 1931 1009 damnabimini
1958 956 2016 1010 in
2043 957 2205 1026 justo

552 1040 653 1095 Dei
694 1040 922 1109 judico,
956 1041 1013 1093 in
1046 1039 1160 1104 die,
1198 1040 1256 1093 in
1288 1056 1409 1110 qua
1437 1040 1729 1110 judicabit
1772 1045 1929 1098 Deus
1974 1046 2205 1102 occulta

548 1127 867 1183 hominum
887 1128 994 1181 “5"?
1025 1127 1177 1182 Dixit
1198 1129 1589 1200 Agrippinus:
1622 1132 1761 1185 Fero
1780 1136 1834 1186 te
1856 1130 2200 1203 loquentem

550 1216 835 1273 audacter
890 1222 948 1272 et
1003 1216 1393 1271 conﬁdenter.
1426 1217 1712 1283 Miserere,
1763 1234 1799 1274 ο
1848 1220 2199 1277 charissime

549 1305 731 1372 Plato,
774 1310 882 1360 tum
934 1305 1199 1361 ﬂorentis
1239 1305 1454 1373 aetatis;
1525 1308 1638 1362 hoc
1692 1307 1849 1362 enim
1891 1308 1996 1364 tibi
2037 1310 2199 1366 dedit

550 1396 807 1460 fortuna,
826 1411 959 1467 quae
984 1400 1070 1449 est
1092 1395 1362 1466 ejusdem
1385 1395 1647 1450 nominis
1672 1414 1685 1463 ;
1709 1397 1933 1469 aspicio
1960 1400 2115 1455 enim
2141 1406 2196 1456 te

549 1484 723 1540 talem
756 1500 883 1540 esse
915 1483 1201 1549 futurum,
1235 1484 1428 1556 qualis
1460 1484 1556 1539 ille
1586 1484 1693 1540 fuit
1720 1486 2196 1558 sapientissimus

544 1574 726 1628 Plato.
770 1575 915 1628 Nam
977 1588 1114 1626 cum
1165 1572 1377 1627 fuisset
1432 1573 1711 1645 princeps
1776 1575 2191 1647 philosophiae,

545 1662 794 1717 deorum
827 1662 1113 1730 dogmata
1144 1661 1462 1716 constituit.
1507 1663 1907 1727 Quamobrem
1936 1665 2193 1739 benigne

2325 494 2530 547 ἀπολύω
2582 516 2655 550 σε.
2700 499 2756 550 Ὀ
2801 498 2947 569 ἅγιος
2993 499 3205 551 Πλάτων
3255 497 3405 553 εἶπεν
3452 501 3506 552 Εἰ
3552 503 3691 573 ἡμεῖς
3736 507 3882 559 θεοσε-

2323 584 2524 647 ϐοῦντες
2584 586 2785 639 ἀνόσιοι
2837 589 3203 660 ύπονοούμενοι
3256 588 3594 660 κολαζόμεθα,
3648 600 3746 653 πῶς
3806 615 3881 647 σοι

2321 672 2774 736 καταδικασθῆναι
2819 681 2901 750 οἵη
2951 678 2998 729 ἐν
3048 686 3109 749 τῇ
3162 674 3522 751 δικαιοκρισίᾳ
3564 688 3648 731 τοῦ
3694 690 3811 734 Θεοῦ
3837 684 3877 736 ἐν

2318 772 2379 835 τῇ
2416 767 2600 837 ἡμέρα,
2636 765 2683 817 ἐν
2797 774 2957 840 κρινεῖ
3002 770 3026 818 6
3074 771 3200 827 Θεὸς
3228 767 3294 818 τὰ
3331 771 3533 842 κρυπτὰ
3574 778 3667 821 τῶν
3710 769 3878 846 ἀνθρὼ-

2320 872 2465 920 πων;
2530 854 2865 930 Ἀγριππῑνος
2926 860 3057 929 ἔφη’
3119 858 3401 929 ’Λνέχομαί
3460 878 3549 910 σου
3614 860 3877 933 παρρησιασ

2316 943 2554 1014 ζομένου,
2600 945 2863 1015 οἰκτείρων
2898 964 2991 997 σου
3031 954 3126 1006 τῆς
3168 945 3371 1006 ἡλικίας
3400 950 3523 1011 νέον,
3558 943 3628 998 δι’
3673 947 3727 1005 ἢν
3768 950 3872 1020 ἐχα-

2312 1036 2496 1105 ρίσατό
2544 1053 2627 1086 σοι
2681 1036 2977 1107 ὁμωνυμίαν
3020 1037 3049 1092 ἡ
3098 1038 3258 1105 τύχη’
3293 1040 3381 1087 καὶ
3421 1038 3519 1108 γὰρ
3567 1043 3781 1089 τοιοντόν
3826 1058 3872 1092 σε

2312 1124 2523 1174 ἔσεσθαι
2575 1120 2877 1194 προσδοκῶ,
2935 1124 3041 1184 οἷος
3090 1123 3277 1186 ἐκεῖνος
3337 1126 3362 1176 6
3410 1124 3646 1177 Πλάτων·
3694 1126 3872 1197 φιλοσο-

2311 1214 2429 1281 φίας
2470 1214 2571 1286 γὰρ
2605 1211 2844 1287 ἀρχηγός
2887 1217 3125 1283 γεγονὼς,
3156 1216 3222 1265 τὰ
3250 1221 3346 1265 τῶν
3380 1215 3500 1265 θεῶν
3546 1220 3870 1272 συνεστήσατο

2311 1295 2567 1372 δόγματα,
2603 1297 2687 1352 διό
2728 1307 2816 1353 καὶ
2848 1300 3001 1372 λόγου
3056 1302 3248 1354 πολλοῦ
3297 1298 3628 1374 μεταδίδωμί
3673 1322 3749 1355 σοι
3796 1310 3869 1355 καὶ

2308 1388 2492 1441 εὐνοεῖν
2548 1409 2605 1442 σε
2660 1389 2741 1443 ἐπὶ
2792 1398 2901 1452 τοῖς
2958 1392 3085 1451 θεοῖς
3132 1389 3466 1463 συμϐουλεύω
3508 1396 3594 1443 καὶ
3635 1390 3871 1469 ᾇνελέσθαι

2309 1497 2365 1531 σε
2408 1483 2494 1530 τόν
2542 1485 2715 1551 νόμον.
2759 1480 2811 1531 ὃν
2859 1482 2906 1532 οἱ
2954 1480 3327 1554 αὐτοκράτορες
3375 1482 3574 1533 ἔθεντο·
3622 1484 3869 1540 πεισθῆναι

2307 1565 2365 1620 δὲ
2413 1573 2499 1621 καὶ
2544 1576 2657 1630 ταῖς
2707 1568 2853 1641 ἐμαῖς
2900 1574 3285 1642 παραινέσεσιν.
3324 1569 3384 1622 Εἰ
3430 1566 3487 1622 δὲ
3531 1574 3599 1641 μὴ
3647 1572 3867 1636 πεισθεὶς,

2303 1664 2526 1730 γίνωσκε
2569 1661 2649 1711 ὅτι
2698 1658 2991 1730 ἀναγκάσαι
3043 1678 3099 1710 σε
3147 1662 3255 1730 ἔχω
3305 1656 3576 1731 διαφόροις
3616 1664 3700 1711 καὶ
3742 1677 3871 1731 στρε-

544 1756 737 1806 tecum
760 1750 995 1822 loquor,
1030 1756 1084 1804 et
1111 1752 1363 1805 consulo
1388 1756 1455 1805 ut
1494 1752 1573 1805 sis
1596 1753 1888 1824 benignus
1920 1755 1980 1810 in
2012 1757 2155 1811 deos

2305 1749 2576 1823 ϐλωτέραις
2627 1753 2899 1822 τιμωρίαις
2950 1755 3098 1800 τοῦτο
3154 1756 3395 1812 ποιῆσαι,
3448 1750 3511 1808 ὡς
3560 1745 3868 1819 ψευδώνυμον

542 1845 595 1895 et
621 1839 777 1908 leges
808 1838 1120 1910 suscipias,
1155 1855 1310 1910 quas
1342 1838 1457 1909 ipsi
1493 1840 1748 1895 tulerunt
1773 1840 2188 1913 imperatores,

541 1935 599 1987 et
630 1929 774 1984 meis
792 1944 1001 1999 pareas
1031 1928 1571 1983 admonitionibus.
1593 1929 1649 1985 Si
1670 1930 1813 1985 mihi
1844 1938 2035 1986 autem
2070 1950 2188 1990 non

539 2018 827 2091 parueris,
872 2018 1026 2072 scias
1062 2025 1282 2088 aperte,
1316 2017 1459 2072 forte
1504 2022 1566 2071 ut
1597 2034 1707 2089 ego
1748 2026 1801 2074 te
1834 2036 2041 2090 cogam
2076 2023 2189 2079 hoc

2303 1842 2520 1914 ὀφθέντα
2606 1838 2877 1898 Πλάτωνος
2954 1845 3046 1889 τοῦ
3130 1842 3388 1909 μεγίστην
3472 1837 3757 1909 φιλοσοφίαν
3829 1836 3867 1888 ἐν

2302 1931 2589 2005 ἀνθρώποις
2642 1931 2993 1998 κτησαμένου,
3050 1928 3347 2000 ἀγνώμονος
3421 1946 3515 1979 σου
3596 1923 3868 1999 δειχθέντος

2300 2027 2417 2096 περὶ
2446 2023 2560 2078 τοὺς
2590 2020 2753 2079 θεούς.

538 2110 732 2164 facere
794 2107 1045 2161 diversis
1112 2112 1170 2160 et
1218 2106 1448 2161 acerbis
1495 2108 1822 2178 suppliciis,
1873 2114 1933 2164 ut
1994 2112 2094 2181 qui
2154 2112 2303 2169 falso
2365 2112 2443 2165 sis
2493 2107 2825 2180 appellatus
2878 2105 3087 2160 Plato:
3124 2106 3275 2175 ejus,
3332 2106 3601 2177 inquam,
3648 2104 3861 2160 nomine

536 2202 833 2267 suscepto,
866 2196 967 2266 qui
987 2195 1137 2249 inter
1163 2196 1436 2249 homines
1462 2197 1789 2251 maximam
1812 2198 1921 2252 sxbi
1958 2200 2186 2270 paravit
2206 2199 2668 2275 philosophiam,
2705 2211 2839 2250 cum
2871 2200 2929 2249 tu
2958 2193 3019 2249 in
3042 2195 3187 2249 deos
3217 2195 3490 2264 ingratus
3520 2194 3776 2249 evaseris.

609 2286 791 2341 XVIII.
836 2284 1043 2340 Christi
1088 2288 1288 2338 autem
1332 2300 1501 2339 verus
1540 2300 1609 2340 ac
1650 2301 1973 2355 germanus
2017 2289 2185 2345 miles

536 2375 699 2431 Plato
729 2372 907 2429 dixit:
946 2372 1123 2428 Valde
1149 2389 1439 2444 magnum
1471 2373 1874 2431 solcecismum
1899 2377 2179 2443 admittis,

534 2480 569 2520 o
618 2463 959 2535 Agrippine,
992 2478 1195 2518 errans
1239 2462 1296 2516 in
1338 2463 1595 2518 veritate.
1640 2466 1783 2519 Nam
1836 2482 1974 2521 cum
2017 2472 2183 2537 pater

533 2557 669 2608 tuus
712 2554 960 2608 Satanas
997 2550 1071 2606 ab
1120 2551 1286 2607 initio
1317 2551 1493 2607 fuerit
1534 2554 1923 2624 perniciosus,
1971 2556 2179 2611 merito

531 2648 591 2697 tu
623 2658 888 2715 quoque,
920 2640 1021 2713 qui
1052 2658 1112 2695 es
1145 2642 1272 2712 ejus
1300 2641 1586 2709 minister,
1622 2643 1768 2698 lacis
1803 2644 1855 2699 ei
1886 2645 2173 2713 similiter,

529 2738 583 2787 et
620 2739 670 2787 te
700 2733 761 2787 in
791 2732 918 2802 ejus
948 2746 1185 2785 exerces
1215 2730 1569 2786 actionibus.
1614 2733 1964 2788 Daemonum
2017 2736 2174 2789 enim

526 2822 828 2878 fortunam
858 2820 1089 2876 invehis
1120 2821 1175 2874 in
1218 2820 1487 2876 homines
1516 2822 1895 2891 Christianos,
1930 2824 2030 2895 qui
2065 2840 2173 2879 nec

523 2910 674 2966 ferre
694 2912 938 2982 quidem
958 2916 1206 2981 possunt
1226 2910 1431 2965 audire
1449 2911 1675 2982 aliquid
1692 2912 2010 2983 ejusmodi.
2029 2914 2170 2969 Sum

523 3015 665 3069 ergo
704 3000 978 3069 ejusdem
1022 2998 1268 3068 quidem
1308 2999 1592 3069 nominis,
1635 3002 1806 3071 cujus
1847 3001 2035 3056 Plato:
2066 3002 2171 3056 sed

522 3104 640 3143 non
674 3105 809 3142 sum
830 3088 1030 3141 iisdem
1061 3087 1324 3142 moribus
1354 3088 1653 3159 praeditus.
1685 3091 1843 3154 Quos
1865 3091 2024 3146 enim
2047 3107 2171 3148 mo-

520 3192 614 3233 res
640 3192 759 3232 non
803 3177 1196 3246 conjungunt,
1241 3193 1314 3232 ne
1345 3193 1563 3232 nomen
1611 3179 1854 3250 quidem
1896 3196 1999 3234 eos
2033 3196 2169 3236 con-

523 3266 703 3333 ciliat,
724 3282 917 3338 neque
932 3265 1095 3320 locus
1112 3266 1371 3337 copulat,
1388 3266 1497 3320 nisi
1513 3268 1707 3321 solum
1728 3268 1934 3338 pietas.
1953 3269 2169 3336 Quam-

520 3355 728 3411 obrem
776 3355 941 3411 nulla
970 3355 1027 3409 in
1072 3356 1151 3409 rei
1196 3356 1245 3410 ei
1296 3354 1504 3410 similis
1550 3373 1682 3412 sum
1714 3356 1900 3423 Plato,
1931 3364 2167 3429 praster-

515 3461 701 3517 quam
719 3444 777 3499 in
792 3445 919 3500 solo
936 3446 1175 3499 nomine
1190 3462 1202 3496 :
1217 3445 1332 3500 hoc
1348 3450 1549 3501 autem
1565 3446 1707 3500 mihi
1726 3446 1889 3518 piam
1906 3454 2165 3504 mentem

514 3550 830 3606 nunquam
880 3534 1091 3605 poterit
1137 3534 1369 3589 laedere.
1401 3537 1464 3589 Et
1493 3550 1603 3603 ego
1648 3535 1890 3607 quidem
1927 3552 2165 3594 exerceo

515 3640 671 3691 eam,
704 3640 833 3695 quae
862 3629 947 3679 est
977 3625 1035 3677 in
1074 3623 1323 3691 Christo,
1352 3624 1826 3695 philosophiam:
1860 3625 2016 3681 illius
2060 3643 2163 3681 au-

514 3717 629 3769 tem
682 3712 1065 3784 philosophia
1106 3719 1193 3767 est
1236 3712 1396 3784 apud
1432 3716 1617 3768 Deum
1658 3730 1860 3770 meum
1892 3715 2156 3771 stultitia.

512 3803 805 3875 Scriptum
833 3808 920 3857 est
940 3802 1097 3856 enim
1124 3802 1404 3857 :Perdam
1434 3803 1787 3871 sapientiam
1807 3806 2156 3871 sapientum,

509 3899 563 3948 et
590 3892 975 3961 prudentiam
998 3890 1351 3962 prudentum
1374 3892 1615 3947 abolebo
1642 3892 1711 3946 ¹⁸.
1736 3896 1885 3948 Nam
1912 3893 2156 3950 deorum

508 3980 812 4051 dogmata,
846 3996 980 4051 quae
1007 3980 1124 4045 ille,
1162 3983 1224 4034 ut
1254 3980 1424 4048 dicis,
1472 3982 1687 4052 posuit,
1722 3984 1863 4040 sunt
1899 3982 2060 4039 falsae
2099 3989 2156 4039 et

506 4070 658 4125 ﬁctae
680 4070 917 4136 fabulae,
940 4086 1076 4141 quae
1101 4069 1539 4124 adumbrantur
1564 4070 1911 4142 deceptione
1928 4073 2151 4128 daemo-

506 4175 674 4223 num,
726 4160 828 4230 qui
871 4159 1085 4214 animis
1149 4157 1405 4214 afferunt
1455 4160 1774 4224 interitum,
1833 4166 1886 4216 et
1945 4162 2153 4217 verbo—

502 4263 638 4302 rum
669 4249 887 4303 astutia
917 4253 1140 4303 vestras
1169 4252 1399 4303 mentes
1427 4254 1811 4315 excaecantes,
1846 4249 2152 4307 abducunt

503 4352 539 4393 a
579 4337 956 4408 simplicitate
985 4338 1144 4406 ﬁdei,
1170 4353 1307 4409 quae
1334 4342 1421 4392 est
1450 4338 1507 4391 in
1541 4338 1859 4394 Christum.

572 4426 704 4481 XIX.
752 4429 1078 4497 Postquam
1126 4430 1328 4481 autem
1368 4433 1660 4482 cessasset
1689 4428 1853 4500 loqui
1892 4435 2143 4503 martyr,

499 4515 629 4585 ejus
655 4515 898 4587 quidem
944 4530 1231 4586 responso
1278 4514 1725 4588 obstupefactus
1757 4519 2141 4591 Agrippinus,

497 4604 719 4662 mansit
749 4610 969 4670 mutus,
1000 4620 1119 4659 non
1148 4604 1348 4660 valens
1378 4606 1431 4660 ei
1454 4606 1836 4678 respondere.
1870 4609 2012 4663 Cum
2043 4626 2144 4665 au-

2377 2288 2478 2343 IH'.
2518 2286 2576 2338 Ὀ
2604 2282 2661 2338 δὲ
2692 2287 2847 2345 ὅντως
2874 2289 2969 2354 γνὴ
2981 2302 3093 2345 σιος
3119 2290 3209 2335 τοῦ
3235 2291 3475 2355 Χριστοῦ
3497 2284 3725 2355 μαθητὴς
3750 2281 3862 2334 [Ιλά-

2293 2399 2391 2430 των
2463 2377 2615 2430 εἶπεν·
2676 2374 3002 2437 Σολοικίζεις,
3064 2374 3393 2447 Ἀγριππῖνε,
3456 2369 3655 2445 σφόδρα
3728 2371 3864 2443 σφαλ-

2291 2468 2499 2541 λόμενος
2546 2470 2661 2538 περὶ
2709 2468 2801 2521 τὴν
2837 2462 3097 2520 ἀλήθειαν·
3132 2470 3220 2515 τοῦ
3264 2465 3367 2534 γὰρ
3422 2468 3611 2536 πατρός
3659 2481 3741 2513 σου
3784 2469 3862 2513 τοῦ

2292 2565 2491 2610 Σατανᾶ
2547 2557 2801 2628 λυμεῶνος
2855 2554 3229 2624 τυγχάνοντος,
3288 2552 3497 2613 εἰκότως
3552 2557 3636 2603 καὶ
3684 2555 3740 2603 σὺ
3788 2550 3862 2602 αύ-

2288 2656 2376 2700 τοῡ
2434 2648 2688 2719 ὑπάρχων
2736 2644 3015 2714 ὑπουργὸς,
3072 2645 3133 2693 τὰ
3186 2644 3340 2713 ὃμοια
3400 2642 3538 2713 αύτῷ
3585 2639 3859 2714 διαπράττει

2287 2743 2376 2789 καὶ
2433 2740 2524 2797 τὰς
2576 2734 2789 2808 πράξεις
2846 2732 3004 2783 αὐτοῦ
3056 2731 3267 2803 μελετᾷς
3302 2749 3313 2760 ·
3375 2734 3549 2803 τύχην
3602 2734 3696 2804 γὰρ
3748 2749 3859 2801 παρ-

2286 2831 2531 2901 εισφέρεις
2613 2819 2872 2893 δαιμόνων
2971 2820 3258 2892 ἀνθρώποις

2281 2914 2421 2986 μηδὲ
2469 2912 2691 2965 ἀκοῦσαί
2741 2930 2788 2962 τι
2842 2916 3073 2961 τοιοῦτον
3124 2908 3463 2981 ἀνεχομένοις
3512 2914 3646 2962 ποτέ.
3680 2912 3853 2961 Οὐκοῦν

2281 3006 2549 3076 ὁμώνυμός
2594 3002 2698 3071 εἰμι
2749 2999 3034 3063 Πλάτωνος,
3066 3001 3350 3073 ὁμότροπος
3399 2997 3457 3053 δὲ
3508 3000 3598 3051 ούκ
3639 2998 3754 3070 εἰμί’
3784 2996 3852 3055 οὓς

2278 3096 2379 3166 γὰρ
2433 3093 2491 3145 ού
2553 3093 2797 3144 συνάπτει
2852 3094 3060 3161 τρόπος,
3110 3084 3233 3159 οὐδὲ
3289 3092 3456 3161 ὄνομα
3506 3092 3707 3148 τούτους
3752 3106 3851 3138 συν-

2281 3186 2483 3240 ίστησι.
2517 3181 2574 3232 Ὀ
2629 3177 2686 3232 δὲ
2733 3183 2924 3253 τρόπος
2976 3178 3296 3249 συζευγνύει,
3330 3177 3377 3229 εἰ
3426 3183 3496 3250 μὴ
3545 3182 3688 3250 μόνον
3729 3175 3847 3228 εύσέο

2279 3269 2412 3337 ϐεια,
2444 3273 2577 3322 ὥστε
2608 3269 2673 3329 εἰς
2721 3265 2871 3319 οὐδὲν
2920 3266 3097 3328 ἐοικώς
3139 3266 3245 3338 εἰμι
3294 3265 3553 3334 Πλάτωνι,
3586 3267 3627 3318 εί
3671 3269 3735 3338 μὴ
3764 3268 3845 3335 μό-

3360 2828 3693 2895 Χριστιανοῑς
3764 2826 3854 2879 τοῖς

2199 3339 2239 3397 C
2276 3379 2358 3411 νον
2385 3362 2517 3411 κατά
2563 3362 2623 3410 τό
2669 3362 2829 3428 ὄνομα
2858 3364 3009 3408 τοῦτο
3054 3354 3259 3427 βλάψαι
3304 3375 3411 3428 μου
3443 3361 3525 3408 τόν
3572 3353 3741 3411 εὐσεϐῆ
3771 3355 3845 3403 λο-

2274 3453 2466 3521 γισμόν
2534 3449 2591 3499 ού
2672 3444 2892 3499 δύναται
2963 3452 3165 3498 πώποτε
3198 3463 3209 3474 ·
3270 3445 3578 3519 φιλοσοφίαν
3638 3447 3731 3516 γὰρ
3805 3441 3846 3493 ἐν

2276 3546 2491 3612 Χριστῷ
2522 3542 2864 3609 μετέρχομαι’
2897 3537 2925 3593 ἡ
2981 3532 3039 3587 δὲ
3088 3534 3277 3587 ἐκείνου
3324 3536 3603 3607 φιλοσοφία
3630 3535 3760 3605 παρὰ
3783 3538 3843 3600 τῷ

2275 3635 2387 3699 Θεῴ
2428 3632 2601 3702 μωρία
2648 3629 2785 3678 ἐστὶν
2830 3629 2916 3676 καὶ
2962 3623 3215 3686 ἀπωλείας
3262 3625 3509 3698 πρόξενος
3550 3632 3655 3685 τοῖς
3691 3623 3845 3675 πειθο-

2270 3721 2444 3789 μένοις
2526 3716 2654 3787 αύτῇ
2694 3733 2704 3744 ·
2761 3719 3051 3788 γέγραπται
3126 3717 3226 3789 γάρ
3263 3730 3274 3743 ‘
3333 3714 3537 3767 Ἀπολώ
3610 3718 3696 3771 τὴν
3770 3729 3841 3762 σο-

2270 3811 2388 3877 φίαν
2458 3814 2557 3857 τῶν
2636 3813 2825 3877 σοφῶν,
2885 3809 2970 3855 καί
3031 3808 3120 3861 τὴν
3198 3807 3406 3855 σύνεσιν
3485 3813 3581 3856 τῶν
3646 3806 3842 3854 συνετῶν

2270 3893 2526 3953 ἀθετήσω.
2583 3896 2658 3945 Τὰ
2710 3896 2811 3966 γὰρ
2871 3888 3115 3964 δόγματα
3161 3900 3259 3943 τῶν
3314 3895 3441 3945 θεῶν
3488 3890 3523 3945 ἃ
3577 3897 3637 3944 σύ
3678 3891 3839 3961 λέγεις,

2267 3982 2454 4045 ἐκεῖνος
2496 3985 2636 4035 ἔθετο
2680 3985 2866 4054 μύθοις
2913 3978 3164 4052 ψευδέσιν
3205 3986 3293 4033 καὶ
3342 3984 3754 4054 πεπλανημένοις⁸
3785 3986 3837 4050 τῇ

2263 4076 2363 4147 γὰρ
2413 4072 2583 4144 ἀπάτη
2631 4080 2727 4124 τῶν
2774 4068 3034 4143 δαιμόνων
3084 4079 3184 4121 τῶν
3214 4070 3568 4147 ψυχοφθόρων
3600 4085 3840 4140 στοιχεια·

2264 4162 2494 4234 ζόμενος,
2552 4166 2640 4213 καὶ
2715 4162 2902 4222 πάντες
2957 4162 3004 4212 οἱ
3062 4161 3175 4212 κατ’
3231 4160 3387 4212 αὐτὸν
3446 4160 3736 4233 τυφλοῦντες
3786 4158 3841 4208 τὰ

2259 4258 2497 4323 νοήματα
2554 4252 2694 4323 ὑμῶν
2751 4247 2841 4302 διὰ
2899 4259 2989 4311 τῆς
3036 4254 3355 4322 πανουργίας
3403 4260 3501 4303 τῶν
3550 4250 3705 4321 λόγων
3753 4247 3840 4299 ἀπό

2259 4348 2349 4401 τῆς
2380 4340 2671 4402 ἁπλότητος
2694 4349 2788 4400 τῆς
2820 4340 2891 4400 εἰς
2920 4343 3005 4392 τόν
3037 4344 3266 4412 Χριστόν
3302 4339 3597 4412 ἀπήγαγον,

2332 4429 2437 4485 ΙΘ’.
2481 4432 2623 4484 Μετὰ
2656 4427 2713 4481 δὲ
2757 4433 2813 4480 τό
2845 4431 3155 4481 παύσασθαι
3199 4431 3284 4480 τόν
3314 4433 3556 4505 μάρτυρα
3584 4429 3837 4491 λαλοῦντα,

2257 4524 2383 4592 πρὸς
2437 4522 2527 4592 μὲν
2579 4518 2745 4590 ὀλίγον
2804 4517 3070 4589 ἐκπλαγεὶς
3126 4519 3150 4569 6
3204 4519 3541 4591 Ἀγριππῖνος
3591 4525 3678 4576 τὴν
3726 4516 3835 4568 ἀπόο

2253 4628 2428 4681 κρισιν
2475 4609 2634 4661 αὐτοῦ
2680 4611 2845 4680 ἔμενεν
2891 4611 3008 4668 τέως
3058 4606 3403 4679 ἀποκριθῆναι
3434 4613 3505 4679 μὴ
3552 4604 3831 4677 δυνάμενος.

496 4698 613 4750 tem
644 4693 824 4764 paulo
857 4697 993 4765 post
1017 4693 1447 4763 jussisseteum
1476 4694 1549 4750 de
1570 4696 1733 4766 ligno
1754 4697 1991 4767 deponi,
2030 4714 2139 4769 ag-

2281 4702 2435 4769 ιραχὺ
2468 4694 2526 4750 δὲ
2556 4697 2799 4757 κελεύσας
2830 4695 2928 4748 ἀπὸ
2960 4703 3050 4748 του
3091 4696 3241 4758 ξύλου
3270 4696 3426 4749 αὐτόν
3453 4698 3829 4767 κατενεχθῆναι,

495 4798 734 4853 gressus
765 4790 852 4838 est
877 4800 1013 4838 eum
1043 4800 1250 4838 rursus
1290 4783 1524 4839 blandis
1556 4785 1749 4841 verbis
1790 4786 2138 4853 admonere,

493 4874 577 4929 sic
606 4874 847 4929 dicens:
900 4875 1020 4943 Ego
1059 4873 1133 4929 de
1190 4877 1422 4940 ciaetero,
1455 4890 1491 4929 ο
1541 4874 1719 4939 Plato,
1752 4878 1917 4947 quod
1958 4877 2037 4931 ad
2087 4884 2139 4933 te

489 4963 738 5036 quidem
778 4963 1000 5027 attinet,
1034 4979 1165 5016 sum
1207 4962 1381 5033 plane
1413 4963 1595 5018 animi
1622 4964 1843 5018 dubius
1874 4980 1983 5020 nec
2017 4965 2138 5021 scio

489 5054 634 5125 quid
684 5051 939 5108 debeam
973 5051 1188 5108 facere.
1231 5052 1340 5116 Qui
1382 5052 1584 5124 itaque
1630 5058 1683 5108 te
1728 5053 1930 5108 multis
1968 5054 2136 5111 aﬁeci

489 5144 871 5209 cruciatibus,
906 5157 1015 5196 nee
1039 5140 1374 5212 quidquam
1406 5142 1591 5208 eﬂeei,
1622 5148 1676 5197 et
1702 5142 1948 5198 adhibui
1971 5144 2139 5200 blan-

487 5233 680 5297 ditias,
702 5239 756 5287 et
783 5232 895 5287 hoc
918 5231 1062 5286 nihil
1091 5232 1326 5302 profuit,
1356 5247 1514 5287 nunc
1534 5231 1708 5287 statui
1732 5232 1975 5304 aliquod
2006 5234 2134 5289 dies

486 5322 590 5377 tibi
617 5322 961 5376 concedere.
1015 5323 1177 5376 Forte
1208 5336 1344 5375 eum
1389 5320 1471 5375 sic
1498 5322 1809 5389 agnoveris
1856 5323 1938 5388 id,
1971 5324 2135 5395 quod

485 5415 574 5469 est
594 5411 700 5467 tibi
732 5410 889 5476 utile,
920 5411 1075 5467 hanc
1114 5415 1276 5467 tuam
1304 5409 1601 5482 relinques
1630 5411 2044 5484 pervicaciam,
2080 5418 2138 5470 et

556 5591 602 5634 ³⁵
630 5592 798 5648 Rom.
829 5604 889 5659 ιι,
925 5594 1005 5646 16.
1121 5592 1166 5628 1°
1198 5592 1310 5647 lsa.
1345 5605 1503 5659 χιιι,
1539 5590 1604 5644 th
1630 5603 1645 5657 ;
1674 5604 1695 5646 ι
1723 5590 1855 5647 Cor.
1883 5593 1927 5662 Ι,
1966 5592 2052 5647 l9.

2251 4787 2560 4861 ἐπεχείρησε
2627 4786 2778 4839 πάλιν
2830 4786 2997 4857 λόγοις
3055 4785 3388 4846 ἐπαινετικοῐς
3456 4789 3641 4838 πείθειν
3694 4784 3833 4836 αύτόν

2249 4875 2423 4948 λέγων’
2489 4876 2618 4947 Ἐγὼ
2685 4875 2881 4938 λοιπὸν,
2944 4874 3174 4940 Πλάτων,
3232 4875 3408 4947 ἁπορώ
3466 4879 3531 4928 τὰ
3585 4880 3698 4948 περὶ
3750 4878 3833 4923 σοῦ

2249 4972 2337 5018 καὶ
2377 4967 2470 5018 οὐκ
2502 4962 2624 5017 οἰδα
2653 4969 2704 5016 τί
2750 4964 2932 5036 ὀφείλω
2973 4960 3391 5039 διαπράξασθαι.
3430 4964 3570 5017 Ἐπεὶ
3618 4960 3700 5016 οὖν
3747 4964 3826 5013 καὶ

2248 5060 2499 5129 τιμωρίας
2548 5054 2735 5113 πολλὰς
2783 5053 3063 5125 ἐπήγαγον,
3114 5059 3202 5105 καὶ
3252 5051 3401 5106 οὐδὲν
3452 5054 3598 5106 πλέον
3650 5058 3824 5115 ἤνυσα,

2247 5148 2336 5196 καὶ
2384 5142 2658 5203 κολακείας
2703 5146 3024 5216 προσέθηκα,
3072 5148 3159 5195 καὶ
3208 5140 3329 5196 οὐδὲ
3372 5144 3535 5203 οὕτως
3578 5143 3824 5214 ὠφέλησα,

2246 5241 2333 5285 νῦν
2384 5232 2683 5304 ἐσκεψάμην
2732 5229 2967 5285 ἐνδοῦναί
3016 5252 3100 5285 σοι
3147 5236 3343 5305 ἡμέρας
3386 5236 3548 5297 τινας,
3582 5235 3700 5291 ἴσως
3740 5228 3827 5281 κᾶν

2247 5325 2410 5384 οὕτως
2467 5323 2687 5394 ἐπιγνῳς
2757 5326 2814 5374 τὸ
2884 5328 3160 5397 συμφέρον,
3218 5329 3306 5375 καὶ
3373 5322 3687 5393 καταλείψας
3742 5324 3826 5377 τὴν

2247 5416 2489 5466 ἔνστασίν
2524 5431 2617 5465 σου
2667 5414 2858 5471 ταύτην
2888 5414 3195 5488 προσέλθοις
3245 5420 3353 5476 τοῖς
3403 5398 3497 5471 την
3544 5412 3829 5485 οἰκουμένην
