4034 6206
183 319 268 372 423

1492 311 1657 367 VITA
1695 308 1754 364 S.
1800 306 2161 370 PLATONIS.

3409 325 3515 379 426

176 438 440 502 διέπουσιν,
493 442 577 490 καὶ
640 434 944 510 ἀπαλλαγῇς
995 444 1093 490 τῶν
1143 441 1493 512 περιεχόντων
1545 455 1602 489 σε
1655 454 1742 487 κα·

1866 437 2104 494 accedes
2137 441 2215 497 ad
2244 440 2409 510 deos,
2459 442 2561 516 qui
2591 441 2937 500 universum
2967 445 3174 502 orbem
3199 450 3369 505 terrae
3395 451 3510 507 ad-

171 539 256 581 κῶν
288 546 299 558 ο
331 533 419 580 καὶ
458 535 618 580 ταῦτα
648 527 824 592 εἰπὼν,
878 527 1133 580 ἐκέλευσεν
1187 528 1342 580 αὑτὸν
1391 527 1746 598 ἀπενεχθῆναι

172 624 210 671 ὲν
287 627 344 690 τῇ
423 617 645 690 φυλακῇ,
727 617 1080 688 παραγγείλας
1177 626 1248 689 τῷ
1333 620 1744 690 κομενταρησίῳ,

165 709 361 779 οὗγκίαν
419 709 578 781 ἄρτου
631 701 888 757 δίδοσθαι
935 706 1075 777 αύτῴ
1124 706 1239 759 καθ’
1282 707 1508 764 ἑκάστην
1555 709 1748 778 ἡμέραν

168 802 246 848 καὶ
275 800 492 871 κρασίον
521 791 717 856 ὕδατος
746 799 834 846 καὶ
867 797 1012 869 παρὰ
1041 792 1268 867 μηδενός
1299 798 1524 871 ὁρᾶσθαι
1555 794 1708 846 αὐτόν
1733 810 1745 822 ⁸

171 889 353 938 ὑπενόει
381 887 502 959 γὰρ,
549 891 619 956 μή
675 903 755 944 τις
797 892 894 934 τῶν
941 882 1283 957 διαφερόντων
1332 885 1470 955 αύτῷ
1512 879 1746 954 ἐπιδωσῃ

169 997 212 1027 τι
258 976 392 1045 αὐτῷ
445 978 501 1026 τὸ
554 970 840 1046 διαθρέψαι
895 974 1051 1026 αὐτόν
1111 971 1414 1047 δυνάμενον,
1472 974 1666 1044 ἀγνοῶν
1724 973 1749 1022 ό

165 1066 348 1130 ἅθλιος,
403 1065 486 1116 ὅτι
534 1063 644 1115 Οὐκ
694 1061 772 1114 ἐπ’
824 1064 965 1134 ἄρτῳ
1013 1068 1151 1136 μόνῳ
1202 1065 1416 1124 ζήσεται
1467 1063 1747 1136 ἅνθρωπος,

165 1154 258 1206 ἀλλ’
335 1152 418 1205 ἐπὶ
487 1156 641 1204 παντὶ
705 1153 906 1226 ῥήματι
960 1153 1342 1228 ἐκπορευομένῳ
1411 1149 1505 1204 διὰ
1558 1156 1752 1223 στόμα-

165 1264 238 1305 τος
266 1250 422 1299 Θεοῦ,
469 1241 526 1292 ’0
559 1238 617 1294 δὲ
662 1241 808 1312 ἅγιος
842 1240 1054 1293 Πλάτων
1102 1241 1342 1300 ἐποίησεν
1371 1240 1417 1293 ἐν
1449 1249 1509 1314 τῇ
1546 1240 1745 1313 φυλακῇ

165 1328 513 1385 ὀκτωκαίδεκα
557 1333 750 1403 ἡμέρας
791 1346 802 1357 ’
852 1336 942 1383 καὶ
992 1333 1074 1383 ἵνα
1125 1332 1369 1406 πληρωθῇ
1421 1334 1480 1383 τὸ
1525 1349 1750 1404 γεγραμ-

164 1429 322 1496 μένον,
381 1423 463 1473 ότι
538 1419 595 1473 Ὀ
655 1417 863 1482 δίκαιος
918 1419 973 1472 ἐκ
1030 1426 1256 1482 πίστεως
1334 1422 1573 1484 ζήσεται,
1657 1419 1750 1472 ούκ

164 1513 394 1569 ἠθέλησεν
427 1513 571 1583 παρὰ
621 1518 714 1561 τοῦ
752 1516 1163 1583 κομενταρησίου
1217 1512 1372 1582 οἰρτον
1419 1510 1447 1568 ἦ
1493 1505 1636 1582 ὕδωρ
1663 1509 1750 1561 λα-

165 1600 274 1654 ϐεῖν.
322 1596 472 1673 ᾜδει
512 1601 615 1670 γὰρ
659 1599 684 1649 ό
729 1607 800 1669 τῷ
834 1599 1023 1658 Δανιὴλ
1054 1599 1104 1650 ἐν
1135 1605 1277 1672 μέσῳ
1307 1599 1516 1651 λεόντων
1558 1603 1748 1671 τροφήν

166 1690 479 1754 ἀποστείλας,
515 1689 671 1748 αύτός
701 1694 786 1741 καὶ
821 1689 975 1740 αὑτὸν
1017 1688 1066 1741 ἐν
1111 1697 1171 1762 τῇ
1215 1689 1413 1762 φυλακῇ
1451 1686 1745 1763 διαθρέψει.

1860 525 2200 585 ministrant
2235 547 2248 584 :
2304 536 2359 586 et
2386 530 2733 588 liberaberis
2765 549 2800 588 a
2851 533 3135 603 gravibus
3175 540 3505 606 tormentis,

1858 631 1992 688 quae
2017 623 2068 673 te
2091 618 2553 676 circumsistunt.
2585 623 2868 677 Haeccum
2888 622 3156 689 dixisset,
3175 626 3354 696 jussit
3371 644 3509 684 eum

1860 706 2060 762 reduci
2083 707 2142 763 in
2173 708 2530 778 custodiam,
2548 710 2771 782 jubens
2802 715 3324 770 commentariensi
3363 733 3510 788 quo-
3555 733 3559 736 ‘

1860 794 2000 850 tidie
2027 797 2076 852 ei
2101 797 2239 853 dare
2272 800 2511 854 unciam
2535 801 2708 872 panis
2733 807 2788 856 et
2809 807 3017 873 potum
3034 820 3274 874 aquam,
3300 809 3356 859 et
3376 821 3508 876 pro-

1859 883 2070 940 hibens
2083 902 2156 941 ne
2171 887 2246 944 ab
2267 887 2383 943 ullo
2399 889 2712 945 videretur.
2741 889 3068 947 Verebatur
3084 892 3266 960 enim,
3282 909 3356 948 ne
3371 894 3508 965 quis

1860 988 1932 1029 ex
1959 973 2032 1029 iis
2063 976 2168 1047 qui
2193 976 2271 1032 ad
2300 979 2499 1048 ipsum
2530 978 2864 1035 attinebant
2893 980 2944 1035 ei
2968 980 3137 1038 daret
3178 982 3463 1039 alimenta
3493 1000 3508 1041 :

1860 1064 2140 1136 ignorans
2168 1066 2401 1138 stultus,
2433 1069 2594 1140 quod
2611 1070 2742 1125 Non
2767 1068 2830 1124 in
2855 1071 2976 1126 solo
2991 1087 3142 1142 pane
3164 1072 3305 1128 vivit
3319 1072 3510 1140 homo,

1858 1154 1961 1210 sed
1985 1153 2049 1209 in
2075 1155 2236 1211 omni
2265 1155 2439 1211 verbo
2488 1158 2647 1228 quod
2699 1158 2820 1215 exit
2849 1175 2958 1228 per
2985 1176 3047 1216 os
3092 1160 3191 1216 Dei
3246 1163 3312 1216 ¹³.
3365 1162 3510 1219 San-

1860 1247 1990 1297 ctus
2020 1249 2222 1299 autem
2253 1245 2418 1301 Plato
2452 1247 2744 1316 transegit
2773 1247 2981 1304 decem
3021 1255 3078 1305 et
3117 1255 3251 1306 octo
3292 1251 3416 1307 dies
3448 1253 3510 1308 in

1861 1333 2154 1402 custodia,
2189 1341 2245 1389 et
2278 1340 2338 1390 ut
2368 1335 2426 1390 in
2455 1337 2581 1406 ipso
2614 1352 2855 1409 quoque
2882 1338 3229 1410 impleretur
3257 1339 3318 1396 id
3350 1342 3510 1412 quod

1861 1421 2149 1494 scriptum
2175 1429 2265 1479 est
2285 1443 2298 1476 :
2316 1425 2522 1480 Justus
2552 1440 2628 1480 ex
2645 1426 2763 1493 ﬁde
2791 1428 2964 1495 vivet,
2991 1429 3057 1494 ‘9,
3087 1428 3273 1485 noluit
3293 1448 3329 1486 a
3350 1447 3511 1486 com-

1859 1512 2239 1567 mentariensi
2268 1529 2489 1584 panem
2528 1515 2774 1570 omnino
2814 1523 2916 1572 aut
2953 1533 3174 1589 aquam
3204 1519 3508 1592 |accipere.

1859 1600 2092 1656 Sciebat
2121 1600 2301 1667 enim,
2328 1603 2842 1675 quodquiDanieli
2869 1607 3030 1661 misit
3050 1607 3507 1678 nutrimentum,

1859 1689 1962 1759 qui
1991 1695 2116 1745 erat
2145 1689 2204 1744 in
2240 1692 2434 1747 medio
2462 1691 2708 1747 leonum
2737 1696 2803 1758 ’0,
2840 1696 2964 1766 ipse
3012 1696 3212 1767 ipsum
3266 1713 3509 1771 quoque

165 1779 242 1841 Ὠς
263 1776 316 1832 δὲ
361 1781 410 1831 οἱ
449 1778 675 1851 φύλακες
722 1777 992 1851 ἐθεώρουν,
1038 1776 1267 1850 μηδενός
1312 1786 1490 1832 τοῦτον
1530 1784 1748 1850 γευόμε-

1866 1778 2076 1833 nutriet
2129 1780 2186 1834 in
2237 1779 2530 1837 custodia.
2592 1785 2912 1854 Postquam
2975 1793 3173 1840 autem
3233 1788 3508 1843 custodes

170 1888 256 1932 νον,
284 1865 642 1927 δειλιάσαντες
685 1872 753 1939 μή
804 1863 1068 1940 διαφθαρῇ
1117 1869 1217 1919 ὑπὸ
1266 1876 1357 1919 τοῦ
1385 1867 1558 1940 λιμοῦ,
1591 1888 1748 1941 παρε-

166 1957 330 2010 καλουν
385 1957 544 2010 αὐτόν
620 1956 852 2027 λέγοντες
912 1973 923 1986 ·
982 1959 1137 2028 Φάγε,
1205 1954 1458 2030 ἄνθρωπε,
1514 1963 1584 2028 μή
1640 1977 1747 2018 πως

166 2043 560 2118 κινδυνεύσωμεν
609 2047 760 2116 ἡμεῖς
805 2054 900 2097 σοῦ
930 2042 1157 2117 μηδενός
1189 2045 1411 2106 θέλοντος
1455 2047 1748 2118 γεύσασθαι

167 2143 248 2186 τῶν
286 2138 716 2210 προσφερομένων
765 2153 848 2186 σοι
889 2135 1012 2208 παρ’
1062 2136 1228 2206 ἡμῶν.
1278 2133 1335 2186 Ὁ
1383 2131 1441 2186 δὲ
1494 2136 1748 2208 μακάριος

164 2226 350 2277 Πλάτων
401 2222 545 2276 εἶπεν
596 2242 606 2252 °
666 2226 744 2280 Μή
806 2229 1084 2296 νομίσητε,
1154 2220 1194 2273 ὦ
1254 2220 1460 2297 ἄνδρες,
1514 2225 1592 2276 ὅτι
1648 2222 1746 2295 ἐγὼ

162 2314 425 2372 τελευτήσω
483 2316 672 2365 τούτου
719 2314 884 2386 χάριν
936 2321 1024 2365 τοῦ
1077 2317 1146 2385 μή
1202 2313 1360 2366 θέλειν
1412 2311 1602 2364 ἐσθίειν
1643 2326 1742 2384 με·

161 2405 277 2473 ὑμᾶς
309 2406 407 2478 γὰρ
443 2409 620 2477 τρέφει
659 2404 833 2476 ἄρτος,
885 2402 973 2474 ἐμὲ
1005 2399 1063 2454 δε
1094 2402 1238 2473 λόγος
1294 2401 1536 2464 ἀληθινός
1565 2399 1750 2475 διαμέ-

162 2513 243 2542 νων
272 2493 338 2554 εἰς
365 2492 534 2544 αἰῶνα
574 2491 757 2552 αἰῶνος
786 2509 798 2520 ’
832 2497 921 2543 καὶ
973 2493 1102 2563 ὑμᾶς
1156 2495 1245 2563 μὲν
1277 2492 1532 2566 χορτάζει
1571 2495 1746 2564 κρέας,

164 2581 236 2652 ἐμὲ
265 2578 319 2633 δὲ
348 2581 508 2652 εὐχή.
554 2579 708 2652 ’Υμᾱς
756 2579 1014 2654 εὐφραίνει
1058 2576 1210 2645 οἶνος,
1257 2580 1344 2652 ἐμὲ
1390 2576 1447 2632 δε
1495 2584 1746 2655 Χριστός,

165 2672 187 2727 ἡ
252 2669 462 2728 ἀληθινή
559 2677 649 2721 τοῦ
725 2667 952 2743 ἀοράτου
1027 2672 1227 2743 Πατρός
1292 2669 1531 2742 ἄμπελος.
1587 2669 1750 2741 ’Υμεῐς

165 2757 474 2831 προσδοκᾶτε
535 2761 742 2810 ἔπαινον
800 2762 944 2831 παρὰ
1021 2757 1300 2831 ἀνθρώπων
1355 2758 1598 2824 ἀκούσαι,
1656 2759 1750 2831 ἐγὼ

166 2845 215 2900 δε
243 2855 400 2920 φωνήν
433 2852 761 2906 Δεσποτικήν
805 2852 941 2900 κατά
988 2853 1080 2906 τήν
1125 2850 1321 2924 ἡμέραν
1375 2857 1468 2909 τῆς
1507 2854 1746 2921 κρίσεως,

164 2938 264 2989 καθ’
330 2939 388 2996 ἣν
446 2937 556 3012 ἐρεῖ
603 2938 628 2988 ὁ
681 2942 960 3012 Λυτρωτής
1023 2945 1114 2990 τοῦ
1176 2943 1377 3009 κόσμου
1441 2944 1666 3012 Χριστός
1732 2955 1747 2970 ⁶

166 3035 318 3091 Δεῦτε,
351 3028 399 3080 οἰ
425 3028 769 3098 εὐλογημένοι
798 3035 889 3078 τοῦ
915 3033 1118 3099 Πατρός
1147 3047 1248 3100 μου
1280 3049 1290 3060 ·
1326 3028 1753 3102 κληρονομήσατε

1861 1883 2000 1922 cum
2057 1869 2334 1925 viderunt
2381 1869 2526 1925 nihil
2556 1887 2810 1942 sumere,
2863 1874 3030 1929 veriti
3080 1891 3153 1930 ne
3186 1876 3445 1932 interiret
3474 1893 3511 1933 a

1860 1955 2036 2022 fame,
2055 1973 2194 2013 eum
2205 1958 2889 2027 hortabantur,diceutes
2910 1979 2922 2018 :
2943 1963 3220 2034 Comede,
3240 1981 3276 2020 o
3299 1966 3505 2032 homo,

1859 2063 1930 2102 ne
1961 2046 2106 2102 forte
2139 2049 2454 2104 veniamus
2493 2049 2552 2104 in
2581 2050 2934 2122 periculum,
2965 2054 3014 2108 si
3056 2058 3119 2108 tu
3150 2054 3301 2110 nolis
3327 2055 3509 2127 quid-

1859 2151 2045 2207 quam
2075 2142 2311 2208 gustare
2339 2153 2546 2194 eorum
2568 2155 2703 2211 quae
2727 2141 2827 2196 tibi
2868 2158 2904 2197 a
2934 2141 3110 2198 nobis
3151 2143 3507 2202 offeruntur.

1861 2226 2072 2281 Beatus
2103 2233 2305 2283 autem
2329 2227 2486 2284 Plato
2507 2229 2648 2284 dixit
2677 2271 2688 2284 .
2721 2230 2802 2286 Ne
2825 2230 3192 2300 existimetis,
3226 2249 3261 2289 ο
3280 2232 3508 2301 fratres,

1859 2331 1955 2369 me
1988 2314 2342 2371 moriturum
2381 2322 2716 2390 propterea,
2775 2320 2940 2392 quod
2996 2336 3119 2376 non
3170 2321 3510 2378 comedam.

1860 2405 1972 2459 Vos
2001 2404 2160 2460 enim
2189 2406 2373 2461 nutrit
2402 2406 2598 2476 panis,
2629 2424 2722 2462 me
2751 2412 2952 2464 autem
2979 2411 3225 2466 verbum
3255 2412 3356 2466 Dei
3385 2427 3514 2483 per-

1861 2508 2114 2548 manens
2133 2493 2193 2548 in
2228 2500 2536 2562 aeternum,
2555 2501 2612 2549 et
2633 2511 2739 2551 vos
2762 2498 3010 2568 quidem
3033 2499 3253 2555 satiant
3281 2516 3509 2568 carnes,

1862 2598 1957 2637 me
1977 2589 2177 2638 autem
2221 2599 2386 2655 purae
2428 2600 2653 2656 preces.
2697 2587 2810 2640 Vos
2850 2586 3108 2643 laetiﬁcat
3138 2588 3364 2652 vinum,
3415 2606 3512 2646 me

1861 2677 2059 2728 autem
2114 2672 2375 2727 Christus
2415 2689 2555 2728 vera
2599 2673 2729 2729 vitis
2784 2675 2988 2742 Patris,
3034 2677 3140 2748 qui
3188 2693 3309 2732 non
3352 2679 3512 2734 cadit

1855 2762 1975 2840 sub
1995 2769 2326 2832 aspectum.
2359 2764 2468 2818 Vos
2515 2765 2868 2834 exspectatis
2915 2764 3121 2821 audire
3161 2765 3404 2822 laudem
3433 2766 3511 2821 ab

1861 2850 2207 2906 hominibus
2241 2867 2253 2905 :
2287 2866 2398 2920 ego
2427 2856 2628 2907 autem
2659 2867 2869 2908 vocem
2911 2854 3282 2910 Dominicam
3319 2855 3380 2909 in
3411 2855 3508 2910 die

1856 2939 2084 3010 judicii,
2106 2956 2230 3012 qua
2258 2940 2412 2996 dicet
2442 2940 2798 3013 Redemptor
2826 2941 3031 2997 mundi
3066 2943 3328 2999 Christus
3355 2963 3367 2996 :
3416 2945 3512 3000 Ve-

1863 3030 2005 3100 nite,
2039 3030 2322 3085 benedicti
2349 3030 2538 3086 Patris
2565 3034 2694 3096 mei,
2719 3033 3012 3100 possidete
3037 3039 3319 3102 paratum
3354 3034 3509 3089 vobis

169 3121 247 3173 τήν
275 3118 669 3190 ήτοιμασμενην
699 3118 820 3188 ύμῖν
863 3115 1135 3188 βασιλείαν
1176 3116 1277 3169 ἀπὸ
1308 3115 1596 3178 καταϐολῆς
1625 3137 1752 3170 κοσ-

1866 3135 2111 3190 regnum
2142 3127 2281 3176 ante
2311 3121 2520 3176 mundi
2549 3121 3026 3179 constitutionem
3056 3124 3124 3178 ²¹.

167 3223 272 3275 μθυ.

228 3295 297 3348 Η’.
332 3298 475 3350 Μετά
525 3293 586 3347 δε
635 3298 831 3369 ἡμέρας
883 3299 1022 3358 τινὰς
1061 3300 1389 3371 προκαθίσας
1419 3298 1444 3348 ό
1479 3298 1756 3370 Ἀγριππῖ-

168 3403 241 3445 νος
301 3385 346 3436 ἐν
405 3394 466 3458 τῇ
531 3383 810 3457 βασιλικῇ,
864 3385 1119 3439 ἐκέλευσεν
1173 3386 1409 3459 ἀχθῆναι
1467 3392 1552 3440 τόν
1607 3388 1754 3460 άγιον

170 3473 415 3528 Πλάτωνα.
468 3477 751 3546 Ἀχθέντος
819 3471 876 3527 δὲ
926 3476 1107 3542 αὑτοῦ,
1155 3475 1289 3528 εἶπεν
1348 3480 1478 3549 πρός
1527 3477 1680 3530 αὐτόν
1734 3495 1754 3514 ο

171 3566 403 3621 nucem
459 3582 557 3636 μοι
608 3564 807 3627 λοιπὸν,
855 3570 945 3617 καὶ
1002 3567 1156 3617 θῦσον
1201 3573 1311 3626 τοῖς
1361 3568 1510 3633 θεοῖς,
1562 3572 1652 3618 καὶ
1695 3571 1753 3618 τὸ

169 3662 322 3713 κακῶς
366 3655 645 3705 ἀποθανεῖν
689 3649 969 3727 κέρδησον.
1017 3654 1073 3706 Ὀ
1121 3654 1269 3726 οἷγιος
1323 3654 1527 3707 Πλάτων
1568 3653 1702 3708 εἶπεν
1735 3672 1748 3688 ⁸

171 3741 379 3812 Ἐμοὶτό
411 3747 510 3815 ζῇν
544 3747 774 3816 Χριστός
805 3749 893 3795 καὶ
938 3748 995 3795 τὸ
1030 3743 1302 3796 ἀποθανεῖν
1348 3742 1554 3818 κέρδος.
1607 3750 1751 3798 Ποίει

173 3826 247 3881 οὖν
271 3835 316 3883 εν
342 3835 500 3903 τάχει
534 3831 600 3892 εἰς
629 3830 715 3903 ἐμὲ
749 3832 774 3883 ὃ
807 3831 984 3904 βούλει
1027 3852 1040 3864 ’
1094 3833 1192 3904 ἐγὼ
1243 3837 1344 3908 γὰρ
1378 3835 1435 3886 οὐ
1472 3837 1574 3887 θύω
1607 3833 1756 3888 εἰδώ-

172 3919 266 3981 λοις
304 3919 563 3993 ἀψύχοις.
620 3925 746 3973 Τότε
797 3918 923 3974 ἰδὼν
967 3925 1024 3973 τὸ
1070 3922 1380 3995 ἀμετάθετον
1412 3932 1505 3986 τῆς
1531 3930 1755 3988 πίστεως

173 4009 332 4082 αὐτοῦ,
383 4009 577 4063 ἔδωκεν
626 4009 888 4084 ἀπόφασιν
939 4013 1052 4063 κατ’
1105 4013 1285 4084 αὐτοῦ,
1342 4015 1423 4066 ἶνα
1473 4013 1750 4088 ἀποτμηθῇ

173 4101 340 4170 κεφαλή
375 4101 561 4152 αὐτοῦ.
602 4099 855 4162 Λαϐόντες
883 4097 941 4153 δε
972 4101 1128 4154 αύτόν
1161 4105 1210 4153 οἱ
1243 4099 1448 4175 δήμιοι,
1484 4105 1756 4176 ἀπήγαγον

177 4188 258 4249 ἔξω
284 4198 369 4250 τῆς
397 4191 597 4251 πόλεως
635 4189 683 4240 ἐν
715 4199 785 4261 τῷ
816 4195 958 4262 τόπῳ
1008 4189 1348 4264 ἐπιλεγομένῳ
1390 4195 1611 4265 Κάμπῳ.
1659 4200 1757 4247 Καὶ

182 4281 288 4340 στὰς
317 4281 341 4330 ό
369 4280 523 4351 οἰγιος
575 4281 777 4353 μάρτυς
820 4280 1165 4352 παρεκάλεσεν
1221 4285 1303 4332 τὸν
1349 4283 1756 4358 σπεκουλάτορα,

178 4369 292 4419 ὥστε
326 4366 567 4421 ἐνδοῦναι
613 4368 751 4440 αύτῷ
791 4369 1206 4444 προσεύξασθαι,
1263 4376 1352 4423 καὶ
1402 4371 1598 4448 ἐπάρας
1644 4379 1758 4434 τοὺς

179 4455 447 4530 ὀφθαλμούς
478 4458 638 4510 αὐτὸν
669 4459 740 4520 εἰς
766 4463 851 4511 τὸν
882 4459 1120 4533 οὐρανόν,
1155 4456 1288 4512 εἶπεν
1329 4478 1341 4491 ·

181 4551 376 4619 Χριστε,
406 4544 700 4623 πρόσδεξαι
729 4547 777 4600 ἕν
808 4549 983 4623 εἰρήνη
1037 4555 1128 4607 τήν
1170 4549 1357 4622 ψυχήν
1383 4571 1484 4624 μου
1519 4571 1529 4582 °
1565 4559 1652 4606 καὶ
1685 4553 1762 4605 ἐκ·

181 4643 325 4697 τείνας
353 4640 437 4689 τόν
490 4637 674 4689 ἑαυτοῦ
705 4638 994 4712 τράχηλον,
1048 4637 1182 4692 εἶπεν
1227 4648 1299 4710 τῷ
1347 4643 1760 4717 σπεκουλάτορι⁶

184 4730 312 4778 Ποίει
355 4732 410 4779 τό
434 4780 439 4783 _
467 4730 807 4802 προσταχθέν
859 4747 962 4782 σοι,
1005 4734 1131 4781 Τότε
1163 4731 1187 4780 ό
1217 4731 1582 4807 σπεκουλάτωρ
1613 4738 1766 4806 κρού-

190 4832 274 4874 σας
310 4816 460 4868 αὐτὸν
509 4825 582 4886 τῷ
630 4817 782 4888 ξίφει,
825 4815 1069 4890 ἀπέτεμεν
1116 4819 1275 4870 αὑτοῦ
1304 4825 1396 4877 τήν
1425 4822 1646 4893 κεφαλήν
1677 4829 1765 4876 καὶ

189 4901 456 4975 πορεδωκεν
490 4909 547 4956 τό
578 4914 779 4978 πνεῦμα
818 4906 978 4958 αὐτοῦ
1010 4916 1081 4978 τῷ
1127 4914 1318 4982 Κυρίῳ.
1353 4913 1422 4961 Τό
1450 4907 1508 4963 δε
1529 4911 1764 4983 λείψανον

189 5000 268 5043 τού
333 4993 485 5065 ἁγίου
563 5000 650 5046 καὶ
728 5001 988 5070 μακαρίου
1067 4996 1335 5060 Πλάτωνος
1413 4998 1651 5064 λαϐόντες
1720 5005 1768 5056 οἱ

191 5087 481 5152 Χριστιανοὶ
539 5086 807 5137 κατέθεντο
853 5085 903 5137 ὲν
952 5094 1020 5156 τῷ
1065 5086 1204 5157 αύτῷ
1250 5092 1408 5159 τόπῳ.
1468 5091 1764 5152 Ἐτελειῶθη

193 5165 290 5221 δεό
331 5172 476 5242 ἅγιος
524 5175 735 5225 Πλάτων
781 5179 906 5246 μηνὶ
952 5174 1223 5250 Νοεμϐρίῳ
1267 5177 1358 5243 ιη’,
1407 5176 1771 5249 βασιλεύοντος

193 5267 274 5309 τοῦ
340 5262 534 5334 Κυρίου
604 5264 750 5334 ἡμῶν
804 5263 982 5320 Ἰησού
1025 5271 1276 5339 Χριστόν,
1433 5270 1461 5325 ἡ
1512 5266 1642 5332 δόξα
1681 5278 1771 5326 καὶ

191 5350 245 5398 τό
301 5353 484 5423 κράτος
529 5359 616 5403 νῦν
679 5358 764 5405 και
831 5353 897 5414 εἰς
957 5357 1076 5414 τούς
1129 5354 1320 5417 αἰῶνας
1384 5366 1484 5409 τῶν
1550 5360 1768 5418 αἰώνων.

145 5485 147 5487 ,
197 5435 368 5510 ’Δμήν.
1749 5441 1756 5444 ’

260 5563 303 5598 ¹³
334 5563 496 5620 Deut.
528 5579 645 5631 vm,
679 5570 707 5622 3
743 5583 758 5632 ;
793 5567 990 5623 Matth.
1020 5581 1099 5633 ιγ,
1131 5571 1184 5624 4.

198 5632 278 5700 34,
352 5637 399 5670 ³³
432 5636 684 5710 Philipp.
715 5653 754 5705 ι,
784 5640 876 5694 21.

575 5743 814 5802 Ριτηοι..
859 5747 958 5802 Cn.
1000 5747 1168 5809 CXV.

1265 5571 1310 5606 ¹⁹
1347 5571 1574 5631 Habac.
1603 5591 1660 5643 ιι,
1687 5578 1720 5633 4
1749 5596 1763 5650 ;
1793 5578 1968 5636 Hebr.
2014 5591 2066 5642 x,
2105 5574 2192 5628 38.

1940 3297 2042 3350 ΧΧ.
2075 3299 2206 3353 Post
2243 3296 2369 3352 dies
2395 3301 2592 3352 autem
2621 3297 2847 3370 aliquot
2878 3299 3205 3371 praesidens
3236 3300 3512 3374 Agrippi—

1865 3401 1977 3441 nus
2006 3387 2065 3442 in
2089 3386 2362 3457 basilica,
2380 3387 2556 3457 jussit
2576 3394 2848 3443 sanctum
2869 3388 3178 3446 Platonem
3211 3391 3290 3446 ad
3311 3393 3511 3462 ipsum

1864 3476 2003 3531 duci
2033 3493 2064 3531 e
2096 3475 2384 3531 custodia.
2410 3477 2555 3530 Cum
2583 3482 2783 3532 autem
2808 3477 3023 3533 ductus
3039 3483 3214 3544 esset,
3239 3479 3384 3537 dicit
3411 3482 3462 3536 ei
3496 3497 3511 3536 :

1865 3572 2004 3620 Pare
2033 3563 2175 3619 mihi
2208 3565 2281 3619 de
2308 3570 2542 3629 caetero,
2575 3569 2631 3619 et
2677 3566 2789 3620 diis
2832 3569 3118 3632 sacriﬁca,
3156 3576 3210 3622 et
3254 3569 3505 3639 lucrare,

1865 3671 1935 3710 ne
1967 3655 2120 3710 male
2153 3653 2444 3710 moriaris.
2508 3654 2656 3710 Dixit
2711 3660 2950 3710 sanctus
3001 3657 3202 3712 Plato:
3261 3660 3396 3714 Mihi
3435 3661 3515 3714 vi-

1864 3761 2020 3810 vere,
2056 3744 2316 3800 Christus
2351 3759 2362 3797 :
2406 3748 2460 3798 et
2499 3759 2606 3814 pro
2638 3743 2769 3814 ipso
2802 3747 2970 3812 mori,
3016 3752 3069 3801 et
3107 3747 3341 3802 lucrum
3368 3751 3415 3782 ²²
3459 3753 3514 3804 et
3549 3792 3553 3794 .

1865 3833 2072 3904 gloria.
2109 3835 2220 3888 Fac
2250 3847 2392 3902 ergo
2423 3831 2567 3887 mihi
2597 3833 2733 3902 cito,
2782 3835 2948 3906 quod
2995 3835 3149 3899 velis,
3185 3852 3297 3906 ego
3349 3837 3510 3893 enim

1864 3939 2178 3995 nunquam
2221 3921 2574 3977 sacriﬁcabo
2614 3921 2951 3978 simulacris
3004 3924 3306 3979 inanimis.
3350 3927 3513 3982 Tune

1865 4031 2004 4070 cum
2027 4012 2267 4068 vidisset
2287 4011 2655 4084 Agrippinus
2679 4013 2860 4068 ﬁdem
2889 4015 3018 4086 ejus
3048 4013 3511 4082 immutabilem,

1867 4104 1993 4159 tulit
2017 4102 2078 4157 in
2104 4117 2242 4157 eum
2275 4101 2648 4166 sententiam,
2686 4109 2746 4156 ut
2771 4107 2950 4175 caput
2997 4103 3047 4158 ei
3079 4109 3514 4175 amputaretur.

1866 4191 2015 4248 Cum
2046 4205 2186 4261 ergo
2213 4206 2349 4246 eum
2377 4190 2749 4261 accepissent
2827 4191 3081 4256 lictores,
3139 4193 3520 4250 abduxerunt

1867 4289 2032 4338 extra
2051 4281 2343 4336 civitatem
2376 4279 2438 4334 in
2463 4279 2612 4350 loco,
2638 4280 2741 4350 qui
2764 4286 3008 4336 vocatur
3028 4280 3310 4353 Campus.
3343 4284 3515 4339 Stans

1868 4378 2067 4427 autem
2093 4375 2333 4425 sanctus
2361 4374 2608 4440 martyr,
2641 4371 2876 4438 rogavit
2907 4370 3351 4442 spiculatorem,
3382 4377 3446 4428 ut
3464 4373 3518 4428 ei

1396 4465 1552 4537 Κύριε
1582 4465 1758 4522 Ἰησοῦ
1791 4499 1839 4557 D
1868 4477 2084 4534 parum
2111 4458 2286 4531 spatii
2313 4457 2663 4514 concederet
2692 4459 2766 4514 ad
2789 4459 3108 4514 orandum.
3137 4461 3247 4526 Qui
3267 4462 3520 4518 sublatis

1869 4550 1928 4604 in
1951 4551 2166 4604 coelum
2188 4547 2308 4603 suis
2329 4548 2544 4614 oculis,
2565 4549 2878 4602 Dominum
2899 4549 3107 4613 oravit,
3130 4549 3334 4606 dicens
3358 4567 3370 4605 :
3396 4556 3522 4622 Ago

1873 4639 1975 4694 tibi
2006 4639 2247 4708 gratias,
2280 4637 2527 4692 Domine
2549 4639 2686 4692 Jesu
2718 4636 2962 4703 Christe,
2992 4639 3153 4709 quod
3186 4645 3394 4695 sancto
3422 4649 3522 4697 tuo

1873 4728 2118 4784 nomine
2148 4727 2454 4799 protexisti
2507 4743 2602 4782 me
2665 4743 2902 4781 servum
2959 4734 3144 4792 tuum,
3208 4735 3262 4783 et
3313 4729 3525 4785 dedisti

1877 4817 2017 4873 mihi
2044 4816 2322 4888 gratiam,
2357 4823 2419 4871 ut
2443 4815 2695 4888 perfecte
2727 4820 2968 4871 cursum
3022 4815 3376 4873 conﬁcerem
3419 4835 3527 4890 pro

1877 4916 1925 4964 te
1955 4907 2206 4978 suscepti
2234 4905 2591 4960 certaminis.
2657 4907 2717 4958 Et
2747 4921 2906 4959 nunc
2965 4920 3112 4975 rogo
3177 4912 3248 4974 te,
3293 4909 3528 4978 suscipe

1875 4998 1931 5053 in
1966 5013 2112 5069 pace
2135 4997 2399 5051 animam
2413 5009 2609 5049 meam
2635 5009 2651 5048 :
2675 4994 2962 5065 quoniam
2989 5011 3049 5049 es
3091 4995 3442 5050 benedictus
3470 4995 3532 5049 in

1880 5087 2120 5151 saecula,
2144 5087 2354 5140 Amen.
2383 5086 2542 5139 Tunc
2571 5100 2704 5137 cum
2732 5082 2952 5138 collum
2974 5101 3147 5138 suum
3172 5085 3535 5140 extendisset

1878 5177 2024 5232 dixit
2081 5174 2422 5247 spiculatori
2481 5174 2594 5228 Fac
2652 5173 2864 5238 amice,
2913 5173 2971 5227 id
3037 5174 3203 5244 quod
3264 5173 3372 5228 fuit
3427 5174 3534 5230 tibi

1879 5263 2589 5338 imperatum.Spiculator
2602 5268 2801 5317 autem
2815 5279 2952 5317 eum
2967 5263 3160 5332 gladio
3177 5263 3530 5333 percutiens,

1880 5357 2132 5414 abscidit
2160 5357 2288 5426 ejus
2344 5359 2618 5408 sanctum
2657 5357 2878 5423 caput:
2933 5357 2990 5407 et
3041 5353 3239 5407 statim
3297 5353 3539 5410 tradidit

1882 5446 2133 5505 Domino
2159 5461 2334 5500 suum
2364 5441 2655 5514 spiritum.
2686 5440 2959 5496 Pretiosae
2983 5447 3183 5497 autem
3236 5447 3293 5498 et
3321 5449 3544 5500 sanctae

2273 5571 2318 5604 ²⁰
2363 5571 2508 5624 Dan.
2556 5581 2671 5634 xiv,
2706 5566 2792 5622 32.
2838 5582 3007 5641 seqq.
3085 5568 3128 5603 ²¹
3169 5568 3366 5625 Matth.
3397 5585 3540 5640 xxv,

3198 5750 3266 5804 14
