4034 6206
569 319 671 373 427

1963 313 2223 371 MENSIS
2264 314 2535 371 JULIUS.

3812 315 3903 369 498

565 442 723 499 beati
750 440 1010 498 Platonis
1042 438 1303 513 reliquias
1334 445 1594 513 acceptm
1635 459 1670 499 a
1711 442 2080 506 Christianis,
2121 440 2406 512 depOsitae
2446 439 2683 496 fuerunt
2722 441 2779 495 in
2822 440 3029 497 eodem
3072 438 3223 501 loco,
3257 438 3355 507 qui
3386 436 3605 493 dicitur
3636 439 3899 510 Campus.

566 531 1031 588 Consummatus
1061 534 1261 585 autem
1295 529 1401 585 fuit
1452 536 1690 587 sanctus
1749 536 1805 587 et
1853 531 2146 603 gloriosus
2181 534 2427 601 martyr,
2461 530 2625 585 Plato
2671 528 3072 593 beatissimus,
3131 526 3352 581 mensis
3412 529 3756 582 Novembris
3812 529 3905 583 de-

563 621 719 677 cimo
750 625 978 687 octavo,
1012 623 1300 690 regnante
1322 620 1573 676 Domino
1605 626 1810 677 nostro
1836 622 1972 676 .lesu
2022 619 2289 675 Christo:
2352 618 2445 673 cui
2485 618 2673 691 gloria
2726 623 2783 674 et
2839 619 3104 691 potentia
3163 618 3220 670 in
3271 616 3490 672 saecula
3545 616 3897 671 saeculorum.

560 711 772 767 Amen.

1682 934 2810 1053 ΥΠΟΜΝΗΜΑΤΑ

1044 1144 1261 1233 ΤΩΝ
1304 1145 1643 1234 ΑΓΙΩΝ
1703 1146 2010 1233 ΕΠΤΑ
2055 1144 2169 1229 ΠΛ

2277 1142 2487 1230 ΔΩΝ
2550 1144 2772 1231 ἸὨΝ
2834 1146 2975 1231 EN
3022 1141 3378 1229 ΕΦΕΣΩ

1708 1303 1855 1351 ΠΕΡΙ
1895 1304 2021 1350 ΤΗΣ
2062 1300 2488 1350 ΔΝΑΣΤΑΣΕΩΣ
2530 1302 2771 1350 ΑΥΤΩΝ.

1087 1579 1855 1671 COMMENTARII
1945 1580 2373 1666 SEPTEM
2462 1579 3366 1668 ADOLESCENTIUM

1709 1761 1841 1831 QUI
1883 1760 2157 1821 EPHESI
2202 1758 2732 1829 DORMIERUNT.

1065 1894 1267 1954 (Latine
1298 1907 1383 1958 ap.
1416 1894 1629 1944 Surium
1665 1893 1731 1942 ad
1760 1892 1881 1941 Julii
1904 1894 1963 1941 27
1999 1908 2010 1951 ;
2039 1892 2212 1941 Graece
2246 1906 2309 1942 ex
2335 1892 2451 1941 cod.
2492 1907 2587 1943 ms.
2613 1894 2776 1950 Paris,
2818 1908 2871 1942 n.
2910 1894 3047 1942 1485.
3087 1907 3205 1943 saec.
3242 1893 3350 1953 x1.)

612 2138 652 2191 Ι.
693 2137 947 2191 Tenente
1005 2135 1178 2189 Decio
1203 2134 1453 2190 Romani
1485 2134 1717 2206 imperii
1765 2134 2194 2206 principatum,
2227 2135 2273 2188 A

540 2223 776 2293 accidit,
798 2227 860 2278 ut
883 2223 1013 2295 ipse
1035 2238 1105 2278 ex
1132 2222 1506 2293 Cartagenna
1524 2224 1758 2278 civitate
1790 2223 1849 2277 in
1873 2223 2193 2294 Ephesum,

541 2311 725 2368 multo
772 2311 969 2368 furore
999 2312 1276 2383 percitus,
1331 2311 1731 2368 descenderet.
1794 2314 1954 2367 Tunc
1998 2312 2196 2366 omnis

536 2400 793 2457 ﬁnitima
819 2401 981 2471 regio
1012 2400 1073 2455 in
1102 2416 1237 2456 eam
1270 2400 1481 2457 urbem
1515 2401 1809 2468 convenit,
1844 2405 1903 2455 ut
1936 2401 2105 2455 vanis
2139 2404 2196 2454 et

535 2489 698 2547 falsis
718 2490 833 2544 diis
855 2489 1213 2546 immolaret.
1239 2492 1453 2545 Eorum
1476 2506 1637 2558 vero,
1662 2490 1763 2562 qui
1788 2488 2194 2545 Christiﬁdem

535 2577 958 2650 sequebantur,
1016 2578 1285 2633 Ecclesia:
1339 2578 1620 2651 dispersae
1668 2582 1826 2634 sunt.
1878 2577 2194 2633 Christiani

532 2666 694 2723 enim
724 2671 849 2722 tam
879 2666 1235 2733 sacerdotes,
1275 2682 1461 2739 quam
1503 2667 1654 2732 laici,
1727 2667 2062 2722 metuebant
2113 2671 2196 2738 ty-

531 2755 702 2813 ranni
721 2760 1051 2828 aspectum.
1072 2756 1335 2823 Quicum
1354 2756 1656 2825 ingressus
1680 2761 1833 2812 esset
1869 2755 2195 2828 Ephesum,

532 2848 735 2903 animo
761 2845 914 2902 elato
945 2846 1002 2900 in
1029 2846 1228 2901 media
1284 2844 1423 2901 urbe
1479 2846 1656 2918 ccepit
1704 2845 1863 2901 idola
1916 2846 2139 2914 erigere
2175 2862 2187 2900 :

528 2951 785 3007 cumque
816 2935 926 2989 illis
968 2939 1121 2990 totus
1162 2939 1315 2989 esset
1355 2934 1649 3003 addictus,
1696 2935 1981 3006 praecepit
2024 2934 2187 2988 urbis

527 3022 939 3095 optimatibus.
971 3028 1033 3077 ut
1055 3023 1227 3078 vanis
1254 3022 1367 3077 illis
1396 3022 1511 3077 diis
1536 3038 1738 3077 secum
1768 3038 1885 3077 una
1916 3024 2187 3077 victimas

526 3110 824 3167 offerrent.
858 3113 1056 3183 Itaque
1088 3111 1464 3167 victimarum
1494 3112 1786 3182 sanguine
1812 3111 1942 3167 loca
1973 3111 2068 3167 illa
2097 3127 2181 3167 re-
2210 3132 2219 3181 ,η

525 3199 865 3272 plebantur,
897 3205 953 3255 et
972 3215 1182 3255 omnes
1209 3200 1397 3255 turbae
1434 3200 1699 3271 undique
1745 3200 1822 3255 ad
1856 3200 2177 3264 idolorum,

523 3304 657 3361 quae
686 3294 853 3345 erant
885 3288 1121 3360 Ephesi,
1144 3288 1549 3344 celebritatem
1575 3288 1976 3345 conﬂuebant.
2004 3292 2181 3345 Fama

522 3378 683 3436 enim
721 3393 826 3451 per
856 3376 1003 3433 ﬁnes
1032 3377 1190 3433 illius
1221 3377 1479 3447 regionis
1514 3376 1965 3445 divulgabatur,
2017 3378 2174 3449 quod

2378 2134 2453 2188 A'.
2507 2136 2756 2206 Ἐγένετο,
2814 2134 3183 2207 βασιλεύοντος
3241 2138 3423 2186 Δεκίου
3477 2142 3574 2195 τῆς
3627 2142 3719 2186 τῶν
3772 2132 3880 2185 Ῥω·-

2305 2228 2471 2295 μαίων
2520 2223 2711 2297 ἀρχῆς,
2758 2225 3017 2276 κατελθεῖν
3049 2228 3204 2276 αὐτὸν
3241 2223 3288 2275 ἐν
3336 2230 3562 2297 πρώτοις
3611 2222 3707 2274 ἀπὸ
3758 2230 3879 2294 Καρ-

2308 2315 2527 2384 θαγένης
2578 2323 2671 2374 τῆς
2745 2314 2932 2374 πόλεως
3005 2314 3053 2365 ἐν
3120 2316 3316 2385 Ἐφέσῳ
3392 2314 3441 2365 ἐν
3496 2313 3661 2382 πολλῷ
3729 2315 3875 2384 θυμώ.

2304 2405 2549 2474 Συνήχθη
2620 2400 2679 2456 δὲ
2725 2410 2872 2456 πᾶσα
2929 2406 2957 2461 ἡ
3023 2408 3322 2477 περίχωρος
3362 2410 3457 2454 τοῦ
3507 2408 3664 2455 τόπου
3704 2401 3873 2453 ἐκείνου

2306 2492 2375 2553 εἰς
2426 2495 2518 2553 τὰς
2562 2494 2745 2553 θυσίας
2793 2501 2890 2544 τῶν
2942 2498 3171 2565 ματαίων
3219 2494 3363 2544 θεῶν.
3422 2494 3485 2543 Αἱ
3526 2488 3584 2543 δε
3632 2490 3877 2547 ἐκκλησίαι

2304 2589 2401 2632 τῶν
2458 2590 2658 2633 πιστῶν
2704 2578 3211 2654 διεσκορπίσθησαν,
3261 2585 3348 2631 καὶ
3410 2583 3457 2631 οὶ
3514 2583 3658 2653 ἱερεῖς
3715 2585 3793 2630 καὶ
3836 2581 3875 2630 οἱ

2302 2678 2613 2743 Χριστιανοὶ
2644 2677 2732 2723 καὶ
2780 2678 2884 2733 πᾶς
2936 2674 2961 2723 ὁ
3011 2672 3355 2744 φιλόχριστος
3406 2670 3525 2730 λαός
3575 2668 3873 2741 ἐφοϐήθησαν

2305 2757 2511 2833 σφόδρα
2558 2760 2658 2812 ἀπὸ
2701 2767 2986 2835 προσώπου
3037 2768 3130 2813 τοῦ
3175 2762 3451 2835 τυράννου.
3502 2759 3623 2811 Ὀτε
3672 2755 3752 2810 οὖν
3781 2758 3873 2809 εἱσ-

2301 2849 2448 2907 ῆλθεν
2482 2853 2707 2911 Δέκιοςό
2757 2850 3000 2921 βασιλεὺς
3052 2851 3122 2911 εἰς
3169 2856 3411 2921 Ἔφεσον,
3464 2849 3645 2919 ὑψώθη
3692 2850 3719 2905 ἡ
3766 2866 3871 2918 καρ-

2300 2935 2392 2989 δία
2420 2940 2601 2999 αὐτοῦ,
2633 2944 2721 2991 καὶ
2747 2940 2939 3013 ἤρξατο
2984 2936 3278 3011 οἰκοδομεῖν
3327 2943 3486 3000 ναοὺς
3535 2946 3635 2997 τοῖς
3667 2934 3867 2995 εἰδώλοις

2296 3025 2343 3078 ἐν
2371 3032 2503 3099 μέση
2538 3036 2595 3100 τῇ
2644 3028 2787 3080 πόλει
2835 3049 2846 3059 ·
2882 3034 2969 3081 καὶ
3010 3030 3088 3080 ὅτε
3120 3027 3343 3099 ἐξεχύθη
3394 3028 3441 3079 ἐν
3486 3036 3556 3097 τῷ
3608 3026 3865 3095 ἔλληνισμῷ

2294 3119 2408 3167 τότε
2438 3116 2750 3191 παρήγγειλε
2788 3124 2897 3177 τοῖς
2947 3122 3173 3190 πρώτοις
3216 3126 3311 3178 τῆς
3351 3116 3551 3177 πόλεως
3600 3117 3725 3167 θύειν
3770 3112 3864 3184 μετ’

2292 3205 2452 3256 αὐτοῦ
2480 3214 2582 3266 τοῖς
2612 3212 2852 3277 ματαίοις
2884 3209 3019 3268 θεοῖς
3053 3225 3065 3236 ·
3099 3210 3181 3257 καὶ
3221 3206 3393 3268 οὕτως
3424 3206 3629 3278 ἐμὸλυνε
3669 3207 3728 3255 τὰ
3769 3208 3862 3253 σώ-

2289 3314 2430 3365 ματα
2456 3295 2623 3347 αὐτῶν
2655 3294 2701 3346 ἐν
2747 3304 2817 3365 τῷ
2857 3298 3040 3367 αἵματι
3084 3304 3183 3347 τῶν
3228 3298 3450 3362 θυσιῶν,
3501 3301 3588 3347 καὶ
3615 3297 3771 3347 πάντα
3808 3295 3862 3344 τὰ

2288 3383 2385 3441 πλη
2399 3386 2459 3442 θη
2490 3390 2769 3456 συνήγοντο
2803 3385 2902 3437 ἀπὸ
2935 3387 3157 3438 ἑκάστου
3191 3391 3351 3437 τόπου
3381 3388 3454 3448 εἰς
3475 3390 3588 3445 τοὺς
3606 3388 3748 3444 ναοὺς
3775 3392 3860 3434 τών

522 3467 739 3523 scilicet
764 3467 1143 3523 victimarum
1175 3466 1350 3522 nidor
1380 3482 1447 3521 ex
1469 3467 1615 3522 urbe
1653 3468 1849 3522 media
1902 3468 1961 3522 in
1988 3468 2169 3523 altum

2286 3469 2510 3523 εἰδώλων
2542 3479 2655 3525 τότε
2698 3479 2852 3526 ὄντων
2898 3474 2945 3526 ἐν
2976 3476 3173 3547 Ἐφέσῳ
3215 3492 3226 3505 ·
3260 3480 3350 3526 καὶ
3387 3478 3411 3527 ὁ
3443 3480 3628 3535 καπνὸς
3656 3482 3745 3525 τῶν
3783 3492 3860 3523 κα-

521 3556 835 3629 prosiliret.

588 3826 660 3883 ΙΙ.
690 3826 835 3881 Cum
872 3824 1051 3895 igitur
1076 3824 1233 3880 diem
1267 3823 1483 3880 festum
1511 3840 1757 3880 suorum
1791 3824 2035 3881 deorum
2067 3826 2171 3881 De-

514 3916 641 3971 cius
661 3919 880 3985 ageret,
908 3919 1083 3985 atque
1104 3913 1290 3983 ipsius
1309 3915 1486 3984 jussu
1518 3915 1795 3971 universa
1854 3915 2168 3971 multitudo

510 4005 588 4061 ob
605 4020 735 4060 eam
758 4002 1159 4059 celebritatem
1176 4002 1256 4057 ad
1279 4004 1500 4075 templa
1520 4003 1817 4059 idolorum
1834 4020 1967 4076 quae
2000 4009 2169 4061 erant

510 4092 743 4165 Ephesi,
766 4108 838 4147 ex
855 4090 1138 4147 omnibus
1156 4090 1301 4146 locis
1323 4092 1575 4163 impigre
1599 4093 1945 4156 conﬂueret,
1965 4110 2033 4149 ac
2054 4094 2167 4149 diis

506 4182 733 4246 libaret,
766 4196 1025 4253 cumque
1052 4185 1173 4236 tota
1206 4179 1303 4235 illa
1355 4180 1497 4234 urbs
1529 4180 1821 4237 sacriﬁcia
1849 4181 2160 4249 redoleret,

504 4268 707 4325 ﬁdeles
739 4268 1011 4324 homines
1040 4268 1232 4323 tristes
1258 4273 1446 4335 erant,
1474 4267 1653 4323 iidem
1680 4276 1735 4323 et
1760 4268 1837 4325 ab
1864 4269 2162 4327 idolorum

502 4357 825 4414 cultoribus
848 4356 1558 4428 opprimebantur.ltaque
1583 4358 1787 4428 partim
1810 4373 2164 4431 persequen-

503 4448 649 4503 tium
672 4446 1118 4515 orafugiebant,
1155 4461 1225 4500 ne
1251 4445 1681 4517 comprehendi
1706 4454 1954 4517 possent
1982 4466 1994 4503 :
2028 4466 2159 4521 par-

498 4536 600 4591 tim
632 4550 759 4590 sese
785 4534 1182 4590 occultabant.
1217 4534 1425 4589 Tribus
1450 4540 1653 4591 autem
1680 4535 1895 4591 diebus
1957 4543 2159 4609 postea

497 4622 818 4694 imperator
847 4622 1106 4677 edictum
1137 4623 1479 4693 praeposuit,
1523 4628 1583 4678 ut
1615 4624 1921 4680 Christiani
1944 4642 2154 4683 omnes

495 4716 848 4783 caperentur
868 4727 879 4765 :
900 4726 1021 4783 quo
1041 4715 1305 4782 tempore
1317 4711 1563 4781 gentiles
1581 4713 1844 4769 acJudeei
1862 4716 2155 4785 urgebant

2283 3569 2384 3612 κῶν
2424 3567 2740 3637 περιέσπασε
2798 3568 2917 3625 τοὺς
2958 3564 3193 3629 πολλοὺς,
3246 3567 3331 3615 καὶ
3382 3568 3440 3616 τὸ
3493 3570 3673 3621 σκότος
3716 3560 3854 3614 καὶὴ

2281 3656 2474 3703 κνίσσα
2503 3661 2600 3704 τῶν
2627 3655 2818 3705 θυσιῶν
2852 3653 3018 3705 αὐτῶν
3058 3654 3124 3704 ὧν
3156 3655 3300 3706 ἔθυον
3330 3662 3443 3715 τοῖς
3472 3658 3701 3727 ματαίοις
3728 3646 3857 3703 εἰδώ·

2280 3740 2387 3802 λοις
2419 3740 2673 3794 ἀνέϐαινεν
2704 3742 2759 3794 ἐκ
2788 3747 2954 3814 μέσης
2982 3751 3076 3804 τῆς
3114 3743 3323 3804 πόλεως.

2356 3832 2424 3884 lt’.
2487 3830 2573 3893 Ὠς
2627 3829 2714 3883 οὖν
2761 3832 2940 3905 ἑορτὴν
2994 3830 3209 3884 ἐπετελει
3268 3834 3293 3883 ὁ
3365 3837 3542 3894 Δέκιος
3590 3838 3689 3891 τοῖς
3739 3832 3855 3887 θεοῖς

2278 3919 2458 3986 αὐτοῦ,
2513 3920 2740 3973 ἐκελευσε
2793 3927 2893 3973 πᾶν
2941 3925 2999 3974 τὸ
3047 3921 3237 3981 πλῆθος
3288 3924 3621 3995 συναχθῆναι
3670 3921 3732 3981 εἰς
3772 3922 3852 3974 τὴν

2278 4008 2457 4075 ἑορτὴν
2491 4018 2589 4060 τῶν
2643 4012 2764 4062 θεῶν
2809 4030 2820 4042 ·
2864 4016 2975 4063 τότε
3036 4016 3321 4081 συνήγοντο
3366 4012 3527 4064 πολλὰ
3569 4010 3732 4068 πλήθη
3777 4006 3849 4078 ἀφ’

2277 4098 2501 4149 ἑκάστου
2559 4104 2719 4151 τόπου
2776 4100 2846 4162 εἰς
2898 4104 3013 4159 τοὺς
3085 4104 3234 4160 ναοὺς
3298 4108 3401 4151 τῶν
3475 4097 3693 4153 εἰδώλων
3761 4105 3848 4148 τῶν

2275 4192 2430 4238 ὄντων
2478 4187 2525 4238 ἐν
2556 4193 2699 4260 μέσῳ
2739 4197 2834 4250 τῆς
2875 4189 3087 4253 πόλεως,
3136 4195 3225 4240 καὶ
3275 4186 3494 4242 ἔσπενδε
3538 4198 3643 4250 τοῖς
3687 4189 3843 4247 θεοῖς’

2274 4276 2528 4337 ἐπώζεσεν
2581 4274 2639 4329 δέ
2698 4286 2841 4330 πᾶσα
2884 4281 2914 4335 ἡ
2966 4278 3106 4338 πόλις
3153 4277 3252 4330 ἀπὸ
3296 4288 3396 4330 τῶν
3454 4282 3661 4343 θυσιῶν,
3727 4280 3847 4348 μέγα

2273 4363 2331 4418 δὲ
2384 4370 2560 4427 πένθος
2608 4376 2823 4439 κατεῖχε
2872 4372 2991 4428 τοὺς
3049 4372 3284 4433 πιστοὺς,
3356 4374 3445 4421 καὶ
3514 4368 3843 4420 ἐταπεινοῦντο

2271 4455 2369 4507 ἀπὸ
2424 4466 2523 4507 τῶν
2571 4453 2973 4531 εἰδωλολατρών.
3030 4462 3129 4509 Καὶ
3183 4461 3389 4529 ἔφευγον
3444 4463 3529 4510 καί
3581 4457 3841 4509 ἐκάλυπτον

2266 4547 2330 4596 τὰ
2364 4551 2617 4618 πρόσωπα
2658 4546 2846 4611 αὐτῶν,
2889 4552 2977 4598 καὶ
3030 4546 3182 4607 πολὺς
3234 4551 3519 4619 στεναγμὸς
3562 4551 3647 4597 καὶ
3686 4542 3841 4615 ὀδυρ-

2263 4638 2354 4705 μὸς
2408 4642 2649 4706 κατεῖχεν
2701 4635 2905 4701 αὐτοὺς,
2965 4636 3064 4687 ἀπὸ
3120 4641 3403 4709 προσώπου
3459 4644 3548 4688 τοῦ
3606 4632 3834 4687 διώκτου.

2264 4729 2363 4775 Καὶ
2410 4732 2470 4796 τῇ
2532 4727 2699 4798 ἡμέρᾳ
2753 4732 2813 4796 τῇ
2866 4728 3013 4797 τρίτη
3066 4724 3321 4777 ἐκέλευσεν
3370 4727 3395 4776 ὁ
3438 4724 3681 4797 βασιλεὺς
3714 4722 3835 4784 ἰξαίο

494 4800 725 4857 milites.
754 4801 977 4855 Passim
1004 4800 1182 4871 igitur
1207 4800 1514 4857 Christiani
1540 4802 1812 4858 homines
1835 4805 2152 4861 traheban-

2277 4832 2386 4873 ονης
2421 4815 2742 4884 κατέχεσθαι
2792 4818 2908 4876 τοὺς
2960 4817 3331 4885 Χριστιανούς.
3386 4817 3450 4866 Οἱ
3492 4811 3549 4867 δὲ
3590 4813 3827 4875 Ἕλληνες,

489 4893 584 4946 tur
606 4889 682 4945 ad
709 4888 936 4957 turbas,
964 4905 1094 4961 quae
1121 4890 1178 4944 in
1203 4905 1391 4945 unum
1417 4890 1617 4945 locum
1654 4900 2060 4951 convenerant
2088 4901 2149 4950 ut

488 4995 611 5036 una
671 4995 809 5036 cum
864 4978 1223 5052 imperatore
1278 4978 1449 5034 idolis
1502 4980 1919 5038 sacriﬁcarent.
1983 4984 2145 5041 Tunc

485 5069 757 5126 nonnulli
790 5074 1080 5124 tormenta
1103 5068 1514 5133 formidantes,
1548 5070 1906 5126 excidebant
1934 5090 1967 5127 a
2000 5074 2140 5141 ﬁde,

483 5164 540 5215 et
565 5175 769 5215 coram
806 5157 979 5214 turba
1009 5158 1110 5213 illa
1144 5158 1350 5214 miseri
1378 5158 1455 5214 ad
1488 5159 1785 5216 idolorum
1844 5163 2142 5223 sacriﬁcia

480 5247 857 5304 decidebant.
894 5252 961 5303 At
999 5249 1101 5319 qui
1130 5264 1199 5303 ex
1229 5250 1432 5304 animo
1465 5249 1676 5306 Christi
1708 5251 1885 5307 ﬁdem
1920 5270 2138 5327 seque-

477 5334 718 5404 bantur,
746 5352 883 5391 cum
912 5336 1188 5392 audirent
1210 5337 1441 5409 aliquos
1463 5337 1665 5410 lapsos
1690 5339 1872 5397 fuisse
1898 5342 2135 5400 illorum

476 5438 685 5482 casum
710 5440 1077 5498 magnopere
1119 5426 1411 5495 dolentes,
1439 5428 1793 5485 miserorum
1819 5430 2134 5490 hominum

475 5512 713 5589 animas
741 5513 1037 5586 lugebant,
1066 5518 1166 5589 qui
1203 5522 1443 5589 pmptcr
1478 5525 1700 5575 metum
1729 5520 1803 5575 ad
1834 5520 2127 5581 idolorum

474 5584 766 5663 sacriﬁcia
786 5603 1013 5675 delapsi
1035 5606 1286 5663 fuerant.
1310 5608 1659 5682 Quicunque
1676 5627 1813 5667 vero
1826 5630 1892 5669 ex
1915 5630 2121 5672 eorum

2258 4904 2345 4950 καὶ
2405 4903 2452 4952 οἱ
2511 4898 2759 4953 Ἰουδαῖοι
2822 4902 3095 4955 ἑκολλῶντο
3154 4911 3263 4965 τοίς
3330 4909 3685 4977 στρατιώταις,
3753 4904 3830 4950 καὶ

2257 4987 2355 5040 ἀπὸ
2404 4998 2500 5041 τῶν
2555 4991 2729 5043 οἰκιῶν
2782 4996 2868 5044 καὶ
2908 5001 3005 5044 τῶν
3050 4992 3239 5045 πόλεων
3284 4996 3466 5065 ἔσυρον
3516 4996 3603 5043 καὶ
3646 4989 3828 5053 ἐξέϐαλ-

2253 5077 2335 5129 λον
2380 5084 2499 5141 τους
2550 5086 2920 5152 Χριστιανοὺς,
2962 5087 3049 5134 καὶ
3094 5085 3257 5134 ὤθουν
3307 5082 3495 5143 αὐτοὺς
3532 5084 3654 5153 μετὰ
3699 5079 3828 5129 ἀπει-

2250 5166 2360 5229 λῆς,
2415 5174 2502 5220 καὶ
2546 5174 2857 5244 προσέφερον
2904 5176 3033 5244 πρὸς
3086 5176 3206 5231 τοὺς
3254 5171 3445 5242 ὄχλους
3494 5172 3823 5240 συνηγμέιους

2249 5261 2333 5309 καὶ
2388 5259 2597 5319 θύοντας
2642 5267 2744 5319 τοῖς
2800 5257 3034 5320 εἰδώλοις
3086 5261 3194 5333 ἅμα
3245 5269 3317 5331 τῷ
3376 5259 3603 5331 βασιλεῖ.
3658 5260 3719 5309 Οἱ
3771 5251 3822 5306 δε

2248 5343 2618 5421 δειλαινομενοι
2661 5352 2750 5410 τὰς
2804 5348 3071 5421 βασάνους
3099 5352 3400 5403 ώλίσθαινον
3425 5356 3513 5402 καὶ
3540 5353 3741 5401 ἔπιπτον
3769 5344 3817 5395 ἐκ

2243 5444 2334 5489 τοῦ
2360 5440 2500 5499 υἱοὺς
2527 5436 2656 5491 εἶναι
2685 5448 2775 5499 τῆς
2798 5445 3019 5501 πίστεως
3045 5441 3113 5503 εἰς
3144 5443 3235 5503 τὰς
3269 5443 3450 5500 θυσίας
3480 5448 3577 5491 τῶν
3603 5434 3811 5490 εἰδώλων

2241 5528 2528 5605 ἔμπροσθεν
2576 5538 2667 5583 τοῦ
2715 5529 2877 5603 ὄχλου
2937 5543 2950 5558 ⁸
3008 5533 3058 5583 οἱ
3106 5526 3165 5584 δε
3220 5534 3523 5607 Χριστιανοὶ
3560 5527 3811 5585 ἀκούοντες

2238 5621 2404 5673 ταῦτὰ
2452 5618 2893 5695 ἐστενοχωροῦντο
2935 5624 3024 5674 καὶ
3077 5620 3313 5676 ἐπένθουν
3360 5621 3451 5685 τὰς
3494 5618 3675 5693 ψυχὰς
3719 5621 3809 5669 τῶν
