4142 6196
535 313 634 378 631
1937 299 2196 358 MENSIS
2233 297 2500 360 JULIUS.

3799 305 3906 360 1132

535 443 677 500 item
733 435 831 494 alii
879 431 1230 505 cumprimis
1281 431 1534 490 illustres
1577 433 1639 489 in
1693 431 1972 489 exercitu.
2027 429 2176 484 Tunc

2294 434 2419 482 Τότε
2462 435 2635 496 Δέκιος
2683 433 2709 484 ὁ
2755 430 3003 505 βασιλεὺς
3046 428 3325 504 ὀργισθεὶς,
3360 427 3616 483 ἐκέλευσεν
3663 429 3904 503 ἀχθῆναι

536 528 748 586 Decius
786 525 1130 596 impertaor,
1165 521 1250 576 ira
1290 522 1566 592 percitus,
1601 521 1732 577 illos
1760 520 1834 576 ad
1862 535 1923 574 se
1957 517 2187 574 vinctos

535 619 674 676 duci
716 614 919 688 jussit.
981 610 1208 677 Quibus
1261 610 1478 666 ductis:
1537 612 1750 676 Quare,
1795 607 2006 680 inquit,
2065 619 2188 660 non

539 702 950 780 permansistis
992 699 1328 765 nobiscum,
1364 704 1427 755 ut
1465 699 1579 754 diis
1614 697 2050 760 sacriﬁcat-etis,
2083 693 2188 766 qui

537 799 724 852 totum
755 791 963 848 orbem
991 794 1275 845 terrarum
1298 788 1375 843 ad
1402 788 1516 844 sibi
1531 787 1938 844 obediendum
1975 799 2188 840 convo-

537 880 785 941 carunt?
805 879 1075 934 Accedite
1099 876 1294 946 igitur,
1313 883 1369 932 et
1395 877 1667 932 debitum
1687 877 1803 931 diis
1829 872 2186 930 sacriﬁcium

537 972 761 1039 offerte,
806 965 1318 1042 quemadmodum
1363 981 1574 1021 omnes
1628 968 1819 1021 facere
1864 976 2187 1017 consueve-

537 1067 694 1118 runt.
747 1062 908 1116 Tunc
981 1054 1412 1112 Maximilianus
1465 1054 1803 1126 respondit:
1869 1051 2183 1114 Habemus,

535 1150 872 1222 imperator,
898 1147 1082 1202 Deum
1104 1144 1162 1199 in
1191 1143 1352 1199 caelis
1381 1144 1773 1208 habitantem,
1809 1141 1975 1213 cujus
2003 1138 2185 1206 gloria

537 1237 756 1295 coelum
778 1241 835 1292 et
862 1241 1015 1290 terra
1036 1233 1212 1304 plena
1233 1237 1344 1296 est,
1369 1232 1462 1287 cui
1487 1231 1847 1288 sacriﬁcium
1875 1228 2185 1285 confessio-

537 1328 631 1384 nis
655 1329 873 1382 nostrze
901 1322 1113 1378 offerre
1153 1319 1306 1376 soliti
1342 1337 1574 1384 sumus,
1618 1326 1795 1392 atque
1847 1324 2186 1374 n0strorum

538 1415 878 1474 orationum
916 1411 1202 1468 libamine
1227 1426 1429 1466 coram
1466 1413 1582 1466 Deo
1621 1409 1989 1466 exsullamus
2020 1405 2186 1461 omni

539 1507 826 1576 tempore.
859 1505 974 1558 Nos
1005 1501 1162 1557 enim
1195 1499 1467 1555 nidorem
1498 1514 1568 1554 ac
1597 1497 1830 1553 fumum
1857 1501 2185 1552 vestrorum

536 1591 963 1651 sacriﬁciorum
979 1589 1105 1645 istis
1133 1588 1308 1644 idolis
1328 1603 1448 1644 non
1477 1582 2184 1657 offerimus,quandoqui-

536 1681 676 1739 dem
702 1685 931 1737 nostras
960 1679 1195 1735 animas
1220 1676 1580 1734 labefactare
1612 1675 1913 1732 nolumus.

608 1948 678 2006 V.
707 1947 805 2003 His
837 1946 1069 2010 auditis,
1103 1944 1313 2001 Decius
1347 1959 1467 2000 non
1499 1943 1755 2014 amplius
1785 1942 1948 2014 loqui
1978 1940 2182 2005 voluit,

535 2037 641 2094 sed
667 2037 846 2108 jussit
870 2035 1150 2092 militares
1193 2049 1368 2088 zonas
1399 2031 1472 2088 ab
1514 2033 1596 2087 eis
1624 2030 1858 2088 auferri.
1899 2030 2077 2102 Cujus
2102 2029 2184 2086 rei

534 2141 784 2182 causam
813 2139 946 2179 esse
983 2122 1148 2187 dixit,
1182 2121 1346 2192 quod
1377 2119 1629 2175 deorum
1671 2119 1947 2191 potentiae
1986 2119 2184 2174 adver-

536 2216 727 2272 sarios
770 2213 931 2285 ipsos
960 2210 1454 2283 deprehenderat.
1498 2210 1786 2267 Praeterea
1807 2209 1938 2265 illos
1984 2226 2020 2264 a
2047 2209 2185 2264 deo-

534 2321 669 2361 rum
724 2301 1132 2358 muniticentia
1185 2298 1576 2372 repellendas,
1613 2304 1791 2372 atque
1822 2299 1900 2354 ab
1956 2298 2185 2370 imperii

535 2391 742 2450 militia
758 2390 962 2463 procul
983 2388 1270 2446 arcendos
1295 2403 1420 2443 esse
1437 2387 1714 2452 decrevit,
1739 2386 1943 2460 quoad
1968 2402 2184 2459 oppor-

536 2486 679 2537 tune
717 2480 791 2536 de
830 2479 1069 2536 illorum
1103 2478 1388 2548 religione
1442 2476 1744 2549 inquirere
1775 2481 1999 2549 posset.
2056 2479 2183 2532 Non

535 2571 694 2628 enim
725 2585 966 2642 aequum
1008 2567 1192 2625 videri
1244 2566 1356 2622 sibi
1397 2565 1614 2632 aiebat,
1656 2566 1891 2621 illorum
1913 2566 2184 2637 juventu-

535 2663 656 2716 tem
687 2658 999 2715 tormentis
1045 2657 1354 2713 consumi:
1389 2656 1590 2728 itaque
1623 2655 2030 2711 misericordia
2061 2670 2186 2710 mo-

533 2752 660 2806 tum
715 2750 1001 2821 temporis
1055 2747 1313 2818 spatium
1346 2760 1408 2800 se
1439 2744 1553 2800 illis
1605 2744 1950 2808 concedere,
1987 2749 2051 2800 ut
2100 2745 2182 2799 in-

533 2842 688 2895 terea
717 2837 1149 2909 resipiscerent,
1195 2834 1273 2890 ad
1322 2833 1468 2890 deos
1508 2838 1957 2901 reverterentur,
1999 2837 2058 2888 et
2102 2832 2184 2887 vi-

530 2929 753 2982 verent.
808 2927 940 2980 Hinc
985 2924 1130 2979 dixit
1160 2922 1502 2993 imperator,
1537 2925 1594 2976 et
1650 2922 1930 2993 praecepit
1982 2921 2183 2976 ferreis

530 3013 785 3069 vinculis
812 3013 1054 3068 illorum
1078 3010 1230 3066 colla
1254 3010 1410 3079 exui,
1456 3014 1633 3081 atque
1659 3025 1695 3064 a
1725 3025 1833 3064 suo
1858 3013 2182 3080 conspectu

2296 519 2503 586 αύτούς,
2553 526 2642 574 καὶ
2699 523 2781 574 ὅτε
2828 522 3274 594 προσηνέχθησαν
3321 518 3534 571 ἐνώπιον
3594 519 3770 586 αὐτοῦ,
3823 524 3902 573 ἔτι

2295 616 2393 658 τῶν
2447 606 2686 682 δακρύων
2746 614 2793 661 ἐν
2847 617 2953 671 τοῖς
3001 608 3285 680 ὀφθαλμοῖς
3329 607 3492 659 αὐτῶν
3542 613 3716 674 ὄντων,
3762 608 3902 681 λέγει

2295 696 2470 758 αὐτοῖς
2523 704 2691 759 Δέκιος
2748 700 2773 749 ό
2825 697 3095 770 βασιλεύς·
3147 701 3293 748 Διατί
3352 695 3443 748 οῦκ
3501 695 3731 768 ἐμείνατε
3785 699 3899 768 μεθ’

2295 786 2440 855 ἡμῶν
2496 788 2570 849 εἰς
2626 793 2719 846 τήν
2781 790 2966 840 θυσίαν
3021 795 3118 837 τῶν
3175 788 3318 850 θεῶν,
3351 786 3531 845 οἵτινες
3587 792 3760 837 πᾶσαν
3804 792 3898 842 τὴν

2295 873 2596 947 οἰκουμένην
2651 876 3068 950 προσκαλοῦνται
3147 878 3267 947 πρὸς
3345 875 3555 934 ἑαυτούς
3592 892 3604 903 ·
3656 881 3744 927 καὶ
3809 884 3898 926 νῦν

2294 965 2598 1036 προσέλθετε
2650 972 2734 1018 καὶ
2817 968 3007 1017 θύσατε
3064 969 3156 1021 τήν
3237 969 3702 1035 κεχρεωστημένην
3770 967 3896 1034 ἡμῖν

2296 1054 2482 1104 θυσίαν
2533 1063 2640 1116 τοῖς
2695 1058 2842 1120 θεοῖς,
2877 1057 3049 1114 καθώς
3096 1052 3346 1110 ἐποίησαν
3393 1055 3574 1116 πάντες
3605 1056 3654 1105 οἱ
3701 1056 3898 1127 οἷνθρωο

2293 1160 2402 1195 ποι.
2452 1149 2574 1195 Τότε
2640 1143 3050 1216 Μαξιμιλλιανὸς
3109 1142 3425 1214 ἀποκριθεὶς,
3481 1139 3614 1194 εἶπεν
3669 1152 3738 1213 τῷ
3792 1141 3900 1215 βα-

2296 1231 2445 1284 σιλεῖ’
2479 1231 2705 1305 Ἐχομεν
2757 1238 2884 1287 Θεὸν
2937 1233 2983 1284 ἐν
3029 1243 3098 1301 τῷ
3148 1231 3429 1304 οῦρανῷ,ό
3478 1232 3688 1306 ούρανὸς
3729 1238 3817 1284 καὶ
3863 1234 3893 1290 ἡ

2292 1328 2358 1390 γῆ
2421 1321 2750 1394 πεπλήρωται
2803 1331 2897 1382 τῆς
2953 1318 3112 1383 δόξης
3170 1319 3350 1385 αὐτοῦ,
3401 1325 3490 1372 καὶ
3542 1320 3678 1390 αῦτῲ
3738 1340 3903 1393 προσ-

2295 1413 2504 1481 φέρομεν
2579 1415 2672 1469 την
2751 1415 2986 1486 κρυπτὴν
3067 1412 3251 1461 θυσίαν
3323 1415 3418 1469 τῆς
3483 1407 3904 1480 ἐξομολογήσεως

2293 1500 2458 1570 ἡμῶν,
2503 1504 2591 1552 καὶ
2641 1500 2688 1552 ἐν
2735 1507 2792 1572 τῇ
2845 1495 3050 1571 σπουδῇ
3106 1506 3199 1558 τῆς
3250 1494 3475 1558 δεήσεως
3517 1499 3660 1570 ἡμῶν
3716 1498 3908 1570 ἐμφαι-

2292 1589 2482 1660 νόμεθα
2551 1591 2761 1641 ἐνώπιον
2832 1590 2990 1641 αὐτοῦ
3060 1585 3360 1648 διαπαντός.
3420 1586 3590 1658 Ἡμεῖς
3645 1591 3744 1662 γαρ
3804 1592 3902 1646 τὴν

2293 1679 2476 1727 κνίσαν
2545 1684 2635 1728 τοῦ
2707 1683 2903 1729 καπνοῦ
2979 1681 3072 1734 τὴν
3146 1676 3559 1747 μεμολυσμένην,
3608 1677 3899 1747 ἔμπροσθεν

2294 1761 2516 1818 εἰδώλων
2575 1786 2670 1818 σου
2724 1766 2783 1818 οῦ
2849 1770 3222 1842 προσφέρομεν,
3283 1761 3406 1816 οῦδὲ
3461 1765 3560 1835 γὰρ
3615 1762 3898 1835 μολύνομεν

2292 1859 2380 1913 τήν
2405 1857 2760 1930 καθαριότητα
2783 1864 2882 1907 τῶν
2908 1854 3099 1926 ψυχῶν
3127 1857 3154 1912 ή
3163 1861 3270 1925 μῶν
3301 1857 3391 1905 καὶ
3421 1861 3519 1904 τῶν
3549 1854 3822 1924 σωμάτων.

2365 1943 2434 1998 Ε’.
2476 1949 2601 1997 Τότε
2671 1949 2840 2006 Δέκιος
2918 1945 2975 1996 οῦ
3063 1939 3311 2013 διελέχθη
3399 1940 3703 2015 ἀμφοτέροις
3759 1943 3896 2014 ἅμα,

2294 2032 2421 2085 ἀλλὰ
2469 2034 2658 2086 κελεύει
2706 2041 2930 2092 κοπῆναι
2981 2036 3074 2095 τὰς
3140 2033 3304 2093 ζώνας
3363 2032 3550 2085 αὐτῶν.
3606 2036 3702 2084 Καὶ
3757 2031 3899 2103 λέγει

2292 2125 2417 2194 πρὸς
2459 2122 2665 2183 αὐτούς’
2701 2120 2912 2181 Ἐπειδὴ
2961 2123 3103 2194 εὗρον
3152 2123 3287 2193 ὑμᾶς
3322 2122 3579 2182 ἐναντίους
3623 2124 3755 2172 κατὰ
3797 2129 3899 2182 τῆς

2296 2206 2561 2283 δυνάμεως
2616 2220 2712 2264 τῶν
2765 2214 2907 2277 θεῶν,
2942 2208 3036 2263 διὰ
3082 2217 3233 2262 τοῦτο
3283 2214 3371 2262 καὶ
3423 2211 3563 2281 ύμεῖς
3614 2209 3902 2282 ἀλλοτριω-

2297 2301 2520 2357 θήσεσθε
2559 2309 2650 2362 τῆς
2691 2301 2858 2353 αὐτῶν
2907 2299 3306 2371 μεγαλειότητος
3348 2305 3437 2351 καὶ
3483 2306 3576 2359 τῆς
3625 2305 3902 2371 στρατείας

2295 2396 2390 2448 τῆς
2439 2387 2713 2460 βασιλείας
2763 2392 2926 2461 ἡμῶν,
2977 2391 3070 2449 ἕως
3117 2388 3177 2439 οὗ
3221 2387 3358 2440 λάϐω
3402 2391 3582 2460 καιρόν
3630 2394 3718 2439 καὶ
3767 2393 3902 2459 μετά

2297 2473 2618 2549 δοκιμασίας
2688 2479 3164 2550 ἐπερωτηθήσεσθε,
3242 2483 3359 2549 περὶ
3440 2485 3534 2538 τῆς
3613 2481 3771 2537 οὔσης
3851 2477 3902 2528 ἐν

2295 2567 2415 2638 ύμῖν
2476 2569 2771 2640 θρησκείαςι
2825 2568 2882 2619 ού
2938 2570 3036 2640 γὰρ
3094 2564 3298 2618 δίκαιόν
3362 2565 3502 2618 ἐστιν
3555 2567 3698 2626 εὐθύς
3758 2565 3904 2618 ἀπω-

2293 2654 2474 2708 λέσθαι
2521 2662 2607 2714 τὴν
2662 2663 2878 2714 νεότητα
2934 2659 3074 2727 ὑμῶν
3132 2661 3221 2707 καὶ
3277 2657 3506 2726 μαράναι
3551 2659 3641 2716 τὰς
3688 2657 3905 2719 ἡλικίας

2294 2747 2434 2816 ὑμῶν
2482 2746 2529 2796 ἐν
2587 2752 2841 2805 ποικίλαις
2897 2743 3171 2817 βασάνοις·
3229 2743 3328 2814 ἐγὼ
3377 2747 3477 2816 γὰρ
3538 2747 3901 2815 συμπαθήσας

2295 2831 2495 2906 δίδωμι
2542 2836 2662 2906 ύμῖν
2703 2838 2902 2907 καιρόν,
2946 2835 3082 2895 ὅπως
3135 2832 3181 2884 ἐν
3225 2833 3364 2903 αὐτῷ
3414 2835 3741 2904 σοφισθέντες
3785 2833 3898 2887 ἐπιι

2294 2923 2552 2995 στρέφητε
2606 2929 2694 2976 καὶ
2752 2925 2996 2984 ζήσεσθε.
3058 2929 3183 2976 Τότε
3242 2922 3498 2974 ἐκέλευσεν
3565 2924 3589 2973 ό
3647 2921 3900 2994 βασιλεὺς

2293 3016 2487 3074 Δέκιος,
2521 3017 2608 3064 καὶ
2661 3012 2853 3086 ἐπῆραν
2884 3015 2949 3064 τὰ
2990 3012 3141 3063 κλοιὰ
3168 3013 3233 3063 τὰ
3283 3007 3483 3084 σιδηρὰ
3531 3010 3584 3061 ἐκ
3625 3019 3722 3062 τῶν
3770 3031 3899 3086 τρα-

531 3102 842 3157 removeri.
873 3103 1032 3156 Tunc
1055 3099 1261 3154 Decius
1287 3098 1348 3152 in
1373 3097 1519 3152 alias
1549 3097 1726 3153 urbes
1753 3099 2044 3168 profectus
2071 3102 2176 3163 est,

2291 3100 2469 3172 χήλων
2523 3100 2710 3169 αὐτῶν,
2768 3106 2857 3152 καὶ
2926 3100 3156 3163 ἐξέϐαλον
3230 3103 3418 3160 αύτούς
3491 3098 3546 3150 ἐκ
3620 3106 3898 3166 προσώποι

533 3194 598 3246 ut
615 3189 973 3261 faceretquaa
995 3188 1056 3243 in
1076 3187 1278 3242 animo
1290 3185 1574 3252 habebat,
1598 3201 1669 3241 eo
1695 3193 1891 3242 tamen
1910 3186 2178 3253 consilio,

533 3281 597 3335 ut
624 3278 924 3349 Ephesum
971 3279 1279 3348 repeteret.
1331 3279 1530 3346 Itaque
1575 3275 1796 3330 sanctis
1827 3275 1984 3341 viris,
2031 3292 2180 3347 quos

529 3367 812 3430 diximus,
845 3381 1186 3423 concessum
1234 3364 1428 3421 fuerat
1453 3365 1530 3421 ab
1579 3365 1955 3437 imperatore,
1990 3373 2053 3422 ut
2078 3382 2181 3438 per

529 3458 757 3530 aliquot
780 3457 906 3513 dies
936 3455 1118 3513 libere
1160 3455 1378 3511 versari
1418 3459 1678 3527 possent.

599 3631 687 3688 Vl.
723 3634 870 3690 Cum
895 3630 1072 3702 igitur
1100 3633 1507 3703 opportunum
1529 3635 1767 3702 tempus
1793 3630 2175 3698 invenissent,

525 3726 582 3779 et
603 3721 662 3778 in
690 3721 905 3778 Christi
929 3719 1048 3775 ﬁde
1071 3735 1447 3790 perseverare
1476 3719 2176 3790 constituissent,justitiae

525 3809 809 3882 operibus
847 3807 1309 3864 incumbebant:
1345 3823 1604 3880 cumque
1636 3825 1849 3863 aurum
1884 3815 1939 3863 et
1970 3824 2179 3878 argen-

523 3903 651 3956 tum
675 3915 746 3954 ex
774 3899 1036 3969 paternis
1065 3896 1446 3953 facultatibus
1478 3897 1869 3967 collegissent,
1907 3900 2178 3970 pauperi-

521 3989 640 4046 bus
666 3988 918 4044 multam
960 3987 1275 4058 pecuniam
1331 3987 1790 4046 distribuerunt:
1827 3992 1883 4042 et
1928 3988 2081 4044 inter
2112 4006 2175 4045 se

522 4077 838 4133 consilium
879 4076 1166 4141 ineuntes,
1201 4074 1457 4130 vicissim
1501 4091 1561 4130 se
1605 4075 1696 4130 his
1737 4077 1929 4131 verbis
1960 4077 2165 4133 adhor~

521 4164 832 4224 tabantur:
868 4164 1228 4219 Secedamus
1275 4179 1600 4234 parumper
1639 4164 1716 4218 ab
1766 4165 1879 4219 hac
1911 4165 2073 4232 urbe,
2120 4173 2174 4222 et

522 4253 845 4308 subeamus
860 4253 1211 4325 speluncam
1242 4251 1406 4307 iilam
1427 4267 1724 4321 magnam,
1740 4269 1874 4324 quae
1892 4255 2079 4324 vergit
2095 4255 2172 4311 ad

522 4341 838 4397 Orientem.
893 4341 1011 4396 lllic
1066 4343 1261 4412 quiete
1317 4341 1595 4405 viventes,
1651 4343 1838 4397 Deum
1896 4349 2169 4399 nostrum

520 4431 758 4487 attentis
790 4437 846 4487 et
875 4431 1134 4487 assiduis
1159 4431 1438 4502 precibus
1466 4447 1726 4498 oremus,
1757 4438 1819 4487 ut
1847 4432 1990 4488 tales
2020 4434 2168 4489 efﬁci

519 4520 826 4592 possimus
858 4523 962 4592 qui
1011 4525 1147 4576 ante
1191 4520 1424 4591 tyranni
1468 4526 1776 4592 aspectum
1827 4529 2170 4580 constanter

523 4614 678 4664 stare
734 4608 1072 4665 valeamus:
1120 4623 1317 4680 neque
1366 4609 1717 4665 desinamus
1759 4611 1860 4666 Dei
1919 4610 2167 4681 gloriam

519 4696 880 4766 collaudare,
923 4702 986 4753 ut
1034 4698 1187 4752 Deus
1219 4697 1340 4769 ipse
1397 4713 1511 4770 ope
1565 4715 1670 4754 sua
1727 4715 1838 4755 nos
1902 4700 2163 4771 adjuvet,

517 4801 641 4859 quo
694 4791 918 4843 rectam
976 4787 1104 4857 ejus
1144 4785 1582 4842 confessionem
1637 4803 1939 4844 servemus
1997 4806 2167 4846 coro-

516 4891 783 4948 namque
849 4875 1012 4932 illam
1081 4861 1491 4948 incorruptam
1549 4875 1642 4932 his
1701 4883 1996 4949 paratam,
2063 4880 2167 4951 qui

514 4964 647 5038 ejus
701 4963 886 5020 tidem
931 4964 1299 5029 custodiunt,
1333 4968 1394 5023 et
1429 4963 1727 5021 Christum
1769 4973 2162 5037 agnoverunt,

515 5053 783 5124 accipere
825 5053 1148 5124 possimus,
1192 5053 1397 5124 Itaque
1451 5069 1590 5108 cum
1645 5058 1878 5109 tantum
1936 5059 2163 5126 argenti

514 5141 935 5213 sumpsissent,
967 5147 1260 5213 quantum
1288 5140 1399 5195 illis
1432 5142 1504 5196 ad
1537 5148 1844 5214 sumptum
1867 5145 2006 5199 satis
2037 5161 2164 5202 esse

516 5231 1150 5301 posset,ascenderunt
1179 5230 1237 5284 in
1268 5230 1619 5300 speluncam
1646 5231 1704 5285 in
1730 5236 1932 5286 monte
1961 5233 2160 5301 sitam,

516 5317 714 5387 (mons
741 5319 965 5374 Ochlon
991 5318 1341 5390 appellatur)
1384 5335 1505 5390 quo
1537 5320 1595 5373 in
1634 5320 1765 5375 loco
1792 5320 2010 5376 multos
2038 5323 2163 5378 dies

514 5409 948 5478 transegerunt,
1005 5409 1191 5462 Deum
1247 5409 1448 5480 ipsum
1493 5414 1757 5478 orantes,
1803 5417 1857 5463 et
1909 5411 2159 5467 salutem

514 5491 858 5550 animarum
915 5511 1160 5551 suarum
1225 5511 1456 5566 semper
1503 5497 1580 5552 ab
1633 5513 1704 5552 eo
1767 5499 2158 5569 postulantes.

511 5579 802 5643 Jamblico
833 5590 1054 5653 autem,
1087 5585 1191 5658 qui
1230 5586 1510 5642 omnibus
1541 5585 1672 5643 aliis
1718 5593 1842 5645 erat
1871 5598 2012 5645 natu
2049 5592 2156 5649 mi-

2291 3197 2381 3240 τοῦ
2435 3188 2712 3261 βασιλέως,
2767 3194 2889 3242 Τότε
2939 3186 3024 3240 οὖν
3078 3192 3102 3240 ό
3161 3191 3333 3250 Δέκιος
3405 3186 3606 3250 ἐξῆλθεν
3659 3189 3727 3248 εἰς
3797 3193 3897 3252 τὰς

2290 3277 2442 3339 ἄλλας
2493 3278 2683 3343 πόλεις,
2745 3279 3017 3352 πληρῶσαι
3070 3281 3127 3328 τὸ
3185 3276 3383 3348 θέλημα
3448 3277 3606 3328 αὐτοῦ
3664 3282 3751 3329 καὶ
3804 3280 3899 3330 οὖ-

2289 3385 2384 3426 τως
2441 3366 2516 3418 ἐπ’
2569 3366 2787 3419 ἀνελθεῖν
2841 3368 2912 3428 εἰς
2953 3366 3170 3438 Ἔφεσον
3216 3371 3306 3424 τὴν
3356 3365 3501 3418 πόλιν
3551 3364 3597 3416 ἐν
3647 3366 3781 3436 αύτῷ
3838 3372 3897 3419 τό

2292 3457 2438 3527 θυμῷ
2496 3465 2590 3516 τῆς
2661 3455 2937 3518 ἀλαζονίας
3007 3458 3190 3521 αὐτοῦ,
3245 3459 3358 3507 τότε
3417 3451 3502 3506 οὖν
3567 3452 3724 3513 ἐδόθη
3783 3462 3902 3518 τοῖς

2290 3544 2464 3616 ἁγίοις
2493 3542 2699 3606 ἔνδοσις
2729 3548 2930 3620 ήμερών
2961 3548 3105 3620 παρὰ
3135 3551 3224 3596 τοῦ
3259 3542 3532 3616 βασιλέως.

2362 3635 2433 3698 ς’.
2475 3633 2731 3696 Λαϐόντες
2781 3631 2867 3686 οὖν
2925 3637 3104 3706 καιρόν
3160 3636 3208 3685 οἱ
3257 3631 3418 3703 ἅγιοι,
3471 3631 3772 3704 ἐπλήρωσαν
3831 3635 3903 3684 τὰ

2289 3725 2415 3794 ἔργα
2461 3731 2554 3784 τῆς
2597 3719 2934 3783 δικαιοσύνης
2983 3721 3031 3774 ἐν
3085 3731 3147 3794 τῇ
3202 3727 3377 3774 πίστει
3429 3721 3617 3788 αὐτῶν,
3669 3727 3757 3773 καὶ
3805 3721 3900 3774 λα-

2288 3811 2459 3873 ϐόντες
2487 3818 2714 3885 χρυσίον
2764 3818 2854 3864 καὶ
2903 3812 3146 3886 ἀργύριον
3193 3810 3246 3863 ἐκ
3289 3819 3386 3863 τῶν
3434 3820 3650 3882 γονικῶν
3697 3811 3894 3877 αὐτῶν,

2287 3897 2558 3954 διεδίδουν
2603 3908 2708 3961 τοῖς
2751 3909 3001 3972 πτωχοῖς·
3038 3906 3151 3953 τότε
3194 3900 3478 3971 ἐσκέψαντο
3523 3901 3629 3972 μετ’
3661 3899 3898 3958 ἀλλήλων

2283 3996 2371 4041 καὶ
2425 3987 2582 4043 εἷπον.
2642 3993 3089 4062 Ἀποχωρίσωμεν
3141 3990 3354 4051 ἑαυτούς
3403 3989 3572 4060 ὀλίγον
3619 3995 3709 4041 καὶ
3755 3988 3892 4051 ἐξέλο

2285 4081 2447 4150 θωμεν
2496 4078 2550 4130 ἐκ
2595 4087 2689 4141 τῆς
2737 4079 2930 4141 πόλεως
2979 4083 3193 4146 ταύτης,
3243 4084 3332 4130 καὶ
3378 4076 3672 4150 ἀπέλθωμεν
3718 4077 3787 4138 εἰς
3832 4083 3892 4130 τὸ

2285 4167 2534 4224 σπήλαιον
2587 4171 2642 4219 τὸ
2699 4172 2834 4240 μέγα
2890 4172 2948 4220 τὸ
3007 4169 3059 4220 ὃν
3115 4169 3169 4230 ἐξ
3223 4167 3476 4219 ἀνατολῶν
3525 4175 3615 4228 τῆς
3670 4167 3888 4230 πόλεως.

2285 4261 2383 4308 Καὶ
2443 4253 2706 4328 δεηθώμεν
2765 4256 2866 4309 ἐκεῖ
2928 4266 3019 4309 τοῦ
3075 4265 3207 4310 Θεοῦ
3267 4259 3411 4328 ἡμῶν
3461 4262 3587 4328 μετά
3645 4258 3893 4327 ἡσυχίας

2281 4342 2511 4410 ἐκτενῶς,
2589 4351 2678 4398 καὶ
2749 4346 3129 4418 εύτρεπίσωμεν
3209 4345 3420 4406 ἑαυτούς
3502 4343 3712 4396 ἐνώπιον
3795 4354 3890 4398 τοῦ

2279 4435 2528 4508 τυράννου
2581 4443 2938 4507 παραστῆναι,
2999 4440 3068 4506 μή
3131 4431 3216 4486 οὖν
3271 4433 3582 4508 ἀργήσωμεν
3641 4433 3740 4486 ἀπὸ
3797 4443 3893 4496 τῆς

2281 4517 2586 4594 δοξολογίας
2627 4531 2722 4575 τοῦ
2773 4531 2926 4576 Θεοῦ.
2982 4528 3081 4575 Καὶ
3129 4527 3187 4575 τό
3237 4523 3436 4594 θέλημα
3485 4523 3645 4575 αὐτοῦ
3688 4529 3887 4583 ποιήση

2278 4611 2391 4682 μεθ’
2445 4613 2588 4683 ἡμῶν
2643 4612 2667 4663 ὁ
2734 4615 2943 4685 Κύριος,
2999 4617 3088 4664 καὶ
3159 4611 3516 4685 πληρωσωμεν
3572 4615 3664 4668 τήν
3723 4611 3891 4670 καλήν

2280 4700 2556 4772 ὁμολογίαν
2613 4703 2758 4773 ἡμῶν
2811 4700 3021 4753 ἐνώπιον
3087 4709 3177 4753 τοῦ
3249 4702 3521 4776 τυράννου,
3580 4704 3669 4752 καὶ
3720 4699 3894 4752 λάϐω-

2279 4809 2368 4861 μεν
2420 4793 2506 4842 τόν
2557 4788 2850 4864 ἀμάραντον
2908 4795 3152 4862 στέφανον
3204 4793 3290 4841 τὸν
3345 4791 3726 4864 ἡτοιμασμένον
3780 4799 3892 4852 τοῖς

2279 4886 2487 4940 πιστοῖς
2537 4885 2628 4931 καὶ
2679 4879 3014 4951 ἐπεγνωκόσι.
3073 4884 3173 4932 Καὶ
3225 4878 3462 4942 λαϐόντες
3519 4881 3648 4950 μετὰ
3695 4886 3891 4952 χεῖρας

2279 4966 2523 5042 ἀργύριον
2554 4969 2620 5028 εἰς
2649 4968 2794 5039 λόγον
2825 4977 2920 5029 τῆς
2951 4966 3190 5029 δαπάνης
3219 4968 3409 5033 αὐτῶν,
3439 4967 3692 5025 ἀνέϐησαν
3725 4968 3796 5030 εἰς
3827 4974 3888 5021 τό

2279 5057 2532 5114 σπήλαιον
2559 5061 2616 5110 τὸ
2648 5057 2702 5109 ὃν
2733 5057 2780 5108 ἐν
2806 5067 2876 5128 τῷ
2905 5063 3010 5132 ὄρει
3039 5067 3110 5128 τῷ
3140 5057 3391 5129 λεγομένῳ
3419 5056 3653 5128 Μοχλός,
3682 5063 3770 5109 καὶ
3802 5054 3893 5110 δι-

2277 5153 2403 5216 ῆγον
2447 5145 2549 5198 ἐκεῖ
2581 5147 2764 5208 πολλὰς
2811 5149 3004 5221 ἡμέρας
3055 5152 3467 5222 προσευχόμενοι
3512 5152 3600 5198 καὶ
3647 5144 3891 5219 δεόμενοι

2277 5242 2367 5286 τοῦ
2425 5244 2557 5288 Θεοῦ
2616 5233 2709 5288 διὰ
2773 5241 2983 5304 παντὸς,
3037 5237 3162 5309 ὑπὲρ
3223 5243 3313 5295 τῆς
3374 5241 3636 5308 σωτηρίας
3688 5236 3886 5292 αὐτῶν.

2277 5323 2580 5398 Ἰάμϐλιχον
2604 5323 2664 5378 δε
2692 5333 2930 5398 νεώτερον
2961 5330 3083 5376 ὄντα
3117 5331 3205 5377 καὶ
3239 5322 3588 5399 δυνατώτερον
3619 5330 3705 5376 καὶ
3754 5331 3884 5400 φρό-

2274 5433 2440 5486 νιμον,
2472 5414 2640 5477 ἔταξεν
2671 5411 2928 5467 διακονεῖν
2973 5415 3168 5476 αὐτοῖς·
3204 5419 3294 5466 καὶ
3339 5416 3420 5466 ὅτε
3466 5419 3766 5488 κατήρχετο
3813 5415 3885 5476 εἰς

2273 5507 2367 5560 τὴν
2414 5503 2558 5554 πόλιν
2607 5502 2836 5560 ἤλλασσε
2879 5502 2945 5556 τὰ
2993 5505 3179 5577 ἱμάτια
3217 5502 3378 5555 αὐτοῦ
3411 5506 3474 5562 ὡς
3517 5506 3749 5574 πτωχός,
3789 5508 3882 5556 καὶ

2275 5589 2522 5666 ἐλάμϐανε
2587 5592 2696 5665 μεθ’
2772 5592 2955 5648 ἑαυτοῦ
3027 5590 3270 5668 ἀργύριον
3337 5596 3426 5645 καὶ
3502 5587 3688 5644 ἑδίδου
3766 5599 3881 5660 τοῖς
