4142 6196
255 309 363 365 433

1427 307 1519 364 DE
1556 303 1836 364 SEPTEM
1871 303 2446 380 DORMIENTIBUS.

3513 313 3620 372 434

255 441 492 506 πτωχοῖς
513 434 566 498 ἐξ
590 435 772 502 αὐτοῦ,
800 439 890 488 καὶ
915 436 1144 510 ἠκροᾶτο
1187 439 1239 487 τί
1281 433 1476 506 ἐλέγετο
1507 433 1556 485 ἐν
1581 441 1653 504 τῷ
1683 431 1821 485 παλα

1960 445 2093 497 nor,
2121 437 2176 489 et
2232 433 2529 492 obeundis
2573 417 2911 494 ministeriis
2961 437 3152 510 aptior
3207 441 3385 512 atque
3441 455 3619 514 expe-

251 529 342 594 τίῳ
387 532 482 575 τοῦ
517 523 794 596 βασιλέως.
829 530 930 578 Καὶ
970 525 1132 586 οὕτως
1173 525 1400 597 ἠγόραζε
1421 528 1515 582 τὴν
1546 525 1731 595 χρείαν
1763 519 1854 572 αὖ-

251 621 346 665 τῶν
373 619 467 665 καὶ
519 612 798 689 ἆνὴρχετο,
832 613 1150 685 ἀναγγέλλων
1183 615 1358 673 αὐτοῖς
1386 616 1452 665 τὰ
1478 613 1726 684 λεγόμενα
1761 613 1851 662 καὶ

249 707 582 774 πραττόμενα
633 704 748 755 κατ’
807 703 974 756 αὐτῶν
1031 702 1079 754 ἓν
1132 711 1204 774 τῷ
1264 702 1501 774 παλατίῳ
1551 709 1642 754 τοῦ
1695 698 1852 771 βασι-

245 793 341 844 λέω
352 813 392 853 ς.

1962 520 2158 587 ditior,
2219 523 2570 596 impositum
2623 526 2730 582 fuit
2783 527 3110 597 negotium,
3173 533 3237 584 ut
3281 529 3338 584 in
3403 529 3614 588 urbem

1960 609 2366 680 descenderet,
2395 619 2452 671 et
2483 616 2705 688 siquid
2753 617 2876 672 fieri
2914 633 3067 690 opus
3115 623 3287 684 esset,
3345 619 3472 691 ipse
3531 621 3614 678 fa-

1960 705 2135 756 ceret.
2183 702 2317 758 Erat
2371 709 2571 760 autem
2637 706 2874 777 juvenis
2929 705 3024 763 ille
3089 707 3265 764 valde
3330 707 3613 780 prudens.

1961 789 2164 860 Itaque
2215 808 2356 848 cum
2409 795 2484 850 ad
2531 795 2736 852 urbem
2787 795 3209 862 descendebat,
3242 811 3316 852 ne
3369 798 3613 867 agnosci

245 885 456 954 posset
499 887 723 938 vestem
752 883 1043 949 mutabat,
1078 887 1133 937 et
1165 897 1319 936 unus
1348 881 1561 954 aliquis
1592 897 1622 936 e
1649 891 1901 934 numero
1930 880 2342 938 mendicorum
2373 883 2685 940 videbatur
2718 901 2730 939 :
2763 901 3021 958 cumque
3059 885 3383 957 pecuniam
3410 901 3615 943 secum

247 971 516 1033 haberet,
553 977 777 1042 partem
814 973 1074 1044 aliquam
1113 972 1483 1044 pauperibus
1515 964 1945 1024 distribuebat:
1977 965 2164 1026 dabat
2201 972 2374 1028 etiam
2401 989 2670 1046 operam,
2711 979 2776 1031 ut
2799 975 3287 1042 subauscultaret,
3319 975 3614 1048 quidnam

245 1059 320 1114 de
345 1059 706 1130 imperatore
736 1062 1050 1118 diceretur.

321 1148 398 1207 Z',
455 1155 556 1202 Καὶ
605 1151 714 1222 μεθ’
773 1153 965 1224 ἡμέρας
1017 1155 1182 1216 τινας,
1237 1151 1513 1209 ἐπανῆλθεν
1553 1151 1578 1200 6
1612 1147 1853 1221 βασιλεὺς

245 1242 424 1300 Δέκιος
485 1239 558 1301 εἰς
613 1239 852 1312 Ἔφεσον,
905 1246 994 1293 καὶ
1046 1249 1382 1315 παραχρῆμα
1435 1238 1665 1291 ἐκέλευσε
1731 1239 1852 1297 τοὺς

245 1335 482 1398 πρώτους
537 1337 628 1389 τῆς
665 1330 880 1395 πόλεως,
944 1332 1025 1382 ἶνα
1071 1337 1179 1392 τοῖς
1225 1335 1342 1403 περὶ
1396 1324 1706 1400 Ἀχιλιίδην
1763 1329 1851 1377 καὶ

243 1425 350 1476 τοῖς
403 1417 626 1490 ἑταίροις
681 1417 862 1482 αὐτοῦ,
916 1421 1128 1481 θυσίαις
1172 1418 1411 1471 ἐπιτελεῖν
1460 1425 1568 1478 τοῖς
1614 1420 1850 1488 ματαίοις

243 1504 504 1570 εἰδώλοις,
587 1513 704 1581 περὶ
788 1509 956 1559 αὐτῶν
1036 1511 1136 1582 γὰρ
1209 1507 1522 1579 ἐνεθυμεῖτο.
1589 1511 1688 1558 Κ(πὶ
1745 1507 1846 1575 γὰρ

243 1595 518 1670 ἐγνώριζεν
568 1597 776 1657 αὐτούς.
841 1603 939 1650 Καὶ
1007 1599 1137 1650 οὕτω
1203 1599 1606 1668 κατεσχέθησαν
1659 1597 1706 1647 οἱ
1764 1613 1847 1645 πι-

245 1691 362 1736 στοὶ
395 1684 537 1756 φόϐῳ
564 1686 792 1757 μεγάλῳ.
826 1692 910 1738 καὶ
953 1691 1107 1748 αὐτὸς
1143 1683 1202 1739 δὲ
1233 1683 1504 1758 Διομήδης
1534 1687 1560 1736 ὁ
1589 1689 1678 1736 καὶ
1704 1684 1843 1754 Ἰάμ-

2035 1148 2150 1206 VII.
2183 1153 2317 1206 Post
2340 1152 2564 1224 aliquot
2595 1153 2721 1208 dies
2753 1154 2922 1211 rediit
2958 1155 3285 1227 imperator
3307 1155 3520 1210 Decius
3549 1155 3610 1211 in

1962 1237 2174 1294 urbem
2207 1241 2537 1312 Ephesum:
2572 1245 2629 1298 et
2653 1243 2851 1298 statim
2879 1245 3060 1314 jussit
3112 1245 3434 1315 optimates
3475 1260 3608 1299 cum

1961 1327 2052 1382 his
2079 1330 2180 1400 qui
2209 1330 2556 1386 Achillidem
2589 1333 3006 1403 sequebantur,
3041 1339 3098 1388 et
3128 1333 3258 1390 aliis
3297 1333 3400 1404 qui
3440 1337 3610 1390 erant

1957 1415 2094 1482 illic,
2135 1418 2424 1475 sacriﬁcia
2456 1420 2631 1475 vanis
2663 1421 2834 1476 idolis
2865 1421 3112 1478 offerre:
3148 1423 3222 1478 de
3249 1422 3412 1478 falsis
3444 1423 3606 1478 enim

1957 1505 2070 1560 diis
2103 1505 2218 1561 suis
2264 1513 2390 1564 erat
2419 1509 2592 1566 valde
2625 1510 2930 1577 sollicitus,
2965 1527 3104 1567 cum
3149 1527 3354 1568 eorum
3379 1513 3608 1567 vanita-

1957 1599 2072 1649 tem
2105 1611 2226 1652 non
2250 1604 2650 1668 cognosceret.
2678 1601 3078 1665 Quamobrem
3102 1601 3439 1658 Christianae
3465 1601 3605 1657 ﬁdei

1956 1689 2278 1740 sectatores
2329 1687 2534 1743 timore
2564 1703 2784 1758 magno
2823 1690 3242 1746 atﬁciebantur.
3289 1693 3420 1745 Haec
3464 1705 3603 1746 cum

243 1772 424 1844 ϐλιχος
475 1773 704 1836 ἀκούσας
752 1783 936 1840 ταῦτα,
973 1775 1150 1839 ἐξῆλθε
1207 1784 1298 1836 τῆς
1327 1775 1518 1837 πόλεως
1561 1777 1698 1846 ἔχων
1729 1774 1821 1845 μεθ

1953 1773 2272 1830 Jamblicus
2299 1776 2638 1842 audivisset,
2672 1793 2940 1849 egressus
2967 1783 3055 1835 est
3079 1795 3152 1834 ex
3178 1780 3340 1848 urbe,
3375 1794 3601 1850 paucos

245 1862 430 1915 ἑαυτοῦ
479 1863 684 1934 (ΞΗ-γους
719 1866 932 1937 ἄρτους,
988 1871 1078 1918 καὶ
1132 1864 1282 1922 ἀνέϐη
1313 1865 1383 1926 εἰς
1421 1867 1480 1916 τὸ
1520 1867 1636 1936 ὅρος
1676 1866 1723 1914 ἐν
1772 1869 1840 1931 τῷ

251 1951 518 2022 σπηλαίῳ,
552 1955 680 2006 ὅπου
711 1951 844 2012 ἦσαν
875 1957 924 2006 οἱ
949 1953 1145 2028 ἑταῖροι
1177 1955 1336 2006 αὐτοῦ
1367 1982 1386 1998 ο
1419 1958 1509 2005 καὶ
1542 1949 1841 2022 διηγήσατο

239 2043 418 2104 αὐτοῖς
443 2047 510 2094 τὰ
553 2049 668 2118 περὶ
705 2053 802 2104 τῆς
841 2042 1052 2097 εἰσόδου
1097 2052 1188 2098 τοῦ
1237 2047 1488 2115 τυράννου
1539 2043 1586 2095 ἐν
1631 2050 1701 2112 τῷ
1745 2063 1842 2094 πα-

237 2132 422 2204 λατίῳ,
483 2139 572 2186 καὶ
631 2135 712 2186 ὃτι
757 2133 1086 2206 ἐξητὴθησαν
1131 2139 1260 2196 μετὰ
1306 2143 1406 2187 τῶν
1439 2135 1839 2205 πολιτευομένων

237 2221 485 2274 εἰσελθεῖν
547 2229 634 2275 καὶ
684 2225 844 2276 θῦσαι
897 2223 1105 2276 ἐνώπιον
1153 2224 1336 2293 αὐτοῦ,
1389 2229 1478 2276 καὶ
1527 2222 1839 2283 ἀκούσαντες

233 2319 402 2362 ταῦτα
445 2310 654 2384 σφόδρα
701 2312 1056 2384 ἐφοϐήθησαν,
1109 2319 1199 2366 καὶ
1249 2311 1540 2372 ἐδεήθησαν
1581 2319 1671 2364 τοῦ
1703 2318 1835 2363 Θεοῦ

231 2404 362 2469 μετὰ
419 2401 680 2472 κλανθροῦ
755 2407 842 2454 καὶ
925 2412 1212 2474 στεναγμοῦ
1269 2403 1512 2474 μεγάλου.
1581 2403 1835 2460 Ἀναστὰς

235 2485 294 2540 δε
321 2488 617 2560 Διομήδης,
651 2493 938 2566 παρέθηκεν
981 2495 1192 2544 ἐνώπιον
1225 2493 1390 2544 αὐτῶν
1434 2492 1716 2564 τράπεζαν,
1745 2494 1832 2540 καὶ

235 2583 356 2638 τους
389 2581 578 2652 ἄρτους
609 2581 694 2639 οὓς
739 2581 970 2653 ἠγόρασε
1013 2589 1104 2632 τοῦ
1153 2581 1454 2653 μεταλαϐεῖν
1509 2581 1696 2641 αὐτοὺς
1743 2583 1832 2630 καὶ

231 2665 660 2739 ἑνδνναμωθῆναι
741 2673 870 2740 πρὸς
945 2674 1032 2722 τὸν
1107 2671 1326 2742 πόλεμον
1405 2677 1498 2722 τοῦ
1547 2671 1826 2744 τυράννου,

231 2758 358 2826 ἐμοῦ
424 2755 482 2809 δὲ
521 2761 872 2811 καθεσθέντων
921 2760 1088 2812 αὐτῶν
1133 2760 1180 2812 ἐν
1243 2765 1383 2832 μέσῳ
1431 2769 1522 2812 τοῦ
1571 2758 1828 2816 σπηλαίου

229 2845 506 2916 μετέλαϐον
551 2855 759 2920 τροφῆς,
808 2853 925 2922 περὶ
975 2845 1188 2918 δυσμὰς
1236 2849 1384 2907 ἡλίου
1418 2867 1428 2878 ·
1463 2851 1532 2910 ὡς
1564 2845 1650 2900 οὖν
1683 2847 1829 2898 ἐκαθ-

229 2937 406 2994 έζοντο
456 2936 770 3008 λυπούμενοι
825 2941 914 2988 καὶ
962 2937 1255 3009 ὁμιλοῦντες
1312 2937 1566 3002 αλλήλοις,
1611 2939 1830 2988 ἐνύστα-

228 3024 318 3084 ξαν
353 3029 448 3076 καὶ
487 3027 918 3097 ἀπεκοιμήθησαν
947 3043 961 3057 ⁸
998 3023 1132 3085 ἦσαν
1161 3031 1260 3100 *γὰρ
1294 3029 1342 3078 οἱ
1372 3027 1627 3098 ὀφθαλμοὶ
1659 3025 1825 3077 αὐτῶν

229 3109 579 3186 βεϐαρημένοι
607 3113 706 3166 ἀπὸ
737 3123 832 3176 τῆς
875 3115 1045 3176 λύπης
1087 3123 1182 3176 τῆς
1230 3120 1394 3178 οὔσης
1438 3114 1486 3168 ἐν
1512 3123 1574 3188 τῇ
1627 3111 1826 3188 καρδίᾳ
1866 3129 1907 3186 (ι

229 3202 396 3253 αὐτῶν
405 3245 418 3256 .

297 3295 374 3343 Η’.
407 3291 468 3342 Ὀ
501 3288 560 3344 δὲ
582 3292 862 3365 οἰκτίρμων
888 3299 978 3345 καὶ
1001 3293 1358 3368 φιλάνθρωπος
1381 3297 1530 3361 Θεὸς,
1553 3295 1577 3346 6
1604 3296 1823 3346 πάντοτε

221 3383 594 3452 προνοούμενος
645 3389 744 3433 τῶν
797 3378 992 3434 δούλων
1043 3383 1220 3450 αὐτοῦ,
1270 3383 1585 3456 προσέταξεν
1631 3383 1820 3445 αὐτοὺς

221 3470 387 3521 θανεῖν
439 3474 524 3521 τὸν
585 3471 780 3522 αἰνετὸν
857 3473 1072 3524 θάνατον
1145 3477 1234 3524 καὶ
1310 3475 1570 3546 χρηστὸν,
1658 3473 1817 3525 ἕνεκεν

215 3566 312 3608 τῶν
375 3559 660 3630 μελλόντων
719 3559 1182 3613 ἀποκαλύπτεσθαι
1232 3563 1528 3632 θαυμάτων.
1579 3566 1678 3614 Καὶ
1722 3562 1816 3612 οὐκ

217 3650 441 3718 ᾔσθοντο
523 3654 640 3723 περὶ
709 3659 804 3710 τῆς
879 3656 1181 3720 κοσμήσεως
1237 3659 1328 3702 τοῦ
1400 3651 1562 3702 ὕπνου
1619 3654 1807 3704 αὐτῶν.

215 3741 310 3788 Καὶ
341 3737 508 3799 οὕτως
539 3737 892 3809 ἐκοιμήθησαν
924 3737 1005 3790 ἐπὶ
1049 3745 1146 3800 τῆς
1181 3747 1295 3809 γῆς,
1339 3741 1364 3790 ὁ
1397 3741 1466 3801 ὡς
1492 3739 1648 3801 ὕπνος
1686 3741 1808 3792 καθ-

213 3830 474 3898 ημερινὸς,
527 3833 614 3878 καὶ
655 3823 930 3879 ἀπέδωκαν
969 3830 1058 3888 τὰς
1086 3827 1268 3899 ψυχὰς
1309 3828 1496 3880 αὐτῶν.
1539 3827 1628 3889 Ὠς
1670 3831 1808 3879 ἔστιν

207 3915 236 3971 ἡ
279 3911 562 3986 δοξολογία
606 3915 650 3966 ἐν
705 3923 778 3984 τῷ
822 3921 1044 3988 στόματι
1089 3917 1277 3982 αὐτῶν,
1321 3923 1410 3969 καὶ
1457 3921 1515 3969 τὸ
1561 3917 1808 3991 ἀργύριον

208 3999 324 4060 δῆν
379 4003 430 4054 ἐν
481 4012 592 4064 τοῖς
627 4003 922 4075 βαλαντίοις
975 4006 1163 4072 αὐτῶν,
1201 4003 1262 4064 ἦν
1307 4008 1428 4078 παρ’
1482 4006 1654 4066 αὐτοῖς
1689 4007 1808 4058 ἔνθα

207 4088 342 4150 ἦσαν
399 4097 624 4164 κείμενοι
687 4093 770 4146 ἐπὶ
819 4099 912 4152 τὴν
964 4103 1082 4166 γῆν.
1134 4102 1206 4167 Τῇ
1250 4093 1308 4147 δὲ
1361 4095 1476 4157 ἑξῆς
1521 4097 1670 4148 ἔωθεν
1721 4095 1808 4146 ἐπ-

207 4181 462 4240 εζήτησεν
515 4183 698 4243 αὐτοὺς
750 4185 774 4234 6
827 4181 1094 4254 βασιλεὺς,
1164 4183 1356 4255 μεταξύ
1435 4193 1532 4236 τῶν
1589 4191 1804 4257 πρώτων

203 4274 286 4320 καὶ
335 4281 438 4322 τῶν
489 4270 888 4342 πολιτευομένων
943 4271 990 4322 ἐν
1031 4277 1186 4323 παντὶ
1237 4279 1380 4344 τόπῳ
1441 4280 1534 4333 τῆς
1589 4272 1799 4338 πόλεως,

203 4365 290 4410 καὶ
327 4359 436 4430 οὐχ
489 4361 792 4433 εὑρέθησαν.
851 4365 950 4414 Καὶ
994 4360 1126 4413 εἶπεν
1186 4363 1210 4413 ὁ
1262 4361 1508 4434 βασιλεὺς
1558 4369 1668 4422 τοῖς
1711 4382 1804 4433 με-

199 4451 450 4517 γιστάσιν
487 4448 648 4501 αὐτοῦ
688 4465 700 4476 ⁸

199 4543 480 4590 νεανίσκων
540 4537 758 4604 ἐκείνων,
819 4541 898 4590 ὃτι
945 4543 1097 4591 τέκνα
1139 4541 1386 4613 λαμπρῶν
1436 4546 1527 4593 καὶ
1567 4541 1800 4612 μεγάλων

203 4623 354 4690 ἦσαν,
415 4633 504 4679 καὶ
557 4627 809 4680 ὑπέλαϐον
867 4630 948 4679 ὅτι
986 4630 1014 4686 ἡ
1075 4627 1320 4696 βασιλεία
1374 4631 1518 4701 ἡμῶν
1577 4629 1798 4702 ὁργίσθη

197 4717 310 4767 κατ’
369 4717 561 4784 αὐτῶν,
617 4714 708 4768 διὰ
743 4721 838 4775 τὴν
879 4715 1116 4770 ἀσέϐειαν
1173 4726 1266 4780 τῆς
1323 4717 1667 4792 παραϐάσεως
1707 4719 1799 4770 αὗ-

197 4813 296 4854 τών
351 4813 444 4864 τῆς
501 4807 788 4878 ἔμπροσθέν
839 4825 937 4876 μου
1001 4823 1012 4834 ·
1065 4813 1153 4858 καὶ
1210 4809 1240 4864 ἡ
1294 4807 1650 4881 φιλανθρωπία
1707 4815 1798 4859 τοῦ

195 4897 418 4966 κράτους
473 4897 618 4966 ἡμῶν
671 4893 730 4945 οὐ
781 4903 1096 4964 μνησικακεῖ
1141 4891 1247 4956 τοῖς
1293 4895 1676 4968 παραϐαίνουσι
1707 4901 1796 4947 καὶ

195 4984 570 5057 ἐπιστρέφουσι
621 4987 752 5056 πρὸς
827 4989 946 5044 τοὺς
1027 4985 1248 5056 adiisset;
1313 4987 1473 5045 θεούς.
1553 4985 1797 5057 Ἀπεκρί-

198 5075 362 5128 θησαν
414 5071 472 5124 δὲ
523 5075 570 5124 οἱ
617 5082 812 5143 πρῶτοι
853 5080 940 5131 τῆς
985 5073 1190 5134 πόλεως,
1225 5079 1314 5124 καὶ
1361 5069 1500 5125 εἶπον
1527 5083 1598 5144 τῷ
1632 5073 1794 5146 βασι-

189 5161 264 5213 λεί
297 5181 308 5191 ·
361 5167 486 5234 Περὶ
533 5160 734 5213 ἐκείνων
783 5162 879 5212 τῶν
923 5167 1176 5234 νεωτέρων
1217 5170 1318 5213 τῶν
1355 5162 1682 5233 ἀποστατῶν,
1719 5169 1790 5235 μὴ

189 5255 322 5302 ἔστω
373 5253 422 5302 ἐν
483 5251 620 5322 λύπη
670 5253 728 5301 τὸ
779 5252 966 5323 κράτος
1026 5270 1138 5314 σου,
1189 5249 1368 5310 ἐπειδὴ
1419 5251 1588 5323 ἀκμὴν
1633 5251 1680 5303 ἐν
1727 5261 1787 5326 τῇ

185 5347 413 5414 προτέρᾳ
459 5341 630 5392 αὐτῶν
677 5339 912 5410 ἀγνωσία
964 5341 1314 5410 τυγχάνουσι.
1366 5342 1470 5395 Καὶ
1523 5343 1591 5402 ὡς
1638 5343 1788 5400 ἠκού-

189 5449 346 5500 σαμεν
401 5429 590 5482 ἐκεῖνον
639 5431 722 5478 τὸν
771 5431 950 5502 καιρὸν
995 5433 1082 5480 τὸν
1119 5426 1351 5481 δωθέντα
1401 5431 1578 5490 αὐτοῖς
1626 5450 1787 5501 μετα-

185 5526 330 5580 νοεῖν,
375 5519 422 5570 ἐν
475 5519 624 5586 αὐτῷ
671 5517 862 5586 μᾶλλον
917 5519 1166 5574 ἐκάθηντο
1197 5519 1508 5591 πληροῦντες
1541 5523 1598 5572 τὸ
1630 5523 1786 5571 κακὸν

185 5609 375 5682 θελημα
415 5609 616 5662 αὐτῶν.
659 5611 759 5659 Καὶ
811 5605 988 5659 ἔλαϐον
1034 5609 1092 5659 τὸ
1139 5613 1366 5682 χρυσίον
1405 5613 1492 5660 καὶ
1523 5611 1580 5661 τὸ
1619 5607 1786 5683 ἀργύ-

1955 1877 2141 1932 panes
2168 1879 2372 1919 secum
2401 1865 2614 1930 ferens,
2645 1869 2700 1922 et
2735 1868 2812 1922 ad
2843 1867 3064 1923 montis
3096 1867 3469 1939 speluncam,
3501 1866 3602 1922 ubi

1952 1957 2124 2006 erant
2154 1952 2318 2020 socii,
2347 1969 2617 2010 reversus
2657 1959 2759 2011 est.
2789 1956 3058 2012 Narravit
3084 1955 3434 2024 Jamblicus,
3461 1971 3598 2028 quas

1950 2041 2010 2096 in
2061 2043 2294 2112 tyranni
2344 2043 2564 2114 palatio
2617 2046 2692 2101 ad
2727 2045 2856 2115 ejus
2910 2045 3247 2118 ingressum
3300 2045 3593 2112 audierat,

1950 2133 2006 2184 et
2035 2131 2552 2201 quemadmodum
2593 2134 2828 2206 αι]ωεὶιί
2865 2134 3096 2190 fuerant
3119 2141 3173 2191 et
3212 2134 3350 2206 ipsi,
3381 2137 3446 2189 ut
3475 2148 3598 2189 una

1950 2233 2083 2273 cum
2120 2219 2248 2275 aliis
2276 2221 2526 2287 civibus,
2559 2229 2849 2294 praesente
2887 2223 3263 2295 imperatore,
3305 2221 3598 2279 sacriﬁca-

1947 2311 2095 2363 rent.
2137 2309 2234 2363 His
2287 2311 2525 2380 auditis,
2574 2313 2910 2368 timuerunt
2949 2312 3049 2378 illi,
3108 2317 3164 2368 et
3211 2311 3401 2368 multo
3455 2327 3594 2367 cum

1946 2398 2171 2466 gemitu
2203 2415 2272 2454 ac
2319 2400 2595 2473 lacrymis
2631 2403 2814 2457 Deum
2846 2403 3065 2473 precati
3109 2407 3265 2457 sunt.
3303 2401 3597 2472 Apposita

1945 2489 2034 2540 est
2072 2486 2250 2556 igitur
2289 2488 2399 2543 illis
2450 2505 2658 2545 mensa
2704 2493 2761 2544 et
2812 2506 3012 2560 panes,
3068 2505 3223 2561 quos
3264 2488 3592 2544 Jamblicus

1943 2580 2186 2641 emerat,
2219 2581 2282 2630 ut
2330 2576 2532 2632 cibum
2587 2583 2890 2633 sumerent
2934 2583 2989 2632 et
3015 2577 3089 2632 ad
3145 2577 3378 2648 tyranni
3430 2581 3593 2632 certa

1942 2677 2079 2718 men
2112 2664 2524 2720 sustinendum
2555 2667 2953 2738 promptiores
2982 2666 3211 2721 ﬁerent.
3257 2665 3590 2721 Consedere

1940 2750 2118 2820 igitur
2165 2753 2225 2806 in
2276 2753 2475 2808 media
2517 2753 2827 2824 spelunca,
2873 2758 2930 2808 et
2981 2753 3102 2810 sole
3157 2753 3460 2809 occidente
3511 2753 3588 2808 ci-

1939 2839 2086 2895 bum
2129 2845 2530 2913 sumpserunt.
2576 2843 2721 2898 Cum
2755 2858 2897 2898 vero
2947 2843 3142 2898 tristes
3194 2843 3482 2908 sederent,
3531 2845 3589 2896 et

1939 2928 2090 2986 inter
2113 2947 2172 2986 se
2219 2931 2717 3004 colloquerentur,
2749 2932 3009 2988 dormire
3039 2935 3372 3004 coeperunt;
3419 2934 3588 3002 erant

1937 3019 2098 3076 enim
2127 3036 2334 3078 eorum
2366 3021 2520 3078 oculi
2547 3025 2786 3094 propter
2813 3036 3124 3078 maerorem
3156 3021 3404 3096 gravati.

2007 3297 2164 3356 VIII.
2195 3301 2261 3354 At
2303 3299 2563 3356 clemens
2594 3316 2664 3356 ac
2691 3299 2988 3370 benignus
3029 3300 3204 3366 Deus,
3240 3301 3343 3374 qui
3396 3301 3581 3358 servis

1933 3387 2056 3441 suis
2110 3403 2345 3460 semper
2390 3389 2676 3460 providet,
2734 3389 2869 3445 fecit
2919 3389 3050 3446 illos
3117 3389 3324 3446 mortis
3390 3399 3576 3459 genus

1928 3475 2234 3546 quoddam
2263 3477 2446 3542 obire,
2483 3483 2544 3533 ut
2563 3493 2670 3550 per
2694 3494 2798 3533 eos
2825 3478 3116 3535 miracula
3146 3479 3430 3551 quaedam
3473 3495 3580 3551 op-

1929 3569 2185 3634 portuna
2211 3565 2436 3621 ﬁerent.
2462 3569 2664 3638 Itaque
2685 3581 2820 3621 cum
2841 3583 3054 3638 sopore
3071 3583 3284 3624 omnes
3313 3568 3576 3641 corrupti

1925 3660 2144 3722 essent,
2175 3654 2236 3709 in
2268 3660 2422 3710 terra
2470 3655 2737 3726 jacentes
2780 3655 3078 3724 obierunt,
3134 3656 3370 3713 animas
3428 3674 3570 3713 suas

1923 3743 2043 3798 Deo
2063 3743 2390 3808 reddentes,
2415 3748 2470 3800 et
2491 3743 2756 3798 divinam
2783 3743 3034 3813 gloriam
3057 3745 3568 3801 concelebrantes.

1919 3834 2240 3900 Argentum
2261 3836 2482 3898 autem,
2500 3832 2664 3903 quod
2682 3832 3064 3888 habebantin
3083 3833 3207 3888 suis
3229 3833 3569 3904 marsupiis,

1921 3921 2083 3992 apud
2132 3921 2263 3976 illos
2290 3936 2361 3976 eo
2404 3921 2463 3976 in
2495 3921 2647 3986 loco,
2691 3921 2750 3976 in
2776 3937 2898 3994 quo
2920 3921 3223 3991 jacebant,
3261 3922 3564 3980 remansit.

1919 4009 2203 4066 Postridie
2244 4025 2422 4065 mane
2461 4009 2788 4082 imperator
2830 4011 2983 4066 inter
3024 4011 3339 4082 optimates
3385 4011 3568 4080 jussit

1917 4099 2128 4154 iterum
2157 4103 2382 4170 septem
2408 4098 2538 4154 illos
2567 4099 2974 4156 adolescentes
3005 4098 3244 4171 requiri.
3283 4099 3390 4165 Qui
3425 4114 3566 4155 cum

1915 4204 2036 4244 non
2057 4189 2487 4254 invenirentur,
2508 4188 2585 4243 ad
2607 4189 2924 4261 optimates
2946 4203 3268 4245 conversus
3293 4206 3306 4244 :
3331 4190 3566 4258 Magno-

1915 4292 2073 4348 pere,
2108 4278 2318 4350 inquit,
2351 4277 2522 4333 doleo
2555 4283 2799 4349 propter
2845 4276 3291 4333 adolescentum
3325 4277 3562 4334 illorum

1913 4366 2304 4432 calamitates,
2325 4381 2395 4422 eo
2412 4367 2574 4439 quod
2597 4365 2924 4422 illustribus
2941 4371 2998 4422 et
3019 4365 3194 4422 claris
3217 4365 3564 4439 parentibus

755 4449 892 4502 Πολὺ
939 4449 1200 4507 ἐλυπήθην
1253 4447 1346 4503 διὰ
1371 4454 1456 4503 τὸν
1497 4450 1670 4521 θλῐψιν
1700 4461 1799 4502 τῶν

1935 4455 2022 4510 »ιιιὶ
2079 4460 2238 4510 sunt.
2293 4455 2516 4526 Opinor
2569 4455 2728 4511 enim
2760 4455 2917 4520 illos,
2961 4455 3279 4512 arbitratos
3328 4456 3562 4528 imperii

1914 4544 2094 4600 nostri
2124 4545 2494 4615 majestatem
2527 4543 2638 4599 sibi
2669 4543 2840 4599 valde
2867 4544 3086 4600 iratam
3138 4559 3286 4608 esse,
3321 4549 3562 4617 propter

1913 4633 2144 4700 pietatis
2192 4637 2411 4689 nostras
2463 4633 2808 4704 religionem
2861 4633 2938 4689 ab
2976 4633 3092 4687 eies
3123 4633 3428 4698 violatam,
3458 4649 3562 4690 au-

1909 4720 2150 4793 fugisse.
2184 4722 2294 4778 Sed
2319 4721 2550 4792 imperii
2579 4723 2764 4778 nostri
2785 4721 3126 4792 benignitas
3153 4737 3274 4778 non
3315 4739 3560 4780 succen-

1912 4817 1998 4865 set
2035 4811 2124 4866 his
2155 4811 2258 4882 qui
2305 4810 2679 4882 resipiscunt,
2707 4815 2762 4866 et
2804 4811 2881 4867 ad
2925 4810 3175 4866 deorum
3209 4815 3555 4868 nostrorum

1909 4899 2286 4955 clementiam
2302 4899 2538 4955 animos
2561 4899 2871 4956 reducunt.
2891 4899 3025 4954 Hinc
3039 4898 3186 4955 dixit
3206 4899 3552 4969 imperator.

1905 4989 2006 5043 Cni
2056 4989 2364 5059 optimates
2407 4989 2879 5059 responderunt:
2929 4987 3095 5052 Quod
3125 4987 3202 5043 ad
3231 4987 3364 5043 illos
3409 4988 3554 5044 ado-

1905 5077 2192 5132 lescentes
2218 5077 2471 5148 pertinet
2503 5077 2801 5147 religionis
2827 5076 3179 5141 desertores,
3204 5075 3436 5148 imperii
3468 5077 3552 5132 tui

1907 5166 2188 5236 majestas
2213 5182 2596 5238 nequaquam
2617 5165 2834 5232 doleat,
2859 5181 3052 5237 neque
3067 5164 3386 5237 resipuisse
3416 5165 3550 5221 illos

1903 5255 2236 5320 arbitretur,
2275 5254 2467 5311 adhuc
2498 5254 2656 5309 enim
2693 5253 2752 5308 in
2791 5253 3042 5324 pristina
3071 5269 3183 5310 sua
3211 5255 3552 5324 ignorantia

1901 5349 2302 5414 perseverant,
2361 5347 2419 5398 et
2449 5347 2508 5398 ut
2554 5342 2920 5410 audivimus,
2953 5357 3026 5398 eo
3082 5343 3214 5414 ipso
3261 5345 3547 5415 tempore,

1899 5433 2062 5504 quod
2091 5433 2230 5502 ipsis
2257 5433 2668 5504 praescriptum
2699 5431 2808 5485 fuit
2832 5430 2909 5487 ad
2932 5431 3294 5487 mutandum
3309 5433 3550 5490 consili-

1901 5537 2024 5582 um,
2077 5521 2498 5593 pertinaciores
2551 5519 2712 5586 facti,
2768 5519 3134 5576 obstinatam
3177 5520 3546 5580 voluntatem

1899 5611 2168 5666 retinent.
2213 5610 2420 5682 Itaque
2469 5611 2784 5680 argentum
2810 5613 2866 5665 et
2919 5624 3134 5666 aurum
3179 5611 3546 5684 pauperibus
