4142 6196
476 291 582 349 435

1862 230 2145 337 ’ΜΕΝειε
2184 271 2447 351 JUst.

3730 273 3841 328 436

475 433 584 492 per
612 412 774 473 urbis
826 411 1051 486 plateas
1092 408 1395 483 dispositis
1443 409 1886 473 distribuerunt,
1937 416 2132 476 neque

2280 424 2352 457 ιον
2377 406 2578 458 ταύτῶν
2604 410 2692 460 καὶ
2716 402 2974 461 διέδωκαν
3007 404 3141 457 αὑτά
3170 407 3427 474 πτωχοῖς,
3457 400 3524 461 εἰς
3549 402 3641 463 τάς
3670 399 3842 475 ἀγορὰ

480 505 738 579 amplius
769 504 1086 574 quisquam
1117 515 1219 555 eos
1263 499 1423 554 vidit.
1457 499 1516 554 Si
1561 500 1755 572 placet
1786 500 1958 570 igitur
2003 510 2131 549 ma-

475 594 671 669 jestati
726 597 861 658 tuae,
904 594 1179 661 parentes
1228 588 1465 644 illorum
1528 590 1859 661 capiantur,
1919 590 1975 641 et
2014 588 2135 639 tor-

483 686 696 741 mentis
772 685 1062 751 cogantur
1142 678 1361 744 dicere,
1436 679 1680 735 ubinam
1750 692 1955 733 eorum
2030 670 2134 727 ﬁlii

481 755 724 830 lateant.
755 770 890 824 Haec
916 768 1168 824 audiens
1190 768 1533 840 imperator,
1572 769 1657 823 ira
1678 766 1936 839 percitus
1961 762 2137 834 jussit

484 860 931 919 adolescentum
946 862 1215 929 parentes
1231 858 1525 913 accessiri.
1543 857 1863 927 Quostcum
1881 866 2135 925 praesen-

484 957 568 1009 tes
599 949 884 1004 vidisset:
939 950 1005 1002 Et
1050 946 1323 1011 ubinam,
1356 947 1572 1018 inquit,
1618 950 1758 1001 sunt
1804 944 1905 1000 ﬁlii
1940 939 2134 1008 vestri,

484 1039 719 1111 imperii
771 1041 825 1092 et
871 1037 1177 1107 jussorum
1242 1041 1585 1091 nostrorum
1649 1028 2138 1105 contemptores?

486 1131 798 1199 PrOpterea
829 1142 933 1182 vos
966 1126 1143 1182 etiam
1174 1125 1506 1181 insolentiae
1538 1124 1804 1196 ipsorum
1835 1136 2017 1179 causa
2056 1119 2137 1175 in-

488 1213 676 1270 terﬁci
702 1213 909 1283 jubeo.

562 1396 645 1448 1X.
678 1394 838 1446 Tunc
880 1388 961 1444 illi
1003 1388 1309 1443 dixerunt:
1364 1388 1683 1443 Precamur
1712 1391 1787 1455 te,
1843 1383 2141 1454 benignis-

495 1482 643 1537 sime
683 1481 1027 1552 imperator,
1066 1482 1129 1533 ut
1160 1482 1424 1533 nostram
1473 1494 1724 1533 causam
1752 1475 1985 1532 audias.
2031 1477 2144 1529 Nos

494 1569 727 1643 imperii
773 1574 829 1625 et
876 1566 1210 1638 majestatis
1243 1571 1357 1622 tuae
1402 1568 1575 1637 jussa
1622 1582 1743 1622 non
1784 1564 2144 1621 violavimus

495 1676 691 1732 neque
710 1658 967 1731 propitia
983 1657 1234 1712 deorum
1260 1656 1511 1712 numina
1533 1655 1926 1711 deseruimus.
1953 1654 2145 1718 Quare

498 1750 674 1820 igitur
708 1764 817 1803 nos
846 1747 1106 1809 illorum,
1131 1745 1235 1818 qui
1261 1746 1596 1802 desertores
1628 1749 1788 1808 sunt,
1816 1759 1999 1799 causa
2024 1757 2143 1797 mo-
2180 1757 2223 1812 Β

498 1842 723 1897 riemur
742 1840 770 1895 ?
794 1837 960 1906 Quod
983 1852 1119 1892 vero
1136 1837 1208 1891 ad
1233 1844 1546 1907 argentum
1561 1842 1616 1893 et
1634 1852 1847 1893 aurum
1870 1834 2144 1906 pertinet.

499 1930 637 1986 illia
684 1928 861 1984 nobis
913 1928 1231 1998 pecuniam
1266 1926 1720 1998 subripuerunt:
1770 1940 1955 1997 quam
2012 1938 2151 1978 cum

504 2017 872 2091 pauperibus
902 2015 1364 2080 distribuissent,
1392 2014 1755 2085 aufugerunt
1776 2014 1836 2068 in
1861 2016 2149 2075 montem,

505 2112 562 2164 et
594 2105 699 2163 tibi
729 2104 1079 2161 delitescunt
1133 2104 1194 2159 in
1226 2104 1532 2176 spelunca.
1566 2104 1697 2158 Sive
1726 2103 1903 2173 igitur
1935 2102 2151 2165 vivant,

506 2198 631 2254 sive
664 2195 881 2251 mortui
913 2195 1046 2257 sint,
1072 2193 1576 2262 nosignoramus.
1602 2193 1738 2247 Haec
1766 2192 2018 2247 audiens
2050 2190 2156 2245 im-

506 2289 747 2359 perator
784 2284 946 2338 viros
974 2282 1105 2337 illos
1133 2282 1375 2347 dimisit,
1414 2286 1469 2338 et
1501 2282 1743 2337 multum
1773 2297 1975 2336 secum
2003 2278 2160 2349 cogi-

506 2374 687 2443 tabat,
706 2372 991 2445 quidnam
1016 2372 1234 2429 faceret
1249 2371 1745 2428 adolescentibus.
1768 2371 2065 2439 Benignus
2084 2385 2159 2425 au

509 2470 624 2519 tem
646 2461 872 2517 Densin
893 2462 1020 2531 ejus
1047 2467 1307 2516 mentem
1338 2461 1554 2532 injecit,
1583 2465 1647 2516 ut
1677 2460 1977 2532 speluncae
2006 2459 2162 2514 illius

509 2550 1055 2622 aditumlapidibus
1076 2549 1428 2615 Obstrueret,
1453 2567 1576 2622 quo
1618 2556 1961 2606 sanctorum
2009 2564 2165 2604 mar-

507 2646 709 2714 tyrum
730 2655 983 2712 corpora
1004 2639 1237 2710 sepulta
1262 2638 1380 2695 illic
1405 2640 1694 2710 jucerent,
1720 2654 1915 2712 neque
1947 2642 2165 2694 sanctae

508 2730 772 2803 reliquiae
790 2732 1231 2793 amoverentur,
1256 2729 1352 2784 sed
1380 2745 1558 2801 usque
1581 2729 1652 2785 ad
1674 2728 2163 2785 resurrectionem

512 2823 704 2894 ipsam
736 2820 952 2877 servari
986 2823 1249 2891 possent.

589 2998 647 3049 Χ.
698 2994 905 3051 Decius
964 3008 1106 3063 ergo
1158 2992 1482 3063 imperator
1544 2993 1897 3047 sententiam
1959 2995 2167 3047 contra

515 3085 648 3141 illos
698 3081 1107 3138 adolescentes
1146 3080 1326 3136 talem
1366 3081 1804 3151 pronuntiavit:
1869 3081 2164 3146 Quoniam
2205 3104 2245 3161 ρ

516 3170 734 3229 nostris
765 3170 945 3226 edicis
986 3184 1189 3240 parere
1221 3168 1536 3224 noluerunt
1580 3169 1911 3225 desertores
1941 3170 2169 3225 adoles-

518 3264 734 3325 centes,
749 3263 807 3315 et
827 3263 1157 3314 nostrorum
1181 3258 1423 3314 deorum
1441 3274 1655 3314 numen
1670 3264 2166 3331 contempserunt,

518 3355 832 3424 propterea
861 3354 916 3406 et
943 3350 1057 3420 ipsi
1083 3348 1445 3419 benignitate
1472 3349 1650 3404 nostri
1678 3350 1909 3421 imperii
1939 3349 2171 3421 priven-

519 3446 631 3515 tur,
657 3456 849 3513 neque
876 3438 1133 3511 amplius
1155 3438 1215 3495 in
1234 3442 1624 3510 conspectum
1650 3439 1963 3495 hominum
1986 3455 2171 3511 appa-

516 3534 701 3587 reant.
738 3528 1142 3595 Quamobrem
1174 3528 1466 3599 speluncae
1507 3528 1706 3584 aditus
1740 3529 1899 3584 saxis
1933 3529 2168 3599 magnis

520 3620 885 3683 obstruatur,
907 3621 960 3673 et
976 3616 1302 3686 sigillorum
1332 3617 1664 3672 munimine
1680 3617 2077 3689 imprimatur,
2108 3623 2171 3674 ut

518 3709 634 3764 vivi
663 3708 1011 3775 obruantur,
1043 3710 1099 3762 et
1129 3706 1190 3761 in
1221 3706 1520 3777 ejusmodi
1549 3722 1779 3762 carcere
1814 3708 2163 3763 moriantur.

520 3796 907 3854 Existimabal
926 3796 1085 3852 enim
1108 3800 1227 3851 tam
1244 3796 1588 3868 imperator,
1610 3812 1795 3866 quam
1821 3800 1940 3853 tota
1961 3796 2167 3853 civitas

519 3886 925 3945 adolescentes
956 3885 1088 3941 illos
1114 3886 1312 3942 adhuc
1334 3884 1550 3951 vivere,
1581 3885 1921 3941 Theodorus
1948 3901 2087 3942 vero
2115 3890 2171 3943 et

521 3976 770 4041 Barbus,
803 3976 905 4048 qui
938 3976 1224 4031 fueranta
1254 3975 1525 4031 cubiculo
1558 3976 1949 4047 imperatoris,
1977 3981 2031 4032 et
2061 3978 2169 4031 mi-

518 4065 688 4124 nistri
709 4065 1035 4122 admodum
1061 4063 1286 4129 ﬁdeles,
1312 4080 1447 4119 cum
1474 4068 1670 4119 essent
1688 4072 1743 4119 et
1763 4066 1876 4137 ipsi
1904 4065 2171 4122 Christia-

520 4158 601 4222 ni,
629 4159 871 4228 propter
889 4153 1358 4225 persecutionem
1385 4168 1515 4208 sese
1538 4153 1996 4209 occultaverant.
2022 4157 2169 4210 Tum

518 4245 668 4301 inter
692 4259 754 4299 se
780 4244 859 4299 ita
871 4242 1180 4298 dicebant:
1204 4242 1544 4299 Scribamus
1567 4244 1923 4314 martyrium
1940 4248 2171 4315 septem

522 4333 979 4392 adolescentium
1002 4333 1058 4387 in
1072 4330 1361 4403 plumbeis
1375 4330 1617 4397 tabulis,
1635 4333 1911 4404 quoniam
1933 4337 2173 4405 propter

521 4422 730 4480 Christi
774 4421 952 4478 ﬁdem
988 4422 1205 4478 mortui
1237 4426 1395 4489 sunt,
1428 4424 1484 4476 et
1528 4425 1817 4493 martyres
1844 4422 1981 4478 facti
2014 4428 2169 4480 sunt.

524 4514 665 4578 Quae
692 4516 889 4568 autem
912 4511 1347 4583 scripserimus,
1370 4510 1432 4567 in
1454 4510 1623 4566 aereis
1648 4510 1858 4567 loculis
1891 4527 2173 4584 reponsa-

522 4618 677 4665 mus,
706 4605 761 4657 et
783 4599 1201 4671 loculosipsos
1233 4599 1423 4670 sigillo
1454 4599 1736 4666 munitos,
1768 4600 1918 4657 inter
1941 4602 2172 4672 lapides

522 4691 625 4764 qui
665 4694 803 4746 sunt
826 4690 885 4746 in
920 4705 990 4745 eo
1038 4689 1194 4753 loco,
1225 4704 1523 4761 ponamus
1557 4688 1846 4761 (fortassis
1878 4690 2036 4746 enim
2066 4692 2175 4747 Do-

522 4781 722 4837 minus
742 4784 879 4836 ante
890 4779 1200 4835 novissimi
1222 4780 1515 4835 adventus
1546 4778 1706 4835 diem
1728 4785 2017 4852 martyres
2038 4780 2176 4837 visi-

524 4869 717 4942 tabit),
748 4873 811 4925 ut
838 4869 885 4923 si
911 4884 1033 4942 quo
1082 4872 1348 4939 tempore
1390 4867 1674 4939 spelunca
1702 4869 1831 4925 haec
1880 4870 2174 4941 patefacta

524 4965 579 5018 et
600 4963 941 5016 sanctorum
962 4961 1293 5031 martyrum
1312 4959 1636 5031 corporain
1656 4964 1926 5032 apertum
1945 4960 2175 5031 prolata

524 5050 762 5114 fuerint.
793 5064 865 5105 ex
907 5048 1232 5104 litterarum
1282 5048 1683 5104 monumentis
1728 5048 1967 5104 illorum
2019 5048 2176 5105 facta

522 5140 673 5197 disci
706 5138 960 5213 possint.
990 5141 1273 5195 Fecerunt
1296 5138 1474 5209 igitur
1502 5137 1845 5194 Theodorus
1875 5141 1929 5194 et
1950 5139 2174 5196 Barbus

524 5231 690 5305 quod
720 5230 870 5287 inter
902 5244 962 5285 se
994 5228 1610 5285 communicaverant.

591 5322 677 5379 XI.
710 5318 1016 5392 Temporis
1048 5318 1356 5375 intervallo
1387 5323 1657 5375 mortuus
1696 5320 1782 5373 est
1812 5316 2019 5372 Decius
2062 5315 2173 5371 im-

524 5415 782 5485 perator,
839 5413 895 5466 et
950 5414 1074 5468 tota
1125 5413 1268 5465 aetas
1317 5407 1416 5465 illa
1468 5407 1698 5464 interiit.
1754 5408 2174 5463 Successerunt

524 5505 725 5560 autem
764 5501 1151 5572 imperatores
1190 5514 1299 5555 suo
1338 5497 1593 5570 quisque
1636 5504 1921 5568 tempore,
1970 5494 2173 5567 quoad

527 5587 894 5648 Theodosius
921 5586 1247 5660 imperator
1273 5590 1572 5659 sceptrum
1602 5589 1800 5643 tenere
1832 5583 2028 5657 coepit.
2062 5583 2172 5652 Qui

2204 4465 2250 4519 Ι)

2248 502 2335 555 ςῆς
2364 496 2576 559 πόλεως,
2623 498 2770 549 αὐτοὶ
2817 493 2875 549 δὲ
2904 499 3080 549 ἔκτοτε
3111 493 3204 544 οὐκ
3249 492 3530 564 ἐφάνησαν.
3564 490 3618 544 Εἰ
3664 496 3838 543 τοίνυν

2248 580 2391 637 δοκεί
2420 594 2490 656 τῷ
2520 590 2698 661 κράτει
2731 606 2845 651 σου,
2880 586 3219 657 πσχεθώσιν
3247 584 3294 633 οἱ
3323 589 3490 652 γονεῖς
3531 580 3695 632 αὐτῶν
3746 585 3843 633 καὶ

2248 671 2668 744 βασανισθῶσιν,
2697 681 2786 727 καὶ
2811 675 2960 726 αὐτοὶ
3000 670 3327 725 δεικνύουσιν
3354 673 3474 742 ἡμῖν
3501 690 3597 722 που
3630 669 3837 728 ἐκεύθηο

2251 783 2366 816 σαν.
2410 764 2531 817 Ὀτε
2581 763 2637 817 δὲ
2682 770 2876 824 ἤκουσε
2920 772 3087 815 ταῦτα
3125 770 3149 813 ό
3188 760 3457 834 βασιλεὺς,
3492 760 3713 832 ὀργίσθη
3749 764 3842 812 καὶ

2249 856 2609 927 μετεπέμψατο
2648 858 2766 915 τοὺς
2804 861 2969 925 γονεῖς
3009 853 3198 915 αὐτῶν,
3244 856 3332 902 καὶ
3359 850 3584 910 ἐλθόντες
3610 852 3841 907 ἔστησαν

2250 943 2459 996 ἐνώπιον
2490 953 2580 997 τοῦ
2614 943 2888 1016 βασιλέως,
2919 947 3005 994 καὶ
3036 941 3367 1015 ἐπηρώτησεν
3403 940 3592 999 αὐτοὺς
3618 941 3643 990 6
3678 938 3843 1011 βασι-

2249 1034 2362 1095 λεὺς
2386 1034 2543 1105 λέγων
2578 1051 2589 1063 ⁸
2624 1042 2729 1085 Ποῦ
2772 1034 2899 1085 εἰσιν
2947 1031 3126 1084 ἐκεῖνοι
3160 1033 3209 1082 οἱ
3241 1029 3556 1087 ἀποστάται,
3600 1032 3646 1080 οἱ
3679 1027 3847 1080 ἀποσο

2252 1126 2427 1183 τάντες
2470 1123 2523 1174 ἐκ
2566 1132 2657 1183 τῆς
2685 1122 2955 1195 βασιλείας
2986 1140 3104 1193 μου,
3134 1125 3221 1172 καὶ
3252 1118 3597 1180 ἀθετήσαντες
3624 1122 3679 1170 τό
3718 1122 3847 1188 πρό-

2256 1216 2468 1284 στάγμα
2503 1215 2644 1284 ἡμῶν
2679 1232 2691 1276 ;
2729 1209 2819 1264 ὃιά
2838 1220 2990 1265 τοῦτο
3020 1209 3205 1263 κελεύω
3236 1210 3366 1280 ὑμᾶς
3408 1206 3697 1274 ἀποθανεῖν,
3733 1206 3851 1259 ἀντὶ

2254 1311 2347 1365 τῆς
2384 1299 2691 1377 τυραννίδος
2720 1302 2887 1353 αὐτῶν
2902 1347 2912 1357 ,

2327 1398 2405 1446 Θ“.
2439 1396 2565 1445 Τότε
2615 1390 2971 1464 ἀπεκρίθησαν
3012 1391 3059 1442 οἱ
3100 1395 3264 1460 γονεῖς
3306 1388 3473 1439 αὐτῶν
3507 1386 3716 1439 ἐνώπιον
3756 1393 3853 1438 τοῦ

2258 1480 2515 1555 βασιλέως
2540 1486 2627 1533 καὶ
2658 1478 2803 1533 εἶπαν
2836 1498 2847 1510 ⁸
2885 1481 3107 1551 Δεόμεθά
3140 1498 3256 1545 σου,
3304 1476 3522 1550 βασιλεῦ
3557 1492 3570 1505 ·
3598 1478 3748 1549 ἡμεῖς
3791 1478 3855 1527 τὸ

2255 1575 2574 1644 πρόσταγμα
2628 1578 2717 1623 τοῦ
2790 1572 3012 1643 κράτους
3093 1588 3186 1620 σου
3253 1566 3310 1619 οὐ
3368 1564 3683 1635 παρέϐημεν.
3749 1568 3857 1619 Καὶ

2256 1664 2373 1720 τοὺς
2422 1660 2636 1731 εὐμενεῖς
2693 1661 2837 1719 θεοὺς
2884 1658 2976 1710 οὐκ
3022 1658 3265 1729 εἰάσαμεν
3317 1673 3329 1685 ·
3366 1652 3461 1707 διὰ
3501 1660 3552 1707 τί
3596 1652 3682 1707 οὖν
3724 1655 3854 1726 ὑπὲρ

2259 1748 2458 1801 ἐκείνων
2499 1757 2597 1801 τῶν
2644 1748 2947 1801 ἀποστατῶν
2999 1750 3148 1819 ἡμεῖς
3206 1744 3620 1816 ἀποθνήσκομεν,
3672 1746 3857 1803 οἵτινες

2260 1842 2317 1891 τὸ
2346 1838 2590 1911 ἀργύριον
2630 1840 2775 1911 ἡμῶν
2810 1842 2899 1889 καὶ
2930 1840 2986 1889 τὸ
3017 1840 3239 1910 χρυσίον
3272 1838 3514 1906 ἠρπασαν
3546 1838 3633 1886 καὶ
3666 1829 3860 1886 διέδω-

2262 1949 2355 1980 καν
2408 1936 2660 1999 πτωχοῖς,
2730 1933 2819 1979 καὶ
2887 1924 3002 1978 ἰδοὺ
3072 1926 3201 1977 εἰσὶν
3268 1922 3608 1996 κεκρυμμένοι
3674 1922 3721 1974 ἐν
3784 1931 3863 1994 τῷ

2268 2018 2507 2089 σπηλαίῳ
2542 2035 2555 2047 ·
2588 2022 2677 2069 καὶ
2734 2016 2780 2068 ἐν
2830 2015 2990 2088 πολλῇ
3058 2014 3228 2085 θλίψει
3284 2018 3374 2065 καὶ
3429 2010 3691 2085 ἀδημονίᾳ
3740 2008 3863 2064 διάο

2266 2127 2449 2179 γουσιν
2486 2125 2496 2136 ·
2528 2110 2627 2159 εἴτε
2648 2111 2817 2159 τοίνυν
2855 2107 3014 2165 ζῶσιν
3047 2107 3145 2157 εἴτε
3166 2108 3254 2156 καὶ
3287 2102 3562 2167 ἀπέθανον,
3590 2102 3679 2153 οὐκ
3711 2098 3864 2153 οῖδα-

2269 2218 2378 2271 μεν.
2412 2201 2510 2250 Καὶ
2536 2203 2701 2249 ταῦτα
2732 2195 2956 2255 ἀκούσας
2993 2196 3017 2246 6
3050 2192 3320 2266 βασιλεὺς,
3372 2191 3621 2245 ἀπελυσεν
3653 2191 3864 2251 αὐτούς.

2272 2288 2350 2340 Ἐν
2396 2286 2553 2359 πολλῇ
2604 2282 2691 2338 οὖν
2727 2285 2906 2356 σκέψει
2956 2284 3192 2356 ὑπῆρχεν
3223 2285 3248 2335 6
3283 2281 3533 2354 βασιλεὺς
3571 2286 3622 2333 τί
3651 2284 3870 2338 ποιήσει

2272 2378 2483 2438 ἐκείνοις
2507 2383 2613 2437 τοῖς
2639 2372 2900 2436 παιδίοις.
2940 2381 2996 2426 Ὁ
3041 2370 3099 2425 δὲ
3127 2372 3483 2445 φιλάνθρωπος
3514 2374 3643 2431 Θεὸς
3669 2366 3864 2423 ἔδωκεν

2274 2467 2345 2529 εἰς
2373 2470 2466 2525 τὴν
2491 2461 2716 2539 καρδίαν
2742 2464 2901 2516 αὐτοῦ
2930 2461 3277 2535 ἐναποφράξαι
3302 2464 3360 2513 τὸ
3386 2465 3601 2533 στόμιον
3624 2466 3713 2512 τοῦ
3732 2478 3871 2517 σπη-

2272 2555 2419 2607 λαίου
2452 2554 2642 2607 ἐκείνου
2673 2554 2851 2618 λίθοις,
2889 2556 2977 2604 καὶ
3016 2560 3171 2604 τοῦτο
3200 2551 3291 2603 οὐκ
3323 2550 3375 2613 ἐξ
3407 2546 3546 2602 ἰδίον
3583 2549 3873 2620 θελήματος

2276 2653 2365 2697 τοῦ
2399 2652 2552 2709 Θεοῦ,
2580 2644 2661 2695 ἴνα
2690 2650 2923 2715 ταφῶσιν
2946 2641 3051 2693 ἐκεῖ
3078 2643 3144 2693 τά
3167 2646 3385 2712 σώματα
3417 2648 3515 2691 τῶν
3548 2638 3707 2710 ἁγίων
3738 2656 3876 2710 μαρ-

2273 2738 2456 2806 τύρων,
2496 2736 2577 2785 ῖνα
2607 2736 2677 2804 μὴ
2702 2734 2957 2789 κινηθῶσι
2982 2732 3046 2783 τὰ
3071 2729 3289 2801 λείψανα
3316 2728 3503 2794 αὐτῶν,
3529 2724 3705 2785 ἐπειδὴ
3735 2723 3874 2784 ἦσαν

2275 2844 2329 2877 τε
2351 2825 2583 2897 ὴρημένα
2614 2823 2679 2883 εἰς
2709 2826 2801 2881 τὴν
2830 2822 3122 2893 ἐπιφάνειαν
3161 2828 3256 2881 τῆς
3285 2818 3614 2879 ἀναστασίως
3643 2824 3737 2869 τοῦ
3770 2824 3876 2869 Κυι-

2275 2919 2412 2989 ρίου.

2350 3003 2407 3055 Ι’.
2434 3007 2560 3055 Τότε
2605 3000 2898 3073 ἀπεφήνατο
2940 3000 3053 3052 κατ’
3109 2998 3276 3051 αὐτῶν
3321 3002 3513 3062 Δέκιος,
3563 3002 3649 3049 καὶ
3678 2992 3813 3049 εἶπεν
3858 3010 3873 3026 ⁸

2279 3090 2491 3150 Ἐπειδὴ
2553 3092 2845 3149 ἠπείθησαν
2894 3097 3001 3151 τοῖς
3051 3091 3312 3161 ἡμετέροις
3371 3088 3769 3161 προστάγμασιν
3828 3088 3879 3138 οἱ

2282 3182 2569 3234 ἀποστάται
2644 3179 2845 3245 ἐκεῖνοι,
2901 3185 2989 3231 καὶ
3046 3182 3432 3252 κοῐτεφρόνησαν
3489 3184 3586 3229 τῶν
3654 3174 3875 3246 εὐμενῶν

2283 3274 2424 3335 θεῶν,
2506 3273 2595 3321 καὶ
2686 3268 2835 3320 αὐτοὶ
2902 3270 3198 3342 στερηθὼσι
3255 3275 3345 3327 τῆς
3406 3265 3702 3338 εὐπρεπείας
3776 3273 3877 3326 τῆς

2282 3359 2573 3433 βασιλείας,
2626 3362 2714 3409 καὶ
2769 3360 2958 3429 μηκέτε
3005 3364 3232 3428 φανῶσιν
3284 3354 3492 3407 ἐνώπιον
3534 3363 3629 3407 των
3681 3352 3880 3427 ἀνθρώ-

2280 3470 2405 3511 πων,
2442 3445 2535 3501 διά
2564 3456 2712 3500 τοῦτο
2746 3448 3120 3519 σφραγισθήτω
3146 3450 3203 3498 τό
3233 3450 3445 3517 στόμιον
3478 3451 3567 3497 τοῦ
3615 3443 3880 3500 σπηλαίου

2279 3538 2439 3597 λίθοις
2500 3537 2744 3608 μεγάλοις
2794 3536 2876 3589 ἐπὶ
2954 3538 3011 3588 τό
3086 3537 3444 3594 καταποθῆναι
3501 3538 3591 3587 καὶ
3642 3531 3883 3602 ἕκλεῖψαι

2280 3632 2373 3686 τὴν
2439 3628 2575 3687 ζωὴν
2633 3627 2817 3693 αὐτῶν,
2886 3630 2975 3678 κοιὶ
3034 3624 3360 3677 ἀποθάνωσιν
3415 3623 3462 3675 ἐν
3521 3631 3581 3695 τῇ
3646 3620 3878 3692 φυλακῇ,

2284 3713 2493 3774 Ἐπειδὴ
2552 3715 2779 3787 ἐνόμιζεν
2830 3716 2855 3767 ό
2907 3713 3152 3788 βασιλεὺς
3205 3719 3295 3766 καὶ
3345 3719 3491 3765 πᾶσα
3525 3715 3554 3771 ἡ
3601 3710 3746 3772 πόλις
3797 3712 3883 3762 ὅτι

2284 3807 2444 3867 ζῶσιν
2487 3804 2656 3876 ἀκμὴν
2688 3807 2736 3857 οὶ
2766 3805 2927 3873 ἅγιοι.
2977 3800 3248 3876 Θεόδωρος
3291 3799 3349 3855 δε
3388 3808 3475 3854 καὶ
3527 3804 3553 3853 6
3606 3799 3801 3872 Βάρϐος
3831 3802 3884 3851 οἰ

2966 3898 3146 3946 πιστοὶ
3224 3900 3314 3944 τοῦ
3396 3891 3668 3963 βασιλέως,

2281 3989 2589 4058 Χριστιανοὶ
2634 3988 2722 4036 καὶ
2778 3982 2989 4055 ἔκρυϐον
3044 3981 3258 4043 ἑαυτοὺς
3314 3980 3414 4033 ἀπὸ
3463 3988 3554 4032 τοῦ
3590 3979 3745 4051 φόϐου
3786 3986 3884 4031 τοῦ

2280 3894 2704 3968 κουϐικουλάριοι
2773 3898 2862 3945 καὶ
2966 3898 3146 3946 πιστοὶ
3224 3900 3314 3944 τοῦ
3396 3891 3668 3963 βασιλέως.
3743 3886 3882 3946 ἦσαν

2284 4071 2542 4145 διωγμοῦ.
2637 4076 2737 4125 Καὶ
2804 4072 2938 4123 οὕτω
3009 4073 3133 4144 πρὸς
3209 4069 3457 4131 ἀλλήλους
3519 4066 3883 4140 ὃιελογίσαντο

2282 4168 2371 4215 καὶ
2403 4160 2539 4215 εἶπον
2588 4179 2599 4191 ·
2655 4164 2966 4236 Γράπτωμεν
3006 4156 3072 4219 δὴ
3123 4161 3188 4220 εἰς
3243 4163 3450 4231 πτνχία
3497 4155 3739 4230 μολυϐδὰ
3784 4162 3879 4217 τὴν

2283 4256 2572 4327 μαρτυρίαν
2654 4258 2751 4301 τῶν
2836 4249 2997 4320 ἁγίων
3079 4252 3291 4315 τούτων,
3368 4251 3447 4300 ὅτι
3505 4244 3597 4300 διὰ
3649 4250 3887 4321 Χριστόν

2284 4342 2553 4406 ἀπέθανον,
2623 4344 2712 4391 καὶ
2775 4340 3029 4410 μάρτυρες
3106 4338 3228 4403 εἰσὶ,
3308 4342 3397 4390 καὶ
3452 4339 3688 4409 θήσωμεν
3749 4336 3889 4389 αὐτά

3353 4431 3721 4500 σφραγίσωμεν

2286 4515 2541 4593 σφραγίδι
2615 4524 2703 4570 καὶ
2789 4520 3093 4591 κρύπτωμεν
3173 4517 3305 4569 αὐτά
3385 4516 3574 4588 μεταξὺ
3650 4524 3749 4567 τῶν
3800 4514 3885 4567 λί-

2284 4430 2331 4482 ἐν
2431 4430 2789 4500 γλωσσοκόμῳ
2887 4426 3071 4498 χαλκῷ
3166 4432 3255 4479 καὶ
3353 4431 3721 4500 σφραγίσωμεν
3834 4424 3886 4477 ἐν

2288 4612 2384 4662 θων
2456 4615 2555 4659 τῶν
2641 4612 2795 4659 ὄντων
2868 4606 3052 4659 ἐκεῖσε.
3140 4609 3297 4677 Τάχα
3397 4608 3499 4678 γὰρ
3585 4604 3890 4658 ἐπισκέπτε-

2284 4718 2371 4750 rut
2457 4697 2637 4757 αὐτοὺς
2695 4698 2720 4747 6
2777 4698 2967 4768 Κύριος
3022 4700 3121 4767 πρὸ
3190 4703 3284 4757 τῆς
3359 4694 3624 4754 ἐλεύσεως.
3694 4694 3883 4758 αὐτοῦ,

2286 4791 2448 4839 εἴποτε
2493 4794 2657 4857 καιρῷ
2714 4784 2911 4856 ἀνοιγεί
2946 4788 3003 4836 τό
3062 4784 3336 4847 σπήλαιον,
3396 4788 3485 4836 καὶ
3544 4786 3885 4856 φανερωθὼσι

2283 4877 2347 4927 τά
2406 4881 2620 4946 σώματα
2691 4882 2786 4925 τῶν
2846 4873 3007 4943 ἁγίων
3090 4872 3522 4925 ἀποκλεισθέντων
3616 4872 3666 4924 ἐν
3720 4872 3886 4941 αὐτῷ,

2284 4969 2372 5016 καὶ
2425 4963 2811 5034 ἐπιγνωσθῶσιν
2865 4960 2964 5015 ἀπὸ
3017 4971 3115 5014 τῶν
3162 4963 3483 5035 γραμμάτων
3523 4964 3733 5015 τούτων.
3781 4966 3887 5014 Καὶ

2286 5054 2456 5125 ὥσπερ
2486 5051 2875 5123 ἐνεθυμήθησαν
2905 5054 2953 5103 οἱ
2989 5055 3163 5104 πιστοὶ
3194 5050 3376 5103 ἐκεῖνοι
3399 5047 3607 5122 ἄνδρες,
3638 5050 3773 5102 οὕτω
3795 5056 3892 5103 καὶ

2290 5141 2435 5198 ἐποίη
2448 5160 2562 5195 σαν.

2358 5318 2460 5371 IA'.
2518 5319 2793 5373 Ἀπέθανεν
2848 5313 2906 5370 δέ
2960 5318 2985 5368 6
3044 5315 3288 5389 βασιλεὺς
3322 5320 3494 5378 Δέκιος
3541 5320 3629 5368 καὶ
3669 5322 3818 5368 πᾶσα
3856 5318 3887 5374 η

2283 5408 2427 5477 γενεὰ
2475 5406 2637 5465 ἐκείνη
2698 5412 2787 5459 καὶ
2840 5404 2983 5457 ἄλλοι
3063 5404 3300 5477 βασιλεῖς
3364 5403 3704 5457 ἐϐασίλευσαν
3774 5405 3888 5475 μετ’

2284 5498 2437 5547 αὐτὸν
2496 5494 2541 5546 ἐν
2595 5502 2655 5566 τῇ
2712 5494 2926 5564 ἐξουσίᾳ
2968 5502 3059 5554 τῆς
3106 5493 3377 5566 βασιλείας
3430 5493 3617 5561 αὐτῶν,
3674 5493 3765 5551 ἕως
3824 5494 3887 5545 οὗ

2285 5583 2471 5644 ἀνέστη
2505 5580 2784 5647 Θεοδόσιος
2816 5585 2840 5636 6
2871 5586 3057 5646 πιστός
3089 5581 3355 5656 βασιλεύς.
3394 5589 3492 5638 Καὶ
3545 5581 3592 5635 ἐν
3625 5589 3695 5652 τῷ
3739 5600 3889 5657 τριαο
