4142 6196
240 286 349 340 437

1421 280 1513 335 DE
1553 274 1833 334 SEPTEM
1876 272 2431 335 DORMIENTIBUS.

3502 284 3606 339 438

238 418 412 479 κοστῷ
470 405 645 480 ὁγδοῳ
695 410 794 460 ἔτει
861 417 950 468 τῆς
1014 406 1283 481 βασιλείας
1327 405 1503 469 αὑτοῦ,
1576 403 1842 475 ἐπεφοίτη-

1957 417 2087 458 cum
2114 403 2384 475 religiose
2416 410 2472 463 et
2500 408 2825 465 Christiane
2854 408 3191 481 imperaret,
3222 412 3606 466 surrexerunt

242 519 335 551 σου
403 502 537 560 τινες
608 507 706 549 τῶν
774 501 1039 569 αἱρετικῶν
1103 498 1412 569 βουλόμενοι
1483 489 1843 546 διασκεδάσαι

240 594 331 646 τὴν
385 586 673 639 ἀνάστασιν
718 596 815 638 τῶν
864 596 1071 661 νεκρῶν,
1126 591 1185 644 ἦν
1229 588 1253 638 6
1302 589 1530 658 Χριστὸς
1559 583 1843 655 ἐχαρίσατο

241 687 300 750 τῇ
360 678 487 749 ἁγία
536 677 693 728 αὐτοῦ
746 677 1050 734 Ἐκκλησία.
1112 679 1175 727 Οἱ
1229 673 1287 728 δὲ
1355 671 1725 744 εἰδωλολάτραι
1797 672 1845 721 οἱ

242 772 641 841 στρατευόμενοι
709 766 757 817 ἐν
831 776 902 836 τῷ
982 766 1235 835 παλατίῳ,
1321 761 1552 835 διωγμὸν
1636 763 1843 833 φανερὸν

239 860 448 908 ἐποίουν
526 861 838 907 κατενώπιον
913 863 1004 907 τοῦ
1077 854 1352 927 βασιλέως,
1424 856 1512 903 καὶ
1572 854 1619 903 οἱ
1689 846 1843 907 δῆθεν

242 946 552 1016 καλούμενοι
634 944 904 997 ἐπίσκοποι
985 944 1279 1013 ἀγαπῶντες
1355 940 1683 1012 διαστρέφειν
1759 940 1846 997 τὰς

1524 1026 1845 1101 παραϐάσεις

1588 1116 1647 1175 ἦν
1704 1114 1843 1169 δ’ὲὸ

243 1032 395 1093 ὁδοὺς
482 1039 675 1106 Κυρίου
760 1038 845 1093 τας
939 1034 1155 1094 εὐθείας,
1238 1031 1425 1092 πολλὰς

243 1120 507 1177 ἐδείκνυον
561 1124 607 1175 ἐν
661 1130 771 1183 ταῖς
829 1132 918 1175 τοῦ
980 1128 1105 1175 Θεοῦ
1182 1121 1505 1180 ἐκκλησίαις

242 1222 528 1288 κορυφαῖος
585 1213 751 1265 αὐτῶν
810 1218 897 1264 καὶ
961 1213 1163 1263 πάντων
1230 1218 1328 1261 τῶν
1400 1216 1569 1259 κακῶν
1662 1210 1841 1271 αἰτιος,

244 1302 525 1378 Θεοδωρος
570 1305 596 1354 6
653 1304 932 1363 ἐπίσκοπος
981 1302 1166 1371 αἰγεών
1215 1308 1307 1361 τῆς
1354 1298 1547 1358 πόλεως
1594 1298 1704 1368 οἶμα
1746 1304 1846 1348 τῶν

246 1398 337 1445 σὺν
395 1394 539 1462 αὐτῷ
589 1396 760 1457 ὄντων,
814 1392 906 1444 οὐκ
956 1391 1252 1462 ὀφειλοντων
1304 1389 1643 1460 ὀνομάζεσθαι
1688 1385 1735 1437 ἐν
1784 1394 1841 1457 τῇ

242 1482 410 1554 βίϐλῳ
444 1485 608 1554 ταύτῃ
646 1478 847 1543 ἐπειδὴ,
874 1478 1093 1542 ἐδίωξαν
1118 1485 1208 1537 τὴν
1237 1478 1546 1535 Ἐκκλησίαν
1568 1484 1658 1529 του
1690 1482 1841 1529 Θεοῦ.

238 1572 297 1623 Ὀ
343 1570 401 1623 δὲ
435 1571 683 1643 βασιλεὺς
735 1568 1021 1631 Θεοδόσιος
1049 1569 1165 1620 καθ’
1200 1569 1422 1625 ἑκάστην
1467 1566 1514 1618 ἐν
1542 1575 1601 1637 τῇ
1640 1562 1848 1637 διανοίᾳ

241 1661 496 1723 ἐϐελοῡτο,
576 1666 665 1711 καὶ
750 1657 917 1711 ἐδέετο
994 1662 1123 1730 μετὰ
1172 1654 1411 1731 δακρύων
1473 1658 1706 1707 ἱκετεύων
1762 1658 1846 1705 τὸν

1953 493 2201 564 quidam
2234 495 2512 561 haeretici,
2550 498 2651 570 qui
2682 497 2984 567 negabant
3008 502 3378 553 mortuorum
3410 513 3605 554 resur-

1954 583 2276 639 rectionem
2319 585 2419 656 (t),
2464 603 2650 658 quam
2692 586 2957 641 Christus
2987 588 3112 653 ipse
3160 585 3222 640 in
3246 602 3355 641 sua
3399 591 3603 643 sancta

1956 671 2213 728 Ecclesia
2244 674 2488 729 ﬁrmiter
2518 674 2675 731 credi
2708 675 2904 731 voluit.
2935 675 3140 730 Milites
3170 674 3330 729 enim
3356 675 3602 746 quidam

1956 760 2255 816 idolorum
2288 763 2561 829 cultores,
2591 781 2727 819 cum
2758 765 2818 819 in
2836 764 3057 836 palatio
3084 763 3462 834 imperatoris
3486 779 3607 818 ver-

1958 854 2249 918 sarentur,
2270 856 2539 922 apertam
2568 854 3038 924 persecutionem
3062 852 3353 908 adversus
3371 849 3605 922 aliquos

1957 938 2119 1008 apud
2150 939 2570 1008 imperatorem
2595 946 3069 997 commoverunt.
3100 941 3249 1006 Quin
3276 940 3452 995 etiam
3481 938 3607 1011 epi-

1959 1027 2125 1099 scOpi
2148 1029 2396 1099 quidam
2420 1035 2605 1086 rectas
2626 1032 2721 1086 Dei
2749 1032 2991 1086 semitas
3012 1034 3344 1102 pervertere
3367 1028 3608 1099 cupien-

1961 1120 2067 1181 tes,
2096 1117 2157 1172 in
2190 1118 2450 1173 ecclesiis
2484 1120 2808 1175 multarum
2835 1120 3394 1192 praevaricationum
3438 1121 3608 1172 erant

1960 1212 2250 1262 auctores.
2286 1210 2549 1272 Quorum
2591 1210 2872 1281 princeps
2914 1214 2969 1265 et
3000 1208 3297 1264 malorum
3332 1206 3608 1261 omnium

1958 1301 2137 1367 caput
2154 1296 2486 1353 habebatur
2500 1298 2843 1353 Theodorus
2857 1296 3605 1369 Eginensiumepiscopus,

1961 1385 2137 1440 simul
2156 1402 2291 1440 cum
2313 1387 2383 1441 iis
2405 1402 2559 1458 quos
2578 1403 2783 1442 secum
2802 1386 3063 1443 habebat
3084 1385 3205 1458 :qui
3221 1402 3294 1441 ne
3309 1384 3604 1440 nominari

1957 1474 2202 1546 quidem
2230 1474 2467 1540 debent,
2500 1492 2635 1530 cum
2670 1476 2773 1530 Dei
2808 1476 3129 1531 Ecclesiam
3160 1474 3457 1545 persecuti
3488 1473 3606 1528 fue-

1958 1563 2094 1617 rint.
2127 1567 2195 1619 At
2217 1563 2539 1635 imperator
2584 1564 2956 1620 Theodosius
3000 1566 3057 1619 in
3088 1564 3215 1619 dies
3247 1564 3441 1633 magis
3477 1578 3607 1633 per-

1960 1653 2311 1708 turbabatur
2333 1670 2400 1708 ac
2416 1653 2675 1720 dolebat,
2692 1670 2825 1709 cum
2847 1658 3189 1710 sanctarum
3207 1652 3606 1708 Ecclesiarum

242 1756 390 1813 Θεὸν,
444 1749 648 1822 βλέπων
692 1749 1125 1820 ταλαντευομένην
1175 1751 1267 1805 τὴν
1319 1750 1501 1797 πίστιν
1551 1754 1647 1796 τῶν
1691 1744 1845 1814 ἁγίων

1959 1740 2139 1796 ﬁdem
2167 1741 2555 1797 ﬂuctuantem
2583 1742 2827 1799 videret.
2859 1744 3063 1814 Itaque
3103 1759 3139 1799 a
3173 1745 3291 1797 Deo
3316 1742 3449 1813 ipso
3478 1739 3606 1811 ejus

242 1839 588 1897 Ἐκκλησιῶν.
658 1841 801 1898 Τινὲς
855 1841 955 1910 γὰρ
1017 1836 1185 1907 ἔλεγον
1239 1837 1315 1887 ὅτι
1367 1835 1457 1886 οὐκ
1518 1836 1628 1885 ἔστι
1683 1834 1847 1904 παροί-

238 1930 426 1987 κλησις
457 1935 567 1987 τοῖς
613 1935 823 2000 νεκροῖς⁸
872 1926 1015 1977 α”λλοι
1064 1922 1121 1977 δὲ
1171 1925 1339 1996 ἔλεγον
1389 1926 1468 1975 ὅτι
1515 1927 1571 1975 τὸ
1608 1931 1760 1993 σῶμα
1790 1925 1846 1973 τὸ

240 2018 531 2068 παλαιωθέν
623 2036 709 2067 και
799 2014 1074 2087 ἀφανισθὲν
1149 2019 1237 2065 καὶ
1316 2010 1729 2087 ὃιασκορπισθὲν
1788 2011 1845 2063 οὐ

240 2105 638 2181 παραϐαλεῐται,
702 2104 807 2156 ἀλλ’
864 2106 891 2161 ἡ
944 2104 1097 2174 ψυχὴ
1156 2103 1286 2159 αὕτη
1338 2106 1467 2173 μόνη
1526 2097 1743 2171 δέχεται
1791 2103 1844 2151 τὸ

236 2202 529 2269 μυστήριον
578 2204 667 2254 τῆς
708 2196 1006 2266 ἀφθαρσίας
1062 2197 1151 2243 καὶ
1204 2196 1367 2252 ζωῆς.
1430 2195 1527 2243 Καὶ
1560 2189 1846 2247 ἐπλανήθη-

239 2304 332 2336 σαν
394 2284 443 2336 ἐν
512 2292 621 2343 τοῖς
665 2288 907 2355 ματαίοις
952 2282 1117 2333 αὐτῶν
1156 2281 1347 2351 λόγοις,
1402 2284 1490 2331 καὶ
1531 2280 1624 2330 οὐκ
1674 2278 1841 2330 ἐνεθυ-

233 2377 483 2445 μήθησαν
561 2373 607 2424 ἐν
664 2373 885 2437 ἑαυτοῖς,
947 2374 1028 2423 ὅτι
1082 2369 1267 2443 βρέφος
1329 2366 1577 2421 οὐδέποτε
1648 2367 1839 2425 ἐκυηθη

234 2463 280 2515 ἐν
338 2463 513 2534 κοιλίᾳ
570 2466 765 2535 μητρὸς
822 2462 979 2513 αὐτοῦ
1056 2462 1175 2512 ἄνευ
1236 2462 1445 2533 σαρκὸς,
1516 2462 1630 2510 οὔτε
1696 2456 1838 2519 ἐξέϐη

237 2554 371 2625 σάρξ
426 2553 543 2605 ἆνευ
584 2552 639 2604 ἐκ
693 2557 891 2624 μήτρας
946 2550 1133 2621 ψυχῆς
1192 2549 1439 2610 ζωτικῆς.
1506 2552 1600 2601 Καὶ
1651 2546 1841 2599 ἔϐυσαν

236 2645 326 2703 τὰς
382 2642 540 2703 ἀκοὰς
580 2650 679 2693 τῶν
729 2638 971 2693 διανοιῶν
1020 2639 1187 2690 αὐτῶν
1228 2645 1317 2689 τοῦ
1364 2642 1434 2709 μὴ
1484 2636 1708 2688 ἀκοῦσαι
1754 2644 1843 2689 τοῦ

236 2732 395 2801 λογου
456 2737 649 2803 Κυρίου
707 2731 936 2791 εἰπόντος
987 2731 1087 2795 ὅτι,
1142 2728 1484 2781 Ἀκούσονται
1533 2730 1580 2779 οὶ
1630 2727 1678 2778 ἐν
1738 2734 1843 2788 τοῖς

236 2828 512 2893 μνημείοις
592 2829 682 2882 τῆς
761 2827 924 2891 φωνῆς
998 2825 1086 2869 τοῦ
1174 2819 1295 2870 Υἰοῦ
1374 2824 1464 2869 τοῦ
1549 2816 1840 2890 ἀνθρώπου·

240 2918 327 2963 καὶ
384 2911 541 2962 πάλιν
593 2910 753 2979 λέγει·
829 2907 1009 2960 Πολλοὶ
1065 2914 1160 2958 τῶν
1219 2902 1575 2958 καθευδοντων
1635 2906 1688 2957 ἐκ
1744 2913 1844 2976 γῆς

240 3002 506 3072 χωμάτων
590 2997 1031 3071 ἐξεγερϐἠσονται’
1122 3000 1207 3046 καὶ
1296 2995 1447 3046 πάλιν
1532 3000 1841 3068 γέγραπται·

1960 1831 2090 1885 mali
2109 1830 2469 1886 curationem
2493 1832 2797 1902 poscebat.
2820 1830 2998 1886 Erant
3016 1831 3203 1898 enim,
3223 1830 3324 1902 qui
3343 1829 3607 1885 dicerent

1960 1922 2205 1976 mortuis
2220 1922 2565 1977 hominibus
2587 1919 3057 1976 consolationem
3070 1919 3301 1977 nullam
3316 1918 3577 1974 futuram
3589 1956 3602 1970 .

1956 2009 2064 2065 Alii
2111 2010 2493 2066 afﬁrmabant
2547 2025 2763 2081 corpus
2812 2014 3103 2065 vetustate
3152 2012 3600 2079 consumptum,

1954 2100 2150 2171 ipsum
2182 2098 2427 2171 quidem
2460 2098 2930 2154 consolationem
2975 2098 3205 2154 nullam
3233 2096 3601 2159 habiturum,

1956 2189 2055 2243 sed
2090 2188 2281 2244 solam
2314 2187 2578 2243 animam
2603 2186 2958 2243 immortalis
2982 2188 3118 2242 vitas
3147 2185 3493 2259 participem
3519 2182 3606 2238 fu-

1950 2276 2234 2347 turam.Ej
2246 2277 2479 2333 usmodi
2498 2278 2773 2333 homines
2789 2276 2955 2333 vanis
2972 2273 3356 2348 opinionibus
3372 2268 3606 2344 decepti

1952 2366 2034 2421 sic
2056 2367 2348 2431 errabant,
2367 2382 2556 2437 neque
2580 2364 3140 2421 animadvertebant
3153 2362 3442 2419 infantem
3462 2374 3603 2433 pue-

1951 2471 2084 2511 rum
2114 2472 2434 2528 nunquam
2466 2456 2525 2510 in
2554 2460 2757 2511 ventre
2789 2456 2993 2511 matris
3023 2454 3213 2510 fuisse
3247 2452 3375 2508 sine
3408 2465 3604 2515 carne,

1952 2560 2146 2616 neque
2197 2560 2438 2600 carnem
2466 2560 2495 2599 e
2546 2544 2721 2600 vulva
2745 2543 2956 2599 exiisse
2990 2543 3119 2598 sine
3171 2541 3376 2597 anima
3413 2538 3608 2595 vitali-

1953 2634 2097 2688 Item
2122 2633 2467 2689 claudentes
2498 2633 2711 2688 mentis
2733 2633 2959 2700 oculos,
2985 2647 3187 2687 sacras
3213 2630 3453 2685 Litteras
3484 2642 3605 2683 non

1953 2722 2437 2786 considerabant,
2461 2722 2519 2776 in
2533 2720 2755 2794 quibus
2769 2723 3053 2792 scriptum
3074 2723 3160 2774 est
3177 2735 3190 2773 :
3209 2717 3493 2781 Audierit,
3510 2715 3608 2788 qui

1952 2819 2087 2869 sunt
2102 2814 2163 2867 in
2180 2811 2589 2876 monumentis,
2616 2825 2706 2866 υο(
2717 2826 2803 2865 em
2824 2809 2966 2865 Filii
2983 2808 3236 2865 hominis
3254 2812 3307 2863 et
3331 2805 3521 2862 vivent
3542 2807 3559 2841 ¹
3584 2822 3602 2877 ;

1954 2909 2009 2958 et
2038 2902 2153 2957 alio
2176 2902 2309 2956 loco
2334 2917 2346 2955 :
2386 2901 2458 2955 Et
2489 2899 2660 2957 multi
2688 2899 2759 2955 de
2781 2899 2850 2954 iis
2880 2899 2984 2970 qui
3010 2896 3315 2953 dormiunt
3340 2896 3402 2951 in
3430 2900 3608 2952 terra

1948 2994 2215 3062 pulvere,
2240 2989 2605 3059 evigilabunt
2638 3005 2648 3043 :
2675 2988 2783 3043 alii
2809 2988 2868 3042 in
2889 2987 3067 3044 vitam
3094 2992 3398 3051 aeternam,
3419 2990 3471 3040 et
3498 2983 3609 3040 alii

240 3087 377 3143 ἰδοὺ
438 3088 539 3159 ἐγὼ
588 3087 775 3157 ανοίγω
844 3088 909 3137 τὰ
987 3088 1235 3156 μνήματα
1298 3084 1457 3154 ὑμῶν,
1520 3088 1608 3135 καὶ
1686 3083 1845 3146 ἐξάξω

1957 3085 2015 3137 in
2047 3081 2430 3149 opprobrium
2458 3080 2479 3113 ²
2508 3096 2521 3145 ;
2563 3094 2701 3133 cum
2733 3076 2879 3133 illud
2909 3078 3088 3132 etiam
3120 3075 3180 3129 in
3208 3075 3290 3130 eis
3319 3073 3607 3143 scriptum

240 3180 373 3249 ὑμᾶς
406 3177 457 3228 ἐκ
492 3186 590 3228 τῶν
622 3179 813 3247 τάφων,
858 3174 976 3234 λαός
1023 3194 1143 3245 μου.
1201 3174 1264 3223 Οἱ
1297 3169 1355 3223 δὲ
1399 3174 1649 3243 αἱρετικοὶ
1696 3171 1843 3225 ἐπλα-

236 3270 469 3324 νήθησαν
527 3264 625 3317 ἀπὸ
675 3273 770 3325 τῆς
819 3261 943 3315 ὁδοῦ
994 3271 1083 3322 τῆς
1130 3263 1286 3323 ζωῆς,
1335 3266 1423 3312 καὶ
1463 3261 1716 3335 ἔστρεψαν
1748 3267 1840 3321 τὴν

234 3357 538 3426 γλυκύτητα
562 3364 656 3415 τῆς
690 3359 930 3417 πίστεως,
961 3352 1033 3413 εἰς
1063 3355 1273 3425 πικρίαν
1306 3359 1403 3402 τῶν
1427 3350 1617 3422 ψυχῶν
1650 3352 1837 3406 αὐτῶν.

1955 3170 2322 3227 inveniatur:
2370 3170 2517 3225 Ecce
2546 3184 2649 3239 ego
2680 3167 2947 3237 aperiam
2990 3167 3265 3234 sepulcra
3295 3168 3511 3228 vestra,
3553 3167 3606 3217 et

1954 3263 2192 3317 educam
2226 3275 2324 3315 vos
2365 3259 2436 3315 de
2473 3257 2759 3327 sepulcris
2812 3255 3040 3320 vestris,
3096 3254 3309 3324 populi:
3352 3266 3513 3308 meus
3563 3254 3605 3306 ³.

1955 3354 2087 3408 Hmc
2118 3355 2255 3405 sunt
2308 3348 2650 3404 divinarum
2704 3346 3049 3402 Litterarum
3094 3341 3453 3401 testimonia.
3496 3339 3609 3397 Sed

236 3446 490 3500 hazretici
532 3444 807 3499 homines
848 3460 882 3497 a
921 3447 1083 3496 recta
1142 3440 1275 3494 vitae
1316 3440 1525 3495 semita
1571 3440 1878 3500 deviantes
1908 3440 2290 3506 aberrabant,
2334 3443 2387 3493 et
2426 3436 2563 3492 ﬁdei
2604 3436 2995 3492 sinceritatem
3048 3432 3312 3507 obliquis
3359 3445 3609 3488 suarum

238 3536 573 3588 animaram
610 3530 1066 3595 cogitationibus
1094 3528 1529 3599 pervertebant.

308 3621 403 3676 IB’.
466 3620 524 3671 Ὀ
580 3617 638 3672 δὲ
696 3618 939 3691 βασιλεὺς
989 3614 1275 3678 Θεοδοσιος
1330 3615 1557 3668 ἐλυπεῖτο
1590 3624 1677 3670 καὶ
1727 3622 1843 3672 ἐκά-

241 3712 363 3765 Θητο
446 3708 531 3761 ἐπὶ
606 3712 799 3760 σάκκου
886 3713 973 3758 καὶ
1031 3703 1233 3758 σποδοῦ
1284 3704 1330 3756 ἐν
1389 3714 1459 3775 τῷ
1509 3712 1703 3778 ταμείῳ
1760 3716 1843 3760 τοῦ

236 3807 475 3857 κοιτῶνος
526 3797 711 3848 αὐτοῦ’
752 3798 776 3848 6
828 3794 885 3848 δε
928 3794 1149 3867 ἐλεήμων
1192 3797 1309 3853 Θεὸς
1354 3796 1378 3845 6
1414 3799 1483 3867 μὴ
1535 3793 1846 3867 βουλόμενος

238 3885 527 3939 ἀπολέεσθαί
579 3906 695 3937 τινα
748 3884 847 3937 ἀπὸ
894 3894 987 3946 τῆς
1036 3880 1163 3936 ὁδου
1218 3890 1307 3943 τῆς
1356 3888 1592 3944 πίστεως
1636 3886 1660 3936 6
1721 3885 1845 3957 βου-

236 3976 441 4046 λόμενος
498 3974 741 4045 ἐπιφᾶναι
788 3979 843 4025 τὸ
902 3978 1193 4046 μυστήριον
1252 3981 1346 4033 τῆς
1404 3972 1558 4025 αὑτοῦ
1622 3974 1845 4027 ἀναστά-

240 4084 384 4129 σεως,
437 4062 663 4115 ἐνέϐαλεν
718 4063 789 4124 εἰς
840 4067 933 4120 τὴν
978 4059 1200 4135 καρδίαν
1245 4058 1459 4113 ἀδολίου
1508 4072 1598 4115 τοῦ
1654 4070 1843 4136 Κυρίου

234 4162 321 4205 τοῦ
374 4158 527 4224 ᾇοους
590 4151 802 4213 ἐκείνου,
856 4150 901 4203 ἐν
1044 4151 1104 4209 ἦν
1152 4154 1209 4202 τὸ
1240 4151 1493 4209 σπήλαιον
1532 4154 1658 4205 ὅπου
1711 4150 1844 4211 ἦσαν

236 4247 604 4314 κεκοιμημένοι
657 4244 704 4292 οἱ
758 4241 901 4311 οἷγιοι
959 4243 1235 4314 μάρτυρες,
1292 4237 1646 4313 οἰκοδομῆσαι
1718 4246 1839 4314 μάν-

237 4328 365 4402 δραν
420 4340 522 4381 τῶν
573 4332 877 4404 θρεμμάτων
927 4328 1107 4394 αὐτοῦ,
1167 4333 1255 4379 καὶ
1331 4332 1377 4380 οἱ
1452 4326 1631 4381 δοῦλοι
1684 4332 1842 4383 αὐτοῦ

236 4420 344 4491 οἶμα
398 4428 499 4470 τῶν
550 4419 797 4491 ἐργατῶν,
852 4416 1047 4469 ἐκύλιον
1095 4416 1272 4479 λίθους
1322 4418 1391 4477 εἰς
1420 4424 1510 4475 τὴν
1560 4416 1843 4491 οἰκοδομὴν

237 4508 289 4559 ἐκ
326 4516 425 4569 τῆς
475 4510 635 4577 θύρας
692 4514 783 4558 τοῦ
842 4506 1120 4563 σπηλαίου.
1171 4511 1294 4557 Τότε
1340 4510 1709 4580 προστάγματι
1755 4516 1842 4559 τοῦ

244 4603 442 4671 Κυρίου
477 4598 625 4668 ἡμῶν
679 4598 855 4653 Ἰησοῦ
904 4604 1138 4668 Χριστοῦ
1176 4592 1345 4653 ἐδωθη
1380 4600 1483 4655 ζωὴ
1520 4606 1623 4657 τοῖς
1676 4596 1843 4669 ἁγίοις

2032 3620 2141 3674 XII.
2177 3617 2506 3687 Imperator
2538 3612 2715 3683 igitur
2752 3612 3117 3669 Theodosius
3160 3626 3293 3667 eam
3325 3625 3452 3666 rem
3485 3623 3610 3664 mo-

1953 3709 2096 3764 leste
2124 3706 2370 3769 ferebat,
2406 3704 2483 3758 ob
2506 3702 2685 3775 idque
2713 3718 2966 3758 mmrore
2984 3699 3373 3756 afﬁciebatur.
3396 3701 3610 3753 Verum

1954 3814 2091 3855 cum
2150 3793 2649 3850 clementissimus
2682 3794 2835 3846 Deus
2884 3789 3185 3846 neminem
3225 3788 3425 3844 velita
3468 3784 3607 3841 ﬁdei

1953 3888 2050 3943 via
2099 3888 2397 3941 errantem
2429 3882 2638 3955 perire,
2689 3880 2823 3937 fecit
2869 3884 2929 3936 ut
2958 3876 3404 3935 resurrectionis
3446 3891 3611 3947 mys-

1955 3975 2169 4031 terium
2201 3970 2489 4028 omnibus
2524 3968 2849 4043 pateﬁeret.
2885 3967 3133 4023 Immisit
3162 3966 3321 4023 enim
3361 3964 3421 4020 in
3448 3978 3611 4019 men-

1954 4069 2071 4120 tem
2098 4060 2416 4132 cujusdam
2434 4057 2718 4127 hominis,
2741 4057 2844 4132 qui
2862 4056 3172 4113 dicebatur
3194 4054 3460 4120 Adolius,
3478 4052 3609 4123 ejus

1956 4151 2174 4207 montis
2206 4154 2262 4205 et
2291 4148 2595 4220 speluncae
2626 4146 2928 4217 dominus,
2961 4144 3061 4200 ubi
3094 4143 3283 4201 sancti
3314 4146 3608 4213 martyres

1952 4239 2340 4308 dormierant,
2366 4242 2427 4293 ut
2454 4236 2605 4293 ovile
2628 4236 2938 4308 quoddam
2970 4233 3091 4289 suis
3113 4231 3448 4306 pecudibus
3473 4245 3610 4287 con-

1953 4333 2222 4385 strueret.
2257 4327 2394 4398 Ejus
2422 4326 2599 4396 igitur
2638 4325 2789 4380 servi
2840 4340 2959 4380 una
2988 4340 3126 4380 cum
3176 4322 3270 4378 his
3303 4322 3406 4396 qui
3445 4318 3611 4392 operi

1953 4417 2231 4474 faciendo
2256 4415 2573 4481 vacabant,
2589 4414 2929 4486 lapidespro
2952 4412 3205 4469 aediﬁcio
3223 4428 3295 4468 ex
3318 4411 3447 4483 ejus
3476 4424 3609 4482 spe-

1952 4506 2144 4561 luncae
2176 4506 2328 4561 ostio
2361 4504 2769 4561 revolvebant.
2804 4505 2964 4559 Tunc
2998 4502 3231 4559 Domini
3264 4500 3450 4557 nostri
3477 4502 3611 4556 Jesu

1953 4595 2359 4666 Christijussu
2417 4594 2634 4650 sanctis
2683 4593 2802 4647 illis
2845 4593 3009 4657 viris,
3054 4592 3158 4664 qui
3212 4592 3273 4645 in
3326 4589 3612 4663 spelunca

237 4687 444 4746 ἐκείνοις
504 4693 613 4746 τοῖς
662 4680 810 4736 οὖσιν
869 4688 915 4735 ἐν
974 4692 1044 4753 τῲ
1098 4683 1359 4755 σπηλαίῳ,
1418 4690 1507 4737 καὶ
1561 4688 1589 4743 ἡ
1642 4692 1776 4757 φωνὴ
1812 4688 1839 4743 ἡ

1957 4676 2344 4749 dormierant,
2370 4683 2491 4739 vita
2520 4682 2786 4738 restituta
2818 4685 2923 4746 est,
2957 4686 3013 4736 et
3044 4697 3152 4736 vox
3184 4679 3305 4745 illa,
3332 4694 3468 4751 quae
3502 4680 3614 4734 La-

236 4776 506 4827 καλέσασα
559 4778 643 4825 τὸν
702 4774 945 4847 Λάζαρον
996 4778 1049 4824 ἐκ
1088 4781 1179 4824 του
1232 4779 1484 4845 μνημείου
1540 4779 1628 4825 καὶ
1679 4794 1844 4846 χαρι-

240 4868 437 4935 σαμένη
508 4863 649 4933 αὐτῷ
709 4866 794 4919 τὴν
853 4864 1012 4930 ζωὴν,
1074 4862 1228 4922 αὐτὸς
1280 4861 1419 4913 ἐστιν
1468 4865 1490 4914 6
1552 4868 1848 4937 παρασχὼν

234 4958 323 5004 καὶ
373 4957 579 5014 τούτοις
636 4960 743 5011 τοῖς
793 4952 957 5022 ἁγίοις
986 4960 1185 5023 πνεῦμα
1232 4951 1387 5013 ζωῆς.
1446 4958 1543 5004 Καὶ
1578 4951 1852 5015 ἐξανέστη-

239 5063 333 5095 σαν
406 5048 495 5093 καὶ
549 5042 797 5093 ἐκάθισαν
855 5040 902 5091 ἐν
958 5039 1284 5111 ἀγαλλιάσει,
1344 5047 1432 5092 καὶ
1489 5045 1556 5102 ως
1611 5042 1851 5114 ἐνόμισαν

235 5134 355 5183 καθ’
409 5132 635 5188 ἑκάστην
684 5133 900 5204 ἡμέραν.
975 5129 1303 5192 Ἠσπάζοντο
1379 5129 1651 5197 ἀλλήλους,
1711 5128 1852 5184 διότι

240 5218 379 5283 εἶδος
438 5227 734 5295 νεκρωσεως
809 5218 903 5271 οὐκ
962 5217 1188 5291 ἐφαίνετο
1246 5218 1293 5269 ἐν
1353 5219 1547 5280 αὐτοῖς⁸
1621 5223 1687 5273 τὰ
1750 5223 1850 5296 γὰρ

1955 4764 2157 4828 iarum
2191 4789 2220 4829 e
2274 4778 2661 4828 monumento
2702 4769 2994 4835 excitavit,
3037 4769 3246 4825 eadem
3299 4774 3354 4824 et
3391 4766 3611 4824 sanctis

1959 4862 2322 4934 martyribus
2376 4860 2510 4916 vitae
2562 4859 2837 4932 spiritum
2894 4858 3161 4914 restituit.
3224 4858 3615 4913 Surrexerunt

1961 4953 2155 5023 igitur,
2179 4956 2234 5006 et
2259 4952 2447 5006 Deum
2467 4949 2785 5007 laudantes
2814 4947 3227 5011 consederunt,
3248 4950 3303 5003 et
3324 4943 3615 5018 quemad-

1969 5041 2219 5097 modum
2251 5039 2519 5113 quotidie
2536 5042 2991 5103 consueverant,
3020 5052 3079 5093 se
3098 5035 3365 5092 vicissim
3397 5034 3615 5091 saluta-

1969 5132 2134 5194 bant,
2180 5129 2467 5201 quoniam
2519 5127 2749 5184 nullum
2786 5127 2845 5183 in
2877 5126 2960 5183 eis
2996 5125 3237 5198 signum
3268 5123 3610 5193 exsistebat,

1964 5236 2034 5276 ex
2066 5234 2186 5291 quo
2230 5223 2497 5275 mortuos
2537 5234 2601 5273 se
2638 5216 2820 5274 fuisse
2847 5216 3118 5289 judicare
3156 5218 3405 5290 possent
3434 5228 3617 5273 :nam

308 5410 389 5477 (1)
426 5406 568 5464 Vide
604 5404 928 5462 Baronium
958 5404 1017 5461 in
1052 5406 1209 5463 notis
1233 5405 1305 5462 ad
1346 5406 1840 5478 Martyrologium
1868 5406 1981 5465 hoc
2009 5405 2128 5464 die.

306 5597 321 5629 ¹
358 5596 528 5650 Joan.
563 5607 620 5658 v,
648 5590 737 5646 28.
812 5593 833 5625 ²
866 5592 1030 5648 Deut.
1062 5606 1119 5658 u,
1148 5591 1201 5645 3.
1282 5594 1299 5625 ³
1338 5590 1536 5647 Ezech.
1569 5606 1779 5658 xxxvu,
1813 5594 1901 5648 I2.
