4034 6206
442 295 544 351 439

1787 289 2043 351 MENSIS
2081 286 2343 348 JULIUS.

3700 295 3812 353 440

444 429 501 480 et
531 428 717 480 vestes
747 419 892 479 tales
934 424 1122 489 erant,
1150 423 1356 495 quales
1387 425 1443 479 et
1473 426 1671 489 antea,
1701 436 1887 494 quam
1916 417 2095 475 obiis-

2216 418 2390 489 ἱμάτια
2435 419 2602 472 αὐτῶν
2651 420 2824 496 ὥσπερ
2858 417 2994 479 ἦσαν
3048 416 3383 492 ἐνδεδυμένοι
3425 422 3527 492 πρὸ
3573 428 3661 472 τοῦ
3715 420 3815 473 an}-

446 518 575 569 sent
598 530 610 568 :
635 528 881 585 corpora
902 514 1081 569 etiam
1103 513 1234 585 ipsa
1254 513 1567 578 ﬂorebant,
1591 511 1946 568 hilaritatem
1971 523 2093 579 prae

447 620 507 659 se
525 602 771 658 ferentia
796 618 809 654 :
832 601 1090 675 denique
1120 602 1267 659 tales
1287 607 1471 667 erant,
1489 607 1552 658 ut
1574 603 1619 656 si
1651 600 1839 673 pridie
1867 591 2093 668 vesperi

446 706 728 748 somnum
772 692 1111 762 ccepissent,
1162 696 1218 747 et
1247 691 1530 764 postridie
1563 706 1737 746 mane
1768 685 2093 759 experrecti

445 782 714 836 fuissent.
760 780 962 836 Adhuc
992 786 1047 836 et
1076 781 1149 836 de
1171 781 1469 837 idolorum
1502 778 1921 851 superstitione
1943 774 2095 830 solli-

448 870 561 936 citi,
592 886 626 925 a
653 870 829 925 Decio
869 871 1228 941 imperatore
1269 887 1331 925 se
1378 869 1597 941 inquiri
1630 866 2089 924 existimabant:

450 959 528 1015 ob
570 959 751 1030 idque
784 960 974 1017 multa
999 975 1142 1014 cura
1173 959 1386 1025 affecti,
1421 959 1729 1014 vertebant
1778 955 1983 1011 oculos
2017 953 2094 1010 ad

447 1048 787 1103 Jamblicum
814 1053 1269 1121 procuratorem,
1287 1054 1341 1104 et
1362 1049 1438 1104 ab
1453 1065 1522 1104 eo
1538 1050 1736 1102 denuo
1750 1045 2098 1119 quaerebant

446 1154 715 1210 quaenam
732 1138 918 1210 pridie
932 1138 1164 1209 vesperi
1184 1138 1594 1193 audivissetde
1612 1138 1756 1208 ipsis
1770 1137 1826 1190 in
1842 1133 2093 1189 civitate.

449 1227 676 1293 Quibus
691 1227 1012 1283 Jamblicus
1028 1228 1337 1299 respondit
1360 1243 1371 1282 :
1393 1225 1915 1292 Quemadmodum
1929 1221 2097 1278 vobis

452 1316 571 1372 dixi
598 1315 723 1371 heri
750 1317 1006 1388 vesperi,
1051 1321 1106 1372 et
1135 1331 1244 1373 nos
1277 1332 1397 1372 una
1427 1332 1563 1371 cum
1594 1313 1840 1387 reliquis
1869 1311 2100 1367 civibus

450 1407 685 1478 quaesiti
710 1405 953 1474 fuimus,
988 1410 1050 1462 ut
1071 1405 1183 1461 diis
1208 1405 1662 1461 immolaremus
1687 1418 1887 1458 coram
1918 1400 2099 1472 impe-

454 1500 678 1551 ratore:
728 1496 831 1568 qui
871 1496 981 1551 nisi
1048 1496 1174 1566 ejus
1228 1494 1423 1566 jussui
1481 1491 2099 1564 obtemperaverimus,

452 1589 748 1642 tormenta
768 1602 828 1642 se
859 1587 1029 1642 nobis
1052 1585 1367 1642 allaturum
1385 1583 1704 1641 constituit.
1730 1582 1879 1647 Quid
1902 1585 2102 1637 autem

454 1675 721 1731 facturus
752 1676 843 1739 sit,
876 1677 1096 1731 nescio.

525 1766 834 1819 XIII.Tunc
858 1766 1166 1837 respondit
1187 1764 1619 1820 Maximilianus
1642 1763 1753 1835 (2):
1790 1760 1974 1830 Agite,
1996 1759 2107 1814 fra-
2141 1772 2184 1827 Β

453 1857 592 1918 tres,
625 1854 814 1924 parati
846 1854 1034 1908 simus
1064 1854 1298 1926 prodire
1329 1854 1389 1908 in
1445 1856 1825 1923 conspectum
1856 1851 2108 1920 impera-

458 1944 600 1998 toris
630 1942 787 1997 illius
820 1943 1094 1999 terribilis
1126 1948 1181 1998 et
1203 1942 1326 1997 veri
1358 1942 1456 1997 Dei
1486 1944 1619 1996 Jesu
1652 1939 1880 2005 Christi,
1915 1952 2109 2009 neque

460 2032 777 2087 timeamus
810 2033 1122 2089 mortalem
1154 2033 1331 2087 istum
1364 2032 1807 2103 imperatorem.
1838 2032 1920 2083 Tu
1949 2043 2108 2091 vero,

461 2120 767 2185 Jamblice,
837 2120 915 2175 da
962 2136 1209 2191 operam
1276 2125 1339 2175 ut
1402 2124 1643 2192 paretur
1703 2117 1876 2173 nobis
1944 2115 2113 2171 cibus

465 2209 543 2265 ad
564 2209 775 2264 horam
792 2210 1198 2265 constitutam.
1217 2209 1431 2281 Accipe
1448 2213 1786 2277 argentum,
1806 2206 2113 2275 ingredere

456 2299 517 2353 in
553 2298 781 2360 urbem,
806 2314 935 2353 eme
965 2314 1155 2369 panes
1185 2298 1433 2355 multos:
1481 2297 1656 2369 pauci
1688 2296 1844 2351 enim
1877 2295 2115 2351 fuerunt

464 2402 617 2459 quos
666 2386 791 2441 heri
831 2387 1060 2458 vesperi
1110 2387 1380 2455 attulisti,
1433 2386 1511 2442 ob
1562 2386 1742 2458 idque
1791 2385 2108 2440 esurimus.

463 2476 685 2531 Eadem
739 2490 916 2546 opera
960 2476 1179 2541 discas,
1227 2476 1368 2547 quid
1426 2475 1634 2531 Decius
1689 2475 2012 2546 imperator
2036 2473 2109 2528 de

460 2565 635 2620 nobis
660 2563 958 2621 decernat.
981 2565 1327 2635 Cogitabant
1344 2566 1504 2621 enim
1537 2580 1597 2619 se
1615 2568 1787 2619 nocte
1807 2564 2110 2635 superiore

463 2653 760 2719 cubuisse,
818 2658 875 2709 et
930 2654 1216 2726 postridie
1270 2670 1445 2710 mane
1500 2657 1874 2725 experrectus
1902 2652 2105 2708 fuisse.

465 2746 625 2800 Tunc
658 2743 834 2815 igitur
878 2743 1024 2799 bene
1057 2759 1234 2799 mane
1266 2745 1513 2800 surrexit
1554 2742 1903 2812 Jamblicus,
1938 2747 1994 2797 et
2025 2759 2112 2797 ar-

457 2837 699 2904 gentum
722 2833 973 2905 sumpsit
990 2849 1059 2889 ex
1083 2833 1310 2899 loculis,
1329 2832 1850 2905 quemadmodum
1864 2848 2112 2887 consue-

461 2927 645 2980 verat.
672 2923 810 2979 Erat
835 2926 1035 2978 autem
1060 2927 1300 2980 moneta
1322 2923 1420 2980 illa
1441 2927 1630 2978 vetere
1656 2927 1796 2979 nota
1819 2922 2113 2993 impressa

461 3029 594 3086 qua:
611 3012 826 3083 partim
844 3011 1267 3083 quadraginta,
1286 3013 1494 3083 partim
1509 3012 1817 3079 sexaginta
1836 3026 2105 3065 nummo-

460 3116 594 3157 rum
622 3102 809 3172 pretio
828 3100 1203 3171 pendebatur
1227 3106 1491 3156 veterum
1517 3101 1945 3172 imperatorum
1968 3104 2111 3155 tem-

461 3188 729 3259 poribus,
760 3204 896 3243 cum
930 3189 1117 3243 sancti
1143 3188 1251 3243 viri
1282 3188 1356 3244 de
1386 3189 1606 3260 quibus
1629 3188 1811 3243 verba
1832 3188 2105 3255 facimus,

458 3277 624 3350 prius
682 3277 979 3333 vivebant.
1039 3278 1442 3333 Praeterierant
1498 3282 1697 3334 autem
1754 3278 1995 3333 trecenti
2055 3282 2110 3333 et

464 3366 844 3439 septuaginta
890 3367 1032 3423 anni
1079 3382 1152 3423 ex
1207 3383 1330 3439 quo
1376 3367 1743 3424 dormierant
1795 3383 1983 3440 usque
2030 3367 2108 3423 ad

460 3455 619 3513 diem
649 3471 772 3527 quo
795 3460 1263 3514 resurrexerunt.

533 3632 662 3687 XIV.
697 3631 845 3687 Cum
888 3632 1065 3700 igitur
1110 3631 1419 3697 illuxisset,
1462 3632 1600 3688 exiit
1651 3632 1975 3688 Jamblicus
2036 3648 2109 3688 ex

458 3722 767 3794 spelunca,
792 3726 848 3777 et
879 3721 1024 3776 vidit
1043 3721 1275 3792 lapides
1307 3727 1443 3777 ante
1476 3721 1830 3793 speluncam
1854 3721 2103 3793 positos,

460 3817 637 3884 atque
668 3810 977 3883 obstupuit
1006 3826 1017 3866 :
1061 3810 1205 3866 nihil
1231 3812 1388 3867 enim
1418 3811 1491 3866 de
1530 3811 1833 3884 lapidibus
1864 3811 1976 3867 illis
2007 3828 2106 3867 co-

458 3892 766 3972 gnoverat.
818 3901 1198 3956 Descendens
1241 3905 1441 3957 autem
1475 3901 1548 3956 de
1594 3907 1810 3967 monte,
1855 3901 2106 3958 timebat

456 3990 863 4048 deambulare.
882 3991 1155 4063 ltaquein
1167 3989 1267 4046 via
1285 3995 1439 4046 totus
1464 3990 1818 4062 trepidabat,
1836 3997 2106 4047 metuens

455 4080 515 4136 in
534 4080 742 4135 urbem
772 4079 1024 4149 ingredi,
1044 4095 1117 4135 ne
1135 4095 1257 4151 quo
1286 4080 1468 4135 modo
1491 4084 1931 4149 agnosceretur,
1957 4086 2011 4135 et
2033 4079 2105 4135 ad

454 4171 874 4241 imperatorem
927 4169 1165 4225 Decium
1213 4168 1447 4223 vinctus
1497 4169 1838 4225 duceretur:
1883 4170 2105 4242 quippe

454 4258 772 4328 ignorabat
802 4259 929 4328 ejus
970 4257 1205 4330 tyranni
1251 4274 1391 4314 ossa
1429 4258 1487 4312 in
1523 4257 1796 4330 sepulcro
1846 4259 2105 4330 putrefa-

456 4352 549 4403 cta
579 4349 887 4403 esse.Cum
913 4363 1052 4403 vero
1084 4346 1144 4402 in
1177 4347 1381 4402 urbem
1402 4346 1829 4415 ingrederetur,
1856 4353 1911 4404 et
1934 4364 2105 4404 vene-

453 4435 660 4492 randa)
700 4436 892 4492 crucis
932 4436 1171 4506 signum
1212 4439 1347 4491 ante
1389 4435 1551 4491 urbis
1606 4442 1805 4506 portas
1846 4443 2103 4493 erectum

452 4526 719 4591 vidisset,
753 4524 834 4580 sic
866 4524 1191 4597 obstupuit,
1227 4530 1290 4580 ut
1319 4543 1349 4579 a
1382 4529 1577 4581 mente
1621 4525 1736 4581 fere
1781 4526 2100 4584 exciderit:

453 4620 632 4687 atque
684 4615 742 4670 in
792 4631 1222 4688 quamcunque
1273 4620 1501 4687 partem
1552 4616 1758 4672 oculos
1815 4618 2104 4686 vertisset,

452 4722 651 4762 rerum
699 4704 963 4762 novitate
1022 4706 1347 4777 perculsus,
1383 4706 1577 4775 magis
1620 4706 2103 4777 obstupescebat.

451 4796 709 4853 Accessit
738 4796 815 4851 ad
847 4794 1026 4851 aliam
1055 4794 1218 4850 urbis
1244 4799 1501 4867 portam,
1532 4800 1587 4851 et
1628 4795 1741 4851 illic
1774 4795 1955 4852 etiam
1978 4813 2105 4853 cru-

450 4900 577 4941 cem
620 4884 813 4957 ipsam
859 4900 1041 4956 supra
1082 4899 1285 4940 muros
1321 4889 1579 4940 erectam
1622 4884 1787 4939 vidit.
1831 4886 2102 4958 Cumque

450 4990 661 5032 omnes
687 4979 890 5047 portas
938 4973 1199 5038 obiisset,
1232 4974 1585 5030 venerandae
1617 4974 1803 5030 crucis
1843 4974 2101 5044 ﬁguram

451 5065 763 5138 aspiciens,
820 5079 942 5136 prae
992 5067 1231 5135 stupore
1261 5068 1463 5119 mutus
1511 5063 1704 5119 factus
1756 5071 1845 5117 est
1894 5064 2099 5137 Itaque

451 5170 587 5210 cum
623 5153 699 5212 ad
740 5153 999 5226 primam
1038 5151 1200 5209 illam
1243 5158 1479 5225 portam
1513 5168 1573 5207 se
1614 5152 1977 5221 contulisset,
2021 5155 2099 5209 ita

451 5259 653 5301 secum
684 5242 1042 5316 loquebatur
1067 5258 1078 5297 :
1102 5242 1393 5314 quidnam
1420 5242 1533 5298 hoc
1557 5243 1691 5298 est?
1716 5242 1846 5297 Heri
1868 5244 2098 5314 vesperi

449 5332 630 5404 hujus
690 5334 878 5389 crucis
927 5332 1166 5404 signum
1211 5333 1269 5387 in
1319 5331 1577 5389 latibulis
1625 5331 1992 5397 servabatur,
2044 5337 2100 5387 et

450 5436 612 5477 nunc
658 5426 856 5493 aperte
887 5422 946 5479 in
977 5421 1164 5496 ipsius
1212 5420 1374 5478 urbis
1405 5420 1632 5477 foribus
1677 5424 1938 5477 erectum
1966 5420 2097 5477 vide

523 5606 602 5681 (2)
632 5606 773 5664 Vide
803 5607 1122 5666 Baronium
1150 5607 1252 5665 ubi
1282 5622 1486 5681 supra.

2202 510 2324 567 τοὺς
2375 511 2692 581 κοιμηθῆναι
2743 514 2833 561 καὶ
2885 510 3192 575 ἀναστῆναι,
3249 509 3408 570 οὕτως
3455 506 3589 566 ἦσαν
3636 509 3810 561 ἐπάνω

2202 595 2390 648 αὐτῶν.
2432 603 2530 649 Καὶ
2562 601 2626 649 τὰ
2658 603 2878 668 σώματα
2925 598 3095 650 αὐτῶν
3146 595 3280 656 ἦσαν
3328 597 3529 669 ἀνθηρὰ
3567 603 3655 648 καὶ
3686 618 3815 669 φαι-

2205 681 2308 757 δρὰ
2354 692 2443 739 καὶ
2492 689 2653 748 οὕτως
2704 685 2838 745 ἦσαν
2893 692 2957 749 ὡς
3013 690 3345 760 κοιμηθέντες
3405 686 3504 739 ἀπὸ
3568 686 3663 757 ὀψε
3719 692 3813 739 καὶ

2204 774 2486 848 ἐγερθέντες
2543 780 2765 849 πρωίας,
2826 781 3030 849 ἔχοντες
3086 782 3180 835 τὴν
3251 773 3507 849 φροντίδα
3560 782 3648 828 καὶ
3715 781 3814 834 τὴν

2203 862 2369 922 λύπην
2417 874 2507 926 τῆς
2550 864 2996 934 εὶδωλολατρείας,
3038 872 3130 919 καὶ
3181 866 3480 936 ἐλογίζονσο
3510 868 3590 919 ὅτι
3635 868 3815 926 Δέκιος

2206 953 2231 1004 ό
2277 952 2522 1026 βασιλεὺς
2562 956 2795 1017 ἐπιζητεί
2837 957 3045 1018 αύτούς.
3099 960 3198 1009 Καὶ
3255 955 3302 1008 ἐν
3352 956 3519 1027 πολλῷ
3560 960 3692 1028 φόνῳ
3722 960 3815 1007 καὶ

2208 1040 2367 1113 ἀγῶνι
2420 1046 2683 1118 ὑπῆρχον,
2738 1051 2827 1098 καὶ
2867 1045 3146 1116 ἐπέϐλεψαν
3195 1049 3324 1117 πρὸς
3375 1044 3677 1117 Ἰάμϐλιχον
3722 1048 3814 1097 τὸν

2207 1131 2473 1204 οἰκονόμον
2527 1134 2714 1199 αὐτῶν,
2776 1140 2865 1187 καὶ
2918 1134 3261 1208 ἐπηρώτησαν
3317 1134 3471 1186 αὐτόν
3537 1139 3653 1207 περὶ
3710 1142 3814 1185 τῶν

2206 1220 2525 1293 λαλουμένων
2575 1223 2669 1294 ὀψε
2723 1223 2771 1275 ἐν
2822 1232 2881 1297 τῇ
2934 1222 3098 1289 πόλει,
3149 1228 3237 1276 καὶ
3279 1220 3414 1276 εἶπεν
3455 1223 3629 1284 αὐτοῖς
3660 1224 3816 1293 Ἰάμ-

2210 1310 2414 1383 ϐλιχος,
2475 1315 2645 1388 ὥσπερ
2701 1319 2945 1387 προεῖπον
3001 1316 3142 1386 ὑμῖν,
3197 1314 3275 1365 ὃτι
3334 1314 3661 1385 ἐζητήθημεν
3720 1311 3819 1382 ὀψε

2210 1404 2338 1472 μετὰ
2410 1409 2510 1453 τῶν
2592 1403 2997 1475 πολιτευομένων
3078 1402 3325 1455 ἐπιθύσαι
3409 1410 3517 1464 τοῖς
3584 1398 3820 1461 εἰδώλοις

2212 1488 2421 1542 ἐνώπιον
2484 1498 2574 1543 τοῦ
2631 1491 2911 1564 βασιλέως,
2971 1497 3059 1544 καὶ
3115 1488 3232 1544 ἰδού
3282 1491 3621 1565 ἐντεθύμηται
3678 1494 3821 1543 κακὰ

2211 1584 2327 1651 περὶ
2357 1583 2526 1653 ἡμῶν·
2567 1586 2618 1633 τί
2646 1586 2859 1640 ποιήσει
2891 1579 2949 1634 δὲ
2980 1583 3073 1633 οὐκ
3105 1579 3248 1636 οἶδα.

2288 1757 2385 1815 II".
2426 1763 2548 1812 Τότε
2581 1759 2836 1834 ἀπεκρίθη
2879 1761 3287 1834 Μαξιμιλλιανὸς
3321 1766 3409 1813 καὶ
3452 1757 3587 1813 εἶπεν
3618 1761 3816 1821 αὐτοῖς’

2214 1845 2476 1920 Ἀδελφοί,

2221 1936 2477 2004 βασιλέως
2529 1937 2719 1990 ἐκείνου
2768 1946 2856 1991 τοῦ
2902 1939 3119 2013 φοϐεροῦ
3170 1945 3257 1992 καὶ
3310 1946 3525 2013 φρικτοῦ
3576 1940 3821 2012 Χριστοῦ

2562 1849 2775 1921 ἑτοίμοις
2831 1853 3017 1923 ἔχομεν
3061 1859 3395 1925 παραστῆναι
3462 1850 3672 1902 ἐνώπιον
3727 1858 3823 1902 τοῦ

2220 2034 2310 2078 τοῦ
2370 2025 2614 2084 ἀληθινοῦ
2669 2036 2801 2080 Θεοῦ
2842 2030 3004 2101 ἡμῶν,
3058 2034 3148 2081 καὶ
3199 2034 3270 2101 μὴ
3317 2026 3659 2100 δειλιάσωμεν
3714 2031 3821 2081 ἀπὸ

2219 2123 2311 2167 τοῦ
2372 2118 2601 2191 φθαρτοῦ
2658 2120 2842 2169 τούτου
2903 2116 3176 2189 βασιλέως
3234 2116 3367 2171 εἶπεν
3428 2115 3486 2170 δὲ
3544 2123 3630 2169 καὶ
3689 2122 3823 2192 πρὸς

2221 2204 2525 2277 Ἰάμϐλιχον
2575 2208 2712 2268 ὅπως
2766 2207 3032 2279 ἐτοιμάσέι
3065 2208 3243 2269 αὐτοῖς
3288 2213 3382 2266 τὴν
3428 2212 3618 2282 τροφὴν
3649 2208 3821 2259 αὐτῶν

2222 2294 2294 2355 εἰς
2345 2299 2437 2353 τὴν
2490 2299 2781 2368 ὡρισμένην
2833 2300 2987 2370 ὥραν,
3039 2303 3129 2350 καὶ
3185 2296 3338 2351 εἶπεν·
3396 2297 3531 2350 Λάϐε
3570 2296 3821 2369 ἀργύριον

2222 2382 2269 2434 ἐν
2325 2393 2434 2444 ταῖς
2488 2392 2648 2459 χερσί
2705 2406 2797 2439 σου
2854 2392 2941 2439 καὶ
3012 2388 3205 2441 εἴσελθε
3262 2389 3328 2449 εἰς
3378 2392 3470 2446 τὴν
3522 2386 3669 2439 πόλιν
3729 2393 3821 2439 καὶ

2221 2470 2481 2548 ἀγόρασον
2556 2480 2838 2549 περισσούς
2901 2477 3109 2549 ἄρτους,
3183 2480 3259 2529 ὁτι
3316 2478 3482 2547 ὀλίγοι
3539 2473 3671 2534 ἦσαν
3732 2478 3822 2538 οὖς

2219 2563 2439 2633 ἤνεγκας
2499 2564 2737 2639 ἑσπέρας,
2791 2572 2879 2618 καὶ
2935 2563 3052 2618 ἰδοὺ
3111 2575 3379 2639 πεινῶμεν,
3429 2570 3518 2618 καὶ
3583 2568 3715 2637 μοίθε
3768 2571 3822 2618 τί

2221 2649 2497 2705 ἐντέλλεται
2549 2660 2665 2727 περὶ
2713 2657 2856 2727 ἡμῶν
2917 2659 3092 2718 Δέκιος
3139 2658 3163 2707 ό
3216 2656 3483 2728 βασιλεὺς,
3536 2656 3670 2707 οὕτω
3717 2658 3819 2727 γὰρ

2220 2740 2452 2812 ἐνόμιζόν
2512 2745 2590 2795 ὅτι
2642 2749 2734 2802 τὴν
2804 2747 2964 2797 νύκτα
3034 2744 3228 2804 ἐκείνην
3306 2745 3663 2818 ἐκοιμήθησαν
3732 2750 3822 2796 καὶ

2222 2828 2532 2889 ἀνέστησαν.
2590 2833 2779 2891 Ἐωθεν
2832 2832 2889 2887 δὲ
2932 2836 3164 2897 οἴναστάς
3203 2834 3505 2907 Ἰάμϐλιχος
3536 2834 3708 2887 ἔλαϐεν
3763 2838 3820 2886 τό

2221 2918 2467 2993 ἀργύριον
2534 2920 2587 2974 ἐκ
2660 2932 2759 2975 τῶν
2820 2922 3110 2995 βαλαντίων
3171 2928 3356 2993 αύτῶν,
3417 2927 3591 2986 καθώς
3649 2926 3819 2976 εἴωθεν

2221 3009 2320 3061 ἀπὸ
2373 3018 2461 3071 τῆς
2510 3017 2722 3081 μονίτας
2784 3021 2878 3075 τῆς
2936 3018 3369 3086 μεμονετευμένης
3429 3015 3821 3085 τεσσαράκοντα

2141 3124 2183 3182 C
2217 3104 2459 3170 νουμίων,
2519 3106 2607 3152 καὶ
2661 3110 2752 3163 τῆς
2806 3102 2963 3163 ἄλλης
3009 3108 3220 3174 μονίτας
3287 3102 3535 3164 ἑξήκοντα
3595 3106 3820 3173 νουμίων

2218 3196 2312 3249 τῆς
2356 3190 2519 3249 οὔσης
2572 3189 2617 3241 ἐν
2662 3197 2778 3250 ταῖς
2840 3194 3059 3265 ἡμέραις
3112 3201 3211 3243 τῶν
3252 3190 3489 3266 ἀρχαίων
3560 3189 3819 3263 βασιλέων

2219 3286 2316 3329 τῶν
2365 3278 2519 3330 ὀντων
2590 3280 2639 3330 ἐν
2693 3288 2801 3341 τοῖς
2853 3286 3062 3353 χρόνοις
3117 3291 3213 3333 τῶν
3266 3280 3426 3352 ἀγίων
3481 3284 3677 3333 τούτων
3739 3284 3820 3333 ὃτι

2219 3365 2265 3419 ἐν
2291 3368 2430 3437 αὐτῷ
2459 3376 2528 3437 τῷ
2560 3378 2724 3439 καιρῷ
2751 3369 2928 3440 ἐφάνη,
2962 3376 3050 3423 καὶ
3078 3372 3221 3443 εἶχον
3252 3374 3537 3444 τριακόσια
3588 3367 3818 3441 ἐϐδομή-

2216 3476 2373 3508 κοντα
2403 3453 2500 3509 ὃύο
2531 3458 2615 3516 ,ἔτη
2649 3458 2741 3519 ἓως
2781 3459 2899 3510 ὅτου
2951 3458 3337 3523 ἐξυπνίσθησαν
3388 3464 3477 3512 καὶ
3525 3458 3819 3516 ἀνέστησαν

2217 3547 2265 3597 οἱ
2294 3545 2437 3617 οἶγίοι
2462 3543 2647 3607 παῖδες
2662 3591 2672 3603 ,

2288 3635 2393 3690 IA’.
2432 3634 2554 3687 ’Ότε
2611 3634 2669 3688 δὲ
2716 3634 2908 3707 ἐγένετο
2948 3638 3116 3710 ἡμέρα
3162 3636 3365 3699 ἐξῆλθεν
3420 3636 3722 3710 Ἰάμϐλιχός
3763 3637 3818 3689 ἐκ

2216 3731 2307 3775 τοῦ
2338 3723 2595 3782 σπηλαίου
2635 3730 2723 3776 καὶ
2751 3722 2882 3777 εἶδεν
2914 3729 3033 3786 τοὺς
3071 3726 3242 3787 λίθους
3274 3731 3537 3799 κειμένους
3581 3729 3817 3799 ἔμπροσ-

2220 3814 2298 3865 θεν
2355 3822 2444 3866 τοῦ
2498 3814 2753 3872 σπηλαίοῦ
2799 3820 2885 3866 καὶ
2918 3814 3193 3886 ἐξεπλάγη,
3227 3813 3378 3868 οὐδὲν
3417 3820 3518 3890 γὰρ
3566 3816 3822 3887 ἐγίνωσκε

2216 3908 2331 3976 περὶ
2361 3904 2548 3971 αὐτῶν,
2580 3904 2829 3962 κατῆλθεν
2880 3900 2939 3956 δὲ
2980 3902 3079 3956 ἀπὸ
3134 3913 3224 3957 τοῦ
3269 3910 3421 3978 ᾄοους
3467 3912 3555 3957 καὶ
3587 3905 3821 3978 ἐφοϐεῖτο

2215 4000 2507 4065 περιπατεῖν
2570 3991 2617 4043 ἐν
2676 4001 2735 4065 τῇ
2788 3990 2895 4064 ὀδῷ
2968 4001 3060 4045 τοῦ
3118 3994 3361 4047 εἰσελθεῖν
3418 3993 3464 4046 ἓν
3522 4003 3582 4067 τῇ
3650 3996 3818 4055 πόλει,

2216 4080 2441 4153 ἐφοϐεῖτο
2496 4084 2597 4155 γὰρ
2655 4086 2725 4153 μή
2788 4102 2896 4144 πως
2942 4086 3150 4156 γνωσθῇ
3204 4085 3302 4135 ύπό
3346 4103 3481 4145 τινος
3534 4089 3621 4135 καὶ
3658 4083 3821 4156 ἐμφα-

2214 4175 2333 4229 νίση
2410 4177 2527 4246 περὶ
2595 4171 2774 4236 αὐτοῦ,
2835 4176 2924 4223 καὶ
2991 4179 3350 4243 κατασχόντες
3402 4170 3818 4246 παραδώσουσιν

2215 4260 2367 4312 αὐτόν
2416 4269 2486 4331 τῷ
2538 4260 2765 4333 βασιλεῖ,
2813 4266 2901 4314 καὶ
2941 4262 3033 4313 οὐκ
3073 4260 3193 4335 ᾔδει
3247 4265 3327 4315 ὅτι
3376 4260 3510 4321 ἦσαν
3562 4265 3627 4314 τὰ
3684 4263 3821 4316 ὁστά

2214 4357 2304 4401 τοῦ
2354 4354 2601 4422 τυράννου
2656 4351 2702 4402 ἐν
2756 4358 2825 4420 τῷ
2875 4348 3003 4424 ἅδῃ.
3059 4356 3152 4405 Καὶ
3195 4355 3277 4405 ότε
3322 4354 3537 4425 ἔφθασεν
3586 4354 3611 4403 ό
3667 4354 3818 4423 Ἰοίμο

2215 4438 2404 4511 ϐλιχος
2454 4441 2522 4501 εἰς
2560 4445 2651 4498 τὴν
2700 4440 2845 4492 πόλιν
2894 4439 3136 4503 ἀτενίσας
3181 4438 3313 4494 εἶδεν
3372 4445 3458 4493 τόν
3513 4444 3669 4493 τύπον
3721 4452 3820 4494 τοῦ

2213 4534 2389 4601 τιμίου
2445 4535 2673 4602 σταυροῦ
2732 4534 3056 4603 πεπηγμένον
3114 4534 3246 4583 κατά
3314 4540 3411 4583 τῶν
3487 4531 3656 4583 πυλῶν
3720 4540 3821 4594 τῆς

2214 4617 2425 4683 πόλεως,
2476 4624 2564 4671 καὶ
2621 4618 2798 4682 ἐξέστη
2851 4618 2897 4671 ἐν
2946 4628 3006 4691 τῇ
3058 4616 3267 4693 διανοίᾳ
3308 4620 3486 4674 αὐτοῦ.
3539 4625 3639 4673 Καὶ
3686 4640 3815 4671 κατ-

2216 4713 2338 4760 ενόει
2391 4706 2493 4761 ὧδε
2548 4714 2636 4760 καὶ
2682 4705 2784 4760 ὧδε
2832 4714 2920 4761 καὶ
2954 4708 3305 4775 ἐξεπλήττετο,
3339 4712 3525 4783 ὁμοίως
3565 4707 3622 4763 δὲ
3658 4710 3814 4763 ἀπελ-

2217 4800 2315 4850 θών
2362 4803 2449 4849 καὶ
2483 4797 2547 4857 εἰς
2590 4802 2683 4855 τὴν
2732 4798 2888 4856 ἄλλην
2919 4798 3085 4856 πύλην
3140 4807 3235 4860 τῆς
3287 4800 3499 4865 πόλεως,
3534 4797 3666 4852 εἶδεν
3714 4799 3815 4852 κά-

2213 4894 2353 4939 κεῖσε
2406 4890 2625 4958 σταυρὸν
2676 4891 2999 4959 πεπηγμένον
3071 4885 3239 4939 ἐπάνω
3297 4888 3457 4951 αὐτῆς
3514 4894 3603 4942 καὶ
3661 4891 3818 4942 ἐθαύ-

2212 4976 2391 5048 μαζεν,
2451 4980 2539 5025 καὶ
2588 4976 2864 5046 περιελθὼν
2917 4975 3036 5036 ὃλας
3093 4979 3188 5036 τὰς
3240 4978 3424 5039 πύλας.
3478 4978 3617 5049 εὗρεν
3660 4976 3818 5043 οὗτος

2211 5068 2295 5116 τόν
2354 5068 2510 5115 τύπον
2584 5070 2674 5115 τοῦ
2732 5068 2908 5135 τιμίου
2970 5072 3219 5136 σταυροῦ,
3272 5071 3361 5117 καὶ
3429 5068 3612 5118 ἵστατο
3684 5066 3817 5129 ἐνεὸς

2210 5152 2614 5223 ἐκπληττόμενος
2672 5152 2753 5205 ἐπὶ
2806 5156 3037 5216 τούτοις·
3090 5161 3212 5206 Ὀτε
3260 5150 3346 5206 οἶν
3386 5151 3532 5211 ἦλθεν
3584 5155 3666 5206 ἐπὶ
3716 5161 3815 5215 τὴν

2209 5247 2414 5315 πρώτην
2461 5238 2773 5312 διελογίζετο
2832 5241 2878 5293 ἐν
2932 5242 3113 5312 ἐαυτῷ,
3176 5248 3265 5295 καὶ
3318 5241 3508 5313 ἔλεγεν
3592 5249 3656 5295 Τί
3708 5246 3818 5316 ἄρα

2210 5330 2321 5383 ἐστι
2376 5339 2527 5383 τοῦτο
2580 5336 2635 5382 τὸ
2683 5338 2897 5403 σημεῖον
2944 5339 3034 5384 τοῦ
3093 5341 3321 5405 σταυροῦ
3373 5335 3452 5384 ὅτι
3502 5333 3716 5407 ἑσπέρας
3762 5334 3813 5385 ἐν

2207 5429 2278 5493 τῷ
2342 5429 2554 5493 κρυπτῷ
2613 5417 2694 5485 ἧν,
2767 5426 2850 5473 καὶ
2897 5429 2983 5473 νῦν
3042 5426 3412 5497 πεφανέρωται,
3470 5427 3601 5496 μετὰ
3672 5424 3811 5498 παῤ-
