4034 6206
187 341 272 396 551
1327 331 1420 387 DE
1458 323 1744 384 SEPTEM
1785 321 2352 385 DORMIENTIBUS.

3421 321 3524 376 442

178 467 344 540 ῥησίας
391 459 471 516 ἐπὶ
515 469 613 513 τῶν
663 458 838 512 πυλῶν
873 467 970 522 τῆς
1019 459 1230 523 πόλεως,
1277 458 1442 528 ἔλεγεν
1498 450 1556 506 δὲ
1600 451 1647 503 ἐν
1692 457 1754 522 τῇ

1886 465 2026 540 nus.
2046 454 2264 508 Verene
2283 452 2394 508 hoc
2424 451 2624 513 video,
2643 465 2721 505 an
2742 445 2953 520 spectri
2971 445 3222 516 alicujus
3246 443 3524 500 illusione

181 551 366 624 διανοίᾳ
436 551 588 603 αὑτοῦ
669 555 800 622 μήτι
857 551 1030 624 ὅραμά
1083 547 1194 602 ἐστι
1261 553 1454 612 Tauro;
1501 543 1647 596 Μετὰ
1701 535 1759 591 δε

177 651 322 696 ταῦτα
373 639 532 693 λαϐὼν
595 641 783 713 θάρσος
853 639 1108 691 ἑσκέπασε
1163 642 1256 696 τήν
1315 633 1538 706 κεφαλὴν
1600 629 1759 682 αὐτοῦ

175 739 254 784 καὶ
307 729 532 788 εἰσῆλθεν
606 729 672 789 εἰς
747 733 840 787 τὴν
923 728 1092 796 πόλιν,
1146 732 1234 778 καὶ
1301 729 1495 783 ἤκουσε
1565 717 1762 772 πολλῶν

175 822 402 892 λεγόντων
453 825 540 870 καὶ
591 817 880 890 ὀμνυόντων
935 816 982 869 ἐν
1033 825 1104 888 τῷ
1155 817 1368 888 ὀνόματι
1421 821 1510 864 τοῦ
1567 813 1762 882 Κυρίου

179 915 305 982 ἡμῶν
357 911 533 967 Ἰησοῦ
599 915 852 980 Χριστοῦ,
905 912 994 959 καὶ
1046 913 1133 958 νῦν
1183 905 1377 960 ἑκάστη
1428 901 1646 972 γλῶσσα
1689 916 1764 948 τε-

177 1002 416 1074 τράνωται
465 997 514 1049 ἐν
565 997 727 1068 αὐτῷ,
772 997 923 1048 πάλιν
971 993 1028 1048 δὲ
1076 996 1240 1066 ἔλεγεν
1293 993 1340 1046 ἐν
1389 992 1574 1060 ἐαυτῷ,
1621 989 1766 1058 τάχα

177 1089 258 1140 οὐκ
299 1091 436 1142 ἔστιν
482 1088 612 1143 αὕτη
669 1089 698 1144 ἠ
751 1086 896 1147 πόλις
943 1085 1160 1156 Ἔφεσος
1207 1080 1353 1136 διατί
1399 1084 1464 1133 τὰ
1502 1079 1764 1148 οἰκήματα

178 1179 320 1239 αὐτῆς
375 1176 512 1229 ἐστὶν
589 1175 955 1247 ἐνηλλαγμένα,
1007 1179 1096 1226 καὶ
1170 1175 1200 1232 ἡ
1279 1169 1546 1228 διάλεκτος
1601 1167 1765 1224 αὐτῆς

177 1263 516 1338 δεδιδαγμένη
550 1264 598 1316 ἐν
629 1275 702 1336 τῷ
747 1271 986 1340 Χριστῷ,
1019 1268 1108 1315 καὶ
1137 1261 1294 1320 ἄλλην
1323 1261 1470 1312 πόλιν
1517 1257 1610 1309 οὐκ
1642 1250 1766 1306 οἶδα

176 1356 212 1408 εὶ
278 1359 346 1428 μὴ
418 1358 612 1412 ταύτην
689 1359 871 1424 μόνην.
935 1358 1034 1406 Καὶ
1117 1353 1535 1424 περιερχόμενος,
1591 1346 1767 1416 ἠρώτα

177 1448 278 1497 τινὰ
333 1453 428 1497 τῶν
504 1444 728 1496 πολιτῶν
794 1442 976 1516 λέγων,
1031 1449 1138 1501 πῶς
1206 1439 1440 1491 καλεῖται
1509 1437 1538 1492 ἡ
1617 1431 1767 1491 πόλις

179 1535 330 1592 αὕτη·
388 1535 412 1586 6
470 1531 530 1586 δε
585 1529 754 1585 εἶπεν·
820 1532 962 1589 Αὕτη
1017 1530 1235 1603 Ἔφεσός
1287 1528 1434 1580 ἐστι·
1494 1528 1580 1576 καὶ
1633 1519 1766 1574 εἶπεν

173 1623 458 1696 Ἰάμϐλιχός
513 1624 636 1696 παρ’
692 1621 864 1692 ὀλίγον
921 1619 1052 1692 Ἐγὼ
1103 1618 1424 1690 ἐπελαθόμην
1476 1618 1564 1666 καὶ
1613 1609 1768 1663 ἔπλα-

181 1716 323 1771 νήθην
378 1715 424 1764 ἑν
483 1720 558 1782 τῷ
612 1713 690 1763 νοῐ
737 1730 858 1782 μου,
921 1709 1026 1762 ἀλλ’
1087 1707 1268 1772 ἐξέλθω
1325 1706 1378 1758 ἐκ
1432 1712 1522 1764 τῆς
1576 1700 1768 1760 πόλεως

185 1807 356 1863 ταύτης
384 1807 454 1874 μή
485 1822 598 1862 πως
625 1801 890 1858 πλανηθῶ,

1867 539 2131 609 decipior
2157 541 2184 596 Ἰ
2215 545 2359 597 Cum
2383 542 2512 597 haec
2539 541 2776 604 diceret,
2806 543 2860 592 et
2891 535 3081 591 crucis
3113 535 3368 603 ﬁguram
3395 534 3524 589 ubi-

1867 644 1984 702 que
2009 629 2195 686 ﬁxam
2221 631 2464 696 videret,
2498 630 2699 686 animo
2725 625 2916 696 magis
2943 623 3316 688 confirmato,
3342 624 3400 678 in
3428 641 3520 678 ur-

1871 719 2006 773 bem
2039 725 2246 790 aperto
2284 721 2476 792 capite
2511 721 2820 789 ingressus
2851 719 2953 771 est.
2991 713 3257 784 Cumque
3288 711 3523 781 longius

1873 809 2338 878 progrederetur,
2356 809 2580 865 audivit
2595 807 2803 863 multos
2824 807 3072 876 perJesu
3087 801 3294 858 Christi
3313 815 3526 854 nomen

1867 897 2087 968 jurare.
2132 900 2322 963 Quare
2381 899 2574 968 magis
2630 896 2976 970 perculsus:
3013 891 3168 958 Quid
3225 890 3354 944 haec
3389 889 3525 954 sint,

1873 986 2081 1058 inquit,
2115 987 2346 1056 ignoro.
2381 989 2510 1044 Heri
2536 986 2764 1060 vesperi
2803 999 2980 1040 nemo
3007 982 3188 1038 libere
3231 979 3526 1034 Christum

1873 1075 2245 1142 nominabat,
2276 1084 2332 1134 et
2359 1095 2517 1133 nunc
2547 1085 2667 1133 tam
2697 1075 2897 1132 multis
2928 1073 3148 1143 linguis
3181 1069 3390 1126 Christi
3425 1085 3526 1124 no-

1877 1181 2010 1220 men
2034 1167 2408 1224 celebratur?
2425 1171 2650 1223 Rursus
2672 1181 2874 1222 secum
2900 1163 3228 1231 ambigens,
3253 1158 3490 1214 dicebat
3513 1157 3528 1198 τ

1875 1257 2143 1310 Fortasse
2177 1257 2387 1313 urbem
2410 1257 2708 1327 Ephesum
2723 1271 2846 1310 non
2872 1252 3067 1316 video,
3088 1249 3376 1321 quoniam
3402 1248 3530 1317 ejus

1875 1342 2126 1398 aediﬁcia
2152 1345 2404 1401 omnino
2437 1351 2662 1400 mutata
2693 1349 2847 1408 sunt,
2880 1347 2936 1398 et
2967 1340 3155 1412 ipsius
3177 1338 3386 1407 lingua
3416 1335 3534 1391 alia

1875 1431 2156 1502 quaedam
2188 1439 2278 1489 est
2313 1433 2610 1489 Christum
2642 1433 2851 1488 edocta
2881 1447 2892 1484 :
2924 1429 3086 1502 quod
3127 1428 3186 1482 in
3211 1425 3377 1481 nulla
3415 1425 3534 1480 alia

1877 1521 2024 1575 urbe
2053 1521 2180 1577 ﬁeri
2213 1523 2350 1589 vidi,
2384 1525 2495 1578 nisi
2528 1523 2586 1578 in
2613 1524 2727 1578 hac
2759 1521 2907 1576 sola.
2943 1520 3297 1587 Progressus
3327 1513 3529 1587 igitur,

1876 1610 2150 1680 quaesivit
2166 1628 2202 1667 a
2218 1613 2486 1684 quodam
2509 1613 2656 1676 cive,
2680 1627 2800 1684 quo
2823 1609 3065 1666 nomine
3089 1604 3342 1662 urbsilla
3357 1620 3533 1659 voca-

1877 1703 2073 1754 retur:
2105 1702 2389 1771 Ephesus,
2436 1703 2626 1774 inquit
2656 1701 2770 1766 ille,
2805 1701 2932 1755 haec
2971 1701 3233 1758 vocatur,
3278 1697 3404 1749 Non
3436 1709 3533 1748 cre

1805 1787 1850 1842 B
1881 1786 2032 1842 didit
2063 1791 2406 1856 Jamblicus,
2461 1791 2566 1846 sed
2610 1806 2815 1846 secum
2867 1787 3173 1856 cogitans:
3217 1785 3529 1852 Deceptus,

183 1869 564 1964 inquit,-certe
607 1906 764 1952 sum,
792 1889 1059 1944 locorum
1091 1887 1331 1948 oblitus,
1365 1889 1607 1954 totaque
1645 1879 1840 1934 mente
1873 1875 2180 1934 aberrans.
2218 1881 2570 1938 Exeundum
2596 1881 2774 1950 igitur
2811 1877 2958 1934 mihi
3001 1880 3087 1931 est
3119 1891 3190 1928 ex
3212 1873 3327 1928 hac
3357 1869 3531 1934 urbe,

179 1997 242 2036 ne
263 1981 448 2050 magis
485 1995 704 2035 errem.

241 2069 326 2122 lE'.
358 2069 442 2130 Ὠς
473 2065 568 2122 οὖν
599 2068 648 2120 ἐν
689 2067 858 2138 πολλῷ
905 2065 1043 2140 φόϐῳ
1091 2071 1180 2118 καὶ
1234 2065 1430 2136 ἀγωνίᾳ
1459 2059 1542 2134 ᾖν,
1578 2057 1772 2132 βουλό-

181 2179 302 2232 μενος
347 2159 566 2222 ἐξελθεῖν
633 2157 687 2210 ἐκ
745 2165 834 2217 τῆς
887 2156 1096 2222 πόλεως,
1149 2154 1412 2228 προσῆλθε
1467 2154 1598 2223 πρὸς
1653 2151 1770 2206 τοὺς

179 2251 550 2322 πιπράσκοντας
606 2251 727 2310 τοὺς
787 2248 976 2318 ἄρτους
1047 2246 1327 2320 ἀγοράσαι,
1383 2245 1472 2293 καὶ
1549 2236 1772 2290 ἐκϐαλὼν

181 2335 426 2412 ἀργύριον,
485 2334 680 2389 ἔδωκεν
754 2336 972 2398 αὐτοῖς·
1027 2335 1176 2388 αὐτοὶ
1238 2331 1296 2386 δε
1375 2329 1614 2388 λαϐόντες
1684 2330 1774 2378 καὶ

185 2423 356 2488 ἰδόντες
398 2432 492 2486 τὴν
541 2431 756 2498 μονίταν
802 2429 882 2478 ὅτι
911 2425 1108 2496 μεγάλη
1155 2421 1215 2482 ἦν
1265 2428 1354 2474 καὶ
1404 2419 1768 2488 ἐνηλλαγμένη,

185 2513 460 2588 ἐθαύμασαν
511 2521 606 2568 καὶ
654 2515 888 2575 ἀλλήλοις
933 2511 1256 2567 ἐπεδείκνυον
1291 2512 1472 2578 αὐτὴν,
1505 2513 1592 2560 καὶ
1641 2525 1770 2577 παρ·

185 2605 288 2662 ἦλθε
334 2603 424 2658 διὰ
465 2613 654 2658 πασῶν
701 2613 801 2656 τῶν
840 2600 1106 2672 καθεδρῶν
1155 2612 1252 2654 τῶν
1306 2600 1608 2654 πωλούντων
1659 2599 1774 2654 τοὺς

187 2694 375 2766 ἄρτους,
427 2699 524 2746 καὶ
597 2693 900 2767 ἐψιθύριζον
972 2694 1082 2764 μετ’
1141 2691 1366 2749 ἀλλήλων
1424 2693 1512 2740 καὶ
1570 2685 1772 2738 ἔϐλεπον

189 2781 248 2842 εἰς
291 2788 372 2835 τόν
419 2782 734 2856 Ἰάμϐλιχον
775 2787 864 2834 καὶ
909 2777 1048 2834 εἶπον
1075 2799 1085 2810 ·
1122 2781 1282 2840 Οὗτος
1315 2781 1578 2848 θησαυρόν
1609 2774 1770 2846 εὗρεν,

187 2877 262 2924 καὶ
309 2875 416 2925 ἔστι
491 2872 696 2924 πολλῶν
767 2871 906 2926 ἐτῶν.
967 2871 1025 2923 Ὀ
1093 2867 1152 2922 δὲ
1205 2868 1502 2940 Ἰάμϐλιχός
1569 2863 1771 2937 βλέπων

189 2965 288 3022 τοὺς
359 2966 720 3034 προσέχοντας
804 2961 944 3031 αὐτῷ
1023 2959 1416 3032 ψιθυρίζοντας,
1495 2953 1718 3027 ἐφοϐήθη
1756 2973 1767 2985 ·

187 3052 366 3122 ενόμιζε
419 3055 528 3126 γὰρ
593 3051 672 3102 ὅτι
744 3049 1018 3124 ἐγνώριζον
1089 3049 1242 3100 αὐτόν
1327 3051 1416 3098 καὶ
1497 3043 1772 3116 βούλονται

1961 2058 2066 2113 XV.
2119 2061 2266 2116 Cum
2315 2077 2456 2130 ergo
2511 2057 2906 2116 sollicitudine
2959 2069 3182 2126 magna
3235 2053 3534 2106 teneretur

1883 2153 1942 2204 et
1971 2148 2141 2206 illinc
2171 2151 2328 2206 exire
2359 2149 2549 2216 vellet,
2591 2149 2756 2222 prius
2789 2147 2972 2202 voluit
3019 2159 3207 2214 panes
3235 2155 3450 2202 emere,
3481 2140 3537 2192 et

1885 2245 2192 2308 argentum
2247 2239 2523 2312 sumpsit,
2575 2242 2636 2294 ut
2691 2237 2948 2308 pretium
2993 2233 3177 2288 daret.
3234 2229 3344 2292 Qui
3397 2241 3533 2282 vero

1884 2345 2102 2400 panem
2132 2329 2543 2392 vendiderant,
2574 2344 2712 2384 cum
2736 2329 3036 2382 monetam
3061 2322 3224 2377 illam
3249 2331 3536 2388 magnam

1885 2423 1942 2474 et
1989 2419 2290 2475 diversam
2350 2419 2656 2480 vidissent,
2707 2415 2898 2470 mirati
2950 2417 3106 2474 sunt,
3157 2413 3214 2464 et
3272 2407 3534 2462 vicissim

1885 2523 2020 2564 eam
2061 2508 2169 2563 sibi
2225 2507 2642 2564 ostendebant.
2686 2508 2790 2560 Per
2827 2519 3046 2558 manus
3079 2500 3254 2570 igitur
3297 2495 3533 2558 tradita,

1885 2604 2126 2651 moneta
2183 2597 2283 2651 illa
2337 2611 2440 2668 per
2485 2611 2694 2650 omnes
2747 2591 2850 2665 qui
2903 2605 3120 2662 panem
3173 2584 3534 2649 vendebant,

1887 2685 2136 2741 transiit.
2171 2686 2277 2748 Qui
2321 2684 2577 2739 vicissim
2621 2685 2680 2738 in
2727 2697 2930 2736 aurem
2975 2677 3434 2734 insusurrantes,
3482 2673 3538 2724 et

1883 2775 2238 2831 Jamblioum
2286 2775 2604 2840 intuentes,
2662 2769 2962 2827 dicebant:
3001 2769 3140 2819 Vere
3193 2763 3376 2817 homo
3431 2760 3536 2814 iste

1883 2865 2232 2922 thesaurum
2249 2863 2491 2929 invenit,
2515 2867 2773 2918 veterem
2793 2858 2958 2914 illum
2977 2855 3241 2926 quidem,
3263 2856 3316 2905 et
3332 2849 3534 2904 multis

1885 2955 2104 3012 abhinc
2149 2953 2321 3010 annis
2379 2951 2772 3008 reconditum.
2831 2945 3156 3003 Jamblicus
3209 2957 3346 2997 cum
3405 2937 3536 2994 illos

1885 3047 2264 3100 susurrantes
2279 3043 2519 3110 videret,
2535 3040 2712 3112 cmpit
2729 3039 2936 3093 timere
2951 3053 2964 3090 :
2982 3030 3362 3089 existimabat
3377 3027 3536 3083 enim

185 3139 494 3212 παραδοῦναι
533 3141 688 3192 αὐτόν
715 3146 873 3211 Δεκίῳ
903 3147 974 3210 τῷ
1021 3137 1248 3212 βασιλεῖ,
1283 3135 1458 3189 πολλοὶ
1502 3131 1560 3186 δὲ
1607 3152 1773 3206 προσ-

1886 3151 1945 3189 se
1977 3133 2056 3190 ab
2095 3133 2207 3188 illis
2247 3131 2512 3200 agnosci,
2554 3109 2822 3186 et'Decii
2871 3123 3119 3194 imperio
3173 3117 3534 3175 tradendum

186 3235 392 3304 ipzov‘ro
444 3229 782 3304 ἐμϐλέποντες
829 3230 900 3292 εἰς
938 3233 994 3280 τὸ
1040 3233 1314 3303 πρόσωπον
1363 3225 1542 3288 αὐτοῦ,
1575 3229 1664 3275 καὶ
1712 3225 1775 3282 ὡς

189 3323 376 3373 ἰσταντο
450 3325 765 3393 κατέχοντες
840 3319 994 3371 αὐτὸν
1075 3317 1122 3370 ἐν
1179 3323 1320 3390 μέσῳ
1389 3325 1484 3377 τῆς
1560 3313 1774 3388 ἀγορᾶς,

189 3407 482 3486 συνέδραμεν
549 3409 704 3482 ὄχλος
759 3409 920 3470 πολὺς
970 3413 1058 3460 καὶ
1116 3407 1316 3470 ἐξῆλθεν
1361 3407 1385 3456 ὁ
1437 3404 1583 3476 λόγος
1627 3403 1778 3463 οὗτος

187 3503 306 3551 κατὰ
356 3507 536 3552 πᾶσαν
584 3505 679 3558 τήν
722 3499 868 3552 πόλιν
917 3497 1164 3570 λεγόντων
1213 3498 1290 3550 ὃτι
1343 3495 1648 3566 Κατεσχέθη
1699 3511 1778 3552 τις

187 3595 368 3651 νεανίας
425 3591 592 3663 εὑρὼν
681 3589 968 3662 θησαυρόν.
1030 3591 1129 3640 Καὶ
1207 3586 1555 3656 συνήχθησαν
1613 3584 1778 3634 ἐπάνω

191 3678 330 3730 αὐτου
387 3679 552 3751 ὄχλος
609 3677 760 3738 πολὺς
820 3679 1144 3744 φάσκοντες·
1201 3675 1364 3734 Οὗτος
1434 3675 1458 3724 6
1517 3673 1780 3745 ἄνθρωπος

195 3766 309 3828 ξένος
353 3767 482 3832 ἐστὶ,
528 3771 621 3819 καὶ
669 3763 917 3819 οὐδέποτε
963 3762 1143 3836 ἴδομεν
1189 3763 1362 3816 αὐτόν.
1399 3767 1500 3815 Καὶ
1547 3762 1780 3821 ἠτένιζον

195 3855 250 3916 εἰς
303 3861 355 3909 τό
435 3863 718 3931 πρόσωπον
790 3856 970 3908 αὑτοῦ.
1029 3859 1123 3908 Καὶ
1199 3852 1429 3905 ἐϐούλετο
1483 3849 1782 3923 Ἰάμϐλιχος

195 3943 548 4016 ἀπολογεῖσθαι
607 3945 783 4008 αὐτοῖς
842 3947 922 3997 ὅτι
994 3944 1098 4016 οὐχ
1153 3943 1264 4016 εὗρε
1350 3944 1633 4014 θησαυρόν,
1693 3941 1782 3992 καὶ

194 4035 278 4086 ὑπὸ
323 4045 414 4098 τῆς
456 4035 744 4098 ἐκπλήξεως
799 4037 1143 4106 συνεχόμενος
1196 4031 1288 4083 οὐκ
1341 4034 1577 4103 ἴσχυσε·
1619 4049 1780 4104 προσ-

195 4127 314 4194 έχων
364 4123 418 4178 δε
477 4131 811 4199 περιεσκόπει
871 4123 942 4183 εἰς
989 4127 1074 4176 τόν
1150 4121 1326 4194 ὄχλον,
1383 4125 1471 4171 καὶ
1525 4116 1638 4172 οὐδ’
1699 4120 1784 4172 ἕνα

195 4209 504 4284 ἐπεγίνωσκε,
563 4219 652 4265 καὶ
703 4217 804 4286 γὰρ
862 4212 1096 4285 λαμπρὸν
1168 4215 1256 4262 καὶ
1312 4211 1582 4281 περιφανὲς
1639 4213 1782 4280 γένος

195 4297 316 4370 εἶχεν
366 4301 412 4354 ἐν
470 4312 544 4374 τῷ
571 4302 830 4374 ,παλατίῳ
886 4302 1122 4373 Ἐφέσου,
1181 4303 1270 4351 καὶ
1326 4300 1494 4357 καθὼς
1551 4296 1780 4364 ἐνόμιζεν

196 4407 264 4440 οτι
315 4390 532 4464 ἑσπέρας
589 4395 820 4463 γνωστὸς
881 4387 941 4448 ἦν
995 4397 1126 4442 πᾶσι
1177 4393 1267 4440 καὶ
1321 4387 1470 4440 ἕωθεν
1528 4383 1645 4439 οὐδ’
1695 4389 1782 4439 ἕνα

1886 3240 2034 3280 esse.
2072 3224 2216 3278 Cum
2243 3237 2378 3278 vero
2405 3219 2572 3276 multi
2605 3216 3012 3278 accessissent,
3046 3215 3102 3266 et
3123 3211 3252 3279 ejus
3278 3208 3537 3262 formam

1889 3329 2260 3386 nequaquam
2281 3324 2644 3380 cognoscere
2661 3304 2994 3379 possent,in
3015 3300 3202 3356 medio
3221 3297 3350 3355 foro
3373 3295 3540 3350 illum

1888 3401 2242 3458 detinebant.
2277 3404 2473 3470 Itaque
2528 3397 2714 3452 turba:
2765 3393 2966 3450 multae
3020 3387 3454 3448 conﬂuxerunt,
3489 3389 3544 3437 et

1890 3507 2088 3548 sermo
2103 3491 2201 3546 hic
2232 3504 2332 3562 per
2349 3492 2531 3542 totam
2563 3485 2856 3540 civitatem
2879 3481 3162 3548 vulgatus
3191 3481 3296 3540 est,
3313 3473 3542 3528 adoles-

1889 3585 2118 3637 centem
2151 3560 2478 3650 quemdam
2511 3571 3013 3644 comprehensum
3045 3567 3246 3628 fuisse,
3280 3561 3382 3633 qui
3419 3560 3544 3614 the-

1891 3685 2136 3725 saurum
2153 3663 2694 3722 inveneratTurbre
2712 3665 2908 3714 autem
2923 3657 2998 3711 ad
3012 3671 3150 3710 eum
3166 3653 3542 3720 congregatae

1891 3758 2196 3814 dicebant:
2219 3755 2405 3810 Homo
2427 3754 2534 3807 iste
2557 3749 2900 3823 peregrinus
2929 3751 3036 3812 est,
3059 3758 3242 3813 neque
3273 3753 3542 3808 unquam

1891 3849 2061 3906 illum
2115 3846 2388 3901 vidimus.
2445 3841 2575 3896 Haec
2615 3837 2914 3899 dicebant,
2947 3839 3002 3889 et
3049 3831 3287 3888 intentis
3337 3824 3543 3890 oculis,

1895 3939 2088 4008 magis
2121 3935 2422 4006 magisque
2451 3933 2647 4003 ipsum
2679 3926 3081 3982 intuebantur.
3113 3918 3356 3975 Volebat
3385 3917 3544 3970 Jam-

1893 4030 2084 4086 blicus
2098 4041 2348 4082 causam
2372 4037 2542 4078 suam
2566 4034 2761 4090 agere,
2777 4015 2938 4088 quod
2955 4013 3170 4068 falsum
3189 4013 3362 4076 esset,
3379 4003 3544 4076 quod

1893 4121 1966 4176 de
2001 4119 2314 4174 thesauaro
2343 4112 2584 4168 invento
2607 4109 2904 4163 dicerent:
2936 4102 3038 4158 sed
3070 4105 3314 4171 stupore
3347 4093 3546 4149 deten-

1893 4217 2006 4277 tus,
2036 4208 2096 4262 id
2123 4205 2312 4262 t‘acere
2345 4218 2462 4258 non
2497 4203 2743 4272 poterat.
2787 4197 3049 4265 Cumque
3088 4203 3300 4246 omnes
3343 4182 3546 4240 turbas

1892 4296 2394 4366 circumspiceret,
2439 4289 2738 4346 neminem
2789 4281 3171 4354 agnoscebat,
3217 4279 3272 4332 et
3315 4269 3541 4328 nemini

1893 4395 2069 4443 notus
2095 4361 2238 4446 erat,
2264 4381 2396 4436 licet
2416 4379 2577 4433 claro
2606 4383 2662 4431 et
2682 4373 2890 4430 illustri
2919 4383 3132 4442 genere
3163 4365 3324 4438 apud
3357 4361 3542 4430 Ephe-

197 4479 529 4548 ἐπιγινώσκων
597 4479 906 4552 ἐθαύμαζεν,
961 4485 1050 4531 καὶ
1121 4481 1188 4540 ὡς
1258 4475 1544 4540 ἐξεστηκὼς
1612 4496 1773 4548 προσ-

1892 4493 2024 4532 sum
2053 4477 2227 4529 natus
2249 4473 2422 4526 esset.
2446 4469 2820 4537 Quapropter
2848 4458 3242 4517 admiratione
3275 4451 3542 4507 maxima

199 4573 319 4638 εἶχεν
348 4571 416 4631 εἰς
445 4575 532 4622 τόν
563 4569 720 4641 ὄχλον
755 4567 882 4622 ἰδεῖν
917 4573 1002 4620 τὸν
1048 4572 1247 4641 πατέρα
1277 4567 1433 4618 αὐτοῦ
1462 4567 1492 4624 ἢ
1533 4586 1648 4618 τινα
1681 4576 1779 4618 τῶν

199 4651 426 4728 ἀδελφῶν,
459 4664 550 4711 καὶ
579 4655 694 4710 οὐδ’
727 4659 798 4720 εἶς
830 4659 1066 4732 ὑπῆρχεν
1099 4656 1152 4718 ἐξ
1183 4657 1371 4710 αὐτῶν.

1891 4563 2288 4624 detinebatur,
2335 4555 2498 4629 quod
2539 4553 2730 4626 pridie
2771 4550 2997 4620 vesperi
3034 4545 3312 4603 omnibus
3367 4544 3542 4594 notus

1892 4653 2118 4717 fuisset,
2161 4655 2214 4704 et
2256 4645 2538 4718 postridie
2589 4657 2760 4696 mane
2815 4639 3118 4695 neminem
3170 4631 3539 4703 agnosceret,

199 4747 422 4802 omnino
448 4749 645 4819 etipse
669 4718 1410 4817 ignotus..l')'abatoperam
1427 4747 1490 4799 ut
1519 4743 1669 4798 inter
1701 4743 1940 4802 turbam
1965 4742 2129 4797 illam
2155 4743 2386 4810 patrem
2416 4734 2510 4788 vel
2539 4731 2797 4803 aliquem
2824 4745 2894 4784 ex
2924 4723 3204 4782 fratribus
3234 4718 3538 4786 inveniret,

199 4845 374 4906 neque
397 4852 768 4908 quemquam
797 4835 1056 4891 videbat.

263 4923 348 4986 Ις·’.
385 4930 510 4977 Τότε
563 4923 791 4996 ἐγνώσθη
853 4926 876 4976 ό
929 4925 1074 4994 λόγος
1127 4921 1174 4974 ἐν
1233 4922 1321 4994 ὅλῃ
1371 4929 1433 4994 τῇ
1494 4921 1639 4974 πόλει
1691 4927 1779 4974 καὶ

203 5027 280 5071 εως
321 5021 408 5064 τοῦ
463 5014 816 5068 ἐπισκοπείου.
881 5015 1074 5088 Εὑρέθη
1137 5009 1196 5064 δε
1243 5015 1332 5063 καὶ
1383 5016 1778 5082 κατοικονομίαν

203 5102 317 5150 Θεοῦ
387 5107 475 5155 καὶ
547 5105 572 5154 6
646 5101 936 5163 ἀνθύπατος
1011 5111 1102 5162 τῆς
1177 5100 1368 5161 πόλεως
1438 5099 1550 5150 κατ’
1620 5099 1778 5158 αὐτὴν

201 5191 280 5243 τὴν
327 5193 454 5262 ὥραν
505 5191 840 5267 ἀνερχόμενος
887 5195 1018 5265 πρὸς
1069 5195 1154 5242 τόν
1209 5189 1510 5242 ἐπίσκοπον.
1566 5193 1665 5242 Καὶ
1711 5192 1780 5250 ὡς

203 5269 527 5348 διελογίζοντο
575 5287 692 5353 περὶ
735 5289 824 5334 τοῦ
873 5283 1139 5354 θησαυροῦ
1185 5280 1419 5350 ἐγνώσθη
1467 5279 1496 5336 ἡ
1550 5276 1778 5329 ἀνάστα-

205 5381 278 5426 σις
327 5377 420 5420 τὼν
493 5381 677 5446 νεκρῶν
753 5378 886 5424 πᾶσι
961 5377 1071 5432 τοῖς
1145 5369 1306 5438 λαοῖς,
1363 5373 1452 5419 καὶ
1509 5365 1778 5419 ἐκέλευσαν

203 5458 318 5520 μετὰ
375 5461 547 5524 πάσης
622 5461 1002 5533 φιλανθρωπίας
1067 5459 1400 5532 φυλαχθῆναι
1457 5459 1542 5508 τόν
1618 5459 1779 5508 νεανί-

207 5557 314 5594 σκον
363 5551 450 5599 καὶ
509 5549 779 5620 ἐνεχθῆναι
821 5551 944 5622 πρὸς
998 5548 1210 5614 αὐτοὺς,
1258 5549 1448 5619 ἔχοντα
1503 5549 1560 5597 τὸ
1620 5543 1780 5618 ἀργύο

205 5646 300 5700 ριον
353 5635 378 5687 ὃ
431 5635 704 5712 ἐπεφέρετο,
765 5641 850 5692 καὶ
935 5639 1003 5700 ὡς
1073 5631 1236 5690 εἷλκον
1307 5639 1394 5688 τὸν
1467 5632 1777 5707 Ἰάμϐλιχον

1961 4921 2092 4976 XVI.
2117 4921 2277 4974 Tunc
2289 4930 2359 4970 ea
2383 4929 2475 4968 res
2503 4927 2606 4982 per
2622 4915 2809 4965 totam
2841 4905 3048 4961 urbem
3069 4899 3337 4970 vulgata,
3353 4908 3542 4964 usque

1885 5009 1962 5066 ad
1979 5005 2242 5080 episcopi
2263 5018 2435 5059 aures
2453 4999 2737 5072 pervenit.
2761 4995 3216 5065 Divinaquoque
3232 4983 3544 5040 Providen-

1886 5097 1964 5152 tia
1987 5071 2202 5152 factum
2231 5100 2334 5158 est,
2361 5096 2421 5146 ut
2446 5071 2574 5160 ejus
2591 5087 2752 5141 urbis
2775 5079 3096 5158 proconsul
3121 5078 3222 5135 illa
3247 5076 3378 5145 ipsa
3395 5071 3544 5126 hora

1885 5185 2108 5241 veniret
2131 5183 2208 5238 ad
2223 5181 2596 5252 epiSCOpum.
2619 5176 2728 5240 Qui
2747 5175 2894 5228 dum
2915 5171 3132 5225 diceret
3156 5167 3229 5220 de
3259 5163 3541 5218 thesauro

1883 5290 2001 5347 que
2021 5273 2098 5330 ab
2119 5271 2562 5327 adolescentem
2584 5264 2682 5320 illo
2701 5265 3008 5319 inventum
3023 5253 3346 5326 cogitabat,
3364 5265 3432 5303 ea
3445 5261 3540 5302 res

1885 5363 2040 5430 fecit,
2077 5369 2137 5417 ut
2180 5363 2552 5414 mortuorum
2585 5351 2935 5408 resurrectio
2975 5351 3203 5420 pateret
3236 5338 3540 5397 omnibus.

1882 5454 2192 5507 Iusserunt
2222 5448 2382 5503 enim
2415 5451 2536 5500 tam
2578 5439 2917 5514 proconsul,
2975 5451 3162 5510 quam
3201 5431 3541 5502 episcopus,

1883 5541 2322 5598 adolescentem
2344 5536 2511 5591 illum
2531 5531 2789 5602 benigne
2813 5532 3128 5585 tractatum
3151 5518 3463 5580 custodiri.
3491 5519 3545 5570 et

1883 5630 1960 5687 ad
1977 5646 2038 5687 se
2061 5627 2198 5686 duci
2221 5641 2361 5682 cum
2378 5619 2842 5694 argento,lquod
2863 5632 3068 5674 secum
3088 5612 3372 5673 habebat.
3397 5609 3543 5664 Cum
