4142 6196
461 298 566 355 443

1857 293 2119 352 MENSIS
2150 292 2186 348 Ἰ
2196 292 2312 349 ULI
2321 294 2422 353 US.

3713 296 3823 352 444

461 422 640 495 igitur
670 422 996 480 Jamblicus
1025 423 1104 480 ad
1144 423 1453 481 ecclesiam
1483 424 1831 489 traheretur,
1855 420 2102 495 putabat

2216 419 2288 483 εἰς
2335 426 2426 480 τὴν
2502 421 2783 480 ἐκκλησίαν
2854 421 3083 494 ἐνόμιζεν
3156 420 3236 472 ὅτι
3304 422 3435 493 πρὸς
3505 424 3675 474 Δέκιον
3726 424 3820 475 τὸν

461 513 538 578 ad
584 512 828 568 Decium
878 513 1293 584 imperatorem
1342 530 1405 569 se
1456 514 1621 570 trahi.
1656 518 1860 585 Itaque
1896 512 2015 566 huc
2053 514 2110 565 et

458 602 598 660 illuc
629 601 1167 673 circumspiciebat,
1198 608 1260 656 ut
1290 602 1551 675 aliquem
1583 617 1829 658 suorum
1861 600 2106 668 videret,

458 692 553 749 vel
574 691 1179 760 consanguineorum,
1196 691 1510 749 veleorum
1537 691 1759 765 quibus
1782 695 1960 746 notus
1980 690 2106 743 fue-

458 786 571 837 rat.
603 779 1052 836 Adolescentem
1081 779 1164 836 ita
1213 780 1785 852 circumspicientem
1825 780 2013 845 turba,
2048 782 2109 832 ut

458 870 742 924 insanum
785 868 1070 940 aliquem,
1103 869 1424 925 irridebat:
1459 870 1661 942 itaque
1691 868 2001 924 violentius
2031 866 2105 921 ad

459 958 769 1014 ecclesiam
827 957 1264 1030 impellebatur.
1305 961 1434 1014 Jam
1490 974 1629 1014 vero
1683 956 2004 1030 proconsul
2056 959 2110 1009 et

461 1048 798 1120 Stephanus
856 1048 1178 1120 episcopus
1228 1053 1534 1104 monetam
1567 1047 1730 1102 illam
1772 1047 1833 1102 in
1889 1061 2108 1101 manus

456 1142 754 1209 sumptam
780 1136 1660 1208 inspicientes,admirabantur.
1680 1138 1840 1191 Tunc
1860 1148 2111 1206 procon-

459 1227 552 1283 sul
597 1227 956 1283 Jamblicum
1000 1228 1407 1297 interrogans:
1445 1225 1719 1290 Ubinam,
1768 1224 1979 1295 inquit,
2022 1228 2113 1279 est

454 1317 794 1382 thesaurus,
811 1332 992 1388 quem
1019 1316 1334 1372 invenisti?
1351 1317 1583 1370 Moneta
1606 1316 1767 1369 enim
1787 1313 1914 1369 haec
1935 1329 1965 1368 e
1992 1313 2112 1369 the—

457 1420 637 1461 sauro
684 1405 969 1477 subrepta
1023 1410 1129 1461 est.
1187 1405 1443 1469 Minime,
1504 1403 1698 1475 inquit
1762 1401 2106 1466 Jamblicus,

456 1493 800 1551 thesaurum
814 1494 872 1550 in
882 1494 1307 1567 veni,quemad
1317 1493 1567 1548 modum
1581 1509 1675 1548 me
1690 1508 1792 1549 vos
1806 1491 2110 1547 insimula-

455 1583 546 1640 tis.
605 1583 754 1639 lllud
814 1600 1001 1639 unum
1067 1589 1228 1639 certo
1289 1582 1430 1648 scio,
1500 1598 1569 1637 ex
1631 1580 1892 1653 paternis
1958 1580 2107 1635 meis

452 1672 723 1744 pecuniis
746 1677 1061 1742 argentum
1084 1673 1199 1729 hoc
1222 1687 1370 1740 esse,
1398 1671 1527 1742 ejus
1556 1676 1807 1726 moneta:
1831 1675 1970 1725 nota
2000 1671 2105 1725 im-

2218 509 2440 581 βασιλέα
2493 513 2713 584 ἄγουσιν
2780 511 2953 566 αὐτόν.
3016 516 3117 563 Καὶ
3175 515 3505 583 περιεσκόπει
3573 506 3674 563 ὦδε
3722 516 3819 563 καὶ

2214 596 2318 651 ὧδε
2372 597 2500 653 ἰδεῖν
2549 605 2664 654 τινά
2707 610 2804 655 τῶν
2860 598 3009 653 ἰδίων
3049 600 3208 652 αὑτοῦ
3257 604 3346 650 καὶ
3391 602 3681 671 γνωρίμων,
3726 604 3820 652 καὶ

2215 690 2240 740 6
2298 688 2450 761 ὄχλος
2504 690 2752 763 κατεγέλα
2824 690 2981 743 αὑτοῦ
3036 694 3125 741 καὶ
3190 694 3480 762 προσεῖχον
3543 688 3681 759 αύτῷ
3744 691 3818 751 ὡς

2215 786 2393 851 μωρῷ.
2449 786 2538 832 καὶ
2596 781 2729 833 οὕτω
2787 782 2914 853 μετά
2965 777 3108 852 βίας,
3166 780 3329 830 ὤθουν
3387 777 3540 829 αὑτὸν
3596 777 3667 840 εἰς
3721 783 3820 836 τὴν

2216 868 2513 926 ἐκκλησίαν.
2573 869 2633 922 ιΟ
2690 865 2751 922 δὲ
2822 867 3111 929 ἀνθύπατος
3162 872 3251 919 καὶ
3309 870 3557 939 Στέφανος
3622 868 3647 919 6
3708 866 3819 919 ἐπί-

2220 976 2432 1023 σκοπος,
2490 958 2726 1019 λαϐόντες
2794 957 2916 1031 παρ’
2991 958 3150 1010 αὑτοῦ
3217 960 3273 1008 τὸ
3349 954 3617 1029 ἀργύριον,
3675 952 3819 1008 εἶδον

2217 1051 2307 1098 καὶ
2356 1046 2669 1119 ἐθαύμαζον.
2714 1052 2840 1101 Τότε
2898 1045 3192 1119 ἀποκριθεὶς
3240 1047 3265 1097 6
3318 1044 3633 1109 ἀνθύπατος,
3680 1042 3818 1098 εἶπεν

2214 1139 2344 1210 πρὸς
2387 1141 2472 1188 τὸν
2526 1136 2847 1212 Ἰάμϐλιχον,
2884 1144 2989 1189 Ποῦ
3040 1136 3175 1188 ἐστιν
3206 1136 3231 1186 6
3273 1136 3540 1208 θησαυρὸς
3569 1134 3622 1186 ὃν
3652 1135 3817 1208 εὗρες,

2219 1222 2397 1284 ἐπειδὴ
2460 1231 2518 1279 τὸ
2579 1226 2821 1302 ἀργύριον
2876 1226 2901 1278 ὂ
2960 1224 3263 1298 βαστάζεις,
3320 1223 3372 1286 ἐξ
3423 1223 3580 1276 αὑτοῦ
3633 1223 3767 1276 ἐστιν
3802 1241 3817 1252 ’

2219 1313 2527 1387 Ἰάμϐλιχός
2579 1315 2752 1369 εἶπεν·
2812 1318 3095 1388 Θησαυρόν
3169 1316 3257 1385 μὲν
3332 1308 3578 1365 οὐδέποτε
3646 1313 3818 1386 εὗρον,

2217 1405 2391 1466 καθὼς
2458 1409 2798 1479 κατηγορεῖτέ
2863 1424 2985 1477 μου,
3040 1402 3144 1455 ἀλλ’
3194 1398 3317 1455 οἶδα
3388 1399 3488 1472 ἐγὼ
3562 1402 3641 1453 ὅτι
3716 1409 3819 1453 τῶν

2216 1502 2483 1564 πατρικῶν
2529 1515 2628 1567 μου
2673 1493 2809 1560 ἐστὶ,
2842 1498 2931 1545 καὶ
2976 1502 3071 1554 τῆς
3121 1490 3445 1563 συναλλαγῆς
3492 1499 3586 1552 τῆς
3627 1490 3823 1550 πόλεως

2216 1582 2451 1655 ὑπάρχει
2501 1588 2560 1635 τὸ
2616 1584 2884 1658 ἀργύριον,
2940 1588 3017 1644 τίς
3080 1578 3139 1633 δέ
3191 1580 3331 1633 ἐστιν
3379 1581 3404 1632 6
3456 1582 3741 1652 πειρασμὸς
3791 1579 3854 1648 ό⁴

2218 1670 2560 1742 συμϐεϐηκώς
2606 1692 2696 1745 μοι
2734 1680 2840 1737 νῦν,
2876 1672 2966 1724 οὑκ
3000 1668 3140 1724 οἶδα.
3176 1675 3275 1723 Καὶ
3319 1671 3344 1721 6
3376 1667 3665 1729 ἀνθύπατος
3697 1670 3815 1740 ἔφη’

452 1777 751 1832 pressum,
783 1777 918 1833 quae
972 1762 1111 1817 huic
1141 1761 1273 1818 urbi
1328 1764 1614 1817 consueta
1645 1765 1755 1815 est.
1808 1759 1920 1816 Sed
1952 1762 2102 1814 certe

2218 1761 2375 1812 Πόθεν
2432 1763 2495 1829 εἷ,
2541 1763 2566 1814 6
2621 1759 2679 1814 δὲ
2732 1760 3035 1833 Ἰάμϐλιχος
3093 1760 3420 1834 ἀπεκρίνατο,
3482 1757 3572 1819 Ὠς
3624 1757 3819 1829 νομίζοι

452 1849 653 1920 miror,
686 1866 876 1922 neque
922 1852 1184 1923 cogitare
1217 1866 1490 1922 possum,
1527 1849 1831 1905 undenam
1865 1848 2105 1904 tentatio

450 1939 579 1994 haec
627 1939 774 1994 mihi
810 1940 1107 1995 acciderit.
1148 1939 1238 1993 Ad
1279 1939 1409 1993 haec
1450 1953 1715 2009 praeses:
1768 1937 2100 2004 Undenam,

450 2026 663 2099 inquit,
698 2042 760 2082 es
791 2034 851 2082 tu
876 2027 903 2082 Ἰ
936 2027 1019 2083 llli
1064 2033 1256 2083 autem
1300 2026 1609 2099 respondit
1636 2025 1988 2081 Jamblicus:
2024 2029 2104 2082 Ex

450 2116 564 2171 hac
592 2115 761 2181 urbe,
792 2121 854 2172 ut
885 2118 1119 2188 opinor,
1164 2131 1275 2186 ego
1320 2132 1471 2170 sum.
1504 2116 1629 2180 Quo
1670 2119 1836 2186 patre
1876 2119 2052 2171 natus
2076 2115 2104 2170 ?

449 2204 644 2276 inquit
703 2219 942 2274 praeses.
1000 2207 1174 2260 Estne
1230 2203 1466 2276 aliquis,
1510 2203 1612 2275 qui
1660 2209 1712 2258 te
1762 2204 2105 2273 agnoscat?

453 2290 679 2358 Veniat,
714 2298 768 2348 et
815 2293 1223 2349 testimonium
1255 2293 1416 2349 dicat
1444 2308 1552 2364 pro
1581 2296 1654 2357 te,
1703 2298 1760 2348 et
1789 2292 2104 2349 credemus

449 2379 577 2435 tibi.
612 2380 861 2438 Protulit
887 2380 1213 2437 Jamblicus
1266 2381 1453 2453 patris
1486 2385 1540 2435 et
1578 2380 1828 2437 fratrum
1860 2397 2104 2437 suorum

450 2468 736 2525 nomina:
766 2485 959 2541 neque
996 2470 1321 2543 quisquam
1364 2475 1626 2537 noverat,
1672 2486 1825 2543 quos
1862 2469 2101 2527 diceret.

447 2560 593 2614 Tum
640 2573 893 2630 praeses:
929 2560 1096 2623 Vera,
1145 2559 1361 2631 inquit,
1415 2575 1537 2615 non
1576 2563 1732 2626 sunt,
1764 2576 1900 2633 quae
1934 2560 2100 2617 dicis.

450 2648 583 2701 Haec
604 2646 856 2703 audiens
885 2646 1236 2713 Jamblicus,
1269 2646 1553 2719 perplexo
1588 2653 1711 2705 erat
1731 2650 1953 2715 animo,
1996 2665 2105 2705 nec

449 2733 683 2790 habens
723 2736 869 2808 quid
913 2737 1314 2808 responderet,
1350 2735 1580 2792 silebat.
1619 2738 1807 2802 Quem
1848 2754 1985 2794 cum
2024 2738 2107 2794 ita

446 2824 798 2896 perplexum
813 2826 1034 2881 tristem
1052 2824 1322 2881 vidisset:
1342 2824 1840 2897 Fortasse,inquit,
1858 2826 2106 2882 insanus

447 2917 555 2978 est,
608 2913 708 2969 alii
755 2914 1075 2971 dicebant:
1108 2916 1501 2986 Nequaquam
1555 2914 1803 2970 insanus
1842 2922 1945 2981 est,
2000 2916 2106 2971 sed

446 3001 749 3059 insaniam
774 3003 1040 3065 simulat,
1060 3007 1119 3058 ut
1135 3003 1396 3074 pericula
1409 3002 1672 3073 eﬂ‘ugiat.
1692 3003 2104 3060 Acerbioribus

2215 1853 2269 1903 ἐκ
2326 1860 2417 1913 τῆς
2492 1851 2685 1911 πόλεως
2752 1854 2964 1916 ταύτης,
3025 1855 3114 1901 καὶ
3186 1851 3210 1901 6
3285 1848 3578 1908 ἀνθύπατος
3634 1843 3768 1899 εἶπεν
3802 1864 3816 1877 ·

2212 1947 2332 2005 Υἱὸς
2360 1946 2497 2002 τίνος
2542 1938 2604 2005 εἶ,
2638 1942 2667 1999 ἢ
2710 1945 2787 2000 τίς
2834 1959 2890 1991 σε
2931 1945 3178 2010 γινώσκει
3219 1939 3458 1999 ἐνταῦθα,
3493 1935 3645 1989 ἐλθὼν
3677 1955 3820 2008 μαρ-

2211 2038 2430 2106 τυρήσει
2487 2035 2603 2102 περὶ
2659 2036 2774 2095 σοῦ,
2834 2033 2923 2080 καὶ
2975 2029 3283 2099 πιστεύομέν
3336 2045 3438 2080 σοι.
3492 2030 3617 2077 Τότε
3674 2024 3822 2095 Ἰάμ-

2212 2120 2394 2193 ϐλιχός
2464 2118 2598 2171 εἶπεν
2670 2122 2762 2176 τὴν
2842 2120 3204 2190 προσηγορίαν
3285 2122 3377 2167 τοῦ
3449 2117 3647 2186 πατρὸς
3723 2117 3820 2164 καὶ

2210 2219 2309 2262 τῶν
2408 2205 2637 2280 ἀδελφῶν
2741 2206 2921 2270 αὑτοῦ,
3005 2210 3095 2257 καὶ
3199 2200 3374 2265 οὐδεὶς
3474 2203 3818 2273 ἐπεγίνωσκεν

2211 2301 2413 2360 αὑτούς.
2466 2299 2785 2371 Ἀποκριθεὶς
2836 2292 2894 2348 δὲ
2940 2297 2966 2348 6
3012 2294 3302 2356 ἀνθύπατος
3346 2291 3500 2348 εἶπεν.
3535 2292 3645 2345 Ούκ
3693 2290 3821 2348 ἀλη-

2214 2391 2394 2459 θεύεις,
2456 2389 2481 2439 6
2536 2384 2594 2438 δὲ
2649 2384 2954 2457 Ἰάμϐλιχός
3011 2382 3357 2458 ἀπορούμενος
3414 2383 3626 2438 ἔστηκεν
3683 2381 3821 2436 ἠσυο

2212 2478 2416 2549 χάζων.
2452 2478 2557 2532 Καί
2599 2494 2727 2534 τινες
2777 2470 2969 2532 ἰδόντες
3021 2472 3176 2525 αὑτὸν
3234 2471 3281 2523 ἐν
3348 2472 3563 2528 τοιαύτη
3619 2468 3822 2538 ἀθυμίᾳ

2214 2566 2388 2620 εἶπον·
2440 2567 2597 2637 Τάχα
2645 2568 2818 2638 μωρός
2874 2561 3034 2615 ἐστιν·
3096 2561 3241 2614 ἄλλοι
3313 2559 3371 2614 δὲ
3425 2560 3613 2631 ἔλεγον,
3669 2559 3820 2628 Ούχὶ

2214 2655 2341 2708 ἀλλά
2412 2660 2797 2729 προσποιεῖται,
2854 2654 2989 2714 ὅπως
3062 2652 3231 2725 ῥυσθῆ
3314 2649 3368 2702 ἐκ
3424 2657 3513 2709 τῆς
3583 2648 3821 2721 ἀνάγκης

2213 2748 2424 2809 ταύτης,
2482 2746 2507 2796 ό
2563 2740 2621 2796 δὲ
2678 2741 2970 2802 ἀνθύπατος
3039 2742 3317 2813 αὐστηρῶς
3381 2740 3523 2809 αὑτῷ
3596 2738 3817 2792 ἐπαπει-

2212 2835 2497 2907 λησάμενος
2550 2830 2716 2885 εἶπεν
2776 2839 2892 2893 Πῶς
2961 2829 3315 2902 ἀνασχώμεθα
3368 2832 3458 2880 καὶ
3516 2829 3820 2881 πιστεύσω-

2741 2206 2921 2270 αύτοῦ,
3005 2210 3095 2257 καὶ

2205 2911 2303 2995 ’μέν
2358 2943 2442 2975 σοι
2495 2924 2574 2974 ὅτι
2627 2925 2684 2972 τὸ
2761 2922 3009 2995 ἀργύριον
3058 2927 3211 2971 τοῦτο
3267 2926 3365 2970 τῶν
3417 2922 3668 2992 πατρώων
3716 2936 3818 2969 σου

2215 3009 2372 3062 ἐστίν’
2407 3013 2486 3061 ὅτι
2542 3011 2570 3066 ἡ
2622 3012 2807 3081 μονίτα
2854 3007 2986 3064 αὕτη
3043 3004 3195 3064 δηλοί
3245 3005 3299 3057 ἐκ
3350 3013 3443 3067 τῆς
3492 3004 3820 3077 ἐπικειμένης

447 3090 644 3145 verbis
688 3106 908 3161 praeses
957 3090 1311 3162 increpans:
1355 3090 1481 3150 Qua
1508 3091 1758 3156 ratione,
1790 3092 2001 3164 inquit,
2054 3098 2102 3148 te

2215 3100 2343 3172 αύτῇ
2393 3106 2593 3172 γραφῆς
2642 3102 2731 3148 καὶ
2789 3093 3101 3171 σφραγῖδος,
3152 3093 3251 3147 ἀπὸ
3311 3100 3616 3170 τριακοσίων
3661 3091 3821 3147 ἑϐδο-

453 3178 603 3233 ferre
637 3195 985 3250 possumus,
1009 3185 1113 3234 aut
1136 3178 1239 3233 tibi
1265 3178 1523 3246 credere,
1557 3185 1871 3250 argentum
1901 3181 2008 3236 hoc
2037 3197 2103 3237 ex

448 3267 712 3337 paternis
754 3268 1018 3338 pecuniis
1063 3267 1140 3322 ad
1175 3272 1229 3323 te
1275 3268 1638 3339 pervenisse,
1690 3286 1826 3325 cum
1872 3277 2105 3327 moneta

444 3356 574 3411 haec
600 3371 671 3411 ex
701 3356 1082 3428 inscriptione
1113 3360 1169 3412 et
1198 3362 1339 3413 nota
1356 3357 1660 3428 signiﬁcet,
1682 3359 1846 3430 quod
1877 3365 2102 3417 trecen-

448 3444 520 3500 tis
546 3448 604 3499 et
622 3445 921 3514 octoginta
944 3444 1117 3500 annis
1144 3450 1281 3500 ante
1304 3461 1413 3501 nos
1442 3445 1631 3513 fuerit,
1652 3463 1721 3503 ac
1747 3448 2102 3521 priusquam

449 3532 660 3588 Decius
700 3533 1039 3604 imperaret,
1087 3548 1281 3606 neque
1326 3534 1443 3590 ulla
1483 3550 1551 3589 ex
1583 3541 1749 3607 parte
1781 3537 1988 3592 similis
2032 3540 2105 3594 sit

448 3622 550 3687 illi,
583 3638 713 3694 quas
745 3638 902 3677 nunc
932 3623 991 3678 in
1022 3622 1169 3679 urbe
1201 3622 1609 3695 impenditur?
1640 3627 1789 3680 Num
1820 3631 2101 3698 parentes

446 3713 527 3768 ita
555 3718 800 3778 veteres,
829 3716 884 3768 et
909 3717 1046 3768 ante
1082 3718 1376 3768 trecentos
1406 3729 1596 3769 annos
1625 3714 1855 3784 genitos
1885 3714 2101 3774 habere

444 3806 613 3874 potes
644 3806 725 3866 tu,
759 3800 856 3872 qui
888 3800 1236 3857 adolescens
1267 3817 1327 3857 es
1348 3803 1375 3857 ?
1402 3808 1489 3858 An
1523 3808 1696 3875 putas
1732 3809 1786 3859 te
1832 3805 1913 3860 sic
1945 3810 2103 3862 astu-

445 3896 572 3947 tum
610 3907 761 3957 esse,
810 3896 875 3947 ut
920 3906 1091 3947 senes
1137 3897 1193 3947 et
1246 3890 1557 3964 Ephesinaa
1599 3893 1762 3949 urbis
1803 3895 2100 3967 sapientes

445 3979 710 4053 decipias
727 3982 755 4037 ‘P
777 3979 874 4035 His
895 3980 969 4035 de
993 3980 1193 4035 causis
1210 3980 1397 4050 jubeo
1426 3986 1477 4037 te
1500 3981 1559 4037 in
1593 3982 1831 4039 vincula
1862 3985 2098 4055 conjici,

2212 3193 2445 3259 μήκοντα
2494 3186 2615 3239 ἐτῶν
2681 3188 2960 3258 ὑπάρχειν,
3020 3189 3108 3237 καὶ
3165 3187 3241 3237 ὅτι
3299 3184 3410 3236 ἐστὶ
3484 3188 3581 3256 πρὸ
3632 3189 3816 3236 Δεκίου

2213 3285 2303 3329 τοῦ
2354 3275 2627 3349 βασιλέως,
2672 3280 2761 3327 καὶ
2805 3274 2898 3327 οὐκ
2942 3273 3162 3346 ἠλλάγη,
3196 3278 3285 3325 καὶ
3334 3273 3427 3325 οὑκ
3473 3275 3612 3324 ἔστιν
3659 3274 3822 3344 ὁμοία

2213 3366 2344 3423 αὑτη
2375 3368 2403 3423 ἡ
2436 3370 2625 3436 μονίτα
2668 3369 2756 3416 καὶ
2802 3372 2893 3424 τῆς
2921 3362 3320 3433 πολιτευομένης
3358 3369 3465 3427 νῦν,
3500 3364 3547 3413 ἑν
3673 3360 3818 3413 ἐστιν

2213 3457 2242 3514 ἡ
2278 3451 2427 3515 δόσις
2458 3458 2546 3505 καὶ
2590 3454 2620 3511 ἡ
2654 3452 2844 3513 κλῆσις
2889 3459 2979 3505 τοῦ
3031 3459 3218 3526 καιροῦ
3274 3454 3364 3503 τού
3384 3471 3499 3505 του.
3535 3457 3617 3508 Μὴ
3651 3449 3705 3501 ἐκ
3750 3459 3827 3501 τῶ

2211 3547 2605 3619 παρῳχημένων
2650 3548 2739 3595 καὶ
2782 3552 2880 3594 τῶν
2923 3545 3180 3595 τοσούτων
3226 3546 3428 3615 χρόνων
3479 3542 3819 3612 ὑπάρχουσιν

2212 3637 2261 3687 οἱ
2307 3642 2471 3705 γονεῖς
2523 3652 2616 3685 σου
2667 3634 2747 3684 ότι
2792 3636 2856 3684 σύ
2900 3635 3005 3694 νέος
3054 3631 3120 3682 ὢν
3174 3629 3339 3703 βούλῃ
3393 3628 3653 3688 πλανῆσαι
3695 3633 3822 3693 τοὺς

2211 3728 2454 3797 γέροντας
2510 3726 2601 3774 καὶ
2655 3725 2843 3793 σοφούς
2890 3722 3127 3793 Ἐφέσου.
3180 3722 3274 3773 Διά
3321 3727 3471 3772 τοῦτο
3524 3717 3821 3791 ἑντελλομαι

2211 3821 2297 3864 νῦν
2343 3812 2409 3872 εἰς
2458 3807 2633 3881 δεσμά
2675 3814 2765 3861 καὶ
2811 3810 3072 3881 μάστιγας
3121 3813 3211 3860 καὶ
3263 3807 3460 3880 θλίψεις
3509 3803 3822 3881 παραδοθῆο

2214 3906 2298 3953 ναί
2353 3920 2431 3970 σε,
2475 3901 2571 3962 ἕως
2616 3898 2675 3951 οὗ
2723 3898 3072 3973 ὁμολογήσῃς,
3122 3904 3223 3950 ποῦ
3278 3897 3417 3949 ἐστιν
3468 3899 3492 3948 ό
3549 3899 3818 3971 θησαυρὸς

2213 3989 2376 4048 οὗτος.

445 4074 502 4127 et
522 4068 772 4139 ﬂagellis
800 4068 1123 4135 verberari,
1155 4068 1347 4124 donec
1373 4068 1732 4135 conﬁtearis,
1768 4072 2016 4130 ubinam
2050 4075 2126 4132 sit
2155 4080 2469 4135 thesaurus
2493 4075 2621 4131 iste.

515 4159 669 4213 XVII.
702 4160 833 4213 Haec
864 4157 1118 4214 audiens
1152 4157 1503 4222 Jamblicus,
1539 4164 1595 4214 et
1621 4160 1863 4231 timens,
1886 4161 2097 4218 faciem

443 4247 503 4301 in
535 4250 752 4303 terram
774 4247 1115 4319 prostravit,
1149 4251 1206 4302 et
1233 4247 1325 4302 his
1351 4246 1551 4301 verbis
1574 4247 1703 4303 illos
1738 4249 1957 4305 affatus
1980 4257 2095 4309 est:

443 4337 654 4390 Precor
682 4350 810 4400 vos,
847 4342 910 4390 ut
951 4334 1097 4391 mihi
1139 4351 1257 4391 non
1291 4336 1625 4404 gravemini
1669 4336 1886 4407 dicere,
1935 4341 2095 4413 quod

2284 4167 2379 4220 IZ'.
2451 4172 2628 4218 Ταῦτα
2693 4164 2922 4225 ἀκούσας
2993 4162 3299 4237 Ἰάμϐλιχος
3372 4165 3506 4216 πάνυ
3561 4162 3817 4236 ἐφοϐήθη,

2210 4261 2298 4309 καὶ
2348 4257 2523 4308 ἔπεσεν
2570 4252 2653 4306 ἐπὶ
2706 4258 2984 4329 πρόσωπον
3034 4252 3245 4305 ἐνώπιον
3294 4252 3476 4320 αὐτοῦ,
3519 4257 3608 4305 καὶ
3655 4248 3813 4305 εἶπεν·

2213 4350 2400 4417 Δέομαι
2448 4346 2609 4416 ὑμῶν,
2673 4346 2847 4417 κύριοί
2904 4362 3026 4414 μου,
3083 4340 3388 4414 ὁμολογήσω
3445 4343 3585 4415 ὑμῖν,
3641 4346 3822 4405 Δέκιος

440 4423 760 4495 quaesiero:
782 4424 987 4480 omnia
1005 4424 1166 4479 enim
1183 4423 1366 4479 libere
1384 4424 1552 4480 vobis
1571 4425 1882 4483 confessus
1909 4428 2094 4485 fuero.

2212 4438 2235 4487 6
2270 4433 2515 4507 βασιλεὺς
2559 4434 2584 4484 ό
2617 4433 2683 4483 ὧν
2726 4430 2773 4484 ἐν
2807 4440 2867 4505 τῇ
2915 4431 3057 4483 πόλει
3107 4434 3295 4505 ταύτῃ,
3329 4432 3540 4484 ῖσταται
3587 4433 3673 4491 ἕως
3720 4440 3819 4484 τοῦ

439 4511 650 4567 Decius
689 4512 1032 4585 imperator,
1085 4513 1189 4585 qui
1229 4517 1356 4568 erat
1395 4513 1454 4568 in
1502 4513 1614 4569 hac
1658 4516 1826 4584 urbe,
1860 4516 2095 4584 Vivitne,

440 4615 514 4657 an
565 4616 687 4657 non
714 4601 743 4654 ‘2
771 4601 858 4656 Ad
887 4601 1015 4657 haec
1067 4601 1403 4674 Stephanus
1448 4602 1802 4676 episcopus:
1833 4608 1955 4662 Non
1990 4612 2097 4673 est,

439 4689 654 4762 inquit,
680 4690 783 4755 ﬁli,
813 4691 916 4762 qui
958 4691 1134 4747 hodie
1174 4691 1233 4745 in
1262 4691 1375 4746 hac
1406 4691 1646 4761 regione
1678 4694 1883 4750 Decius
1914 4696 2095 4767 impe-

438 4783 598 4834 rator
623 4778 979 4835 nominetur.
1013 4782 1173 4835 Tunc
1198 4778 1574 4835 Jamblicus:
1608 4782 1830 4849 Venite,
1865 4801 2097 4856 quaeso,

438 4883 695 4934 mecum,
751 4874 806 4925 et
844 4868 1160 4925 ostendam
1200 4868 1370 4924 vobis
1421 4869 1479 4925 in
1536 4871 1822 4943 spelunca
1880 4874 2098 4931 montis

436 4956 663 5015 Ochlon
683 4957 875 5014 socios
897 4972 1084 5023 meos,
1120 4962 1183 5013 ut
1204 4957 1277 5013 ab
1300 4957 1414 5012 illis
1446 4958 1689 5014 discatis
1707 4976 1913 5016 verum
1944 4978 2094 5029 esse,

437 5046 603 5120 quod
616 5046 771 5103 dico.
800 5050 963 5103 Certe
985 5046 1110 5102 scio
1135 5046 1213 5102 ab
1236 5046 1596 5119 imperatore
1623 5049 1796 5105 Decio
1821 5065 1931 5105 nos
1960 5051 2096 5106 illuc

438 5135 661 5206 fugisse
688 5151 903 5209 ;quem
934 5135 1173 5191 Decium
1200 5139 1257 5191 et
1276 5152 1387 5205 ego
1414 5136 1537 5192 heri
1561 5139 1793 5210 vesperi
1812 5139 1869 5194 in
1887 5139 2096 5195 urbem

439 5222 743 5297 Ephesum
764 5223 1197 5297 ingredientem
1227 5223 1373 5279 vidi.
1408 5225 1488 5281 Sit
1518 5231 1714 5281 autem
1740 5242 1924 5283 necne
1954 5228 2099 5284 urbs

437 5311 552 5368 ista
574 5314 862 5386 Ephesus,
894 5313 1113 5369 nescio.
1147 5315 1307 5369 Tunc
1334 5313 1651 5386 episcopus
1684 5316 2016 5387 Stephanus
2037 5317 2098 5373 in

440 5414 574 5457 eam
600 5402 1021 5471 cogitationem
1040 5403 1307 5470 veniens,
1331 5404 1491 5475 quod
1511 5404 1664 5459 Deus
1691 5419 1797 5475 per
1807 5405 2098 5477 juvenem

440 5487 609 5544 illum
661 5488 891 5562 aliquid
934 5491 1018 5546 eis
1057 5491 1318 5549 revelare
1346 5491 1542 5548 vellet:
1594 5494 1833 5561 Eamus,
1882 5494 2095 5568 inquit,

443 5581 501 5634 et
519 5575 856 5636 videamus.
875 5579 1204 5653 Statimque
1217 5581 1536 5655 episcopus
1553 5585 1609 5639 et
1624 5582 1945 5655 proconsul
1960 5600 2098 5642 cum

2209 4532 2315 4590 νῦν,
2351 4524 2378 4581 ἣ
2414 4525 2474 4573 οῦ
2500 4540 2513 4588 ;
2544 4524 2808 4583 Ἀκούσας
2849 4518 2907 4573 δε
2952 4529 3118 4573 ταῦτα
3161 4526 3404 4593 Στέφανος
3452 4522 3478 4572 6
3526 4521 3820 4592 ἀγιώτατος

2209 4610 2509 4672 ἐπίσκοπος,
2554 4607 2688 4663 εἶπεν
2740 4608 2897 4680 αύτῷ·
2941 4614 3145 4677 Τέκνον,
3196 4609 3289 4661 οὑκ
3332 4612 3472 4662 ἔστιν
3527 4609 3574 4661 ἐν
3629 4618 3690 4682 τῆ
3741 4619 3814 4683 γῇ

2212 4706 2435 4772 σήμερον
2487 4698 2750 4771 λεγόμενος
2808 4697 3056 4772 βασιλεὺς
3112 4702 3320 4760 Δέκιος·
3356 4704 3470 4751 τότε
3521 4697 3821 4773 ἀποκριθεὶς

2209 4787 2517 4860 Ἰάμϐλιχος
2557 4785 2708 4851 εἶπεν,
2746 4790 2841 4839 Διά
2885 4795 3037 4839 τοῦτο
3085 4783 3271 4859 δέομαι
3313 4788 3476 4859 ὑμῶν,
3512 4783 3658 4840 δεῦτε
3702 4787 3817 4859 μετ’

2208 4876 2352 4949 ἐμοῦ,
2409 4882 2497 4928 καὶ
2547 4872 2767 4928 δεικνύω
2821 4878 2942 4949 ὑμῖν
3018 4879 3136 4938 τοὺς
3195 4876 3433 4949 ἑταίρους
3480 4883 3580 4948 μου
3638 4876 3684 4929 ἐν
3742 4885 3818 4948 τῷ

2210 4965 2448 5035 σπηλαίῳ
2502 4972 2573 5036 τῷ
2618 4968 2724 5017 ὄντι
2773 4962 2818 5015 ἐν
2871 4973 2941 5035 τῷ
2990 4967 3095 5037 ᾅοει
3145 4964 3350 5036 μοχλῷ,
3397 4970 3485 5016 καὶ
3536 4968 3819 5037 μανθάνετε

2207 5054 2332 5127 παρ’
2365 5053 2531 5105 αὐτῶν
2576 5056 2645 5115 ὡς
2676 5051 2821 5124 κάγὼ
2854 5050 2996 5114 οἶδα,
3030 5055 3106 5105 ὅτι
3155 5052 3255 5106 ἀπὸ
3304 5058 3588 5127 προσώπου
3637 5060 3817 5107 Δεκίου

2208 5150 2296 5194 τοῦ
2356 5140 2613 5215 βασιλέως
2672 5144 2994 5214 πεφεύγοιμεν
3050 5142 3231 5209 ἐκεῖσε,
3287 5147 3429 5210 καγὼ
3502 5138 3643 5195 εἶδον
3720 5142 3818 5214 ὀψε

2209 5230 2281 5292 εἰς
2338 5235 2430 5289 τήν
2496 5231 2640 5283 πόλιν
2715 5230 2932 5303 Ἔφεσον
2994 5235 3079 5283 τόν
3147 5235 3341 5283 Δέκιον.
3402 5231 3460 5285 Εἰ
3516 5228 3603 5284 οὖν
3685 5232 3816 5292 αὕτη

2208 5317 2347 5372 ἐστὶν
2405 5321 2433 5378 ἡ
2485 5320 2628 5381 πόλις
2668 5318 2901 5393 Ἔφεσος,
2947 5320 3040 5373 οῦκ
3086 5317 3226 5373 οἶδα.
3279 5326 3405 5373 Τότε
3454 5322 3480 5373 6
3527 5322 3820 5393 ἀγιώτατος

2209 5412 2456 5482 Στέφανος
2500 5411 2524 5461 ό
2568 5407 2851 5470 ἐπίσκοπος
2901 5409 3187 5482 ἐνεθυμήθη
3232 5407 3281 5460 ἐν
3330 5416 3391 5481 τῇ
3445 5405 3673 5484 διανοίᾳ,
3724 5416 3817 5463 καὶ

2210 5493 2364 5550 εἶπεν·
2417 5497 2770 5569 Ἀποκάλυψίν
2816 5518 2931 5551 τινα
2978 5500 3003 5550 ό
3060 5499 3183 5557 Θεὸς
3241 5494 3482 5550 ϐούλεται
3542 5501 3667 5572 ἡμῖν
3719 5518 3818 5571 φα-

2209 5594 2431 5662 νερὼσαι
2480 5592 2703 5661 σήμερον
2762 5584 2855 5641 διὰ
2899 5593 2990 5641 τοῦ
3038 5590 3305 5641 νεανίσκου
3358 5589 3581 5641 τούτοιν
3609 5592 3698 5642 καὶ
3732 5584 3812 5647 ’δὴ
