4142 6196
293 282 402 339 με
1476 285 1567 339 DE
1606 281 1879 363 SEPTEM

2014 282 2490 342 lRMIENTlBUS.
3572 286 3674 340 446

297 406 593 479 ἀπέλθωμεν
644 410 730 459 xui
782 409 1106 480 θεασώμεθα.
1154 415 1497 482 Παραχρῆμα
1538 405 1597 462 δε
1650 406 1900 460 ἀναστάν-

2014 409 2406 479 optimatibus
2422 409 2674 467 etturbis
2688 410 2889 467 multis
2911 412 3307 468 ascenderunt
3328 411 3384 466 in
3409 415 3674 467 montem

2016 498 2091 553 ad
2107 500 2477 571 speluncam,
2494 516 2676 572 quam
2691 501 3017 555 Jamblicus
3032 502 3385 556 antecedens
3399 502 3675 557 demons-

2014 588 2209 643 travit.
2246 589 2398 644 Dum
2427 596 2625 645 autem
2657 590 3000 661 episcopus,
3026 597 3078 645 et
3101 594 3201 663 qui
3227 608 3365 645 cum
3393 608 3460 645 co
3483 595 3670 657 erant,

2015 676 2539 746 ingrederenturin
2556 679 2924 750 speluncam,
2959 679 3016 733 in
3049 681 3177 751 ejus
3210 681 3362 735 ostio
3407 682 3673 738 arculam

2015 767 2345 837 quamdam
2373 784 2588 824 aeream
2622 768 2841 823 invenit
2867 769 3203 840 episcopus,
3230 768 3380 823 inter
3412 769 3558 823 duos
3592 771 3674 825 la-

2016 855 2184 927 pides
2216 857 2485 926 positam,
2521 862 2576 912 et
2606 858 2843 911 duobus
2868 859 3160 927 argenteis
3193 857 3399 919 sigillis
3422 857 3672 927 impres-

2017 960 2145 999 sam
2169 963 2180 1011 ;
2199 961 2381 1016 quam
2406 963 2609 1001 coram
2624 947 2875 1018 praeside
2894 954 2947 1002 et
2965 947 3356 1019 optimatibus
3375 948 3670 1016 aperiens,

2017 1034 2170 1089 duas
2199 1035 2513 1105 plumbeas
2550 1036 2783 1091 tabulas
2835 1038 2892 1091 in
2939 1054 3008 1093 ea
3052 1038 3293 1104 invenit,
3346 1038 3401 1091 in
3451 1036 3673 1108 quibus

2017 1122 2301 1194 scriptum
2328 1130 2470 1189 erat,
2504 1142 2539 1181 a
2575 1127 2746 1180 Decio
2781 1130 3035 1197 tyranno
3067 1126 3286 1195 fugisse
3321 1125 3672 1181 Maximilia-

2017 1228 2161 1266 num
2195 1214 2441 1284 Eparcbi
2474 1215 2684 1281 tilium,
2719 1216 3105 1279 Jamblicum,
3144 1222 3200 1271 et
3237 1216 3496 1288 reliquos
3529 1215 3673 1271 ado-

2013 1306 2319 1367 lescentes,
2358 1306 2416 1357 et
2462 1303 2649 1374 ipsius
2699 1304 2856 1359 Decii
2881 1305 3110 1376 tyranni
3151 1306 3325 1375 jussu
3369 1303 3671 1374 speluncas

2015 1389 2167 1444 illius
2222 1392 2453 1446 aditum
2508 1393 2878 1449 obstructum
2935 1393 3135 1448 fuisse.
3180 1398 3312 1449 Erat
3366 1399 3421 1448 et
3460 1409 3669 1447 eorum

289 1500 413 1541 τους
463 1489 557 1542 τῆς
610 1481 823 1546 πόλεως,
881 1480 1092 1533 ἐνώπιον
1152 1482 1319 1532 αὐτῶν
1384 1481 1573 1545 ῆνοιξε,
1630 1486 1717 1531 καὶ
1764 1480 1900 1552 εὗρεν

2015 1481 2369 1551 martyrium
2423 1482 2477 1537 in
2541 1483 2891 1538 earumdem
2949 1483 3309 1539 tabellarum
3364 1483 3669 1538 latitudine

295 1566 393 1621 δύο
456 1576 663 1643 πτυχία
710 1568 938 1642 μολιϐδοὶ
992 1576 1081 1622 καὶ
1134 1570 1426 1642 ἀναγνόντες
1478 1573 1543 1622 τὰ
1592 1570 1900 1641 γράμματα,

2015 1569 2441 1640 conscriptum.
2486 1574 2613 1635 Quo
2652 1571 2803 1627 lecto
2844 1572 3240 1628 admiratione
3277 1572 3465 1627 affecti
3509 1576 3669 1635 sunt,

291 518 367 560 τες
422 499 448 550 6
503 496 788 568 ἀγιώτατος
859 496 1141 559 ἐπίσκοπος
1216 504 1304 551 xui
1362 502 1386 552 6
1451 498 1742 559 ἀνθύπατος
1796 498 1903 569 οἶμα

296 596 397 648 τοῖς
476 594 702 658 πρώτοις
777 596 868 647 τῆς
948 589 1136 649 πόλεως
1184 594 1272 640 καὶ
1331 589 1503 646 πλήθη
1561 587 1742 653 πολλὰ,
1824 587 1905 637 ἀν-

295 676 493 734 έϐησαν
554 677 622 738 είς
678 680 733 727 τὸ
812 681 927 747 ὅρος
984 676 1031 728 ἐν
1180 680 1241 735 ἧν
1293 682 1349 729 τὸ
1409 677 1683 735 σπήλαιον.
1732 676 1789 727 Ὀ
1849 672 1907 727 δὲ

293 765 607 837 Ἰάμϐλιχος
668 765 900 824 εἰσῆλθεν
957 768 1245 839 ἔμπροσθεν
1314 767 1501 831 αὐτῶν,
1582 771 1671 817 xui
1748 767 1904 836 ἐγνώ-

293 875 411 927 ρισε
466 859 636 907 πάντα
712 859 778 907 τὰ
849 860 1099 926 γεγονότα
1155 863 1263 916 τοῖς
1336 856 1520 927 ἁγίοις,
1590 860 1679 907 καὶ
1764 853 1908 905 αὐτοὶ

295 945 539 1003 εἰσῆλθον
594 944 764 996 ὀπίσω
820 945 979 996 αὑτοῦ
1037 949 1166 1016 μετά
1216 949 1409 1007 παντὸς
1465 953 1555 997 τοῦ
1604 944 1748 998 λαοῦ.
1810 945 1907 995 Καὶ

296 1033 362 1093 ὡς
426 1034 764 1105 εἰσήρχοντο,
834 1030 972 1108 εὗρεν
1064 1034 1088 1085 ὁ
1172 1032 1455 1094 ἐπίσκοπος
1534 1033 1906 1104 γλωσσόκομον

292 1125 429 1173 κατά
495 1128 591 1181 τήν
651 1126 807 1197 θύραν
889 1119 979 1175 τοῦ
1064 1122 1346 1189 σπηλαίου,
1425 1126 1609 1198 μικρὸν
1674 1121 1905 1193 χαλκούν

291 1218 644 1286 κεκρυμμένον
710 1212 903 1285 μεταξύ
983 1222 1082 1265 τῶν
1166 1213 1321 1266 λίθων
1403 1215 1539 1285 ἔχων
1610 1208 1905 1285 σφραγίδας

294 1298 393 1352 δύο
443 1300 695 1375 ἀργυράς,
754 1307 842 1353 xui
891 1301 1057 1354 λαϐὼν
1103 1302 1251 1367 αὐτὸ,
1300 1305 1425 1360 ἔστη
1468 1302 1561 1365 ἔξω
1603 1309 1692 1361 τῆς
1726 1302 1901 1371 θύρας,

292 1396 381 1443 xui
434 1394 889 1462 συγκαλεσάμενος
945 1396 1030 1443 τὸν
1085 1390 1377 1444 ἀνθύπατον
1452 1396 1535 1442 xui
1594 1394 1713 1451 τούς
1766 1394 1903 1463 πρω-

296 1659 443 1731 εὖρον
492 1660 626 1711 οὕτω
679 1664 1031 1732 γεγραμμένα,
1092 1662 1171 1712 ὅτι
1228 1658 1329 1712 ἀπὸ
1400 1665 1682 1733 προσώπου
1728 1662 1905 1709 Δεκίου

294 1756 385 1800 τοῦ
444 1752 696 1822 τυράννου
745 1752 930 1821 ἔφυγον
976 1749 1117 1801 οὗτοι
1173 1752 1221 1801 οἱ
1273 1749 1436 1820 οἷγιοι,
1498 1746 1907 1819 Μαξιμιλλιανὸς

297 1840 460 1899 όυὶὸς
489 1846 581 1890 τού
638 1840 927 1911 Ἐπάρχου,
983 1844 1068 1891 xui
1118 1837 1443 1910 Ἰάμϐλιχός,
1506 1843 1595 1890 καὶ
1644 1838 1691 1888 οἱ
1736 1836 1907 1887 λοιποὶ

2016 1660 2073 1712 et
2102 1660 2283 1712 Deum
2323 1659 2546 1729 ipsum,
2588 1660 2690 1731 qui
2733 1666 2895 1716 tanto
2936 1662 3224 1717 miraculo
3266 1661 3668 1717 adolescentes

2016 1744 2147 1800 illos
2175 1752 2521 1817 prosecutus
2551 1748 2759 1814 fuerat,
2795 1750 3047 1803 summis
3078 1749 3327 1804 vocibus
3366 1748 3671 1805 collauda-

2016 1838 2171 1889 runt.

293 1927 421 1979 ἐπτά
476 1924 677 1990 παῖδες,
748 1933 837 1979 καὶ
912 1924 1003 1979 διὰ
1063 1930 1470 2002 προστάγματος
1523 1934 1613 1979 τού
1693 1925 1942 1998 τυράννου
2003 1922 2248 1997 ἐνεφράγη
2304 1928 2359 1976 τὸ
2416 1930 2627 1997 στόμιον
2676 1934 2765 1977 τοῦ
2824 1927 3104 1990 σπηλαίου,
3174 1931 3262 1977 καὶ
3320 1928 3348 1983 ἡ
3404 1930 3667 1998 μαρτυρία

291 2018 461 2069 οώτῶν
512 2014 570 2074 ἦν
624 2018 1015 2089 ἑγγεγραμμένη
1073 2017 1141 2078 εἰς
1191 2021 1248 2069 τὸ
1304 2019 1426 2089 ὕφος
1470 2026 1568 2069 τῶν
1618 2018 1876 2085 πτυχίων.
1941 2017 2039 2065 Καὶ
2098 2014 2179 2065 ὅτε
2230 2012 2518 2085 ἀνέγνωσαν
2570 2014 2862 2083 ἐθαύμαζον
2911 2022 2999 2068 καὶ
3080 2013 3325 2078 ἐδόξαζον
3384 2019 3468 2067 τὸν
3540 2019 3667 2068 Θεὸν

290 2108 375 2159 ἐπὶ
429 2114 533 2166 τοῖς
590 2106 880 2178 μεγαλείοις
936 2102 1013 2166 οἷς
1087 2104 1390 2181 ἐδωρήσατο
1466 2114 1571 2167 τοῖς
1626 2108 1760 2165 υἱοῖς
1808 2112 1906 2154 τῶν
1959 2101 2260 2175 ἀνθρώπων,
2329 2109 2415 2156 καὶ
2469 2104 2754 2163 ἀνεϐόησαν
2813 2107 2991 2165 πάντες
3049 2109 3096 2157 οἱ
3150 2110 3283 2167 ὅντες
3338 2105 3504 2156 ἐκεισε
3578 2109 3667 2157 καὶ

291 2197 475 2267 εύλόγη
486 2216 581 2248 σαν
613 2200 700 2248 τὸν
743 2200 891 2249 Θεὸν.

366 2284 467 2338 ΙΗ.
522 2290 620 2338 Καὶ
670 2285 976 2346 εἰσελθόντες
1036 2284 1083 2337 ἐν
1142 2294 1214 2356 τῷ
1285 2285 1525 2356 σπηλαίῳ
1582 2284 1727 2357 εὖρον
1783 2285 1903 2341 τούς

1718 2372 1876 2443 πολλῆ
1888 2414 1900 2435 ,

294 2469 382 2515 xui
440 2465 493 2515 ui
560 2461 703 2534 ὄψεις
758 2462 923 2515 αὐτῶν
982 2467 1205 2535 ἔλαμπον
1259 2466 1322 2524 ὡς
1376 2473 1495 2536 φῶς,
1556 2468 1645 2514 xui
1708 2458 1905 2521 ἰδόντες

291 2373 476 2446 ἀγίους
534 2375 757 2434 ἐκείνους
813 2376 1135 2447 καθημένους
1212 2373 1259 2425 ἐν
1322 2373 1629 2445 ἀγαλλιάσει

296 2554 487 2614 αύτούς
568 2556 890 2624 προσέπεσον
975 2553 1145 2613 αύτοίς
1221 2559 1310 2604 xui
1366 2556 1761 2627 προσεκύνησαν
1822 2549 1904 2602 ἐπὶ

299 2648 394 2701 τὴν
455 2650 575 2713 γῆν,
630 2647 717 2693 xui
759 2642 1157 2717 εὐχαρίστησαν
1213 2651 1286 2693 τῶ
1344 2648 1517 2717 Κυρίῳ
1567 2650 1640 2713 τῷ
1693 2641 1905 2702 καταξι-

296 2738 495 2785 ωσαντι
583 2731 767 2791 αύτούς
863 2733 1153 2784 θεάσασθαι
1229 2736 1285 2784 τὸ
1368 2728 1666 2807 παράδοξον
1756 2738 1903 2783 τοῦτο

299 2821 485 2892 θέοιμεν
539 2826 628 2872 καὶ
679 2821 840 2883 οὓτως
900 2820 1153 2879 ἐλάλησαν
1206 2820 1384 2881 αύτοίς
1435 2823 1483 2873 οἱ
1545 2821 1687 2893 οἷγιοι
1762 2822 1900 2894 μάρ-

291 2928 457 2983 τυρες,
502 2914 591 2961 καὶ
662 2906 913 2972 ἐδίδαξαν
968 2910 1155 2972 αύτούς
1209 2910 1413 2962 ἅπαντα
1476 2912 1541 2962 τὰ
1592 2913 1904 2981 γεγενημένα

294 2997 379 3050 ἐπὶ
428 3008 530 3050 τῶν
584 3004 788 3073 χρόνων
856 3003 1031 3052 Δεκίου
1085 3008 1178 3052 τοῦ
1234 2998 1511 3073 βασιλέως.
1571 3003 1666 3052 Καὶ
1719 2999 1901 3058 εύθέως

2086 2281 2275 2337 XVlll.
2308 2284 2563 2353 Ingressi
2597 2300 2735 2339 vero
2767 2284 2825 2339 in
2858 2287 3233 2356 speluncam,
3269 2288 3505 2338 sanctos
3535 2282 3669 2337 illos

2016 2370 2288 2427 sedentes
2316 2372 2666 2429 invenerunt
2695 2390 2984 2447 :quorum
3009 2373 3185 2428 facies
3205 2374 3389 2427 instar
3420 2372 3666 2426 luminis

2015 2460 2353 2529 etfulgebat.
2372 2463 2453 2516 Ad
2472 2478 2679 2518 corum
2694 2464 2871 2533 igitur
2891 2464 3070 2534 pedes
3094 2480 3154 2516 se
3178 2462 3545 2532 abjicientes,
3565 2478 3668 2517 eos

2018 2551 2280 2606 venerati
2312 2556 2466 2615 sunt,
2520 2558 2576 2606 et
2632 2553 2749 2607 Deo
2790 2552 3009 2621 gratias
3050 2556 3317 2620 egerunt,
3370 2551 3474 2622 qui
3527 2552 3667 2606 tanti

2016 2640 2285 2697 miraculi
2314 2641 2721 2712 spectaculum
2751 2642 2898 2711 ipsis
2931 2644 3323 2696 concesserat.
3380 2639 3664 2695 Caeterum

2016 2730 2203 2785 sancti
2235 2736 2527 2803 martyres
2560 2730 2633 2785 de
2664 2730 2965 2793 omnibus,
2999 2745 3133 2801 quae
3162 2729 3273 2783 sub
3304 2728 3478 2783 Decio
3509 2727 3667 2785 facta

2013 2819 2266 2884 fuerant,
2296 2836 2396 2876 eas
2427 2820 2779 2875 docuerunt.
2822 2818 3029 2874 Statim
3072 2834 3209 2873 vero
3250 2818 3573 2889 episcopus
3612 2822 3669 2874 et

2014 2909 2338 2982 proconsul
2351 2909 2639 2965 miserunt
2655 2908 2879 2964 litteras
2898 2908 2975 2964 ad
2990 2909 3409 2979 imperatorem
3432 2906 3492 2960 in
3509 2907 3665 2961 hanc

2014 3000 2413 3055 sententiam:
2450 2998 2759 3055 Celerrime
2786 2999 2995 3069 jubeat
3053 2998 3337 3067 majestas
3391 3000 3495 3050 tua
3546 2997 3664 3052 huc

296 3087 533 3160 ἔπεμψαν
584 3064 902 3162 ’.γράμματα
964 3093 1092 3162 πρὸς
1157 3064 1243 3141 τὸν
1304 3088 1525 3161 βασιλέα
1597 3084 1894 3142 Θεοδόσιον.

2014 3088 2246 3161 aliquos
2268 3090 2485 3153 venire,
2510 3094 2565 3143 et
2584 3088 2782 3144 videre
2804 3087 3112 3154 miracula,
3137 3103 3270 3158 qute
3294 3086 3447 3140 Deus
3475 3090 3667 3140 osten-

300 3177 543 3248 Ἐντάχει
588 3177 815 3230 κελεύσει
890 3180 919 3236 ἡ
980 3182 1044 3236 σή
1108 3180 1308 3239 θειότης
1356 3180 1739 3251 παραγενέσθαι
1812 3181 1900 3228 καὶ

2014 3177 2099 3233 dit
2127 3177 2362 3249 imperii
2391 3178 2474 3234 tui
2502 3182 2768 3249 tempore
2799 3194 2809 3230 :
2843 3175 3339 3248 quandoquidem
3370 3176 3580 3230 futurae
3608 3175 3667 3229 in

2013 3268 2291 3322 extremis
2323 3267 2691 3339 temporibus
2723 3266 3169 3321 resurrectionis
3195 3266 3432 3333 signum
3465 3269 3667 3319 nostra

2010 3361 2181 3412 astate
2196 3356 2424 3412 mundo
2440 3356 2554 3427 ipsi
2568 3359 3095 3427 praemonstratum
3113 3360 3217 3419 est,
3236 3354 3293 3408 in
3319 3360 3665 3408 sanctorum

2010 3445 2298 3500 virtoruin
2316 3445 2668 3515 corporibus
2683 3462 2819 3516 quae
2837 3460 2993 3498 nunc
3012 3448 3487 3499 resurrexerunt.
3504 3445 3583 3496 Ea
3602 3458 3663 3497 re

2011 3536 2251 3605 gavisus
2270 3534 2716 3604 estimperator,
2732 3540 2787 3588 et
2802 3534 2897 3587 Dei
2915 3534 3163 3603 gloriam
3187 3532 3495 3589 laudabat.
3512 3530 3664 3597 Quin

2010 3624 2188 3680 etiam
2212 3623 2287 3678 ad
2318 3639 2456 3678 eum
2488 3622 2685 3677 locum
2719 3638 2786 3677 ex
2818 3622 2961 3677 urbe
2989 3621 3499 3692 Constantinopoli
3528 3636 3666 3675 cum

2011 3712 2212 3768 multis
2240 3711 2586 3767 hominibus
2612 3710 2908 3782 profectus
2931 3716 3051 3765 est:
3084 3712 3254 3782 eique
3282 3716 3405 3765 tota
3460 3709 3666 3762 civitas

2014 3801 2306 3870 Ephesina
2324 3799 2554 3855 obviam
2576 3798 3048 3870 processit.Illico
3064 3804 3251 3853 autem
3270 3799 3345 3853 ab
3359 3797 3661 3868 epiSCOpo,

2012 3888 2365 3961 proconsule
2386 3887 2845 3960 otOptimatibus
2872 3887 3185 3955 deductus,
3220 3887 3279 3941 in
3309 3886 3661 3958 speluncam

2010 3980 2312 4047 ingressus
2338 3982 2423 4032 est
2454 3994 2465 4031 :
2496 3992 2755 4048 cumque
2786 3977 3200 4032 adolescentes
3246 3976 3561 4031 salutasset
3608 3980 3664 4031 et

2009 4067 2322 4139 amplexus
2353 4074 2524 4131 esset,
2562 4066 2700 4122 ﬂere
2722 4067 2917 4139 coepit,
2947 4072 3002 4121 et
3059 4066 3157 4120 Dei
3216 4065 3469 4134 gloriam
3508 4064 3663 4119 cele-

2007 4159 2211 4219 brans,
2246 4162 2361 4211 toto
2389 4155 2591 4211 animo
2624 4156 2929 4211 exultavit.
2967 4156 3068 4211 Cui
3108 4153 3535 4210 Maximilianus
3578 4153 3664 4207 vir

2012 4246 2425 4304 sanctissimus
2458 4262 2469 4299 :
2508 4244 2585 4299 Ex
2613 4246 2747 4309 hoc,
2783 4245 2995 4317 inquit,
3049 4250 3317 4315 tempore
3342 4242 3660 4313 imperium

291 4337 473 4398 σιλέως
529 4342 618 4389 καὶ
688 4342 1117 4411 προσηγόρευσαν
1172 4337 1349 4391 αὐτόν.
1414 4337 1662 4396 Εἰσῆλθεν
1714 4334 1771 4389 δὲ
1811 4343 1899 4389 xui

2014 4346 2176 4394 tuum
2202 4341 2442 4408 propter
2460 4334 2595 4389 ﬁdei
2624 4338 2736 4388 tua;
2761 4334 3141 4389 stabilitatem
3172 4332 3413 4386 ﬁrmum
3447 4332 3574 4400 erit,
3610 4336 3666 4387 et

290 4424 605 4497 ὁβασιλεύς
660 4426 733 4487 εὶς
789 4428 847 4478 τὸ
900 4426 1175 4491 σπήλαιον,
1230 4431 1319 4478 καὶ
1368 4430 1751 4500 προσεκύνησεν
1806 4427 1897 4479 αύ-

2014 4427 2176 4481 Jesus
2200 4425 2463 4479 Christus
2488 4423 2662 4477 Filius
2690 4423 2787 4477 Dei
2815 4422 3038 4478 vivicus
3058 4421 3450 4491 todietipsum
3477 4420 3535 4474 in
3561 4436 3666 4475 no-

288 4524 417 4580 τοῖς,
508 4521 597 4568 xui
676 4520 791 4580 περὶ
864 4519 977 4575 τούς
1031 4515 1330 4580 τραχήλους
1386 4519 1551 4568 αὐτῶν
1634 4515 1898 4569 ἐπιπὸσών
2012 4516 2293 4571 minesuo
2317 4512 2395 4567 ab
2422 4509 3666 4574 omnitentatione.Mihicredas,tuicausa

289 4604 529 4671 ἔκλαυσε,
591 4610 678 4657 καὶ
747 4601 961 4666 ἐδόξαζε
1012 4609 1107 4656 πὸν
1168 4608 1295 4658 Θεὸν
1353 4610 1441 4656 xui
1495 4604 1773 4675 ηγαλλιᾶτο
1842 4610 1897 4658 τὸ

2014 4605 2196 4660 fuisse
2226 4619 2333 4657 nos
2364 4618 2396 4657 a
2424 4604 2534 4657 Deo
2566 4600 2695 4671 ipso
2728 4601 3137 4656 exsuscitatos.

289 4689 491 4767 καρδίᾳ
517 4693 698 4757 αὐτοῦ,
732 4698 821 4745 xui
854 4692 1154 4767 ἀποκριθεὶς
1175 4695 1199 4744 6
1238 4695 1387 4765 οῐγιος
1418 4693 1822 4765 Μαξιμιλλιανὸς
1857 4691 1990 4747 εἶπεν
2021 4704 2092 4764 τῷ
2122 4690 2347 4765 βασιλεῖ·
2377 4693 2507 4742 Ἀπὸ
2538 4698 2626 4742 τοῦ
2654 4698 2739 4741 νῦν
2766 4693 2839 4741 ἔτι
2864 4695 2952 4741 καὶ
2982 4693 3058 4741 ἔτι
3081 4686 3315 4760 διαμενεί
3345 4691 3372 4745 ἡ
3416 4687 3663 4759 βασιλεία

292 4801 385 4835 σου
419 4782 466 4833 ἐν
493 4791 555 4854 τῇ
593 4781 899 4855 βεϐαιότητι
938 4792 1026 4843 τῆς
1059 4789 1284 4845 πιστεως
1319 4802 1432 4837 σου.
1474 4789 1572 4836 Καὶ
1605 4784 1811 4844 Ἰησοῦς
1844 4786 1867 4836 6
1896 4786 2122 4859 Χριστὸς
2153 4784 2177 4834 6
2218 4780 2338 4843 Υἱὸς
2381 4788 2471 4832 τού
2512 4785 2638 4833 Θεοῦ
2669 4787 2755 4832 τοῦ
2792 4784 2976 4842 ζῶντος
3009 4779 3217 4851 φυλάξει
3248 4783 3347 4830 τὼν
3390 4776 3661 4849 βασιλείαν

293 4890 385 4923 σου
436 4872 483 4923 ἐν
538 4881 610 4942 τῷ
659 4872 873 4945 ὀνόματι
916 4872 1093 4938 αὐτοῦ,
1147 4874 1200 4925 ix
1241 4876 1431 4933 παντὸς
1460 4880 1773 4945 πειρασμοῦ,
1822 4878 1911 4926 καί
1940 4876 2218 4927 πίστευσόν
2262 4890 2350 4943 μοι
2381 4872 2460 4922 ὅτι
2504 4872 2661 4921 ἕνεκεν
2696 4877 2789 4921 σου
2821 4867 3076 4939 ἐξήγειρεν
3112 4870 3250 4939 ἡμᾶς
3280 4869 3304 4919 6
3338 4870 3462 4927 Θεὸς
3489 4866 3543 4918 ἐκ
3573 4872 3664 4917 τοῦ

286 4968 540 5033 χώματος
569 4969 660 5021 τῆς
684 4970 782 5032 γῆς
799 5003 811 5015 .

357 5057 451 5105 l6.
518 5050 601 5111 Ὡς
654 5047 741 5102 οὖν
792 5053 817 5102 ό
871 5049 1127 5123 βασιλεὺς
1176 5056 1264 5103 xui
1323 5053 1347 5103 6
1429 5050 1714 5113 ἐπίσκοπος
1798 5057 1885 5105 xui

284 5142 454 5191 πάντα
528 5138 698 5197 πλήθη
761 5140 995 5201 ἠτένιζον
1078 5143 1149 5202 εἷς
1230 5140 1437 5206 αύτούς,
1515 5146 1605 5192 καὶ

294 3263 425 3318 ἰδεῖν
457 3270 523 3318 τὰ
583 3268 853 3338 θαυμάσια
898 3267 931 3318 οἱ
980 3264 1166 3330 ἔδειξεν
1218 3269 1242 3318 6
1275 3270 1403 3329 Θεὸς
1434 3266 1481 3318 ἐν
1524 3275 1639 3328 ταῖς
1680 3269 1898 3340 ἡμέραις

290 3364 387 3415 τῆς
441 3354 714 3427 βασιλείας
772 3363 885 3408 σού.
948 3362 1054 3416 Φῶς
1105 3358 1206 3429 γάρ
1261 3360 1399 3419 ζωῆς
1454 3355 1691 3409 ἀνέτειλεν
1751 3358 1896 3429 ἡμῖν,

292 3450 380 3495 xui
459 3447 488 3501 η
572 3443 861 3507 ἀνάστασις
935 3448 963 3503 ἡ
1043 3445 1301 3517 μελλουσα
1377 3445 1751 3518 ἐμφανίζεσθαι
1826 3452 1897 3515 τῷ

293 3538 497 3605 κόσμῳ,
577 3530 799 3605 ἐδείχθη
864 3536 987 3607 ἡμῖν
1048 3534 1096 3586 ἐν
1152 3541 1258 3595 τοῖς
1311 3540 1522 3605 σώμασι
1587 3543 1685 3586 τῶν
1739 3534 1899 3605 ἁγίων

295 3642 393 3673 των
454 3622 807 3678 ἀναστάντων.
873 3631 1213 3697 Παραχρῆμα
1268 3621 1325 3676 δε
1384 3624 1609 3684 ἀκούσας
1657 3626 1681 3675 6
1744 3622 1900 3695 βασι-

296 3711 408 3773 λεὺς
454 3712 648 3784 ἐχάρη,
682 3717 769 3764 xui
817 3712 1027 3777 ἀνέστη,
1061 3718 1149 3765 xui
1204 3710 1419 3776 ἐδόξαζε
1458 3717 1543 3765 τὸν
1576 3718 1720 3766 Θεόν·
1752 3714 1899 3770 ἦλθεν

298 3796 353 3853 δὲ
408 3806 543 3873 μετά
590 3810 681 3854 τοῦ
736 3801 989 3874 βασιλέως
1032 3802 1205 3860 πλήθη
1240 3802 1401 3854 πολλά
1445 3808 1530 3855 xui
1579 3805 1769 3874 ἄπειρα
1800 3802 1899 3854 ἀπὸ

299 3896 689 3942 Κωνσταντινου
748 3891 942 3953 πόλεως
1000 3892 1072 3953 εἰς
1145 3891 1381 3963 Ἔφεσον,
1441 3890 1643 3954 ἐξῆλθεν
1696 3888 1753 3943 δὲ
1835 3891 1899 3951 εἰς

294 3978 587 4039 ἀπάντησιν
649 3988 739 4033 τοῦ
797 3980 1050 4052 βασιλέως
1124 3977 1413 4034 Θεοδοσίου
1468 3988 1615 4033 πᾶσα
1666 3984 1693 4039 ἡ
1753 3982 1899 4043 πόλις

290 4072 419 4139 μετὰ
474 4078 576 4120 τῶν
619 4068 913 4122 ἐπισκόπων
971 4076 1058 4123 xui
1135 4080 1232 4121 τῶν
1285 4076 1497 4143 πρώτων
1552 4080 1644 4132 τῆς
1693 4062 1899 4131 ⁵πόλεως

289 4166 377 4211 xui
463 4158 631 4220 οὕτως
699 4158 955 4216 ἀνέϐησαν
1013 4159 1080 4221 εἰς
1130 4163 1187 4210 τὸ
1249 4159 1500 4216 σπήλαιον
1576 4163 1705 4231 πρὸς
1781 4164 1900 4221 τούς

290 4247 493 4318 ἁγίους·
557 4248 768 4311 ἐξῆλθον
830 4245 888 4300 δε
942 4250 988 4299 οἱ
1027 4249 1168 4319 οἰγιοι
1218 4248 1287 4309 εἰς
1343 4247 1630 4305 ἀπάντησιν
1680 4256 1768 4299 τοῦ
1802 4248 1899 4320 βα-

508 4521 597 4568 xui
676 4520 791 4589 περὶ
864 4519 977 4575 τούς
1031 4515 1330 4590 τραχήλους
1386 4519 1551 4568 αὐτῶν
1634 4515 1898 4569 ἐπιπὸσών

2068 5052 2217 5106 XIX.
2258 5053 2601 5122 Imperator,
2634 5052 2688 5103 et
2710 5048 3113 5119 episcopus,et
3136 5049 3260 5101 tota
3294 5043 3467 5099 turba
3496 5043 3658 5100 hunc

1998 5155 2337 5196 sermonem
2352 5137 2681 5205 audientes,
2704 5137 2921 5192 mirum
2936 5136 2994 5190 in
3014 5138 3256 5191 modum
3281 5132 3661 5188 laetabantur.

2001 5229 2195 5286 Sancti
2216 5244 2355 5283 vero
2371 5231 2662 5298 martyres
2674 5243 2813 5282 cum
2833 5242 2943 5282 sua
2960 5224 3228 5296 capitain
3248 5229 3467 5279 terram
3486 5222 3665 5277 decli-

1999 5325 2265 5381 nassent,
2286 5322 2342 5373 et
2360 5317 2544 5371 Deum
2568 5318 2990 5387 precabantur,
3016 5314 3384 5370 dormierunt
3408 5311 3555 5368 etita
3576 5311 3663 5367 di-

1998 5408 2139 5464 vino
2158 5411 2303 5463 nutu
2319 5422 2456 5463 suos
2471 5406 2709 5478 spiritus
2724 5404 2975 5461 Domino
2994 5404 3385 5461 tradiderunt.
3402 5403 3487 5458 Im
3498 5419 3662 5473 pera-

2000 5502 2088 5553 tor
2105 5496 2307 5568 igiturj
2321 5496 2463 5552 ussit
2483 5502 2700 5567 septem
2719 5512 2932 5551 aureas
2949 5510 3117 5551 arcas
3137 5492 3419 5564 componi
3438 5492 3661 5565 quibus

2001 5593 2217 5660 septem
2240 5586 2464 5645 illorum
2472 5586 2494 5659 j
2508 5600 2755 5651 uvenum
2775 5598 3027 5657 corpora
3044 5584 3461 5641 conderenutr.
3478 5582 3658 5639 Nocte

1699 5145 1885 5199 ἤκουον

280 5232 397 5289 τούς
450 5228 635 5299 λόγους
685 5232 914 5291 τούτους,
970 5228 1310 5300 ἠγαλλιῶντο⁶
1368 5232 1415 5281 οἱ
1470 5225 1527 5282 δε
1577 5229 1723 5301 οἶγιοι
1776 5230 1889 5283 κλί-

280 5336 456 5377 ναντες
505 5320 598 5379 τὰς
651 5317 872 5389 κεφαλὰς
919 5318 1085 5369 αὐτῶν
1125 5318 1196 5380 εἰς
1227 5323 1318 5376 τῆν
1348 5326 1446 5390 γῆν
1477 5318 1563 5370 ἐπὶ
1614 5323 1671 5370 τό
1724 5339 1887 5373 παοσ-

284 5406 539 5468 εύξασθαι
615 5406 993 5479 ἐκοιμήθησαν,
1073 5412 1162 5459 xui
1221 5408 1353 5460 οὕτω
1438 5404 1746 5481 παρέδωκαν
1826 5410 1889 5461 τὰ

282 5499 554 5567 πνεύματα
608 5497 776 5549 αὐτῶν
838 5507 904 5568 τῷ
961 5498 1327 5571 προστάγματι
1384 5505 1474 5549 τοῦ
1530 5506 1663 5551 Θεοῦ
1720 5500 1885 5569 ἡμῶν.

281 5584 390 5639 Καὶ
484 5585 744 5640 ἐκέλευσεν
800 5589 824 5639 6
881 5586 1128 5659 βασιλεύς
1203 5588 1443 5658 γενέσθαι
1507 5587 1635 5640 ἑπτὰ
1694 5591 1889 5661 σωρούς
