  <div class='ocr_page' id='page_1' title='image "/cluster/home/n/w/nwhite01/storage/ocr_20150623/115/hvd.32044073502262/229.png"; bbox 0 0 4034 6206; ppageno 0'>
   <div class='ocr_carea' id='block_1_1' title="bbox 380 298 488 360">
    <p class='ocr_par' dir='ltr' id='par_1_1' title="bbox 380 298 488 360">
     <span class='ocr_line' id='line_1_1' title="bbox 380 298 488 360; baseline 0.028 -3"><span class='ocrx_word' id='word_1_1' title='bbox 380 298 488 360; x_wconf 68' lang='grc'><strong>447</strong></span> 
     </span>
    </p>
   </div>
   <div class='ocr_carea' id='block_1_2' title="bbox 1796 291 2363 354">
    <p class='ocr_par' dir='ltr' id='par_1_2' title="bbox 1796 291 2363 354">
     <span class='ocr_line' id='line_1_2' title="bbox 1796 291 2363 354; baseline -0.007 0"><span class='ocrx_word' id='word_1_2' title='bbox 1796 294 2060 354; x_wconf 87' lang='lat' dir='ltr'><strong>MENSIS</strong></span> <span class='ocrx_word' id='word_1_3' title='bbox 2097 291 2363 351; x_wconf 73' lang='lat' dir='ltr'><strong>IULIUS.</strong></span> 
     </span>
    </p>
   </div>
   <div class='ocr_carea' id='block_1_3' title="bbox 3647 287 3762 349">
    <p class='ocr_par' dir='ltr' id='par_1_3' title="bbox 3647 287 3762 349">
     <span class='ocr_line' id='line_1_3' title="bbox 3647 287 3762 349; baseline 0 0"><span class='ocrx_word' id='word_1_4' title='bbox 3647 287 3762 349; x_wconf 67' lang='grc'><strong>448</strong></span> 
     </span>
    </p>
   </div>
   <div class='ocr_carea' id='block_1_4' title="bbox 377 404 2028 498">
    <p class='ocr_par' dir='ltr' id='par_1_4' title="bbox 377 423 2018 498">
     <span class='ocr_line' id='line_1_4' title="bbox 377 423 2018 498; baseline -0.003 -14"><span class='ocrx_word' id='word_1_5' title='bbox 377 443 519 485; x_wconf 90' lang='lat' dir='ltr'><strong>vero</strong></span> <span class='ocrx_word' id='word_1_6' title='bbox 531 426 631 485; x_wconf 85' lang='lat' dir='ltr'><strong>illa</strong></span> <span class='ocrx_word' id='word_1_7' title='bbox 656 427 904 498; x_wconf 82' lang='lat' dir='ltr'><strong>iuvenes</strong></span> <span class='ocrx_word' id='word_1_8' title='bbox 924 426 983 481; x_wconf 93' lang='lat' dir='ltr'><strong>in</strong></span> <span class='ocrx_word' id='word_1_9' title='bbox 998 425 1223 483; x_wconf 86' lang='lat' dir='ltr'><strong>somnis</strong></span> <span class='ocrx_word' id='word_1_10' title='bbox 1241 429 1649 498; x_wconf 87' lang='lat' dir='ltr'><strong>apparuerunt</strong></span> <span class='ocrx_word' id='word_1_11' title='bbox 1676 423 2018 497; x_wconf 85' lang='lat' dir='ltr'><strong>imperatori</strong></span> 
     </span>
    </p>
   </div>
   <div class='ocr_carea' id='block_1_5' title="bbox 2142 404 3769 498">
    <p class='ocr_par' dir='ltr' id='par_1_5' title="bbox 2149 404 3769 493">
     <span class='ocr_line' id='line_1_5' title="bbox 2149 404 3769 493; baseline -0.001 -22"><span class='ocrx_word' id='word_1_12' title='bbox 2149 425 2361 493; x_wconf 83' lang='grc' dir='ltr'><strong>χρυσᾶς</strong></span> <span class='ocrx_word' id='word_1_13' title='bbox 2406 418 2474 481; x_wconf 86' lang='grc' dir='ltr'><strong>είς</strong></span> <span class='ocrx_word' id='word_1_14' title='bbox 2520 422 2609 478; x_wconf 75' lang='grc' dir='ltr'>τὴν</span> <span class='ocrx_word' id='word_1_15' title='bbox 2638 422 2807 492; x_wconf 75' lang='grc' dir='ltr'>ταφὴν</span> <span class='ocrx_word' id='word_1_16' title='bbox 2856 417 3047 484; x_wconf 77' lang='grc' dir='ltr'>αὐτῶν,</span> <span class='ocrx_word' id='word_1_17' title='bbox 3079 422 3167 470; x_wconf 82' lang='lat' dir='ltr'><strong>xui</strong></span> <span class='ocrx_word' id='word_1_18' title='bbox 3222 414 3271 469; x_wconf 82' lang='grc' dir='ltr'><strong>έν</strong></span> <span class='ocrx_word' id='word_1_19' title='bbox 3316 415 3446 490; x_wconf 67' lang='grc' dir='ltr'>αὐτῇ</span> <span class='ocrx_word' id='word_1_20' title='bbox 3605 404 3769 471; x_wconf 70' lang='grc' dir='ltr'><strong>νυκτ-ἰ</strong></span> 
     </span>
    </p>
   </div>
   <div class='ocr_carea' id='block_1_6' title="bbox 378 515 2043 590">
    <p class='ocr_par' dir='ltr' id='par_1_6' title="bbox 378 515 2043 590">
     <span class='ocr_line' id='line_1_6' title="bbox 378 515 2043 590; baseline -0.003 -17"><span class='ocrx_word' id='word_1_21' title='bbox 378 517 552 590; x_wconf 88' lang='lat' dir='ltr'><strong>eique</strong></span> <span class='ocrx_word' id='word_1_22' title='bbox 570 516 864 581; x_wconf 83' lang='lat' dir='ltr'><strong>dixerunt,</strong></span> <span class='ocrx_word' id='word_1_23' title='bbox 890 521 954 570; x_wconf 91' lang='lat' dir='ltr'><strong>ut</strong></span> <span class='ocrx_word' id='word_1_24' title='bbox 972 516 1031 571; x_wconf 91' lang='lat' dir='ltr'><strong>in</strong></span> <span class='ocrx_word' id='word_1_25' title='bbox 1053 515 1359 587; x_wconf 86' lang='lat' dir='ltr'><strong>spelunca,</strong></span> <span class='ocrx_word' id='word_1_26' title='bbox 1374 517 1432 571; x_wconf 92' lang='lat' dir='ltr'><strong>in</strong></span> <span class='ocrx_word' id='word_1_27' title='bbox 1456 532 1578 589; x_wconf 89' lang='lat' dir='ltr'><strong>qua</strong></span> <span class='ocrx_word' id='word_1_28' title='bbox 1601 516 1835 572; x_wconf 81' lang='lat' dir='ltr'><strong>fuerant</strong></span> <span class='ocrx_word' id='word_1_29' title='bbox 1859 529 2043 585; x_wconf 84' lang='lat' dir='ltr'><strong>supra</strong></span> 
     </span>
    </p>
   </div>
   <div class='ocr_carea' id='block_1_7' title="bbox 379 604 2042 677">
    <p class='ocr_par' dir='ltr' id='par_1_7' title="bbox 379 604 2042 677">
     <span class='ocr_line' id='line_1_7' title="bbox 379 604 2042 677; baseline -0.003 -15"><span class='ocrx_word' id='word_1_30' title='bbox 379 610 615 671; x_wconf 88' lang='lat' dir='ltr'><strong>terram,</strong></span> <span class='ocrx_word' id='word_1_31' title='bbox 640 621 743 661; x_wconf 88' lang='lat' dir='ltr'><strong>eos</strong></span> <span class='ocrx_word' id='word_1_32' title='bbox 770 605 1138 677; x_wconf 82' lang='lat' dir='ltr'><strong>requiescere</strong></span> <span class='ocrx_word' id='word_1_33' title='bbox 1162 605 1395 660; x_wconf 89' lang='lat' dir='ltr'><strong>sineret.</strong></span> <span class='ocrx_word' id='word_1_34' title='bbox 1422 605 1823 671; x_wconf 83' lang='lat' dir='ltr'><strong>Quamobrem</strong></span> <span class='ocrx_word' id='word_1_35' title='bbox 1856 604 2042 675; x_wconf 87' lang='lat' dir='ltr'><strong>impe-</strong></span> 
     </span>
    </p>
   </div>
   <div class='ocr_carea' id='block_1_8' title="bbox 378 692 2043 765">
    <p class='ocr_par' dir='ltr' id='par_1_8' title="bbox 378 692 2043 765">
     <span class='ocr_line' id='line_1_8' title="bbox 378 692 2043 765; baseline -0.003 -14"><span class='ocrx_word' id='word_1_36' title='bbox 378 702 540 751; x_wconf 86' lang='lat' dir='ltr'><strong>rator</strong></span> <span class='ocrx_word' id='word_1_37' title='bbox 562 710 751 765; x_wconf 91' lang='lat' dir='ltr'><strong>usque</strong></span> <span class='ocrx_word' id='word_1_38' title='bbox 775 693 853 749; x_wconf 87' lang='lat' dir='ltr'><strong>ad</strong></span> <span class='ocrx_word' id='word_1_39' title='bbox 883 693 1237 749; x_wconf 87' lang='lat' dir='ltr'><strong>hodiernam</strong></span> <span class='ocrx_word' id='word_1_40' title='bbox 1255 694 1412 749; x_wconf 91' lang='lat' dir='ltr'><strong>diem</strong></span> <span class='ocrx_word' id='word_1_41' title='bbox 1437 693 1552 750; x_wconf 89' lang='lat' dir='ltr'><strong>illic</strong></span> <span class='ocrx_word' id='word_1_42' title='bbox 1574 710 1677 749; x_wconf 92' lang='lat' dir='ltr'><strong>eos</strong></span> <span class='ocrx_word' id='word_1_43' title='bbox 1700 710 1831 750; x_wconf 89' lang='lat' dir='ltr'><strong>esse</strong></span> <span class='ocrx_word' id='word_1_44' title='bbox 1858 692 2043 748; x_wconf 89' lang='lat' dir='ltr'><strong>voluit</strong></span> 
     </span>
    </p>
   </div>
   <div class='ocr_carea' id='block_1_9' title="bbox 378 781 2036 855">
    <p class='ocr_par' dir='ltr' id='par_1_9' title="bbox 378 781 2036 855">
     <span class='ocr_line' id='line_1_9' title="bbox 378 781 2036 855; baseline -0.001 -17"><span class='ocrx_word' id='word_1_45' title='bbox 378 783 601 839; x_wconf 90' lang='lat' dir='ltr'><strong>Deinde</strong></span> <span class='ocrx_word' id='word_1_46' title='bbox 632 797 891 852; x_wconf 90' lang='lat' dir='ltr'><strong>magnus</strong></span> <span class='ocrx_word' id='word_1_47' title='bbox 921 782 1349 855; x_wconf 90' lang='lat' dir='ltr'><strong>episcoporum</strong></span> <span class='ocrx_word' id='word_1_48' title='bbox 1379 788 1566 840; x_wconf 67' lang='lat' dir='ltr'><strong>caatus</strong></span> <span class='ocrx_word' id='word_1_49' title='bbox 1591 782 1707 839; x_wconf 91' lang='lat' dir='ltr'><strong>illic</strong></span> <span class='ocrx_word' id='word_1_50' title='bbox 1742 781 2036 838; x_wconf 82' lang='lat' dir='ltr'><strong>convenit.</strong></span> 
     </span>
    </p>
   </div>
   <div class='ocr_carea' id='block_1_10' title="bbox 379 870 2041 945">
    <p class='ocr_par' dir='ltr' id='par_1_10' title="bbox 379 870 2041 945">
     <span class='ocr_line' id='line_1_10' title="bbox 379 870 2041 945; baseline -0.001 -16"><span class='ocrx_word' id='word_1_51' title='bbox 379 878 438 929; x_wconf 91' lang='lat' dir='ltr'><strong>et</strong></span> <span class='ocrx_word' id='word_1_52' title='bbox 467 871 627 928; x_wconf 89' lang='lat' dir='ltr'><strong>diem</strong></span> <span class='ocrx_word' id='word_1_53' title='bbox 654 872 869 927; x_wconf 87' lang='lat' dir='ltr'><strong>festum</strong></span> <span class='ocrx_word' id='word_1_54' title='bbox 902 870 1239 941; x_wconf 85' lang='lat' dir='ltr'><strong>celebravit,</strong></span> <span class='ocrx_word' id='word_1_55' title='bbox 1273 872 1546 945; x_wconf 88' lang='lat' dir='ltr'><strong>virosque</strong></span> <span class='ocrx_word' id='word_1_56' title='bbox 1588 871 1956 936; x_wconf 89' lang='lat' dir='ltr'><strong>beatissimo,</strong></span> <span class='ocrx_word' id='word_1_57' title='bbox 1981 877 2041 927; x_wconf 90' lang='lat' dir='ltr'><strong>ut</strong></span> 
     </span>
    </p>
   </div>
   <div class='ocr_carea' id='block_1_11' title="bbox 379 960 2040 1035">
    <p class='ocr_par' dir='ltr' id='par_1_11' title="bbox 379 960 2040 1035">
     <span class='ocr_line' id='line_1_11' title="bbox 379 960 2040 1035; baseline 0 -19"><span class='ocrx_word' id='word_1_58' title='bbox 379 962 639 1035; x_wconf 87' lang='lat' dir='ltr'><strong>ipsorum</strong></span> <span class='ocrx_word' id='word_1_59' title='bbox 658 960 926 1030; x_wconf 84' lang='lat' dir='ltr'><strong>dignitas</strong></span> <span class='ocrx_word' id='word_1_60' title='bbox 947 961 1313 1032; x_wconf 84' lang='lat' dir='ltr'><strong>postulabat,</strong></span> <span class='ocrx_word' id='word_1_61' title='bbox 1338 962 1547 1018; x_wconf 84' lang='lat' dir='ltr'><strong>debitis</strong></span> <span class='ocrx_word' id='word_1_62' title='bbox 1564 962 1895 1017; x_wconf 83' lang='lat' dir='ltr'><strong>honoribus</strong></span> <span class='ocrx_word' id='word_1_63' title='bbox 1915 978 2040 1017; x_wconf 90' lang='lat' dir='ltr'><strong>om-</strong></span> 
     </span>
    </p>
   </div>
   <div class='ocr_carea' id='block_1_12' title="bbox 376 1050 2041 1123">
    <p class='ocr_par' dir='ltr' id='par_1_12' title="bbox 376 1050 2041 1123">
     <span class='ocr_line' id='line_1_12' title="bbox 376 1050 2041 1123; baseline -0.001 -16"><span class='ocrx_word' id='word_1_64' title='bbox 376 1067 484 1107; x_wconf 88' lang='lat' dir='ltr'><strong>nes</strong></span> <span class='ocrx_word' id='word_1_65' title='bbox 519 1050 817 1123; x_wconf 85' lang='lat' dir='ltr'><strong>prosecuti</strong></span> <span class='ocrx_word' id='word_1_66' title='bbox 850 1057 1005 1105; x_wconf 89' lang='lat' dir='ltr'><strong>sunt.</strong></span> <span class='ocrx_word' id='word_1_67' title='bbox 1040 1051 1125 1105; x_wconf 90' lang='lat' dir='ltr'><strong>Ad</strong></span> <span class='ocrx_word' id='word_1_68' title='bbox 1159 1052 1285 1107; x_wconf 70' lang='lat' dir='ltr'><strong>haec</strong></span> <span class='ocrx_word' id='word_1_69' title='bbox 1314 1052 1640 1122; x_wconf 81' lang='lat' dir='ltr'><strong>imperator</strong></span> <span class='ocrx_word' id='word_1_70' title='bbox 1671 1051 1824 1106; x_wconf 89' lang='lat' dir='ltr'><strong>illius</strong></span> <span class='ocrx_word' id='word_1_71' title='bbox 1852 1052 2041 1120; x_wconf 88' lang='lat' dir='ltr'><strong>regio-</strong></span> 
     </span>
    </p>
   </div>
   <div class='ocr_carea' id='block_1_13' title="bbox 298 1139 2042 1212">
    <p class='ocr_par' dir='ltr' id='par_1_13' title="bbox 298 1139 2042 1212">
     <span class='ocr_line' id='line_1_13' title="bbox 298 1139 2042 1212; baseline 0.002 -18"><span class='ocrx_word' id='word_1_72' title='bbox 298 1143 302 1146; x_wconf 55' lang='grc'><em>⁴</em></span> <span class='ocrx_word' id='word_1_73' title='bbox 375 1140 466 1195; x_wconf 91' lang='lat' dir='ltr'><strong>nis</strong></span> <span class='ocrx_word' id='word_1_74' title='bbox 484 1139 849 1211; x_wconf 88' lang='lat' dir='ltr'><strong>pauperibus</strong></span> <span class='ocrx_word' id='word_1_75' title='bbox 880 1139 1068 1195; x_wconf 88' lang='lat' dir='ltr'><strong>multa</strong></span> <span class='ocrx_word' id='word_1_76' title='bbox 1094 1140 1268 1204; x_wconf 85' lang='lat' dir='ltr'><strong>dedit,</strong></span> <span class='ocrx_word' id='word_1_77' title='bbox 1298 1146 1348 1195; x_wconf 87' lang='lat' dir='ltr'><strong>et</strong></span> <span class='ocrx_word' id='word_1_78' title='bbox 1374 1141 1476 1212; x_wconf 89' lang='lat' dir='ltr'><strong>qui</strong></span> <span class='ocrx_word' id='word_1_79' title='bbox 1507 1146 1674 1196; x_wconf 89' lang='lat' dir='ltr'><strong>erant</strong></span> <span class='ocrx_word' id='word_1_80' title='bbox 1714 1140 1771 1196; x_wconf 85' lang='lat' dir='ltr'><strong>in</strong></span> <span class='ocrx_word' id='word_1_81' title='bbox 1807 1156 2042 1197; x_wconf 88' lang='lat' dir='ltr'><strong>carcere</strong></span> 
     </span>
    </p>
   </div>
   <div class='ocr_carea' id='block_1_14' title="bbox 377 1228 2041 1299">
    <p class='ocr_par' dir='ltr' id='par_1_14' title="bbox 377 1228 2041 1299">
     <span class='ocr_line' id='line_1_14' title="bbox 377 1228 2041 1299; baseline 0.001 -14"><span class='ocrx_word' id='word_1_82' title='bbox 377 1244 479 1285; x_wconf 90' lang='lat' dir='ltr'><strong>eos</strong></span> <span class='ocrx_word' id='word_1_83' title='bbox 499 1228 710 1285; x_wconf 85' lang='lat' dir='ltr'><strong>dimitti</strong></span> <span class='ocrx_word' id='word_1_84' title='bbox 729 1228 924 1299; x_wconf 88' lang='lat' dir='ltr'><strong>jussit.</strong></span> <span class='ocrx_word' id='word_1_85' title='bbox 952 1231 1080 1294; x_wconf 85' lang='lat' dir='ltr'><strong>Quo</strong></span> <span class='ocrx_word' id='word_1_86' title='bbox 1110 1228 1286 1293; x_wconf 88' lang='lat' dir='ltr'><strong>facto,</strong></span> <span class='ocrx_word' id='word_1_87' title='bbox 1341 1229 1710 1285; x_wconf 88' lang='lat' dir='ltr'><strong>Theodosius</strong></span> <span class='ocrx_word' id='word_1_88' title='bbox 1740 1230 1909 1286; x_wconf 66' lang='lat' dir='ltr'><strong>laetus</strong></span> <span class='ocrx_word' id='word_1_89' title='bbox 1952 1246 2041 1286; x_wconf 85' lang='lat' dir='ltr'><strong>re-</strong></span> 
     </span>
    </p>
   </div>
   <div class='ocr_carea' id='block_1_15' title="bbox 377 1317 2039 1389">
    <p class='ocr_par' dir='ltr' id='par_1_15' title="bbox 377 1317 2039 1389">
     <span class='ocr_line' id='line_1_15' title="bbox 377 1317 2039 1389; baseline 0.002 -16"><span class='ocrx_word' id='word_1_90' title='bbox 377 1318 484 1373; x_wconf 91' lang='lat' dir='ltr'><strong>diit</strong></span> <span class='ocrx_word' id='word_1_91' title='bbox 522 1317 580 1372; x_wconf 93' lang='lat' dir='ltr'><strong>in</strong></span> <span class='ocrx_word' id='word_1_92' title='bbox 622 1317 827 1372; x_wconf 83' lang='lat' dir='ltr'><strong>urbem</strong></span> <span class='ocrx_word' id='word_1_93' title='bbox 869 1317 1445 1389; x_wconf 89' lang='lat' dir='ltr'><strong>Constantinopolim</strong></span> <span class='ocrx_word' id='word_1_94' title='bbox 1504 1318 1690 1374; x_wconf 85' lang='lat' dir='ltr'><strong>multo</strong></span> <span class='ocrx_word' id='word_1_95' title='bbox 1734 1318 2039 1377; x_wconf 89' lang='lat' dir='ltr'><strong>comitatu.</strong></span> 
     </span>
    </p>
   </div>
   <div class='ocr_carea' id='block_1_16' title="bbox 378 1407 2040 1464">
    <p class='ocr_par' dir='ltr' id='par_1_16' title="bbox 378 1407 2040 1464">
     <span class='ocr_line' id='line_1_16' title="bbox 378 1407 2040 1464; baseline 0.002 -3"><span class='ocrx_word' id='word_1_96' title='bbox 378 1408 596 1462; x_wconf 91' lang='lat' dir='ltr'><strong>Omnes</strong></span> <span class='ocrx_word' id='word_1_97' title='bbox 626 1412 823 1462; x_wconf 89' lang='lat' dir='ltr'><strong>autem</strong></span> <span class='ocrx_word' id='word_1_98' title='bbox 843 1408 1204 1462; x_wconf 82' lang='lat' dir='ltr'><strong>exsultantes</strong></span> <span class='ocrx_word' id='word_1_99' title='bbox 1234 1407 1528 1463; x_wconf 81' lang='lat' dir='ltr'><strong>Christum</strong></span> <span class='ocrx_word' id='word_1_100' title='bbox 1558 1409 1743 1463; x_wconf 88' lang='lat' dir='ltr'><strong>Deum</strong></span> <span class='ocrx_word' id='word_1_101' title='bbox 1767 1414 2040 1464; x_wconf 89' lang='lat' dir='ltr'><strong>nostrum</strong></span> 
     </span>
    </p>
   </div>
   <div class='ocr_carea' id='block_1_17' title="bbox 377 1496 2043 1570">
    <p class='ocr_par' dir='ltr' id='par_1_17' title="bbox 377 1496 2043 1570">
     <span class='ocr_line' id='line_1_17' title="bbox 377 1496 2043 1570; baseline 0.002 -19"><span class='ocrx_word' id='word_1_102' title='bbox 377 1496 826 1565; x_wconf 86' lang='lat' dir='ltr'><strong>collaudabant,</strong></span> <span class='ocrx_word' id='word_1_103' title='bbox 852 1500 1090 1552; x_wconf 90' lang='lat' dir='ltr'><strong>sanctos</strong></span> <span class='ocrx_word' id='word_1_104' title='bbox 1117 1514 1256 1552; x_wconf 90' lang='lat' dir='ltr'><strong>suos</strong></span> <span class='ocrx_word' id='word_1_105' title='bbox 1275 1497 1421 1552; x_wconf 89' lang='lat' dir='ltr'><strong>mire</strong></span> <span class='ocrx_word' id='word_1_106' title='bbox 1443 1497 1739 1570; x_wconf 86' lang='lat' dir='ltr'><strong>gloriosos</strong></span> <span class='ocrx_word' id='word_1_107' title='bbox 1789 1498 2043 1555; x_wconf 80' lang='lat' dir='ltr'><strong>efﬁcien-</strong></span> 
     </span>
    </p>
   </div>
   <div class='ocr_carea' id='block_1_18' title="bbox 372 1584 2042 1654">
    <p class='ocr_par' dir='ltr' id='par_1_18' title="bbox 372 1584 2042 1654">
     <span class='ocr_line' id='line_1_18' title="bbox 372 1584 2042 1654; baseline 0.004 -14"><span class='ocrx_word' id='word_1_108' title='bbox 372 1586 529 1640; x_wconf 84' lang='lat' dir='ltr'><strong>tem:</strong></span> <span class='ocrx_word' id='word_1_109' title='bbox 560 1585 653 1640; x_wconf 91' lang='lat' dir='ltr'><strong>cui</strong></span> <span class='ocrx_word' id='word_1_110' title='bbox 678 1587 952 1641; x_wconf 89' lang='lat' dir='ltr'><strong>convenit</strong></span> <span class='ocrx_word' id='word_1_111' title='bbox 989 1584 1194 1654; x_wconf 79' lang='lat' dir='ltr'><strong>gloria,</strong></span> <span class='ocrx_word' id='word_1_112' title='bbox 1241 1586 1431 1641; x_wconf 87' lang='lat' dir='ltr'><strong>honor</strong></span> <span class='ocrx_word' id='word_1_113' title='bbox 1479 1591 1532 1641; x_wconf 91' lang='lat' dir='ltr'><strong>et</strong></span> <span class='ocrx_word' id='word_1_114' title='bbox 1582 1585 1852 1643; x_wconf 90' lang='lat' dir='ltr'><strong>adoratio</strong></span> <span class='ocrx_word' id='word_1_115' title='bbox 1881 1604 2042 1646; x_wconf 91' lang='lat' dir='ltr'><strong>nunc</strong></span> 
     </span>
    </p>
   </div>
   <div class='ocr_carea' id='block_1_19' title="bbox 375 1673 1789 1745">
    <p class='ocr_par' dir='ltr' id='par_1_19' title="bbox 375 1673 1789 1745">
     <span class='ocr_line' id='line_1_19' title="bbox 375 1673 1789 1745; baseline 0 -16"><span class='ocrx_word' id='word_1_116' title='bbox 375 1677 431 1729; x_wconf 86' lang='lat' dir='ltr'><strong>et</strong></span> <span class='ocrx_word' id='word_1_117' title='bbox 457 1689 712 1745; x_wconf 86' lang='lat' dir='ltr'><strong>semper,</strong></span> <span class='ocrx_word' id='word_1_118' title='bbox 739 1679 797 1730; x_wconf 91' lang='lat' dir='ltr'><strong>et</strong></span> <span class='ocrx_word' id='word_1_119' title='bbox 825 1673 884 1730; x_wconf 89' lang='lat' dir='ltr'><strong>in</strong></span> <span class='ocrx_word' id='word_1_120' title='bbox 915 1674 1135 1731; x_wconf 60' lang='lat' dir='ltr'><strong>secula</strong></span> <span class='ocrx_word' id='word_1_121' title='bbox 1161 1675 1535 1731; x_wconf 78' lang='lat' dir='ltr'><strong>saeculorum.</strong></span> <span class='ocrx_word' id='word_1_122' title='bbox 1586 1680 1789 1731; x_wconf 82' lang='lat' dir='ltr'><strong>Amen.</strong></span> 
     </span>
    </p>
   </div>
   <div class='ocr_carea' id='block_1_20' title="bbox 2150 507 3762 582">
    <p class='ocr_par' dir='ltr' id='par_1_20' title="bbox 2150 507 3762 582">
     <span class='ocr_line' id='line_1_20' title="bbox 2150 507 3762 582; baseline 0 -22"><span class='ocrx_word' id='word_1_123' title='bbox 2150 507 2408 577; x_wconf 75' lang='grc' dir='ltr'><strong>ἐφάνησαν</strong></span> <span class='ocrx_word' id='word_1_124' title='bbox 2456 508 2567 561; x_wconf 88' lang='grc' dir='ltr'>κατ’</span> <span class='ocrx_word' id='word_1_125' title='bbox 2599 513 2719 582; x_wconf 83' lang='grc' dir='ltr'>ὄναρ</span> <span class='ocrx_word' id='word_1_126' title='bbox 2763 515 2835 579; x_wconf 81' lang='grc' dir='ltr'>τῷ</span> <span class='ocrx_word' id='word_1_127' title='bbox 2869 507 3084 579; x_wconf 83' lang='grc' dir='ltr'>βασιλεῖ</span> <span class='ocrx_word' id='word_1_128' title='bbox 3108 507 3361 578; x_wconf 73' lang='grc' dir='ltr'>λέγοντεςο</span> <span class='ocrx_word' id='word_1_129' title='bbox 3395 508 3479 561; x_wconf 90' lang='grc' dir='ltr'>Ἐν</span> <span class='ocrx_word' id='word_1_130' title='bbox 3507 516 3579 577; x_wconf 83' lang='grc' dir='ltr'>τῷ</span> <span class='ocrx_word' id='word_1_131' title='bbox 3609 512 3762 578; x_wconf 80' lang='grc' dir='ltr'><strong>τόπῳ</strong></span> 
     </span>
    </p>
   </div>
   <div class='ocr_carea' id='block_1_21' title="bbox 2150 595 3758 669">
    <p class='ocr_par' dir='ltr' id='par_1_21' title="bbox 2150 595 3758 669">
     <span class='ocr_line' id='line_1_21' title="bbox 2150 595 3758 669; baseline 0.001 -21"><span class='ocrx_word' id='word_1_132' title='bbox 2150 596 2197 648; x_wconf 78' lang='grc' dir='ltr'><strong>έν</strong></span> <span class='ocrx_word' id='word_1_133' title='bbox 2335 596 2485 669; x_wconf 78' lang='grc' dir='ltr'>ἐσμεν</span> <span class='ocrx_word' id='word_1_134' title='bbox 2547 596 2595 648; x_wconf 79' lang='grc' dir='ltr'><strong>έν</strong></span> <span class='ocrx_word' id='word_1_135' title='bbox 2647 605 2719 666; x_wconf 85' lang='grc' dir='ltr'>τῷ</span> <span class='ocrx_word' id='word_1_136' title='bbox 2771 597 3010 667; x_wconf 77' lang='grc' dir='ltr'><strong>σπηλαίῳ</strong></span> <span class='ocrx_word' id='word_1_137' title='bbox 3074 595 3245 648; x_wconf 85' lang='grc' dir='ltr'>ἐπάνω</span> <span class='ocrx_word' id='word_1_138' title='bbox 3293 605 3385 656; x_wconf 86' lang='grc' dir='ltr'><strong>τῆς</strong></span> <span class='ocrx_word' id='word_1_139' title='bbox 3438 605 3554 667; x_wconf 73' lang='grc' dir='ltr'>γῆς,</span> <span class='ocrx_word' id='word_1_140' title='bbox 3598 599 3758 649; x_wconf 81' lang='grc' dir='ltr'>ἔασον</span> 
     </span>
    </p>
   </div>
   <div class='ocr_carea' id='block_1_22' title="bbox 2149 683 3757 758">
    <p class='ocr_par' dir='ltr' id='par_1_22' title="bbox 2149 683 3757 758">
     <span class='ocr_line' id='line_1_22' title="bbox 2149 683 3757 758; baseline -0.006 -15"><span class='ocrx_word' id='word_1_141' title='bbox 2149 686 2306 757; x_wconf 75' lang='grc' dir='ltr'>ἡμᾶς.</span> <span class='ocrx_word' id='word_1_142' title='bbox 2375 690 2473 738; x_wconf 84' lang='grc' dir='ltr'><strong>Καὶ</strong></span> <span class='ocrx_word' id='word_1_143' title='bbox 2542 686 2733 758; x_wconf 78' lang='grc' dir='ltr'>ἀφῆκεν</span> <span class='ocrx_word' id='word_1_144' title='bbox 2788 689 2974 746; x_wconf 68' lang='grc' dir='ltr'>αὐτούς</span> <span class='ocrx_word' id='word_1_145' title='bbox 3029 687 3055 737; x_wconf 99' lang='lat'><strong>6</strong></span> <span class='ocrx_word' id='word_1_146' title='bbox 3109 683 3356 757; x_wconf 79' lang='grc' dir='ltr'>βασιλεὺς</span> <span class='ocrx_word' id='word_1_147' title='bbox 3421 683 3601 749; x_wconf 79' lang='grc' dir='ltr'>ἐκεῖσε,</span> <span class='ocrx_word' id='word_1_148' title='bbox 3658 685 3757 745; x_wconf 83' lang='grc' dir='ltr'>ἓως</span> 
     </span>
    </p>
   </div>
   <div class='ocr_carea' id='block_1_23' title="bbox 2149 771 3757 848">
    <p class='ocr_par' dir='ltr' id='par_1_23' title="bbox 2149 771 3757 848">
     <span class='ocr_line' id='line_1_23' title="bbox 2149 771 3757 848; baseline -0.001 -23"><span class='ocrx_word' id='word_1_149' title='bbox 2149 783 2242 836; x_wconf 89' lang='grc' dir='ltr'><strong>τῆς</strong></span> <span class='ocrx_word' id='word_1_150' title='bbox 2300 776 2493 848; x_wconf 83' lang='grc' dir='ltr'>ἡμέρας</span> <span class='ocrx_word' id='word_1_151' title='bbox 2565 778 2780 842; x_wconf 81' lang='grc' dir='ltr'><strong>ταύτης,</strong></span> <span class='ocrx_word' id='word_1_152' title='bbox 2838 779 2928 827; x_wconf 90' lang='grc' dir='ltr'><strong>καὶ</strong></span> <span class='ocrx_word' id='word_1_153' title='bbox 2990 776 3374 847; x_wconf 84' lang='grc' dir='ltr'>συναθροισμὸς</span> <span class='ocrx_word' id='word_1_154' title='bbox 3432 777 3590 846; x_wconf 72' lang='grc' dir='ltr'>μέγας</span> <span class='ocrx_word' id='word_1_155' title='bbox 3644 771 3757 825; x_wconf 74' lang='grc' dir='ltr'>έπιο</span> 
     </span>
    </p>
   </div>
   <div class='ocr_carea' id='block_1_24' title="bbox 2152 861 3754 937">
    <p class='ocr_par' dir='ltr' id='par_1_24' title="bbox 2152 861 3754 937">
     <span class='ocr_line' id='line_1_24' title="bbox 2152 861 3754 937; baseline 0 -23"><span class='ocrx_word' id='word_1_156' title='bbox 2152 866 2358 915; x_wconf 86' lang='grc' dir='ltr'>σκόπων</span> <span class='ocrx_word' id='word_1_157' title='bbox 2416 862 2628 936; x_wconf 71' lang='grc' dir='ltr'>ἐγένετο,</span> <span class='ocrx_word' id='word_1_158' title='bbox 2680 870 2771 916; x_wconf 88' lang='lat' dir='ltr'><strong>xui</strong></span> <span class='ocrx_word' id='word_1_159' title='bbox 2849 864 3030 937; x_wconf 82' lang='grc' dir='ltr'>ἑορτὴν</span> <span class='ocrx_word' id='word_1_160' title='bbox 3103 868 3356 936; x_wconf 69' lang='grc' dir='ltr'>μεγίστην</span> <span class='ocrx_word' id='word_1_161' title='bbox 3427 861 3754 929; x_wconf 68' lang='grc' dir='ltr'><strong>ἐπετέλεσαν,</strong></span> 
     </span>
    </p>
   </div>
   <div class='ocr_carea' id='block_1_25' title="bbox 2149 950 3758 1025">
    <p class='ocr_par' dir='ltr' id='par_1_25' title="bbox 2149 950 3758 1025">
     <span class='ocr_line' id='line_1_25' title="bbox 2149 950 3758 1025; baseline -0.001 -22"><span class='ocrx_word' id='word_1_162' title='bbox 2149 956 2238 1004; x_wconf 85' lang='grc' dir='ltr'><strong>καὶ</strong></span> <span class='ocrx_word' id='word_1_163' title='bbox 2294 951 2451 1014; x_wconf 85' lang='grc' dir='ltr'>ἀξίως</span> <span class='ocrx_word' id='word_1_164' title='bbox 2502 951 2757 1025; x_wconf 70' lang='grc' dir='ltr'>ἐτίμησαν</span> <span class='ocrx_word' id='word_1_165' title='bbox 2812 958 2933 1015; x_wconf 84' lang='grc' dir='ltr'>τοὺς</span> <span class='ocrx_word' id='word_1_166' title='bbox 2973 953 3176 1024; x_wconf 68' lang='grc' dir='ltr'>ἁγίους,</span> <span class='ocrx_word' id='word_1_167' title='bbox 3231 951 3279 1003; x_wconf 75' lang='grc' dir='ltr'>ἐν</span> <span class='ocrx_word' id='word_1_168' title='bbox 3338 960 3400 1025; x_wconf 77' lang='grc' dir='ltr'>τῇ</span> <span class='ocrx_word' id='word_1_169' title='bbox 3460 950 3758 1003; x_wconf 72' lang='grc' dir='ltr'><strong>ἀναπαύσει</strong></span> 
     </span>
    </p>
   </div>
   <div class='ocr_carea' id='block_1_26' title="bbox 2150 1038 3755 1115">
    <p class='ocr_par' dir='ltr' id='par_1_26' title="bbox 2150 1038 3755 1115">
     <span class='ocr_line' id='line_1_26' title="bbox 2150 1038 3755 1115; baseline -0.001 -22"><span class='ocrx_word' id='word_1_170' title='bbox 2150 1041 2335 1096; x_wconf 73' lang='grc' dir='ltr'>αὐτῶν.</span> <span class='ocrx_word' id='word_1_171' title='bbox 2391 1047 2491 1095; x_wconf 76' lang='grc' dir='ltr'><strong>Καὶ</strong></span> <span class='ocrx_word' id='word_1_172' title='bbox 2543 1047 2575 1095; x_wconf 86' lang='lat'><strong>6&#39;</strong></span> <span class='ocrx_word' id='word_1_173' title='bbox 2624 1042 2873 1115; x_wconf 85' lang='grc' dir='ltr'>βασιλεύς</span> <span class='ocrx_word' id='word_1_174' title='bbox 2926 1039 3149 1114; x_wconf 82' lang='grc' dir='ltr'>δώματα</span> <span class='ocrx_word' id='word_1_175' title='bbox 3203 1044 3355 1093; x_wconf 85' lang='grc' dir='ltr'>ίκανά</span> <span class='ocrx_word' id='word_1_176' title='bbox 3408 1038 3606 1095; x_wconf 84' lang='grc' dir='ltr'>δέδωκε</span> <span class='ocrx_word' id='word_1_177' title='bbox 3645 1048 3755 1101; x_wconf 77' lang='grc' dir='ltr'>τοῖς</span> 
     </span>
    </p>
   </div>
   <div class='ocr_carea' id='block_1_27' title="bbox 2150 1127 3755 1202">
    <p class='ocr_par' dir='ltr' id='par_1_27' title="bbox 2150 1127 3755 1202">
     <span class='ocr_line' id='line_1_27' title="bbox 2150 1127 3755 1202; baseline -0.001 -20"><span class='ocrx_word' id='word_1_178' title='bbox 2150 1138 2388 1202; x_wconf 83' lang='grc' dir='ltr'><strong>πτωχοῖς</strong></span> <span class='ocrx_word' id='word_1_179' title='bbox 2452 1139 2541 1184; x_wconf 81' lang='grc' dir='ltr'><strong>τού</strong></span> <span class='ocrx_word' id='word_1_180' title='bbox 2610 1138 2769 1185; x_wconf 87' lang='grc' dir='ltr'><strong>τόπου</strong></span> <span class='ocrx_word' id='word_1_181' title='bbox 2825 1132 3038 1196; x_wconf 76' lang='grc' dir='ltr'>ἐκείνου,</span> <span class='ocrx_word' id='word_1_182' title='bbox 3107 1137 3198 1183; x_wconf 87' lang='grc' dir='ltr'><strong>καὶ</strong></span> <span class='ocrx_word' id='word_1_183' title='bbox 3252 1135 3372 1193; x_wconf 83' lang='grc' dir='ltr'>τούς</span> <span class='ocrx_word' id='word_1_184' title='bbox 3431 1130 3480 1183; x_wconf 80' lang='grc' dir='ltr'><strong>έν</strong></span> <span class='ocrx_word' id='word_1_185' title='bbox 3534 1127 3755 1202; x_wconf 80' lang='grc' dir='ltr'><strong>δεσμοῖς</strong></span> 
     </span>
    </p>
   </div>
   <div class='ocr_carea' id='block_1_28' title="bbox 2150 1218 3781 1293">
    <p class='ocr_par' dir='ltr' id='par_1_28' title="bbox 2150 1218 3781 1293">
     <span class='ocr_line' id='line_1_28' title="bbox 2150 1218 3781 1293; baseline 0 -23"><span class='ocrx_word' id='word_1_186' title='bbox 2150 1218 2420 1273; x_wconf 76' lang='grc' dir='ltr'>ἀπελυσεν.</span> <span class='ocrx_word' id='word_1_187' title='bbox 2488 1220 2726 1284; x_wconf 77' lang='grc' dir='ltr'>Ἐξῆλθεν</span> <span class='ocrx_word' id='word_1_188' title='bbox 2777 1218 2836 1274; x_wconf 73' lang='grc' dir='ltr'><strong>δε</strong></span> <span class='ocrx_word' id='word_1_189' title='bbox 2888 1223 2912 1274; x_wconf 91' lang='grc' dir='ltr'><strong>ὀ</strong></span> <span class='ocrx_word' id='word_1_190' title='bbox 2969 1219 3216 1293; x_wconf 82' lang='grc' dir='ltr'>βασιλεύς</span> <span class='ocrx_word' id='word_1_191' title='bbox 3259 1218 3362 1272; x_wconf 86' lang='grc' dir='ltr'>ἀπὸ</span> <span class='ocrx_word' id='word_1_192' title='bbox 3410 1220 3623 1292; x_wconf 76' lang='grc' dir='ltr'>Ἐφέσου</span> <span class='ocrx_word' id='word_1_193' title='bbox 3652 1226 3781 1280; x_wconf 66' lang='grc' dir='ltr'>τῆςν</span> 
     </span>
    </p>
   </div>
   <div class='ocr_carea' id='block_1_29' title="bbox 2150 1307 3752 1381">
    <p class='ocr_par' dir='ltr' id='par_1_29' title="bbox 2150 1307 3752 1381">
     <span class='ocr_line' id='line_1_29' title="bbox 2150 1307 3752 1381; baseline -0.001 -22"><span class='ocrx_word' id='word_1_194' title='bbox 2150 1307 2342 1370; x_wconf 86' lang='grc' dir='ltr'>πόλεως</span> <span class='ocrx_word' id='word_1_195' title='bbox 2399 1314 2487 1361; x_wconf 83' lang='grc' dir='ltr'><strong>καὶ</strong></span> <span class='ocrx_word' id='word_1_196' title='bbox 2542 1314 2636 1361; x_wconf 88' lang='grc' dir='ltr'><strong>σύν</strong></span> <span class='ocrx_word' id='word_1_197' title='bbox 2694 1310 2834 1381; x_wconf 82' lang='grc' dir='ltr'>αύτῷ</span> <span class='ocrx_word' id='word_1_198' title='bbox 2893 1310 3064 1367; x_wconf 78' lang='grc' dir='ltr'>πλήθη</span> <span class='ocrx_word' id='word_1_199' title='bbox 3125 1308 3307 1378; x_wconf 82' lang='grc' dir='ltr'>πολλὰ,</span> <span class='ocrx_word' id='word_1_200' title='bbox 3357 1313 3752 1381; x_wconf 81' lang='grc' dir='ltr'><strong>προπέμποντες</strong></span> 
     </span>
    </p>
   </div>
   <div class='ocr_carea' id='block_1_30' title="bbox 2150 1395 3754 1470">
    <p class='ocr_par' dir='ltr' id='par_1_30' title="bbox 2150 1395 3754 1470">
     <span class='ocr_line' id='line_1_30' title="bbox 2150 1395 3754 1470; baseline -0.001 -22"><span class='ocrx_word' id='word_1_201' title='bbox 2150 1400 2304 1448; x_wconf 87' lang='grc' dir='ltr'>αύτόν</span> <span class='ocrx_word' id='word_1_202' title='bbox 2382 1395 2463 1449; x_wconf 74' lang='grc' dir='ltr'>ἐπὶ</span> <span class='ocrx_word' id='word_1_203' title='bbox 2528 1398 3071 1452; x_wconf 77' lang='grc' dir='ltr'>Κωνσταντινούπολιν</span> <span class='ocrx_word' id='word_1_204' title='bbox 3152 1397 3199 1451; x_wconf 80' lang='grc' dir='ltr'><strong>έν</strong></span> <span class='ocrx_word' id='word_1_205' title='bbox 3289 1397 3592 1470; x_wconf 75' lang='grc' dir='ltr'>ἀγαλλιάσει</span> <span class='ocrx_word' id='word_1_206' title='bbox 3657 1401 3754 1448; x_wconf 81' lang='grc' dir='ltr'>καὶ</span> 
     </span>
    </p>
   </div>
   <div class='ocr_carea' id='block_1_31' title="bbox 2149 1483 3752 1564">
    <p class='ocr_par' dir='ltr' id='par_1_31' title="bbox 2149 1483 3752 1564">
     <span class='ocr_line' id='line_1_31' title="bbox 2149 1483 3752 1564; baseline -0.001 -27"><span class='ocrx_word' id='word_1_207' title='bbox 2149 1492 2316 1558; x_wconf 81' lang='grc' dir='ltr'>χαρᾷ,</span> <span class='ocrx_word' id='word_1_208' title='bbox 2364 1483 2670 1549; x_wconf 71' lang='grc' dir='ltr'><strong>δοξάζοντες</strong></span> <span class='ocrx_word' id='word_1_209' title='bbox 2720 1493 2949 1564; x_wconf 82' lang='grc' dir='ltr'>Χριστὸν</span> <span class='ocrx_word' id='word_1_210' title='bbox 2988 1492 3074 1541; x_wconf 83' lang='grc' dir='ltr'>τὸν</span> <span class='ocrx_word' id='word_1_211' title='bbox 3115 1492 3243 1541; x_wconf 77' lang='grc' dir='ltr'>θεὸν</span> <span class='ocrx_word' id='word_1_212' title='bbox 3273 1490 3439 1560; x_wconf 76' lang='grc' dir='ltr'>ἡμῶν,</span> <span class='ocrx_word' id='word_1_213' title='bbox 3471 1490 3554 1539; x_wconf 83' lang='grc' dir='ltr'>τόν</span> <span class='ocrx_word' id='word_1_214' title='bbox 3585 1483 3752 1548; x_wconf 74' lang='grc' dir='ltr'>δοξάο</span> 
     </span>
    </p>
   </div>
   <div class='ocr_carea' id='block_1_32' title="bbox 2152 1571 3757 1649">
    <p class='ocr_par' dir='ltr' id='par_1_32' title="bbox 2152 1571 3757 1649">
     <span class='ocr_line' id='line_1_32' title="bbox 2152 1571 3757 1649; baseline -0.001 -22"><span class='ocrx_word' id='word_1_215' title='bbox 2152 1575 2308 1635; x_wconf 83' lang='grc' dir='ltr'>ζοντα</span> <span class='ocrx_word' id='word_1_216' title='bbox 2353 1580 2474 1639; x_wconf 83' lang='grc' dir='ltr'>τούς</span> <span class='ocrx_word' id='word_1_217' title='bbox 2529 1578 2713 1649; x_wconf 73' lang='grc' dir='ltr'>ἀιγίους</span> <span class='ocrx_word' id='word_1_218' title='bbox 2769 1578 2948 1631; x_wconf 78' lang='grc' dir='ltr'>αὐτοῦ·</span> <span class='ocrx_word' id='word_1_219' title='bbox 3003 1580 3081 1630; x_wconf 85' lang='grc' dir='ltr'>ὅτι</span> <span class='ocrx_word' id='word_1_220' title='bbox 3132 1578 3275 1648; x_wconf 82' lang='grc' dir='ltr'>αύτῷ</span> <span class='ocrx_word' id='word_1_221' title='bbox 3362 1580 3541 1645; x_wconf 86' lang='grc' dir='ltr'>πρέπει</span> <span class='ocrx_word' id='word_1_222' title='bbox 3614 1571 3757 1637; x_wconf 85' lang='grc' dir='ltr'>δοξα</span> 
     </span>
    </p>
   </div>
   <div class='ocr_carea' id='block_1_33' title="bbox 2148 1667 3754 1739">
    <p class='ocr_par' dir='ltr' id='par_1_33' title="bbox 2148 1667 3754 1739">
     <span class='ocr_line' id='line_1_33' title="bbox 2148 1667 3754 1739; baseline -0.001 -23"><span class='ocrx_word' id='word_1_223' title='bbox 2148 1672 2220 1733; x_wconf 81' lang='grc' dir='ltr'>τῷ</span> <span class='ocrx_word' id='word_1_224' title='bbox 2250 1671 2435 1739; x_wconf 81' lang='grc' dir='ltr'>Πατρὶ,</span> <span class='ocrx_word' id='word_1_225' title='bbox 2483 1672 2570 1719; x_wconf 84' lang='lat' dir='ltr'><strong>xui</strong></span> <span class='ocrx_word' id='word_1_226' title='bbox 2617 1676 2689 1738; x_wconf 83' lang='grc' dir='ltr'>τῷ</span> <span class='ocrx_word' id='word_1_227' title='bbox 2735 1668 2861 1738; x_wconf 80' lang='grc' dir='ltr'>Υἰῷ,</span> <span class='ocrx_word' id='word_1_228' title='bbox 2910 1673 3102 1738; x_wconf 78' lang='grc' dir='ltr'>καὶτῷ</span> <span class='ocrx_word' id='word_1_229' title='bbox 3146 1667 3280 1738; x_wconf 71' lang='grc' dir='ltr'><strong>ἁγίῳ</strong></span> <span class='ocrx_word' id='word_1_230' title='bbox 3330 1668 3611 1738; x_wconf 85' lang='grc' dir='ltr'>Πνεύματι,</span> <span class='ocrx_word' id='word_1_231' title='bbox 3656 1671 3754 1715; x_wconf 76' lang='grc' dir='ltr'>νῦν</span> 
     </span>
    </p>
   </div>
   <div class='ocr_carea' id='block_1_34' title="bbox 2075 1751 3545 1828">
    <p class='ocr_par' dir='ltr' id='par_1_34' title="bbox 2075 1751 3545 1828">
     <span class='ocr_line' id='line_1_34' title="bbox 2075 1751 3545 1828; baseline 0.001 -22"><span class='ocrx_word' id='word_1_232' title='bbox 2075 1751 2119 1806; x_wconf 91' lang='grc' dir='ltr'>Β</span> <span class='ocrx_word' id='word_1_233' title='bbox 2149 1758 2238 1805; x_wconf 83' lang='grc' dir='ltr'><strong>καὶ</strong></span> <span class='ocrx_word' id='word_1_234' title='bbox 2270 1752 2366 1821; x_wconf 81' lang='grc' dir='ltr'>ἀεὶ,</span> <span class='ocrx_word' id='word_1_235' title='bbox 2400 1761 2489 1808; x_wconf 87' lang='lat' dir='ltr'><strong>xui</strong></span> <span class='ocrx_word' id='word_1_236' title='bbox 2522 1756 2594 1818; x_wconf 85' lang='grc' dir='ltr'><strong>εἰς</strong></span> <span class='ocrx_word' id='word_1_237' title='bbox 2619 1761 2735 1818; x_wconf 82' lang='grc' dir='ltr'>τοὺς</span> <span class='ocrx_word' id='word_1_238' title='bbox 2764 1757 2950 1818; x_wconf 80' lang='grc' dir='ltr'>αἰῶνας</span> <span class='ocrx_word' id='word_1_239' title='bbox 2978 1765 3078 1810; x_wconf 85' lang='grc' dir='ltr'>τῶν</span> <span class='ocrx_word' id='word_1_240' title='bbox 3109 1757 3323 1811; x_wconf 85' lang='grc' dir='ltr'>αἰώνων.</span> <span class='ocrx_word' id='word_1_241' title='bbox 3358 1756 3545 1828; x_wconf 75' lang='grc' dir='ltr'>Ἀμήν.</span> 
     </span>
    </p>
   </div>
   <div class='ocr_carea' id='block_1_35' title="bbox 387 1884 3741 1920">
    <p class='ocr_par' dir='ltr' id='par_1_35' title="bbox 387 1884 3741 1920">
     <span class='ocr_line' id='line_1_35' title="bbox 387 1884 3741 1920; baseline 0.001 -24"><span class='ocrx_word' id='word_1_242' title='bbox 387 1884 3741 1920; x_wconf 63' lang='lat'><strong>____________________________________</strong></span> 
     </span>
    </p>
   </div>
   <div class='ocr_carea' id='block_1_36' title="bbox 694 1967 2028 2071">
    <p class='ocr_par' dir='ltr' id='par_1_36' title="bbox 694 1967 2028 2061">
     <span class='ocr_line' id='line_1_36' title="bbox 694 1967 2028 2061; baseline 0.005 -8"><span class='ocrx_word' id='word_1_243' title='bbox 694 1967 1338 2055; x_wconf 89' lang='grc' dir='ltr'><strong>ΜΑΡΤΥΡΙΟΝ</strong></span> <span class='ocrx_word' id='word_1_244' title='bbox 1376 1968 1592 2054; x_wconf 89' lang='grc' dir='ltr'><strong>ΤΟΥ</strong></span> <span class='ocrx_word' id='word_1_245' title='bbox 1629 1972 2028 2061; x_wconf 83' lang='grc' dir='ltr'><strong>ΑΓΙΟΥ]</strong></span> 
     </span>
    </p>
   </div>
   <div class='ocr_carea' id='block_1_37' title="bbox 2142 1967 3420 2071">
    <p class='ocr_par' dir='ltr' id='par_1_37' title="bbox 2142 1972 3420 2071">
     <span class='ocr_line' id='line_1_37' title="bbox 2142 1972 3420 2071; baseline 0.005 -12"><span class='ocrx_word' id='word_1_246' title='bbox 2142 1982 2205 2060; x_wconf 55' lang='grc' dir='ltr'><strong>[Ι</strong></span> <span class='ocrx_word' id='word_1_247' title='bbox 2274 1972 2797 2067; x_wconf 85' lang='grc' dir='ltr'><strong>ΕΥΔΟΞΟΥ</strong></span> <span class='ocrx_word' id='word_1_248' title='bbox 2830 1978 3420 2071; x_wconf 85' lang='grc' dir='ltr'><strong>ΜΑΡΤΥΡΟΣ</strong></span> 
     </span>
    </p>
   </div>
   <div class='ocr_carea' id='block_1_38' title="bbox 1335 2131 2780 2261">
    <p class='ocr_par' dir='ltr' id='par_1_38' title="bbox 1335 2131 2780 2261">
     <span class='ocr_line' id='line_1_38' title="bbox 1335 2131 2780 2261; baseline 0.01 -14"><span class='ocrx_word' id='word_1_249' title='bbox 1335 2131 2552 2259; x_wconf 85' lang='grc' dir='ltr'><strong>ΠΑΝΤΕΔΕΗΜΟΝ</strong></span> <span class='ocrx_word' id='word_1_250' title='bbox 2562 2146 2780 2261; x_wconf 90' lang='grc' dir='ltr'><strong>ΟΣ.</strong></span> 
     </span>
    </p>
   </div>
   <div class='ocr_carea' id='block_1_39' title="bbox 382 2334 3742 2574">
    <p class='ocr_par' dir='ltr' id='par_1_39' title="bbox 382 2334 3742 2574">
     <span class='ocr_line' id='line_1_39' title="bbox 382 2334 3742 2574; baseline 0.003 -11"><span class='ocrx_word' id='word_1_251' title='bbox 382 2409 1016 2563; x_wconf 75' lang='lat' dir='ltr'><strong>MARTYBIUM</strong></span> <span class='ocrx_word' id='word_1_252' title='bbox 1090 2409 1457 2563; x_wconf 73' lang='lat' dir='ltr'><strong>SANGTI</strong></span> <span class='ocrx_word' id='word_1_253' title='bbox 1537 2412 1667 2563; x_wconf 80' lang='lat' dir='ltr'><strong>ET</strong></span> <span class='ocrx_word' id='word_1_254' title='bbox 1741 2334 2155 2567; x_wconf 56' lang='grc' dir='ltr'>ικριγῐι</span> <span class='ocrx_word' id='word_1_255' title='bbox 2233 2419 2776 2574; x_wconf 76' lang='lat' dir='ltr'><strong>MARTYIlIS</strong></span> <span class='ocrx_word' id='word_1_256' title='bbox 2837 2420 3742 2574; x_wconf 78' lang='lat' dir='ltr'><strong>PANTELEEMONIS.</strong></span> 
     </span>
    </p>
   </div>
   <div class='ocr_carea' id='block_1_40' title="bbox 905 2637 3210 2712">
    <p class='ocr_par' dir='ltr' id='par_1_40' title="bbox 905 2637 3210 2712">
     <span class='ocr_line' id='line_1_40' title="bbox 905 2637 3210 2712; baseline 0.006 -28"><span class='ocrx_word' id='word_1_257' title='bbox 905 2637 1109 2698; x_wconf 81' lang='lat' dir='ltr'><strong>(Latine</strong></span> <span class='ocrx_word' id='word_1_258' title='bbox 1143 2652 1229 2701; x_wconf 90' lang='lat' dir='ltr'><strong>ap.</strong></span> <span class='ocrx_word' id='word_1_259' title='bbox 1266 2638 1477 2687; x_wconf 86' lang='lat' dir='ltr'><strong>Surium</strong></span> <span class='ocrx_word' id='word_1_260' title='bbox 1508 2639 1575 2689; x_wconf 92' lang='lat' dir='ltr'><strong>ad</strong></span> <span class='ocrx_word' id='word_1_261' title='bbox 1598 2640 1718 2689; x_wconf 81' lang='lat' dir='ltr'><strong>Julii</strong></span> <span class='ocrx_word' id='word_1_262' title='bbox 1750 2641 1809 2689; x_wconf 70' lang='grc'><strong>27</strong></span> <span class='ocrx_word' id='word_1_263' title='bbox 1841 2640 2058 2697; x_wconf 68' lang='lat' dir='ltr'><strong>;Graece</strong></span> <span class='ocrx_word' id='word_1_264' title='bbox 2081 2655 2145 2692; x_wconf 86' lang='lat' dir='ltr'><strong>ex</strong></span> <span class='ocrx_word' id='word_1_265' title='bbox 2172 2645 2267 2693; x_wconf 88' lang='lat' dir='ltr'><strong>cod</strong></span> <span class='ocrx_word' id='word_1_266' title='bbox 2303 2660 2401 2695; x_wconf 92' lang='lat' dir='ltr'><strong>ms.</strong></span> <span class='ocrx_word' id='word_1_267' title='bbox 2434 2648 2621 2700; x_wconf 84' lang='lat' dir='ltr'><strong>Patris.</strong></span> <span class='ocrx_word' id='word_1_268' title='bbox 2670 2664 2720 2699; x_wconf 85' lang='grc' dir='ltr'>η.</span> <span class='ocrx_word' id='word_1_269' title='bbox 2753 2650 2899 2703; x_wconf 74' lang='grc'><strong>1475.</strong></span> <span class='ocrx_word' id='word_1_270' title='bbox 2939 2664 3059 2699; x_wconf 73' lang='lat' dir='ltr'><strong>saec.</strong></span> <span class='ocrx_word' id='word_1_271' title='bbox 3098 2652 3210 2712; x_wconf 83' lang='lat' dir='ltr'><strong>xu,)</strong></span> 
     </span>
    </p>
   </div>
   <div class='ocr_carea' id='block_1_41' title="bbox 442 2736 2035 2813">
    <p class='ocr_par' dir='ltr' id='par_1_41' title="bbox 442 2736 2035 2813">
     <span class='ocr_line' id='line_1_41' title="bbox 442 2736 2035 2813; baseline 0.001 -19"><span class='ocrx_word' id='word_1_272' title='bbox 442 2738 482 2794; x_wconf 94' lang='lat' dir='ltr'><strong>l.</strong></span> <span class='ocrx_word' id='word_1_273' title='bbox 517 2736 661 2794; x_wconf 90' lang='lat' dir='ltr'><strong>Cum</strong></span> <span class='ocrx_word' id='word_1_274' title='bbox 702 2737 999 2793; x_wconf 90' lang='lat' dir='ltr'><strong>idolorum</strong></span> <span class='ocrx_word' id='word_1_275' title='bbox 1030 2738 1224 2807; x_wconf 87' lang='lat' dir='ltr'><strong>caligo</strong></span> <span class='ocrx_word' id='word_1_276' title='bbox 1262 2738 1481 2796; x_wconf 80' lang='lat' dir='ltr'><strong>diffusa</strong></span> <span class='ocrx_word' id='word_1_277' title='bbox 1506 2745 1657 2796; x_wconf 90' lang='lat' dir='ltr'><strong>esset</strong></span> <span class='ocrx_word' id='word_1_278' title='bbox 1704 2757 1809 2813; x_wconf 92' lang='lat' dir='ltr'><strong>per</strong></span> <span class='ocrx_word' id='word_1_279' title='bbox 1851 2746 2035 2796; x_wconf 89' lang='lat' dir='ltr'><strong>totum</strong></span> 
     </span>
    </p>
   </div>
   <div class='ocr_carea' id='block_1_42' title="bbox 372 2827 2038 2901">
    <p class='ocr_par' dir='ltr' id='par_1_42' title="bbox 372 2827 2038 2901">
     <span class='ocr_line' id='line_1_42' title="bbox 372 2827 2038 2901; baseline 0.001 -18"><span class='ocrx_word' id='word_1_280' title='bbox 372 2827 581 2883; x_wconf 90' lang='lat' dir='ltr'><strong>orbem</strong></span> <span class='ocrx_word' id='word_1_281' title='bbox 600 2832 789 2892; x_wconf 64' lang='lat' dir='ltr'><strong>terrae,</strong></span> <span class='ocrx_word' id='word_1_282' title='bbox 819 2827 1067 2899; x_wconf 89' lang='lat' dir='ltr'><strong>quando</strong></span> <span class='ocrx_word' id='word_1_283' title='bbox 1116 2828 1509 2885; x_wconf 85' lang='lat' dir='ltr'><strong>Maximianus</strong></span> <span class='ocrx_word' id='word_1_284' title='bbox 1543 2829 1779 2885; x_wconf 88' lang='lat' dir='ltr'><strong>tenebat</strong></span> <span class='ocrx_word' id='word_1_285' title='bbox 1808 2837 2038 2901; x_wconf 87' lang='lat' dir='ltr'><strong>sceptra</strong></span> 
     </span>
    </p>
   </div>
   <div class='ocr_carea' id='block_1_43' title="bbox 372 2916 2035 2988">
    <p class='ocr_par' dir='ltr' id='par_1_43' title="bbox 372 2916 2035 2988">
     <span class='ocr_line' id='line_1_43' title="bbox 372 2916 2035 2988; baseline 0.001 -17"><span class='ocrx_word' id='word_1_286' title='bbox 372 2917 627 2973; x_wconf 82' lang='lat' dir='ltr'><strong>Romani</strong></span> <span class='ocrx_word' id='word_1_287' title='bbox 691 2916 943 2988; x_wconf 91' lang='lat' dir='ltr'><strong>imperii,</strong></span> <span class='ocrx_word' id='word_1_288' title='bbox 1002 2922 1141 2972; x_wconf 89' lang='lat' dir='ltr'><strong>tunc</strong></span> <span class='ocrx_word' id='word_1_289' title='bbox 1189 2918 1463 2987; x_wconf 91' lang='lat' dir='ltr'><strong>cognitus</strong></span> <span class='ocrx_word' id='word_1_290' title='bbox 1517 2917 1624 2973; x_wconf 86' lang='lat' dir='ltr'><strong>fuit</strong></span> <span class='ocrx_word' id='word_1_291' title='bbox 1677 2918 2035 2973; x_wconf 76' lang='lat' dir='ltr'><strong>Nicomediaa</strong></span> 
     </span>
    </p>
   </div>
   <div class='ocr_carea' id='block_1_44' title="bbox 374 3004 2031 3077">
    <p class='ocr_par' dir='ltr' id='par_1_44' title="bbox 374 3004 2031 3077">
     <span class='ocr_line' id='line_1_44' title="bbox 374 3004 2031 3077; baseline 0 -17"><span class='ocrx_word' id='word_1_292' title='bbox 374 3004 747 3060; x_wconf 89' lang='lat' dir='ltr'><strong>admirabilis</strong></span> <span class='ocrx_word' id='word_1_293' title='bbox 770 3010 826 3061; x_wconf 89' lang='lat' dir='ltr'><strong>et</strong></span> <span class='ocrx_word' id='word_1_294' title='bbox 841 3020 1095 3073; x_wconf 88' lang='lat' dir='ltr'><strong>magnus</strong></span> <span class='ocrx_word' id='word_1_295' title='bbox 1118 3006 1267 3060; x_wconf 91' lang='lat' dir='ltr'><strong>inter</strong></span> <span class='ocrx_word' id='word_1_296' title='bbox 1285 3010 1577 3077; x_wconf 72' lang='lat' dir='ltr'><strong>martyres</strong></span> <span class='ocrx_word' id='word_1_297' title='bbox 1596 3006 2031 3062; x_wconf 87' lang='lat' dir='ltr'><strong>Panteleemon.</strong></span> 
     </span>
    </p>
   </div>
   <div class='ocr_carea' id='block_1_45' title="bbox 374 3093 2037 3164">
    <p class='ocr_par' dir='ltr' id='par_1_45' title="bbox 374 3093 2037 3164">
     <span class='ocr_line' id='line_1_45' title="bbox 374 3093 2037 3164; baseline 0.002 -16"><span class='ocrx_word' id='word_1_298' title='bbox 374 3094 457 3149; x_wconf 82' lang='lat' dir='ltr'><strong>Ex</strong></span> <span class='ocrx_word' id='word_1_299' title='bbox 477 3094 718 3150; x_wconf 89' lang='lat' dir='ltr'><strong>eaenim</strong></span> <span class='ocrx_word' id='word_1_300' title='bbox 752 3094 841 3149; x_wconf 92' lang='lat' dir='ltr'><strong>sui</strong></span> <span class='ocrx_word' id='word_1_301' title='bbox 873 3093 1107 3163; x_wconf 80' lang='lat' dir='ltr'><strong>generis</strong></span> <span class='ocrx_word' id='word_1_302' title='bbox 1128 3094 1385 3150; x_wconf 89' lang='lat' dir='ltr'><strong>ducebat</strong></span> <span class='ocrx_word' id='word_1_303' title='bbox 1413 3094 1741 3164; x_wconf 87' lang='lat' dir='ltr'><strong>originem:</strong></span> <span class='ocrx_word' id='word_1_304' title='bbox 1777 3100 1833 3151; x_wconf 89' lang='lat' dir='ltr'><strong>et</strong></span> <span class='ocrx_word' id='word_1_305' title='bbox 1866 3111 2037 3151; x_wconf 83' lang='lat' dir='ltr'><strong>voca-</strong></span> 
     </span>
    </p>
   </div>
   <div class='ocr_carea' id='block_1_46' title="bbox 2218 2742 3746 2819">
    <p class='ocr_par' dir='ltr' id='par_1_46' title="bbox 2218 2742 3746 2819">
     <span class='ocr_line' id='line_1_46' title="bbox 2218 2742 3746 2819; baseline 0.001 -23"><span class='ocrx_word' id='word_1_306' title='bbox 2218 2744 2298 2797; x_wconf 81' lang='lat' dir='ltr'><strong>A&#39;.</strong></span> <span class='ocrx_word' id='word_1_307' title='bbox 2323 2752 2429 2806; x_wconf 86' lang='grc' dir='ltr'>Τῆς</span> <span class='ocrx_word' id='word_1_308' title='bbox 2456 2743 2725 2808; x_wconf 77' lang='grc' dir='ltr'>εἰδωλικῆς</span> <span class='ocrx_word' id='word_1_309' title='bbox 2752 2747 2945 2819; x_wconf 79' lang='grc' dir='ltr'><strong>ἀχλύος</strong></span> <span class='ocrx_word' id='word_1_310' title='bbox 2970 2751 3105 2800; x_wconf 82' lang='grc' dir='ltr'>κατὰ</span> <span class='ocrx_word' id='word_1_311' title='bbox 3129 2751 3307 2809; x_wconf 88' lang='grc' dir='ltr'>πάσης</span> <span class='ocrx_word' id='word_1_312' title='bbox 3333 2743 3367 2799; x_wconf 87' lang='grc' dir='ltr'><strong>δ</strong></span> <span class='ocrx_word' id='word_1_313' title='bbox 3374 2742 3746 2799; x_wconf 80' lang='grc' dir='ltr'>ιασκιδασθεί-</span> 
     </span>
    </p>
   </div>
   <div class='ocr_carea' id='block_1_47' title="bbox 2149 2836 3744 2909">
    <p class='ocr_par' dir='ltr' id='par_1_47' title="bbox 2149 2836 3744 2909">
     <span class='ocr_line' id='line_1_47' title="bbox 2149 2836 3744 2909; baseline -0.003 -19"><span class='ocrx_word' id='word_1_314' title='bbox 2149 2851 2243 2893; x_wconf 83' lang='grc' dir='ltr'><strong>σης</strong></span> <span class='ocrx_word' id='word_1_315' title='bbox 2294 2844 2387 2897; x_wconf 87' lang='grc' dir='ltr'><strong>τῆς</strong></span> <span class='ocrx_word' id='word_1_316' title='bbox 2451 2836 2769 2909; x_wconf 79' lang='grc' dir='ltr'><strong>οἰκουμένης,</strong></span> <span class='ocrx_word' id='word_1_317' title='bbox 2845 2840 3001 2896; x_wconf 85' lang='grc' dir='ltr'>ἡνίκα</span> <span class='ocrx_word' id='word_1_318' title='bbox 3086 2837 3405 2908; x_wconf 86' lang='grc' dir='ltr'>Μαξιμιανὸς</span> <span class='ocrx_word' id='word_1_319' title='bbox 3480 2837 3564 2887; x_wconf 73' lang='grc' dir='ltr'><strong>ἰπὶ</strong></span> <span class='ocrx_word' id='word_1_320' title='bbox 3639 2842 3744 2886; x_wconf 82' lang='grc' dir='ltr'>τῶν</span> 
     </span>
    </p>
   </div>
   <div class='ocr_carea' id='block_1_48' title="bbox 2149 2921 3746 2999">
    <p class='ocr_par' dir='ltr' id='par_1_48' title="bbox 2149 2921 3746 2999">
     <span class='ocr_line' id='line_1_48' title="bbox 2149 2921 3746 2999; baseline 0.001 -26"><span class='ocrx_word' id='word_1_321' title='bbox 2149 2927 2427 2995; x_wconf 80' lang='grc' dir='ltr'><strong>σκήπτρων</strong></span> <span class='ocrx_word' id='word_1_322' title='bbox 2470 2933 2565 2986; x_wconf 87' lang='grc' dir='ltr'><strong>τῆς</strong></span> <span class='ocrx_word' id='word_1_323' title='bbox 2608 2925 2873 2991; x_wconf 81' lang='grc' dir='ltr'>Ῥωμαίων</span> <span class='ocrx_word' id='word_1_324' title='bbox 2929 2925 3103 2999; x_wconf 83' lang='grc' dir='ltr'>ἀρχῆς</span> <span class='ocrx_word' id='word_1_325' title='bbox 3154 2928 3470 2991; x_wconf 80' lang='grc' dir='ltr'>καθίστατο,</span> <span class='ocrx_word' id='word_1_326' title='bbox 3518 2928 3632 2975; x_wconf 83' lang='grc' dir='ltr'>τότε</span> <span class='ocrx_word' id='word_1_327' title='bbox 3681 2921 3746 2975; x_wconf 76' lang='grc' dir='ltr'><strong>δε</strong></span> 
     </span>
    </p>
   </div>
   <div class='ocr_carea' id='block_1_49' title="bbox 2144 3012 3745 3088">
    <p class='ocr_par' dir='ltr' id='par_1_49' title="bbox 2144 3012 3745 3088">
     <span class='ocr_line' id='line_1_49' title="bbox 2144 3012 3745 3088; baseline 0.002 -28"><span class='ocrx_word' id='word_1_328' title='bbox 2144 3015 2233 3062; x_wconf 84' lang='grc' dir='ltr'>καὶ</span> <span class='ocrx_word' id='word_1_329' title='bbox 2281 3013 2306 3062; x_wconf 90' lang='lat'><strong>6</strong></span> <span class='ocrx_word' id='word_1_330' title='bbox 2338 3014 2634 3086; x_wconf 81' lang='grc' dir='ltr'>θαυμαστὸς</span> <span class='ocrx_word' id='word_1_331' title='bbox 2671 3021 2760 3067; x_wconf 85' lang='grc' dir='ltr'>καὶ</span> <span class='ocrx_word' id='word_1_332' title='bbox 2809 3019 2971 3087; x_wconf 76' lang='grc' dir='ltr'>μέγας</span> <span class='ocrx_word' id='word_1_333' title='bbox 3003 3016 3052 3068; x_wconf 84' lang='grc' dir='ltr'>ἐν</span> <span class='ocrx_word' id='word_1_334' title='bbox 3109 3019 3343 3088; x_wconf 79' lang='grc' dir='ltr'><strong>μάρτυσι</strong></span> <span class='ocrx_word' id='word_1_335' title='bbox 3376 3012 3745 3084; x_wconf 75' lang='grc' dir='ltr'>Παντελεῆμων</span> 
     </span>
    </p>
   </div>
   <div class='ocr_carea' id='block_1_50' title="bbox 2142 3097 3745 3177">
    <p class='ocr_par' dir='ltr' id='par_1_50' title="bbox 2142 3097 3745 3177">
     <span class='ocr_line' id='line_1_50' title="bbox 2142 3097 3745 3177; baseline 0.002 -27"><span class='ocrx_word' id='word_1_336' title='bbox 2142 3102 2275 3152; x_wconf 87' lang='grc' dir='ltr'><strong>κατά</strong></span> <span class='ocrx_word' id='word_1_337' title='bbox 2323 3106 2416 3160; x_wconf 78' lang='grc' dir='ltr'>τὴν</span> <span class='ocrx_word' id='word_1_338' title='bbox 2470 3102 2829 3175; x_wconf 70' lang='grc' dir='ltr'><strong>Νικομήδειαν</strong></span> <span class='ocrx_word' id='word_1_339' title='bbox 2877 3104 3206 3177; x_wconf 75' lang='grc' dir='ltr'>ἑγνωρίζετο”</span> <span class='ocrx_word' id='word_1_340' title='bbox 3254 3105 3443 3156; x_wconf 75' lang='grc' dir='ltr'>ἐκεῖθεν</span> <span class='ocrx_word' id='word_1_341' title='bbox 3482 3104 3576 3175; x_wconf 74' lang='grc' dir='ltr'><strong>γὰρ</strong></span> <span class='ocrx_word' id='word_1_342' title='bbox 3626 3097 3745 3172; x_wconf 83' lang='grc' dir='ltr'>εἶχε</span> 
     </span>
    </p>
   </div>
   <div class='ocr_carea' id='block_1_51' title="bbox 367 3157 2028 3264">
    <p class='ocr_par' dir='ltr' id='par_1_51' title="bbox 367 3157 2028 3254">
     <span class='ocr_line' id='line_1_51' title="bbox 367 3157 2028 3254; baseline 0.002 -18"><span class='ocrx_word' id='word_1_343' title='bbox 367 3180 547 3237; x_wconf 89' lang='lat' dir='ltr'><strong>batur</strong></span> <span class='ocrx_word' id='word_1_344' title='bbox 573 3181 815 3254; x_wconf 88' lang='lat' dir='ltr'><strong>quidem</strong></span> <span class='ocrx_word' id='word_1_345' title='bbox 862 3157 1224 3238; x_wconf 52' lang='lat' dir='ltr'><strong>isautoleon:</strong></span> <span class='ocrx_word' id='word_1_346' title='bbox 1276 3187 1402 3238; x_wconf 89' lang='lat' dir='ltr'><strong>erat</strong></span> <span class='ocrx_word' id='word_1_347' title='bbox 1448 3157 1646 3238; x_wconf 63' lang='lat' dir='ltr'><strong>autem</strong></span> <span class='ocrx_word' id='word_1_348' title='bbox 1686 3184 1843 3239; x_wconf 85' lang='lat' dir='ltr'><strong>ﬁlius</strong></span> <span class='ocrx_word' id='word_1_349' title='bbox 1893 3186 2028 3240; x_wconf 90' lang='lat' dir='ltr'><strong>Cus-</strong></span> 
     </span>
    </p>
   </div>
   <div class='ocr_carea' id='block_1_52' title="bbox 2142 3157 3745 3264">
    <p class='ocr_par' dir='ltr' id='par_1_52' title="bbox 2143 3157 3745 3264">
     <span class='ocr_line' id='line_1_52' title="bbox 2372 3157 3718 3177; baseline -0.001 -4"><span class='ocrx_word' id='word_1_350' title='bbox 2372 3157 2379 3160; x_wconf 87' lang='lat'><em>-</em></span> <span class='ocrx_word' id='word_1_351' title='bbox 2605 3157 2613 3175; x_wconf 77' lang='lat'><strong>.</strong></span> <span class='ocrx_word' id='word_1_352' title='bbox 2664 3157 2672 3163; x_wconf 89' lang='lat'><em>-</em></span> <span class='ocrx_word' id='word_1_353' title='bbox 2906 3157 2920 3176; x_wconf 89' lang='grc'><strong><em>,</em></strong></span> <span class='ocrx_word' id='word_1_354' title='bbox 3006 3157 3014 3177; x_wconf 81' lang='grc'><strong>.</strong></span> <span class='ocrx_word' id='word_1_355' title='bbox 3073 3157 3091 3166; x_wconf 84' lang='lat'><strong>-</strong></span> <span class='ocrx_word' id='word_1_356' title='bbox 3482 3157 3497 3173; x_wconf 82' lang='lat'><strong>.</strong></span> <span class='ocrx_word' id='word_1_357' title='bbox 3548 3157 3557 3175; x_wconf 87' lang='lat'><strong>.</strong></span> <span class='ocrx_word' id='word_1_358' title='bbox 3672 3157 3718 3172; x_wconf 70' lang='grc' dir='ltr'><strong>ι..</strong></span> 
     </span>
     <span class='ocr_line' id='line_1_53' title="bbox 2143 3190 3745 3264; baseline 0.001 -25"><span class='ocrx_word' id='word_1_359' title='bbox 2143 3192 2231 3240; x_wconf 86' lang='lat' dir='ltr'><strong>xui</strong></span> <span class='ocrx_word' id='word_1_360' title='bbox 2279 3193 2372 3252; x_wconf 86' lang='grc' dir='ltr'>τὰς</span> <span class='ocrx_word' id='word_1_361' title='bbox 2421 3200 2514 3243; x_wconf 80' lang='grc' dir='ltr'>τοῦ</span> <span class='ocrx_word' id='word_1_362' title='bbox 2561 3198 2733 3263; x_wconf 76' lang='grc' dir='ltr'>γένους</span> <span class='ocrx_word' id='word_1_363' title='bbox 2799 3197 2991 3264; x_wconf 73' lang='grc' dir='ltr'>πηγάς.</span> <span class='ocrx_word' id='word_1_364' title='bbox 3056 3192 3348 3246; x_wconf 86' lang='grc' dir='ltr'>Παντολέων</span> <span class='ocrx_word' id='word_1_365' title='bbox 3401 3194 3490 3263; x_wconf 70' lang='grc' dir='ltr'><strong>μεν</strong></span> <span class='ocrx_word' id='word_1_366' title='bbox 3548 3190 3745 3242; x_wconf 86' lang='grc' dir='ltr'>καλού-</span> 
     </span>
    </p>
   </div>
   <div class='ocr_carea' id='block_1_53' title="bbox 370 3269 2030 3345">
    <p class='ocr_par' dir='ltr' id='par_1_53' title="bbox 370 3269 2030 3345">
     <span class='ocr_line' id='line_1_54' title="bbox 370 3269 2030 3345; baseline 0.001 -18"><span class='ocrx_word' id='word_1_367' title='bbox 370 3270 561 3341; x_wconf 89' lang='lat' dir='ltr'><strong>torgii,</strong></span> <span class='ocrx_word' id='word_1_368' title='bbox 615 3269 834 3343; x_wconf 82' lang='lat' dir='ltr'><strong>Opibus</strong></span> <span class='ocrx_word' id='word_1_369' title='bbox 876 3271 1121 3343; x_wconf 88' lang='lat' dir='ltr'><strong>quidem</strong></span> <span class='ocrx_word' id='word_1_370' title='bbox 1178 3272 1449 3343; x_wconf 82' lang='lat' dir='ltr'><strong>insignis,</strong></span> <span class='ocrx_word' id='word_1_371' title='bbox 1498 3273 1777 3345; x_wconf 88' lang='lat' dir='ltr'><strong>inpietate</strong></span> <span class='ocrx_word' id='word_1_372' title='bbox 1830 3279 2030 3329; x_wconf 91' lang='lat' dir='ltr'><strong>autem</strong></span> 
     </span>
    </p>
   </div>
   <div class='ocr_carea' id='block_1_54' title="bbox 370 3359 2028 3434">
    <p class='ocr_par' dir='ltr' id='par_1_54' title="bbox 370 3359 2028 3434">
     <span class='ocr_line' id='line_1_55' title="bbox 370 3359 2028 3434; baseline 0.002 -19"><span class='ocrx_word' id='word_1_373' title='bbox 370 3359 653 3416; x_wconf 85' lang='lat' dir='ltr'><strong>clarioris.</strong></span> <span class='ocrx_word' id='word_1_374' title='bbox 671 3361 809 3416; x_wconf 87' lang='lat' dir='ltr'><strong>Erat</strong></span> <span class='ocrx_word' id='word_1_375' title='bbox 833 3361 987 3416; x_wconf 89' lang='lat' dir='ltr'><strong>enim</strong></span> <span class='ocrx_word' id='word_1_376' title='bbox 1014 3360 1249 3417; x_wconf 89' lang='lat' dir='ltr'><strong>deditus</strong></span> <span class='ocrx_word' id='word_1_377' title='bbox 1269 3362 1676 3434; x_wconf 87' lang='lat' dir='ltr'><strong>supeastitioui</strong></span> <span class='ocrx_word' id='word_1_378' title='bbox 1720 3363 2028 3433; x_wconf 86' lang='lat' dir='ltr'><strong>gentilium</strong></span> 
     </span>
    </p>
   </div>
   <div class='ocr_carea' id='block_1_55' title="bbox 367 3440 2030 3507">
    <p class='ocr_par' dir='ltr' id='par_1_55' title="bbox 367 3440 2030 3507">
     <span class='ocr_line' id='line_1_56' title="bbox 367 3440 2030 3507; baseline 0.001 -4"><span class='ocrx_word' id='word_1_379' title='bbox 367 3451 426 3503; x_wconf 93' lang='lat' dir='ltr'><strong>et</strong></span> <span class='ocrx_word' id='word_1_380' title='bbox 464 3449 690 3505; x_wconf 89' lang='lat' dir='ltr'><strong>ardenti</strong></span> <span class='ocrx_word' id='word_1_381' title='bbox 720 3449 842 3505; x_wconf 91' lang='lat' dir='ltr'><strong>zelo</strong></span> <span class='ocrx_word' id='word_1_382' title='bbox 872 3450 931 3504; x_wconf 91' lang='lat' dir='ltr'><strong>in</strong></span> <span class='ocrx_word' id='word_1_383' title='bbox 964 3465 1086 3505; x_wconf 89' lang='lat' dir='ltr'><strong>eam</strong></span> <span class='ocrx_word' id='word_1_384' title='bbox 1112 3454 1237 3505; x_wconf 87' lang='lat' dir='ltr'><strong>erat</strong></span> <span class='ocrx_word' id='word_1_385' title='bbox 1266 3452 1561 3506; x_wconf 73' lang='lat' dir='ltr'><strong>incensus.</strong></span> <span class='ocrx_word' id='word_1_386' title='bbox 1620 3454 1753 3507; x_wconf 85' lang='lat' dir='ltr'><strong>Erat</strong></span> <span class='ocrx_word' id='word_1_387' title='bbox 1785 3467 1922 3507; x_wconf 89' lang='lat' dir='ltr'><strong>vero</strong></span> <span class='ocrx_word' id='word_1_388' title='bbox 1953 3440 2030 3506; x_wconf 84' lang='lat' dir='ltr'><strong>illi</strong></span> 
     </span>
    </p>
   </div>
   <div class='ocr_carea' id='block_1_56' title="bbox 369 3537 2027 3611">
    <p class='ocr_par' dir='ltr' id='par_1_56' title="bbox 369 3537 2027 3611">
     <span class='ocr_line' id='line_1_57' title="bbox 369 3537 2027 3611; baseline 0.002 -19"><span class='ocrx_word' id='word_1_389' title='bbox 369 3537 783 3604; x_wconf 84' lang='lat' dir='ltr'><strong>materﬂdelis,</strong></span> <span class='ocrx_word' id='word_1_390' title='bbox 817 3538 1152 3611; x_wconf 68' lang='lat' dir='ltr'><strong>quae,quod</strong></span> <span class='ocrx_word' id='word_1_391' title='bbox 1168 3539 1243 3594; x_wconf 90' lang='lat' dir='ltr'><strong>ad</strong></span> <span class='ocrx_word' id='word_1_392' title='bbox 1271 3539 1613 3609; x_wconf 88' lang='lat' dir='ltr'><strong>religionem</strong></span> <span class='ocrx_word' id='word_1_393' title='bbox 1630 3540 1855 3605; x_wconf 88' lang='lat' dir='ltr'><strong>attinet,</strong></span> <span class='ocrx_word' id='word_1_394' title='bbox 1887 3557 2027 3596; x_wconf 90' lang='lat' dir='ltr'><strong>cum</strong></span> 
     </span>
    </p>
   </div>
   <div class='ocr_carea' id='block_1_57' title="bbox 372 3626 2028 3698">
    <p class='ocr_par' dir='ltr' id='par_1_57' title="bbox 372 3626 2028 3698">
     <span class='ocr_line' id='line_1_58' title="bbox 372 3626 2028 3698; baseline 0.002 -17"><span class='ocrx_word' id='word_1_395' title='bbox 372 3626 584 3682; x_wconf 90' lang='lat' dir='ltr'><strong>marito</strong></span> <span class='ocrx_word' id='word_1_396' title='bbox 605 3627 917 3698; x_wconf 88' lang='lat' dir='ltr'><strong>pugnabat</strong></span> <span class='ocrx_word' id='word_1_397' title='bbox 940 3643 1008 3683; x_wconf 85' lang='lat' dir='ltr'><strong>ex</strong></span> <span class='ocrx_word' id='word_1_398' title='bbox 1033 3627 1323 3684; x_wconf 88' lang='lat' dir='ltr'><strong>diametro</strong></span> <span class='ocrx_word' id='word_1_399' title='bbox 1350 3646 1363 3684; x_wconf 88' lang='lat'><strong>:</strong></span> <span class='ocrx_word' id='word_1_400' title='bbox 1394 3635 1451 3685; x_wconf 92' lang='lat' dir='ltr'><strong>et</strong></span> <span class='ocrx_word' id='word_1_401' title='bbox 1476 3629 1629 3685; x_wconf 89' lang='lat' dir='ltr'><strong>bene</strong></span> <span class='ocrx_word' id='word_1_402' title='bbox 1658 3629 1871 3685; x_wconf 77' lang='lat' dir='ltr'><strong>affecta</strong></span> <span class='ocrx_word' id='word_1_403' title='bbox 1904 3636 2028 3685; x_wconf 90' lang='lat' dir='ltr'><strong>erat</strong></span> 
     </span>
    </p>
   </div>
   <div class='ocr_carea' id='block_1_58' title="bbox 366 3713 2026 3783">
    <p class='ocr_par' dir='ltr' id='par_1_58' title="bbox 366 3713 2026 3783">
     <span class='ocr_line' id='line_1_59' title="bbox 366 3713 2026 3783; baseline 0.004 -15"><span class='ocrx_word' id='word_1_404' title='bbox 366 3713 595 3770; x_wconf 88' lang='lat' dir='ltr'><strong>Eubula</strong></span> <span class='ocrx_word' id='word_1_405' title='bbox 614 3713 698 3783; x_wconf 90' lang='lat' dir='ltr'><strong>(id</strong></span> <span class='ocrx_word' id='word_1_406' title='bbox 738 3714 898 3770; x_wconf 91' lang='lat' dir='ltr'><strong>enim</strong></span> <span class='ocrx_word' id='word_1_407' title='bbox 922 3720 1047 3770; x_wconf 90' lang='lat' dir='ltr'><strong>erat</strong></span> <span class='ocrx_word' id='word_1_408' title='bbox 1076 3716 1128 3771; x_wconf 91' lang='lat' dir='ltr'><strong>ei</strong></span> <span class='ocrx_word' id='word_1_409' title='bbox 1160 3718 1403 3772; x_wconf 61' lang='lat' dir='ltr'><strong>nomeni</strong></span> <span class='ocrx_word' id='word_1_410' title='bbox 1440 3717 1497 3772; x_wconf 91' lang='lat' dir='ltr'><strong>in</strong></span> <span class='ocrx_word' id='word_1_411' title='bbox 1532 3733 1623 3773; x_wconf 88' lang='lat' dir='ltr'><strong>res</strong></span> <span class='ocrx_word' id='word_1_412' title='bbox 1670 3716 2026 3774; x_wconf 81' lang='lat' dir='ltr'><strong>Christiano-</strong></span> 
     </span>
    </p>
   </div>
   <div class='ocr_carea' id='block_1_59' title="bbox 366 3804 2024 3877">
    <p class='ocr_par' dir='ltr' id='par_1_59' title="bbox 366 3804 2024 3877">
     <span class='ocr_line' id='line_1_60' title="bbox 366 3804 2024 3877; baseline 0.002 -18"><span class='ocrx_word' id='word_1_413' title='bbox 366 3818 522 3859; x_wconf 92' lang='lat' dir='ltr'><strong>rum.</strong></span> <span class='ocrx_word' id='word_1_414' title='bbox 556 3807 701 3860; x_wconf 83' lang='lat' dir='ltr'><strong>Cum</strong></span> <span class='ocrx_word' id='word_1_415' title='bbox 731 3821 760 3859; x_wconf 87' lang='lat' dir='ltr'><strong>a</strong></span> <span class='ocrx_word' id='word_1_416' title='bbox 783 3804 882 3861; x_wconf 89' lang='lat' dir='ltr'><strong>tali</strong></span> <span class='ocrx_word' id='word_1_417' title='bbox 904 3821 1044 3875; x_wconf 87' lang='lat' dir='ltr'><strong>ergo</strong></span> <span class='ocrx_word' id='word_1_418' title='bbox 1070 3811 1257 3862; x_wconf 90' lang='lat' dir='ltr'><strong>matre</strong></span> <span class='ocrx_word' id='word_1_419' title='bbox 1274 3817 1327 3862; x_wconf 81' lang='lat' dir='ltr'><strong>et</strong></span> <span class='ocrx_word' id='word_1_420' title='bbox 1347 3807 1633 3877; x_wconf 88' lang='lat' dir='ltr'><strong>magistra</strong></span> <span class='ocrx_word' id='word_1_421' title='bbox 1663 3807 1893 3864; x_wconf 91' lang='lat' dir='ltr'><strong>bonuse</strong></span> <span class='ocrx_word' id='word_1_422' title='bbox 1916 3808 2024 3863; x_wconf 90' lang='lat' dir='ltr'><strong>du-</strong></span> 
     </span>
    </p>
   </div>
   <div class='ocr_carea' id='block_1_60' title="bbox 364 3895 2025 3972">
    <p class='ocr_par' dir='ltr' id='par_1_60' title="bbox 364 3895 2025 3972">
     <span class='ocr_line' id='line_1_61' title="bbox 364 3895 2025 3972; baseline 0.004 -21"><span class='ocrx_word' id='word_1_423' title='bbox 364 3901 599 3952; x_wconf 90' lang='lat' dir='ltr'><strong>caretur</strong></span> <span class='ocrx_word' id='word_1_424' title='bbox 619 3895 795 3961; x_wconf 82' lang='lat' dir='ltr'><strong>ﬁlius,</strong></span> <span class='ocrx_word' id='word_1_425' title='bbox 820 3897 1115 3969; x_wconf 86' lang='lat' dir='ltr'><strong>corporali</strong></span> <span class='ocrx_word' id='word_1_426' title='bbox 1137 3898 1304 3953; x_wconf 90' lang='lat' dir='ltr'><strong>simul</strong></span> <span class='ocrx_word' id='word_1_427' title='bbox 1326 3904 1382 3953; x_wconf 89' lang='lat' dir='ltr'><strong>et</strong></span> <span class='ocrx_word' id='word_1_428' title='bbox 1417 3898 1663 3971; x_wconf 88' lang='lat' dir='ltr'><strong>spiritali</strong></span> <span class='ocrx_word' id='word_1_429' title='bbox 1681 3899 1806 3971; x_wconf 86' lang='lat' dir='ltr'><strong>ejus</strong></span> <span class='ocrx_word' id='word_1_430' title='bbox 1835 3900 2025 3972; x_wconf 74' lang='lat' dir='ltr'><strong>priva-</strong></span> 
     </span>
    </p>
   </div>
   <div class='ocr_carea' id='block_1_61' title="bbox 363 3986 2020 4057">
    <p class='ocr_par' dir='ltr' id='par_1_61' title="bbox 363 3986 2020 4057">
     <span class='ocr_line' id='line_1_62' title="bbox 363 3986 2020 4057; baseline 0.004 -18"><span class='ocrx_word' id='word_1_431' title='bbox 363 3988 461 4039; x_wconf 87' lang='lat' dir='ltr'><strong>tur</strong></span> <span class='ocrx_word' id='word_1_432' title='bbox 489 3986 872 4053; x_wconf 88' lang='lat' dir='ltr'><strong>nutrimento,</strong></span> <span class='ocrx_word' id='word_1_433' title='bbox 904 3987 1032 4057; x_wconf 90' lang='lat' dir='ltr'><strong>lege</strong></span> <span class='ocrx_word' id='word_1_434' title='bbox 1062 3987 1268 4043; x_wconf 89' lang='lat' dir='ltr'><strong>mortis</strong></span> <span class='ocrx_word' id='word_1_435' title='bbox 1293 3992 1349 4043; x_wconf 91' lang='lat' dir='ltr'><strong>et</strong></span> <span class='ocrx_word' id='word_1_436' title='bbox 1398 3989 1737 4045; x_wconf 90' lang='lat' dir='ltr'><strong>communis</strong></span> <span class='ocrx_word' id='word_1_437' title='bbox 1776 3997 2020 4055; x_wconf 66' lang='lat' dir='ltr'><strong>naturae,</strong></span> 
     </span>
    </p>
   </div>
   <div class='ocr_carea' id='block_1_62' title="bbox 362 4073 2027 4150">
    <p class='ocr_par' dir='ltr' id='par_1_62' title="bbox 362 4073 2027 4150">
     <span class='ocr_line' id='line_1_63' title="bbox 362 4073 2027 4150; baseline 0.003 -22"><span class='ocrx_word' id='word_1_438' title='bbox 362 4073 770 4146; x_wconf 86' lang='lat' dir='ltr'><strong>imperfectam</strong></span> <span class='ocrx_word' id='word_1_439' title='bbox 787 4082 843 4131; x_wconf 91' lang='lat' dir='ltr'><strong>et</strong></span> <span class='ocrx_word' id='word_1_440' title='bbox 864 4075 1249 4131; x_wconf 87' lang='lat' dir='ltr'><strong>immaturam</strong></span> <span class='ocrx_word' id='word_1_441' title='bbox 1267 4091 1452 4146; x_wconf 86' lang='lat' dir='ltr'><strong>agens</strong></span> <span class='ocrx_word' id='word_1_442' title='bbox 1474 4082 1723 4144; x_wconf 69' lang='lat' dir='ltr'><strong>aetatem,</strong></span> <span class='ocrx_word' id='word_1_443' title='bbox 1766 4094 1903 4134; x_wconf 91' lang='lat' dir='ltr'><strong>cum</strong></span> <span class='ocrx_word' id='word_1_444' title='bbox 1923 4095 2027 4150; x_wconf 85' lang='lat' dir='ltr'><strong>pa-</strong></span> 
     </span>
    </p>
   </div>
   <div class='ocr_carea' id='block_1_63' title="bbox 362 4163 2018 4234">
    <p class='ocr_par' dir='ltr' id='par_1_63' title="bbox 362 4163 2018 4234">
     <span class='ocr_line' id='line_1_64' title="bbox 362 4163 2018 4234; baseline 0.003 -18"><span class='ocrx_word' id='word_1_445' title='bbox 362 4177 516 4227; x_wconf 90' lang='lat' dir='ltr'><strong>rum,</strong></span> <span class='ocrx_word' id='word_1_446' title='bbox 544 4163 697 4234; x_wconf 91' lang='lat' dir='ltr'><strong>proh</strong></span> <span class='ocrx_word' id='word_1_447' title='bbox 718 4163 916 4220; x_wconf 84' lang='lat' dir='ltr'><strong>dolor!</strong></span> <span class='ocrx_word' id='word_1_448' title='bbox 940 4171 1097 4221; x_wconf 87' lang='lat' dir='ltr'><strong>esset</strong></span> <span class='ocrx_word' id='word_1_449' title='bbox 1115 4182 1261 4220; x_wconf 90' lang='lat' dir='ltr'><strong>usus</strong></span> <span class='ocrx_word' id='word_1_450' title='bbox 1277 4171 1549 4222; x_wconf 89' lang='lat' dir='ltr'><strong>materna</strong></span> <span class='ocrx_word' id='word_1_451' title='bbox 1570 4166 1667 4222; x_wconf 89' lang='lat' dir='ltr'><strong>illa</strong></span> <span class='ocrx_word' id='word_1_452' title='bbox 1695 4168 2018 4223; x_wconf 87' lang='lat' dir='ltr'><strong>curatione.</strong></span> 
     </span>
    </p>
   </div>
   <div class='ocr_carea' id='block_1_64' title="bbox 438 4251 2021 4327">
    <p class='ocr_par' dir='ltr' id='par_1_64' title="bbox 438 4251 2021 4327">
     <span class='ocr_line' id='line_1_65' title="bbox 438 4251 2021 4327; baseline 0.005 -23"><span class='ocrx_word' id='word_1_453' title='bbox 438 4251 502 4305; x_wconf 89' lang='lat' dir='ltr'><strong>ll.</strong></span> <span class='ocrx_word' id='word_1_454' title='bbox 539 4254 861 4324; x_wconf 88' lang='lat' dir='ltr'><strong>Postquam</strong></span> <span class='ocrx_word' id='word_1_455' title='bbox 894 4259 1090 4309; x_wconf 91' lang='lat' dir='ltr'><strong>autem</strong></span> <span class='ocrx_word' id='word_1_456' title='bbox 1124 4254 1268 4311; x_wconf 86' lang='lat' dir='ltr'><strong>vidit</strong></span> <span class='ocrx_word' id='word_1_457' title='bbox 1296 4261 1463 4325; x_wconf 86' lang='lat' dir='ltr'><strong>pater</strong></span> <span class='ocrx_word' id='word_1_458' title='bbox 1492 4272 1628 4311; x_wconf 89' lang='lat' dir='ltr'><strong>eum</strong></span> <span class='ocrx_word' id='word_1_459' title='bbox 1663 4272 1767 4327; x_wconf 89' lang='lat' dir='ltr'><strong>per</strong></span> <span class='ocrx_word' id='word_1_460' title='bbox 1787 4260 2021 4312; x_wconf 64' lang='lat' dir='ltr'><strong>aetatem</strong></span> 
     </span>
    </p>
   </div>
   <div class='ocr_carea' id='block_1_65' title="bbox 362 4340 2022 4415">
    <p class='ocr_par' dir='ltr' id='par_1_65' title="bbox 362 4340 2022 4415">
     <span class='ocr_line' id='line_1_66' title="bbox 362 4340 2022 4415; baseline 0.004 -21"><span class='ocrx_word' id='word_1_461' title='bbox 362 4354 490 4395; x_wconf 89' lang='lat' dir='ltr'><strong>esse</strong></span> <span class='ocrx_word' id='word_1_462' title='bbox 520 4344 728 4411; x_wconf 90' lang='lat' dir='ltr'><strong>aptum</strong></span> <span class='ocrx_word' id='word_1_463' title='bbox 761 4340 1109 4415; x_wconf 88' lang='lat' dir='ltr'><strong>disciplinis,</strong></span> <span class='ocrx_word' id='word_1_464' title='bbox 1144 4344 1319 4399; x_wconf 89' lang='lat' dir='ltr'><strong>tradit</strong></span> <span class='ocrx_word' id='word_1_465' title='bbox 1352 4346 1769 4414; x_wconf 89' lang='lat' dir='ltr'><strong>grammatico,</strong></span> <span class='ocrx_word' id='word_1_466' title='bbox 1807 4344 2022 4401; x_wconf 89' lang='lat' dir='ltr'><strong>deinde</strong></span> 
     </span>
    </p>
   </div>
   <div class='ocr_carea' id='block_1_66' title="bbox 363 4430 2021 4507">
    <p class='ocr_par' dir='ltr' id='par_1_66' title="bbox 363 4430 2021 4507">
     <span class='ocr_line' id='line_1_67' title="bbox 363 4430 2021 4507; baseline 0.003 -23"><span class='ocrx_word' id='word_1_467' title='bbox 363 4430 822 4501; x_wconf 65' lang='lat' dir='ltr'><strong>pmieeptoribus</strong></span> <span class='ocrx_word' id='word_1_468' title='bbox 878 4437 934 4487; x_wconf 88' lang='lat' dir='ltr'><strong>et</strong></span> <span class='ocrx_word' id='word_1_469' title='bbox 988 4432 1441 4489; x_wconf 88' lang='lat' dir='ltr'><strong>institutoribus.</strong></span> <span class='ocrx_word' id='word_1_470' title='bbox 1502 4433 1823 4507; x_wconf 87' lang='lat' dir='ltr'><strong>Postquam</strong></span> <span class='ocrx_word' id='word_1_471' title='bbox 1879 4450 2021 4490; x_wconf 88' lang='lat' dir='ltr'><strong>vero</strong></span> 
     </span>
    </p>
   </div>
   <div class='ocr_carea' id='block_1_67' title="bbox 2141 3278 3740 3357">
    <p class='ocr_par' dir='ltr' id='par_1_67' title="bbox 2141 3278 3740 3357">
     <span class='ocr_line' id='line_1_68' title="bbox 2141 3278 3740 3357; baseline -0.001 -27"><span class='ocrx_word' id='word_1_472' title='bbox 2141 3297 2308 3348; x_wconf 87' lang='grc' dir='ltr'>μενος,</span> <span class='ocrx_word' id='word_1_473' title='bbox 2364 3282 2473 3342; x_wconf 83' lang='grc' dir='ltr'>υἱὸς</span> <span class='ocrx_word' id='word_1_474' title='bbox 2529 3278 2587 3334; x_wconf 73' lang='grc' dir='ltr'>δὲ</span> <span class='ocrx_word' id='word_1_475' title='bbox 2642 3286 2708 3332; x_wconf 82' lang='grc' dir='ltr'>ὧν</span> <span class='ocrx_word' id='word_1_476' title='bbox 2764 3282 3107 3357; x_wconf 75' lang='grc' dir='ltr'>Εύστοργίου,</span> <span class='ocrx_word' id='word_1_477' title='bbox 3154 3280 3425 3353; x_wconf 78' lang='grc' dir='ltr'>ἐπιφανοῦς</span> <span class='ocrx_word' id='word_1_478' title='bbox 3471 3282 3555 3331; x_wconf 85' lang='grc' dir='ltr'>τὸν</span> <span class='ocrx_word' id='word_1_479' title='bbox 3598 3278 3740 3350; x_wconf 85' lang='grc' dir='ltr'>βίον,</span> 
     </span>
    </p>
   </div>
   <div class='ocr_carea' id='block_1_68' title="bbox 2141 3367 3743 3442">
    <p class='ocr_par' dir='ltr' id='par_1_68' title="bbox 2141 3367 3743 3442">
     <span class='ocr_line' id='line_1_69' title="bbox 2141 3367 3743 3442; baseline 0.004 -24"><span class='ocrx_word' id='word_1_480' title='bbox 2141 3367 2535 3442; x_wconf 78' lang='grc' dir='ltr'>ἐπιφανεστέρου</span> <span class='ocrx_word' id='word_1_481' title='bbox 2590 3370 2756 3441; x_wconf 80' lang='grc' dir='ltr'>πολλῷ</span> <span class='ocrx_word' id='word_1_482' title='bbox 2821 3376 2911 3429; x_wconf 78' lang='grc' dir='ltr'>τὴν</span> <span class='ocrx_word' id='word_1_483' title='bbox 2970 3370 3227 3424; x_wconf 75' lang='grc' dir='ltr'>ἀσέϐειανο</span> <span class='ocrx_word' id='word_1_484' title='bbox 3288 3372 3353 3423; x_wconf 82' lang='grc' dir='ltr'>τὰ</span> <span class='ocrx_word' id='word_1_485' title='bbox 3405 3368 3507 3442; x_wconf 71' lang='grc' dir='ltr'><strong>γάρ</strong></span> <span class='ocrx_word' id='word_1_486' title='bbox 3560 3368 3743 3425; x_wconf 79' lang='grc' dir='ltr'><strong>Ἑλλή-</strong></span> 
     </span>
    </p>
   </div>
   <div class='ocr_carea' id='block_1_69' title="bbox 2138 3456 3741 3533">
    <p class='ocr_par' dir='ltr' id='par_1_69' title="bbox 2138 3456 3741 3533">
     <span class='ocr_line' id='line_1_70' title="bbox 2138 3456 3741 3533; baseline 0.002 -28"><span class='ocrx_word' id='word_1_487' title='bbox 2138 3476 2235 3506; x_wconf 89' lang='grc' dir='ltr'><strong>νων</strong></span> <span class='ocrx_word' id='word_1_488' title='bbox 2288 3456 2553 3529; x_wconf 85' lang='grc' dir='ltr'>σεϐόμενος</span> <span class='ocrx_word' id='word_1_489' title='bbox 2591 3456 2653 3518; x_wconf 75' lang='grc' dir='ltr'>ἦν</span> <span class='ocrx_word' id='word_1_490' title='bbox 2704 3465 2794 3513; x_wconf 87' lang='grc' dir='ltr'><strong>καὶ</strong></span> <span class='ocrx_word' id='word_1_491' title='bbox 2848 3462 3031 3533; x_wconf 81' lang='grc' dir='ltr'>θερμὸν</span> <span class='ocrx_word' id='word_1_492' title='bbox 3090 3463 3226 3532; x_wconf 75' lang='grc' dir='ltr'>ἔχων</span> <span class='ocrx_word' id='word_1_493' title='bbox 3281 3464 3397 3533; x_wconf 78' lang='grc' dir='ltr'>περὶ</span> <span class='ocrx_word' id='word_1_494' title='bbox 3440 3467 3607 3510; x_wconf 76' lang='grc' dir='ltr'>ταῦτα</span> <span class='ocrx_word' id='word_1_495' title='bbox 3649 3460 3741 3510; x_wconf 85' lang='grc' dir='ltr'>τὸν</span> 
     </span>
    </p>
   </div>
   <div class='ocr_carea' id='block_1_70' title="bbox 2140 3544 3740 3623">
    <p class='ocr_par' dir='ltr' id='par_1_70' title="bbox 2140 3544 3740 3623">
     <span class='ocr_line' id='line_1_71' title="bbox 2140 3544 3740 3623; baseline 0.002 -28"><span class='ocrx_word' id='word_1_496' title='bbox 2140 3544 2315 3604; x_wconf 80' lang='grc' dir='ltr'>ζῆλον.</span> <span class='ocrx_word' id='word_1_497' title='bbox 2370 3553 2557 3623; x_wconf 79' lang='grc' dir='ltr'>Μήτηρ</span> <span class='ocrx_word' id='word_1_498' title='bbox 2621 3545 2679 3601; x_wconf 72' lang='grc' dir='ltr'>δὲ</span> <span class='ocrx_word' id='word_1_499' title='bbox 2734 3548 2904 3621; x_wconf 77' lang='grc' dir='ltr'>ἐκείνῳ</span> <span class='ocrx_word' id='word_1_500' title='bbox 2963 3554 3152 3618; x_wconf 75' lang='grc' dir='ltr'>πιστὴ,</span> <span class='ocrx_word' id='word_1_501' title='bbox 3215 3553 3303 3600; x_wconf 83' lang='grc' dir='ltr'>καὶ</span> <span class='ocrx_word' id='word_1_502' title='bbox 3359 3549 3460 3600; x_wconf 88' lang='grc' dir='ltr'>ὃσα</span> <span class='ocrx_word' id='word_1_503' title='bbox 3511 3551 3629 3620; x_wconf 86' lang='grc' dir='ltr'>περὶ</span> <span class='ocrx_word' id='word_1_504' title='bbox 3676 3550 3740 3598; x_wconf 85' lang='grc' dir='ltr'><strong>τὸ</strong></span> 
     </span>
    </p>
   </div>
   <div class='ocr_carea' id='block_1_71' title="bbox 2141 3632 3744 3710">
    <p class='ocr_par' dir='ltr' id='par_1_71' title="bbox 2141 3632 3744 3710">
     <span class='ocr_line' id='line_1_72' title="bbox 2141 3632 3744 3710; baseline 0.001 -25"><span class='ocrx_word' id='word_1_505' title='bbox 2141 3632 2310 3698; x_wconf 85' lang='grc' dir='ltr'>σέϐας,</span> <span class='ocrx_word' id='word_1_506' title='bbox 2345 3634 2399 3687; x_wconf 83' lang='grc' dir='ltr'><strong>έκ</strong></span> <span class='ocrx_word' id='word_1_507' title='bbox 2448 3633 2731 3710; x_wconf 81' lang='grc' dir='ltr'>διαμέτρου</span> <span class='ocrx_word' id='word_1_508' title='bbox 2783 3642 2907 3710; x_wconf 78' lang='grc' dir='ltr'>πρὸς</span> <span class='ocrx_word' id='word_1_509' title='bbox 2953 3642 3040 3690; x_wconf 88' lang='grc' dir='ltr'>τὸν</span> <span class='ocrx_word' id='word_1_510' title='bbox 3091 3638 3254 3700; x_wconf 76' lang='grc' dir='ltr'>αὐτῆς</span> <span class='ocrx_word' id='word_1_511' title='bbox 3308 3634 3477 3709; x_wconf 75' lang='grc' dir='ltr'>ἄνδρα</span> <span class='ocrx_word' id='word_1_512' title='bbox 3534 3632 3744 3688; x_wconf 86' lang='grc' dir='ltr'>διακει-</span> 
     </span>
    </p>
   </div>
   <div class='ocr_carea' id='block_1_72' title="bbox 2136 3724 3736 3801">
    <p class='ocr_par' dir='ltr' id='par_1_72' title="bbox 2136 3724 3736 3801">
     <span class='ocr_line' id='line_1_73' title="bbox 2136 3724 3736 3801; baseline 0.001 -27"><span class='ocrx_word' id='word_1_513' title='bbox 2136 3728 2260 3795; x_wconf 88' lang='grc' dir='ltr'>μένη</span> <span class='ocrx_word' id='word_1_514' title='bbox 2294 3724 2540 3788; x_wconf 74' lang='grc' dir='ltr'>εὐϐούλως</span> <span class='ocrx_word' id='word_1_515' title='bbox 2568 3746 2620 3779; x_wconf 88' lang='grc' dir='ltr'><strong>τε</strong></span> <span class='ocrx_word' id='word_1_516' title='bbox 2658 3731 2687 3785; x_wconf 69' lang='lat' dir='ltr'><strong>ﬁ</strong></span> <span class='ocrx_word' id='word_1_517' title='bbox 2735 3726 2965 3786; x_wconf 81' lang='grc' dir='ltr'>Εύϐούλη</span> <span class='ocrx_word' id='word_1_518' title='bbox 2999 3730 3178 3797; x_wconf 79' lang='grc' dir='ltr'>(τοῦτο</span> <span class='ocrx_word' id='word_1_519' title='bbox 3222 3730 3324 3801; x_wconf 72' lang='grc' dir='ltr'><strong>γὰρ</strong></span> <span class='ocrx_word' id='word_1_520' title='bbox 3374 3726 3503 3798; x_wconf 71' lang='grc' dir='ltr'>αὐτῇ</span> <span class='ocrx_word' id='word_1_521' title='bbox 3548 3725 3736 3796; x_wconf 80' lang='grc' dir='ltr'>ὄνομα)</span> 
     </span>
    </p>
   </div>
   <div class='ocr_carea' id='block_1_73' title="bbox 2134 3815 3738 3891">
    <p class='ocr_par' dir='ltr' id='par_1_73' title="bbox 2134 3815 3738 3891">
     <span class='ocr_line' id='line_1_74' title="bbox 2134 3815 3738 3891; baseline -0.001 -25"><span class='ocrx_word' id='word_1_522' title='bbox 2134 3817 2265 3885; x_wconf 85' lang='grc' dir='ltr'>πρὸς</span> <span class='ocrx_word' id='word_1_523' title='bbox 2318 3817 2382 3866; x_wconf 82' lang='grc' dir='ltr'>τὰ</span> <span class='ocrx_word' id='word_1_524' title='bbox 2410 3824 2507 3868; x_wconf 84' lang='grc' dir='ltr'>τῶν</span> <span class='ocrx_word' id='word_1_525' title='bbox 2558 3823 2885 3891; x_wconf 72' lang='grc' dir='ltr'>Χριστιανῶν</span> <span class='ocrx_word' id='word_1_526' title='bbox 2940 3819 3163 3888; x_wconf 83' lang='grc' dir='ltr'>ἔχουσα.</span> <span class='ocrx_word' id='word_1_527' title='bbox 3203 3815 3327 3869; x_wconf 74' lang='grc' dir='ltr'><strong>’Υπό</strong></span> <span class='ocrx_word' id='word_1_528' title='bbox 3373 3817 3586 3886; x_wconf 78' lang='grc' dir='ltr'>τοιαύτη</span> <span class='ocrx_word' id='word_1_529' title='bbox 3629 3818 3738 3866; x_wconf 87' lang='grc' dir='ltr'>τοί-</span> 
     </span>
    </p>
   </div>
   <div class='ocr_carea' id='block_1_74' title="bbox 2134 3901 3737 3981">
    <p class='ocr_par' dir='ltr' id='par_1_74' title="bbox 2134 3901 3737 3981">
     <span class='ocr_line' id='line_1_75' title="bbox 2134 3901 3737 3981; baseline 0.007 -30"><span class='ocrx_word' id='word_1_530' title='bbox 2134 3920 2220 3952; x_wconf 87' lang='grc' dir='ltr'><strong>νυν</strong></span> <span class='ocrx_word' id='word_1_531' title='bbox 2268 3908 2429 3978; x_wconf 83' lang='grc' dir='ltr'>μητρὶ</span> <span class='ocrx_word' id='word_1_532' title='bbox 2459 3910 2547 3957; x_wconf 84' lang='grc' dir='ltr'>καὶ</span> <span class='ocrx_word' id='word_1_533' title='bbox 2595 3901 2906 3977; x_wconf 77' lang='grc' dir='ltr'>διδασκάλῳ</span> <span class='ocrx_word' id='word_1_534' title='bbox 2938 3908 2963 3958; x_wconf 91' lang='lat'><strong>6</strong></span> <span class='ocrx_word' id='word_1_535' title='bbox 3015 3904 3208 3978; x_wconf 73' lang='grc' dir='ltr'>ἀγαθὸς</span> <span class='ocrx_word' id='word_1_536' title='bbox 3254 3908 3558 3981; x_wconf 71' lang='grc' dir='ltr'>τρεφόμενος</span> <span class='ocrx_word' id='word_1_537' title='bbox 3607 3911 3737 3963; x_wconf 81' lang='grc' dir='ltr'>παῖς</span> 
     </span>
    </p>
   </div>
   <div class='ocr_carea' id='block_1_75' title="bbox 2133 3992 3737 4067">
    <p class='ocr_par' dir='ltr' id='par_1_75' title="bbox 2133 3992 3737 4067">
     <span class='ocr_line' id='line_1_76' title="bbox 2133 3992 3737 4067; baseline 0.001 -26"><span class='ocrx_word' id='word_1_538' title='bbox 2133 3995 2226 4048; x_wconf 85' lang='grc' dir='ltr'>τὴν</span> <span class='ocrx_word' id='word_1_539' title='bbox 2269 3997 2571 4062; x_wconf 77' lang='grc' dir='ltr'>σωματικὴν</span> <span class='ocrx_word' id='word_1_540' title='bbox 2623 3992 2733 4065; x_wconf 80' lang='grc' dir='ltr'>ἅμα</span> <span class='ocrx_word' id='word_1_541' title='bbox 2787 3999 2977 4067; x_wconf 72' lang='grc' dir='ltr'>τροφήν</span> <span class='ocrx_word' id='word_1_542' title='bbox 3029 4013 3081 4047; x_wconf 87' lang='grc' dir='ltr'><strong>τε</strong></span> <span class='ocrx_word' id='word_1_543' title='bbox 3128 3999 3216 4046; x_wconf 87' lang='lat' dir='ltr'><strong>xui</strong></span> <span class='ocrx_word' id='word_1_544' title='bbox 3255 3999 3348 4052; x_wconf 80' lang='grc' dir='ltr'>τὴν</span> <span class='ocrx_word' id='word_1_545' title='bbox 3378 3996 3737 4065; x_wconf 80' lang='grc' dir='ltr'>πνευματικὴν</span> 
     </span>
    </p>
   </div>
   <div class='ocr_carea' id='block_1_76' title="bbox 2134 4078 3739 4154">
    <p class='ocr_par' dir='ltr' id='par_1_76' title="bbox 2134 4078 3739 4154">
     <span class='ocr_line' id='line_1_77' title="bbox 2134 4078 3739 4154; baseline -0.001 -23"><span class='ocrx_word' id='word_1_546' title='bbox 2134 4078 2492 4152; x_wconf 81' lang='grc' dir='ltr'>ἀποστερεῖται</span> <span class='ocrx_word' id='word_1_547' title='bbox 2547 4084 2741 4143; x_wconf 80' lang='grc' dir='ltr'>ταύτης</span> <span class='ocrx_word' id='word_1_548' title='bbox 2795 4087 2934 4154; x_wconf 78' lang='grc' dir='ltr'><strong>νόμῷ</strong></span> <span class='ocrx_word' id='word_1_549' title='bbox 2995 4085 3218 4136; x_wconf 88' lang='grc' dir='ltr'>θανάτου</span> <span class='ocrx_word' id='word_1_550' title='bbox 3271 4087 3361 4135; x_wconf 84' lang='grc' dir='ltr'><strong>καὶ</strong></span> <span class='ocrx_word' id='word_1_551' title='bbox 3409 4090 3504 4141; x_wconf 76' lang='grc' dir='ltr'><strong>τῆς</strong></span> <span class='ocrx_word' id='word_1_552' title='bbox 3559 4088 3739 4140; x_wconf 82' lang='grc' dir='ltr'>κοινῆς</span> 
     </span>
    </p>
   </div>
   <div class='ocr_carea' id='block_1_77' title="bbox 2133 4167 3488 4245">
    <p class='ocr_par' dir='ltr' id='par_1_77' title="bbox 2133 4167 3488 4245">
     <span class='ocr_line' id='line_1_78' title="bbox 2133 4167 3488 4245; baseline 0.004 -26"><span class='ocrx_word' id='word_1_553' title='bbox 2133 4172 2354 4240; x_wconf 78' lang='grc' dir='ltr'>φύσεως,</span> <span class='ocrx_word' id='word_1_554' title='bbox 2384 4167 2529 4228; x_wconf 81' lang='grc' dir='ltr'>ἀτελῆ</span> <span class='ocrx_word' id='word_1_555' title='bbox 2563 4172 2639 4221; x_wconf 82' lang='grc' dir='ltr'>ἔτι</span> <span class='ocrx_word' id='word_1_556' title='bbox 2670 4175 2758 4223; x_wconf 81' lang='grc' dir='ltr'>καὶ</span> <span class='ocrx_word' id='word_1_557' title='bbox 2789 4172 2956 4245; x_wconf 79' lang='grc' dir='ltr'>ἄωρον</span> <span class='ocrx_word' id='word_1_558' title='bbox 2988 4173 3125 4242; x_wconf 73' lang='grc' dir='ltr'>ἄγων</span> <span class='ocrx_word' id='word_1_559' title='bbox 3151 4175 3245 4230; x_wconf 80' lang='grc' dir='ltr'><strong>τὴν</strong></span> <span class='ocrx_word' id='word_1_560' title='bbox 3263 4171 3488 4229; x_wconf 82' lang='grc' dir='ltr'>ἠλικίαν.</span> 
     </span>
    </p>
   </div>
   <div class='ocr_carea' id='block_1_78' title="bbox 2204 4255 3735 4334">
    <p class='ocr_par' dir='ltr' id='par_1_78' title="bbox 2204 4255 3735 4334">
     <span class='ocr_line' id='line_1_79' title="bbox 2204 4255 3735 4334; baseline 0.001 -24"><span class='ocrx_word' id='word_1_561' title='bbox 2204 4257 2273 4313; x_wconf 81' lang='grc' dir='ltr'><strong>Β’.</strong></span> <span class='ocrx_word' id='word_1_562' title='bbox 2302 4261 2444 4311; x_wconf 78' lang='grc' dir='ltr'>Ἐπεὶ</span> <span class='ocrx_word' id='word_1_563' title='bbox 2496 4255 2583 4311; x_wconf 78' lang='grc' dir='ltr'>οὖν</span> <span class='ocrx_word' id='word_1_564' title='bbox 2631 4262 2655 4311; x_wconf 92' lang='lat'><strong>6</strong></span> <span class='ocrx_word' id='word_1_565' title='bbox 2698 4265 2868 4334; x_wconf 81' lang='grc' dir='ltr'>πατὴρ</span> <span class='ocrx_word' id='word_1_566' title='bbox 2926 4264 3061 4333; x_wconf 69' lang='grc' dir='ltr'>ὧραι</span> <span class='ocrx_word' id='word_1_567' title='bbox 3112 4262 3264 4314; x_wconf 71' lang='grc' dir='ltr'>αὐτὸν</span> <span class='ocrx_word' id='word_1_568' title='bbox 3305 4264 3445 4333; x_wconf 79' lang='grc' dir='ltr'>ἔχειν</span> <span class='ocrx_word' id='word_1_569' title='bbox 3483 4256 3735 4320; x_wconf 78' lang='grc' dir='ltr'>παιδείας</span> 
     </span>
    </p>
   </div>
   <div class='ocr_carea' id='block_1_79' title="bbox 2132 4345 3735 4423">
    <p class='ocr_par' dir='ltr' id='par_1_79' title="bbox 2132 4345 3735 4423">
     <span class='ocr_line' id='line_1_80' title="bbox 2132 4345 3735 4423; baseline -0.009 -10"><span class='ocrx_word' id='word_1_570' title='bbox 2132 4346 2283 4420; x_wconf 76' lang='grc' dir='ltr'>ἑώρα,</span> <span class='ocrx_word' id='word_1_571' title='bbox 2318 4357 2689 4422; x_wconf 71' lang='grc' dir='ltr'>’γραμματιστῇ</span> <span class='ocrx_word' id='word_1_572' title='bbox 2738 4354 2897 4423; x_wconf 78' lang='grc' dir='ltr'>φέρων</span> <span class='ocrx_word' id='word_1_573' title='bbox 2930 4348 3175 4404; x_wconf 83' lang='grc' dir='ltr'>δίδωσιν·</span> <span class='ocrx_word' id='word_1_574' title='bbox 3222 4353 3334 4404; x_wconf 82' lang='grc' dir='ltr'>εἶτα</span> <span class='ocrx_word' id='word_1_575' title='bbox 3382 4345 3735 4412; x_wconf 82' lang='grc' dir='ltr'>διδασκάλοις</span> 
     </span>
    </p>
   </div>
   <div class='ocr_carea' id='block_1_80' title="bbox 2130 4434 3733 4512">
    <p class='ocr_par' dir='ltr' id='par_1_80' title="bbox 2130 4434 3733 4512">
     <span class='ocr_line' id='line_1_81' title="bbox 2130 4434 3733 4512; baseline 0.001 -24"><span class='ocrx_word' id='word_1_576' title='bbox 2130 4442 2219 4489; x_wconf 90' lang='lat' dir='ltr'><strong>xui</strong></span> <span class='ocrx_word' id='word_1_577' title='bbox 2272 4434 2601 4500; x_wconf 84' lang='grc' dir='ltr'>παιδευταῖς.</span> <span class='ocrx_word' id='word_1_578' title='bbox 2649 4438 2735 4500; x_wconf 81' lang='grc' dir='ltr'>Ὠς</span> <span class='ocrx_word' id='word_1_579' title='bbox 2790 4437 2848 4491; x_wconf 72' lang='grc' dir='ltr'>δὲ</span> <span class='ocrx_word' id='word_1_580' title='bbox 2895 4442 3082 4502; x_wconf 80' lang='grc' dir='ltr'>ἱκανῶς</span> <span class='ocrx_word' id='word_1_581' title='bbox 3113 4439 3225 4512; x_wconf 83' lang='grc' dir='ltr'>εἶχε</span> <span class='ocrx_word' id='word_1_582' title='bbox 3272 4440 3597 4512; x_wconf 81' lang='grc' dir='ltr'>μαθημάτων</span> <span class='ocrx_word' id='word_1_583' title='bbox 3640 4443 3733 4490; x_wconf 85' lang='grc' dir='ltr'><strong>καὶ</strong></span> 
     </span>
    </p>
   </div>
   <div class='ocr_carea' id='block_1_81' title="bbox 364 4497 2028 4603">
    <p class='ocr_par' dir='ltr' id='par_1_81' title="bbox 364 4497 2022 4595">
     <span class='ocr_line' id='line_1_82' title="bbox 364 4497 2022 4595; baseline 0.002 -20"><span class='ocrx_word' id='word_1_584' title='bbox 364 4497 473 4576; x_wconf 74' lang='lat' dir='ltr'><strong>fuit</strong></span> <span class='ocrx_word' id='word_1_585' title='bbox 496 4497 796 4576; x_wconf 32' lang='lat' dir='ltr'><strong>invGrazcis</strong></span> <span class='ocrx_word' id='word_1_586' title='bbox 819 4522 961 4577; x_wconf 87' lang='lat' dir='ltr'><strong>satis</strong></span> <span class='ocrx_word' id='word_1_587' title='bbox 993 4521 1203 4577; x_wconf 90' lang='lat' dir='ltr'><strong>doctus</strong></span> <span class='ocrx_word' id='word_1_588' title='bbox 1224 4521 1541 4595; x_wconf 87' lang='lat' dir='ltr'><strong>diciplinis,</strong></span> <span class='ocrx_word' id='word_1_589' title='bbox 1570 4497 1816 4579; x_wconf 72' lang='lat' dir='ltr'><strong>docetur</strong></span> <span class='ocrx_word' id='word_1_590' title='bbox 1837 4524 2022 4579; x_wconf 85' lang='lat' dir='ltr'><strong>medi-</strong></span> 
     </span>
    </p>
   </div>
   <div class='ocr_carea' id='block_1_82' title="bbox 2142 4497 3732 4603">
    <p class='ocr_par' dir='ltr' id='par_1_82' title="bbox 2142 4525 3732 4603">
     <span class='ocr_line' id='line_1_83' title="bbox 2142 4525 3732 4603; baseline 0 -25"><span class='ocrx_word' id='word_1_591' title='bbox 2142 4531 2290 4598; x_wconf 49' lang='grc' dir='ltr'>λόγων</span> <span class='ocrx_word' id='word_1_592' title='bbox 2344 4526 2667 4593; x_wconf 82' lang='grc' dir='ltr'>Ἑλληνικῶν,</span> <span class='ocrx_word' id='word_1_593' title='bbox 2727 4532 2793 4580; x_wconf 81' lang='grc' dir='ltr'>τὰ</span> <span class='ocrx_word' id='word_1_594' title='bbox 2838 4537 2938 4580; x_wconf 88' lang='grc' dir='ltr'>τῶν</span> <span class='ocrx_word' id='word_1_595' title='bbox 2990 4530 3174 4603; x_wconf 78' lang='grc' dir='ltr'>ἰατρῶν</span> <span class='ocrx_word' id='word_1_596' title='bbox 3233 4528 3458 4581; x_wconf 82' lang='grc' dir='ltr'>έκπονεῖν</span> <span class='ocrx_word' id='word_1_597' title='bbox 3516 4525 3732 4579; x_wconf 79' lang='grc' dir='ltr'>δίδοται</span> 
     </span>
    </p>
   </div>
   <div class='ocr_carea' id='block_1_83' title="bbox 360 4608 2015 4682">
    <p class='ocr_par' dir='ltr' id='par_1_83' title="bbox 360 4608 2015 4682">
     <span class='ocr_line' id='line_1_84' title="bbox 360 4608 2015 4682; baseline 0.004 -19"><span class='ocrx_word' id='word_1_598' title='bbox 360 4608 576 4676; x_wconf 86' lang='lat' dir='ltr'><strong>cinam,</strong></span> <span class='ocrx_word' id='word_1_599' title='bbox 597 4610 655 4665; x_wconf 91' lang='lat' dir='ltr'><strong>in</strong></span> <span class='ocrx_word' id='word_1_600' title='bbox 686 4626 757 4666; x_wconf 91' lang='lat' dir='ltr'><strong>ea</strong></span> <span class='ocrx_word' id='word_1_601' title='bbox 783 4614 905 4667; x_wconf 91' lang='lat' dir='ltr'><strong>arte</strong></span> <span class='ocrx_word' id='word_1_602' title='bbox 935 4611 1036 4667; x_wconf 91' lang='lat' dir='ltr'><strong>illo</strong></span> <span class='ocrx_word' id='word_1_603' title='bbox 1066 4617 1331 4682; x_wconf 87' lang='lat' dir='ltr'><strong>tempore</strong></span> <span class='ocrx_word' id='word_1_604' title='bbox 1357 4612 1479 4667; x_wconf 90' lang='lat' dir='ltr'><strong>viro</strong></span> <span class='ocrx_word' id='word_1_605' title='bbox 1505 4611 2015 4678; x_wconf 84' lang='lat' dir='ltr'><strong>excellentissimo,</strong></span> 
     </span>
    </p>
   </div>
   <div class='ocr_carea' id='block_1_84' title="bbox 358 4697 2019 4772">
    <p class='ocr_par' dir='ltr' id='par_1_84' title="bbox 358 4697 2019 4772">
     <span class='ocr_line' id='line_1_85' title="bbox 358 4697 2019 4772; baseline 0.001 -17"><span class='ocrx_word' id='word_1_606' title='bbox 358 4697 602 4755; x_wconf 89' lang='lat' dir='ltr'><strong>nomine</strong></span> <span class='ocrx_word' id='word_1_607' title='bbox 633 4699 1050 4772; x_wconf 88' lang='lat' dir='ltr'><strong>Euphrosyuo,</strong></span> <span class='ocrx_word' id='word_1_608' title='bbox 1087 4700 1335 4756; x_wconf 89' lang='lat' dir='ltr'><strong>traditus</strong></span> <span class='ocrx_word' id='word_1_609' title='bbox 1365 4700 1421 4755; x_wconf 92' lang='lat' dir='ltr'><strong>in</strong></span> <span class='ocrx_word' id='word_1_610' title='bbox 1465 4700 1863 4772; x_wconf 83' lang='lat' dir='ltr'><strong>disciplinam.</strong></span> <span class='ocrx_word' id='word_1_611' title='bbox 1923 4700 2019 4757; x_wconf 90' lang='lat' dir='ltr'><strong>llle</strong></span> 
     </span>
    </p>
   </div>
   <div class='ocr_carea' id='block_1_85' title="bbox 359 4787 2017 4863">
    <p class='ocr_par' dir='ltr' id='par_1_85' title="bbox 359 4787 2017 4863">
     <span class='ocr_line' id='line_1_86' title="bbox 359 4787 2017 4863; baseline 0.001 -18"><span class='ocrx_word' id='word_1_612' title='bbox 359 4792 559 4845; x_wconf 85' lang='lat' dir='ltr'><strong>autem</strong></span> <span class='ocrx_word' id='word_1_613' title='bbox 594 4787 885 4845; x_wconf 89' lang='lat' dir='ltr'><strong>celeritate</strong></span> <span class='ocrx_word' id='word_1_614' title='bbox 935 4789 1175 4857; x_wconf 89' lang='lat' dir='ltr'><strong>ingenii,</strong></span> <span class='ocrx_word' id='word_1_615' title='bbox 1216 4794 1502 4862; x_wconf 90' lang='lat' dir='ltr'><strong>tanquam</strong></span> <span class='ocrx_word' id='word_1_616' title='bbox 1554 4789 1684 4846; x_wconf 89' lang='lat' dir='ltr'><strong>avis</strong></span> <span class='ocrx_word' id='word_1_617' title='bbox 1734 4791 2017 4863; x_wconf 66' lang='lat' dir='ltr'><strong>quaedam</strong></span> 
     </span>
    </p>
   </div>
   <div class='ocr_carea' id='block_1_86' title="bbox 358 4877 2016 4952">
    <p class='ocr_par' dir='ltr' id='par_1_86' title="bbox 358 4877 2016 4952">
     <span class='ocr_line' id='line_1_87' title="bbox 358 4877 2016 4952; baseline 0.002 -19"><span class='ocrx_word' id='word_1_618' title='bbox 358 4893 570 4933; x_wconf 89' lang='lat' dir='ltr'><strong>secans</strong></span> <span class='ocrx_word' id='word_1_619' title='bbox 601 4892 822 4947; x_wconf 90' lang='lat' dir='ltr'><strong>aerem,</strong></span> <span class='ocrx_word' id='word_1_620' title='bbox 883 4894 1106 4948; x_wconf 86' lang='lat' dir='ltr'><strong>magna</strong></span> <span class='ocrx_word' id='word_1_621' title='bbox 1149 4877 1429 4935; x_wconf 87' lang='lat' dir='ltr'><strong>facilitate</strong></span> <span class='ocrx_word' id='word_1_622' title='bbox 1481 4879 1686 4936; x_wconf 89' lang='lat' dir='ltr'><strong>omnia</strong></span> <span class='ocrx_word' id='word_1_623' title='bbox 1736 4881 2016 4952; x_wconf 89' lang='lat' dir='ltr'><strong>pervasit,</strong></span> 
     </span>
    </p>
   </div>
   <div class='ocr_carea' id='block_1_87' title="bbox 355 4966 2016 5041">
    <p class='ocr_par' dir='ltr' id='par_1_87' title="bbox 355 4966 2016 5041">
     <span class='ocr_line' id='line_1_88' title="bbox 355 4966 2016 5041; baseline 0.001 -17"><span class='ocrx_word' id='word_1_624' title='bbox 355 4982 572 5039; x_wconf 88' lang='lat' dir='ltr'><strong>parum</strong></span> <span class='ocrx_word' id='word_1_625' title='bbox 600 4966 877 5038; x_wconf 90' lang='lat' dir='ltr'><strong>indigens</strong></span> <span class='ocrx_word' id='word_1_626' title='bbox 896 4983 1103 5025; x_wconf 90' lang='lat' dir='ltr'><strong>eorum</strong></span> <span class='ocrx_word' id='word_1_627' title='bbox 1117 4968 1219 5041; x_wconf 91' lang='lat' dir='ltr'><strong>qui</strong></span> <span class='ocrx_word' id='word_1_628' title='bbox 1246 4985 1380 5024; x_wconf 91' lang='lat' dir='ltr'><strong>eum</strong></span> <span class='ocrx_word' id='word_1_629' title='bbox 1410 4967 1782 5037; x_wconf 86' lang='lat' dir='ltr'><strong>adjuvarent,</strong></span> <span class='ocrx_word' id='word_1_630' title='bbox 1802 4969 2016 5025; x_wconf 87' lang='lat' dir='ltr'><strong>labori-</strong></span> 
     </span>
    </p>
   </div>
   <div class='ocr_carea' id='block_1_88' title="bbox 354 5055 2018 5131">
    <p class='ocr_par' dir='ltr' id='par_1_88' title="bbox 354 5055 2018 5131">
     <span class='ocr_line' id='line_1_89' title="bbox 354 5055 2018 5131; baseline -0.001 -18"><span class='ocrx_word' id='word_1_631' title='bbox 354 5055 489 5124; x_wconf 90' lang='lat' dir='ltr'><strong>bus,</strong></span> <span class='ocrx_word' id='word_1_632' title='bbox 523 5062 767 5130; x_wconf 84' lang='lat' dir='ltr'><strong>propter</strong></span> <span class='ocrx_word' id='word_1_633' title='bbox 798 5058 949 5113; x_wconf 90' lang='lat' dir='ltr'><strong>vires</strong></span> <span class='ocrx_word' id='word_1_634' title='bbox 978 5058 1216 5127; x_wconf 88' lang='lat' dir='ltr'><strong>ingenii.</strong></span> <span class='ocrx_word' id='word_1_635' title='bbox 1275 5058 1487 5129; x_wconf 86' lang='lat' dir='ltr'><strong>Sicque</strong></span> <span class='ocrx_word' id='word_1_636' title='bbox 1537 5057 1700 5113; x_wconf 88' lang='lat' dir='ltr'><strong>brevi</strong></span> <span class='ocrx_word' id='word_1_637' title='bbox 1757 5058 2018 5131; x_wconf 66' lang='lat' dir='ltr'><strong>aequales</strong></span> 
     </span>
    </p>
   </div>
   <div class='ocr_carea' id='block_1_89' title="bbox 354 5145 2019 5218">
    <p class='ocr_par' dir='ltr' id='par_1_89' title="bbox 354 5145 2019 5218">
     <span class='ocr_line' id='line_1_90' title="bbox 354 5145 2019 5218; baseline 0 -15"><span class='ocrx_word' id='word_1_638' title='bbox 354 5158 566 5203; x_wconf 87' lang='lat' dir='ltr'><strong>omnes</strong></span> <span class='ocrx_word' id='word_1_639' title='bbox 596 5161 633 5202; x_wconf 90' lang='lat' dir='ltr'><strong>a</strong></span> <span class='ocrx_word' id='word_1_640' title='bbox 659 5152 821 5216; x_wconf 83' lang='lat' dir='ltr'><strong>tergo</strong></span> <span class='ocrx_word' id='word_1_641' title='bbox 852 5145 1106 5218; x_wconf 90' lang='lat' dir='ltr'><strong>reliquit.</strong></span> <span class='ocrx_word' id='word_1_642' title='bbox 1139 5149 1273 5203; x_wconf 88' lang='lat' dir='ltr'><strong>Erat</strong></span> <span class='ocrx_word' id='word_1_643' title='bbox 1299 5152 1498 5202; x_wconf 90' lang='lat' dir='ltr'><strong>autem</strong></span> <span class='ocrx_word' id='word_1_644' title='bbox 1527 5152 1583 5202; x_wconf 90' lang='lat' dir='ltr'><strong>et</strong></span> <span class='ocrx_word' id='word_1_645' title='bbox 1607 5147 1873 5204; x_wconf 83' lang='lat' dir='ltr'><strong>moribus</strong></span> <span class='ocrx_word' id='word_1_646' title='bbox 1896 5164 2019 5203; x_wconf 83' lang='lat' dir='ltr'><strong>mo-</strong></span> 
     </span>
    </p>
   </div>
   <div class='ocr_carea' id='block_1_90' title="bbox 355 5234 2019 5308">
    <p class='ocr_par' dir='ltr' id='par_1_90' title="bbox 355 5234 2019 5308">
     <span class='ocr_line' id='line_1_91' title="bbox 355 5234 2019 5308; baseline 0.002 -19"><span class='ocrx_word' id='word_1_647' title='bbox 355 5234 577 5300; x_wconf 88' lang='lat' dir='ltr'><strong>destus,</strong></span> <span class='ocrx_word' id='word_1_648' title='bbox 612 5239 668 5291; x_wconf 92' lang='lat' dir='ltr'><strong>et</strong></span> <span class='ocrx_word' id='word_1_649' title='bbox 687 5236 1301 5305; x_wconf 83' lang='lat' dir='ltr'><strong>sermonejucundus,</strong></span> <span class='ocrx_word' id='word_1_650' title='bbox 1325 5242 1382 5292; x_wconf 92' lang='lat' dir='ltr'><strong>et</strong></span> <span class='ocrx_word' id='word_1_651' title='bbox 1405 5235 1842 5308; x_wconf 88' lang='lat' dir='ltr'><strong>pulchritudine</strong></span> <span class='ocrx_word' id='word_1_652' title='bbox 1875 5237 2019 5292; x_wconf 88' lang='lat' dir='ltr'><strong>insi-</strong></span> 
     </span>
    </p>
   </div>
   <div class='ocr_carea' id='block_1_91' title="bbox 357 5324 2013 5398">
    <p class='ocr_par' dir='ltr' id='par_1_91' title="bbox 357 5324 2013 5398">
     <span class='ocr_line' id='line_1_92' title="bbox 357 5324 2013 5398; baseline 0.002 -20"><span class='ocrx_word' id='word_1_653' title='bbox 357 5324 510 5396; x_wconf 82' lang='lat' dir='ltr'><strong>gnis.</strong></span> <span class='ocrx_word' id='word_1_654' title='bbox 538 5325 679 5389; x_wconf 64' lang='lat' dir='ltr'><strong>Quae</strong></span> <span class='ocrx_word' id='word_1_655' title='bbox 693 5324 937 5398; x_wconf 91' lang='lat' dir='ltr'><strong>quidem</strong></span> <span class='ocrx_word' id='word_1_656' title='bbox 959 5324 1273 5391; x_wconf 84' lang='lat' dir='ltr'><strong>faciebant,</strong></span> <span class='ocrx_word' id='word_1_657' title='bbox 1301 5329 1365 5379; x_wconf 91' lang='lat' dir='ltr'><strong>ut</strong></span> <span class='ocrx_word' id='word_1_658' title='bbox 1394 5341 1531 5380; x_wconf 91' lang='lat' dir='ltr'><strong>cum</strong></span> <span class='ocrx_word' id='word_1_659' title='bbox 1558 5341 1779 5395; x_wconf 89' lang='lat' dir='ltr'><strong>magna</strong></span> <span class='ocrx_word' id='word_1_660' title='bbox 1807 5325 2013 5398; x_wconf 85' lang='lat' dir='ltr'><strong>volup-</strong></span> 
     </span>
    </p>
   </div>
   <div class='ocr_carea' id='block_1_92' title="bbox 358 5412 2016 5481">
    <p class='ocr_par' dir='ltr' id='par_1_92' title="bbox 358 5412 2016 5481">
     <span class='ocr_line' id='line_1_93' title="bbox 358 5412 2016 5481; baseline 0.001 -14"><span class='ocrx_word' id='word_1_661' title='bbox 358 5415 473 5467; x_wconf 88' lang='lat' dir='ltr'><strong>tate</strong></span> <span class='ocrx_word' id='word_1_662' title='bbox 498 5417 656 5467; x_wconf 87' lang='lat' dir='ltr'><strong>esset</strong></span> <span class='ocrx_word' id='word_1_663' title='bbox 677 5412 737 5466; x_wconf 91' lang='lat' dir='ltr'><strong>in</strong></span> <span class='ocrx_word' id='word_1_664' title='bbox 762 5429 862 5469; x_wconf 89' lang='lat' dir='ltr'><strong>ore</strong></span> <span class='ocrx_word' id='word_1_665' title='bbox 884 5413 1179 5481; x_wconf 91' lang='lat' dir='ltr'><strong>omnium,</strong></span> <span class='ocrx_word' id='word_1_666' title='bbox 1205 5419 1259 5470; x_wconf 91' lang='lat' dir='ltr'><strong>et</strong></span> <span class='ocrx_word' id='word_1_667' title='bbox 1287 5414 1602 5470; x_wconf 86' lang='lat' dir='ltr'><strong>haberetur</strong></span> <span class='ocrx_word' id='word_1_668' title='bbox 1633 5413 1712 5469; x_wconf 90' lang='lat' dir='ltr'><strong>ab</strong></span> <span class='ocrx_word' id='word_1_669' title='bbox 1737 5414 2016 5470; x_wconf 89' lang='lat' dir='ltr'><strong>omnibus</strong></span> 
     </span>
    </p>
   </div>
   <div class='ocr_carea' id='block_1_93' title="bbox 358 5499 2012 5577">
    <p class='ocr_par' dir='ltr' id='par_1_93' title="bbox 358 5499 2012 5577">
     <span class='ocr_line' id='line_1_94' title="bbox 358 5499 2012 5577; baseline 0.002 -22"><span class='ocrx_word' id='word_1_670' title='bbox 358 5500 417 5555; x_wconf 89' lang='lat' dir='ltr'><strong>in</strong></span> <span class='ocrx_word' id='word_1_671' title='bbox 442 5499 875 5556; x_wconf 89' lang='lat' dir='ltr'><strong>admiratione:</strong></span> <span class='ocrx_word' id='word_1_672' title='bbox 932 5502 1083 5558; x_wconf 85' lang='lat' dir='ltr'><strong>adeo</strong></span> <span class='ocrx_word' id='word_1_673' title='bbox 1133 5509 1193 5557; x_wconf 92' lang='lat' dir='ltr'><strong>ut</strong></span> <span class='ocrx_word' id='word_1_674' title='bbox 1241 5502 1365 5577; x_wconf 89' lang='lat' dir='ltr'><strong>ipse</strong></span> <span class='ocrx_word' id='word_1_675' title='bbox 1406 5502 1818 5570; x_wconf 79' lang='lat' dir='ltr'><strong>Maximianus,</strong></span> <span class='ocrx_word' id='word_1_676' title='bbox 1877 5520 2012 5559; x_wconf 91' lang='lat' dir='ltr'><strong>cum</strong></span> 
     </span>
    </p>
   </div>
   <div class='ocr_carea' id='block_1_94' title="bbox 358 5587 2013 5667">
    <p class='ocr_par' dir='ltr' id='par_1_94' title="bbox 358 5587 2013 5667">
     <span class='ocr_line' id='line_1_95' title="bbox 358 5587 2013 5667; baseline 0.001 -18"><span class='ocrx_word' id='word_1_677' title='bbox 358 5588 527 5649; x_wconf 85' lang='lat' dir='ltr'><strong>illum</strong></span> <span class='ocrx_word' id='word_1_678' title='bbox 545 5587 871 5663; x_wconf 88' lang='lat' dir='ltr'><strong>aliquando</strong></span> <span class='ocrx_word' id='word_1_679' title='bbox 893 5590 1140 5648; x_wconf 88' lang='lat' dir='ltr'><strong>vidisset</strong></span> <span class='ocrx_word' id='word_1_680' title='bbox 1153 5591 1504 5667; x_wconf 86' lang='lat' dir='ltr'><strong>(ventitabat</strong></span> <span class='ocrx_word' id='word_1_681' title='bbox 1523 5591 1683 5651; x_wconf 86' lang='lat' dir='ltr'><strong>enim</strong></span> <span class='ocrx_word' id='word_1_682' title='bbox 1695 5594 1751 5651; x_wconf 88' lang='lat' dir='ltr'><strong>in</strong></span> <span class='ocrx_word' id='word_1_683' title='bbox 1765 5593 2013 5666; x_wconf 88' lang='lat' dir='ltr'><strong>regiam,</strong></span> 
     </span>
    </p>
   </div>
   <div class='ocr_carea' id='block_1_95' title="bbox 2128 4613 3730 4690">
    <p class='ocr_par' dir='ltr' id='par_1_95' title="bbox 2128 4613 3730 4690">
     <span class='ocr_line' id='line_1_96' title="bbox 2128 4613 3730 4690; baseline 0 -21"><span class='ocrx_word' id='word_1_684' title='bbox 2128 4624 2199 4686; x_wconf 85' lang='grc' dir='ltr'>τῷ</span> <span class='ocrx_word' id='word_1_685' title='bbox 2251 4613 2626 4690; x_wconf 75' lang='grc' dir='ltr'>διαφορωτάτῳ</span> <span class='ocrx_word' id='word_1_686' title='bbox 2674 4622 2766 4676; x_wconf 80' lang='grc' dir='ltr'><strong>τὴν</strong></span> <span class='ocrx_word' id='word_1_687' title='bbox 2798 4622 2988 4689; x_wconf 75' lang='grc' dir='ltr'>τέχνην</span> <span class='ocrx_word' id='word_1_688' title='bbox 3041 4619 3157 4670; x_wconf 85' lang='grc' dir='ltr'>κατ’</span> <span class='ocrx_word' id='word_1_689' title='bbox 3201 4619 3359 4671; x_wconf 79' lang='grc' dir='ltr'>έκεῖνο</span> <span class='ocrx_word' id='word_1_690' title='bbox 3405 4625 3589 4690; x_wconf 78' lang='grc' dir='ltr'>καιροῦ</span> <span class='ocrx_word' id='word_1_691' title='bbox 3634 4617 3730 4669; x_wconf 68' lang='lat' dir='ltr'><strong>E23-</strong></span> 
     </span>
    </p>
   </div>
   <div class='ocr_carea' id='block_1_96' title="bbox 2130 4702 3731 4782">
    <p class='ocr_par' dir='ltr' id='par_1_96' title="bbox 2130 4702 3731 4782">
     <span class='ocr_line' id='line_1_97' title="bbox 2130 4702 3731 4782; baseline 0 -23"><span class='ocrx_word' id='word_1_692' title='bbox 2130 4710 2368 4780; x_wconf 75' lang='grc' dir='ltr'>φροσύνῳ</span> <span class='ocrx_word' id='word_1_693' title='bbox 2427 4709 2652 4777; x_wconf 76' lang='grc' dir='ltr'>τοῦνομα</span> <span class='ocrx_word' id='word_1_694' title='bbox 2700 4710 2829 4782; x_wconf 83' lang='grc' dir='ltr'>πρὸς</span> <span class='ocrx_word' id='word_1_695' title='bbox 2901 4710 3185 4779; x_wconf 81' lang='grc' dir='ltr'>μαθητείαν</span> <span class='ocrx_word' id='word_1_696' title='bbox 3265 4702 3587 4779; x_wconf 87' lang='grc' dir='ltr'>παραδοθεις</span> <span class='ocrx_word' id='word_1_697' title='bbox 3640 4710 3731 4759; x_wconf 80' lang='grc' dir='ltr'><strong>καὶ</strong></span> 
     </span>
    </p>
   </div>
   <div class='ocr_carea' id='block_1_97' title="bbox 2129 4794 3729 4870">
    <p class='ocr_par' dir='ltr' id='par_1_97' title="bbox 2129 4794 3729 4870">
     <span class='ocr_line' id='line_1_98' title="bbox 2129 4794 3729 4870; baseline 0.001 -23"><span class='ocrx_word' id='word_1_698' title='bbox 2129 4797 2179 4856; x_wconf 84' lang='grc' dir='ltr'>ὅς</span> <span class='ocrx_word' id='word_1_699' title='bbox 2234 4798 2391 4867; x_wconf 87' lang='grc' dir='ltr'>τάχει</span> <span class='ocrx_word' id='word_1_700' title='bbox 2438 4799 2638 4868; x_wconf 77' lang='grc' dir='ltr'>φύσεως</span> <span class='ocrx_word' id='word_1_701' title='bbox 2697 4798 2868 4870; x_wconf 78' lang='grc' dir='ltr'>ὥσπερ</span> <span class='ocrx_word' id='word_1_702' title='bbox 2922 4816 3003 4858; x_wconf 90' lang='grc' dir='ltr'><strong>τις</strong></span> <span class='ocrx_word' id='word_1_703' title='bbox 3071 4801 3262 4857; x_wconf 82' lang='grc' dir='ltr'>πτηνὸς</span> <span class='ocrx_word' id='word_1_704' title='bbox 3337 4794 3465 4870; x_wconf 81' lang='grc' dir='ltr'>ἀέρα</span> <span class='ocrx_word' id='word_1_705' title='bbox 3534 4799 3729 4869; x_wconf 89' lang='grc' dir='ltr'>τέμνων</span> 
     </span>
    </p>
   </div>
   <div class='ocr_carea' id='block_1_98' title="bbox 2129 4881 3731 4957">
    <p class='ocr_par' dir='ltr' id='par_1_98' title="bbox 2129 4881 3731 4957">
     <span class='ocr_line' id='line_1_99' title="bbox 2129 4881 3731 4957; baseline 0.001 -21"><span class='ocrx_word' id='word_1_706' title='bbox 2129 4888 2257 4936; x_wconf 79' lang='grc' dir='ltr'><strong>κατά</strong></span> <span class='ocrx_word' id='word_1_707' title='bbox 2285 4885 2475 4943; x_wconf 73' lang='grc' dir='ltr'>πολλὴν</span> <span class='ocrx_word' id='word_1_708' title='bbox 2520 4885 2751 4937; x_wconf 76' lang='grc' dir='ltr'>εὐκολίαν</span> <span class='ocrx_word' id='word_1_709' title='bbox 2801 4895 2971 4957; x_wconf 83' lang='grc' dir='ltr'>τομῶς</span> <span class='ocrx_word' id='word_1_710' title='bbox 3011 4888 3181 4938; x_wconf 89' lang='grc' dir='ltr'>πάντα</span> <span class='ocrx_word' id='word_1_711' title='bbox 3221 4881 3382 4957; x_wconf 74' lang='grc' dir='ltr'>διῄει,</span> <span class='ocrx_word' id='word_1_712' title='bbox 3430 4884 3582 4953; x_wconf 77' lang='grc' dir='ltr'>ὀλίγα</span> <span class='ocrx_word' id='word_1_713' title='bbox 3630 4904 3731 4938; x_wconf 88' lang='grc' dir='ltr'>πο-</span> 
     </span>
    </p>
   </div>
   <div class='ocr_carea' id='block_1_99' title="bbox 2127 4970 3731 5049">
    <p class='ocr_par' dir='ltr' id='par_1_99' title="bbox 2127 4970 3731 5049">
     <span class='ocr_line' id='line_1_100' title="bbox 2127 4970 3731 5049; baseline 0.001 -24"><span class='ocrx_word' id='word_1_714' title='bbox 2127 4983 2223 5025; x_wconf 82' lang='grc' dir='ltr'>νῶν</span> <span class='ocrx_word' id='word_1_715' title='bbox 2282 4970 2371 5026; x_wconf 77' lang='grc' dir='ltr'>διὰ</span> <span class='ocrx_word' id='word_1_716' title='bbox 2420 4978 2512 5032; x_wconf 69' lang='grc' dir='ltr'><strong>τὴν</strong></span> <span class='ocrx_word' id='word_1_717' title='bbox 2560 4974 2751 5032; x_wconf 81' lang='grc' dir='ltr'>πολλὴν</span> <span class='ocrx_word' id='word_1_718' title='bbox 2805 4975 2984 5049; x_wconf 80' lang='grc' dir='ltr'>ῥωμην</span> <span class='ocrx_word' id='word_1_719' title='bbox 3024 4984 3119 5036; x_wconf 85' lang='grc' dir='ltr'><strong>τῆς</strong></span> <span class='ocrx_word' id='word_1_720' title='bbox 3168 4978 3382 5046; x_wconf 77' lang='grc' dir='ltr'>φύσεως·</span> <span class='ocrx_word' id='word_1_721' title='bbox 3438 4974 3509 5035; x_wconf 85' lang='grc' dir='ltr'><strong>εἰς</strong></span> <span class='ocrx_word' id='word_1_722' title='bbox 3544 4993 3731 5048; x_wconf 83' lang='grc' dir='ltr'>συνερ-</span> 
     </span>
    </p>
   </div>
   <div class='ocr_carea' id='block_1_100' title="bbox 2128 5059 3729 5137">
    <p class='ocr_par' dir='ltr' id='par_1_100' title="bbox 2128 5059 3729 5137">
     <span class='ocr_line' id='line_1_101' title="bbox 2128 5059 3729 5137; baseline 0.003 -26"><span class='ocrx_word' id='word_1_723' title='bbox 2128 5067 2247 5133; x_wconf 74' lang='grc' dir='ltr'>γίαν</span> <span class='ocrx_word' id='word_1_724' title='bbox 2298 5059 2535 5133; x_wconf 81' lang='grc' dir='ltr'>δεόμενος</span> <span class='ocrx_word' id='word_1_725' title='bbox 2561 5068 2647 5115; x_wconf 81' lang='grc' dir='ltr'>καὶ</span> <span class='ocrx_word' id='word_1_726' title='bbox 2678 5064 2841 5125; x_wconf 86' lang='grc' dir='ltr'>ούτως</span> <span class='ocrx_word' id='word_1_727' title='bbox 2895 5068 2941 5115; x_wconf 78' lang='grc' dir='ltr'>ἐν</span> <span class='ocrx_word' id='word_1_728' title='bbox 2990 5063 3187 5137; x_wconf 80' lang='grc' dir='ltr'>βραχεῖ</span> <span class='ocrx_word' id='word_1_729' title='bbox 3218 5066 3412 5124; x_wconf 89' lang='grc' dir='ltr'>πάντας</span> <span class='ocrx_word' id='word_1_730' title='bbox 3441 5063 3729 5127; x_wconf 78' lang='grc' dir='ltr'>ἡλικιώτας</span> 
     </span>
    </p>
   </div>
   <div class='ocr_carea' id='block_1_101' title="bbox 2128 5149 3727 5225">
    <p class='ocr_par' dir='ltr' id='par_1_101' title="bbox 2128 5149 3727 5225">
     <span class='ocr_line' id='line_1_102' title="bbox 2128 5149 3727 5225; baseline 0.002 -23"><span class='ocrx_word' id='word_1_731' title='bbox 2128 5151 2297 5203; x_wconf 83' lang='grc' dir='ltr'>ὀπίσω</span> <span class='ocrx_word' id='word_1_732' title='bbox 2341 5150 2516 5215; x_wconf 83' lang='grc' dir='ltr'>έτίθει,</span> <span class='ocrx_word' id='word_1_733' title='bbox 2576 5154 2806 5225; x_wconf 88' lang='grc' dir='ltr'>καθάπερ</span> <span class='ocrx_word' id='word_1_734' title='bbox 2852 5155 2910 5203; x_wconf 81' lang='grc' dir='ltr'>τὸ</span> <span class='ocrx_word' id='word_1_735' title='bbox 2970 5149 3165 5204; x_wconf 78' lang='grc' dir='ltr'>Λύδιον</span> <span class='ocrx_word' id='word_1_736' title='bbox 3217 5152 3360 5224; x_wconf 79' lang='grc' dir='ltr'>ἅρμα</span> <span class='ocrx_word' id='word_1_737' title='bbox 3397 5151 3555 5203; x_wconf 81' lang='grc' dir='ltr'>έκεῖνο</span> <span class='ocrx_word' id='word_1_738' title='bbox 3598 5158 3727 5225; x_wconf 79' lang='grc' dir='ltr'>πρὸς</span> 
     </span>
    </p>
   </div>
   <div class='ocr_carea' id='block_1_102' title="bbox 2126 5236 3725 5301">
    <p class='ocr_par' dir='ltr' id='par_1_102' title="bbox 2126 5236 3725 5301">
     <span class='ocr_line' id='line_1_103' title="bbox 2126 5236 3725 5301; baseline 0.002 -10"><span class='ocrx_word' id='word_1_739' title='bbox 2126 5236 2369 5291; x_wconf 76' lang='grc' dir='ltr'>παιδείαν</span> <span class='ocrx_word' id='word_1_740' title='bbox 2421 5239 2657 5293; x_wconf 76' lang='grc' dir='ltr'>ἐλαύνων.</span> <span class='ocrx_word' id='word_1_741' title='bbox 2700 5240 2796 5292; x_wconf 81' lang='grc' dir='ltr'><strong>Ἤν</strong></span> <span class='ocrx_word' id='word_1_742' title='bbox 2843 5237 2901 5293; x_wconf 65' lang='grc' dir='ltr'>δὲ</span> <span class='ocrx_word' id='word_1_743' title='bbox 2957 5246 3046 5292; x_wconf 85' lang='grc' dir='ltr'><strong>καὶ</strong></span> <span class='ocrx_word' id='word_1_744' title='bbox 3086 5245 3143 5292; x_wconf 84' lang='grc' dir='ltr'><strong>τὸ</strong></span> <span class='ocrx_word' id='word_1_745' title='bbox 3192 5241 3319 5301; x_wconf 79' lang='grc' dir='ltr'>ἧθος</span> <span class='ocrx_word' id='word_1_746' title='bbox 3367 5238 3594 5301; x_wconf 77' lang='grc' dir='ltr'>ἐπιεικὴς</span> <span class='ocrx_word' id='word_1_747' title='bbox 3633 5247 3725 5294; x_wconf 84' lang='grc' dir='ltr'><strong>καὶ</strong></span> 
     </span>
    </p>
   </div>
   <div class='ocr_carea' id='block_1_103' title="bbox 2125 5328 3723 5405">
    <p class='ocr_par' dir='ltr' id='par_1_103' title="bbox 2125 5328 3723 5405">
     <span class='ocr_line' id='line_1_104' title="bbox 2125 5328 3723 5405; baseline 0.003 -27"><span class='ocrx_word' id='word_1_748' title='bbox 2125 5332 2218 5385; x_wconf 79' lang='grc' dir='ltr'>τὴν</span> <span class='ocrx_word' id='word_1_749' title='bbox 2249 5328 2451 5399; x_wconf 83' lang='grc' dir='ltr'>ὁμιλίαν</span> <span class='ocrx_word' id='word_1_750' title='bbox 2502 5328 2778 5404; x_wconf 77' lang='grc' dir='ltr'>ἐπιτερπὴς</span> <span class='ocrx_word' id='word_1_751' title='bbox 2824 5333 2913 5381; x_wconf 84' lang='grc' dir='ltr'>καὶ</span> <span class='ocrx_word' id='word_1_752' title='bbox 2961 5334 3017 5380; x_wconf 85' lang='grc' dir='ltr'>τὸ</span> <span class='ocrx_word' id='word_1_753' title='bbox 3068 5329 3247 5389; x_wconf 86' lang='grc' dir='ltr'>κάλλος</span> <span class='ocrx_word' id='word_1_754' title='bbox 3301 5328 3549 5394; x_wconf 69' lang='grc' dir='ltr'>ἐξαίσιος,</span> <span class='ocrx_word' id='word_1_755' title='bbox 3590 5330 3723 5405; x_wconf 81' lang='grc' dir='ltr'>οἷπερ</span> 
     </span>
    </p>
   </div>
   <div class='ocr_carea' id='block_1_104' title="bbox 2126 5413 3718 5491">
    <p class='ocr_par' dir='ltr' id='par_1_104' title="bbox 2126 5413 3718 5491">
     <span class='ocr_line' id='line_1_105' title="bbox 2126 5413 3718 5491; baseline 0.001 -22"><span class='ocrx_word' id='word_1_756' title='bbox 2126 5413 2194 5474; x_wconf 83' lang='grc' dir='ltr'>δὴ</span> <span class='ocrx_word' id='word_1_757' title='bbox 2254 5422 2341 5468; x_wconf 84' lang='grc' dir='ltr'><strong>καὶ</strong></span> <span class='ocrx_word' id='word_1_758' title='bbox 2397 5419 2544 5491; x_wconf 74' lang='grc' dir='ltr'>ἔργον</span> <span class='ocrx_word' id='word_1_759' title='bbox 2615 5418 2769 5469; x_wconf 72' lang='grc' dir='ltr'>αὑτὸν</span> <span class='ocrx_word' id='word_1_760' title='bbox 2827 5423 2915 5469; x_wconf 83' lang='grc' dir='ltr'><strong>καὶ</strong></span> <span class='ocrx_word' id='word_1_761' title='bbox 2982 5423 3175 5490; x_wconf 63' lang='grc' dir='ltr'>τρυφὴν</span> <span class='ocrx_word' id='word_1_762' title='bbox 3239 5419 3411 5478; x_wconf 83' lang='grc' dir='ltr'>πάσης</span> <span class='ocrx_word' id='word_1_763' title='bbox 3481 5418 3718 5488; x_wconf 72' lang='grc' dir='ltr'>γλώττης</span> 
     </span>
    </p>
   </div>
   <div class='ocr_carea' id='block_1_105' title="bbox 2125 5502 3719 5578">
    <p class='ocr_par' dir='ltr' id='par_1_105' title="bbox 2125 5502 3719 5578">
     <span class='ocr_line' id='line_1_106' title="bbox 2125 5502 3719 5578; baseline 0.002 -22"><span class='ocrx_word' id='word_1_764' title='bbox 2125 5504 2327 5557; x_wconf 79' lang='grc' dir='ltr'>ἐποίουν</span> <span class='ocrx_word' id='word_1_765' title='bbox 2358 5510 2447 5557; x_wconf 86' lang='grc' dir='ltr'><strong>καὶ</strong></span> <span class='ocrx_word' id='word_1_766' title='bbox 2502 5507 2641 5578; x_wconf 86' lang='grc' dir='ltr'><strong>παρά</strong></span> <span class='ocrx_word' id='word_1_767' title='bbox 2688 5510 2823 5556; x_wconf 83' lang='grc' dir='ltr'>πᾶσι</span> <span class='ocrx_word' id='word_1_768' title='bbox 2854 5502 3052 5575; x_wconf 80' lang='grc' dir='ltr'>σχεδόν</span> <span class='ocrx_word' id='word_1_769' title='bbox 3099 5502 3190 5557; x_wconf 74' lang='grc' dir='ltr'><strong>διὰ</strong></span> <span class='ocrx_word' id='word_1_770' title='bbox 3236 5507 3497 5578; x_wconf 87' lang='grc' dir='ltr'>θαύματος</span> <span class='ocrx_word' id='word_1_771' title='bbox 3541 5507 3719 5577; x_wconf 70' lang='grc' dir='ltr'>ἤγετο,</span> 
     </span>
    </p>
   </div>
   <div class='ocr_carea' id='block_1_106' title="bbox 2125 5593 3723 5668">
    <p class='ocr_par' dir='ltr' id='par_1_106' title="bbox 2125 5593 3723 5668">
     <span class='ocr_line' id='line_1_107' title="bbox 2125 5593 3723 5668; baseline 0.002 -22"><span class='ocrx_word' id='word_1_772' title='bbox 2125 5597 2259 5648; x_wconf 82' lang='grc' dir='ltr'>ὥστε</span> <span class='ocrx_word' id='word_1_773' title='bbox 2301 5600 2391 5649; x_wconf 84' lang='grc' dir='ltr'>καὶ</span> <span class='ocrx_word' id='word_1_774' title='bbox 2432 5593 2587 5648; x_wconf 74' lang='grc' dir='ltr'>αὑτὸν</span> <span class='ocrx_word' id='word_1_775' title='bbox 2637 5593 2822 5647; x_wconf 71' lang='grc' dir='ltr'>ἐκεῖνον</span> <span class='ocrx_word' id='word_1_776' title='bbox 2870 5594 3192 5668; x_wconf 78' lang='grc' dir='ltr'>Μαξιμιανὸν</span> <span class='ocrx_word' id='word_1_777' title='bbox 3243 5613 3364 5648; x_wconf 86' lang='grc' dir='ltr'>ποτε</span> <span class='ocrx_word' id='word_1_778' title='bbox 3404 5596 3723 5668; x_wconf 84' lang='grc' dir='ltr'>θεασάμενος</span> 
     </span>
    </p>
   </div>
  </div>
