4142 6196
263 325 360 386 449

265 432 444 524 (ἐφοίτα
469 452 566 523 γὰρ
607 447 674 508 εἰς
717 449 784 500 τὰ
834 445 1082 520 βασίλεια
1108 451 1182 515 τῷ
1227 439 1538 513 διδασκάλῳ
1582 439 1840 512 ἑπόμενος)
1883 438 1928 490 Α

264 542 314 594 ού
360 549 478 612 σιγῇ
525 538 814 614 παρελθεῖν,
850 536 974 588 ἄλλα
1005 532 1080 588 δι’
1112 534 1314 610 ἐρεύνης
1363 537 1427 584 τὰ
1471 530 1659 583 ἐκείνου
1693 534 1847 581 ποιεῖ·

265 633 376 682 σθαι
435 627 918 701 προσκαλεσάμενον
977 630 1066 677 καὶ
1123 627 1251 676 ὅπου
1313 627 1388 680 εἴη
1449 625 1537 672 καὶ
1596 621 1706 671 ὅθεν
1760 623 1848 668 καὶ

261 720 410 773 τᾶλλα
458 715 788 790 διερωτῶντα
836 716 894 768 οῦ
947 719 1048 786 μὴν
1098 713 1226 766 ἀλλὰ
1277 717 1366 764 καὶ
1419 719 1489 782 τῷ
1540 705 1849 777 διδασκάλῳ

263 807 543 877 ἐπισκῆψαι
599 810 728 880 πρὸς
798 809 960 876 τάχος
1021 803 1175 854 αύτόν
1234 807 1326 858 τὴν
1401 801 1627 872 ἰατρικὴν
1677 804 1850 848 πᾶσαν

263 898 605 970 ἒκμελετῆσαι·
637 897 778 953 ἧσθη
811 898 912 966 γὰρ
953 892 1035 944 ἐπὶ
1066 901 1138 943 τῶ
1167 890 1328 942 αὐτοῦ
1360 891 1475 946 ἤθει
1505 887 1656 960 ἀρετῇ
1705 906 1758 938 τε
1787 893 1847 956 τῇ

265 988 376 1058 άλλη
403 991 488 1036 καὶ
523 988 714 1056 ἔκρινεν
740 987 880 1054 ἔχειν
912 981 1097 1033 ἐκεῖνον
1131 981 1196 1040 εἰς
1224 983 1290 1031 τα
1317 977 1580 1051 βασίλεια.

330 1076 396 1130 Γ’.
445 1075 570 1128 Κατ’
615 1073 774 1126 ἐκεῖνο
830 1069 888 1124 δὲ
937 1077 1120 1144 καιροῦ
1173 1067 1468 1140 πρεσϐύτης
1512 1086 1586 1126 τις
1633 1068 1855 1136 τοῦνομα

259 1165 524 1238 Ἑρμόλαος
557 1163 603 1215 ἐν
651 1159 902 1234 δωματίῳ
935 1165 1034 1212 τινὶ
1080 1163 1172 1210 σὺν
1221 1163 1310 1209 καὶ
1357 1157 1526 1215 ἀλλοις
1571 1155 1680 1227 αἱμα
1727 1163 1853 1226 Χρι-

265 1259 480 1312 στιανοίς
509 1255 861 1325 κρυπτόμενος
893 1245 954 1306 ἦν
1001 1250 1173 1320 (τοῦτο
1202 1248 1302 1320 γὰρ
1348 1247 1372 1296 ό
1423 1251 1514 1295 τοῦ
1543 1251 1856 1316 κρατοῦντος

264 1341 404 1414 φόϐος
433 1342 640 1404 ἐποίει).
672 1339 766 1400 *ος
796 1337 1016 1389 ἀπιόντα
1061 1339 1146 1387 τόν
1195 1333 1540 1386 Παντολέοντα
1587 1333 1656 1393 εἰς
1697 1329 1729 1383 δ
1738 1329 1853 1383 ιδα-

267 1429 448 1481 σκάλου
497 1431 748 1498 θεώμενος
794 1430 882 1476 καὶ
930 1433 1001 1494 τῷ
1050 1424 1264 1496 θύραθεν
1311 1421 1550 1494 ὀστράκῳ
1597 1423 1684 1472 τὸν
1733 1423 1854 1472 εἵσω

263 1519 694 1590 ἐγκαλυπτόμενον
792 1519 1120 1587 μαργαρίτην
1219 1519 1502 1576 κατανοῶν,
1586 1511 1722 1571 ὅπως
1801 1528 1854 1562 τε

265 1605 366 1679 εἶχε
417 1613 726 1678 κινήματος,
780 1607 918 1664 ὅπως
972 1601 1264 1674 βλέμματος
1314 1605 1403 1651 καὶ⁹
1455 1602 1524 1660 ὡς
1575 1601 1624 1650 οι
1671 1597 1854 1670 οφθαλ-

265 1703 344 1770 μοὶ
397 1697 540 1767 αύτῷ
593 1698 781 1768 ἥμερον
831 1693 1000 1766 ἑώρων
1057 1695 1145 1742 καὶ
1201 1690 1421 1760 γαληνόν
1451 1706 1462 1717 ’
1509 1696 1674 1740 ταῦτα
1724 1687 1854 1738 ἐκεί-

267 1807 340 1847 νος
395 1789 526 1859 όρῶν
599 1789 688 1836 καὶ
740 1784 912 1854 ὥσπερ
983 1784 1098 1832 τινὰ
1173 1779 1345 1850 εύγενῆ
1425 1779 1598 1842 ἵππον,
1649 1779 1751 1829 οἷον
1804 1779 1851 1828 οὶ
1879 1811 1923 1866 Β

265 1881 368 1948 περὶ
419 1883 592 1927 ταῦτα
641 1871 822 1937 δεινοὶ,
858 1875 948 1922 καὶ
999 1872 1073 1922 ἔτι
1129 1867 1296 1921 πῶλον
1345 1871 1466 1919 ὄντα
1516 1871 1696 1942 κρίνας
1740 1868 1854 1941 οῖρι-

269 1985 378 2017 στον
415 1966 656 2026 ἔσεσθαι,
685 1964 836 2034 γνούς
886 1979 938 2012 τε
988 1957 1082 2011 διὰ
1123 1966 1213 2010 τοῦ
1245 1957 1396 2026 ἁγίου
1433 1961 1738 2029 Ιινεύματος,
1774 1959 1854 2008 ὅτι

269 2063 442 2116 σκεῦος
493 2053 714 2124 ἐκλογῆς
766 2051 1052 2123 ὀφθήσεται
1099 2051 1234 2100 κατὰ
1279 2047 1500 2112 Παῦλον,
1533 2053 1668 2118 μέγα
1715 2047 1856 2098 ἐποι-

267 2153 375 2196 οῦτο
429 2149 517 2196 καὶ
587 2142 770 2196 πολλοῦ
837 2148 990 2192 τοῦτο
1043 2138 1190 2200 ἠξίου
1251 2141 1306 2190 τὸ
1363 2141 1607 2194 τοιαύτην
1673 2136 1856 2189 ἐκεῖνον

267 2231 512 2308 ἂγρεῦσαι
569 2231 775 2302 ψυχήν.
831 2233 960 2281 ΙῙοτε
1012 2235 1136 2299 γοῦν
1189 2233 1444 2302 παριόντα
1504 2225 1856 2298 προσκαλεσά·

267 2341 417 2394 μενος,
477 2321 728 2374 εἰσελθεῖν
781 2315 926 2370 ἔνδον
971 2316 1120 2378 ἠξίου
1167 2317 1216 2368 έν
1259 2317 1298 2385 ᾧ
1353 2315 1534 2375 ἐκεῖνος
1581 2313 1859 2387 ἐκρύπτετο

269 2407 506 2484 δωματίῳ
565 2413 654 2461 καὶ
709 2407 758 2468 ὃς
805 2408 970 2478 εἰσῄει
1017 2411 1106 2458 καὶ
1155 2405 1372 2462 πλησίον
1423 2409 1578 2456 αὐτόν
1627 2423 1858 2476 παρακα-

271 2502 552 2572 θισάμενος,
599 2499 778 2570 ἠρώτα
823 2500 972 2567 γένος
1023 2513 1076 2547 τε
1127 2500 1215 2546 καὶ
1272 2499 1498 2566 πατέρας
1545 2498 1634 2544 καὶ
1688 2495 1862 2544 ὁποῖον

268 2588 554 2650 ἀσπάζοιτο
603 2586 756 2647 σέϐας
805 2589 894 2637 καὶ
946 2585 1064 2647 ἑξῆς
1113 2585 1327 2636 ἕκαστα.
1367 2589 1466 2636 Καὶ
1513 2581 1862 2635 ὀΠαντολέων

271 2679 402 2738 εᾶθύς
457 2679 670 2730 ἅπαντα
721 2679 850 2748 πρὸς
909 2674 1150 2732 ἀληθειαν
1211 2673 1500 2744 καταλέγει,
1561 2678 1650 2724 καὶ
1707 2675 1774 2732 ὡς
1829 2674 1858 2730 ἡ

269 2771 349 2839 μὲν
389 2773 572 2838 μήτηρ
621 2766 874 2816 ἀποθάνοι
927 2760 1032 2822 ἤδη
1083 2765 1150 2814 τα
1205 2769 1530 2836 Χριστιανῶν
1589 2759 1858 2832 σεϐομένη,

270 2857 292 2908 ὀ
341 2863 510 2928 πατὴρ
573 2852 631 2907 δὲ
679 2855 782 2914 ζῶν
835 2855 1044 2910 τέθνηκε
1089 2857 1182 2909 τὴν
1221 2851 1468 2910 Ἑλλήνων
1515 2855 1700 2922 μετιὼν
1748 2851 1868 2920 Θρη-

273 2953 454 2998 σκείαν.
521 2942 654 2998 Εἶτα
700 2945 726 2994 ὁ
778 2941 1072 3016 πρεσϐύτης
1119 2943 1382 3015 προσθείς·
1435 2941 1600 3001 Αύτός
1645 2935 1722 3005 δε,
1772 2944 1868 2990 παῖ

269 3035 398 3104 καλε,
453 3037 580 3108 ἔφη,
634 3038 770 3095 τίνος
821 3037 1009 3106 μέρους
1061 3028 1188 3084 εἶναι
1255 3029 1432 3103 βούλει
1503 3035 1588 3080 καὶ
1647 3032 1864 3100 ποτέρου

273 3125 626 3198 σεϐάσματοςε
665 3127 763 3176 Καὶ
804 3125 828 3173 ό
875 3120 1186 3174 Παντολέων·
1233 3127 1290 3172 Ἢ
1339 3124 1430 3192 μὲν
1477 3125 1674 3192 μήτηρ,
1707 3115 1862 3184 εἶπεν,

273 3215 336 3265 ἔτι
399 3221 665 3286 περιοῦσα
716 3219 822 3271 τοῖς
891 3211 1068 3272 αὐτοῖς
1142 3229 1205 3282 με
1287 3211 1568 3262 συνθέσθαι
1625 3212 1862 3282 παρῄνει,

273 3305 382 3374 ὅπερ
433 3299 500 3360 δὴ
559 3306 650 3353 καὶ
699 3301 856 3360 αὐτὸς
907 3300 1220 3372 ἠϐουλόμην·
1256 3301 1282 3350 ὁ
1332 3298 1390 3351 δὲ
1433 3303 1597 3369 πατὴρ
1643 3299 1732 3351 ἅτε
1775 3305 1864 3352 καὶ

273 3393 474 3463 μείζονα
517 3395 618 3450 τὴν
672 3391 832 3462 ἰσχύν
863 3393 1022 3462 ἔχων,
1053 3397 1116 3462 τῇ
1168 3389 1328 3441 αὐτοῦ
1374 3393 1658 3460 προσέχειν
1703 3388 1866 3460 ἀναγ-

271 3481 410 3540 κάζει
468 3483 749 3555 θρησκείᾳ,
802 3483 909 3532 ἐπεὶ
965 3484 1054 3530 καὶ
1106 3477 1351 3550 βούλεται
1401 3485 1508 3540 τοῖς
1560 3487 1650 3530 τοῦ
1704 3479 1866 3530 παλα-

275 3573 376 3621 τίου
425 3573 566 3642 ἡμᾶς
623 3569 848 3632 ἐντάξαι.
899 3573 986 3628 Τίς
1038 3565 1095 3620 δε
1145 3566 1204 3625 ἣν
1259 3572 1488 3641 μετέρχῃ
1544 3565 1785 3620 παιδείαν
1841 3569 1866 3620 ὁ

277 3659 564 3731 πρεσϐύτης
623 3664 818 3731 φησίν;
873 3657 1222 3720 Ἀσκληπιοῦ,
1283 3661 1398 3729 ἔφη,
1458 3663 1548 3710 καὶ
1597 3658 1868 3731 Ἱπποκράο

277 3766 386 3809 τους
429 3754 596 3819 τέχνη
646 3754 734 3800 καὶ
783 3748 1034 3806 Γαληνοῦ.
1085 3754 1248 3799 Τοῦτο
1295 3751 1392 3819 γὰρ
1447 3753 1534 3799 καὶ
1584 3756 1655 3818 τῷ
1707 3753 1867 3821 πατρί

277 3857 366 3909 μου
395 3835 590 3891 δοκοῦν
617 3855 628 3866 ·
663 3837 790 3889 ἀλλὰ
819 3843 907 3889 καὶ
937 3837 1093 3896 αὐτὸς
1121 3839 1146 3888 ό
1179 3833 1504 3896 διδάσκαλός
1545 3856 1611 3908 με
1644 3835 1867 3908 βεϐαιῶν

277 3931 532 4001 πάρεστιν,
595 3931 660 3990 ὡς
709 3927 754 3978 εἰ
805 3930 1000 3984 ταύτην
1053 3928 1274 3998 μάθοιμι
1345 3925 1590 4000 ἀκρίϐῶς,
1652 3923 1869 3988 δυνατός

280 4013 396 4068 εἶναι
449 4025 626 4070 πᾶσαν
673 4016 1002 4088 ἀνθρωπίνην
1073 4017 1254 4068 ἰᾶσθαι
1320 4021 1470 4067 νόσον
1517 4021 1606 4068 καὶ
1677 4022 1870 4080 παντὸς

279 4107 464 4167 πάθους
525 4107 882 4180 ἰσχυροτέραν
954 4105 1336 4176 προϐάλλεσθαι
1405 4109 1640 4163 ταύτηνι
1697 4111 1786 4158 καὶ
1843 4109 1869 4160 ὁ

277 4193 566 4268 Ἑρμόλαος,
627 4195 862 4269 ἀφορμὰς
914 4191 1022 4252 ἤδη
1085 4200 1173 4247 καὶ
1235 4199 1508 4267 σπέρματα
1568 4199 1712 4269 παρὰ
1771 4205 1870 4248 τῶν

283 4281 460 4336 ἐκείνου
509 4285 678 4355 λόγων
722 4284 908 4348 λαϐὼν,
943 4287 1172 4359 καθάπερ
1207 4283 1414 4356 ἀγγείου
1460 4290 1638 4356 τυχὼν
1687 4286 1866 4352 καλοῦ,

282 4379 332 4422 τό
379 4376 508 4426 θεῖον
584 4383 675 4434 τῆς
727 4379 954 4434 πίστεως
1025 4377 1185 4446 μύρον
1256 4373 1490 4445 ἐμϐαλεῖν
1539 4375 1708 4436 ἠξίου.
1766 4377 1871 4429 Καὶ

281 4465 511 4520 πείσθητί
569 4482 678 4534 μοι,
735 4466 850 4534 ἔφη,
907 4463 1148 4514 κάλλιστε
1217 4468 1514 4530 νεανίσκων,
1571 4469 1659 4516 καὶ
1709 4467 1872 4536 γνῶθι

1465 313 1632 372 VITA
1669 315 1728 370 S.
1771 301 2390 367 PANTELEEMONIS.

3519 309 3624 366 450

1963 449 2218 506 sequens
2249 432 2626 502 magistrum)
2669 446 2792 487 non
2823 429 3054 488 silentio
3096 433 3474 504 praeterierit:
3507 435 3616 491 sed

1965 537 2102 578 eum
2131 537 2464 590 accersens,
2485 521 2558 575 de
2587 521 2717 592 ipso
2740 519 3096 592 inquisierit,
3125 521 3438 591 cujusnam
3468 531 3624 581 esset

1965 610 2146 676 ﬁlius,
2179 617 2236 666 et
2268 611 2444 679 unde,
2479 615 2534 666 et
2563 611 2678 666 alia
2705 610 3002 680 rogaverit
3029 629 3041 667 :
3085 610 3232 681 quin
3263 612 3441 667 etiam
3471 629 3622 684 prae-

1965 702 2188 772 ceptori
2229 701 2601 756 mandaverit
2656 704 2716 754 ut
2753 715 2911 764 eum,
2944 715 3129 770 quam
3170 701 3447 754 citissime
3495 704 3622 759 fieri

1966 797 2189 860 posset,
2233 791 2292 844 in
2337 789 2500 844 omni
2551 794 2846 844 exerceret
2900 787 3240 843 medicina:
3277 788 3406 858 ejus
3459 793 3619 847 enim

1969 879 2236 934 moribus
2267 882 2324 932 et
2351 877 2496 932 flore
2545 877 2778 932 virtutis
2832 877 3261 942 delectabatur,
3320 885 3375 932 et
3425 880 3626 935 statuit

1969 968 2132 1022 illum
2159 968 2380 1022 habere
2411 967 2470 1020 in
2499 967 2679 1035 regia.

2039 1059 2127 1110 111.
2157 1057 2258 1110 illo
2289 1063 2486 1110 autem
2539 1069 2802 1126 tempore
2833 1054 3082 1126 quidam
3121 1071 3302 1110 senex
3332 1055 3622 1126 religione

1971 1144 2617 1212 Christianus,nomine
2651 1143 3016 1206 Hermolaus,
3042 1151 3166 1199 erat
3195 1145 3528 1200 absconsus
3559 1147 3623 1202 in

1967 1235 2230 1305 quadam
2260 1233 2628 1288 domuncula
2667 1249 2803 1286 cum
2831 1231 2957 1287 aliis
2986 1233 3328 1290 Christianis
3355 1234 3433 1293 (id
3463 1235 3626 1290 enim

1969 1322 2226 1378 faciebat
2297 1327 2486 1376 metus
2561 1321 2976 1392 imperatoris).
3033 1319 3144 1387 Qui
3200 1339 3335 1377 cum
3402 1324 3627 1380 videret

1973 1410 2622 1466 Pantoleonemeuntem
2635 1411 2706 1464 ad
2723 1417 3210 1480 praeceptorem,et
3224 1419 3458 1468 externa
3473 1419 3625 1470 testa

1969 1501 2460 1556 animadverteret
2471 1498 2644 1554 celari
2659 1503 3418 1568 margaritam,consideran
3429 1519 3454 1554 s
3471 1504 3625 1574 quis-

1969 1605 2112 1644 nam
2133 1588 2888 1658 essetejusincessus,quis
2923 1593 3139 1658 motus,
3156 1590 3290 1660 quis
3325 1601 3622 1662 aspectus,

1967 1683 2358 1748 quantaesset
2374 1677 2424 1748 ej
2438 1693 2504 1730 us
2520 1678 2822 1732 oculorum
2837 1694 2920 1730 sei
2934 1681 3124 1732 enitas
3141 1687 3196 1733 et
3213 1680 3618 1750 tranquillitas;

1965 1767 2113 1830 haec,
2153 1769 2422 1838 inquam,
2458 1783 2594 1820 cum
2638 1766 2733 1820 ille
2765 1767 3007 1832 videret,
3052 1777 3125 1834 et,
3178 1769 3326 1822 sicut
3372 1785 3623 1839 genero-

1963 1872 2097 1910 sum
2129 1856 2455 1927 quemdam
2474 1871 2698 1926 equum
2729 1855 2789 1916 ii,
2817 1856 2922 1926 qui
2952 1862 3148 1910 tenent
3175 1856 3390 1911 harum
3423 1874 3622 1914 rerum
3669 1867 3674 1870 '

1961 1945 2288 2010 ‘cientlam,
2323 1945 2554 1998 etiamsi
2586 1946 2660 1998 sit
2707 1945 2903 2000 adhuc
2933 1945 3153 2014 pullus,
3181 1946 3452 2016 judicant
3483 1947 3612 2003 fore

1963 2037 2256 2107 optimum
2289 2051 2301 2088 :
2337 2041 2438 2089 aut
2468 2049 2540 2088 ex
2573 2039 2778 2089 tenera
2823 2035 3020 2088 adhuc
3071 2036 3274 2106 planta
3333 2036 3610 2093 arborem

1965 2133 2168 2196 aptam
2189 2124 2268 2178 ad
2297 2125 2586 2178 fructum:
2619 2122 3002 2192 cognovisset
3033 2139 3136 2194 per
3164 2125 3436 2195 spiritum
3469 2126 3618 2192 fore,

1969 2221 2030 2268 ut
2113 2214 2277 2269 Pauli
2329 2213 2618 2267 sententia
2695 2219 3032 2267 cerneretur
3109 2229 3210 2266 vas
3289 2215 3618 2280 electionis,

1971 2305 2172 2372 magni
2211 2303 2468 2356 ducebat
2508 2309 2564 2356 et
2599 2301 2838 2372 plurimi
2877 2302 2990 2356 hoc
3029 2300 3304 2366 faciebat,
3335 2305 3384 2356 si
3443 2305 3622 2360 talem

1967 2393 2130 2447 illam
2151 2397 2398 2447 venatus
2423 2399 2576 2446 esset
2599 2394 2885 2446 animam.
2908 2395 3055 2446 Cum
3086 2407 3225 2446 eum
3246 2392 3446 2464 itaque
3472 2408 3624 2464 pree-

1971 2487 2300 2538 tereuntem
2325 2481 2650 2552 aliquando
2675 2481 3060 2544 accersiisset,
3077 2483 3324 2552 rogavit,
3349 2489 3408 2536 ut
3435 2484 3628 2552 ingre-

1970 2572 2206 2626 deretur
2235 2573 2296 2624 in
2324 2571 2510 2632 illam,
2529 2571 2588 2623 in
2615 2585 2732 2638 qua
2759 2569 3002 2634 latebat,
3037 2572 3489 2625 domunculam.
3525 2572 3621 2626 llle

1971 2667 2172 2715 autem
2214 2661 2518 2728 ingressus
2571 2667 2678 2712 est.
2721 2660 2905 2720 Quem
2964 2675 3102 2712 cum
3151 2675 3336 2729 prOpe
3385 2660 3622 2716 fecisset

1973 2750 2197 2812 sedere,
2231 2747 2461 2819 rogavit
2489 2747 2563 2802 de
2591 2763 2824 2816 genere,
2856 2755 2910 2800 et
2933 2749 3303 2817 parentibus,
3338 2755 3394 2802 et
3423 2748 3626 2818 cujus-

1973 2855 2114 2894 nam
2137 2845 2292 2894 esset
2307 2838 2626 2908 religionis,
2642 2836 2918 2890 etdeince
2927 2853 2994 2906 ps
3024 2837 3277 2906 smgula.
3303 2837 3626 2892 l’antoleon

1974 2944 2114 2984 vero
2147 2929 2340 2983 statim
2374 2926 2580 2981 omnia
2607 2925 2802 2992 refert,
2837 2933 2899 2980 ut
2943 2925 3025 2980 rei
3063 2927 3326 2981 habebat
3357 2929 3574 2981 veritas
3609 2943 3624 2982 :

1974 3023 2030 3072 et
2050 3017 2218 3088 quod
2243 3023 2431 3070 mater
2460 3017 2706 3087 quidem
2730 3017 2859 3084 jam
2887 3021 3044 3069 esset
3063 3023 3317 3080 mortua,
3337 3031 3472 3086 quis
3501 3019 3628 3070 erat

1972 3105 2256 3176 religione
2285 3105 2616 3159 Christiana
2645 3119 2660 3158 ί
2703 3109 2868 3174 pater
2900 3109 3100 3158 autem
3127 3105 3332 3158 vivens
3371 3103 3446 3157 sit
3477 3120 3632 3159 mor-

1973 3198 2132 3260 tuus,
2175 3195 2482 3264 gentilium
2545 3208 2801 3264 sequens
2854 3195 3353 3264 superstitionem.
3415 3194 3632 3249 Deinde

1974 3303 2114 3342 cum
2144 3285 2464 3356 adjecisset
2497 3300 2679 3339 senex
2707 3302 2720 3341 :
2745 3285 2828 3337 Tu
2853 3291 3073 3348 autem,
3103 3283 3259 3337 bone
3289 3283 3389 3348 tili,
3433 3283 3632 3353 cujus-

1973 3391 2118 3432 nam
2145 3376 2234 3430 vis
2257 3389 2384 3428 esse
2402 3374 2608 3444 partis,
2633 3381 2688 3428 et
2727 3375 2909 3427 utrius
2942 3372 3247 3441 religionis
3263 3373 3289 3427 ‘I
3311 3373 3628 3428 Pantoleon

1979 3481 2149 3522 vero:
2201 3465 2384 3519 Mater
2435 3463 2700 3533 quidem,
2753 3463 2963 3534 inquit,
3020 3478 3158 3517 cum
3215 3469 3368 3518 esset
3427 3463 3627 3518 adhuc

1977 3560 2299 3627 superstes,
2365 3552 2571 3618 suasit,
2641 3559 2704 3606 ut
2773 3552 3092 3607 assentirer
3152 3552 3281 3622 ejus
3341 3552 3631 3621 religioni,

1975 3646 2142 3717 quod
2171 3643 2418 3714 quidem
2451 3641 2595 3696 1111111
2621 3641 2890 3712 placebat
2921 3657 2936 3707 ;
2971 3647 3135 3710 pater
3164 3650 3384 3706 autem,
3419 3649 3483 3696 ut
3532 3641 3636 3714 qui

1979 3735 2052 3788 sit
2113 3733 2334 3795 fortior,
2367 3731 2522 3798 cogit
2553 3745 2650 3783 me
2679 3729 2950 3798 religioni
2991 3745 3116 3783 sum
3156 3729 3298 3784 dare
3347 3744 3632 3800 operam;

1980 3822 2102 3876 vult
2131 3821 2290 3875 enim
2327 3835 2422 3874 me
2469 3819 2680 3873 referre
2724 3820 2782 3872 in
2835 3833 3150 3871 numerum
3203 3817 3630 3888 palatinorum.

1979 3914 2270 3976 Quaenam
2320 3924 2458 3963 vero
2487 3915 2575 3962 est
2617 3923 2707 3972 ea,
2745 3907 2840 3961 cui
2880 3907 3101 3977 studes,
3131 3907 3445 3977 disciplina
3473 3907 3500 3960 ‘I
3556 3907 3638 3961 ait

1979 4015 2160 4056 senex
2217 3997 2618 4070 :1Esculapii,
2679 3999 2890 4068 inquit,
2964 4003 3020 4050 et
3099 3997 3494 4066 Hippocratis,
3577 4001 3631 4050 et

1980 4090 2202 4145 Galeni.
2245 4092 2392 4144 Nam
2421 4089 2536 4142 hoc
2601 4103 2844 4158 quoque
2883 4086 3078 4140 visum
3135 4093 3224 4140 est
3261 4085 3411 4156 patri
3471 4101 3629 4140 meo.

1981 4179 2134 4245 Quin
2164 4179 2342 4234 etiam
2375 4177 2504 4249 ipse
2525 4179 2701 4232 nobis
2734 4177 3052 4232 affirmavit
3083 4175 3382 4246 magister,
3411 4175 3566 4248 quod
3589 4173 3638 4230 si

1980 4285 2116 4324 eam
2173 4275 2446 4324 accurate
2512 4266 2796 4332 didicero,
2855 4273 3060 4337 potero
3127 4281 3334 4321 curare
3395 4281 3640 4320 omnem

1979 4359 2263 4412 morbum
2301 4361 2638 4412 humanum
2668 4363 2724 4411 et
2747 4371 2901 4422 eam,
2939 4363 3000 4410 ut
3031 4355 3353 4418 fortiorem,
3375 4355 3631 4425 objicere

1981 4447 2167 4502 cuivis
2196 4445 2514 4502 atfectioni.
2551 4446 2896 4500 Hermolaus
2923 4450 3126 4500 autem
3149 4461 3222 4498 ex
3249 4444 3405 4498 illius
3437 4442 3634 4498 verbis

283 4551 354 4601 ὅτι
399 4555 462 4603 τα
505 4551 835 4608 Ἀσκληπιοῦ
884 4559 1050 4604 ταῦτα
1092 4557 1180 4604 καὶ
1225 4552 1596 4627 Ἱπποκράτους
1639 4559 1727 4606 καὶ
1779 4561 1864 4606 Γα-

1980 4537 2294 4592 occasione
2323 4539 2572 4606 accepta
2590 4541 2647 4590 et
2670 4535 2915 4598 semine,
2959 4537 3250 4605 tanquam
3309 4533 3634 4604 pulcherri-

283 4637 426 4694 ληνοῦ
477 4645 648 4715 μικρὰ
697 4648 786 4694 καὶ
839 4645 968 4714 πρὸς
1013 4645 1198 4716 μικρὸν
1247 4649 1352 4702 τοῖς
1397 4647 1689 4715 χρωμένοις
1739 4643 1871 4716 βοη-

287 4727 379 4778 θεῖν
423 4725 668 4782 δύναται·
717 4729 843 4782 ἀλλὰ
889 4737 980 4783 καὶ
1030 4733 1134 4783 θεοὶ
1183 4732 1332 4784 αὐτοὶ
1380 4731 1464 4792 οῦς
1509 4732 1711 4784 σέϐεται
1763 4741 1872 4786 Μαι-

288 4813 508 4886 ξιμιανὸς
565 4822 724 4891 μῦθοι
780 4825 916 4872 κενοὶ
985 4824 1304 4892 κουφοτέρων
1363 4819 1530 4873 ἀκοῶν
1583 4823 1868 4895 κλέμματα,

289 4903 476 4976 ὠφελεῖν
523 4905 584 4961 δὲ
628 4906 778 4961 οὐδὲν
829 4914 886 4962 τὸ
929 4913 1172 4984 παράπαν
1225 4907 1520 4982 δυνάμενοι,
1555 4911 1660 4962 αλλ’
1701 4915 1728 4964 ὁ
1780 4919 1872 4985 μό-

287 5011 356 5053 νος
392 4995 590 5059 ἀληθὴς
636 5003 765 5059 Θεὸς
808 5001 1124 5073 ὀ·Χριστὸς,
1159 4999 1230 5061 εἰς
1277 4999 1330 5050 ὃν
1378 5004 1668 5062 πιστεύσας
1713 5003 1871 5055 αὐτοῦ

289 5087 434 5150 μόνου
464 5095 526 5158 τῇ
577 5085 850 5145 ἐπικλήσει
895 5089 1030 5140 ἅπαν
1077 5095 1284 5161 νόσημα
1335 5086 1641 5162 φυγαδεύων
1673 5094 1788 5164 ἔσῃ,
1821 5093 1872 5153 ὃς

289 5173 480 5242 τυφλοῖς
532 5181 622 5248 μὲν
681 5187 806 5248 φῶς,
857 5187 1050 5250 νεκροῖς
1095 5175 1154 5230 δὲ
1198 5179 1507 5246 ἀνάστασιν,
1554 5180 1757 5254 λεπροῖς
1813 5179 1872 5235 δὲ

291 5261 534 5333 κάθαρσιν
593 5261 916 5338 ἐδωρήσατο,
971 5272 1060 5319 καὶ
1113 5267 1168 5329 ὃς
1219 5271 1334 5327 τοὺς
1392 5269 1490 5320 ύπό
1541 5269 1870 5342 Μαξιμιανοῦ

289 5360 756 5426 προσκυνουμένους
811 5353 1066 5429 δαίμονας
1123 5357 1258 5429 λόγῳ
1320 5363 1458 5429 μόνῳ
1511 5364 1600 5410 καὶ
1658 5359 1869 5433 ἐπιτάγ-

293 5457 408 5506 ματι
449 5442 686 5503 ἐξήλαυνε
715 5455 814 5496 τῶν
859 5446 1158 5519 ἀνθρώπων,
1194 5447 1252 5498 οὗ
1300 5454 1388 5500 καὶ
1429 5456 1518 5500 τοῦ
1567 5449 1870 5523 κρασπέδου

291 5537 410 5612 ῖυνὴ
442 5529 676 5604 ἁψαμένη
723 5544 816 5588 τοῦ
862 5537 1070 5608 ἱματίου
1110 5536 1324 5609 ὀχετοὺς
1373 5539 1592 5610 αἷματος
1632 5541 1703 5612 ἐφ’
1737 5541 1874 5604 ὅλοις

295 5609 492 5672 δώδεκα
533 5628 742 5698 χρόνοις
779 5625 986 5704 ῥέοντας
1028 5627 1174 5689 εὐθὺς
1211 5609 1556 5688 ἔστησεξιίαὶ
1599 5609 1780 5684 τί-δεί
1804 5635 1872 5687 τὰ

1979 4641 2150 4680 mum
2189 4630 2400 4680 nactus
2435 4625 2900 4695 receptaculum,
2969 4625 3150 4694 cmpit
3173 4625 3446 4678 divinum
3498 4621 3638 4678 fidei

1977 4714 2272 4770 ﬂuentum
2319 4717 2380 4769 in
2417 4713 2478 4768 id
2519 4713 2867 4770 etfundere:
2905 4715 3086 4769 Crede
3127 4713 3291 4778 1111111,
3340 4713 3567 4776 dicens,
3599 4725 3634 4766 ο

1980 4806 2204 4876 optime
2247 4804 2620 4870 adolescens,
2663 4819 2802 4859 vera
2848 4804 3086 4867 dicenti,
3127 4803 3260 4858 Haec
3293 4800 3634 4872 Aisculapii,

1983 4894 2356 4966 Hippocratis
2386 4899 2440 4949 et
2464 4894 2666 4950 Galeni
2685 4909 2872 4964 parva
2889 4900 3044 4959 sunt,
3065 4899 3122 4948 et
3147 4908 3362 4964 parum
3385 4895 3639 4963 possunt

1981 4985 2266 5055 prodesse
2289 4986 2358 5039 iis
2389 4983 2494 5054 qui
2525 4983 2611 5038 eis
2645 4989 2905 5038 utuntur.
2957 4983 3110 5048 Quin
3163 4981 3340 5036 etiam
3401 4979 3636 5051 diiipsi,

1980 5089 2132 5144 quos
2155 5073 2292 5128 colit
2317 5073 2723 5135 Maximianus,
2744 5077 2880 5126 sunt
2903 5087 3060 5126 vana
3083 5073 3332 5126 omnino
3348 5069 3638 5134 fabula,et

1978 5162 2271 5218 leviorum
2287 5163 2576 5216 mentium
2595 5161 2733 5216 dece
2739 5162 2881 5232 ptio.
2895 5160 2932 5215 U
2940 5177 3052 5214 nus
3066 5167 3266 5216 autem
3281 5159 3442 5214 solus
3459 5174 3630 5213 verus

1981 5253 2134 5306 Deus
2163 5257 2251 5306 est
2275 5251 2575 5310 Christus:
2602 5253 2662 5304 in
2689 5267 2870 5322 quem
2901 5251 2952 5304 si
2978 5249 3316 5314 credideris,
3352 5247 3482 5318 ejus
3503 5247 3632 5302 sola

1981 5342 2346 5397 invocatione
2372 5357 2584 5396 omnes
2619 5341 2859 5395 morbos
2901 5339 3089 5394 solves
3118 5345 3173 5393 et
3209 5339 3446 5407 fugabis
3485 5354 3496 5392 :
3529 5337 3639 5410 qui

1982 5449 2155 5488 C‘cBClS
2183 5431 2430 5503 quidem
2458 5432 2674 5497 lucem,
2707 5429 2957 5484 mortuis
2989 5437 3189 5484 autem
3213 5431 3422 5494 vitam,
3446 5431 3638 5500 lepro-

1981 5527 2058 5578 sis
2083 5523 2246 5577 dedit
2267 5521 2687 5594 purgationem
2715 5538 2728 5575 :
2761 5522 2866 5592 qui
2896 5535 2998 5575 eos
3049 5521 3154 5590 qui
3197 5534 3232 5574 a
3273 5519 3628 5574 Maximiano

1981 5615 2330 5682 adorantur,
2361 5613 2685 5682 daemones,
2727 5611 2856 5669 solo
2885 5611 3070 5666 verbo
3099 5613 3158 5666 et
3188 5609 3367 5682 jussu
3415 5609 3642 5694 expulit
