4142 6196
459 343 555 398 451
1694 352 1701 357 ’
1866 334 2125 390 MENSIS
2159 333 2431 391 JULIUS.
3738 337 3844 393 7:52

458 467 536 523 ab
568 465 943 522 hominibus:
968 460 1139 531 cujus
1160 460 1337 515 etiam
1365 459 1967 525 vestimentiﬁmbria,
1986 476 2069 516 Cll]

2181 462 2423 514 lixeivou
2454 460 2657 531 λέγειν;
2689 464 2803 514 ἶσον
2850 463 2950 537 γάρ
2999 460 3138 514 ἐστιν
3180 462 3397 535 ψάμμον
3454 482 3507 515 τε
3556 472 3753 539 μετρεῖν
3811 464 3843 523 ἦ

460 573 593 613 eam
627 555 819 610 solum
870 552 1151 619 tetigisset
1195 548 1427 613 mulier,
1484 549 1681 605 statim
1715 550 1857 605 stitit
1887 550 2069 605 canali

2233 549 2453 624 ἀστέρας
2511 556 2646 622 χόας
2704 571 2755 603 τε
2806 551 3065 613 θαλάττης
3120 556 3210 603 καὶ
3268 556 3333 603 τὰ
3380 552 3540 605 αὐτοῦ
3597 556 3843 619 θαύματα

465 645 794 714 sanguinis,
828 640 928 712 qui
965 638 1285 693 duodecim
1320 654 1511 693 annos
1552 639 1812 709 integros
1848 638 2069 693 ﬂuxera

2232 644 2321 690 καὶ
2373 639 2619 710 μεγαλεῖα
2673 638 2985 713 ἐξαριθμεῖν·
3048 641 3102 701 ὃς
3159 645 3247 692 καὶ
3298 648 3386 692 νῦν
3440 643 3662 715 πάρεστι
3732 651 3841 703 τοῖς

457 738 523 789 Ει
552 732 697 805 quid
731 747 882 803 opus
915 735 1019 793 est,
1046 744 1137 782 res
1183 726 1335 781 illius
1385 726 1582 782 dicere
1620 726 1647 779 ‘I
1686 727 1929 798 perinde
1961 726 2069 781 enii

2232 728 2391 780 αὐτοῦ
2438 726 2665 793 δούλοις,
2700 732 2987 801 σύμμαχός
3029 748 3081 781 τε
3128 734 3212 781 καὶ
3249 728 3447 801 βοηθὸς
3476 733 3703 803 ἄμαχος,
3737 753 3837 783 πα-

455 829 560 887 est,
626 837 695 876 ac
731 835 993 883 arenam,
1048 815 1264 881 stellas,
1299 820 1356 870 et
1384 832 1558 885 aqua:
1602 821 1800 884 guttas
1838 814 2069 870 dimetir

2230 817 2465 889 ρακαλών
2519 817 2567 869 ἐν
2620 818 2827 884 λύπαις,
2889 819 3151 871 πλατύνων
3205 818 3252 870 έν
3326 819 3514 891 θλίψει,
3573 820 3620 872 ἐν
3689 841 3834 895 περι-

454 912 583 982 ejus
622 908 914 965 miracula
966 920 1315 961 enumerare
1370 910 1426 959 et
1482 904 1808 975 magnalia.
1868 906 1934 958 Et
1961 918 2069 959 nu:

2234 909 2414 959 στάσει
2462 912 2550 959 καὶ
2610 916 2708 960 τῶν
2760 907 3052 966 ἀϐουλήτων
3106 907 3385 981 ἀπαγωγῇ,
3439 915 3509 982 μὴ
3571 909 3831 982 ἀναμένων

453 1016 683 1073 quoque
698 999 863 1054 adest
879 996 998 1050 suis
1013 995 1252 1064 adjutor
1278 993 1774 1065 inexpugnabilis,
1800 992 2069 1048 consolar

2228 1001 2319 1053 τὴν
2361 993 2565 1062 δέησιν,
2615 996 2721 1048 ἀλλ’
2772 997 2933 1055 αὐτὴν
2977 999 3283 1071 προφθάνων
3329 1003 3423 1057 τὴν
3471 1006 3561 1060 τῆς
3607 996 3831 1072 καρδίας

449 1090 509 1144 in
527 1088 828 1153 molestiis,
855 1086 1112 1140 dilatans
1132 1084 1190 1137 in
1210 1081 1529 1137 afﬂictione
1548 1099 1559 1137 :
1576 1083 1634 1137 in
1648 1081 2069 1153 rebus,inquan

2230 1084 2553 1157 ἑτοιμασίαν,
2607 1086 2664 1138 ού
2722 1091 2824 1157 μὴν
2878 1086 3005 1138 ἀλλὰ
3059 1092 3148 1137 καὶ
3198 1095 3305 1149 τοῖς
3364 1091 3519 1139 αὐτόν
3572 1088 3831 1161 φοϐουμέ-

450 1177 733 1241 adversis,
762 1180 820 1231 et
844 1175 913 1229 iis
960 1189 1093 1245 quae
1151 1177 1364 1243 praeter
1421 1177 1687 1226 nostram
1746 1170 2069 1226 voluntate:

2228 1192 2328 1233 νοις
2377 1177 2590 1246 μείζονα
2626 1176 2654 1232 ἧ
2689 1173 2877 1235 ἐκεῖνος
2923 1171 3134 1250 ἔδρασε,
3186 1181 3433 1250 παρέχων
3490 1179 3827 1253 θαυματουρ-

449 1268 739 1332 accidunt,
760 1280 960 1337 preces
984 1262 1226 1317 minime
1241 1265 1607 1331 exspectans,
1627 1261 1726 1314 sed
1748 1259 2069 1331 praeveniet

2226 1271 2357 1334 γείν,
2388 1262 2495 1316 εἶτα
2514 1270 2602 1317 καὶ
2635 1265 2772 1325 ζωὴν
2800 1262 3124 1340 δωρούμενος
3149 1265 3379 1321 αἰωνίαν.

447 1357 648 1428 ipsum
680 1370 921 1428 quoque
968 1357 1197 1407 motum
1248 1350 1460 1405 cordis.
1498 1349 1607 1415 Qui
1639 1349 1817 1404 etiam
1860 1349 1933 1404 iis
1982 1348 2086 1421 qui
2116 1350 2315 1421 ipsum
2360 1352 2635 1424 diligunt,
2671 1356 2901 1425 majora
2947 1370 3132 1426 quam
3182 1354 3310 1426 ipse
3357 1354 3511 1424 fecit,
3548 1356 3829 1427 praabens

448 1445 721 1501 facienda
752 1442 1059 1506 miracula,
1088 1440 1271 1495 donat
1301 1438 1516 1494 deinde
1547 1438 1751 1502 vitam,
1783 1454 1918 1509 quae
1946 1437 2181 1494 nullum
2211 1441 2391 1497 habet
2418 1442 2619 1498 ﬁnem.

519 1536 605 1590 1V.
649 1536 781 1589 Πεεο
814 1532 995 1587 verba
1037 1546 1173 1584 cum
1230 1528 1565 1593 Pantoleon,
1618 1533 1911 1599 tanquam
1950 1527 2066 1581 bon

2294 1530 2362 1584 Δ’.
2406 1538 2582 1584 Ταῦτα
2631 1535 2655 1584 6
2704 1532 3015 1600 Παντολέων,
3049 1534 3223 1605 ὥσπερ
3273 1541 3339 1604 γῆ
3391 1531 3583 1605 ἀγαθὴ,
3618 1536 3683 1585 τὰ
3726 1540 3827 1609 ρή-

447 1628 621 1692 terra,
651 1623 826 1679 corde
862 1620 1189 1691 accepisset
1218 1623 1272 1673 et
1316 1617 1747 1682 abscondisset,
1807 1615 2069 1670 credeba‘

2219 1639 2362 1691 ματα
2410 1621 2475 1681 εἰς
2530 1619 2755 1693 καρδίαν
2806 1621 3116 1697 παραλαϐὼν
3170 1627 3259 1673 καὶ
3309 1622 3529 1696 κρύψας,
3581 1622 3825 1677 ἐπίστευέ

447 1715 676 1777 θῐζνθτει
709 1728 837 1767 esse
862 1709 1195 1783 judicabat,
1223 1713 1277 1763 et
1303 1708 1379 1762 ab
1404 1708 1487 1761 eis
1522 1707 1767 1762 omnino
1785 1703 2062 1777 pendeba

2220 1728 2271 1760 τε
2315 1715 2403 1761 καὶ
2464 1710 2626 1769 ἀληθῆ
2688 1714 2877 1783 ἔκρινεν
2941 1714 3069 1764 εἶναι
3126 1716 3214 1763 καὶ
3268 1712 3396 1771 ὅλως
3454 1712 3620 1763 αὐτῶν
3668 1713 3820 1786 ἐξηρ-

445 1806 498 1857 et
521 1802 778 1856 suaviter
800 1800 859 1854 in
881 1800 963 1854 eis
989 1797 1409 1859 meditabatur,
1430 1799 1485 1850 et
1505 1794 1741 1850 dicebat
1773 1792 2069 1849 Hermolac

2181 1808 2341 1855 ιτητο
2389 1804 2477 1851 καὶ
2534 1801 2746 1871 μελέτην
2795 1798 2907 1872 εἶχε
2950 1808 3116 1853 ταῦτα
3161 1808 3403 1872 γλυκεῖαν
3452 1801 3587 1873 ἔλεγέ
3636 1821 3687 1854 τε
3725 1808 3819 1854 καὶ

444 1906 504 1945 se
533 1906 604 1945 ea
631 1905 791 1961 saepe
824 1887 1120 1943 audivisse
1142 1902 1177 1941 a
1207 1891 1415 1949 matre,
1451 1890 1506 1939 et
1526 1883 1751 1939 vidisse
1772 1898 1907 1938 eam
1929 1896 2069 1937 oran

2216 1890 2356 1961 παρα
2411 1897 2507 1949 τῆς
2561 1893 2759 1963 μητρὸς
2815 1889 2948 1941 αὐτὰ
3005 1889 3247 1949 πολλάκις
3304 1888 3526 1941 ἀκοῦσαι
3594 1909 3821 1963 προσευ-

444 1984 581 2043 tem,
614 1984 669 2034 et
718 1982 923 2041 Deum,
956 1993 1137 2049 quem
1179 1976 1304 2045 ipse
1355 1974 1658 2045 praedicat,
1702 1972 2069 2027 invocantem

2212 1980 2441 2047 χομένην
2486 1997 2539 2029 τε
2578 1978 2739 2035 αὐτὴν
2784 1980 2907 2050 όρᾷν
2938 1982 3026 2030 καὶ
3074 1978 3127 2029 ὃν
3175 1982 3239 2030 σύ
3288 1981 3555 2053 κηρύττεις
3602 1978 3819 2032 ἐπιϐοω-

442 2068 688 2123 Volebat
700 2073 896 2122 autem
911 2067 1037 2120 haec
1053 2080 1295 2136 quoque
1315 2078 1423 2117 suo
1442 2064 1730 2132 magistro
1745 2059 2069 2129 signiﬁcare

2212 2068 2366 2136 μένην
2415 2070 2578 2118 Θεόν·
2639 2065 2883 2125 ἠϐούλετο
2955 2062 3013 2118 δε
3084 2075 3155 2137 τῷ
3216 2062 3525 2138 διδασκάλῳ
3577 2074 3820 2140 γνώριμοι

442 2160 709 2223 Quotidie
738 2172 877 2225 ergo
904 2156 1027 2209 ibat
1052 2152 1369 2207 Pantoleon
1398 2151 1477 2206 ad
1516 2166 1741 2213 senem,
1771 2156 1827 2205 et
1859 2165 1921 2203 se
1975 2148 2069 2221 pul

2212 2162 2374 2205 ταῦτα
2423 2157 2642 2207 θέσθαι·
2679 2158 2874 2227 ἡμέρας
2919 2151 3005 2206 οὖν
3062 2155 3283 2216 ἑκάστης
3332 2154 3488 2227 ἀπῄει
3537 2157 3561 2207 6
3612 2163 3816 2209 Παντο-

442 2246 597 2300 chris
637 2245 728 2299 his
778 2244 1011 2297 ﬂuentis
1060 2241 1396 2296 oblectabat
1449 2247 1503 2295 et
1555 2239 1632 2294 ad
1683 2253 1885 2293 veram
1918 2238 2069 2292 ﬁdem

2208 2240 2331 2293 λέων
2388 2246 2518 2316 πρὸς
2569 2248 2655 2295 τόν
2713 2243 3010 2318 πρεσϐύτην
3066 2250 3155 2296 καὶ
3224 2254 3324 2296 τῶν
3381 2244 3548 2296 καλῶν
3615 2248 3814 2298 τούτων

440 2334 731 2405 paulatim
752 2330 1223 2387 conﬁrmabatur
1246 2346 1257 2383 :
1284 2334 1339 2384 et
1362 2328 1439 2383 ad
1467 2328 1815 2399 magistrum
1834 2326 2098 2399 quotidie

436 2422 754 2485 ventitans,
815 2436 933 2475 non
985 2418 1150 2491 prius
1184 2419 1427 2473 domum
1463 2417 1712 2484 redibat,
1742 2432 1921 2488 quam
1958 2431 2099 2471 suas

437 2527 611 2566 aures
646 2510 1004 2566 oblectasset
1036 2508 1231 2563 verbis
1283 2507 1461 2563 senis.
1507 2507 1845 2577 Aliquando
1894 2505 2096 2577 itaque

436 2605 737 2655 revertens
767 2616 802 2654 a
838 2601 1224 2669 praeceptore,
1249 2612 1384 2651 cum
1419 2611 1631 2667 parum
1663 2611 1699 2650 a
1727 2594 1825 2650 via
1855 2602 2097 2665 propter

435 2706 609 2744 usum
631 2689 891 2761 aliquem
914 2685 1752 2749 declinasset,videtinfantem
1769 2689 2091 2751 mortuum,

434 2795 613 2851 quem
638 2776 1039 2833 momorderat
1063 2776 1286 2847 vipera,
1316 2782 1369 2829 et
1395 2774 1593 2845 ipsam
1616 2774 1879 2829 belluam
1907 2788 2092 2844 prope

431 2884 558 2923 eum
580 2871 917 2932 stantem,et
942 2865 1120 2920 veluti
1141 2864 1847 2933 ostendentem,quisnam
1869 2862 2090 2916 caedem

428 2957 679 3013 fecisset.
722 2959 866 3010 Eum
906 2971 1068 3025 ergo,
1091 2971 1225 3008 cum
1257 2954 1316 3008 id
1348 2952 1611 3016 vidisset,
1647 2952 1861 3007 invasit
1889 2952 2067 3005 timor

2198 2973 2249 3005 τε
2300 2959 2357 3006 τό
2409 2958 2584 3028 θηρίον
2616 2956 2764 3028 ἐγγύς
2805 2976 2904 3009 που
2950 2960 3111 3031 παρὸν
3160 2962 3249 3009 καὶ
3302 2958 3474 3029 ὥσπερ
3520 2962 3604 3010 τόν
3648 2962 3805 3029 φονέα

428 3054 483 3101 et
509 3047 749 3103 secessit
779 3045 1113 3116 paululum.
1148 3043 1371 3098 Deinde
1423 3059 1557 3097 cum
1587 3058 1791 3096 rursus
1818 3040 2069 3111 seipsuu

2197 3045 2338 3105 ὅστις
2390 3049 2465 3103 εἴη
2529 3043 2746 3103 εὔδηλον
2794 3049 3081 3098 καθιστόνσ
3134 3044 3314 3099 ἰδόντα
3370 3043 3455 3098 οὖν
3501 3046 3654 3119 φόϐος
3699 3044 3803 3100 εἷλε

430 3133 780 3202 collegisset,
815 3138 902 3187 est
940 3148 1232 3196 reversus,
1280 3137 1335 3186 et
1385 3132 1537 3185 stetit
1588 3130 1759 3200 juxta
1808 3145 2058 3201 puerum

2194 3137 2283 3184 καὶ
2330 3138 2514 3207 μικρὸν
2559 3137 2859 3210 ύπεχὼρει’
2918 3132 3030 3187 εἶτα
3076 3135 3222 3188 πάλιν
3278 3136 3460 3187 ἑαυτοῦ
3512 3140 3800 3208 γενόμενος,

424 3222 739 3277 Judicabat
766 3222 924 3275 enim
968 3221 1079 3274 hoc
1110 3237 1235 3274 esse
1276 3218 1579 3273 sufﬁciens
1606 3219 1843 3287 signum
1874 3233 2069 3272 eorum

2195 3219 2404 3294 ἐπανῄει
2473 3229 2561 3275 καὶ
2630 3233 2702 3293 τῷ
2774 3220 2976 3295 παιδίῳ
3046 3228 3365 3297 παρίσταται
3402 3244 3413 3255 ·
3477 3226 3638 3298 ἔκρινε
3690 3227 3799 3297 γὰρ

378 3356 389 3373 ,
425 3326 555 3382 quae
589 3325 767 3364 senex
800 3308 1047 3373 dixerat,
1088 3310 1133 3362 si
1166 3323 1305 3363 vera
1345 3312 1540 3361 essent
1597 3325 1609 3362 :
1660 3309 1869 3376 Surget
1898 3306 2069 3372 enim1

2193 3314 2445 3383 αὔταρκες
2500 3321 2712 3383 σημεῖον
2762 3322 2914 3365 τοῦτο
2973 3321 3072 3365 τῶν
3115 3321 3207 3365 τοῦ
3258 3312 3548 3387 πρεσϐύτου
3606 3313 3795 3384 λόγων,

426 3400 635 3470 inquit,
698 3414 846 3469 puer
876 3398 1003 3467 ejus
1062 3397 1259 3462 verbo,
1316 3404 1371 3451 et
1425 3396 1481 3451 id
1545 3396 1801 3464 patietur
1857 3395 2069 3460 bellua,

2191 3399 2410 3471 ὀφθῆναι
2438 3402 2479 3453 εἰ
2525 3399 2770 3472 ἀψευδῶς
2800 3405 2969 3473 ἔχοιεν
2999 3420 3011 3431 ·
3047 3402 3402 3461 ἀναστήσεται
3440 3405 3539 3477 γὰρ
3572 3406 3628 3454 τὸ
3673 3422 3797 3453 παι-

422 3488 588 3560 quod
618 3488 729 3559 ipsi
753 3486 904 3542 fecit.
938 3489 1053 3541 Hoc
1076 3488 1126 3542 ei
1148 3486 1207 3541 in
1231 3490 1491 3541 mentem
1515 3486 1695 3549 venit,
1724 3492 1778 3541 et
1804 3485 2069 3556 precibus

2192 3485 2323 3555 δίον,
2358 3493 2473 3561 ἔφη,
2503 3498 2572 3561 τῷ
2606 3491 2764 3543 αὐτοῦ
2793 3493 2990 3565 ρήματι
3018 3498 3108 3543 καὶ
3150 3495 3208 3544 τὸ
3242 3493 3420 3565 θηρίον
3466 3492 3491 3543 6
3536 3488 3796 3563 δέδρακεν

420 3577 640 3649 petivit,
696 3581 751 3630 et
791 3574 967 3630 simul
1001 3575 1163 3629 visus
1194 3581 1280 3630 est
1309 3574 1507 3630 infans
1538 3575 1733 3643 vivus,
1775 3579 1832 3629 et
1877 3572 2069 3627 bellua

2188 3576 2366 3644 έκεῖνο,
2395 3584 2651 3635 πείσεται.
2682 3588 2846 3633 Τοῦτο
2880 3581 2951 3641 εἰς
2979 3588 3095 3632 νοῦν
3138 3600 3191 3633 τε
3222 3580 3368 3633 ἔλαϐε
3398 3586 3486 3633 καὶ
3519 3577 3589 3632 δι’
3623 3580 3793 3651 εὐχῆς

418 3671 673 3729 mortua,
701 3670 755 3719 et
772 3680 904 3736 quae
923 3665 1085 3735 apud
1108 3680 1241 3720 eam
1269 3669 1415 3729 erat,
1446 3680 1516 3720 ea
1536 3679 1671 3735 qua:
1690 3662 2069 3731 intelligentia

2186 3671 2349 3739 ᾔτησε
2375 3674 2463 3721 καὶ
2490 3670 2600 3742 ἅμα
2639 3674 2806 3745 ὡρᾶτο
2839 3672 2940 3731 ζῶν
2970 3674 3028 3722 τὸ
3054 3666 3288 3736 παιδίον,
3321 3672 3347 3723 6
3381 3673 3476 3745 θὴρ
3511 3672 3787 3733 τεθνηκὼς,

416 3753 902 3827 apprehenditur,
960 3752 1162 3809 bellua
1222 3752 1408 3808 multo
1464 3754 1654 3824 magis
1710 3752 1944 3825 perdita
2020 3757 2069 3805 et

2182 3758 2206 3807 6
2253 3763 2433 3820 νοητὸς
2465 3779 2517 3811 τε
2547 3762 2668 3832 παρ’
2703 3759 2866 3830 ἐαυτῷ
2914 3762 3010 3833 θὴρ
3058 3766 3147 3812 καὶ
3194 3768 3289 3820 τῆς
3335 3758 3568 3820 ἀσεϐείας
3610 3764 3787 3831 πατὴρ

415 3849 641 3900 enecta.
2184 3845 2334 3919 (πῆρ)
2361 3847 2530 3919 πολλῷ
2566 3848 2715 3900 πλέον
2747 3848 3020 3910 ἀπολωλὼς
3051 3852 3140 3900 καὶ
3165 3845 3553 3923 διεφθαρμένος.

484 3933 555 3985 V.
590 3934 734 3987 Cum
760 3933 837 3988 ad
868 3932 1287 4004 perfectionem
1322 3946 1462 4002 ergo
1492 3931 1633 3987 ﬁdei
1662 3931 1721 3985 in
1772 3929 2068 3985 Christum

2257 3936 2325 3991 E'.
2362 3940 2536 3995 Ταύτη
2594 3946 2870 4012 τοιγαροῦν
2914 3939 2939 3989 6
2992 3937 3284 3990 Παντολέων
3337 3938 3410 3999 εἰς
3460 3942 3554 3996 τὴν
3598 3937 3788 3991 τελειό-

414 4025 495 4079 sic
522 4023 881 4095 pervenisset
909 4022 1252 4087 Pantaleon,
1287 4022 1484 4077 statim
1511 4022 1740 4092 aspexit
1766 4020 1825 4074 in
1852 4020 2069 4074 caelum

2182 4044 2315 4083 τητα
2361 4034 2455 4088 τῆς
2512 4030 2643 4079 κατὰ
2690 4031 2920 4101 Χριστὸν
2967 4032 3193 4089 πίστεως
3240 4032 3593 4092 καταντήσας,
3646 4024 3785 4080 εἶδεν

412 4113 666 4169 externis
688 4111 894 4174 oculis,
942 4117 995 4165 et
1025 4111 1164 4176 Deo,
1194 4112 1296 4182 qui
1327 4127 1463 4165 eum
1495 4114 1812 4165 vocaverat
1842 4126 1879 4164 a
1909 4115 2069 4163 tene—

2181 4113 2327 4174 εὐθύς
2358 4115 2430 4175 εἰς
2476 4119 2562 4167 τὸν
2607 4116 2820 4188 ούρανὸν
2868 4124 2975 4176 τοίς
3019 4115 3114 4179 ἔξω
3157 4116 3267 4187 ἅμα
3312 4122 3402 4169 καὶ
3434 4124 3544 4178 τοῖς
3591 4118 3785 4169 ἔσωθεν

410 4201 536 4256 bris
568 4201 830 4255 interitus
870 4200 947 4255 ad
988 4200 1183 4255 lucem
1229 4200 1509 4271 veritatis,
1570 4198 1874 4254 benedixit
1930 4214 2063 4252 cum

2181 4202 2455 4275 ὀφθαλμοῖς
2507 4210 2596 4256 καὶ
2660 4210 2745 4257 τὸν
2805 4205 3097 4257 καλέσαντα
3163 4208 3289 4258 Θεὸν
3363 4204 3463 4257 ἀπὸ
3535 4213 3625 4258 τοῦ
3683 4214 3782 4267 τῆς

408 4290 597 4345 multa
628 4289 811 4345 animi
837 4288 1279 4361 tranquillitate.
1317 4290 1527 4344 Deinde
1564 4304 1701 4342 cum
1752 4287 1900 4342 ferre
1944 4302 2066 4342 non

2181 4289 2429 4353 ἀπωλείας
2492 4298 2706 4356 σκότους
2755 4295 2827 4357 εἰς
2871 4300 2927 4347 τὸ
2978 4298 3162 4367 φέγγος
3210 4303 3305 4357 τῆς
3355 4293 3596 4357 ἀληθείας
3643 4298 3784 4366 μετὰ

406 4383 607 4450 posset
636 4377 917 4445 laetitiam,
961 4379 1037 4433 ad
1070 4395 1264 4433 senem
1296 4378 1522 4433 accedit
1566 4376 1965 4442 Hermolaum,
2011 4383 2066 4432 et

2181 4380 2367 4442 πολλῆς
2424 4382 2619 4454 εὐλόγει
2672 4391 2760 4443 τῆς
2811 4384 3074 4455 εύθυμίας.
3128 4380 3253 4435 Εἶτα
3305 4382 3409 4453 οὐχ
3458 4380 3566 4444 οἶός
3606 4402 3659 4435 τε
3707 4384 3779 4434 ὢν

405 4467 648 4539 exponit
680 4466 735 4521 id
776 4468 940 4538 quod
973 4468 1286 4537 acciderat,
1317 4473 1373 4521 et
1426 4466 1834 4521 venerandum
1886 4466 1963 4521 ab
1994 4482 2063 4521 eo

2181 4473 2338 4543 φέρειν
2390 4475 2484 4529 τὴν
2552 4470 2768 4537 ἡδονὴν,
2824 4481 2894 4542 τῷ
2952 4472 3216 4546 πρεσϐύτῃ
3272 4478 3543 4545 πρόσεισιν
3594 4472 3774 4547 Ἑρμο-

400 4558 549 4629 petit
570 4556 956 4627 baptismum.
980 4558 1077 4611 Ille
1096 4564 1291 4612 autem
1306 4556 1557 4615 (sciebat
1582 4555 1741 4610 enim
1768 4556 2058 4627 quidnam

2181 4559 2277 4630 λάῳ
2316 4565 2491 4613 καὶτὸ
2534 4565 2745 4632 γεγονὸς
2789 4561 3049 4632 ἐξηγεῖται
3081 4566 3256 4613 καὶτὸ
3294 4564 3425 4613 θεῖον
3472 4562 3606 4613 αἰτεῖ
3648 4563 3777 4635 παρ’

400 4645 637 4700 cuinam
676 4646 941 4717 largitur)
976 4646 1034 4700 in
1078 4646 1192 4701 hoc
1235 4646 1484 4701 libenter
1513 4645 1779 4711 inseruit,
1811 4649 1867 4700 et
1897 4661 2056 4713 eum,

2181 4648 2333 4699 αὐτοῦ
2365 4648 2665 4722 βάπτισμα,
2701 4649 2757 4701 Ὀ
2805 4646 2863 4702 δε
2896 4647 3039 4723 (ᾔδει
3067 4652 3168 4724 γὰρ
3197 4652 3302 4703 οἷον
3343 4652 3431 4722 οἵῳ
3464 4653 3772 4724 χαρίζεται)

394 4735 651 4808 quierat
697 4735 827 4790 luce
867 4735 1106 4804 dignus,
1160 4735 1361 4790 divino
1394 4734 1618 4807 perlicit
1673 4734 2054 4805 baptismate,

2181 4740 2391 4810 ἰσμενος
2479 4737 2683 4811 ἀσμένῳ
2754 4740 3000 4812 ὑπηρετεῖ
3074 4744 3162 4791 καὶ
3240 4742 3356 4811 θείῳ
3436 4739 3769 4813 βαπτίσματι

394 4826 541 4879 Cum
609 4839 744 4879 vero
806 4830 1033 4895 septem
1082 4823 1213 4880 dies
1271 4825 1591 4879 mansisset
1633 4824 1791 4894 apud
1824 4840 2052 4891 senem,

2181 4830 2253 4879 τὸν
2306 4834 2397 4879 τοῦ
2450 4831 2615 4899 φωτὸς
2667 4828 2811 4890 ἄξιον
2860 4829 3062 4883 τελειοί.
3117 4828 3278 4881 Ἐπτὰ
3334 4826 3392 4881 δε
3448 4831 3645 4905 ἡμέρας
3695 4840 3769 4901 τῷ

390 4913 722 4984 poculentis
788 4914 978 4984 ipsius
1054 4913 1250 4967 verbis
1308 4929 1410 4969 cor
1466 4914 1593 4983 ejus
1651 4913 1945 4983 irrigatur,
1997 4918 2053 4967 et

2181 4920 2361 4988 γέροντι
2436 4921 2771 4991 παραμείνας,
2855 4926 2964 4979 τοῖς
3042 4923 3283 4990 ποτίμοις
3372 4918 3529 4970 αὐτοῦ
3594 4919 3769 4989 λόγοις

389 5003 680 5073 pingueﬁt
706 5002 932 5067 anima,
968 5007 1290 5074 venterque
1320 5002 1537 5056 divinis
1563 5002 1842 5073 impletur
1859 5000 2047 5057 ﬂumi-

2181 5002 2380 5078 ἰρδεται
2453 5010 2547 5062 τὴν
2607 5003 2851 5080 καρδίαν,
2903 5011 3164 5059 πιαίνεται
3243 5011 3335 5065 τὴν
3411 5006 3619 5077 ψυχὴν,
3669 5012 3764 5066 τὴν

388 5094 590 5147 nibus.
628 5094 839 5164 Sicque
880 5093 1022 5147 vixit
1052 5092 1162 5145 sub
1194 5091 1353 5147 bono
1388 5091 1618 5162 spiritu,
1663 5090 1862 5145 multis
1910 5106 2049 5145 con-

2181 5094 2355 5145 εοιλίαν
2435 5103 2679 5165 ποταμῶν
2767 5097 2910 5147 θείων
2983 5094 3211 5166 ἔμπλεως
3286 5099 3499 5166 γίνεται.
3584 5096 3763 5158 Ούτως

2209 2329 2401 2404 ἐτρύφα
2453 2335 2693 2405 ναμάτων
2745 2338 2835 2385 καὶ
2883 2337 3014 2405 πρὸς
3066 2339 3158 2392 τὴν
3207 2332 3390 2391 εὐσεϐῆ
3449 2338 3623 2387 πίστιν
3673 2339 3814 2388 κατὰ

2207 2424 2392 2493 μικρὸν
2436 2421 2739 2495 ἐστηριζετο
2786 2427 2875 2474 καὶ
2925 2425 3053 2493 πρὸς
3103 2426 3188 2475 τὸν
3236 2419 3561 2475 διδάσκαλον
3611 2420 3669 2476 δε
3714 2422 3813 2477 διὰ

2206 2512 2383 2572 πάσης
2414 2510 2590 2583 ἐφοίτα
2632 2516 2720 2563 καὶ
2764 2512 2822 2563 ού
2866 2516 3112 2586 πρότερον
3157 2508 3338 2565 οἶκαδε
3380 2511 3606 2585 ἐπανῄει,
3640 2513 3682 2565 εὶ
3727 2519 3806 2586 μὴ

2205 2601 2296 2660 τὰς
2340 2599 2499 2662 ἀκοὰς
2554 2605 2779 2674 ηὔφρανε
2825 2606 2911 2653 καὶ
2960 2608 3070 2663 τοῖς
3110 2602 3315 2675 ρὴμὰισι
3346 2609 3437 2653 τοῦ
3468 2601 3757 2675 πρεσϐύτου
3788 2622 3802 2635 '

2205 2690 2325 2739 ποτε
2356 2694 2525 2739 τοίνυν
2577 2688 2676 2740 ἀπὸ
2707 2697 2795 2741 τοῦ
2844 2685 3174 2741 διδασκάλου
3220 2689 3553 2764 Εύφροσύνου
3585 2690 3804 2743 ἐπανιὼν

2202 2781 2289 2828 καὶ
2336 2782 2520 2852 μικρὸν
2568 2786 2660 2839 τῆς
2704 2775 2831 2830 ὁδοῦ
2884 2779 3015 2830 κατά
3066 2798 3117 2829 τι
3167 2774 3363 2836 δεῆσαν
3407 2777 3650 2845 ἐκκλίνας,
3703 2782 3805 2855 όρᾲ

2199 2862 2412 2917 παιδίον
2461 2869 2546 2918 ὑπ’
2596 2864 2813 2939 ἐχίδνης
2872 2864 3193 2938 δεδηγμένον
3243 2873 3330 2920 καὶ
3377 2870 3636 2929 τεθνηκός·
3668 2870 3802 2923 αύτό

390 5190 659 5239 servatus
692 5183 913 5237 utilitas
940 5189 995 5237 et
1026 5181 1398 5237 illuminatio.
1438 5182 1583 5235 Cum
1610 5180 1815 5235 fuisset
1844 5186 2044 5235 autem

386 5272 511 5326 dies
534 5281 799 5339 octavus,
834 5274 992 5326 venit
1018 5271 1095 5327 ad
1124 5279 1378 5342 patrem.
1410 5271 1506 5325 llle
1534 5285 1672 5325 vero
1701 5286 1714 5321 :
1753 5269 1859 5324 Ubi
1890 5285 2040 5333 eras,

386 5361 595 5431 inquit,
631 5362 734 5428 tili,
777 5362 1071 5432 prioribus
1111 5362 1346 5423 diebus,
1390 5366 1445 5416 et
1487 5376 1579 5415 me
1639 5359 1940 5429 conjecisti
1982 5360 2042 5413 in

2158 5183 2256 5233 ύπό
2309 5190 2377 5252 τῷ
2436 5181 2616 5253 ἀγαθῷ
2674 5187 2927 5255 πνεύματι
2982 5184 3073 5243 ἔζη
3132 5183 3344 5245 πολλοῖς
3402 5184 3616 5255 ὠφέλεια
3669 5190 3760 5237 καὶ

2157 5274 2417 5343 φωτισμός
2472 5275 2920 5345 συντηρούμενος’
2983 5274 3179 5345 ἡμέρας
3235 5270 3294 5325 δὲ
3339 5276 3615 5345 γενομένης
3672 5274 3760 5345 ὀγ-

2156 5357 2303 5425 δόης,
2364 5361 2743 5433 καταλαμϐάνει
2794 5366 2925 5434 πρὸς
2976 5365 3059 5415 τὸν
3112 5367 3331 5435 πατέρα.
3381 5368 3481 5415 Καὶ
3528 5364 3597 5422 ὅς’
3649 5369 3758 5413 Ποῦ

2154 5446 2235 5516 ἧς,
2268 5453 2460 5521 τέκνον,
2490 5454 2579 5512 τὰς
2611 5456 2708 5525 πρὸ
2748 5459 2840 5503 τοῦ
2887 5454 3104 5525 ἡμέρας,
3138 5456 3317 5525 φησὶν,
3350 5457 3438 5504 καὶ
3486 5471 3549 5524 με
3592 5450 3753 5524 πολλῇ

2150 5537 2444 5614 περιέϐαλες
2478 5536 2665 5613 ὀδύνη,
2697 5545 2766 5611 μή
2819 5544 2904 5592 σοί
2954 5559 3009 5593 τε
3040 5548 3138 5592 τῶν
3191 5536 3460 5598 ἆδοκήτων
3493 5539 3752 5613 συμϐαίη.

2150 5627 2207 5683 Ὀ
2260 5625 2357 5683 δέ·
2390 5627 2620 5707 Ἄνδρα,
2671 5632 2787 5702 ἔφη,
2839 5638 2941 5682 τῶν
2998 5634 3115 5707 περὶ
3164 5632 3230 5683 τὰ
3278 5629 3522 5705 βασίλεια
3567 5634 3749 5699 ὄντων,

381 5465 668 5518 magnam
689 5451 865 5505 animi
892 5452 1349 5520 zegritudiuem?
1372 5448 1673 5521 Numquid
1704 5448 1806 5504 tibi
1827 5449 2042 5504 accidit

379 5538 603 5610 aliquid
631 5545 844 5611 praeter
874 5541 1371 5613 exspectationem
1389 5540 1417 5597 ?
1436 5540 1487 5594 Is
1509 5554 1645 5596 vero
1677 5560 1689 5594 :
1719 5538 1806 5593 Ad
1832 5554 2039 5611 quem-

379 5628 545 5697 dam,
581 5629 789 5702 inquit,
830 5646 900 5685 ex
950 5630 1019 5685 iis
1071 5631 1173 5702 qui
1228 5634 1545 5685 versantur
1574 5630 1634 5684 in
1684 5629 1823 5685 aula
1852 5629 2034 5699 regia,
