4034 6206
199 309 289 364 453

197 438 312 503 νόσῳ
365 431 548 503 βαρείᾳ
597 425 1000 498 κατειλημμένον
1048 421 1426 496 περιοδεύοντες
1486 417 1611 493 ἦμεν
1797 410 1842 466 Α

194 543 238 575 τε
262 523 402 573 καὶὸ
451 515 786 575 διδάσκαλος·
820 520 909 566 καὶ
949 513 1056 566 ἐπεὶ
1108 534 1179 585 τῳ
1235 512 1445 586 βασιλεῖ
1493 509 1640 567 οὗτος
1680 522 1760 554 κε-

191 615 492 684 χαρισμένος
525 604 584 664 ἦν
640 610 730 656 καὶ
779 600 1049 677 φροντίδος
1105 604 1181 655 ότι
1236 602 1421 661 πολλῆς
1470 599 1634 661 ἄξιος,
1670 592 1761 645 ούκ

191 698 242 758 ἦν
266 700 443 752 ἐκεῖθεν
489 699 612 768 ἡμῖν
658 698 715 746 τό
769 692 1065 750 ἀποστῆναι
1110 689 1316 766 ῥᾴδιον,
1371 689 1498 741 ἀλλά
1548 683 1764 739 διετελέ-

191 809 334 861 σαμεν
386 791 572 846 ταύτας
622 780 690 842 δὴ
763 786 851 842 τὰς
908 782 1036 834 ἐπτά
1087 787 1336 856 παρόντες
1407 782 1618 850 ἡμέρας,
1675 774 1764 830 ἕως

187 880 402 949 καθαρᾶς
454 873 636 934 ἐκεῖνος
714 870 969 923 ἀπέλαυσε
1026 872 1242 941 ὑγιείας.
1305 876 1484 922 Ταῦτα
1567 869 1765 936 εἴρηκεν

188 966 237 1018 ού
280 959 590 1037 φιλοψευδὴς
667 965 756 1025 ὧν,
811 959 916 1010 ἀλλ’
967 960 1250 1031 οἰκονομῶν
1317 957 1364 1010 ἐν
1414 960 1586 1030 κρίσει
1643 955 1764 1011 τοὺς

185 1056 368 1124 λόγους·
431 1056 542 1105 ἔστι
605 1055 703 1123 γάρ
759 1052 840 1102 ὅτε
895 1054 985 1100 καὶ
1041 1053 1099 1100 τό
1153 1044 1350 1118 ψεῦδος
1396 1046 1760 1120 προτιμητέον’

186 1145 236 1196 ού
279 1146 409 1195 κατά
453 1162 504 1193 τι
553 1139 762 1212 φαῦλον,
817 1143 905 1190 καὶ
955 1137 1278 1210 ἀνελεύθερον
1313 1132 1763 1205 σπουδάζομενον,

184 1233 298 1285 ἀλλά
327 1233 440 1284 κατ’
471 1231 766 1299 οἰκονομίαν
797 1228 1064 1285 ἐπαινετὴν
1093 1230 1548 1302 προσκρινόμενον.

261 1321 353 1396 ς’.
383 1323 558 1393 Ταύτῃ
612 1338 691 1371 τοι
721 1322 810 1370 καὶ
856 1323 950 1375 τὴν
999 1316 1246 1369 ἐπιοῦσαν
1290 1319 1416 1390 πρὸς
1463 1317 1548 1365 τόν
1605 1306 1763 1362 διδά-

185 1412 355 1466 σκαλον
401 1411 729 1482 Εύφρόσυνόν
767 1412 1010 1479 γεγονὼς,
1054 1405 1160 1458 ἐπεὶ
1216 1405 1445 1464 κάκεῖνος
1492 1405 1558 1454 τὰ
1610 1402 1765 1473 όμοια

179 1504 337 1573 ἡρετο,
386 1499 762 1572 παραπλησίων
795 1495 994 1549 δέδωκε
1023 1500 1112 1547 καὶ
1157 1495 1296 1566 αύτῷ
1334 1499 1426 1552 τὴν
1457 1491 1760 1562 ἀπολογίαν.

173 1590 229 1642 ’0
270 1595 454 1660 πατὴρ,
513 1589 696 1658 λέγων,
753 1585 911 1659 ἀργὸν
967 1585 1207 1642 ὠνήσατο
1263 1591 1354 1636 καὶ
1411 1590 1591 1635 τοῦτον
1679 1579 1763 1650 ἐμὲ

181 1679 475 1752 παραλαϐεῖν
528 1676 940 1751 προσετρέψατοο
1007 1672 1163 1748 οὗπερ
1218 1671 1311 1726 οὖκ
1357 1670 1416 1731 ἦν
1469 1691 1558 1743 μοι
1640 1669 1764 1720 ἀπο-

183 1779 350 1828 στῆναι
395 1767 592 1840 σχολὴ,
641 1768 735 1828 ἕως
786 1769 948 1818 πάντα
992 1768 1058 1817 τά
1099 1764 1258 1816 αὐτοῦ
1291 1762 1552 1833 ἐπόψομαι
1591 1777 1762 1831 προσ-

179 1864 399 1930 εχόντως,
452 1862 546 1909 καὶ
601 1852 673 1915 οἷς
733 1863 996 1929 προσῆκον
1049 1854 1242 1906 ἐκείνου
1307 1855 1400 1909 τήν
1472 1847 1761 1921 ἐπιμέλειαν

178 1946 461 2019 ἐγχειρίσω.
501 1944 700 1998 Πολλοῦ
751 1946 852 2016 γὰρ
903 1942 1049 2006 ἀξιος
1083 1943 1234 2004 οὗτος
1280 1946 1369 1993 καὶ
1413 1936 1582 1991 οὐδενὶ
1626 1935 1760 2001 οἷλλῳ

179 2040 434 2106 κτημάτων
487 2033 966 2107 παραϐαλλόμενος.
1021 2040 1184 2085 Τοῦτο
1234 2027 1292 2082 δὲ
1344 2029 1476 2100 ἔλεγε
1525 2032 1618 2085 τὴν
1672 2032 1762 2076 τοῦ

181 2127 300 2176 θείου
351 2124 728 2198 βαπτίσματος
778 2124 1196 2194 ύπαινιττόμενος
1242 2121 1428 2190 χάρίν.
1483 2116 1671 2189 ’Ἐργον
1705 2111 1763 2166 δὲ

178 2214 372 2267 ἐποιεῖτο
428 2219 522 2265 καὶ
597 2211 712 2263 λίαν
769 2210 998 2282 ἐπιμελὲς
1075 2209 1368 2266 ἀποστῆναι
1416 2215 1510 2266 τῆς
1566 2205 1762 2265 πλάνης

178 2307 249 2353 τὸν
301 2309 498 2376 πατέρα
551 2302 712 2353 αὐτοῦ
771 2305 857 2352 καὶ
919 2302 1204 2352 συνθέσθαι
1253 2306 1314 2370 τῇ
1386 2296 1617 2366 εὐσεϐείᾳ
1665 2313 1759 2346 πα-

177 2396 484 2465 ρασκευάσαι
560 2395 719 2462 χρέος
783 2392 861 2442 ὅτι
922 2390 1154 2461 μάλιστα
1213 2383 1581 2440 δυσαπόδοτον
1645 2386 1761 2435 υἱοῦ

177 2485 289 2551 πρὸς
314 2487 510 2556 πατέρα
567 2489 656 2540 τῆς
717 2480 785 2540 εἰς
844 2482 899 2530 τὸ
955 2476 1084 2530 εἶναι
1139 2474 1380 2534 δηλονότι
1437 2482 1759 2548 παραγωγῆς

177 2572 430 2643 ῗιλοτίμως
481 2567 775 2622 ἀποδοῦναι
833 2567 1156 2628 σπουδάζων
1200 2572 1289 2618 καὶ
1336 2569 1422 2616 τὸν
1466 2567 1600 2615 κατά
1633 2565 1758 2635 σάρ-

175 2679 232 2710 κα
274 2665 588 2731 γεγενηκότα
648 2656 742 2710 διὰ
813 2663 1103 2729 πνεύματος
1167 2656 1512 2724 ἀναγεννῆσαι
1573 2651 1757 2724 βουλό-

175 2765 320 2816 μενος.
368 2749 524 2800 Ὀθεν
575 2747 633 2798 ού
683 2743 882 2800 διέλιπε
932 2755 1098 2817 σοφῶς
1129 2745 1283 2796 αὐτόν
1352 2745 1515 2795 ὑπιὼν
1548 2745 1756 2801 πεύσεις

176 2855 218 2886 τε
280 2844 560 2910 προτείνων
643 2836 736 2888 ούκ
798 2836 1040 2896 εὐλύτους
1097 2839 1186 2886 καὶ
1243 2834 1376 2885 ούτω
1427 2830 1755 2884 διασαλεύειν

177 2930 256 2982 τὴν
297 2929 581 3000 θρησκείαν
613 2925 772 2977 αὐτοῦ
823 2930 1154 2997 πειρώμενος.
1182 2927 1244 2976 Τί
1276 2941 1396 2974 ποτε
1425 2923 1548 2994 γὰρ,
1599 2921 1752 2991 ἔλεγε,

177 3017 217 3064 οἱ
265 3019 382 3081 θεοὶ,
434 3019 625 3089 πάτερ,
677 3017 725 3066 οἱ
773 3018 860 3085 μὲν
901 3013 952 3075 ἐξ
1004 3013 1180 3085 ἀρχῆς
1236 3013 1500 3082 ἱστάμενοι
1545 3013 1620 3062 ἔτι
1667 3014 1756 3060 καὶ

173 3111 249 3154 νῦν
281 3108 546 3171 ἵστανται,
588 3100 852 3175 μηδέποτε
903 3099 1166 3174 καθέδρας
1213 3103 1524 3173 μνησθέντες
1558 3098 1755 3165 ;”Οσοι
1795 3123 1837 3182 C

178 3188 226 3243 δε
266 3196 521 3252 κάθηνται
576 3192 746 3262 πάλιν3
803 3192 937 3243 ούτω
997 3188 1090 3243 διά
1143 3194 1333 3251 παντὸς
1397 3194 1611 3260 μένουσι
1668 3195 1756 3241 καὶ

176 3278 400 3336 οὐδέποτε
453 3283 707 3354 ὤφθησαν
767 3280 1074 3340 ἀναστάντες
1119 3297 1133 3345 ;
1183 3282 1385 3332 Τούτων
1445 3283 1533 3329 καὶ
1593 3277 1756 3328 ἄλλων

176 3372 341 3440 ὁμοίων
389 3376 415 3425 ό
471 3375 648 3444 πατὴρ
729 3370 980 3432 ἀκούσας,
1041 3369 1246 3441 ἀπόρως
1304 3365 1415 3439 εἶχε
1477 3371 1602 3442 πρὸς
1661 3373 1754 3425 τὴν

177 3457 386 3513 inﬂuens
437 3467 533 3512 καὶ
589 3457 694 3518 ἤδη
746 3465 862 3534 περὶ
911 3463 1028 3518 τοὺς
1075 3459 1265 3520 αὐτοὺς
1305 3454 1630 3509 διεσέσειστο
1666 3462 1755 3509 καὶ

176 3548 468 3624 ὑπόψυχρος
532 3546 613 3612 ἧν,
667 3551 788 3622 ὅπερ
843 3550 868 3599 ό
924 3547 1216 3600 Παντολέων
1275 3548 1405 3620 όρών
1483 3546 1755 3617 ἐμεγάλυνε

177 3645 253 3686 τοῦ
299 3646 532 3713 Χριστοῦ
579 3643 636 3690 τό
682 3643 842 3710 ὄνομα
883 3644 970 3689 καὶ
1021 3639 1249 3711 χάριτας
1300 3636 1439 3705 αύτῴ
1481 3637 1751 3707 ὡμολόγει,

177 3727 243 3777 ὁτι
280 3733 395 3790 τέως
447 3737 578 3799 γοῦν
636 3725 1002 3790 ἐπιδοιάζοντα
1051 3730 1200 3784 ἔθηκε
1247 3731 1332 3778 τόν
1365 3727 1525 3778 αύτοῡ
1555 3732 1754 3800 πατέρα

178 3821 253 3866 καὶ
302 3819 346 3888 (ὅ
397 3837 560 3890 φησιν
593 3817 752 3875 Ὠσηὲ
799 3819 823 3868 ό
851 3819 1017 3878 θεῖος)
1043 3819 1321 3890 μερίζοντα
1351 3812 1594 3887 καρδίαν,
1641 3818 1752 3869 ὅθεν

175 3902 282 3957 οὐδὲ
319 3907 522 3979 ἑώρακα
564 3910 629 3958 τὰ
676 3911 768 3965 τὴν
800 3906 1161 3978 προλαϐοῦσαν
1195 3909 1470 3964 συνήθειαν
1513 3903 1747 3976 δαψιλῶς

177 3994 311 4046 αὐτόν
339 4001 700 4071 προσφέροντα
720 3999 808 4056 τάς
833 3998 1046 4058 θυσίας.

235 4085 303 4138 Ζ’.
352 4087 620 4145 Βουληθεὶς
670 4083 756 4138 οὖν
785 4091 879 4143 τὴν
911 4091 1118 4160 πρώτην
1155 4085 1436 4158 συντρίψαι
1488 4092 1576 4138 καὶ
1625 4090 1749 4140 καθ-

179 4171 282 4224 ελεῖν
334 4179 395 4226 τά
455 4184 551 4228 τοῦ
610 4181 800 4250 πατρὸς
852 4173 1042 4228 εἴδωλα
1099 4175 1261 4226 πολλά
1313 4180 1434 4227 ὄντα
1484 4181 1628 4251 παρά
1680 4187 1750 4248 τῷ

177 4262 313 4315 αὐτοῦ
361 4274 593 4326 κοιτῶνι,
649 4266 861 4337 ἐπέσχε,
909 4271 979 4338 μὴ
1040 4269 1366 4339 παροργίσαι
1411 4264 1742 4338 βουλόμενος

177 4349 339 4404 πολλοῦ
391 4360 494 4428 γὰρ
542 4354 694 4427 ἐτίμα
749 4359 806 4407 τό
855 4360 1053 4426 πατέρα
1107 4361 1280 4426 τιμᾷν.
1317 4353 1493 4425 Ἔλεγε
1543 4353 1620 4420 δὲ,
1670 4360 1749 4409 ὅτι

173 4443 318 4492 πειθοῖ
380 4444 572 4514 μᾶλλον
639 4444 792 4495 αὐτόν
865 4443 1119 4515 ἐπάξομαι
1186 4450 1274 4494 καὶ
1358 4443 1610 4496 ἐπιεικεία
1673 4456 1744 4517 τῷ

173 4533 363 4602 Χριστῷ
431 4541 737 4596 πιστεύσαι,
806 4539 895 4584 καὶ
965 4534 1128 4592 οὕτως
1196 4531 1499 4605 ἀμφοτέροις
1569 4538 1742 4605 ἔσται,

171 4626 315 4671 ταῦτα
358 4621 685 4675 καταϐαλεῖν.
734 4625 826 4675 Διά
869 4631 1019 4674 τοῦτο
1065 4628 1156 4674 καὶ
1201 4624 1226 4673 ό
1261 4627 1352 4680 τὴν
1394 4622 1595 4681 ἐντολὴν
1624 4623 1746 4688 δούς

174 4713 344 4780 πατέρα
395 4717 574 4783 τιμᾷν,
629 4719 722 4773 τῆς
772 4712 960 4773 πολλῆς
991 4716 1186 4773 ταύτης
1239 4711 1504 4774 εὐλαϐείας
1557 4713 1742 4767 ἐκεῖνον

1708 4811 1737 4863 ἦ

175 4890 249 4934 καὶ
293 4892 372 4938 τόν
422 4890 582 4942 αὑτοῦ
631 4895 825 4963 πατέρα
879 4891 1081 4963 ὁμαλῶς
1140 4892 1273 4942 οὕτω
1330 4897 1419 4944 καὶ
1452 4894 1618 4955 ἠπίως
1650 4915 1739 4946 πι-

175 4791 571 4872 ἀποδειξάμενος,
655 4800 888 4874 ἀφορμὴν
955 4807 1219 4875 παρέσχεν
1305 4800 1626 4868 ἐπιτηδείαν,

177 4983 368 5029 στεῦσαι
397 4986 664 5045 πεποίηκε,
722 4987 952 5033 κάκεῖνον
985 4981 1169 5032 ἑαυτοῦ
1201 4983 1394 5052 μισθοῦ
1441 4984 1566 5034 ὅσον
1599 4990 1740 5036 κατέ-

175 5079 315 5119 στησε
365 5070 620 5140 πρόξενον.
665 5078 842 5122 Ταῦτα
879 5073 979 5143 γάρ
1036 5071 1372 5143 ἐνθυμωμένῳ
1420 5081 1490 5141 τῷ
1544 5081 1737 5126 Παντο-

170 5147 311 5203 λέοντι
364 5164 746 5229 προσέρχονταί
812 5179 944 5221 τινες
1017 5163 1500 5234 χειραγωγούμενον
1550 5165 1735 5235 τυφλόν

172 5237 466 5314 ἐπαγομενοι,
535 5248 803 5318 Κοψαντες
861 5247 946 5300 οὖν
998 5255 1086 5306 τὴν
1155 5252 1334 5321 θύραν,
1397 5249 1734 5306 ἐπυνθάνοντο

171 5328 206 5378 εἰ
251 5343 412 5404 παρών
465 5340 537 5394 εἰη
583 5338 875 5390 Παντολέων
915 5340 940 5389 ό
992 5339 1188 5411 ἰατρός.
1221 5341 1474 5399 Μαθοντες
1507 5337 1565 5393 δὲ
1596 5362 1732 5417 παρ-

172 5425 300 5486 εἶναι,
353 5430 675 5500 προσέμενον
736 5433 825 5481 καὶ
884 5429 938 5490 ὃς
1013 5429 1264 5493 ἀκούσας,
1333 5432 1465 5502 μετὰ
1539 5433 1730 5496 πολλῆς

231 5618 247 5650 ²
276 5619 413 5678 Osee
445 5638 496 5692 ι,
523 5627 574 5680 2.

1379 295 1561 352 VITA'
1584 293 1644 347 S.
1689 281 2281 351 PANTELEEMONIS
2298 338 2311 351 .

3423 303 3528 360 454

1876 418 2039 486 gravi
2071 421 2282 478 morbo
2332 423 2723 490 laborantem,
2757 424 3005 497 profecti
3048 442 3286 485 eramus
3318 445 3428 500 ego
3472 435 3531 486 et

1878 508 2179 575 magister,
2232 517 2287 567 et
2337 514 2624 585 quoniam
2658 513 2709 568 is
2758 522 2882 570 erat
2913 520 3116 584 gratus
3160 518 3528 590 imperatori,

1878 599 1933 650 et
1963 596 2180 667 dignus
2220 600 2389 672 cujus
2424 618 2644 672 magna
2698 619 2840 659 cura
2879 610 3198 674 gereretur,
3243 623 3364 662 non
3405 615 3530 665 erat

1878 688 2127 742 omnino
2157 688 2324 745 facile
2358 691 2529 746 nobis
2562 691 2724 747 illinc
2754 693 3046 757 recedere,
3082 694 3178 748 sed
3209 700 3527 766 perpetuos

1879 781 2105 846 septem
2132 778 2258 834 dies
2285 779 2400 836 illic
2426 781 2648 836 fuimus
2671 788 3010 853 praesentes,
3035 782 3225 838 donec
3253 783 3347 839 ille
3378 786 3534 840 sani-

1879 868 2058 920 tatem
2085 883 2300 937 puram
2323 875 2410 925 est
2436 877 2809 926 consecutus.
2839 873 2970 926 Haec
2993 870 3157 937 dixit,
3183 888 3303 928 non
3330 873 3534 929 dicens

1878 955 2283 1021 mendacium,
2340 959 2443 1013 sed
2505 960 2753 1032 mystice
2813 960 2996 1015 verba
3051 960 3413 1032 dispensans
3471 965 3532 1017 in

1871 1039 2092 1112 judicio
2121 1047 2495 1116 oeconomiae,
2529 1063 2650 1104 non
2699 1053 2899 1104 autem
2930 1047 3071 1104 mali
3102 1050 3354 1120 alicujus
3398 1067 3536 1106 con-

1881 1131 1993 1186 silii
2025 1149 2229 1189 causa.

1953 1311 2037 1364 VI.
2073 1311 2277 1367 [tidem
2309 1328 2444 1368 cum
2471 1315 2738 1387 sequenti
2769 1331 3012 1388 quoque
3042 1317 3137 1373 die
3167 1319 3425 1374 venisset
3454 1319 3532 1376 ad

1877 1402 2229 1470 magistrum
2283 1403 2740 1476 Euphrosynum
2782 1407 3091 1478 (quoniam
3146 1408 3240 1463 ille
3288 1425 3531 1481 quoque

1875 1490 2087 1545 eadem
2112 1491 2540 1564 interrogavit),
2576 1493 2653 1548 ad
2685 1511 2822 1549 eum
2855 1495 3031 1550 simili
3063 1513 3209 1552 usus
3241 1503 3328 1552 est
3359 1515 3535 1554 excu-

1877 1578 2101 1633 satione
2136 1596 2148 1634 :
2201 1580 2389 1652 Pater,
2446 1582 2672 1648 dicens,
2719 1584 2860 1639 emit
2908 1601 3142 1656 agrum,
3179 1592 3234 1642 et
3263 1603 3357 1642 me
3391 1604 3529 1643 eum

1870 1667 2046 1736 jussit
2074 1670 2360 1740 accipere,
2412 1687 2447 1725 a
2476 1689 2596 1744 quo
2639 1688 2761 1728 non
2793 1680 2880 1728 est
2926 1675 3069 1729 mihi
3108 1679 3294 1731 otium
3341 1678 3530 1734 disce-

1798 1767 1843 1824 B
1875 1757 2075 1822 dendi,
2123 1759 2315 1814 donec
2353 1761 2482 1830 ejus
2512 1763 2720 1818 omnia
2748 1768 2964 1818 attente
3007 1765 3339 1835 inspexero,
3374 1772 3428 1820 et
3458 1766 3530 1820 iis

1875 1845 2097 1917 quibus
2137 1851 2388 1919 oportet,
2430 1865 2636 1905 curam
2676 1849 2832 1906 illius
2873 1851 3192 1909 tradidero.
3229 1857 3328 1909 Est
3366 1855 3527 1910 enim

1875 1935 2080 2005 magni
2102 1937 2270 2008 pretii
2297 1955 2310 2003 ;
2343 1943 2399 1994 et
2428 1939 2530 2010 qui
2551 1955 2688 1994 cum
2712 1940 2875 1996 nulla
2915 1941 3031 1997 alia
3055 1947 3248 2014 potest
3274 1944 3524 1999 conferri

1874 2026 2270 2096 possessione.
2337 2030 2452 2083 Hoc
2511 2045 2648 2084 vero
2713 2029 2970 2101 dicebat,
3031 2033 3201 2087 tacite
3269 2033 3526 2089 innuens

1875 2115 2125 2182 gratiam
2156 2116 2338 2171 divini
2365 2117 2759 2188 baptismatis.
2799 2121 2974 2176 Porro
3006 2128 3205 2176 autem
3238 2139 3528 2192 magnum

1875 2204 2201 2260 adhibebat
2243 2206 2510 2262 studium
2560 2215 2614 2262 et
2647 2209 3033 2279 diligentiam,
3077 2218 3140 2265 ut
3185 2218 3415 2282 patrem
3456 2213 3529 2268 ab

1871 2307 2068 2348 errore
2120 2294 2462 2361 abduceret,
2513 2302 2570 2352 et
2600 2297 2878 2363 efficeret,
2907 2305 2969 2353 ut
2994 2299 3193 2370 pietati
3225 2303 3530 2356 assentire-

1872 2385 1985 2448 tur,
2019 2399 2154 2437 eum
2205 2384 2308 2454 qui
2366 2389 2564 2456 ipsum
2597 2395 2883 2456 genuerat
2913 2391 3246 2444 secundum
3287 2406 3529 2446 carnem

1870 2470 1997 2542 ipse
2037 2489 2141 2543 per
2172 2474 2442 2545 spiritum
2495 2478 2740 2531 studens
2786 2494 3155 2548 regenerare.
3204 2481 3332 2544 Quo
3372 2481 3529 2535 circa

1871 2577 2180 2634 nunquam
2239 2565 2492 2619 cessavit
2547 2565 2744 2636 ipsum
2802 2567 3099 2637 sapienter
3153 2569 3418 2637 aggredi,
3473 2574 3529 2624 et

1870 2667 2202 2722 proponere
2252 2653 2765 2722 interrogationes,
2817 2672 2946 2726 qua:
2981 2671 3099 2710 non
3160 2656 3329 2711 facile
3381 2655 3526 2711 solvi

1868 2747 2132 2811 possent,
2157 2746 2213 2796 et
2240 2741 2323 2795 sic
2354 2741 2484 2811 ejus
2523 2742 2579 2796 in
2627 2741 2808 2798 falsos
2856 2743 3000 2797 deos
3041 2745 3521 2815 superstitionem

1870 2829 2073 2885 conari
2099 2829 2438 2886 dissolvere.
2460 2833 2731 2896 Quanam
2758 2832 2915 2887 enim
2935 2832 3009 2887 de
3028 2849 3230 2896 causa,
3267 2833 3522 2894 dicebat,

1868 2935 1904 2974 o
1929 2923 2116 2990 pater,
2144 2919 2249 2990 qui
2281 2919 2358 2974 ab
2388 2921 2551 2975 initio
2579 2921 2816 2992 quidem
2841 2921 3102 2985 stabant,
3135 2938 3294 2977 nunc
3326 2923 3524 2978 adhuc

1869 3014 2047 3077 stant,
2112 3009 2358 3064 sedendi
2417 3026 2730 3082 nunquam
2791 3012 3123 3066 memores?
3171 3011 3523 3083 Quicunque

1869 3104 2070 3152 autem
2099 3114 2307 3152 rursus
2335 3098 2564 3166 sedent,
2589 3100 2671 3154 sic
2698 3105 2941 3154 manent
2967 3105 3274 3170 perpetuo,
3299 3105 3356 3155 et
3376 3116 3524 3155 nun-

1867 3203 2048 3258 quam
2071 3187 2176 3242 visi
2196 3186 2474 3257 surgere?
2494 3188 2816 3244 Haacetalia
2838 3189 3057 3244 similia
3071 3195 3237 3261 pater
3251 3189 3520 3256 audiens,

1865 3276 2180 3333 haesitabat
2204 3278 2264 3332 in
2286 3294 2493 3332 eorum
2517 3278 2826 3343 solutione,
2857 3283 2913 3333 et
2939 3280 3064 3350 jam
3093 3280 3151 3333 in
3180 3295 3288 3335 sua
3314 3281 3384 3334 de
3412 3279 3525 3333 diis

1866 3366 2148 3437 opinione
2194 3366 2545 3430 labescebat,
2592 3371 2648 3421 et
2699 3372 2823 3422 erat
2873 3367 3144 3439 ancipitis
3195 3369 3522 3424 sententiae.

1867 3456 2037 3520 Quod
2059 3455 2303 3526 quidem
2326 3456 2896 3525 vidensl’antoleon,
2922 3458 3134 3513 Christi
3154 3473 3373 3513 nomen
3400 3474 3524 3513 ma-

1865 3545 1997 3613 gnis
2014 3545 2296 3599 laudibus
2311 3543 2612 3608 efferebat,
2642 3552 2696 3600 et
2713 3562 2958 3615 magnas
2978 3547 3518 3616 eiagebatgratias,

1863 3633 2029 3705 quod
2056 3639 2284 3705 patrem
2311 3651 2486 3688 suum
2511 3635 2717 3689 saltem
2746 3635 3098 3690 reddidisset
3122 3637 3518 3700 dubitantem,

1864 3729 1917 3778 et
1946 3723 2135 3794 (quod
2168 3723 2396 3777 divinus
2427 3723 2508 3777 ait
2533 3725 2713 3778 Oseas
2743 3724 2786 3793 ²)
2819 3739 2920 3778 cor
2951 3725 3335 3779 dividentem.
3369 3727 3522 3789 Quo-

1864 3813 2018 3867 circa
2056 3827 2163 3866 nec
2199 3827 2338 3866 eum
2378 3811 2636 3878 videbat,
2694 3816 2757 3867 ut
2796 3812 3046 3877 solebat,
3089 3812 3423 3884 frequentia
3463 3816 3522 3866 et

1862 3901 2085 3973 optima
2126 3901 2474 3957 offerentem
2519 3901 2828 3958 sacriﬁcia.

1933 4081 2037 4137 Vll.
2082 4085 2227 4138 Cum
2278 4081 2473 4152 itaque
2524 4079 2716 4152 primo
2769 4081 3050 4136 voluisset
3105 4082 3408 4134 conterere
3463 4085 3519 4134 et

1860 4171 2162 4226 destruere
2202 4171 2386 4241 patris
2438 4169 2909 4242 simulacra,quae
2961 4169 3022 4224 in
3067 4168 3194 4238 ejus
3241 4167 3516 4223 cubiculo

1860 4266 2022 4317 erant
2042 4259 2244 4325 multa,
2275 4275 2334 4314 se
2357 4260 2666 4315 continuit.
2693 4261 2741 4313 Is
2776 4261 2932 4315 enim
2959 4258 3255 4314 honorare
3286 4263 3514 4329 patrem

1859 4350 2062 4420 magni
2083 4350 2355 4406 faciebat.
2379 4349 2786 4404 Dicebatenim
2805 4365 2816 4403 :
2834 4351 2954 4418 Ego
2971 4365 3108 4404 eum
3131 4347 3330 4418 potius
3347 4348 3518 4403 indu-

1858 4457 1990 4496 cam
2017 4438 2668 4512 persuasione,lenitate
2686 4454 2802 4508 que
2824 4443 2880 4494 et
2909 4437 3364 4492 mansuetudine
3395 4435 3516 4491 efﬁ-

1856 4532 2031 4594 ciam,
2066 4536 2129 4585 ut
2159 4529 2386 4584 Christo
2409 4529 2611 4584 credat
2639 4544 2651 4582 :
2680 4533 2736 4582 et
2767 4528 2849 4582 sic
2881 4527 3182 4583 ambobus
3215 4544 3287 4583 ea
3316 4526 3515 4582 licebit

1854 4620 2127 4690 dejicere.
2158 4621 2220 4674 Et
2246 4618 2380 4673 ideo
2405 4619 2476 4680 is,
2505 4617 2607 4688 qui
2629 4621 2860 4688 patrem
2886 4619 3165 4689 praecepit
3190 4617 3506 4680 honorare,

1852 4709 2010 4764 illius
2026 4723 2307 4777 magnam
2335 4706 2702 4777 amplectens
2728 4706 3004 4778 pietatem
3021 4712 3224 4777 aptam
3253 4705 3512 4776 praebuit

1851 4797 2251 4861 occasionem,
2283 4812 2418 4867 qua:
2435 4797 2583 4860 fecit,
2602 4800 2664 4850 ut
2681 4796 2808 4866 ejus
2825 4800 2991 4866 pater
3012 4794 3189 4866 plane
3202 4799 3257 4849 et
3274 4793 3507 4865 placide

1850 4886 2140 4942 crederet:
2165 4891 2221 4940 et
2241 4887 2600 4956 procuravit,
2623 4891 2687 4939 ut
2712 4884 2806 4939 ille
2839 4899 3121 4953 magnam
3138 4884 3246 4938 sibi
3273 4885 3512 4954 pararet

1850 4977 2206 5030 mercedem.
2231 4977 2359 5029 Hiec
2385 4990 2521 5029 cum
2551 4974 2837 5043 cogitaret
2855 4972 3511 5038 Pantoleon,accedunt

1846 5065 2121 5137 quidam,
2139 5080 2387 5127 caecum,
2417 5062 2519 5135 qui
2540 5079 2723 5117 manu
2749 5063 3078 5119 deducitur.
3103 5061 3472 5117 adducentes
3496 5081 3506 5112 :

1846 5157 1994 5211 Cum
2025 5154 2180 5208 fores
2213 5159 2412 5208 autem
2446 5153 2805 5223 pulsassent,
2835 5153 3130 5222 rogabant
3162 5167 3240 5206 an
3273 5150 3513 5205 adesset

1848 5242 2174 5298 Pantoleon
2192 5242 2480 5296 medicus.
2506 5244 2652 5296 Cum
2669 5259 2807 5296 vero
2830 5242 3037 5297 adesse
3061 5240 3506 5305 intellexissent,

1843 5334 2292 5404 exspectabant.
2311 5331 2405 5386 llle
2427 5339 2627 5388 autem
2654 5348 2786 5386 cum
2813 5331 3120 5395 audiisset,
3147 5347 3285 5384 cum
3314 5335 3509 5384 maxi-

1845 5440 1944 5479 mo
1980 5423 2176 5478 studio
2221 5423 2540 5492 egreditur,
2595 5428 2828 5494 patrem
2859 5436 3099 5494 quoque
3130 5419 3310 5475 simul
3339 5435 3510 5476 assu-
