4142 6196
517 276 622 333 455

1918 270 2177 329 MENSIS
2214 262 2486 333 IULIUS.

3769 279 3879 336 456

518 421 711 460 mens.
738 407 885 459 Cum
901 407 1102 459 autem
1125 402 1372 457 vidisset
1392 416 1637 463 caecum,
1653 401 1885 471 rogavit
1904 413 2164 471 quonam

2288 398 2422 472 ἐξῄει
2448 410 2540 464 τῆς
2574 398 2834 468 σπουδῆς,
2878 401 3189 475 παραλαϐὼν
3235 402 3345 475 ἅμα
3396 406 3482 455 καὶ
3526 404 3610 455 τὸν
3659 409 3881 481 πατέρα,

518 509 673 565 opus
706 491 971 547 haberet.
999 491 1093 546 Ille
1138 507 1274 546 vero
1318 506 1328 543 :
1384 494 1555 555 Luce,
1604 490 1816 561 inquit,
1868 504 1990 559 qua
2038 502 2170 540 sum

519 582 805 654 privatus,
849 587 904 635 et
941 596 1064 650 qua
1104 580 1247 634 nihil
1293 584 1381 633 est
1438 579 1783 634 hominibus
1822 575 2168 648 jucundius.

515 669 908 726 Misericordia
948 686 1088 737 ergo
1130 675 1326 723 motus
1369 685 1516 723 mea;
1548 667 1924 731 calamitatis,
1956 665 2053 731 da,
2098 680 2170 717 ne

519 760 602 813 sic
654 760 848 812 vivam
900 759 1260 829 imperfecte,
1304 762 1361 812 et
1408 759 1582 812 veluti
1626 772 1697 811 ex
1738 755 2027 810 dimidio:
2066 752 2169 807 sed

518 848 751 902 videam
774 847 981 912 solem,
1006 847 1234 901 videam
1258 846 1493 900 coelum.
1520 849 1666 900 Nam
1686 861 1794 899 nos
1814 844 2058 913 quidem
2084 842 2169 895 sic

517 938 799 1000 viventes,
824 937 965 990 nihil
992 936 1320 990 differimus
1347 936 1423 989 ab
1450 936 1516 989 iis
1545 936 1646 1006 qui
1676 937 1817 988 sunt
1838 932 1999 1003 apud
2020 930 2168 985 infe—

516 1044 635 1082 ros.
692 1030 752 1080 Et
795 1042 931 1080 cum
983 1026 1291 1080 facultates
1346 1040 1553 1079 omnes
1609 1023 1856 1078 medicis
1908 1022 2163 1093 praebue-

515 1118 720 1180 rimus,
755 1116 1057 1169 modicum
1090 1130 1330 1185 quoque
1370 1112 1592 1177 lumen,
1624 1111 1789 1183 quod
1828 1117 1951 1165 erat
1992 1109 2165 1163 nobis

515 1205 827 1275 reliquum,
862 1204 1176 1258 amisimus
1208 1223 1220 1260 :
1266 1203 1377 1257 hoc
1418 1202 1611 1257 solum
1644 1218 1678 1255 a
1718 1199 2019 1272 praeclaris
2053 1196 2164 1250 illis

517 1294 761 1349 medicis
795 1294 1067 1357 assecuti,
1101 1292 1265 1363 quod
1291 1308 1427 1346 cum
1460 1288 1839 1345 facultatibus
1863 1288 1993 1341 luce
2023 1302 2167 1359 quo-

516 1400 630 1455 que
663 1383 850 1437 simus
891 1382 1123 1453 privati.
1169 1381 1489 1435 Pantoleon
1522 1386 1721 1434 autem
1766 1398 1776 1435 :
1822 1378 1970 1431 Cum
2008 1376 2163 1441 aliis,

515 1474 726 1544 inquit,
760 1472 1003 1526 medicis
1038 1477 1168 1525 tuas
1202 1470 1436 1524 dederis
1470 1468 1800 1530 facultates,
1842 1472 1899 1521 et
1938 1464 2166 1520 nullam

515 1564 815 1632 acceperis
841 1561 1168 1623 utilitatem,
1194 1559 1239 1612 si
1268 1574 1471 1612 rursus
1502 1557 1822 1628 aspexeris,
1852 1556 1996 1626 quid
2020 1552 2166 1609 mihi

515 1650 733 1706 dabis?
763 1650 857 1703 llle
886 1665 1026 1703 vero
1058 1665 1068 1702 :
1096 1650 1236 1713 Quae
1260 1654 1414 1710 sunt,
1438 1647 1649 1718 inquit,
1676 1646 1902 1716 reliqua
1933 1661 2003 1699 ex
2020 1642 2165 1697 meis

2286 487 2432 541 Ἰδὼν
2484 487 2569 542 οὖν
2622 496 2707 544 τὸν
2763 492 2949 564 τυφλόν
2999 495 3118 545 ὅτου
3161 488 3333 544 δέοιτο
3386 492 3646 567 ἐπηρώτα.
3696 494 3753 547 Ὀ
3796 492 3879 548 δέ·

2284 580 2360 629 Ού
2400 579 2679 653 ἐστέρημαι
2712 586 2895 653 φωτός,
2932 581 3088 653 ἔλεγε,
3143 586 3229 633 καὶ
3277 580 3335 633 ού
3378 578 3545 653 μηδὲν
3598 581 3750 641 ἣδιον
3792 584 3883 635 ἀν-

2284 670 2527 740 θρωποις·
2575 670 2707 722 ἔλεον
2762 676 2930 722 τοίνυν
2969 670 3136 723 λαϐὼν
3169 691 3267 743 μου
3313 680 3409 732 τῆς
3463 680 3752 745 συμφορᾶς,
3784 671 3880 737 δός

2281 758 2413 808 οὕτω
2444 762 2514 829 μὴ
2564 760 2749 819 ἀτελῶς
2781 760 2875 831 ζῇν
2924 766 3011 811 καὶ
3056 762 3161 811 οἷον
3210 760 3263 822 ἐξ
3292 762 3556 831 ἡμισείας,
3600 761 3707 813 ἀλλ’
3754 764 3877 835 όρᾲν

2281 846 2443 911 ἣλιον,
2477 851 2543 909 ως
2589 856 2674 899 νῦν
2704 868 2762 917 γε
2789 846 2939 900 οὐδὲν
2971 850 3157 911 ζῶντες
3188 852 3337 921 ἡμεῖς
3385 859 3482 901 τῶν
3516 852 3564 902 ἐν
3605 848 3707 924 ᾄδῃ
3743 848 3876 904 διεν-

2278 941 2561 1008 ηνόχαμεν,
2627 940 2797 989 Πάντα
2855 942 2952 1013 γὰρ
3002 941 3065 989 τὰ
3113 943 3235 989 ὄντα
3279 939 3477 1012 ἰατροῖς
3506 946 3875 1013 παρασχόντες

2275 1032 2364 1077 και
2409 1029 2437 1084 ἧ
2494 1028 2808 1101 περιελίπετο
2864 1028 3054 1099 μᾶλλον
3121 1034 3331 1102 μετρίαν
3386 1031 3551 1101 αὐγὴν
3610 1030 3873 1085 ἀπολέσα-

2274 1135 2382 1187 μεν.
2440 1122 2602 1167 Τοῦτο
2666 1125 2761 1167 τῶν
2837 1117 3003 1168 καλῶν
3052 1117 3251 1169 ἐκείνων
3308 1118 3493 1191 ἰατρῶν
3564 1119 3873 1193 ἁπονάμενοι

2274 1210 2329 1257 τὸ
2383 1208 2697 1279 στερηθῆναι
2751 1214 2842 1268 τῆς
2892 1208 3073 1268 ούσίας
3126 1210 3257 1279 μετὰ
3314 1216 3402 1260 τοῦ
3446 1216 3632 1281 φωτός.
3688 1217 3787 1264 Καὶ
3846 1214 3871 1263 6

2279 1295 2589 1347 Παντολέων”
2644 1302 2763 1357 Τοῖς
2814 1300 2901 1367 μὲν
2962 1296 3129 1356 ἄλλοις
3185 1297 3401 1372 ἰατροῖς,
3461 1300 3579 1370 ἔφη,
3641 1303 3703 1351 τὰ
3751 1300 3875 1353 ὂντα

2278 1380 2397 1443 δούς
2449 1382 2699 1456 ούὸεμιᾶς
2748 1385 3045 1445 ἀπελαύσας
3102 1385 3365 1457 ὠφελείας,
3422 1386 3533 1457 ἐμοὶ
3585 1384 3642 1440 δὲ
3698 1394 3746 1441 τί
3812 1393 3874 1442 οῐν

2276 1471 2566 1543 ἀναϐλέψας
2638 1476 2989 1547 παράσχοις;
3038 1481 3137 1527 Καὶ
3195 1477 3269 1541 ὃς,
3328 1479 3404 1529 Τὰ
3464 1477 3873 1551 περιλειφθέντα,

2275 1564 2401 1627 εἰπε,
2454 1571 2547 1624 τῆς
2598 1564 2775 1624 οὐσίας
2829 1566 3108 1637 προθύμως
3145 1564 3441 1618 καταϐαλῶ.
3482 1563 3606 1618 Εἶτα
3659 1568 3683 1618 ό
3744 1576 3879 1620 ﬂuv-

2275 1652 2476 1704 τολέων·
2555 1659 2659 1712 Τὴν
2736 1658 2824 1725 μὲν
2874 1662 2963 1705 τοῦ
3043 1658 3223 1726 φωτὸς,
3280 1658 3392 1726 ἔφη,
3448 1652 3644 1727 δωρεὰν
3705 1660 3728 1708 ό
3778 1668 3880 1710 τῶν

514 1739 912 1802 facultatibus,
958 1737 1266 1792 exsolvam
1310 1744 1587 1807 prompto
1632 1743 1686 1788 et
1719 1734 1897 1789 alacri
1938 1734 2161 1788 animo.

2279 1746 2449 1812 φώτων
2481 1747 2658 1816 Πατὴρ
2693 1746 2822 1803 Θεὸς
2854 1740 2927 1794 δι’
2976 1745 3120 1815 ἡμῶν
3173 1746 3321 1795 ἔσται
3372 1764 3455 1795 σοι
3500 1749 3874 1817 χαριούμενος

512 1829 736 1882 Deinde
778 1828 1089 1881 Pantoleon
1127 1843 1137 1881 :
1188 1830 1418 1880 Donum
1454 1825 1719 1895 quidem,
1758 1822 1971 1894 inquit,
2017 1821 2164 1876 lucis

513 1933 617 1988 per
650 1934 756 1971 nos
807 1916 907 1971 tibi
940 1916 1105 1971 dabit
1140 1918 1301 1970 Pater
1330 1914 1660 1969 luminum:
1688 1920 1745 1968 tu
1776 1919 1999 1975 autem,
2028 1927 2164 1983 quae

514 2006 656 2061 mihi
688 2022 749 2060 es
780 2005 1095 2077 pollicitus,
1132 2005 1300 2069 vade,
1331 2011 1385 2058 et
1415 2003 1493 2058 da
1532 2002 1921 2074 pauperibus.

586 2095 721 2149 Vill.
773 2095 907 2150 Haec
962 2111 1099 2149 eum
1149 2094 1429 2149 audiisset
1480 2099 1665 2163 pater,
1694 2108 1832 2145 eum
1887 2108 1923 2146 a
1968 2095 2163 2161 coepto

511 2184 851 2239 abducebat
876 2200 886 2238 :
911 2183 1056 2247 Noli,
1082 2183 1312 2251 dicens,
1336 2198 1370 2235 o
1398 2181 1765 2246 charissime,
1794 2196 1867 2234 ne
1895 2185 1954 2234 tu
1978 2184 2156 2234 etiam

510 2274 829 2328 irridearis.
877 2274 1029 2337 Quid
1068 2274 1226 2327 enim
1268 2272 1399 2342 plus
1431 2271 1668 2343 poteris,
1704 2286 1889 2342 quam
1938 2270 2164 2341 priores

512 2363 731 2416 medici
761 2361 788 2415 i’
818 2361 1141 2416 Pautoleou
1173 2366 1370 2416 autem
1410 2376 1420 2413 :
1459 2363 1664 2423 Nemo,
1697 2360 1907 2430 inquit,
1928 2374 2000 2413 ex
2033 2357 2162 2411 aliis

512 2451 761 2506 medicis
792 2453 901 2506 scit
930 2452 1089 2505 hunc
1134 2451 1441 2505 hominem
1485 2456 1751 2512 tractare,
1800 2454 1861 2502 ut
1891 2464 2002 2517 ego
2030 2463 2163 2500 sum

513 2544 892 2596 tractaturus.
919 2540 1161 2595 Multum
1185 2542 1343 2593 enim
1366 2540 1606 2594 interest
1628 2538 1777 2592 inter
1798 2551 1919 2600 eos,
1949 2540 2004 2589 et
2024 2551 2161 2589 eum

512 2630 615 2701 qui
639 2646 748 2684 nos
772 2630 987 2684 docuit.
1008 2632 1153 2684 Cum
1179 2634 1446 2700 putasset
1468 2632 1665 2682 autem
1690 2633 1857 2696 pater
1878 2640 2015 2679 eum
2040 2624 2163 2679 haec

512 2720 729 2773 dixisse
755 2719 829 2773 de
853 2718 1284 2790 Euphrosyno;
1320 2718 1486 2771 illum
1517 2730 1777 2787 quoque,
1811 2716 2024 2786 inquit,
2057 2714 2158 2778 fili,

513 2809 692 2863 audio
710 2810 767 2863 in
792 2808 904 2863 hoc
927 2808 1194 2863 curando
1220 2823 1393 2861 suam
1406 2806 1748 2861 adhibuisse
1771 2804 2160 2875 diligentiam,

510 2903 568 2953 et
598 2898 741 2952 nihil
781 2899 1121 2969 profecisse.
1157 2897 1471 2951 Pautoleou
1506 2911 1644 2949 vero
1678 2915 1688 2952 :
1730 2897 2037 2964 Exspecta,
2072 2892 2165 2946 111-

511 2990 659 3060 quit,
686 2996 870 3059 pater,
894 2997 947 3043 et
968 2992 1102 3058 ipsa
1129 3004 1221 3041 res
1250 2988 1550 3042 indicabit.
1575 2989 1705 3040 Haec
1732 3002 1870 3039 cum
1902 2984 2164 3047 dixisset,

2280 1834 2343 1881 σύ
2388 1828 2465 1896 δε,
2516 1832 2550 1882 οἱ
2597 1831 2709 1903 ἐμοὶ
2768 1831 3077 1903 ἐπηγγείλω,
3134 1835 3402 1907 πορευθεὶς
3464 1839 3650 1893 πένησι
3709 1841 3879 1910 παρά-

2278 1939 2416 1990 σχου
2432 1964 2443 1975 .

2350 2096 2426 2147 11ὀ
2481 2099 2689 2148 Τούτων
2743 2098 2767 2148 ό
2816 2102 2987 2171 πατὴρ
3044 2096 3263 2163 ἀκούων,
3322 2097 3517 2171 ἀπῆγεν
3571 2099 3724 2151 αὐτόν
3781 2108 3877 2152 τοῦ

2275 2185 2675 2259 ἐγχειρήματος

2273 2275 2472 2345 γέλωτα
2514 2274 2705 2346 ὅφλοις.
2767 2279 2829 2326 Τί
2880 2278 2979 2349 γὰρ
3041 2278 3100 2327 οἶν
3151 2277 3299 2328 πλέον
3355 2285 3453 2328 τῶν
3517 2278 3876 2351 προλαϐόντων

2760 2192 2843 2243 Μὴ
2908 2190 3054 2256 σύγε,
3108 2188 3329 2259 φίλτατε,
3406 2188 3583 2259 λέγων,
3650 2194 3719 2261 μὴ
3779 2194 3875 2241 καὶ

2278 2364 2462 2436 ἰατρῶν
2512 2364 2661 2424 αὐτὸς
2711 2360 2958 2435 δυνηθῇς.
3022 2370 3121 2417 Καὶ
3182 2367 3206 2415 ό
3265 2368 3574 2418 Παντολέων·
3630 2367 3714 2428 Ὡς
3772 2366 3877 2436 ἐγὼ

2277 2452 2555 2526 βούλομαι,
2608 2457 2721 2525 ἔφη,
2780 2464 2850 2523 τῷ
2910 2450 3063 2525 ἀνδρὶ
3119 2452 3254 2524 τῷδε
3303 2458 3641 2527 χρησασθαι,
3696 2453 3879 2518 οὐδεὶς

2277 2552 2372 2594 τῶν
2447 2544 2607 2594 ἀλλων
2656 2542 2937 2595 ἐπίσταται
2997 2544 3202 2618 ἰατρῶν·
3261 2545 3388 2596 πολύ
3445 2549 3544 2620 γὰρ
3604 2550 3661 2598 τὸ
3716 2550 3877 2618 μέσον

2277 2633 2445 2683 αύτῶν
2492 2652 2542 2684 τε
2594 2637 2683 2684 xui
2730 2640 2817 2684 τοῦ
2872 2635 3005 2704 ημᾶς
3060 2635 3503 2703 μαθητεύσαντος.
3568 2636 3723 2697 Δόξαν
3817 2632 3878 2687 δὲ

2278 2732 2348 2792 τῷ
2406 2727 2563 2796 πατρὶ
2608 2724 2771 2773 αὐτοῦ
2816 2727 2930 2797 περὶ
2986 2722 3317 2794 Εύφροσύνου
3377 2731 3541 2775 ταῦτα
3596 2725 3874 2799 εἰρηκέναι·

2282 2812 2543 2876 Κάκεῖνον,
2605 2810 2757 2875 εἶπεν,
2817 2810 3037 2877 ἀκήκοα,
3100 2817 3294 2877 τέκνον,
3354 2812 3642 2884 ἐπιμελείας
3722 2812 3875 2875 ὰξιῶυ

2281 2921 2365 2954 σαι
2417 2905 2500 2952 τόν
2551 2898 2718 2973 ἄνδρα
2771 2906 2858 2951 xui
2900 2897 3065 2971 μηδὲν
3106 2901 3253 2952 πλέον
3295 2901 3501 2959 ὀνῆσαι.
3555 2902 3611 2955 Ὀ
3646 2899 3702 2954 δὲ
3738 2910 3879 2953 11αν-

2279 2991 2478 3042 τολέων·
2532 2991 2837 3061 Ἐπίμεινον,
2891 2992 3005 3060 ἔφη,
3059 2993 3234 3064 πάτερ,
3284 2996 3369 3042 xui
3428 2991 3552 3043 αύτὸ
3603 2988 3761 3052 δείξει
3818 2996 3875 3043 τό

514 3082 715 3132 eteaaci
736 3078 941 3132 oculos
968 3077 1264 3146 tetigisset,
1294 3082 1349 3131 et
1380 3092 1669 3145 magnum
1704 3074 1915 3129 Christi
1943 3088 2161 3127 nomen

2279 3087 2516 3154 πρᾶγμα.
2560 3087 2738 3131 Ταῦτα
2795 3080 2946 3130 εἰπὼν
3003 3084 3091 3132 καὶ
3137 3088 3236 3132 τῶν
3290 3080 3561 3152 ὀφθαλμῶν
3612 3080 3881 3152 ἁψάμενος

514 3174 802 3228 vocasset,
821 3172 876 3220 et
898 3168 974 3220 ab
999 3168 1129 3237 ipso
1153 3165 1429 3237 precibus
1459 3167 1719 3237 petiisset
1744 3164 1896 3217 illius
1920 3162 2167 3217 curatio-
2194 3168 2195 3171 ‘

512 3269 673 3321 nem,
729 3259 929 3308 statim
981 3256 1061 3308 illi
1107 3254 1349 3324 quidem
1400 3254 1733 3318 oculorum,
1763 3254 1915 3323 patri
1964 3257 2164 3306 autem

514 3343 687 3398 solvit
743 3344 1017 3398 tenebras
1083 3344 1423 3413 impietatis,
1482 3350 1537 3397 et
1592 3342 1783 3397 effecit
1850 3347 1912 3395 ut
1956 3345 2158 3411 aperte

513 3433 892 3487 confiteretur
922 3433 1203 3503 pietatem
1238 3449 1249 3487 :
1299 3432 1383 3486 vel
1416 3435 1609 3503 potius
1660 3447 1817 3487 caeco
1857 3430 2157 3500 duplicem

512 3520 675 3576 dedit
705 3521 1023 3576 medelam.
1058 3520 1262 3576 Carnis
1293 3521 1449 3575 enim
1482 3524 1539 3575 et
1567 3521 1782 3575 animae
1815 3520 2163 3574 caseutiebat

513 3611 717 3680 oculis,
746 3617 805 3664 ut
825 3612 929 3682 qui
946 3615 1099 3666 esset
1120 3611 1400 3665 adorator
1421 3610 1739 3677 idolorum,
1755 3616 1809 3664 et
1832 3625 1933 3680 per
1971 3608 2162 3663 lucem

507 3699 634 3769 jam
676 3716 1025 3770 corpoream
1070 3706 1305 3771 apertos
1355 3701 1550 3756 cordis
1594 3700 1899 3755 habuisset
1933 3698 2158 3753 oculos.

511 3791 736 3844 Ambos
780 3805 941 3858 ergo,
991 3806 1125 3844 eum
1178 3790 1587 3853 credidissent,
1636 3788 1838 3843 divino
1876 3788 2161 3857 dignatur

510 3878 895 3950 baptismate,
945 3884 1001 3933 et
1042 3878 1218 3933 refert
1248 3879 1304 3932 in
1358 3895 1676 3933 numerum
1720 3878 2005 3933 fidelium.
2043 3878 2152 3933 Sed

511 3983 633 4021 non
666 3984 734 4022 eo
772 3984 958 4039 usque
990 3968 1113 4021 sisti
1152 3973 1378 4037 poterat
1418 3969 1707 4036 Eustorgii
1737 3967 2002 4022 studium
2045 3967 2165 4038 pie-

514 4058 667 4123 tatis,
713 4063 773 4111 ut
805 4058 906 4129 qui
933 4064 1085 4111 esset
1134 4065 1293 4126 pater
1336 4058 1539 4127 magni
1573 4056 1951 4112 l’autoleonis
2007 4072 2018 4111 :
2057 4056 2163 4110 sed

513 4147 892 4218 apertissime
913 4148 1233 4203 ostendens
1252 4163 1311 4201 se
1326 4163 1584 4202 errorem
1608 4147 1827 4202 habere
1849 4146 2009 4211 odio,
2024 4162 2160 4201 cum

514 4236 882 4292 contrivisset
930 4237 1090 4291 idola
1120 4253 1255 4308 qua:
1290 4243 1459 4292 erant
1504 4238 1563 4291 in
1593 4236 1887 4301 cubiculo,
1924 4253 1993 4291 ea
2018 4235 2165 4305 jacit

512 4326 572 4380 in
594 4326 837 4390 fossam,
883 4332 944 4381 ut
996 4343 1127 4397 quae
1181 4332 1379 4381 essent
1420 4326 1724 4382 oblivione
1770 4333 1824 4382 et
1863 4324 2162 4397 profundo

514 4430 649 4469 vere
676 4415 880 4484 digna.

585 4594 667 4648 lX.
704 4593 871 4649 Haud
894 4595 975 4649 ita
1002 4609 1292 4663 magnum
1318 4593 1623 4649 intercedit
1648 4594 1927 4665 spatium,
1957 4597 2015 4649 et
2040 4609 2165 4648 mo-

513 4683 658 4738 ritur
687 4689 853 4753 pater
882 4683 1278 4737 Pantoleonis.
1314 4684 1548 4739 Moritur
1574 4688 1775 4738 autem
1809 4690 1995 4738 morte
2028 4698 2164 4737 eor-

514 4774 674 4843 poris
709 4790 721 4826 :
764 4789 907 4826 nam
934 4790 969 4827 a
996 4780 1181 4827 morte
1211 4772 1571 4843 aniinmjam
1603 4780 1723 4829 erat
1752 4773 1999 4828 omnino
2025 4773 2167 4827 libe-

511 4869 675 4918 ratus
709 4878 811 4934 per
842 4862 1022 4916 fidem
1059 4868 1113 4917 et
1146 4862 1417 4917 divinum
1452 4864 1841 4934 baptismum.
1880 4864 2167 4928 Quocirca

512 4953 832 5007 Pautoleou
867 4968 1005 5005 eum
1049 4952 1366 5006 invenisset
1397 4960 1629 5023 tempus
1678 4968 1856 5023 opem
1886 4953 2037 5008 ferre
2073 4969 2169 5007 vo-

508 5041 739 5108 luntati,
798 5041 1037 5096 famulos
1068 5041 1312 5112 quidem
1363 5041 1575 5097 liberat
1604 5060 1638 5097 a
1670 5043 1968 5106 servitute,
2002 5048 2058 5097 et
2086 5043 2169 5096 eis

512 5134 653 5187 satis
684 5131 847 5186 dedit
878 5134 1145 5201 pecunias
1173 5146 1183 5183 :
1216 5131 1332 5185 alia
1367 5138 1563 5185 autem
1587 5130 1927 5186 habuerunt
1952 5148 2169 5187 manus

514 5220 1101 5294 pauperum.l)einde
1114 5236 1215 5273 eos
1231 5222 1528 5291 etiam,qui
1548 5226 1715 5276 erant
1728 5224 1784 5274 in
1804 5222 2167 5287 carceribus,

518 5318 572 5366 et
596 5313 700 5380 qui
728 5310 1030 5366 tormentis
1057 5310 1421 5363 vexabantur
1446 5315 1501 5364 et
1529 5310 1777 5373 morbis,
1813 5312 2168 5365 circumiens

515 5401 783 5464 curabat,
816 5406 871 5454 et
896 5416 965 5454 ea
998 5400 1285 5470 pI‘tBbellS,
1315 5416 1443 5469 quae
1490 5405 1656 5454 erant
1684 5401 2023 5455 necessaria
2060 5416 2070 5453 :
2113 5405 2175 5454 ut

513 5502 635 5543 non
684 5488 879 5543 solum
927 5490 1120 5544 morbi
1168 5490 1459 5544 inderetur
1505 5488 1794 5553 medicus,
1838 5492 1943 5544 sed
1993 5489 2168 5545 etiam

515 5577 815 5648 egestatis.
859 5580 987 5645 Qua
1024 5594 1094 5634 ex
1134 5594 1195 5634 re
1241 5578 1531 5650 quidnam
1582 5577 1847 5634 accidit?
1882 5578 2170 5636 Universa

2280 3178 2370 3220 τοῦ
2414 3169 2625 3241 τυφλοῦ,
2677 3172 2733 3220 τό
2786 3172 2921 3240 μέγα
2966 3188 3017 3221 τε
3057 3174 3217 3241 ὄνομα
3260 3189 3347 3221 του
3392 3178 3626 3244 Χριστοῦ
3652 3170 3883 3233 καλέσας

2278 3264 2366 3310 καὶ
2410 3260 2530 3333 παρ’
2603 3258 2761 3309 αὑτοῦ
2820 3262 2961 3309 ἴασιν
3038 3258 3395 3330 ἐπευξάμενος,
3479 3260 3628 3320 εύθύς
3702 3258 3879 3331 ἐκείνῳ

2276 3352 2365 3419 μεν
2414 3352 2467 3399 τὸ
2512 3356 2610 3399 τῶν
2668 3348 2961 3419 ὀφθαλμῶν,
3012 3358 3081 3419 τῷ
3138 3354 3293 3422 πατρὶ
3361 3346 3419 3401 δε
3496 3353 3552 3400 τὸ
3612 3358 3700 3408 τῆς
3752 3348 3880 3401 ασε-

2279 3438 2413 3497 ϐείας
2486 3437 2633 3489 ἐλυσε
2691 3443 2877 3499 σκότος
2934 3444 3022 3489 καὶ
3100 3447 3296 3512 τρανῶς
3372 3438 3638 3509 ὁμολογεῖν
3716 3457 3881 3509 παρε-

2280 3529 2529 3577 σκεύασεν
2586 3530 2677 3583 τὴν
2709 3526 2991 3593 εὐσέϐειαν,
3045 3527 3232 3598 μᾶλλον
3266 3523 3324 3579 δὲ
3373 3535 3442 3597 τῷ
3471 3526 3641 3598 τυφλῷ
3682 3522 3881 3584 διπλῆν

2278 3618 2497 3687 παρέχει
2550 3618 2641 3671 τὴν
2696 3618 2854 3665 ἴασιν
2906 3617 2966 3673 ἧν
3008 3619 3109 3688 γὰρ
3162 3620 3249 3666 καὶ
3303 3618 3496 3687 σαρκός
3531 3617 3737 3685 ὄμματα
3786 3619 3882 3665 καὶ

2278 3703 2460 3775 ψυχῆς
2515 3704 2841 3774 τυφλῶττων,
2896 3704 2985 3755 οἵτε
3061 3709 3151 3755 καὶ
3209 3704 3365 3765 αύτός
3421 3700 3646 3755 εἰδώλων
3703 3722 3881 3775 προσ-

2278 3798 2505 3854 κυνητης
2543 3797 2630 3843 ὤν.
2689 3797 2784 3843 Καὶ
2830 3789 2921 3843 διὰ
2952 3800 3041 3843 τοῦ
3076 3800 3373 3864 σωματικοῦ
3408 3796 3574 3865 φωτός
3620 3797 3709 3843 xui
3751 3795 3882 3853 τοὺς

2279 3891 2372 3943 τῆς
2454 3878 2678 3949 καρδίας
2754 3878 3029 3953 διανοιγεὶς
3100 3882 3414 3954 ὀφθαλμούςο
3488 3884 3879 3943 πιστεύσαντας

2279 3971 2598 4042 ἀμφοτέρους
2654 3976 2743 4021 τοῦ
2802 3972 2938 4021 θείου
3012 3968 3383 4043 βαπτίσματος
3442 3969 3576 4031 ἀξιοῖ
3644 3974 3730 4021 καὶ
3809 3978 3875 4041 τῇ

2275 4068 2370 4111 τῶν
2402 4068 2599 4111 πιστῶν
2652 4055 2830 4132 μερίδι
2882 4062 3171 4113 συντάττει.
3226 4064 3325 4112 Καὶ
3367 4059 3423 4111 ού
3474 4063 3636 4131 μέχρι
3684 4060 3877 4109 τούτου

2276 4152 2361 4200 τὸν
2416 4148 2734 4222 Εύστόργιον
2791 4155 2984 4206 στῆσαι
3046 4153 3102 4199 τό
3156 4146 3451 4220 φιλευσεϐὲς
3535 4144 3618 4211 ἦν,
3680 4154 3878 4199 Παντο-

2274 4238 2467 4298 λέοντός
2496 4257 2554 4308 γε
2584 4242 2705 4288 ὄντα
2752 4244 2841 4288 τοῦ
2884 4237 3109 4309 μεγάλου
3159 4242 3376 4311 πατέρα’
3432 4236 3557 4288 ἀλλὰ
3608 4233 3882 4308 πρόδειξιν

2276 4325 2461 4387 ἐκεῖνος
2518 4334 2607 4379 τοῦ
2664 4334 2895 4398 μισῆσαι
2940 4330 3033 4383 τὴν
3091 4326 3284 4383 πλάνην
3359 4325 3547 4399 ἀκριϐῆ
3628 4329 3882 4398 παρέχων

2276 4420 2341 4468 τὰ
2388 4415 2435 4466 ἐν
2493 4425 2564 4485 τῷ
2616 4426 2824 4467 κοιτῶνι
2876 4415 3162 4490 συντρίψας
3210 4414 3421 4480 εἴδωλα,
3465 4423 3535 4485 τῷ
3584 4413 3759 4487 βόθρῳ
3794 4411 3883 4465 δί-

2278 4504 2435 4570 δωσι,
2458 4509 2524 4558 τὰ
2552 4505 2716 4567 ληθης
2748 4509 2903 4565 ὄντως
2933 4504 3021 4555 καὶ
3053 4505 3219 4577 βυθοῦ
3247 4505 3391 4566 οἰξια.

2350 4596 2431 4651 Θ’.
2465 4594 2539 4647 Ού
2588 4594 2715 4647 πολὺ
2760 4598 2816 4646 τό
2849 4595 2896 4645 ὲν
2946 4598 3090 4665 μέσῳ
3142 4599 3230 4645 καὶ
3285 4596 3309 4645 ό
3354 4602 3447 4645 τοῦ
3504 4592 3885 4655 Παντολέοντος

2278 4684 2427 4747 οὗτος
2470 4689 2640 4756 πατὴρ
2682 4686 2911 4748 θνήσκει,
2949 4685 3161 4741 θνήσκει
3216 4679 3273 4734 δὲ
3308 4685 3523 4734 θάνατον
3569 4686 3653 4733 τόν
3700 4700 3886 4752 σωμα-

2277 4780 2440 4838 τικόν,
2498 4774 2604 4825 ἐπεὶ
2636 4782 2725 4824 τοῦ
2778 4780 2867 4832 τῆς
2912 4772 3098 4843 ψυχῆς
3151 4768 3244 4823 διὰ
3302 4781 3394 4833 τῆς
3426 4777 3646 4831 πίστεως
3677 4772 3884 4832 πάντως

2281 4865 2480 4929 ἀνείθη,
2535 4868 2623 4913 καὶ
2671 4872 2760 4913 τοῦ
2822 4865 2956 4914 θείου
3010 4860 3407 4933 βαπτίσματος·
3453 4858 3605 4912 Ὅθεν
3660 4861 3683 4911 ό
3745 4866 3884 4911 Παν-

2281 4954 2460 5006 τολέων
2504 4957 2591 5004 τὸν
2639 4956 2816 5025 καιρόν
2870 4953 3029 5023 εύρών
3100 4953 3502 5024 συμπράττοντα
3572 4957 3644 5019 τῷ
3731 4948 3884 5007 9:37}-

2280 5064 2425 5117 ματι,
2476 5048 2596 5103 τούς
2643 5046 2733 5112 μὲν
2786 5042 2983 5101 οἰκέτας
3030 5040 3221 5112 ἀφίησι
3274 5048 3367 5101 τῆς
3417 5036 3675 5099 δουλείας,
3728 5041 3887 5090 ἱκανὰ

2281 5153 2538 5206 χρηματα
2611 5138 3038 5203 παρασχόμενος,
3128 5130 3289 5181 τοῖλλα
3345 5128 3401 5182 δε
3480 5137 3651 5201 χεῖρες
3732 5124 3883 5199 εἶχον

2284 5227 2531 5279 πενήτων.
2586 5218 2712 5274 Εἶτα
2762 5226 2851 5272 xui
2902 5224 3021 5281 τοὺς
3079 5219 3126 5271 ἐν
3177 5220 3429 5292 φυλακαῖς
3480 5224 3568 5269 xui
3624 5217 3888 5289 βασάνοις

2284 5318 2492 5377 περιὼν,
2544 5311 2814 5383 ἐθεράπευε
2890 5313 2954 5362 τὰ
3036 5306 3312 5366 ἐπιτήδεια
3365 5312 3720 5381 παρεχόμενος
3795 5312 3892 5358 καὶ

2290 5399 2475 5462 διδούς
2520 5406 2649 5474 μετὰ
2704 5410 2794 5460 τῆς
2850 5401 3051 5470 ὑγιείας
3098 5404 3187 5450 xui
3234 5404 3321 5455 τὴν
3374 5405 3466 5449 τοῦ
3520 5401 3589 5468 μὴ
3646 5398 3897 5447 πένεσθαι

2294 5494 2581 5565 θεραπείαν,
2642 5492 2709 5552 ῶς
2758 5496 2949 5563 μικροῦ
3004 5494 3176 5540 πᾶσαν
3206 5492 3300 5545 τὴν
3343 5486 3488 5539 πόλιν
3542 5485 3737 5558 ἰατροῖς
3780 5491 3900 5547 τοῖς

2296 5582 2469 5644 ἄλλοις
2526 5585 2734 5656 χαίρειν
2790 5578 3039 5647 εἰπόντας,
3100 5586 3170 5650 τῷ
3231 5576 3567 5630 Παντολέοντι
3620 5577 3902 5651 προσιέναι
