4034 6206
48 57 413 179 ’π
504 56 513 59 ’

145 314 233 380 457

1382 316 1547 380 VITA
1584 308 2205 374 PANTELEEMONIS.

3368 318 3474 374 458

142 455 215 502 καὶ
253 447 366 522 παρ’
405 445 560 499 αὐτοῦ
606 441 676 497 ὧν
718 446 940 509 ἕκαστος
988 444 1126 519 εἶχεν
1185 447 1421 501 ἀνίεσθαι
1476 442 1761 515 νοσημάολέ

1872 456 1940 496 ιτθ
1992 441 2222 510 civitas,
2256 455 2393 496 cum
2442 439 2591 495 alios
2625 438 2899 509 jussisset
2941 439 3138 495 valere
3186 443 3474 510 medicos,

141 557 252 591 των’
288 542 529 608 συνήργει
554 538 655 609 γὰρ
704 536 843 607 αὐτῷ
885 542 975 589 καὶ
1021 540 1050 595 ἠ
1099 546 1190 590 τοῦ
1237 538 1436 610 ἀγαθοῦ
1484 536 1712 605 Πνεῦμα-

142 647 211 689 τοῖ
253 630 425 697 χάριςο
472 633 631 677 Τθῧτο
683 629 812 697 πρὸς
879 626 1037 678 πολὺν
1090 630 1269 699 φθόνον
1324 627 1545 698 ἐκμαίνει
1596 626 1714 683 τοὺς

142 718 360 787 ἰατρούς·
394 720 483 766 καὶ
537 720 773 785 παριόντι
828 720 952 767 ποτε
998 724 1069 785 τῷ
1120 719 1219 789 πρὸ
1265 722 1355 766 του
1403 713 1595 783 τυφλῷ,
1656 710 1715 762 οὗ

141 808 162 862 ἡ
206 803 473 874 ἀνάϐλεψις
513 806 659 876 ἔργον
715 812 808 864 τῆς
862 816 953 856 του
1009 805 1375 863 Παντολέοντος
1433 800 1713 865 εὐσεϐείας,

140 894 364 964 χαλεπῶς
425 891 569 963 εἶχον
637 898 725 945 καὶ
800 901 929 967 πρός
1004 893 1290 955 ἀλλήλους’
1351 892 1473 963 Οὐχ
1547 890 1715 959 οὗτος,

142 982 310 1051 ἔλεγον,
364 984 389 1032 6
442 981 650 1052 τυφλὸς,
708 982 766 1041 ὁς
818 988 911 1039 τὴν
988 985 1238 1055 ἡμετέραν
1295 981 1471 1052 ἤλεγξε
1532 984 1721 1050 τέχνην

142 1067 287 1142 μηδὲν
329 1070 488 1130 αὐτῆς
526 1070 877 1142 ἀπονάμενος;
910 1076 997 1131 Τίς
1046 1067 1133 1123 οὖν
1182 1072 1207 1122 ό
1251 1075 1343 1128 τὴν
1390 1073 1529 1121 ἴασιν
1578 1065 1722 1131 δοὺς,

142 1165 217 1211 καὶ
280 1161 571 1233 θεραπεύειν
649 1162 715 1211 τὰ
791 1168 1012 1211 τοιαῦτα
1069 1156 1389 1231 δυνάμενος;
1444 1162 1540 1210 Καὶ
1599 1174 1729 1229 προ-

143 1249 460 1320 καλεσάμενοι
533 1248 893 1314 ἕπυνθάνοντο,
955 1254 1043 1301 καὶ
1124 1251 1176 1309 6;
1247 1248 1339 1301 οὐκ
1395 1246 1585 1321 ἔκρυψε
1640 1248 1727 1296 τὸν

145 1340 465 1411 θεραπευτὴν.

211 1598 258 1654 1’.
323 1601 461 1653 Ἐπεὶ
526 1597 585 1652 δὲ
657 1605 748 1653 καὶ
807 1600 1157 1653 Παντολέοντα
1226 1597 1356 1653 εἶναι
1414 1608 1593 1652 τοῦτον
1647 1603 1733 1651 τὸν

149 1688 455 1761 Εὐφροσύνου
547 1690 789 1760 μαθητὴν
873 1688 1175 1761 ἐμάνθανον,
1259 1688 1499 1760 Μεγάλου
1580 1684 1737 1740 διδα-

1823 529 2117 585 accedunt
2162 530 2239 586 ad
2273 528 2720 595 Pantoleonem,
2753 534 2811 583 et
2840 528 2917 583 ab
2948 544 3017 583 eo
3046 528 3373 588 liberantur
3399 532 3477 589 ab

1823 617 1893 673 iis
1921 636 2070 690 quos
2098 619 2516 691 unusquisque
2542 616 2825 684 habebat,
2855 617 3109 676 morbis:
3142 625 3201 675 ut
3231 621 3333 691 qui
3367 621 3481 676 sibi

1824 723 2065 779 quoque
2078 724 2245 779 opem
2260 709 2535 763 ferentem
2552 706 2798 761 haberet
2814 705 2955 761 boni
2972 708 3210 778 spiritus
3224 710 3481 777 gratiam

1828 798 1949 851 Hoc
1964 813 2102 852 eum
2114 798 2276 867 apud
2297 796 2560 851 medicos
2578 795 2637 850 in
2657 809 2947 864 magnam
2971 802 3145 851 vocat
3166 796 3480 853 invidiam:

1828 892 2037 942 etcum
2063 886 2387 957 aliquando
2410 884 2856 957 prmteriret,qui
2880 885 3247 954 priusfuerat
3267 902 3482 953 caecus,

1830 976 2003 1046 cujus
2024 974 2258 1030 videndi
2292 973 2589 1030 facultatis
2616 974 2897 1029 restitutio
2928 978 3055 1029 erat
3083 990 3232 1045 Opus
3255 975 3488 1046 pietatis

1833 1063 2230 1127 Pantoleonis,
2260 1078 2415 1133 aegre
2461 1062 2753 1129 ferebant,
2782 1069 2838 1118 et
2882 1062 3035 1117 inter
3064 1078 3127 1119 se
3168 1064 3484 1120 dicebant:

1834 1153 1962 1209 Non
1996 1159 2088 1210 est
2113 1154 2209 1208 hic
2248 1169 2464 1221 caecus,
2508 1153 2613 1223 qui
2650 1156 2911 1207 nostram
2942 1154 3137 1223 arguit
3180 1160 3387 1218 artem,
3426 1160 3489 1210 ut

1837 1258 1967 1313 quae
2004 1242 2150 1297 nihil
2192 1242 2246 1297 ei
2277 1241 2599 1313 profuerit?
2632 1240 2775 1306 Quis
2804 1246 2892 1296 est
2935 1257 3077 1311 ergo
3108 1242 3158 1297 is
3197 1243 3303 1315 qui
3349 1258 3490 1298 eum

1838 1333 2085 1396 curavit,
2118 1337 2174 1387 et
2202 1334 2305 1402 qui
2345 1334 2539 1402 potest
2572 1329 2752 1385 talem
2782 1330 3045 1402 praebere
3076 1331 3439 1387 medicinam
3463 1332 3491 1388 ?

1840 1422 2109 1491 Cumque
2121 1436 2259 1475 eum
2274 1419 2691 1488 advocassent,
2708 1419 3024 1489 rogabant.
3041 1418 3140 1476 Ille
3159 1426 3359 1477 autem
3372 1436 3493 1475 non

1841 1508 2051 1565 celavit
2081 1524 2238 1573 eum,
2267 1510 2371 1580 qui
2399 1507 2591 1563 fuerat
2615 1507 2969 1564 medicatus.

1914 1599 1973 1652 Χ.
2036 1596 2361 1668 Postquam
2420 1612 2560 1652 vero
2618 1596 3032 1652 intellexerunt
3105 1613 3242 1653 eum
3310 1598 3496 1654 fuisse

1849 1685 3066 1757 Pantoleonem,Euphrosynidiscipulum:
3085 1687 3492 1757 Magui,aiunt,

152 1777 323 1829 σκάλου
376 1782 565 1850 μέγας,
626 1786 698 1849 τῷ
754 1782 884 1843 ὄντι,
941 1778 1134 1849 ἔλεγον,
1207 1783 1297 1830 καὶ
1369 1780 1393 1829 6
1478 1779 1736 1849 μαθητής.

1872 1776 2043 1845 uagis
2053 1775 2120 1829 tri
2136 1790 2388 1844 magnus
2403 1780 2489 1829 est
2509 1790 2716 1830 revera
2733 1774 3079 1846 discipulus.
3097 1776 3190 1831 Sic
3217 1778 3499 1845 ignoran-

152 1868 311 1928 Οὕτως
382 1868 687 1938 ἀγνοοῦντες
763 1868 833 1929 εἰς
910 1872 1138 1941 Χριστόν
1209 1872 1576 1942 προεφήτευον.
1639 1874 1743 1918 Διε-

152 1960 413 2027 μαστεύετο
502 1964 630 2027 γοῦν
709 1962 965 2030 πρόφασις
1046 1953 1140 2009 διὰ
1213 1960 1299 2008 τόν
1381 1958 1563 2027 φθόνον
1640 1962 1744 2017 τοῖς

156 2046 352 2119 ἰατροῖς,
408 2050 550 2098 ὥστε
605 2054 861 2097 κατειπεῖν
939 2046 1099 2097 αὐτοῦ
1159 2049 1283 2117 πρός
1351 2048 1437 2096 τὸν
1497 2043 1741 2116 βασιλέα.

157 2134 277 2186 Ἐπεὶ
332 2131 389 2187 δι
446 2135 644 2209 εὕροιεν
719 2143 819 2185 τῶν
895 2134 1224 2207 όμολογητὼν
1282 2153 1398 2185 τινα
1464 2135 1738 2207 θεραπευό-

156 2243 282 2294 μενον
359 2225 447 2275 ὑπ’
540 2223 720 2289 αὐτοῦ,
801 2223 1169 2297 προσελθόντες
1250 2231 1319 2293 τῷ
1394 2222 1743 2294 Μαξιμιανῷ·

162 2312 376 2375 Βασιλεῡ,
440 2311 609 2380 εἶπον,
664 2313 718 2364 ὃν
773 2317 837 2364 σύ
891 2315 1037 2384 πάσῃ
1098 2310 1305 2384 σπουδῇ
1362 2318 1455 2371 τὴν
1511 2314 1748 2387 ἰατρικὴν

160 2400 398 2462 ἐκελευσας
452 2401 721 2473 ἐκμαθεῖν,
771 2403 906 2453 ὥστε
959 2408 1232 2474 χρήσιμον
1287 2398 1416 2454 εἶναι
1458 2411 1529 2472 τῷ
1572 2404 1750 2476 κράτει

160 2499 220 2559 τῷ
263 2500 353 2561 σῷ,
405 2487 585 2555 οὗτος,
631 2494 699 2552 ὡς
751 2493 933 2555 ἔοικεν,
980 2490 1130 2561 ὀλίγα
1177 2496 1266 2543 καὶ
1311 2500 1403 2542 τοι)
1456 2490 1615 2563 φόϐου
1663 2495 1752 2541 καὶ

162 2587 237 2639 τῆς
282 2580 476 2642 εὐνοίας
546 2587 639 2639 τῆς
711 2587 803 2639 σῆς
878 2583 1175 2654 φροντίσας,
1230 2584 1454 2651 περίεισι
1530 2583 1643 2639 τούς
1700 2599 1753 2631 τε

163 2666 387 2739 ὑϐριστὰς
434 2678 540 2721 τῶν
593 2670 715 2720 θεῶν
770 2670 1084 2742 θεραπεύων,
1117 2673 1206 2720 καὶ
1254 2672 1319 2721 τὰ
1362 2668 1496 2720 αὐτὰ
1543 2671 1754 2729 ἐκείνοις

166 2755 255 2826 οὐχ
302 2756 472 2819 ἁπλῶς
552 2766 767 2830 φρονῶν,
823 2756 949 2808 ἀλλὰ
1006 2762 1095 2809 καὶ
1149 2756 1349 2829 ἐτέρους
1403 2757 1565 2809 σέϐειν
1622 2760 1758 2809 κατὰ

166 2848 215 2894 τὸ
257 2846 425 2917 ὁμοιον
500 2844 853 2917 ἐφελκόμενος,
922 2848 974 2897 ὃν
1032 2847 1075 2898 εἰ
1126 2851 1197 2917 μὴ
1251 2849 1440 2917 τάχιον
1511 2855 1602 2899 τοῦ
1662 2849 1757 2919 ζῇν

170 2931 497 3007 ἁπαλλλάξῃς,
563 2934 732 2996 λύπης
791 2938 851 2986 οὔ
907 2955 958 2986 τι
1025 2942 1217 3009 μικρᾴς
1278 2943 1453 3005 σαυτῷ
1518 2936 1761 3009 πρόξενος

172 3024 271 3093 ἔσῃ,
326 3023 412 3075 ait:
464 3023 691 3083 πολλοὺς
756 3027 846 3095 μεν
927 3022 1055 3097 ὀρῶν
1128 3024 1215 3075 ὑπ’
1272 3023 1463 3076 ἐκείνου
1522 3032 1615 3084 τῆς
1664 3034 1760 3077 τῶν

175 3112 280 3161 θεῶν
332 3113 529 3171 θυσίας
580 3110 980 3184 ἀφισταμένους,
1034 3115 1124 3172 τὰς
1180 3109 1238 3165 δε
1298 3122 1387 3164 του
1436 3114 1761 3171 Ἀσκληπιοῦ

178 3198 323 3261 ἰάσεις
394 3202 466 3264 εἰς
545 3205 773 3272 Χριστόν
845 3200 1249 3275 ἀναφερομένας.
1306 3210 1469 3255 Τοῦτο
1541 3204 1763 3265 εἰπόντες

179 3287 238 3349 εἰς
282 3295 454 3341 πίστιν
514 3298 617 3341 τῶν
667 3290 945 3362 εἰρημένων
995 3296 1083 3343 καὶ
1132 3295 1217 3342 τόν
1273 3296 1395 3343 ποτε
1448 3292 1633 3364 τυφλόν
1680 3297 1763 3344 τόν

178 3378 262 3428 ὑπό
318 3378 690 3439 Παντολέοντος
766 3380 975 3432 ἐαθέντα
1034 3380 1300 3453 παρελθεῖν
1367 3380 1563 3443 ἠξίουν.
1627 3382 1766 3434 Ἐπεὶ

179 3461 253 3517 οὖν
323 3468 568 3525 ἠκούοντο
650 3473 739 3519 καὶ
816 3474 1048 3544 παρέστη
1080 3488 1092 3501 ο
1163 3476 1280 3530 Πῶς
1352 3471 1377 3521 6
1450 3470 1765 3540 Παντολέων,

181 3552 322 3622 εἶπον,
369 3558 559 3611 ἰάσατό
618 3576 713 3610 σου
760 3561 883 3619 τοὺς
925 3557 1259 3630 ὀφθαλμούς;
1291 3558 1349 3610 Ὀ
1402 3556 1462 3611 δέ
1491 3579 1503 3591 ο
1542 3564 1767 3634 Χριστόν

182 3642 592 3719 ἕπιϐοησάμενος,
651 3648 766 3718 ἔφη,
831 3651 920 3699 καὶ
986 3654 1154 3700 ταῦτα
1228 3643 1350 3700 οὐδε
1424 3646 1609 3724 βραχύ
1679 3668 1769 3721 μοι

183 3731 613 3811 προσδιατρίψας,
670 3736 752 3788 ἵνα
807 3740 896 3787 καὶ
965 3739 1154 3807 τέχνης
1226 3738 1392 3788 ἔννοιά
1460 3756 1540 3799 τις
1610 3755 1773 3809 παρε-

187 3817 340 3890 δύετο,
397 3824 527 3877 ἁλλὰ
586 3820 788 3896 σχεδὸν
847 3826 1029 3896 ἔφθανε
1100 3829 1195 3883 τὴν
1256 3824 1527 3885 ἐπίκλησιν
1589 3828 1618 3884 ἡ
1679 3825 1771 3877 τοῦ

189 3917 332 3982 φωτὸς
383 3916 588 3987 ὅρασις.
645 3918 729 3966 Σοὶ
791 3910 848 3966 δε
902 3918 954 3965 τί
1027 3918 1391 3988 παρίσταται;
1447 3916 1473 3966 6
1526 3912 1775 3988 βασιλεὺς

191 4001 303 4071 εφη·
336 4008 567 4077 Χριστόν
622 4004 752 4056 εἶναι
799 4002 960 4074 λέγεις
1009 4006 1095 4055 τὸν
1152 4004 1427 4077 ἰασάμενόν
1475 4024 1531 4057 σε
1575 4006 1602 4063 ἡ
1656 4008 1777 4065 τοὺς

197 4092 358 4160 θεούς;
432 4099 534 4147 Καὶ
645 4094 671 4145 ό
773 4095 1137 4166 θεραπευθείς·
1219 4094 1458 4156 Βασιλεῡ,
1556 4098 1774 4169 εἴρηκεν,

198 4180 354 4245 αὐτοῖς
397 4192 508 4246 τοῖς
559 4185 841 4255 πράγμασι
882 4188 977 4241 τὴν
1024 4187 1199 4256 κρίσιν
1252 4182 1613 4258 ἐπιτρεπτέον·
1666 4186 1781 4236 τού-

198 4288 301 4333 τους
343 4276 465 4346 γὰρ,
513 4271 607 4332 οὓς
659 4273 780 4344 ὁρᾷς
832 4271 1059 4346 ἰατροὺς,
1108 4271 1271 4324 πολλὰ
1314 4272 1390 4325 ἐπ’
1426 4272 1538 4344 ἐμοὶ
1592 4278 1780 4345 καμόν·

199 4377 287 4429 τες,
338 4362 539 4423 ἑαυτοῖς
590 4364 680 4433 μεν
732 4365 961 4424 ὤνησαν,
1012 4366 1105 4419 τὴν
1160 4361 1342 4414 οὐσίαν
1394 4367 1783 4437 κατακείραντες

1853 1871 1939 1921 tes
1978 1864 2053 1919 de
2104 1863 2333 1919 Christo
2376 1862 2841 1934 praphetabant.
2888 1869 3076 1935 Atque
3114 1865 3500 1935 quaerebatur

1852 1954 2096 2026 quidem
2111 1969 2147 2008 a
2169 1952 2414 2007 medicis
2431 1952 2667 2007 occasio
2681 1959 2919 2024 propter
2935 1952 3316 2017 invidiamut,
3334 1954 3408 2007 de
3430 1969 3501 2008 eo

1853 2042 2229 2098 detraherent
2257 2040 2421 2112 apud
2459 2041 2901 2111 imperatorem.
2935 2041 3082 2096 Cum
3114 2047 3311 2097 autem
3339 2043 3504 2096 inve-

1855 2132 2080 2187 nissent
2104 2147 2177 2185 ex
2216 2129 2652 2185 confessoribus
2686 2129 3015 2200 quemdam
3042 2129 3121 2184 ab
3154 2131 3285 2200 ipso
3310 2130 3506 2185 curari

1856 2221 2203 2277 accedentes
2250 2220 2328 2275 ad
2384 2218 2826 2284 Maximianum,
2869 2218 3177 2277 dixerunt:
3222 2220 3264 2274 Ο
3314 2218 3508 2289 impe-

1857 2317 2037 2377 rator,
2070 2326 2247 2382 quem
2293 2316 2353 2365 tu
2378 2308 2613 2379 jussisti
2644 2310 2805 2364 omni
2836 2309 3029 2364 studio
3059 2308 3286 2363 discere
3325 2307 3511 2363 medi-

1860 2402 2078 2463 cinam,
2111 2406 2173 2455 ut
2201 2406 2351 2454 esset
2378 2399 2653 2469 potentiae
2694 2405 2806 2453 tuae
2853 2397 3029 2464 utilis,
3061 2397 3130 2464 is,
3167 2403 3227 2452 ut
3259 2397 3508 2461 videtur,

1861 2494 1917 2545 et
1957 2495 2185 2544 metum
2214 2496 2269 2544 et
2310 2487 2789 2543 benevolentiam
2823 2493 2987 2542 tuam
3021 2502 3234 2558 parum
3268 2502 3508 2551 curans,

1862 2577 1988 2634 obit
2012 2594 2116 2633 eos
2148 2576 2475 2642 medicans,
2506 2576 2607 2646 qui
2643 2580 2783 2630 sunt
2810 2574 2868 2629 in
2897 2577 3039 2630 deos
3069 2574 3509 2637 contumeliosi,

1865 2672 1923 2723 et
1959 2666 2170 2722 eadem
2195 2681 2331 2736 quae
2367 2664 2447 2719 illi
2482 2680 2604 2719 non
2644 2663 2839 2719 solum
2886 2664 3164 2725 sentiens,
3212 2664 3316 2717 sed
3364 2662 3512 2718 alios

1865 2772 2108 2829 quoque
2138 2755 2210 2810 ad
2241 2754 2451 2809 eadem
2483 2753 2732 2809 colenda
2760 2752 3088 2817 attrahens,
3121 2752 3216 2807 cui
3257 2752 3369 2807 nisi
3397 2753 3514 2807 cito

1865 2849 2048 2901 vitam
2078 2844 2392 2910 ademeris,
2417 2844 2656 2899 tibinon
2683 2858 2933 2914 parvam
2957 2841 3516 2898 afferetmolestiam

1873 2942 1934 2991 ut
1979 2933 2086 3006 qui
2140 2934 2357 2989 multos
2400 2932 2645 3004 quidem
2684 2931 2885 2986 videas
2934 2931 3012 2985 ab
3060 2930 3161 2986 illo
3210 2930 3431 2986 abduci
3484 2944 3520 2985 a

1870 3026 2121 3081 deorum
2144 3022 2455 3086 sacrificio,
2486 3022 2715 3077 Christo
2739 3026 2938 3077 autem
2971 3019 3231 3076 adscribi
3260 3018 3519 3074 Escula-

1795 3145 1835 3200 ρ
1873 3116 1954 3187 pii
2018 3112 2372 3168 curationes.
2440 3114 2587 3167 Cum
2648 3111 2763 3166 hoc
2832 3110 3133 3200 dixissent,
3196 3109 3298 3200 ad,
3339 3107 3524 3162 ﬁdem

1872 3202 2213 3259 faciendam
2246 3218 2450 3257 eorum
2492 3216 2629 3271 quae
2659 3200 2819 3255 dicta
2852 3198 3104 3264 fuerant,
3136 3198 3433 3269 rogabant
3460 3201 3525 3251 ut

1875 3292 2180 3349 accederet
2198 3291 2246 3345 is
2258 3291 2361 3363 qui
2382 3288 2911 3361 aliquandofuerat
2925 3304 3145 3343 caecus:
3168 3303 3304 3342 eum
3325 3292 3526 3342 autem

1875 3384 2115 3437 curarat
2170 3379 2511 3435 Pantaleon.
2566 3381 2891 3450 Postquam
2932 3392 3073 3433 vero
3121 3377 3309 3433 auditi
3366 3381 3526 3440 sunt,

1875 3475 1931 3526 et
1964 3471 2013 3526 is
2043 3470 2301 3527 adstitit:
2338 3467 2675 3533 Quomodo,
2707 3466 3008 3530 dixerunt,
3036 3465 3361 3521 Pautoleon
3392 3470 3527 3520 tuos

1877 3561 2108 3615 curavit
2144 3557 2389 3614 oculos?
2420 3556 2518 3612 ille
2559 3561 2762 3611 autem
2793 3571 2805 3609 :
2841 3554 3092 3621 Christo,
3120 3554 3331 3625 inquit,
3367 3554 3535 3609 iuvo-

1878 3654 2043 3715 cato;
2065 3648 2247 3719 idque
2268 3662 2404 3701 cum
2433 3660 2542 3700 nec
2559 3644 2740 3699 breve
2765 3642 3005 3714 quidem
3035 3650 3268 3715 tempus
3289 3658 3531 3698 mecum

1879 3743 2034 3794 esset
2053 3742 2339 3800 moratus,
2371 3732 2651 3804 utaliqua
2666 3732 2945 3801 cogitatio
2970 3730 3113 3787 artis
3131 3730 3309 3786 nobis
3329 3734 3533 3801 posset

1880 3828 1939 3883 in
1959 3832 2221 3882 mentem
2242 3824 2471 3879 venire:
2499 3821 2607 3876 sed
2626 3820 3066 3876 invocationem
3089 3818 3531 3891 propemodum

1883 3915 2189 3990 praecessit
2213 3914 2361 3969 visio
2391 3910 2723 3968 oculorum.
2752 3908 2878 3966 Tibi
2922 3913 3120 3965 autem
3144 3908 3289 3980 quid
3311 3906 3535 3962 videtur

1884 4007 2075 4078 inquit
2103 4006 2462 4075 imperator:
2494 4000 2789 4056 Christum
2811 4015 2942 4055 esse
2959 3998 3125 4062 dicis,
3157 3997 3261 4069 qui
3292 4001 3347 4051 te
3368 4010 3538 4051 cura-

1886 4098 1990 4161 vit,
2018 4110 2096 4151 an
2121 4094 2265 4149 deos
2294 4109 2305 4147 :
2341 4091 2454 4157 Qui
2498 4106 2637 4146 vero
2679 4098 2920 4145 curatus
2959 4088 3182 4152 fuerat;
3214 4087 3538 4158 Imperator

1887 4183 2102 4256 inquit,
2142 4181 2322 4251 hujus
2347 4180 2429 4235 rei
2473 4178 2769 4249 judicium
2811 4183 2899 4232 est
2926 4175 3106 4232 rebus
3150 4174 3292 4247 ipsis
3322 4173 3540 4246 permit

1889 4272 2159 4331 tendum.
2187 4271 2253 4325 Hi
2283 4268 2549 4342 quidem,
2582 4283 2735 4338 quos
2774 4266 2962 4331 vides,
2999 4265 3212 4320 medici
3246 4281 3383 4319 cum
3433 4279 3541 4334 pro

1891 4380 1986 4420 me
2000 4361 2253 4418 multum
2270 4360 2669 4422 laborassent,
2692 4356 2803 4410 sibi
2823 4355 3067 4427 quidem
3091 4354 3461 4426 profuerunt,
3484 4358 3545 4407 ut

200 4454 280 4506 την
325 4449 445 4522 ἐμὴν
494 4447 594 4503 διὰ
632 4452 727 4510 τὰς
769 4455 1021 4520 ματαίας,
1058 4458 1169 4522 φεῦ,
1202 4459 1293 4503 τοῦ
1339 4455 1503 4523 φωτός
1547 4448 1761 4512 ἐλπίδας

1893 4453 1995 4525 qui
2023 4467 2185 4507 meas
2216 4446 2578 4504 attonderint
2599 4445 2949 4501 facultates:
2982 4443 3125 4499 mihi
3152 4447 3352 4499 autem
3377 4441 3543 4505 nihil,

204 4536 276 4607 ἐμὲ
306 4536 360 4591 δι
400 4536 577 4605 οὐδὲν,
612 4540 691 4591 ὅτι
737 4544 808 4611 μὴ
844 4545 933 4591 καὶ
980 4539 1349 4615 προσέϐλαψαν
1402 4538 1787 4616 διαφθείραντες

205 4632 281 4678 καὶ
330 4628 385 4687 ἦν
433 4627 583 4701 εἶχον
631 4634 845 4701 μετρίαν
899 4628 1085 4699 αὐγήν.
1132 4637 1259 4681 Τινα
1302 4626 1388 4682 οὖν
1432 4636 1540 4703 χρὴ
1591 4631 1789 4703 βοηθόν

209 4716 451 4786 ἡγεῖσθαι,
485 4719 807 4777 Ἀσκληπιὸν
858 4723 944 4771 τόν
998 4720 1098 4771 ὑπὸ
1153 4720 1353 4772 πολλῶν
1401 4720 1653 4779 κληθέντα
1702 4726 1792 4773 καὶ

212 4803 357 4875 μηδὲν
380 4809 528 4861 πλέον
552 4807 833 4872 ὀνήσαντα,
858 4808 887 4867 ἡ
924 4812 1149 4881 Χριστόν
1181 4814 1267 4861 τόν
1297 4811 1397 4861 ὑπὸ
1432 4810 1794 4871 Παντολεοντος

217 4900 355 4964 μόνον
395 4904 484 4950 καὶ
530 4906 868 4972 παραχρῆμα
914 4902 971 4950 τὸ
1026 4897 1167 4969 φίλον
1213 4904 1346 4950 πᾶσι
1392 4908 1494 4971 φώς
1537 4899 1649 4972 ἐμοὶ
1696 4897 1793 4951 δω-

218 4990 484 5058 ρησάμενον
512 5006 525 5051 ;
552 4989 736 5055 Τοῦτο,
778 4985 1017 5058 βασιλεῦ,
1050 4983 1207 5045 δῆλον
1241 4986 1442 5050 ἀληθῶς
1469 4994 1558 5041 καὶ
1602 4989 1794 5061 τυφλῷ.

1898 4544 2022 4598 imo
2066 4555 2203 4595 vero
2233 4538 2415 4592 etiam
2463 4534 2800 4598 obfuerunt,
2854 4534 2953 4603 qui
3003 4531 3305 4587 modicam
3353 4530 3545 4586 lucem

1900 4647 2083 4706 quam
2106 4623 2821 4694 habebam,corruperint.
2848 4625 3034 4687 Quem
3060 4637 3198 4676 nam
3220 4636 3361 4690 ergo
3378 4635 3553 4691 opor-

1904 4729 1981 4779 tet
2028 4717 2362 4774 existimare
2416 4711 2801 4783 adjutorem?
2832 4711 3339 4781 lEsculapiumne,
3375 4710 3471 4779 qui
3517 4724 3553 4763 a

1905 4808 2107 4868 multis
2136 4806 2245 4861 fuit
2271 4808 2539 4867 vocatus,
2573 4809 2630 4855 et
2660 4800 2808 4855 nihil
2840 4799 3088 4871 profuit:
3119 4815 3194 4853 an
3232 4798 3551 4859 Christum,

1906 4901 2058 4973 quia
2080 4895 2206 4951 solo
2224 4891 2579 4948 Pantoleone
2602 4892 2918 4944 invocatus
2935 4888 3175 4943 charam
3204 4886 3341 4940 mihi
3359 4886 3553 4940 lucem

1911 4990 2110 5045 statim
2132 4980 2426 5039 donavit?
2467 4983 2605 5047 Hoc,
2633 4995 2668 5034 ο
2704 4979 3049 5049 imperator,
3078 4991 3345 5048 quonam
3376 4973 3560 5029 modo

220 5074 366 5131 aliter
392 5077 643 5132 dixerim
664 5076 690 5129 ?
720 5078 867 5131 Nam
893 5075 1005 5131 hoc
1036 5076 1235 5147 ipsum
1258 5083 1368 5142 est,
1403 5078 1486 5132 vel
1516 5094 1672 5134 caeco
1705 5088 1767 5136 ut
1800 5087 2037 5147 dicitur,
2070 5073 2333 5131 evidens.

284 5166 377 5218 ΙΝ.
436 5170 573 5241 Πρὸς
624 5173 788 5217 ταῦτα
855 5164 1177 5234 Μαξιμιοινός
1233 5165 1437 5239 ἀπορῶν
1496 5166 1651 5238 λόγου
1710 5176 1800 5224 καὶ

223 5254 376 5319 ὥσπερ
425 5254 475 5317 ἐξ
526 5254 875 5325 ἐπιτάγματος
927 5260 1085 5325 μόνου
1134 5257 1295 5307 πειθὼ
1343 5261 1594 5329 παρέχειν
1647 5256 1806 5310 δυνά-

223 5360 391 5411 μενος·
444 5347 529 5401 Μὴ
580 5350 826 5417 μώραινε,
887 5345 1000 5414 ἔφη,
1060 5340 1198 5415 μηδὲ
1252 5349 1481 5418 Χριστόν
1538 5346 1609 5407 εἰς
1666 5347 1808 5411 ἅπαξ

226 5426 470 5499 ὀνομάζων
527 5434 652 5484 ἕσοο
713 5434 958 5504 ἄντικρυς
1028 5436 1128 5505 γὰρ
1187 5435 1236 5485 οἱ
1290 5436 1393 5486 θεοί
1445 5454 1529 5488 σοι
1590 5438 1645 5488 τὸ
1706 5444 1811 5509 φῶς

227 5511 561 5593 ἄδωρήσαντο.
595 5519 654 5575 Ὀ
698 5517 757 5576 δε
806 5524 938 5596 πρὸς
988 5525 1083 5581 τὴν
1127 5521 1389 5593 ἀλήθειαν,
1424 5524 1482 5578 οὐ
1536 5528 1668 5602 πρὸς
1717 5530 1812 5586 τὴν

228 5603 451 5672 ἐξουσίαν
495 5614 549 5663 τό
600 5612 838 5686 παράπαν
887 5606 1014 5665 ἰδὼν
1052 5616 1142 5666 καὶ
1187 5614 1313 5691 ὑπερ
1369 5617 1455 5669 τόν
1502 5622 1593 5669 τοῦ
1644 5614 1817 5691 Εὐαγ-

604 5722 844 5781 Pauor.
886 5719 990 5781 Gn.
1032 5720 1199 5779 CXV.

1982 5169 2063 5227 x1.
2096 5164 2183 5220 Ad
2208 5162 2337 5217 haec
2364 5156 2757 5215 Maximianus
2783 5172 2919 5210 cum
2955 5171 3074 5210 non
3115 5153 3377 5215 haberet,
3404 5152 3565 5223 quod

1911 5260 2148 5317 diceret,
2214 5255 2269 5305 et
2334 5250 2511 5320 quasi
2594 5246 2721 5300 solo
2802 5245 2975 5314 jussu
3038 5244 3087 5297 ei
3171 5247 3370 5313 pOsset
3440 5255 3569 5311 per-

1916 5345 2195 5404 suaderi:
2230 5337 2378 5401 Noli,
2432 5336 2639 5406 inquit,
2689 5334 2859 5390 stulte
2914 5348 3137 5403 gerere,
3181 5338 3335 5386 etne
3377 5329 3568 5384 Chris-

1915 5443 2043 5493 tum
2057 5430 2302 5506 quidem
2318 5426 2565 5482 omnino
2590 5421 2906 5478 nominare
2927 5440 2939 5489 ;
2962 5426 3163 5492 aperte
3180 5420 3343 5476 enim
3359 5418 3442 5474 dii
3469 5417 3571 5473 tibi

1921 5524 2119 5582 lucem
2163 5518 2485 5576 donarunt.
2511 5513 2562 5568 ls
2605 5516 2805 5568 autem
2826 5509 2905 5566 ad
2952 5509 3283 5573 veritatem,
3335 5523 3459 5564 non
3494 5506 3574 5563 ad

1920 5615 2295 5688 potestatem,
2326 5604 2576 5662 omnino
2620 5600 2938 5675 aspiciens,
2964 5604 3020 5657 et
3050 5598 3293 5657 liberius
3321 5597 3576 5671 loquens

3206 5706 3272 5761 15
