4034 6206
537 280 639 335 459

1844 314 1857 327 .
1942 272 2198 328 MENSIS
2240 264 2511 329 JULIUS.

3764 274 3850 337 460

533 420 721 476 quam
751 417 942 458 caecus
970 399 1264 469 Evangelii
1293 400 1435 468 :Tu,
1461 400 1676 472 inquit,
1712 403 1766 455 te
1798 398 1973 454 stulte
2002 397 2155 468 geris

2291 399 2463 470 γελίου
2520 400 2707 473 τυφλὸν
2781 399 3013 471 ἀτεχνῶς
3070 398 3595 475 παρρησιασάμενος·
3645 407 3707 455 Σύ
3752 425 3851 476 μω-

534 494 638 565 qui
669 508 771 547 eos
798 490 899 561 qui
940 494 1076 544 sunt
1107 489 1247 543 caeci
1278 505 1450 544 vocas
1482 489 1715 544 datores
1743 488 1914 553 lucis,
1956 487 2180 559 quibus

533 579 919 637 consimiliter
960 584 1022 633 tu
1052 592 1291 649 quoque
1324 593 1515 632 caecus
1542 591 1879 647 permanes,
1908 576 2011 646 qui
2040 574 2183 631 talia

533 668 819 740 opinaris,
851 672 907 721 et
930 682 1051 721 non
1083 672 1251 737 potes
1294 667 1506 721 intueri
1537 667 1611 721 ad
1660 666 1857 720 lucem
1897 664 2176 720 veritatis.

530 759 770 827 Propter
798 757 925 810 haec
961 760 1254 826 tyrannus
1281 755 1391 810 fuit
1419 756 1507 811 ira
1529 755 1827 811 incitatus.
1862 754 2178 819 Quomodo

529 846 688 902 enim
719 844 965 901 omnino
984 859 1174 910 aures,
1207 860 1343 916 quae
1365 847 1787 900 emarcuerunt
1816 848 2175 913 etcorruptaa

529 938 671 990 sunt
699 934 1220 997 assentationibus,
1251 934 1639 1005 asperiorem,
1673 948 1806 1004 quae
1837 948 1906 986 ex
1934 930 2177 987 veritate

528 1024 760 1087 dicitur,
817 1022 1206 1078 sustinuerint
1246 1024 1627 1079 orationem?
1660 1022 1990 1093 Statimque
2035 1036 2177 1077 vera

528 1128 659 1168 esse
695 1112 996 1182 judicans,
1028 1128 1163 1183 quae
1196 1111 1247 1167 ei
1280 1113 1442 1184 prius
1474 1112 1631 1167 dicta
1660 1110 1892 1167 fuerant
1924 1126 1961 1165 a
1992 1110 2176 1165 medi-

526 1202 627 1265 cis,
666 1200 836 1270 jubet
874 1200 1048 1255 amici
1096 1200 1303 1255 Christi
1346 1208 1523 1272 caput
1571 1198 1893 1271 amputari,
1928 1214 2171 1270 poenam

524 1289 789 1345 veritatis
822 1289 872 1343 ei
904 1296 1157 1344 mortem
1179 1289 1456 1356 inferens,
1489 1294 1545 1344 et
1569 1289 1783 1343 invitus
1808 1287 2089 1353 efﬁciens,
2116 1292 2177 1343 ut

524 1379 806 1450 pulchras
860 1377 1089 1432 Christo
1130 1378 1368 1434 referret
1408 1377 1650 1447 gratias,
1693 1378 1796 1448 qui
1836 1393 1973 1432 eum
2006 1392 2174 1432 cura-

527 1474 709 1532 verat,
746 1483 963 1538 nempe
1003 1468 1458 1523 confessionem.
1496 1470 1689 1522 Bonus
1721 1472 1919 1521 autem
1962 1467 2174 1521 Panto-

521 1556 657 1611 leon
688 1573 761 1611 ne
806 1558 890 1611 sic
919 1557 1164 1628 quidem
1201 1556 1455 1626 neglexit
1484 1572 1556 1611 ea
1593 1555 1806 1620 facere,
1845 1570 1981 1625 quae
2028 1560 2171 1610 tem-

523 1646 650 1717 pori
675 1653 728 1701 et
760 1646 935 1700 rebus
967 1647 1437 1714 conveniebant;
1468 1648 1572 1700 sed
1597 1662 1735 1699 cum
1768 1644 2044 1716 martyris
2070 1660 2171 1700 cor

2290 494 2499 562 ραίνεις,
2548 492 2665 561 ἔφη,
2731 492 2897 561 φωτός
2955 485 3194 561 δωτῆρας
3246 492 3364 551 τοὺς
3433 491 3638 562 τυφλούς
3690 492 3851 564 ὀνομά-

2294 580 2413 643 ζων,
2466 581 2537 639 οἷς
2588 584 2675 631 καὶ
2729 579 2886 640 αύτὸς
2942 580 3134 650 ὁμοίως
3189 578 3491 650 τυφλώττων
3548 577 3606 649 εἶ,
3658 590 3849 633 τοιαῦτα

2290 663 2526 728 δοξάζων
2570 673 2658 720 xui
2705 672 2834 741 πρὸς
2876 671 2934 719 τὸ
2978 675 3084 739 φὼς
3136 676 3229 728 τῆς
3274 667 3509 728 ἀληθείας
3549 666 3740 721 ἀπιδεῖν
3783 676 3843 741 μὴ

2290 750 2587 827 δυνάμενος.
2652 761 2828 828 Θυμός
2883 755 2966 808 ἐπὶ
3036 758 3236 816 τούτοις
3290 751 3401 828 εἶχε
3452 760 3535 808 τὸν
3590 760 3842 829 τύραννον·

2289 850 2396 895 Ποῦ
2449 848 2549 919 γὰρ
2622 845 2735 907 ὅλος
2792 845 3081 907 κολακείαις
3140 846 3438 918 ύπόσαθρος
3492 850 3577 897 καὶ
3631 842 3847 919 διεφθαρσ

2285 937 2407 1003 μένη
2462 933 2617 1006 ψυχή
2687 934 2852 1004 λόγων
2920 934 3006 985 ύπ⁹
3060 932 3308 994 ἀληθείας
3381 929 3689 1007 δριμυτίρων
3735 934 3844 988 ἀνά-

2288 1040 2506 1091 σχοιντο
2553 1023 2651 1090 ais;
2686 1027 2776 1075 xui
2818 1022 2997 1083 εὐθέως
3050 1018 3255 1092 ἀψευδῆ
3300 1026 3479 1095 κρίνας
3524 1025 3588 1074 τὰ
3628 1024 3720 1074 ὑπὸ
3760 1032 3845 1075 τῶν

2288 1109 2473 1183 ἰατρῶν
2558 1110 2757 1164 ἐκείνων
2860 1111 3131 1183 λεχθέντα,
3217 1110 3404 1162 κελεύει
3486 1116 3577 1169 τήν
3652 1112 3846 1182 κεφαλήν

2283 1198 2563 1258 ἐκκοπῆναι
2646 1208 2734 1253 τοῦ
2817 1200 3185 1273 φιλοχρίστου,
3245 1199 3500 1272 ἐπιτίμιον
3572 1199 3703 1271 αύτῷ
3771 1208 3847 1260 τῆς

2284 1286 2524 1351 ἀληθείας
2583 1290 2859 1360 ἐπενεκγὼν
2932 1293 3017 1340 τὸν
3082 1291 3296 1341 θάνατον
3369 1294 3457 1341 καὶ
3511 1289 3642 1340 ἄκων
3695 1308 3844 1363 παρα-

2284 1382 2566 1445 σκευάσας,
2625 1379 2784 1441 καλὰς
2842 1378 2998 1430 αύτόν
3054 1375 3343 1430 ἀποδοῦναι
3397 1379 3622 1453 χάριτας
3664 1386 3728 1448 τῷ
3776 1396 3847 1429 τε·

2283 1470 2620 1543 θεραπευκότι
2691 1475 2905 1541 Χριστῷ
2985 1472 3078 1525 τήν
3177 1472 3486 1542 μαρτυρίαν.
3563 1466 3619 1519 Ὀ
3693 1472 3844 1537 μέντοι

2281 1558 2570 1610 Παντολέων
2637 1554 2760 1609 οὐδὲ
2831 1557 2994 1617 οὕτως
3067 1556 3242 1628 ἠμελει
3311 1564 3475 1608 ταῦτα
3542 1560 3843 1629 προσήκοντα

3489 1645 3612 1698 ἀλλὰ
3653 1665 3841 1719 χρημα-

2276 1656 2348 1717 τῷ
2398 1656 2563 1721 καιρῷ
2615 1653 2704 1698 καὶ
2745 1654 2853 1707 τοῖς
2908 1648 3188 1719 πράγμασι
3234 1654 3399 1699 ποιεῖν
3430 1664 3441 1675 ·

522 1752 635 1805 pus
666 1736 902 1789 emisset
932 1736 1009 1789 ab
1040 1736 1109 1789 iis
1146 1736 1249 1806 qui
1292 1735 1699 1803 interfuerant,
1731 1733 1792 1788 id
1832 1750 1966 1787 cum
2003 1740 2155 1804 patre

2278 1756 2375 1787 των
2431 1734 2745 1807 όνησάμενος
2796 1737 2939 1807 παρὰ
2987 1743 3085 1786 τῶν
3130 1733 3407 1786 ἀνελοντων
3462 1739 3517 1786 τό
3575 1743 3717 1805 σῶμα
3762 1742 3838 1785 τού

524 1840 635 1878 suo
667 1823 889 1895 sepelit,
922 1833 985 1878 ut
1023 1823 1127 1894 qui
1160 1840 1263 1894 per
1303 1839 1478 1877 suam
1512 1822 1573 1877 in
1606 1823 1898 1878 Christum
1943 1822 2170 1880 confes-

522 1915 771 1981 sionem,
805 1929 942 1968 eum
974 1914 1085 1969 sibi
1140 1916 1449 1985 proprium
1497 1928 1629 1967 esse
1671 1911 1952 1979 duxisset,
1985 1917 2043 1967 et
2071 1929 2165 1968 co-

522 2005 802 2073 gnatione
831 2004 1138 2074 sanguinis
1164 2020 1299 2058 eum
1333 2007 1665 2073 reputasset
1684 2001 1857 2071 longe
1888 2002 2170 2073 conjunc-

522 2094 752 2148 tiorem.

594 2182 705 2237 XIl.
750 2182 966 2238 Deinde
1005 2183 1327 2253 imperator
1353 2181 1432 2237 ad
1472 2196 1532 2235 se
1571 2180 1834 2235 accersiit
1871 2179 2171 2236 Pantaleo-

520 2287 681 2325 nem.
717 2272 817 2328 Ille
860 2288 997 2327 vero
1044 2287 1181 2326 cum
1228 2271 1644 2337 abduceretur,
1694 2268 1876 2324 labris
1925 2269 2169 2325 canebat

520 2360 816 2431 psalmum
872 2359 1125 2431 tempori
1182 2359 1669 2415 convenientem:
1729 2361 1905 2423 Deus,
1942 2358 2164 2423 dicens,

521 2450 758 2505 laudem
787 2465 975 2505 meam
1002 2464 1076 2504 ne
1106 2456 1361 2504 tacueris
1388 2466 1399 2502 :
1431 2448 1710 2518 quoniam
1738 2462 1800 2501 os
1838 2447 2168 2516 peccatoris

519 2543 569 2593 et
592 2538 781 2593 dolosi
810 2540 873 2592 in
898 2553 987 2593 me
1017 2544 1287 2608 apertum
1319 2541 1419 2593 est.
1454 2536 1657 2591 Loculi
1684 2544 1821 2591 sunt
1856 2536 2168 2591 adversum

514 2642 606 2682 me
631 2627 835 2697 lingua
852 2627 1134 2691 doiosa,et
1160 2626 1348 2683 verbis
1369 2626 1490 2681 odii
1511 2625 2031 2681 circumdederunt
2053 2640 2168 2682 me-

515 2722 567 2772 et
599 2722 1099 2787 oppugnaverunt
1125 2731 1212 2772 me
1236 2716 1447 2786 gratis.
1492 2717 1613 2770 Pro
1653 2730 1716 2771 eo
1748 2721 1811 2769 ut
1841 2730 1932 2769 me
1955 2714 2165 2784 dilige-

514 2812 667 2870 rent,
696 2806 1261 2861 calumniabantur:
1296 2820 1394 2875 ego
1424 2809 1619 2860 autem
1642 2806 1906 2859 orabam.
1929 2804 2006 2858 Et
2035 2804 2167 2859 red-

512 2895 789 2949 diderunt
856 2895 1006 2949 mihi
1060 2895 1225 2949 mala
1277 2909 1389 2962 pro
1436 2892 1619 2955 bonis,
1670 2899 1721 2947 et
1782 2892 1980 2947 odium
2050 2907 2165 2960 pro

513 2983 830 3038 dilectione
854 2999 1002 3038 mea.
1036 2983 1154 3038 Sed
1192 2984 1290 3051 fer
1330 2982 1472 3036 mihi
1502 2997 1688 3049 opem,
1722 2982 1969 3036 Domine
2011 2983 2164 3036 Deus

512 3087 693 3136 meus,
723 3078 775 3126 et
806 3073 1037 3126 salvum
1065 3086 1155 3125 me
1183 3072 1287 3139 fac
1310 3071 1632 3126 secundum
1668 3077 1826 3124 tuam
1860 3071 2164 3125 misericor

509 3160 691 3214 diam.
715 3160 1075 3224 lnduantur,
1095 3159 1197 3229 qui
1218 3174 1308 3214 me
1328 3158 1791 3224 calumniantur,
1820 3158 2161 3228 confusione

508 3255 560 3304 et
589 3249 973 3314 amiciantur,
1006 3255 1292 3319 tanquam
1325 3247 1605 3316 diploide,
1646 3247 1976 3317 ignominia
2006 3263 2116 3304 sua
2143 3270 2157 3304 :

505 3353 709 3394 servus
761 3342 955 3394 autem
988 3344 1123 3393 tuus
1180 3338 1486 3393 laetabitur
1532 3339 1593 3392 in
1646 3343 1700 3393 te
1732 3341 1772 3391 ³.
1802 3340 1948 3394 Cum
1992 3338 2159 3393 ﬁnita

505 3433 705 3483 autem
759 3434 913 3483 esset
942 3428 1069 3498 ejus
1098 3428 1379 3499 precatio,
1415 3428 1572 3483 stetit
1609 3442 1809 3482 coram
1841 3442 1999 3498 rege,
2032 3432 2153 3494 aut,

508 3524 569 3571 ut
609 3517 818 3571 melius
848 3517 1067 3583 dicam,
1110 3532 1231 3573 non
1263 3532 1463 3571 coram
1496 3515 1617 3582 illo,
1661 3516 1765 3571 sed
1805 3532 2007 3572 coram
2045 3517 2152 3572 im-

504 3605 762 3676 mortali,
826 3612 879 3661 et
936 3622 1006 3662 eo
1050 3606 1153 3678 qui
1202 3612 1289 3661 est
1347 3606 1405 3660 in
1451 3610 1755 3661 aeternum.
1814 3608 2027 3661 Coram
2083 3623 2155 3662 eo

504 3695 662 3750 enim
693 3711 829 3751 vere
860 3696 1078 3760 stabat,
1104 3702 1161 3750 et
1189 3699 1387 3750 mente
1416 3695 1896 3750 conversabatur.
1925 3695 2025 3750 Cui
2056 3696 2152 3752 ille

496 3786 760 3856 primum
801 3785 1034 3857 placide
1064 3792 1119 3841 et
1172 3785 1433 3856 benigne
1467 3803 1479 3840 :
1514 3784 1642 3841 Non
1684 3784 1847 3841 bona
1895 3790 2054 3853 sunt,
2115 3802 2152 3843 o

498 3872 842 3940 Pantaleon,
872 3890 943 3929 ea
967 3890 1102 3945 quae
1129 3875 1201 3929 de
1232 3880 1283 3928 te
1314 3875 1677 3939 audivimus,
1708 3890 1743 3929 a
1773 3880 1825 3929 te
1856 3890 2149 3944 magnum

492 3963 738 4034 quidem
767 3978 901 4018 esse
932 3963 1297 4033 contemptui
1330 3962 1601 4018 habitum
1633 3962 2061 4034 Esculapium,
2094 3969 2150 4019 et

493 4052 663 4119 alios,
709 4051 803 4121 qui
863 4058 1001 4106 sunt
1048 4053 1205 4122 apud
1257 4058 1328 4115 te,
1363 4052 1544 4106 deos:
1601 4052 1659 4106 in
1716 4052 1882 4107 illum
1945 4060 2144 4108 autem

492 4140 805 4205 Christum,
838 4142 939 4212 qui
964 4141 1118 4195 male
1150 4141 1337 4211 periit,
1363 4146 1416 4194 te
1447 4145 1614 4195 tuam
1648 4156 1817 4211 spem
1850 4141 2141 4211 posuisse,

490 4234 546 4281 et
599 4244 737 4283 eum
787 4230 980 4284 solum
1029 4233 1211 4284 Deum
1258 4228 1587 4284 nominare.
1619 4230 1969 4300 Quanquam
2021 4246 2141 4286 non

486 4317 728 4387 ignoras
754 4321 1020 4388 omnino,
1048 4334 1232 4391 quam
1273 4336 1382 4390 ego
1412 4324 1466 4373 te
1507 4318 1779 4387 benignis
1806 4320 2139 4391 aspexerim

2276 1827 2551 1899 μάρτυρος,
2600 1832 2670 1894 τῷ
2724 1828 2883 1897 πατρὶ
2939 1826 3223 1876 συνθάπτει
3268 1832 3339 1894 τῷ
3387 1824 3586 1889 ἑαυτοῦ,
3633 1826 3839 1896 καθάπερ

2279 1912 2371 1967 διὰ
2401 1922 2490 1974 τῆς
2522 1914 2587 1974 εἰς
2634 1917 2859 1987 Χριστὸν
2908 1913 3186 1985 ὁμολογίας
3230 1913 3387 1965 αὑτὸν
3429 1910 3802 1985 ίξιδιωσάμενος
3827 1931 3837 1943 '

2278 2008 2363 2055 xui
2410 2003 2577 2072 πολλῷ
2620 2012 2711 2062 τῆς
2738 1998 2771 2053 ὃ
2779 2002 2811 2053 ι’
2855 2004 3074 2074 αἵματος
3129 2007 3433 2073 συγγενείας
3478 2010 3651 2055 τοῦτον
3681 2001 3842 2053 οἰκειό-

2280 2112 2421 2165 τερον
2448 2101 2519 2162 τῷ
2548 2092 2711 2161 ἐαυτῷ
2742 2091 3101 2163 λογισάμενος.

2350 2182 2442 2235 ΙΒ’.
2486 2179 2611 2234 Εἶτα
2654 2183 2679 2232 ό
2729 2179 2973 2252 βασιλεὺς
3015 2184 3102 2232 τὸν
3146 2179 3499 2233 Παντολέοντα
3538 2178 3695 2232 ἐκάλει
3732 2182 3841 2254 πρὸς

2279 2271 2476 2335 ἑαυτὸν,
2534 2275 2623 2321 καὶ
2676 2270 2726 2329 ὃς
2793 2268 3112 2341 ἀπαγόμενος
3167 2268 3353 2321 οἰκεῖον
3422 2278 3492 2340 τῷ
3550 2277 3704 2343 καιρῷ
3750 2276 3841 2328 τοῖς

2276 2359 2479 2431 χείλεσι
2531 2358 2735 2431 ψαλμὸν
2796 2354 2955 2415 ἧδενο
3007 2358 3065 2410 Ὀ
3120 2361 3270 2423 Θεὸς,
3330 2363 3426 2416 τήν
3482 2359 3667 2410 αῖνεσίν
3733 2376 3837 2428 μου,

2275 2448 2449 2520 λέγων,
2524 2452 2594 2520 μὴ
2673 2453 3119 2520 παρασιωπήσης,
3179 2449 3256 2499 ὃτι
3331 2449 3503 2519 στόμα
3568 2446 3837 2521 ἁμαρτωλού

3117 2535 3203 2609 ἐμὲ
3286 2536 3553 2609 ἠνοίχθη·
3615 2535 3835 2592 ἐλάλησαν

3435 2626 3600 2697 λόγοις
3670 2629 3835 2696 μίσους

2276 2543 2365 2589 xui
2446 2542 2616 2608 στόμα
2700 2534 2876 2589 δολίου
2957 2536 3035 2589 ἐπ’

2275 2627 2389 2679 κατ’
2474 2624 2597 2698 ἐμοῦ
2691 2626 2909 2699 γλώσσῃ
2997 2622 3169 2697 δολία,
3245 2630 3334 2677 καὶ

2276 2715 2570 2768 ἐκύκλωσάν
2642 2735 2722 2786 με,
2783 2720 2873 2766 καὶ
2947 2714 3269 2785 ἐπολέμησαν
3351 2734 3417 2787 με
3491 2711 3695 2786 δωρεὰν,
3742 2711 3836 2762 ἀντὶ

2275 2813 2365 2857 τοῦ
2435 2804 2640 2875 ἀγαπᾷν
2715 2824 2799 2876 με,
2849 2800 3171 2855 ἐνδιέϐαλλον
3241 2824 3324 2875 με,
3567 2800 3623 2855 δὲ
3686 2819 3834 2874 προσ-

2275 2898 2542 2965 ηυχόμην,
2602 2898 2691 2945 xui
2747 2895 2916 2945 ἔθεντο
2987 2894 3098 2945 κατ’
3167 2892 3290 2964 ἐμοῦ
3368 2896 3504 2946 κακὰ
3568 2894 3673 2944 ἀντὶ
3731 2890 3837 2961 αγα-

2276 2984 2373 3033 θῶν
2426 2987 2514 3033 καὶ
2588 2987 2744 3054 μίσος
2814 2981 2924 3033 ἀντὶ
3008 2991 3104 3044 τῆς
3178 2980 3494 3052 ἀγαπήσεως
3548 2998 3681 3054 μου·
3732 2978 3839 3030 ἀλλὰ

2274 3069 2546 3142 βοήθησον
2598 3090 2709 3143 μοι,
2768 3074 2926 3143 Κύριε
2976 3073 3001 3122 ὀ
3057 3077 3187 3131 Θεος
3256 3090 3384 3143 μου,
3442 3076 3530 3123 καὶ
3581 3074 3736 3122 σῶσόν
3786 3084 3838 3139 με

2625 3160 2760 3220 ἔλεός
2840 3178 2976 3212 σου*
3036 3157 3451 3213 ἐνδυσάσθωσαν
3530 3162 3577 3213 οἱ
3650 3154 3838 3210 διαϐάλ-

3243 3268 3337 3323 περ
3349 3248 3690 3302 ιϐαλέσθωσαν
3780 3246 3838 3304 ὡς

2270 3333 2522 3390 διπλοΐδα
2591 3338 2853 3410 αἰσχύνην
2938 3338 3145 3390 αὐτῶνο
3222 3340 3248 3390 ό
3353 3336 3412 3393 δε
3510 3335 3681 3397 δοῦλός
3756 3352 3835 3385 σου

2268 3427 2668 3499 εὐφρανθήσεται
2756 3426 2839 3480 ἐπὶ
2912 3432 3017 3481 σοί.
3096 3433 3191 3481 Καὶ
3287 3436 3387 3489 τῆς
3483 3428 3639 3500 εὐχῆς
3713 3423 3833 3492 αὐτῷ

2264 3515 2515 3583 ληξάσης,
2575 3518 2807 3574 εἱστήκει
2866 3525 2958 3569 τοῦ
3013 3516 3269 3590 βασιλέως
3316 3516 3549 3583 ἐνώπιον,
3597 3518 3625 3576 ἡ
3667 3513 3832 3588 μᾶλλον

2266 3605 2443 3672 εἰπεῖν,
2477 3606 2571 3657 οὐκ
2616 3604 2827 3673 ἐκείνου,
2862 3613 2954 3659 τοῦ
3003 3606 3261 3658 ἀθανάτου
3314 3603 3377 3660 δὲ
3406 3612 3490 3659 xui
3538 3603 3831 3663 διαιωνίζον-

2264 3714 2368 3756 τος.
2427 3695 2576 3765 Αύτῷ
2625 3698 2722 3768 γὰρ
2777 3691 2837 3753 ἠν
2882 3699 3263 3769 παριστάμενος
3313 3695 3517 3757 ἀληθῶς
3562 3697 3688 3747 κατὰ
3732 3698 3832 3743 νοῦν

2262 3786 2311 3835 οἱ
2361 3789 2745 3857 συγγινόμενος,
2808 3783 2860 3835 ὃν
2925 3784 3115 3845 ἐκεῖνος
3166 3786 3375 3857 ὁμαλῶς
3420 3788 3486 3838 τα
3536 3792 3707 3858 πρῶτα
3754 3784 3830 3832 καὶ

2259 3873 2371 3924 λίαν
2424 3874 2617 3934 ἠπίως·
2655 3874 2764 3925 Οὐκ
2819 3872 3011 3944 ἀγαθὰ,
3061 3874 3246 3946 ἔλεγεν,
3281 3872 3321 3926 ὦ
3358 3874 3648 3936 Παντόλεον,
3694 3872 3725 3923 ἃ
3770 3866 3827 3925 δὴ

2259 3965 2374 4035 περὶ
2434 3970 2528 4013 σοῦ
2583 3962 2897 4035 ἀκηκόαμεν,
2948 3964 3012 4024 ὡς
3068 3963 3370 4036 ἠμελῆσθαι
3420 3968 3510 4037 μὲν
3564 3966 3645 4015 τὸν
3692 3965 3833 4032 μεγαν

2258 4050 2572 4108 Ἀσκληπιὸν
2646 4056 2734 4103 καὶ
2786 4056 2910 4114 τούς
2978 4052 3157 4113 ἄλλους
3214 4056 3363 4127 παρὰ
3418 4059 3501 4106 σοὶ
3557 4055 3710 4116 θεοὺς,
3760 4048 3833 4099 ἐπὶ

2270 3163 2406 3211 κατὰ
2476 3164 2535 3211 τὸ

2268 3247 2432 3308 λοντές
2526 3268 2590 3321 με
2697 3248 2966 3321 ἐντροπὴν,
3058 3255 3147 3302 καὶ

2256 4144 2483 4213 Χριστόν
2530 4137 2589 4192 δὲ
2634 4138 2820 4192 ἐκεῖνον
2872 4144 2956 4193 τὸν
3007 4140 3309 4195 ἀπολωλότα
3355 4152 3526 4204 κακῶς
3569 4139 3831 4212 ἁναρτῆσαί

2257 4249 2314 4281 σε
2357 4232 2444 4290 τας
2475 4226 2685 4291 ἐλπίδας
2714 4234 2804 4282 xui
2852 4238 3032 4283 τοῦτον
3062 4236 3214 4304 μόνον
3246 4231 3520 4305 ὀνομάζειν
3563 4234 3704 4294 Θεὸν,
3733 4230 3831 4278 καί·

2253 4338 2393 4390 τοιγε
2419 4318 2511 4370 ούκ
2542 4320 2809 4390 ἠγνόησας
2847 4322 2913 4371 τὰ
2942 4319 3038 4392 ἐμὰ
3089 4323 3316 4385 πάντως,
3350 4328 3440 4374 καὶ
3490 4322 3591 4373 οἷον
3631 4318 3829 4389 εὐμενῶς

487 4407 692 4471 oculis,
719 4411 776 4463 et
813 4408 1351 4479 quemadmodum,
1395 4424 1531 4463 cum
1572 4423 1683 4478 ego
1735 4415 1788 4463 te
1840 4410 1898 4463 in
1940 4425 2139 4464 meam

2268 4409 2416 4482 ἑώρων
2475 4412 2597 4482 πρός
2652 4412 2709 4462 σε
2772 4416 2861 4461 xui
2928 4412 3066 4471 ὅπως
3123 4410 3525 4485 ἐξοικειούμενος
3576 4428 3631 4462 σε
3684 4404 3827 4460 πολλὰ

485 4495 875 4551 adscivissem
890 4496 1197 4563 familiam,
1235 4497 1581 4569 praeceptori
1609 4506 1708 4552 tuo
1744 4498 2138 4569 Euphrosyno

484 4584 795 4654 diligenter
817 4586 1255 4654 mandaverim,
1279 4590 1341 4640 ut
1363 4592 1416 4642 te
1442 4586 1897 4658 quamprimum
1920 4586 2139 4643 faceret

482 4673 539 4727 in
597 4675 889 4730 medicina
948 4675 1535 4748 praestantissimum,
1580 4682 1640 4730 ut
1669 4675 1815 4731 mihi
1866 4677 2020 4731 eain
2073 4692 2135 4731 re

482 4779 688 4835 posses
705 4781 833 4819 esse
866 4766 1019 4820 usui.
1046 4765 1130 4819 Tu
1152 4770 1419 4821 autem...
1457 4765 1568 4821 Sed
1591 4766 1839 4821 omnino
1860 4766 2133 4822 homines

482 4854 667 4908 multa
713 4853 862 4910 falsa
909 4854 1163 4909 dixerint
1210 4860 1264 4910 et
1321 4854 1540 4910 inania.
1602 4857 1665 4909 Et
1726 4855 1859 4910 ideo
1919 4862 1971 4910 te
2041 4872 2131 4912 ac-

479 4944 708 5012 cersivi,
755 4949 814 4999 ut
842 4943 940 5000 illa
974 4960 1102 5016 quae
1145 4960 1180 4998 a
1227 4960 1320 4998 me
1370 4947 1508 4998 sunt
1532 4943 1752 5007 audita,
1804 4950 2133 5013 arguantur

476 5050 603 5089 esse
619 5034 1192 5103 vana,etinvidorum
1206 5034 1427 5104 alioqui
1441 5034 1738 5088 hominum
1752 5033 2127 5089 calumniam:

474 5130 530 5177 et
548 5124 825 5179 maximis
851 5124 983 5187 diis,
1021 5128 1083 5177 ut
1114 5139 1223 5195 par
1251 5129 1357 5189 est,
1382 5122 1597 5177 otieras
1624 5123 2002 5179 sacrificium.

557 5213 689 5267 XIII.
724 5215 809 5269 Ad
838 5214 965 5269 haec
997 5212 1321 5268 Pantoleon
1351 5228 1362 5266 :
1396 5214 1587 5279 Facta,
1629 5212 1839 5284 inquit,
1870 5229 1905 5267 ο
1940 5212 2129 5286 impe-

473 5316 650 5376 rator,
697 5311 839 5362 sunt
879 5304 1071 5360 verbis
1110 5302 1304 5372 magis
1344 5302 1649 5358 credibilia
1681 5308 1736 5358 et
1778 5302 2039 5371 fortiora,
2072 5308 2125 5360 et

472 5408 606 5455 ante
647 5415 855 5454 omnes
894 5401 1133 5473 quidem
1182 5416 1276 5455 res
1321 5397 1468 5454 alias
1517 5395 1845 5469 praecedere
1890 5400 2123 5469 oportet

542 5587 564 5625 ⁸
595 5586 742 5644 Psal.
777 5602 926 5652 cvm,
966 5590 1068 5652 l-5,
1097 5591 1186 5654 26,
1215 5591 1303 5659 28,
1333 5589 1422 5643 29.

2249 4507 2320 4569 τῷ
2385 4494 2697 4570 διδασκάλῳ
2757 4518 2850 4551 σου
2909 4499 3220 4573 Εύφροσύνῳ
3278 4499 3579 4572 ἐπήγγειλα,
3628 4498 3822 4572 ἄριστόν

2251 4606 2307 4639 σε
2358 4592 2451 4645 τήν
2508 4587 2742 4660 ἰατρικήν
2800 4590 2870 4649 ὡς
2924 4591 3159 4659 τάχιστα
3216 4586 3512 4655 ἀποδεῖξαι,
3570 4589 3697 4640 ὥστε
3741 4602 3820 4657 μοι

2244 4680 2309 4728 τὰ
2357 4680 2482 4750 πρὸς
2530 4680 2694 4747 τούτῳ
2748 4680 3045 4749 εὔχρηστον
3093 4674 3239 4733 εἶναι.
3274 4683 3340 4732 Σύ
3390 4676 3467 4743 δε,
3515 4677 3637 4729 ἀλλὰ
3675 4673 3819 4727 πολλὰ

2242 4768 2447 4827 πάντως
2491 4768 2676 4818 εἴποιεν
2729 4767 2993 4839 ἄνθρωποι
3046 4764 3257 4837 ψευδῶς
3305 4773 3394 4820 καὶ
3446 4770 3691 4839 ματαίως,
3740 4765 3817 4815 καὶ

2243 4850 2337 4905 διὰ
2383 4859 2531 4906 τοῦτο
2582 4874 2639 4906 σε
2686 4854 3103 4929 προσκέκλημαι,
3153 4858 3284 4909 ὥστε
3331 4855 3541 4909 κάκεῖνα
3587 4855 3707 4929 άπερ
3754 4848 3813 4906 δὴ

2240 4946 2329 4993 καὶ
2378 4943 2613 5001 ἠκούσθη
2668 4963 2777 5016 μοι,
2826 4946 2947 4996 κενὰ
2994 4941 3168 5003 δήπου
3219 4950 3308 4998 καὶ
3353 4944 3628 5018 βασκάνων
3668 4940 3815 5000 ἄλλως

2241 5037 2586 5103 συκοφαντίαν
2646 5031 3035 5105 ἀπελεγχθῆναι
3107 5039 3197 5086 καὶ
3259 5036 3316 5086 σε
3387 5042 3495 5097 τοῖς
3564 5036 3813 5105 μεγίστοις

2240 5122 2391 5187 θεοῖς,
2425 5123 2493 5182 ὡς
2524 5129 2775 5194 προσῆκε,
2806 5123 2991 5175 θυσίαν
3019 5130 3401 5197 προσενεγκεῖν.

2307 5209 2406 5267 li".
2467 5215 2598 5283 Πρὸς
2668 5218 2834 5264 ταῦτα
2907 5214 2932 5263 ὁ
3019 5211 3309 5265 Παντολίων
3340 5228 3353 5241 ·
3406 5211 3574 5285 Ἔργα
3638 5210 3806 5281 λόγων,

2233 5298 2476 5374 βασιλεῦ,
2542 5302 2654 5375 ἔφη,
2714 5303 3000 5377 πιστότερά
3068 5321 3122 5355 τε
3192 5306 3277 5355 καὶ
3350 5302 3681 5377 ἰσχυρότερα,
3728 5300 3807 5349 xui

2231 5392 2432 5444 πάντων
2484 5393 2574 5465 μεν
2612 5395 2701 5445 xui
2748 5398 2848 5445 τῶν
2897 5389 3060 5444 ἄλλων
3106 5392 3423 5468 πραγμάτων
3468 5396 3641 5446 πίστιν
3692 5404 3803 5467 προ-
