4034 6206
228 278 309 332 461
1425 272 1587 331 VITA
1629 276 1690 331 S.
1732 268 2346 331 PANTELEEMONIS.

1137 407 1178 453 Η
1231 398 1291 454 δὲ
1362 422 1455 477 περ
1526 405 1583 454 τό
1640 406 1789 455 Θείον

1918 397 2083 454 idem
2112 404 2168 456 et
2195 403 2522 456 veritatem.
2557 400 2620 454 In
2674 401 2856 455 Deum
2912 402 3113 455 autem
3163 399 3371 472 pietas,
3430 418 3555 475 quo

224 402 444 473 ηγεῖσθαι
490 397 570 453 δεῖ
620 403 708 451 καὶ
783 397 1042 457 ἀλήθειαν.

218 490 434 543 εὐσέϐεια
461 492 573 542 ὅσον
622 488 936 563 ὑψηλοτέρα,
987 497 1235 542 τοσοῦτον
1279 491 1385 563 ἄρα
1426 495 1517 542 καὶ
1563 490 1790 551 πλείονος

221 578 415 652 δεομένη
472 588 563 640 τῆς
610 577 894 652 ἀκριϐείας.
948 582 1005 629 Ὀ
1036 583 1125 650 μὲν
1169 576 1256 631 οὖν
1303 580 1422 653 παρ’
1454 581 1581 651 ἐμοῦ
1632 598 1793 651 προσ-

219 688 505 739 κυνούμενος
549 668 761 741 οὐρανὸν
820 667 1051 731 ἐποίησε,
1106 676 1204 739 γῆν
1256 671 1544 733 ὑπέστησε,
1600 674 1793 739 νεκροῖς

220 758 507 819 ἀνάστασιν,
564 758 771 829 τυφλοῖς
846 756 1146 828 ἀνάϐλεψιν,
1222 758 1431 831 λεπροῖς
1512 760 1789 832 κάθαρσιν,

218 853 525 921 παρειμένοις
594 846 879 921 ἀνόρθωσιν
959 846 1211 919 θελήματι
1294 852 1432 919 μόνῳ
1509 852 1596 899 καὶ
1657 847 1791 918 λόγῳ

218 942 458 1008 παρέσχε.
511 941 631 990 Θεοὶ
678 933 736 988 δε
790 938 837 987 οἱ
884 937 1003 1008 παρ’
1051 938 1190 1008 ὑμῶν
1223 936 1482 1009 λεγόμενοι
1520 942 1610 988 καὶ
1650 934 1795 988 σεϐό-

216 1045 345 1096 μενοι
394 1026 488 1077 οὐκ
535 1021 658 1077 οἶδα
689 1028 731 1076 εἰ
778 1045 832 1075 υι
861 1032 1095 1076 τοιοῦτον
1145 1026 1174 1082 ἡ
1226 1026 1535 1099 εἰργάσαντο
1582 1026 1611 1084 ἡ
1672 1025 1793 1083 ὅλως

216 1114 309 1166 εἰσι
359 1111 571 1166 δυνατοὶ
628 1114 979 1187 ἐργάσασθαι.
1040 1115 1099 1166 Εἰ
1157 1110 1215 1165 δὲ
1268 1112 1465 1186 βούλει,
1543 1119 1633 1166 καὶ
1704 1121 1792 1164 νῦν

210 1204 375 1265 αὐτοῖς
404 1206 700 1276 πράγμασι,
742 1202 983 1273 βασιλεύ,
1029 1207 1123 1261 τὴν
1181 1202 1412 1275 βάσανον
1461 1200 1652 1275 δῶμεν,
1704 1208 1793 1254 καὶ

214 1292 489 1365 παρελθέτω
536 1313 613 1353 τις
678 1292 896 1345 ἐνταῦθα
950 1301 1047 1344 τῶν
1119 1292 1306 1345 ἀνίατα
1364 1296 1650 1345 νοσούντων
1706 1297 1795 1344 καὶ

215 1382 272 1432 ὧν
335 1382 624 1454 ἀνθρωπίνῃ
704 1386 864 1452 τέχνη
944 1386 1030 1432 καὶ
1109 1388 1230 1455 χεὶρ
1312 1382 1626 1455 ἀπαγορεύει
1702 1386 1795 1439 τὴν

216 1472 490 1541 θεραπείαν.
542 1471 939 1543 Παρελθέτωσαν
983 1467 1041 1523 δε
1071 1475 1160 1521 καὶ
1212 1473 1259 1522 οὶ
1304 1472 1425 1543 παρ’
1466 1473 1585 1543 ύμῖν
1628 1474 1794 1543 ἱερεῖς.

218 1556 331 1611 Εἶτα
384 1559 685 1619 ἐπικλητέον
740 1559 951 1621 ἐκείνοις
1002 1564 1090 1631 μεν
1149 1566 1369 1635 πρώτοις
1422 1565 1542 1621 τούς
1600 1561 1796 1612 ἑαυτῶν

218 1652 367 1717 θεοὺς,
422 1650 535 1721 ἐμοὶ
594 1647 653 1702 δὲ
698 1654 783 1702 τὸν
845 1650 933 1701 ὑπ’
986 1649 1109 1721 ἐμοῦ
1162 1648 1528 1721 λατρευόμενον
1576 1656 1688 1715 xui,
1744 1652 1798 1711 ὃς

3450 278 3552 332 462

1901 493 1993 544 est
2017 490 2327 554 excelsior,
2359 505 2429 546 eo
2456 488 2663 561 majori
2688 487 3044 560 perfectione
3070 492 3126 543 et
3181 490 3555 548 absolutione

1900 576 2147 650 indiget.
2182 584 2371 652 Atque
2400 579 2449 633 is
2508 578 2775 651 quidem,
2830 577 2933 649 qui
2986 593 3022 633 a
3079 593 3174 633 me
3230 578 3437 635 colitur
3500 586 3559 637 et

1903 671 2207 734 adoratur,
2235 669 2452 724 coelum
2482 668 2634 735 fecit,
2688 673 2904 722 terram
2937 667 3266 736 constituit,
3293 675 3558 727 mortuos

1904 759 2225 823 suscitavit,
2256 759 2427 814 ctecis
2458 759 2649 813 visum
2683 756 2954 821 reddidit,
2988 756 3255 827 leprosos
3315 759 3558 829 curavit,

1904 848 2259 919 paralyticos
2289 848 2471 903 erexit
2505 869 2515 900 :
2550 846 2730 919 idque
2763 846 2883 901 sola
2922 845 3227 902 voluntate
3260 851 3316 903 et
3353 847 3559 904 verbo.

1905 938 2015 1002 Qui
2042 943 2236 993 autem
2268 954 2304 992 a
2335 937 2502 992 vobis
2531 936 2809 991 dicuntur
2838 939 2895 991 et
2924 935 3203 991 coluntur
3229 936 3330 1003 dii,
3361 938 3563 993 nescio

1903 1041 1980 1083 an
2008 1026 2235 1098 aliquid
2262 1028 2375 1083 tale
2408 1027 2665 1093 fecerint,
2699 1031 2800 1081 aut
2820 1025 3049 1097 possint
3078 1027 3325 1082 omnino
3345 1026 3560 1083 facere.

1904 1115 1968 1169 Et
1998 1114 2044 1168 si
2077 1114 2236 1179 velis,
2266 1114 2323 1169 id
2364 1130 2523 1169 nunc
2572 1129 2633 1169 re
2673 1114 2799 1184 ipsa
2851 1114 3251 1185 experiamur.
3308 1115 3566 1171 Accedat

1905 1204 2018 1258 huc
2044 1203 2253 1275 aliquis
2283 1204 2444 1259 exiis
2466 1203 2562 1275 qui
2591 1201 2867 1259 laborant
2914 1202 3448 1270 immedicabiliter,
3511 1209 3565 1260 et

1906 1308 2160 1364 quorum
2182 1292 2554 1348 curationem
2576 1292 3239 1363 desperatarsbumana
3257 1297 3563 1349 etmanus.

1904 1381 2204 1436 Accedant
2228 1386 2429 1437 autem
2455 1381 2655 1445 etiam,
2694 1381 2798 1453 qui
2833 1388 2970 1435 sunt
3000 1380 3153 1452 apud
3209 1397 3313 1435 vos
3373 1397 3567 1437 sacer-

1906 1469 2097 1525 dotes.
2130 1470 2350 1526 Deinde
2380 1471 2457 1527 ab
2487 1471 2568 1525 eis
2598 1470 2841 1542 quidem
2870 1475 3005 1525 sunt
3040 1470 3301 1541 primum
3334 1470 3415 1526 dii
3439 1471 3569 1527 illo—

1907 1574 2038 1613 rum
2074 1560 2382 1615 invocandi
2416 1582 2427 1614 :
2465 1575 2500 1615 a
2528 1575 2617 1613 me
2644 1564 2842 1614 autem
2877 1558 2922 1613 is
2972 1574 3153 1631 quem
3184 1559 3337 1615 colo.
3376 1562 3439 1615 Et
3461 1559 3565 1632 qui

1909 1648 2251 1703 nominatus
2275 1648 2550 1703 morbum
2583 1648 2889 1716 fugaverit,
2920 1648 2967 1701 is
3007 1647 3158 1701 Deus
3189 1648 3361 1703 solus
3390 1664 3568 1720 repu-

220 1740 271 1788 άν
323 1738 629 1809 ὀνομασθείς
681 1736 896 1811 φυγάδα
945 1741 1053 1796 θείη
1112 1743 1203 1797 τὴν
1244 1744 1414 1805 νόσον,
1469 1736 1619 1800 οὗτος
1671 1743 1799 1801 Θεὸς

1918 1742 2064 1793 tetur
2094 1744 2149 1792 et
2176 1737 2441 1792 colatur:
2473 1737 2621 1791 alios
2651 1744 2849 1794 autem
2881 1738 2939 1791 in
2966 1736 3184 1792 malam
3201 1753 3325 1792 rem
3354 1754 3569 1793 aman-

217 1832 355 1897 μόνος
403 1835 493 1880 xui
525 1829 817 1899 λογιζέσθω
865 1825 1040 1885 δήπου
1086 1833 1172 1879 καὶ
1222 1827 1542 1888 σεϐαζεσθω·
1595 1832 1710 1888 τούς
1743 1825 1801 1881 δὲ

218 1917 385 1979 dum);
410 1921 657 1989 οἰμώζειν
685 1916 863 1989 ἐῶμεν,
890 1916 1055 1973 λήθην
1086 1917 1251 1968 αὐτῶν
1280 1920 1483 1990 μακρὰν
1505 1922 1804 1989 καταχέαν-

218 2025 304 2065 τες.
356 2013 579 2081 Ἠρεσκε
619 2014 787 2057 ταῦτα
832 2015 903 2076 τῷ
957 2004 1188 2077 βασιλεῖ.
1236 2011 1365 2059 Θεού
1408 2010 1508 2078 γὰρ
1562 2003 1620 2064 ἦν
1650 2015 1801 2058 τοῦτο

218 2101 295 2147 καὶ
340 2104 433 2157 τῆς
480 2098 674 2148 ἄνωθεν
724 2100 967 2169 προνοίας
1018 2096 1306 2167 οἰκονομία,
1364 2097 1446 2147 ἶνα
1493 2092 1559 2154 δὴ
1602 2099 1667 2148 τὰ
1712 2104 1806 2157 τῆς

217 2190 427 2246 πίστεως
456 2190 551 2237 καὶ
602 2192 707 2245 τοῖς
738 2184 946 2257 ἐχθροῖς
979 2183 1306 2256 ἀναμφίλογα
1336 2182 1389 2257 ᾖ,
1440 2191 1529 2237 xui
1555 2186 1716 2248 οὕτως
1758 2184 1805 2236 ἐν

220 2282 279 2343 τῷ
300 2282 551 2347 προφανεῖ
573 2273 764 2346 μᾶλλον
796 2279 1051 2332 νικήσειεν
1077 2275 1105 2331 ἠ
1138 2273 1374 2331 ἀληθεία.

281 2364 366 2417 1Δ’.
412 2364 635 2435 ’Λγεται
687 2367 855 2415 τοίνυν
923 2363 991 2423 εἰς
1056 2367 1213 2434 μέσον
1292 2368 1600 2437 παρειμένος
1654 2364 1805 2437 ἀνὴρ,

219 2452 507 2513 κλινοπετὴς
567 2453 635 2503 ὡν
686 2458 775 2503 καὶ
832 2460 904 2521 τῷ
979 2457 1261 2525 παραμόνῳ
1336 2459 1551 2526 παρέσει
1617 2461 1807 2526 μικροῦ

219 2542 351 2595 πλέον
401 2551 496 2603 τῆς
544 2542 778 2613 ἐχούσης
826 2541 979 2593 αὐτόν
1021 2542 1198 2603 κλίνης
1241 2539 1381 2613 μηδὲ
1411 2545 1668 2595 κινεῖσθαι
1710 2540 1813 2594 δυ-

222 2635 437 2701 νάμενος,
497 2634 849 2705 Παριστάντες
902 2627 989 2682 οὖν
1034 2633 1082 2682 οἱ
1129 2638 1227 2682 τῶν
1270 2636 1501 2703 ματαίων
1570 2634 1693 2684 θεῶν
1746 2633 1811 2684 ἰε-

220 2727 315 2789 ρείς
368 2740 420 2772 τε
470 2724 567 2771 καὶ
610 2720 775 2793 ἰατροὶ
830 2724 1191 2791 ματαιότατοι,
1237 2723 1286 2771 οἱ
1336 2724 1426 2791 μὲν
1470 2720 1807 2787 Ἀσκληπιὸν,

222 2812 263 2859 οἱ
297 2806 351 2861 δε
394 2816 512 2875 Δία,
570 2813 619 2862 oi
664 2806 722 2861 δε
776 2816 1040 2883 Ἄρτεμιν,
1088 2809 1228 2861 ἄλλοι
1277 2806 1335 2861 δὲ
1400 2810 1582 2872 ἄλλους
1633 2810 1811 2863 ἐπεκα-

220 2897 406 2968 λοῦντο,
464 2900 683 2957 ἀνόητοι
766 2898 994 2955 ἀνοήτων
1076 2900 1239 2950 ἱκέται
1312 2897 1652 2972 δεικνύμενοι,
1722 2907 1810 2954 καὶ

220 2987 435 3055 μάλιστα
493 2988 547 3039 ἐν
602 2988 766 3048 οὕτως
822 2986 1017 3059 ἐκτόπῳ
1071 2992 1160 3039 καὶ
1208 2989 1452 3061 ὑπερφυεῖ
1504 2991 1800 3061 πράγματι·

1914 1829 2150 1892 demus,
2178 1843 2279 1882 eos
2297 1842 2520 1896 magna
2537 1827 2853 1881 obruentes
2877 1824 3196 1881 oblivione.
3220 1826 3572 1883 Placuerunt

1914 1918 2042 1973 haec
2070 1916 2433 1988 imperatori.
2472 1918 2605 1970 Erat
2634 1916 2792 1971 enim
2822 1914 2934 1970 hoc
2968 1915 3066 1969 Dei
3098 1922 3153 1970 et
3182 1915 3398 1971 divinae
3444 1918 3569 1987 ejus

1914 2005 2299 2077 providentiae
2348 2003 2686 2069 consilium,
2716 2008 2779 2059 ut
2808 2005 2890 2058 sic
2916 2008 3074 2059 recta
3103 2003 3252 2059 ﬁdes
3284 2004 3375 2059 vel
3406 2003 3571 2076 apud

1916 2096 2078 2167 ipsos
2136 2092 2413 2149 inimicos
2453 2097 2612 2148 esset
2648 2094 2790 2148 citra
2843 2092 3330 2160 controversiam,
3397 2098 3452 2149 et
3513 2094 3573 2149 in

1917 2189 2122 2256 aperto
2156 2184 2350 2253 magis
2373 2182 2634 2237 vinceret
2662 2182 2895 2237 veritas.

1991 2364 2133 2418 XIV.
2152 2361 2481 2417 Adducitur
2506 2360 2701 2432 itaque
2721 2360 2781 2414 in
2802 2358 3070 2415 medium
3086 2358 3173 2414 vir
3190 2358 3570 2431 paralyticus,

1920 2454 2171 2525 quijam
2201 2450 2382 2520 longo
2434 2455 2700 2519 tempore
2725 2448 3128 2504 decumbebat
3166 2449 3225 2503 in
3288 2452 3459 2514 lecto,
3520 2454 3576 2505 et

1920 2542 2025 2613 qui
2040 2539 2479 2611 propemodum
2523 2553 2640 2593 non
2659 2538 3087 2608 poteratmagis
3107 2536 3353 2601 moveri,
3387 2552 3573 2607 quam

1921 2632 2026 2703 qui
2055 2647 2190 2686 eum
2223 2628 2454 2685 tenebat
2482 2628 2689 2682 lectus.
2725 2627 2870 2681 Cum
2924 2626 3123 2697 itaque
3181 2626 3571 2681 accessissent

1923 2736 2215 2775 vanorum
2240 2719 2491 2773 deox-um
2521 2715 2884 2778 sacerdotes,
2916 2720 2972 2770 et
2997 2714 3032 2768 ii
3073 2714 3176 2785 qui
3206 2714 3418 2768 versati
3449 2712 3573 2767 fue-

1922 2814 2058 2865 rant
2087 2811 2147 2863 in
2176 2807 2494 2873 medicina,
2535 2804 2631 2861 alii
2681 2804 2927 2875 quidem
2981 2803 3410 2875 Aisculapium,
3471 2802 3572 2856 alii

1922 2915 2063 2954 vero
2092 2900 2321 2963 Jovem,
2354 2895 2452 2951 alii
2485 2899 2687 2950 autem
2736 2893 3007 2955 Dianam,
3069 2893 3165 2948 alii
3224 2908 3363 2947 vero
3424 2890 3570 2946 alios

1922 2989 2066 3044 deos
2091 2987 2469 3051 invocabant,
2504 2987 2771 3039 amentes
2828 2982 2897 3035 iis
2930 2982 3107 3037 rebus
3152 2980 3571 3053 supplicantes,

223 3078 322 3128 ἶσον
373 3080 475 3151 γὰρ
530 3074 590 3134 ἧν
646 3078 800 3129 αὐτὸν
844 3078 1105 3151 ρᾳσθῆναι
1160 3082 1249 3129 καὶ
1280 3082 1399 3139 τούς
1429 3078 1627 3130 ἐκείνων
1670 3082 1804 3140 θεοὺς

1920 3094 2056 3149 quas
2089 3082 2283 3132 mente
2314 3081 2369 3130 et
2399 3090 2577 3129 sensu
2605 3075 2825 3137 carent,
2860 3075 2918 3126 et
2948 3072 3208 3126 maxime
3248 3070 3307 3124 in
3336 3085 3397 3124 re
3450 3074 3572 3124 tam

221 3168 457 3224 αἴσθησιν
522 3167 743 3239 ὀφθῆναι
788 3173 876 3218 καὶ
925 3167 1075 3238 λόγον
1128 3170 1367 3239 ἔχοντας.
1428 3173 1554 3219 Τίνα
1618 3165 1706 3219 οὖν
1745 3172 1811 3221 τὰ

220 3256 370 3318 οὕτως
411 3260 599 3329 ἄφωνα
638 3262 725 3309 καὶ
773 3261 940 3328 κωφὰ,
1001 3262 1115 3308 τίνα
1156 3263 1407 3333 παρέχειν
1463 3258 1635 3319 ἄλλοις
1678 3255 1811 3315 ἠδύο

220 3364 356 3397 ναντο
389 3348 669 3420 θεραπείαν
703 3364 715 3413 ;
745 3349 947 3398 Οὔκουν
996 3342 1119 3398 ούδε
1164 3352 1456 3420 παρέσχον,
1496 3346 1622 3399 ἀλλὰ
1652 3347 1814 3399 πολλὰ

220 3442 305 3485 τῶν
355 3435 637 3509 εἰρημένων
692 3436 1071 3507 αἰτησαμένων,
1126 3435 1253 3487 αὐτὸ
1298 3444 1448 3488 τοῦτο
1496 3438 1617 3510 ὅπερ
1674 3434 1807 3495 ἦσαν

221 3528 301 3574 καὶ
338 3533 446 3586 τοῖς
476 3522 747 3582 δεηθεῖσιν
802 3523 1081 3596 ἐφάνησαν.
1117 3525 1223 3586 Ούς
1269 3527 1293 3576 ό
1340 3526 1633 3578 Παντολέων
1683 3529 1811 3600 όρών

220 3610 529 3685 μειδιάματι
586 3614 827 3687 εὐπρεπεί
885 3619 977 3671 τὴν
1026 3620 1399 3686 ματαιοπονίαν
1467 3615 1629 3667 αὐτῶν
1688 3619 1815 3688 ἐμυ-

222 3708 473 3774 κτὴρισεν.
536 3708 675 3756 Ἐπεὶ
729 3700 787 3756 δε
853 3708 940 3755 καὶ
1016 3704 1171 3764 αὐτὸς
1224 3709 1316 3762 τὴν
1371 3703 1640 3762 ἐπίκλησιν
1701 3704 1815 3758 ἐπε-

223 3794 403 3864 τράπῃ,
458 3796 600 3866 αἴρει
649 3796 738 3864 μεν
785 3796 843 3845 τὸ
896 3797 1039 3865 ἅμμα
1079 3794 1145 3853 εἰς
1188 3798 1271 3845 τὸν
1312 3793 1545 3866 οὐρανὸν,
1592 3814 1812 3846 συνανα-

222 3885 359 3933 τείνει
408 3880 467 3935 δὲ
524 3885 688 3953 τούτῳ
740 3887 830 3934 καὶ
886 3886 979 3941 τὴν
1030 3879 1285 3946 διάνοιαν,
1328 3888 1439 3949 καὶ,
1489 3887 1664 3958 Κύριε,
1709 3885 1811 3936 εἰσ-

221 3967 451 4037 ἀκουσον,
513 3975 626 4043 ἔφη,
678 3980 771 4033 τῆς
819 3980 1125 4045 προσευχῆς
1178 3992 1299 4043 μου,
1352 3977 1439 4024 καὶ
1499 3976 1526 4030 η
1605 3980 1806 4047 κραυγή

220 4078 309 4129 μου
366 4066 500 4135 πρὸς
570 4064 625 4113 σε
680 4060 887 4113 ἐλθέτω·
950 4066 1021 4133 μὴ
1090 4060 1429 4134 ἀποστρέψῃς
1489 4067 1545 4113 τὸ
1602 4070 1808 4136 προσω-

223 4158 303 4199 πον
360 4170 452 4202 σου
513 4149 599 4200 ἀπ’
651 4150 797 4221 ἐμοῦ,
843 4150 890 4200 ἐν
931 4151 963 4222 ᾖ
1016 4152 1076 4202 οἷν
1130 4152 1296 4224 ἡμέρᾳ
1343 4150 1600 4223 θλίϐωμαι
1642 4153 1809 4203 κλῖνον

221 4246 331 4309 προς
391 4259 455 4311 με
519 4243 576 4290 τὸ
634 4236 721 4300 οὖς
769 4258 881 4291 σου·
967 4239 1014 4291 ἐν
1162 4242 1221 4291 ἄν
1272 4242 1441 4312 ἡμέρᾳ
1502 4240 1812 4293 ἐπικαλέσω-

222 4332 306 4393 μαί
364 4346 419 4379 σε
466 4332 616 4398 ταχύ
674 4330 965 4380 ἐπάκουσόν
1029 4348 1152 4399 μου,
1207 4335 1295 4380 καὶ
1351 4326 1517 4391 δεῖξον
1562 4338 1671 4391 τοῖς
1755 4350 1810 4381 σε

225 4412 459 4484 ἀγνοοῦσι
548 4422 636 4469 καὶ
696 4425 804 4478 τοῖς
856 4422 927 4489 μὴ
984 4418 1102 4469 οὖσι
1163 4416 1455 4489 σεϐομένοις
1515 4420 1662 4484 θεοῖς,
1732 4420 1811 4471 ὅτι

226 4506 381 4557 πάντα
440 4504 691 4571 δύνασαι,
762 4507 996 4572 Βασιλεῡ,
1054 4504 1302 4559 ἀδυνατεῖ
1368 4504 1427 4558 δέ
1495 4526 1577 4558 σοι
1638 4503 1807 4558 οὐδέν.

230 4594 394 4656 Οὕτως
448 4600 541 4667 ἔφη
598 4602 686 4648 καὶ
736 4605 831 4657 τῆς
885 4601 1066 4671 χειρὸς
1118 4596 1377 4668 ἁψάμενος
1427 4604 1517 4648 τοῦ
1558 4601 1807 4667 κειμένου,

232 4682 304 4735 Ἐν
357 4694 427 4755 τῷ
483 4688 719 4758 ὀνόματι,
786 4686 937 4756 λέγει,
1012 4695 1247 4759 Χριστοῦ
1302 4694 1392 4738 τοῦ
1477 4686 1813 4759 ἀνορθοῦντος

232 4776 340 4833 τοὺς
381 4776 845 4849 κατεῤῥαγμένους,
906 4778 1055 4848 ὑγιὴς
1103 4780 1190 4828 ἔσο
1239 4782 1328 4827 xui
1374 4777 1533 4847 ὑγιῶς
1579 4784 1687 4836 τοῖς
1725 4779 1811 4846 μέ-

232 4859 332 4913 λεσι
378 4873 669 4937 χρώμενος.
715 4867 864 4918 Εἶπεν
921 4872 1010 4917 καὶ
1065 4868 1090 4917 ό
1148 4866 1294 4936 λόγος
1335 4866 1399 4925 εἰς
1454 4868 1596 4937 ἔργον
1637 4864 1807 4929 ἐξέϐη,

231 4958 310 5003 καὶ
360 4955 386 5011 ἡ
448 4954 595 5011 κλίνη
650 4958 735 5005 τόν
789 4959 1090 5027 παρειμένον
1148 4955 1339 5020 οὐκέτι,
1397 4954 1503 5005 ἀλλ’
1556 4956 1604 5005 οἱ
1656 4952 1812 5013 πόδες

231 5038 362 5111 εἰχον
394 5043 580 5095 ἑαυτοῦ
611 5043 927 5118 θαρρούντως
967 5043 1214 5116 βαίνοντα
1242 5049 1332 5095 καὶ
1362 5040 1561 5114 σχεδόν
1592 5046 1813 5113 ᾅττοντα

229 5135 307 5182 καὶ
362 5132 480 5184 εὐθύ
530 5136 672 5184 οἴκου
730 5136 861 5205 μετά
912 5136 1099 5206 θερμῆς
1159 5136 1283 5194 ὅσης
1331 5142 1425 5194 τῆς
1473 5130 1669 5194 ἡδονῆς
1723 5153 1813 5185 πο-

227 5226 507 5293 ρευομενον.

1920 3182 2164 3237 magna,
2200 3172 2399 3237 etqua‘.
2421 3178 2609 3234 usque
2622 3162 2771 3218 adeo
2788 3160 3423 3232 superabatnaturam.
3444 3160 3575 3213 Erat

1921 3258 2078 3311 enim
2112 3271 2281 3327 mque
2312 3252 2567 3319 difﬁcile,
2604 3256 2658 3306 et
2689 3250 2889 3321 ipsum
2926 3249 3367 3313 convalescere,
3412 3252 3466 3302 et
3493 3246 3575 3301 vi-

1920 3344 2044 3400 deri
2077 3345 2309 3399 illorum
2340 3343 2485 3396 deos
2517 3356 2700 3395 sensu
2730 3344 2787 3394 et
2814 3338 3041 3393 ratione
3073 3338 3373 3409 praeditos.
3407 3338 3574 3401 Quaa-

1921 3451 2063 3490 nam
2090 3433 2251 3488 enim
2274 3432 2425 3486 adeo
2460 3435 2622 3483 muta
2650 3435 2706 3483 et
2737 3427 2918 3481 surda
2942 3430 3195 3498 possunt
3218 3426 3348 3481 aliis
3388 3423 3570 3479 ullam

1922 3523 2187 3595 praebere
2216 3519 2586 3576 curationem
2607 3517 2634 3572 ?
2662 3519 2811 3585 Ergo
2835 3531 2943 3571 nec
2986 3516 3369 3585 praebuerunt
3394 3530 3406 3567 :
3469 3513 3573 3567 sed

1922 3629 2060 3667 cum
2097 3610 2281 3666 multa
2311 3607 2615 3680 petiissent
2644 3604 2680 3658 ii
2711 3604 2813 3675 qui
2845 3603 2983 3658 dicti
3017 3608 3172 3667 sunt,
3206 3602 3319 3656 hoc
3371 3603 3570 3671 ipsum

1922 3701 2283 3775 quoderant,
2305 3712 2517 3768 nempe
2532 3693 2781 3766 lapides,
2804 3692 2870 3746 iis
2889 3691 2991 3763 qui
3028 3692 3343 3760 rogabant,
3372 3696 3572 3759 aperte

1922 3792 2348 3863 apparuerunt.
2383 3788 2677 3853 Rogantes
2708 3785 2908 3836 autem
2962 3779 3170 3833 videns
3226 3777 3573 3845 Pantoleon,

1921 3882 2161 3936 inanem
2192 3892 2397 3933 eorum
2427 3874 2691 3929 laborem
2732 3870 2941 3925 decore
2994 3867 3381 3933 subridendo,
3433 3866 3575 3920 sub-

1920 3968 2215 4027 sannavit.
2250 3968 2570 4035 Postquam
2598 3976 2737 4016 vero
2776 3960 2902 4031 ipse
2932 3974 3172 4030 quoque
3225 3956 3427 4027 jussus
3470 3954 3577 4009 fuit

1919 4060 2213 4123 invocare,
2242 4054 2388 4110 tollit
2412 4051 2656 4124 quidem
2688 4050 2745 4104 in
2774 4049 2989 4103 caelum
3031 4047 3255 4113 oculos,
3310 4060 3447 4099 cum
3506 4044 3575 4097 iis

1920 4155 2118 4205 autem
2151 4144 2375 4201 extollit
2401 4156 2629 4205 vocem,
2668 4146 2741 4204 et,
2792 4137 3053 4202 Domine,
3088 4136 3300 4207 inquit,
3353 4133 3577 4189 exaudi

1919 4239 2241 4294 orationem
2274 4248 2482 4294 meam,
2517 4236 2568 4285 et
2597 4230 2825 4284 clamor
2854 4242 3009 4282 meus
3050 4226 3130 4281 ad
3160 4234 3215 4280 te
3243 4224 3459 4280 veniat.
3494 4224 3576 4277 Ne

1921 4332 2151 4382 avertas
2187 4323 2401 4393 faciem
2438 4328 2596 4374 luam
2628 4333 2661 4373 a
2693 4329 2827 4385 me;
2858 4318 2917 4369 in
2948 4328 3299 4385 quamnque
3332 4312 3425 4366 die
3475 4310 3576 4365 tri-

1922 4416 2105 4477 bulor,
2137 4412 2362 4467 inclina
2388 4409 2467 4464 ad
2495 4422 2583 4461 me
2610 4420 2814 4461 aurem
2849 4411 3033 4458 tuam.
3076 4404 3141 4456 In
3168 4402 3388 4472 quadie
3420 4401 3575 4454 invo-

1922 4519 2123 4561 cavero
2152 4508 2223 4565 te,
2258 4499 2524 4555 celeriter
2540 4494 2902 4551 exaudime‘
2932 4511 2943 4559 ;
2969 4490 3285 4545 etostende
3311 4489 3378 4544 iis
3409 4489 3504 4559 qui
3528 4494 3578 4543 te

1921 4594 2218 4663 ignorant,
2269 4594 2324 4643 et
2355 4604 2455 4641 eos
2500 4584 2603 4656 qui
2660 4597 2782 4637 non
2833 4586 2988 4643 sunt,
3047 4579 3192 4633 deos
3246 4578 3465 4641 colunt,
3526 4582 3581 4630 te

1919 4683 2123 4738 omnia
2156 4693 2355 4751 posse,
2392 4692 2427 4730 0
2458 4674 2601 4737 Rex,
2638 4678 2737 4725 tua
2768 4669 3052 4741 potentia.
3090 4666 3240 4722 Nihil
3265 4672 3350 4721 est
3382 4670 3580 4719 autem

1918 4771 2084 4844 quod
2112 4786 2147 4823 a
2178 4775 2228 4823 te
2256 4781 2375 4821 non
2402 4762 2585 4835 possit
2610 4760 2754 4814 ﬁeri.
2814 4760 2904 4814 Sic
2934 4758 3078 4812 dixit
3110 4774 3124 4809 :
3160 4764 3215 4810 et
3245 4772 3380 4809 cum
3454 4754 3581 4844 teti-

1918 4842 2099 4930 gisset
2132 4870 2377 4911 manum
2411 4853 2561 4922 ejus,
2589 4850 2688 4920 qui
2710 4847 2972 4920 jacebat,
3003 4847 3143 4899 dicit
3177 4864 3187 4902 :
3225 4846 3285 4897 In
3340 4842 3583 4897 nomine

1921 4947 2147 5011 Christi,
2176 4940 2690 5016 quierigiteosqui
2715 4943 2853 4990 sunt
2879 4934 3182 4997 confracti,
3205 4939 3332 4985 esto
3374 4946 3577 4993 sanus,

1920 5045 1976 5094 et
2002 5052 2147 5092 sane
2180 5040 2339 5088 utere
2374 5028 2657 5084 membris
2690 5026 2821 5080 tuis.
2854 5024 3091 5085 Dixit,et
3122 5021 3371 5075 verbum
3420 5018 3589 5073 eﬂec-

1921 5134 2014 5183 tus
2036 5131 2122 5181 est
2144 5125 2497 5179 consecutus
2529 5134 2539 5169 :
2578 5131 2771 5187 neque
2804 5112 3057 5183 amplius
3109 5112 3293 5165 iectus
3351 5107 3589 5179 paraly-

1923 5219 2125 5281 ticum,
2152 5212 2256 5267 sed
2288 5212 2416 5281 ejus
2450 5206 2632 5278 pedes
2663 5202 3058 5267 sustinebant,
3089 5199 3372 5254 audacter
3399 5198 3589 5265 ingre-

226 5325 498 5394 dientem,
530 5334 588 5384 et
609 5329 1047 5402 propemodum
1090 5330 1474 5395 exsilientem,
1510 5336 1565 5384 et
1595 5330 1797 5385 statim
1829 5344 1968 5387 cum
2000 5336 2223 5393 magna
2254 5316 2554 5387 voluptate
2586 5311 2773 5402 domo
2807 5307 3236 5402 egredientem.

292 5416 385 5471 ιε’.
428 5419 504 5472 Ού
545 5424 707 5495 μέχρι
748 5422 934 5473 τούτόυ
964 5423 1031 5474 τὰ
1064 5428 1156 5483 τῆς
1198 5422 1467 5497 θεραπείας
1506 5422 1655 5489 ἔστη,
1699 5419 1806 5473 ἀλλ’

280 5570 320 5635 ἀι
345 5600 503 5660 Psal.
543 5619 612 5672 οι,
645 5606 697 5671 2,
729 5605 781 5660 3.

2004 5392 2125 5471 XV.
2160 5412 2359 5481 Neque
2392 5419 2530 5461 vero
2558 5399 2636 5459 ad
2656 5416 2795 5456 eum
2828 5412 3015 5469 usque
3044 5394 3308 5451 constitit
3341 5392 3589 5458 curatio,
