4034 6206
464 286 566 339 463

1871 268 2134 334 MENSIS
2175 267 2439 337 IULIUS.
3701 280 3790 340 464

460 409 564 465 sed
612 409 736 481 ipse
767 405 1013 478 quidem
1042 420 1310 478 corpore,
1343 408 1512 465 multi
1571 412 1771 465 autem
1798 404 1895 462 alii
1916 400 2097 458 animi

2231 405 2385 459 αὐτόν
2437 413 2528 483 μὲν
2581 415 2717 465 κατά
2784 420 2956 485 σῶμα,
3000 409 3180 463 πολλοὶ
3231 404 3289 462 δὲ
3330 408 3471 461 ἄλλοι
3518 413 3791 484 παρειμένοι

458 496 789 569 paralytici,
822 500 877 550 et
907 496 1115 550 morbo
1162 496 1481 568 impietatis
1511 496 1792 561 enervati,
1843 508 1980 548 cum
2035 487 2122 576 vi:-

459 588 686 643 dissent
718 585 881 658 quod
924 585 1147 641 factum
1194 586 1404 651 fuerat,
1444 591 1815 643 surrexerunt
1856 589 1910 639 et
1948 584 2119 637 erectl

456 682 630 732 sunt:
664 680 722 731 et
749 680 1050 747 postremo
1081 675 1259 745 priori
1314 693 1506 732 errore
1556 676 1967 740 condemnato,
2027 684 2119 724 ve-

452 781 589 821 rum
623 768 803 820 Deum
836 762 1161 818 coluerunt.
1196 763 1291 819 Sic
1337 766 1494 820 enim
1552 766 1832 820 Dominus
1879 767 1935 816 et
1993 759 2118 813 illu-

452 855 643 911 minat
671 869 883 921 caecos,
911 856 967 906 et
996 852 1104 906 scit
1132 854 1350 922 erigere
1376 854 1729 910 contractos.
1773 856 1959 922 Atque
1999 863 2118 904 sce-

448 944 666 1000 leratos
714 941 953 1014 quidem
1008 942 1346 998 sacerdotes
1396 948 1451 999 et
1514 942 1797 1003 medicos,
1840 938 1947 1012 qui
2009 953 2116 991 sua

450 1038 659 1104 sponte
689 1038 854 1087 erant
877 1029 1368 1097 immedicabiles,
1400 1048 1521 1087 non
1573 1031 1751 1087 subiit
1778 1030 1982 1085 lumen
2025 1040 2117 1080 ve-

446 1121 634 1176 ritatis
668 1137 679 1175 :
715 1121 819 1175 sed
852 1135 990 1174 cum
1009 1134 1043 1173 a
1066 1119 1238 1174 malis
1255 1120 1430 1175 rebus
1449 1121 1682 1175 liberari
1701 1134 1821 1174 non
1845 1119 2109 1188 possent,

448 1214 514 1264 ut
568 1208 671 1282 qui
725 1214 923 1264 essent
981 1207 1049 1262 iis
1081 1208 1184 1262 diu
1242 1208 1577 1274 assuefacti,
1631 1207 1974 1264 accedentes
2032 1204 2109 1258 ad

443 1298 891 1360 Maximianum,
948 1296 1024 1352 ad
1082 1296 1457 1353 iracundiam
1511 1300 1910 1369 provocarunt
1970 1307 2109 1347 eum

443 1386 729 1441 adversus
757 1390 1053 1440 sanctum.
1085 1385 1142 1439 Si
1188 1387 1389 1440 siveris
1467 1386 1632 1441 illum
1676 1386 1895 1447 vivere,
1954 1380 2109 1435 dice-

444 1474 606 1539 bant,
631 1480 685 1530 et
717 1473 799 1528 dii
849 1473 1026 1528 simul
1086 1473 1187 1529 tibi
1237 1474 1509 1544 peribunt
1566 1480 1623 1529 et
1672 1471 2001 1529 sacrificia:
2053 1474 2107 1524 et

442 1568 646 1635 aperte
694 1562 899 1618 fabula
957 1568 1161 1617 nostra
1217 1562 1513 1618 videbitur
1568 1562 1775 1633 religio
1825 1566 1881 1616 et
1937 1573 2107 1613 sacra

440 1652 608 1721 orgia
640 1668 652 1717 ;
684 1650 998 1706 Christiani
1033 1657 1233 1706 autem
1264 1667 1370 1707 nos
1425 1652 1666 1723 profuse
1705 1650 2005 1712 ridebunt,
2051 1650 2107 1701 et

2229 502 2318 547 xui.
2355 498 2540 570 ψυχὴν
2596 508 2685 554 καὶ
2718 501 2955 563 ἀσεϐείας
3002 501 3157 551 πάθει
3205 497 3597 572 κατερῥαγμένοι
3632 502 3685 549 τὸ
3720 518 3791 569 γε-

2228 589 2376 655 γονός
2430 590 2755 661 θεασάμενοι,
2818 591 3108 647 ἀνέστησάν
3158 606 3213 639 τε
3265 592 3353 637 καὶ
3411 585 3787 658 ἁνωρθώθησαν,

2228 679 2317 725 καὶ
2362 685 2454 738 τῆς
2512 684 2759 753 προτέρας
2816 678 3006 738 πλάνης
3086 675 3250 728 πολλά
3312 680 3639 746 καταγνόντες
3716 681 3792 727 τὸν

2229 761 2433 833 ἀψευδῆ
2510 772 2637 819 Θεὸν
2707 767 3090 825 ἐσεϐάσθησαν.
3146 771 3266 824 Τοῖς
3324 772 3529 835 μιαροῖς
3582 768 3665 835 μεν
3717 761 3793 816 οὖν

2230 853 2421 925 ἱερεῦσι
2474 861 2561 907 καὶ
2620 856 2841 920 ἀνιάτως
2893 860 3109 928 ἔχουσιν
3170 854 3365 925 ἰατροῖς
3424 852 3792 905 ἐθελοκακοῦσιν

2226 941 2318 993 οὐκ
2357 941 2533 997 εἰσεδυ
2580 949 2636 998 τό
2677 951 2857 1019 φέγγος
2908 955 3001 1006 τῆς
3048 942 3324 1009 εὐσεϐείας,
3376 940 3502 993 ἀλλά
3546 940 3796 994 δυσαπαλ·

2222 1030 2419 1092 λάκτως
2472 1030 2615 1105 εἶχον
2660 1043 2758 1087 τῶν
2811 1036 3119 1107 μοχθηρῶν,
3171 1035 3239 1094 ὡς
3288 1032 3349 1083 ἄν
3387 1029 3471 1082 ἐπὶ
3518 1030 3642 1083 πολύ
3691 1034 3795 1083 τού⁶

2222 1140 2342 1182 τους
2382 1126 2781 1196 συνειθισμένοι,
2836 1126 2948 1176 ὅθεν
3006 1127 3092 1175 καὶ
3142 1130 3213 1192 τῷ
3254 1121 3557 1193 Μαξιμιανῷ
3598 1121 3794 1194 προσελ-

2224 1212 2409 1276 θόντες,
2443 1210 2721 1285 ἐξωργιζον
2773 1213 2927 1265 αὐτόν
2956 1215 3091 1264 κατά
3144 1218 3235 1263 τοῦ
3282 1210 3435 1281 ἁγίου
3484 1214 3589 1273 καὶ,
3632 1208 3683 1261 Εἰ
3712 1213 3795 1281 ζῇν

2219 1298 2406 1352 ἐκεῖνον
2446 1300 2638 1367 ἐάσεις,
2688 1303 2876 1375 ελεγον,
2912 1306 3116 1374 οἴχεταί
3166 1320 3249 1353 σοι
3288 1301 3419 1371 μετὰ
3463 1308 3560 1351 τῶν
3618 1301 3793 1351 θυσιῶν

2218 1395 2306 1441 καὶ
2353 1393 2416 1441 τὰ
2457 1392 2598 1457 θεῶν,
2655 1397 2743 1444 καὶ
2782 1395 2940 1464 μῦθος
2989 1393 3236 1464 ἄντικρυς
3286 1386 3425 1452 δόξει
3467 1391 3709 1460 θρησκεία
3746 1408 3793 1441 τε

2217 1480 2441 1552 ἡμετέρα
2487 1485 2577 1533 καὶ
2623 1483 2733 1553 ἱερά
2776 1485 2951 1554 ὄργια,
3002 1483 3312 1552 Χριστιανοὶ
3369 1475 3428 1530 δὲ
3467 1478 3627 1530 πλατὺ
3662 1477 3793 1549 γελάο

2218 1587 2374 1621 σουσι
2420 1570 2537 1622 καθ’
2592 1572 2733 1642 ἡμῶν
2766 1575 2856 1622 καὶ
2900 1570 3215 1641 ἰσχύσουσι,
3262 1573 3352 1619 καὶ
3399 1569 3463 1618 τά
3514 1566 3673 1618 αὐτῶν
3722 1565 3792 1618 ἀν·

2218 1658 2368 1713 θήσει
2431 1658 2643 1729 μᾶλλον,
2712 1664 2800 1711 καὶ
2856 1658 2985 1711 πολὺ
3045 1661 3194 1709 ἔσται
3243 1664 3341 1708 τῶν
3401 1657 3654 1730 ἡμετέρων
3698 1653 3791 1707 ἔπι-

441 1742 790 1797 resillorum
806 1741 999 1809 magis
1031 1740 1345 1805 ﬂorebunt,
1380 1746 1436 1796 et
1467 1747 1639 1797 erunt
1670 1739 1886 1796 nostris
1918 1737 2097 1793 multo

2214 1749 2553 1819 κρατίστερα.
2608 1748 2787 1801 Ταῦτα
2852 1748 3096 1811 εἰπόντες,
3160 1745 3435 1806 ἀκούοντος
3482 1747 3664 1816 ἔτυχον
3712 1748 3791 1795 καὶ

438 1830 779 1887 validiores.
834 1832 956 1883 Haec
1008 1845 1147 1884 cum
1217 1830 1534 1897 dixissent,
1590 1830 1685 1885 ille
1730 1828 1961 1884 facilem
2022 1827 2103 1880 eis

439 1936 646 1975 aurem
675 1918 948 1990 praebuit,
981 1924 1036 1973 et
1066 1920 1282 1989 paruit.
1323 1921 1607 1974 Sanctum
1636 1920 1835 1990 itaque
1858 1916 2105 1972 accersit

438 2011 776 2080 imperator,
812 2014 867 2062 et
891 2013 1389 2079 tanquamescam
1421 2008 1805 2076 benignitatis
1838 2007 1889 2061 ei
1921 2007 2105 2075 impe-

438 2106 600 2154 rator
633 2096 937 2168 porrigens
970 2096 1480 2151 admonitionem:
1516 2097 1698 2152 Crede
1715 2094 2099 2165 mihi,inquit,

440 2187 785 2251 Pantoleon,
814 2192 869 2239 et
899 2185 1006 2239 diis
1037 2184 1184 2240 offer
1215 2186 1595 2241 sacrificium.
1638 2188 1723 2239 An
1753 2200 1870 2240 non
1921 2184 2099 2248 vides,

438 2276 559 2346 qod
590 2274 1181 2346 quibuscunquenon
1212 2281 1301 2329 est
1324 2290 1701 2345 persuasum,
1737 2281 1798 2328 ut
1847 2274 2104 2328 facerent

438 2365 595 2435 quod
622 2362 849 2417 dictum
876 2364 1082 2428 fuerat,
1117 2362 1155 2417 ii
1184 2364 1537 2433 gravissima
1561 2363 1853 2434 supplicia
1868 2367 1923 2417 et
1954 2377 2103 2416 mor-

439 2457 555 2507 tem
602 2452 933 2508 habuerunt
990 2452 1417 2508 incredulitatis
1485 2451 2026 2507 remunerationem
2077 2450 2103 2504 ‘P

439 2543 664 2598 Ilorum
698 2546 785 2596 est
811 2542 990 2607 testis,
1034 2542 1133 2614 qui
1188 2558 1380 2614 nuper
1410 2542 1622 2597 misere
1682 2541 1797 2597 vita
1845 2540 2103 2612 privatus

439 2636 547 2687 est.
581 2630 894 2686 Anthimus
932 2629 1028 2685 ille
1059 2646 1255 2686 senex.
1290 2630 1413 2701 Ego
1461 2636 1660 2686 autem
1708 2646 1914 2685 curam
1963 2643 2103 2697 gero

440 2718 924 2789 tuaajuventutis,
956 2735 1153 2791 neque
1202 2719 1332 2776 volo
1392 2726 1443 2776 te
1508 2724 1628 2776 tam
1692 2719 1844 2773 male
1889 2717 2098 2789 perire.

438 2808 593 2865 Scito
624 2808 802 2874 enim,
838 2806 963 2863 fore
988 2813 1051 2863 ut
1103 2814 1157 2863 te
1206 2808 1391 2865 multa
1443 2815 1497 2863 et
1546 2809 1745 2877 gravia
1803 2806 2101 2876 excipiant

439 2896 752 2967 supplicia,
783 2897 829 2950 si
852 2897 1130 2951 eamdem
1173 2897 1438 2968 sequaris
1470 2896 1953 2951 inobedientiam.

509 2987 653 3039 XVI.
690 2984 1009 3040 Pantoleon
1038 3001 1197 3053 vero,
1232 2988 1422 3040 vitans
1440 2985 1685 3056 quidem
1742 2982 2099 3039 admonitio-

2214 1836 2516 1906 πειθομένου
2590 1843 2699 1897 τοῖς
2756 1835 3067 1909 λεγομένοις.
3136 1832 3512 1887 Μετακαλεῐται
3562 1838 3723 1884 τοίνυν
3769 1833 3791 1883 6

2217 1919 2465 1991 βασιλεὺς
2525 1930 2611 1976 τόν
2669 1925 3012 1978 Παντολέοντα
3064 1929 3151 1975 καὶ
3200 1925 3352 1974 οἱονεὶ
3408 1919 3584 1996 δέλεαρ
3635 1920 3792 1992 φιλαν-

2218 2011 2444 2083 θρωπίας
2507 2018 2598 2072 τὴν
2648 2020 2951 2086 παραίνεσιν
3006 2013 3145 2083 αὐτῷ
3197 2016 3494 2084 προτείνων·
3559 2012 3792 2067 ΙΙείσθητί

2216 2121 2325 2168 μοι,
2379 2101 2534 2173 ἔλεγε,
2588 2103 2888 2165 Παντό).εον,
2947 2107 3037 2153 καὶ
3096 2103 3277 2154 θυσίαν
3343 2103 3645 2172 προσένεγκε
3695 2104 3791 2158 τοῖς

2220 2191 2366 2249 θεοῖς·
2410 2192 2439 2247 ἤ
2493 2190 2597 2261 οὐχ
2643 2193 2785 2263 ὁρᾷς,
2841 2192 2921 2243 ὅτι
2965 2193 3078 2242 ὅσοι
3123 2197 3277 2242 τοῦτο
3322 2196 3543 2246 ποιῆσαι
3596 2188 3791 2245 ἠπείθη-

2219 2298 2335 2346 σαν,
2387 2277 2692 2353 βαρυτάτας
2769 2280 3006 2341 κολάσεις
3080 2283 3168 2331 καὶ
3230 2280 3446 2330 θάνατον
3508 2279 3661 2347 ἔσχον
3714 2282 3793 2334 τῆς

2215 2366 2473 2428 ἀπειθείας
2529 2366 2795 2420 ἀντίδοσιν
2830 2386 2843 2435 ;
2884 2374 2973 2420 καὶ
3022 2370 3221 2441 μάρτυς
3266 2370 3456 2419 τούτου
3505 2368 3530 2418 6
3568 2368 3662 2439 πρό
3709 2384 3789 2435 μι-

2214 2464 2340 2529 κροῦ
2387 2455 2577 2518 ἀθλίως
2636 2465 2727 2509 τοῦ
2778 2458 2874 2530 ζῇν
2929 2456 3239 2531 ἀποῤῥαγεὶς
3304 2454 3554 2528 ’Δυθιμος
3628 2458 3652 2505 6
3718 2455 3788 2523 γέ-

2213 2564 2335 2616 ρων.
2370 2547 2501 2616 Ἐγὼ
2528 2543 2587 2598 δέ
2620 2566 2712 2598 σου
2761 2543 2997 2619 κήδομαι
3045 2556 3140 2607 τῆς
3180 2551 3423 2606 νεότητος
3470 2548 3557 2596 καὶ
3599 2541 3653 2594 οὐ
3684 2540 3792 2614 βού-

2214 2633 2367 2705 λομαι
2414 2635 2572 2695 οὕτως
2626 2644 2797 2697 κακῶς
2847 2634 3151 2687 ἀπολέσθαι.
3211 2633 3359 2688 Ἰσθι
3404 2637 3523 2707 γὰρ,
3565 2634 3641 2684 ὅτι
3682 2629 3785 2681 πολ-

2212 2723 2297 2775 λαί
2343 2743 2399 2775 σε
2449 2728 2537 2775 καὶ
2581 2724 2813 2795 χαλεπαὶ
2862 2721 3197 2787 διαδέξονται
3245 2723 3478 2796 βάσανοι
3514 2730 3605 2783 τῆς
3642 2720 3788 2780 αὐτῆς

2213 2810 2457 2883 ἐχόμενον
2488 2812 2770 2875 ἀπειθείας.

2464 2964 2567 3018 Καὶ
2599 2966 2627 3021 ἡ
2661 2964 2951 3016 Παντολέων
2992 2967 3084 3025 τὰς
3121 2968 3210 3036 μὲν
3241 2968 3572 3037 παραινέσεις
3613 2964 3672 3021 ὡς
3700 2980 3788 3032 φα-

438 3090 568 3137 nes,
602 3079 893 3144 tanquam
909 3073 1490 3144 apertamfraudem,
1519 3072 1710 3127 minas
1738 3077 1936 3126 autem
1962 3086 2097 3125 con-

2212 3054 2355 3125 νερὰν
2399 3052 2599 3111 ἀπάτην
2654 3053 2914 3117 ἐκκλίνων,
2965 3056 3055 3114 τὰς
3113 3052 3327 3114 ἀπειλὰς
3389 3050 3447 3105 δὲ
3493 3055 3556 3112 ὡς
3604 3049 3787 3102 ἀσθενε-

438 3168 732 3229 temnens,
764 3166 1055 3231 tanquam
1076 3160 1218 3230 ipsis
1242 3161 1490 3216 somniis
1530 3160 1938 3215 imbecilliores
1968 3176 1979 3215 :
2020 3162 2098 3214 Ne

437 3249 760 3317 existimes,
788 3249 993 3320 inquit,
1020 3265 1055 3304 o
1082 3249 1424 3320 imperator,
1460 3250 1584 3304 fore
1618 3253 1681 3304 ut
1722 3264 1814 3303 me
1860 3263 2094 3319 persua-

436 3340 581 3395 deas
626 3338 1157 3403 admonitionibus,
1219 3354 1326 3394 nec
1365 3341 1429 3393 ut
1487 3354 1580 3393 me
1623 3337 1795 3392 minis
1854 3342 2094 3391 terreas.

438 3428 591 3492 Quid
622 3428 781 3482 enim
818 3444 910 3482 me
935 3427 1023 3482 vel
1048 3444 1117 3482 ex
1149 3427 1323 3482 bonis
1353 3426 1562 3482 mundi
1591 3427 1806 3499 capiet,
1841 3425 1927 3481 vel
1984 3431 2095 3480 ter-

436 3516 586 3572 rebit
617 3533 688 3573 ex
714 3516 884 3571 rebus
909 3516 1291 3582 terribilibus,
1316 3517 1415 3587 qui
1446 3532 1562 3571 non
1598 3516 1792 3570 solum
1846 3520 2092 3570 mortem

436 3609 778 3671 contemno,
813 3606 915 3661 sed
946 3622 1079 3661 eam
1106 3607 1286 3660 etiam
1325 3607 1652 3677 optandam
1684 3604 1940 3660 arbitror
1971 3618 2097 3675 pro-

437 3699 565 3766 pter
620 3694 964 3750 Christum?
995 3694 1101 3749 Pro
1156 3709 1226 3749 eo
1284 3700 1485 3750 autem
1540 3697 1835 3749 tormenta
1866 3697 2095 3747 tantum

437 3784 608 3840 abest
640 3784 1124 3849 utextimescam,
1160 3790 1221 3838 ut
1246 3783 1424 3839 etiam
1457 3797 1742 3852 magnum
1802 3784 2093 3838 damnum

436 3872 790 3938 existimem,
817 3874 1015 3929 sinon
1045 3875 1161 3927 sint
1192 3872 1364 3945 plura
1407 3881 1464 3928 et
1518 3872 1893 3944 gravissima,
1942 3876 1998 3926 et
2037 3870 2096 3924 in

432 3962 504 4016 iis
535 3961 909 4017 clementiam
942 3961 1156 4033 quavis
1195 3962 1546 4018 crudelitate
1580 3962 1737 4017 duco
1782 3976 1909 4015 esse
1968 3975 2099 4031 gra-

432 4051 679 4107 viorem.
734 4054 1048 4121 Egregium
1100 4058 1257 4107 certe
1316 4051 1687 4116 Anthimum,
1740 4066 1859 4106 non
1917 4056 1979 4105 ut
2036 4054 2092 4103 tu

434 4140 736 4203 miserum,
778 4141 880 4195 sed
919 4140 1091 4195 valde
1167 4139 1347 4196 etiam
1410 4140 1656 4195 beatum
1697 4156 1823 4195 esse
1871 4139 2093 4209 judico,

431 4238 487 4284 et
516 4229 643 4297 ejus
687 4235 939 4285 mortem
995 4228 1183 4283 cuivis
1246 4230 1378 4285 vitae
1436 4227 1710 4301 praefero,
1771 4227 1937 4299 quod
1995 4227 2097 4283 tali

429 4319 546 4372 fine
577 4318 751 4374 talem
781 4319 1015 4375 ornavit
1045 4323 1429 4383 senectutem,
1459 4321 1515 4374 et
1540 4318 1775 4375 canitiei
1828 4316 2093 4373 alborem

430 4407 722 4478 sanguine
764 4409 1095 4465 cruentavit
1148 4408 1438 4479 martyrii.
1494 4407 1661 4472 Quod
1713 4406 1761 4461 si
1818 4406 1932 4471 ille,
1994 4410 2094 4479 qui
2129 4446 2175 4502 D

428 4502 553 4552 erat
583 4504 702 4551 tam
737 4504 1026 4568 provectae
1056 4496 1268 4563 aetatis,
1302 4496 1452 4552 adeo
1478 4496 1688 4551 fortem
1732 4500 1789 4551 et
1819 4500 2095 4552 constan-

426 4589 545 4641 tem
573 4603 633 4641 se
664 4586 936 4651 Ostendit,
972 4603 1084 4654 me,
1118 4587 1223 4658 qui
1252 4603 1385 4641 sum
1411 4585 1869 4656 adhucjuvcnili
1898 4591 2086 4647 aetate,

427 4691 555 4746 quae
590 4691 708 4730 non
750 4681 976 4747 oportet
1019 4676 1221 4745 gravia
1253 4676 1567 4743 sustinere,
1604 4680 1667 4731 ut
1694 4674 1928 4740 iisdem,
1968 4676 2096 4745 qui-

422 4764 538 4820 bus
568 4781 769 4831 senex,
798 4765 1036 4821 coronis
1069 4766 1290 4833 dignus
1321 4763 1591 4820 habear?
1622 4767 1746 4820 Non
1780 4779 1921 4834 ergo
1964 4780 2095 4835 per-

421 4854 720 4916 suadebis,
752 4868 871 4909 non
926 4854 1323 4926 expugnabis,
1360 4869 1479 4908 non
1510 4869 1618 4909 nos
1644 4858 1721 4908 ab
1754 4853 1868 4908 hac
1901 4853 2093 4908 abdu-

421 4956 516 4993 ces
543 4938 957 4995 confessione:
1016 4956 1133 4994 non
1185 4954 1287 5010 per
1345 4954 1515 4994 sacra
1572 4938 1715 4993 mihi
1770 4943 1827 4994 et
1882 4938 2088 4994 divina

424 5028 613 5097 signa,
649 5030 862 5100 quibus
892 5045 1004 5098 ego
1030 5028 1223 5083 factus
1254 5044 1384 5083 sum
1428 5028 1634 5084 certior
1691 5027 1764 5082 de
1826 5028 2087 5082 veritate.

420 5116 680 5173 Patriam
699 5119 857 5173 enim
882 5118 1108 5189 pudore
1132 5115 1453 5186 affecerim,
1487 5122 1544 5171 et
1562 5116 1786 5181 matris,
1816 5131 1949 5187 qua:
1995 5131 2090 5171 me

420 5208 667 5277 peperit,
702 5209 1004 5279 pietatem,
1035 5222 1208 5278 aqua
1262 5204 1322 5261 in
1366 5206 1434 5261 iis
1492 5222 1627 5277 quae
1681 5205 1757 5261 ad
1810 5207 2089 5277 pietatem

420 5297 730 5368 pertinent,
788 5297 1033 5367 pulchre
1076 5296 1238 5367 prius
1291 5294 1371 5350 fui
1425 5295 1781 5350 informatus
1836 5298 1893 5349 et
1951 5309 2087 5347 cum

418 5401 535 5457 qua
570 5386 624 5440 iu
661 5388 890 5441 interuis-
941 5384 1333 5440 tabernaculis
1393 5400 1648 5457 propero
1696 5383 2084 5456 requiescere,

418 5477 715 5531 lltecdixit
748 5474 1083 5539 l’antoleon,
1145 5481 1199 5530 ct
1253 5476 1460 5546 paucis
1521 5473 1801 5542 ostendit,
1845 5473 2087 5545 qualem

414 5564 609 5623 virum
641 5562 981 5619 offendisset
1013 5563 1061 5617 is
1086 5566 1188 5636 qui
1215 5563 1289 5618 de
1320 5566 1566 5638 sceptris
1587 5568 1644 5620 et
1668 5563 1884 5624 throno
1904 5577 1969 5621 se
1995 5562 2090 5636 ja-

2212 3146 2391 3215 στέρας
2457 3147 2546 3194 καὶ
2624 3142 2892 3217 ὀνειράτων
2945 3150 3280 3216 περιφρονῶν·
3355 3139 3507 3199 Μηδὲ
3560 3142 3786 3212 παραινέ-

2212 3250 2375 3296 σεσιν,
2419 3233 2532 3302 ἔφη,
2583 3228 2822 3302 βασιλεῦ,
2870 3234 2981 3283 οἵου
3025 3251 3087 3303 με
3126 3236 3349 3299 πείσειν,
3381 3238 3510 3304 μήτε
3547 3228 3788 3284 καταπλή-

2209 3318 2308 3381 ξειν
2358 3325 2472 3380 ταῖς
2515 3319 2760 3380 ἀπειλαῖς.
2804 3325 2867 3372 Τί
2895 3324 2995 3393 γὰρ
3023 3324 3053 3378 ἢ
3087 3329 3186 3371 τῶν
3217 3327 3308 3371 τοῦ
3351 3326 3550 3392 κόσμου
3603 3317 3788 3389 ἀγαθῶν

2209 3410 2441 3481 αἱρήσει,
2488 3409 2517 3467 ἦ
2575 3417 2673 3460 τῶν
2736 3409 2958 3482 φοϐερῶν
3018 3406 3282 3471 ὃεδίξεται
3345 3414 3430 3461 τὸν
3486 3408 3589 3480 οὐχ
3631 3404 3787 3462 ἁπλῶς

2210 3499 2431 3549 θανάτου
2488 3506 2928 3572 καταφρονοῦντα,
2979 3496 3108 3550 ἀλλὰ
3157 3502 3247 3549 καὶ
3301 3500 3559 3570 μακάριον
3620 3501 3782 3546 τοῦτον

2206 3592 2294 3637 καὶ
2326 3585 2573 3660 ἐράσμιον
2624 3585 2748 3638 εἶναι
2784 3583 2877 3639 διὰ
2917 3590 3145 3661 Χριστόν
3198 3586 3570 3660 λογιζόμενον;
3609 3586 3691 3642 τὰς
3735 3576 3785 3631 δὲ

2207 3674 2332 3749 ὑπὲρ
2390 3674 2550 3727 αὐτοῦ
2610 3674 2876 3747 βασάνους
2942 3684 3192 3728 τοσοῦτον
3245 3674 3436 3748 ἀπέχω
3495 3670 3786 3733 δεδοικέναι,

2208 3764 2341 3815 ὥστε
2386 3770 2475 3815 καὶ
2523 3765 2717 3835 ζημίαν
2774 3765 2832 3817 οὐ
2885 3767 3077 3838 μικρὰν
3127 3767 3359 3836 ἧγημαι,
3406 3765 3449 3817 εἰ
3498 3768 3567 3836 μὴ
3599 3761 3789 3817 πλείους

2208 3848 2301 3904 εἷεν
2353 3858 2443 3905 καὶ
2490 3854 2863 3925 χαλεπώταται
2924 3859 3011 3906 καὶ
3070 3858 3164 3912 τὴν
3222 3860 3344 3928 περὶ
3392 3856 3581 3914 ταύτας
3635 3849 3787 3922 φιλαν-

2210 3943 2439 4015 θρωπίαν
2483 3946 2659 4004 πάσης
2716 3945 2988 4016 ὠμότητος
3037 3946 3244 4015 τίθεμαι
3297 3942 3612 4018 βαρυτέραν·
3680 3937 3787 4008 ἀμέ-

2206 4029 2281 4083 λει
2334 4037 2423 4083 καὶ
2486 4031 2733 4104 Ἂνθιμον
2815 4036 2901 4084 τόν
2960 4033 3137 4098 καλὸν,
3211 4032 3319 4104 οὐχ
3376 4036 3440 4093 ὡς
3491 4034 3553 4084 σύ
3604 4027 3784 4088 ἄθλιον,

2209 4118 2334 4170 ἀλλά
2376 4126 2464 4172 καὶ
2506 4118 2711 4196 σφόδρα
2761 4124 3016 4195 μακάριον
3060 4118 3187 4173 εἶναι
3240 4127 3402 4193 κρίνω
3448 4124 3537 4172 καὶ
3574 4121 3655 4170 τὸν
3697 4114 3788 4166 αὐ-

2206 4217 2294 4261 τοῦ
2354 4211 2569 4262 θάνατον
2624 4211 2765 4272 ζωῆς
2821 4212 3131 4285 προτιθεμαι
3182 4212 3384 4275 πάσης,
3454 4211 3532 4262 ὅτι
3588 4207 3787 4273 τοιούτῳ

2206 4298 2331 4351 τελει
2383 4302 2441 4351 τὸ
2490 4304 2671 4373 σεμνὸν
2724 4303 2985 4372 ἔκόσμησε
3034 4308 3203 4373 γῆρας
3242 4306 3334 4353 καὶ
3386 4299 3665 4355 λευκότητα
3708 4311 3788 4344 πο-

2206 4388 2316 4449 λιᾶς
2373 4392 2557 4462 αἱματι
2600 4389 2815 4463 ἐφοίνιξε
2871 4394 3185 4463 μαρτυρίου.
3246 4389 3306 4441 Εἰ
3365 4384 3424 4441 δε
3478 4386 3661 4447 ἐκεῖνος
3712 4381 3788 4434 οὗ·

2206 4498 2307 4540 τως
2362 4478 2565 4541 ἡλικίας
2631 4483 2788 4551 ἔχων,
2879 4480 3043 4541 οὕτως
3096 4479 3251 4551 ἐφάνη
3327 4480 3643 4553 καρτερικὸς,
3709 4470 3786 4541 ἐμὲ

2206 4570 2292 4618 τὸν
2342 4570 2563 4620 ἐνταῦθα
2608 4573 2837 4629 νεότητος
2890 4573 3032 4632 ὄντα,
3084 4576 3231 4620 ποῖον
3272 4567 3331 4620 οὐ
3384 4564 3465 4619 δεῖ
3510 4573 3606 4617 τῶν
3644 4558 3785 4633 χαλε-

2206 4666 2311 4709 πών
2369 4658 2680 4723 ὑποστῆναι,
2737 4658 2819 4709 ἵνα
2866 4665 2965 4708 τῶν
3020 4659 3148 4709 ἴσων
3188 4664 3261 4727 τῷ
3298 4661 3503 4731 γέροντι
3544 4652 3784 4723 στεφάνων

2206 4746 2446 4814 ἀξιωθώ;
2481 4747 2556 4798 Οὐ
2600 4752 2770 4799 τοίνυν
2837 4751 3055 4809 πείσεις,
3117 4746 3221 4817 οὐχ
3274 4747 3533 4818 αἱρήσεις,
3588 4740 3645 4792 οὐ
3700 4743 3785 4797 τῆς

2203 4836 2482 4909 ὁμολογίας
2534 4840 2726 4898 ταύτης
2785 4835 3057 4895 ἐκστήσεις
3105 4838 3262 4908 ἡμᾶς,
3324 4832 3563 4906 βασιλεῦ,
3614 4828 3669 4880 οὐ
3718 4825 3785 4897 μὰ

2202 4930 2267 4978 τά
2322 4928 2431 5000 ἱερά
2477 4945 2567 4998 μοι
2612 4930 2701 4977 καὶ
2758 4928 2869 4978 θεῖα
2917 4928 3202 4999 μαρτύρια,
3261 4924 3334 4983 οἷς
3390 4920 3489 4993 ἑγὼ
3544 4916 3782 4987 πεπληρο-

2203 5022 2435 5088 φόρημαι
2503 5018 2595 5072 τὴν
2668 5012 2929 5072 ἀλήθειαν·
3012 5014 3378 5085 αἰσχυναίμην
3438 5011 3539 5081 γὰρ
3593 5007 3651 5058 ἄν
3702 5005 3782 5053 καὶ

2201 5101 2433 5177 πατρίδα
2483 5109 2571 5155 καὶ
2628 5111 2718 5162 τῆς
2762 5102 2848 5176 ἐμὲ
2903 5106 3159 5164 τεκούσης
3207 5103 3403 5174 μητρός
3449 5100 3504 5150 τὸ
3545 5094 3780 5169 φιλόθεον,

2199 5194 2321 5267 παρ’
2434 5214 2523 5267 μοι
2553 5193 2719 5255 καλῶς
2766 5198 2855 5246 καὶ
2886 5196 2949 5245 τὰ
2987 5202 3077 5254 τῆς
3107 5191 3367 5249 εὐσεϐείας
3417 5182 3777 5261 προσετυπώθη

2199 5289 2288 5335 καὶ
2334 5284 2463 5358 ᾗπερ
2519 5283 2566 5335 ἐν
2631 5290 2845 5343 σκηναῖς
2896 5282 3121 5342 αἰωνίοις
3180 5275 3635 5332 συναναπαύεσθαι
3671 5285 3780 5319 κατ·

2200 5379 2490 5446 επείγομαι.
2543 5372 2677 5445 Ἔφη
2736 5380 2902 5425 ταῦτα
2952 5374 2977 5424 6
3019 5369 3331 5431 Παντολέων,
3382 5370 3471 5417 καὶ
3520 5358 3610 5415 διὰ
3659 5356 3781 5430 βρα·

2198 5470 2334 5536 χέων
2382 5462 2664 5528 ὑπέδειξεν,
2716 5466 2806 5534 οἰῳ
2858 5460 3259 5534 προσϐεϐληκὼς
3301 5454 3361 5515 ἧν
3402 5457 3427 5507 6
3470 5459 3573 5512 τοῖς
3622 5450 3777 5503 6x65-

2198 5573 2341 5631 τροις
2367 5558 2456 5606 xui
2490 5561 2562 5607 τῶ
2606 5554 2768 5631 θρόνω
2804 5550 3313 5629 μεγαλαυχούμενος,
3359 5548 3449 5598 καὶ
3481 5544 3559 5596 ὅτι
3601 5537 3777 5592 ἐκεῖνον
