4142 6196
320 296 417 355 465

1511 288 1675 343 VITA
1719 285 1823 340 SS.
1869 279 2475 351 PANTELEMONHS.

3578 302 3681 358 466

312 429 510 477 πείσειν
566 422 778 485 ἐλπίσας
832 418 1031 493 δικτύῳ
1087 422 1335 495 θηράσειν
1392 423 1559 494 αὔρας
1614 416 1831 475 ἤλπισεν
1885 411 1910 467 ἦ

2029 411 2251 470 ctabat.
2276 413 2682 483 Quamobrem
2712 437 2848 477 cum
2880 421 3150 486 nesciret,
3183 439 3445 495 quanam
3478 434 3681 499 posset

312 514 470 566 ἀστὸν
527 513 648 565 ἑλεῖν
704 511 752 563 ἄν
830 510 1055 583 νεφέλαις
1125 512 1555 583 ὑπεριπτάμενον.
1615 506 1771 559 Ὀθεν
1827 508 1917 554 καὶ

311 603 518 675 ἀπορῶν
572 610 659 654 τοῦ
714 603 929 666 πείθειν,
988 608 1168 673 πεῖραν
1226 600 1366 669 αὐτῷ
1424 600 1622 657 καθῆκε
1673 600 1768 653 τὴν
1822 590 1915 645 διὰ

308 701 403 743 τῶν
463 689 733 762 βασάνων,
784 689 809 740 ὃ
860 698 950 749 τῆς
994 688 1234 750 ἔξουσίας
1283 686 1365 756 ἦν,
1418 688 1546 759 ούχὶ
1592 694 1683 745 τῆς
1733 686 1919 754 σοφίας

309 786 393 833 καὶ
425 788 489 839 τῆ
504 800 526 840 ς
555 785 865 853 φρονήσεως.

373 870 473 923 ΙΖ’.
526 874 629 922 Καὶ
672 876 852 941 πρῶτα
892 869 981 939 μὲν
1016 866 1168 930 ξύλου
1218 866 1488 940 ἀπήρτητο
1533 871 1622 917 καὶ
1672 860 1917 935 σιδηροῖς

304 963 328 1011 ό
369 962 577 1033 μάρτυς
623 958 761 1020 ὄνυξι
800 957 1081 1019 κατεξέετο·
1118 961 1243 1029 πρὸς
1276 954 1334 1009 δὲ
1376 962 1466 1009 καὶ
1496 950 1768 1026 λαμπάδες
1811 970 1907 1003 πυ-

300 1054 385 1121 ρος
432 1056 554 1110 ταῖς
603 1048 763 1099 αὐτοῦ
816 1047 1061 1119 πλευραῖς
1108 1048 1432 1100 ὑπεκαίοντο.
1473 1045 1533 1097 Ὀ
1587 1041 1645 1097 δὲ
1686 1043 1744 1094 ού
1793 1049 1910 1101 ταῖς

301 1138 532 1208 πληγαῖς
579 1142 669 1188 καὶ
716 1144 830 1197 ταῖς
876 1138 1149 1202 καύσεσιν,
1182 1135 1309 1186 ἀλλὰ
1354 1143 1425 1206 τῷ
1474 1131 1741 1205 δυναμένῳ
1782 1129 1908 1203 βοη-

305 1229 409 1279 θεῖν
438 1233 699 1298 προσεῖχε
744 1230 834 1277 καὶ
880 1229 938 1276 τό
980 1229 1124 1296 ὄμμα
1174 1227 1332 1299 α’ίρων
1363 1224 1433 1285 εἰς
1477 1223 1713 1295 οὐρανόν,
1749 1238 1912 1292 προσ-

302 1318 502 1385 ηύχετο
549 1318 641 1365 καὶ
691 1310 785 1365 διὰ
825 1320 974 1366 τοῦτο
1023 1322 1195 1387 παρῆν
1234 1312 1386 1374 εὐθὺς
1434 1314 1459 1363 ό
1509 1313 1785 1386 ῥυόμενος·
1816 1314 1905 1360 καὶ

303 1405 327 1454 6
376 1406 613 1471 Χριστὸς
668 1400 715 1453 ἐν
788 1408 1030 1474 σχήματι
1082 1402 1368 1475 Ἐρμολάου
1442 1403 1702 1473 ἐπιφανεὶς
1766 1398 1908 1467 αὐτῷ

303 1500 391 1544 τοῦ
441 1490 768 1564 πρεσϐύτου,
824 1492 1136 1564 παρακαλῶν
1208 1488 1268 1550 ἦν
1332 1494 1463 1543 πάνυ
1539 1494 1766 1560 γνησίως
1820 1491 1914 1538 καὶ

310 1580 686 1653 ἀνακτώμενος·
741 1580 872 1652 Ἐγὼ
923 1585 1025 1655 γάρ
1077 1582 1181 1653 εἰμι
1228 1584 1358 1653 μετὰ
1408 1588 1524 1645 σού,
1570 1581 1742 1649 ὥσπερ
1793 1582 1913 1650 πρό-

305 1690 443 1746 τερον
493 1674 592 1742 ἔφη
638 1678 743 1730 τοῖς
792 1670 1117 1733 ἀποστόλοις,
1157 1670 1203 1723 ἐν
1250 1677 1410 1723 πᾶσιν
1454 1672 1531 1731 οἷς
1578 1670 1807 1740 πάσχων
1841 1664 1913 1719 δι’

2028 502 2256 557 ratione
2308 509 2685 576 persuadere,
2720 515 2991 581 expertus
3045 516 3131 565 est
3182 528 3286 583 per
3326 518 3623 573 tormenta
3662 534 3675 573 :

2028 592 2187 661 quod
2248 600 2374 650 erat
2440 600 2762 669 potestatis,
2825 615 2945 655 non
3001 604 3199 655 autem
3264 603 3570 674 sapientiae
3626 612 3682 663 et

2026 680 2374 750 prudentiae.

2105 867 2255 920 XVII.
2309 872 2367 924 Et
2399 870 2659 940 primum
2716 873 2961 943 quidem
3014 874 3073 928 in
3126 874 3287 943 ligno
3320 875 3427 930 fuit
3458 892 3684 947 appen-

2031 970 2157 1021 sus,
2199 964 2253 1010 et
2287 957 2484 1014 ferreis
2543 966 2767 1034 martyr
2822 962 3156 1018 laniabatur
3223 965 3483 1033 ungulis.
3541 968 3685 1021 Prte-

2029 1047 2186 1100 terea
2214 1051 2412 1102 autem
2446 1049 2599 1117 ignis
2629 1066 2869 1122 quoque
2908 1051 3218 1122 lampades
3250 1053 3528 1108 lateribus
3558 1055 3684 1125 ejus

2030 1135 2513 1192 admovebantur.
2549 1138 2644 1193 Ille
2675 1156 2812 1194 vero
2852 1156 2966 1194 non
3009 1140 3202 1211 plagis
3235 1147 3287 1195 et
3331 1143 3681 1209 ustionibus,

2031 1224 2133 1279 sed
2188 1230 2243 1279 et
2294 1226 2396 1297 qui
2458 1233 2639 1296 potest
2711 1244 2884 1299 opem
2948 1230 3115 1293 ferre,
3204 1231 3564 1296 attendebat,
3632 1237 3688 1288 et

2031 1312 2232 1367 oculos
2275 1314 2336 1368 in
2382 1315 2595 1370 caelum
2646 1316 2880 1381 tollens,
2932 1317 3160 1373 orabat.
3209 1322 3273 1373 Et
3324 1320 3458 1375 ideo
3499 1322 3685 1375 statim

2031 1401 2221 1456 adfuit
2258 1404 2559 1467 liberator,
2593 1412 2648 1460 et
2688 1406 2949 1461 Christus
3003 1423 3305 1478 apparens
3365 1408 3424 1463 in
3478 1408 3687 1464 habitu

2032 1490 2323 1546 Hermolai
2356 1493 2531 1558 senis,
2577 1510 2711 1549 eum
2744 1510 2881 1550 vere
2922 1510 2990 1550 ac
3022 1510 3301 1563 germane
3334 1497 3687 1553 consolaba-

2030 1584 2122 1634 tur
2165 1587 2220 1635 et
2250 1582 2553 1637 recreabat
2594 1601 2606 1636 :
2644 1586 2762 1653 Ego
2812 1583 2969 1638 enim
3013 1601 3145 1639 sum
3180 1591 3392 1652 tecum,
3446 1586 3677 1653 dicens,

2027 1668 2087 1723 in
2132 1670 2426 1736 omnibus,
2483 1671 2542 1726 in
2598 1672 2822 1743 quibus
2878 1678 3124 1745 propter
3174 1691 3266 1729 me
3318 1676 3567 1747 patiens,
3626 1680 3677 1731 te

306 1761 388 1833 ἐμὲ
442 1768 748 1834 καρτερείς·
804 1765 893 1812 καὶ
945 1761 1024 1811 ὃτι
1079 1768 1272 1832 παρῆν,
1328 1760 1479 1831 ἐγγύς
1532 1761 1561 1817 ἡ
1620 1754 1908 1819 ἀπόδειξις.

2026 1755 2251 1813 fortiter
2308 1762 2485 1828 geris.
2531 1761 2699 1826 Quod
2753 1766 2950 1817 autem
3010 1762 3265 1828 adesset,
3311 1780 3433 1819 non
3474 1765 3680 1835 procul

302 1856 439 1921 Ἀμα
487 1852 595 1923 γὰρ
646 1853 735 1900 καὶ
780 1851 835 1900 αἱ
876 1857 978 1899 τῶν
1028 1846 1235 1921 δημίων
1282 1856 1524 1923 παρεῖντο
1571 1856 1767 1919 χεῖρες,
1823 1851 1913 1898 καὶ

304 1940 354 1989 αἱ
394 1934 692 2009 λαμπάδες,
725 1936 1041 1999 έσϐἐννυντο,
1076 1944 1166 1990 καὶ
1201 1940 1226 1989 6
1273 1936 1518 2009 βασιλεὺς
1561 1942 1650 1989 καὶ
1700 1943 1790 1987 τοῦ
1822 1954 1907 1986 κο-

302 2028 471 2088 λάζειν
517 2027 671 2079 πλέον
726 2025 995 2098 ἀπείχετο.
1033 2029 1233 2079 Κελεύει
1263 2034 1540 2098 τοιγαροῦν
1585 2027 1739 2077 αὐτόν
1785 2044 1910 2075 κατ-

304 2119 585 2188 ενεχθῆναι
637 2124 728 2167 τού
777 2115 952 2181 ξύλου,
1009 2116 1102 2167 οὐκ
1158 2116 1303 2168 ἐλεῶν
1358 2116 1569 2188 μᾶλλον,
1622 2114 1726 2166 ἀλλ’
1784 2116 1809 2165 6
1862 2133 1913 2164 τι

304 2205 551 2278 πράξοιτο
610 2201 875 2278 διαπορῶν
909 2209 998 2257 καὶ
1056 2212 1147 2256 τοῦ
1200 2205 1430 2267 πλείονος
1472 2210 1591 2275 τόγε
1636 2212 1761 2275 γοῦν
1812 2205 1911 2253 ὑπὸ

304 2304 388 2354 τῆς
442 2296 554 2345 ἄνω
612 2297 796 2366 χειρὸς
854 2294 1161 2366 εἰργόμενος.
1227 2292 1349 2346 Εἶτα
1400 2298 1680 2367 προσεχὼν
1744 2292 1905 2361 αὐτῷ,

304 2388 386 2443 Τίς
446 2386 475 2440 ἦ
527 2386 693 2453 τέχνη
750 2383 880 2440 αὕτη
936 2392 1026 2443 τῆς
1077 2388 1333 2454 γοητείας,
1390 2384 1544 2454 ἔλεγε,
1608 2382 1909 2447 Παντόλεον,

305 2474 331 2529 ἦ
364 2491 445 2522 σοι
489 2476 587 2523 καὶ
626 2475 718 2531 τὰς
757 2468 1037 2542 λαμπάδας
1081 2471 1260 2524 ἔσϐεσε
1304 2477 1393 2523 καὶ
1426 2476 1542 2531 τούς
1589 2468 1910 2543 δορυφόρους

306 2560 351 2610 ἐν
393 2559 583 2631 ἀτονίᾳ
628 2564 985 2629 κατίστησεν;
1018 2560 1076 2613 Ὀ
1117 2558 1211 2613 δέ·
1245 2561 1304 2612 Ἠ
1356 2560 1475 2632 ἐμὴ,
1522 2563 1637 2632 ἔφη,
1669 2564 1905 2631 γοητεία,

306 2653 523 2721 Χριστός
575 2647 737 2716 ἔστιν,
769 2649 819 2709 ὃς
862 2653 952 2701 καὶ
998 2655 1320 2721 παρίσταταί
1365 2670 1453 2711 μοι
1499 2657 1665 2701 ταῦτα
1718 2646 1915 2719 διενερ-

302 2745 418 2806 γών.
468 2738 529 2791 Εἰ
592 2734 679 2789 οὖν
735 2742 993 2809 μείζονας,
1050 2740 1075 2790 6
1131 2738 1381 2811 βασιλεὺς
1441 2735 1593 2799 εἶπεν,
1651 2737 1903 2809 ἐπάξομα’

304 2828 389 2887 τὰς
452 2825 750 2899 βασάνους,
806 2832 857 2878 τί
908 2846 1033 2879 ποτε
1095 2824 1349 2900 δράσεις;
1384 2833 1446 2880 Τί
1489 2827 1631 2892 οἷλλο,
1684 2830 1841 2898 φησὶν
1887 2827 1911 2877 6

304 2918 519 2987 μάρτυς,
581 2916 609 2973 ἦ
663 2920 752 2967 καὶ
801 2916 957 2977 αὐτὸς
999 2917 1248 2987 μειζόνων
1300 2916 1584 2969 ἀπολαύσω
1631 2924 1730 2966 τῶν
1776 2913 1913 2965 ἀντι-

302 3002 540 3074 λήψεωνε
592 3003 814 3057 Ἦκουεν
861 3007 890 3063 ἠ
955 3008 1181 3079 πονηρία
1229 3011 1318 3058 καὶ
1376 3014 1556 3079 πεῖραν
1610 3004 1906 3074 ἐπήγαγεν·

2024 1846 2212 1902 abfuit
2244 1849 2537 1919 probatio.
2572 1852 2718 1904 Nam
2752 1850 2927 1905 simul
2957 1851 3162 1906 laxatae
3194 1851 3430 1908 fuerunt
3462 1869 3679 1908 manus

2022 1936 2319 2006 lictorum,
2344 1939 2642 1995 exstinctae
2674 1955 2914 2011 quoque
2946 1945 3079 1995 sunt
3108 1941 3511 2011 lampades,et
3533 1958 3567 1997 a
3590 1958 3687 1997 ca-

2024 2025 2302 2093 stigando
2341 2026 2629 2082 abstinuit
2682 2029 3025 2099 imperator,
3066 2034 3121 2084 et
3163 2030 3340 2101 plane
3371 2030 3687 2085 dubitabat

2022 2116 2169 2188 quid
2203 2121 2421 2185 ageret.
2449 2116 2625 2172 Jubet
2654 2133 2791 2187 ergo
2823 2134 2958 2172 eum
2990 2119 3217 2173 demitti
3248 2118 3321 2173 de
3348 2118 3539 2187 ligno,
3564 2134 3684 2174 non

2021 2204 2185 2276 quod
2220 2205 2615 2269 misereretur,
2651 2205 2754 2259 sed
2789 2207 2982 2276 potius
3009 2207 3170 2278 quod
3206 2206 3383 2277 plane
3414 2208 3681 2273 nesciret,

2022 2294 2167 2365 quid
2223 2300 2436 2363 ageret.
2472 2294 2698 2349 Deinde
2738 2294 2983 2366 propius
3016 2296 3308 2351 accedens
3346 2313 3357 2351 :
3395 2298 3685 2361 Quaenam

2023 2388 2133 2447 est,
2186 2383 2393 2454 inquit,
2430 2398 2465 2438 o
2506 2383 2849 2449 Pantoleon,
2893 2400 2989 2438 ars
3039 2385 3493 2455 praestigiarum,
3551 2401 3687 2457 quia

2025 2472 2125 2528 tibi
2158 2472 2435 2527 exstinxit
2465 2472 2801 2544 lampades,
2832 2478 2886 2527 et
2913 2473 3260 2528 satellitibus
3284 2474 3436 2529 vires
3462 2474 3687 2544 etvigo-

2022 2578 2147 2617 rem
2190 2562 2429 2615 abstulit
2474 2562 2501 2616 ?
2546 2561 2641 2616 Ille
2677 2567 2899 2626 autem,
2934 2564 3083 2625 Meae,
3116 2563 3327 2633 inquit,
3375 2563 3686 2633 praestigiae

2022 2657 2112 2706 est
2144 2651 2424 2714 Christus,
2454 2649 2757 2721 quietiam
2790 2649 2954 2704 adest
2986 2649 3129 2704 mihi
3159 2651 3287 2705 haec
3319 2666 3599 2721 operans.
3630 2651 3685 2705 Si

2023 2755 2182 2809 ergo,
2227 2738 2435 2808 inquit,
2472 2739 2701 2807 majora
2730 2738 2833 2793 tibi
2866 2743 3156 2793 tormenta
3189 2737 3479 2809 inﬂigam,
3511 2739 3686 2810 quid-

2024 2846 2161 2885 nam
2204 2828 2385 2883 facies
2411 2826 2438 2881 ?
2469 2827 2620 2893 Quid
2643 2827 2824 2892 aliud,
2857 2827 3049 2898 inquit
3079 2831 3322 2898 martyr,
3355 2828 3682 2898 quamipse

2023 2934 2265 2991 quoque
2295 2918 2552 2986 majores
2583 2932 2919 2987 consequar
2946 2931 3067 2970 rem
3080 2917 3455 2971 unerationes
3473 2921 3498 2970 .9
3517 2917 3683 2972 Audi-

2028 3009 2107 3063 vit
2185 3007 2558 3078 improbitas,
2635 3011 2691 3059 et
2731 3005 2917 3059 voluit
2979 3006 3251 3076 experiri.
3288 3008 3489 3076 Neque
3521 3006 3681 3061 enim

304 3096 411 3143 οὔτε
465 3095 577 3165 γὰρ
636 3097 899 3145 πιστεύειν
956 3091 1076 3166 ᾔδει
1158 3102 1262 3154 τοῖς
1334 3094 1573 3165 ἀγαθοῖς,
1635 3096 1750 3145 οὔτε
1808 3100 1907 3143 τῶν

2026 3096 2200 3151 bonis
2233 3100 2481 3151 noverat
2518 3094 2779 3158 credere,
2814 3108 3005 3164 neque
3042 3092 3379 3149 abstinebat
3410 3110 3445 3149 a
3485 3094 3677 3149 malis.

307 3178 641 3250 βλαπτόντων
697 3180 963 3254 ἀπείχετο.
1018 3182 1273 3236 Ἐκέλευεν
1339 3180 1425 3235 οὖν
1490 3182 1682 3240 λέϐητα
1754 3178 1909 3238 σιδη-

300 3277 433 3339 ροῦν,
582 3267 831 3341 μόλιϐδος
880 3274 1015 3335 ἐνῆν,
1068 3275 1435 3346 παραχθῆναι,
1484 3277 1611 3346 πυρί
1655 3290 1709 3323 τε
1755 3270 1906 3321 αὐτὸν

300 3360 520 3411 κάτωθεν
575 3361 923 3413 ύποκαίεσθαι
966 3367 1055 3413 καὶ
1098 3364 1263 3432 τούτῳ
1311 3364 1398 3412 τὸν
1441 3361 1668 3419 ἀθλητὴν
1717 3358 1906 3431 ἐμϐλη-

307 3447 471 3502 θῆναι.
536 3448 681 3501 Ἐπεὶ
733 3446 791 3501 δὲ
848 3447 1055 3522 σπουδῇ
1118 3454 1176 3502 τό
1229 3450 1497 3502 κελευσθὲν
1553 3451 1752 3516 ἠνύετο,
1812 3448 1908 3500 ἁπ-

307 3540 553 3608 αγόμενος
599 3541 733 3611 πρὸς
776 3543 870 3596 τὴν
913 3544 1169 3612 τιμωρίαν
1202 3542 1227 3591 6
1280 3542 1500 3613 μάρτυς,
1544 3544 1638 3597 τὴν
1691 3558 1910 3612 προσευ-

303 3628 396 3692 χὴν
438 3626 599 3677 πάλιν
650 3629 719 3687 ὦς
769 3646 819 3679 τι
866 3627 1178 3702 σϐεστήριον
1226 3633 1315 3680 xui
1358 3628 1686 3701 παράκλησιν
1730 3630 1910 3687 ἱκανῶς

306 3714 519 3785 αναχύψ
546 3734 619 3766 ειν
674 3716 831 3768 αὐτόν
895 3714 1205 3789 δυναμένην,
1267 3717 1516 3789 λαμϐάνει
1582 3725 1655 3787 τῷ
1712 3721 1911 3788 στόματ’

305 3806 384 3853 καὶ
436 3807 643 3860 ταύτην
695 3812 787 3855 τοῦ
847 3801 1015 3857 δεινὸν
1075 3805 1405 3866 ἀπειλοῦντος
1479 3805 1667 3858 ἐκείνου
1716 3801 1913 3876 κατῇδε

306 3889 535 3954 λέϐητος
607 3892 953 3965 Εἰσάκουσον,
1015 3896 1040 3946 6
1100 3900 1249 3960 Θεὸς,
1312 3890 1481 3968 φωνῆς
1558 3916 1678 3967 μου,
1735 3894 1915 3965 λέγωνε

304 3977 346 4029 ἐν
416 3991 484 4051 τῷ
567 3978 779 4034 δέεσθαί
846 4002 910 4053 με
983 3987 1106 4059 πρὸς
1182 3988 1256 4051 σε,
1314 3982 1414 4036 ἀπὸ
1484 3985 1642 4057 φόϐου
1695 3983 1910 4056 ἐχθροῦ,

310 4067 469 4129 ἐξελοῦ
542 4078 645 4121 τῶν
724 4072 905 4143 ψυχήν
984 4094 1105 4145 μου.
1168 4079 1428 4127 Σκέπασόν
1510 4095 1571 4146 με
1609 4074 1746 4126 ’ἀπὸ
1824 4094 1913 4125 συ-

314 4168 539 4231 στροφῆς
638 4167 1076 4233 πονηρευομένων,
1173 4162 1273 4215 ἀπὸ
1379 4163 1609 4225 πλήθους
1703 4164 1913 4235 ἐργαζο-

314 4250 464 4314 μένων
533 4244 772 4302 ἀδικίαν.
837 4252 1010 4311 Οὕτως
1083 4251 1297 4317 ηὔξατο,
1343 4257 1433 4304 καὶ
1485 4249 1637 4314 αὖθις
1682 4252 1729 4304 ἐν
1784 4248 1912 4304 εἴδει

310 4344 393 4386 τοῦ
444 4340 588 4412 ἱερου
639 4342 879 4411 γέροντος
926 4339 1211 4414 Ἐρμολάου
1270 4343 1296 4392 6
1354 4347 1580 4416 Χριστὸς
1629 4343 1765 4414 αύτῷ
1818 4363 1908 4395 κα-

2017 3185 2192 3239 Jussit
2243 3200 2384 3253 ergo
2438 3183 2632 3239 afferri
2698 3182 2952 3238 lebetem
3011 3181 3292 3248 ferreum,
3345 3183 3437 3237 cui
3494 3183 3684 3241 inerat

2019 3274 2361 3345 plumbum,
2412 3274 2729 3345 ipsumque
2760 3272 2896 3341 igne
2930 3271 3154 3325 inferne
3188 3271 3489 3339 succendi,
3529 3278 3583 3326 et
3622 3273 3683 3327 in

2017 3380 2153 3418 eum
2208 3363 2491 3418 athletam
2544 3362 2720 3433 injici.
2769 3362 3085 3432 Postquam
3141 3366 3339 3415 autem
3372 3360 3683 3429 diligenter

2015 3447 2239 3507 factum
2298 3456 2403 3519 est,
2453 3450 2616 3521 quod
2671 3450 2907 3520 jussum
2949 3448 3154 3513 fuerat,
3191 3465 3327 3504 cum
3368 3450 3683 3505 duceretur

2019 3544 2239 3610 martyr
2269 3540 2337 3594 ad
2385 3538 2764 3609 supplicium,
2796 3553 2999 3592 rursus
3030 3537 3361 3592 orationem
3397 3543 3678 3608 tanquam

2019 3630 2095 3686 ad
2118 3627 2618 3697 exstinguendum
2642 3630 3073 3695 comparatam,
3098 3630 3157 3679 et
3183 3626 3677 3698 consolationem,

2020 3734 2155 3790 quae
2206 3717 2347 3771 satis
2389 3715 2579 3785 possit
2626 3730 2764 3768 eum
2804 3712 3165 3781 refrigerare,
3205 3714 3386 3768 sumit
3440 3714 3497 3767 in
3556 3730 3680 3779 ore,

2022 3812 2075 3862 et
2128 3822 2259 3862 eam
2310 3806 2367 3860 in
2417 3802 2658 3859 terribili
2713 3802 2814 3858 illo
2866 3802 3078 3857 cecinit
3128 3800 3357 3856 lebete:
3411 3802 3677 3874 Exaudi,

2025 3899 2198 3959 Deus,
2232 3910 2421 3951 vocem
2450 3908 2652 3957 meam,
2686 3890 2910 3955 dicens,
2944 3890 3082 3945 dum
3113 3906 3215 3945 oro
3243 3890 3322 3945 ad
3352 3898 3403 3946 te
3432 3907 3443 3943 :
3471 3890 3681 3948 timore

2024 3984 2249 4039 inimici
2280 3983 2463 4038 libera
2497 3980 2758 4035 animam
2796 3994 3005 4034 meam.
3043 3979 3295 4046 Protege
3343 3993 3433 4032 me
3463 3994 3498 4033 a
3542 3994 3680 4033 con-

2025 4082 2194 4130 ventu
2216 4072 2699 4142 malignantium,
2722 4086 2756 4126 a
2780 4067 3162 4124 multitudine
3183 4068 3554 4135 operantium
3571 4068 3681 4122 ini-

2021 4164 2351 4235 quitatem“.
2397 4160 2487 4216 Sic
2527 4160 2737 4223 oravit,
2789 4162 2844 4212 et
2891 4171 3099 4210 rursus
3146 4154 3207 4209 in
3256 4154 3450 4210 forma
3492 4155 3677 4211 sancti

2021 4252 2180 4307 senis
2228 4248 2519 4307 Hermolai
2562 4247 2822 4304 Christus
2880 4243 2957 4299 ab
2996 4259 3066 4298 eo
3120 4243 3284 4298 visus
3310 4248 3397 4299 est
3426 4248 3480 4299 et
3521 4243 3681 4299 lebe-

2021 4347 2136 4397 tem
2182 4356 2303 4395 una
2353 4354 2486 4393 cum
2527 4352 2596 4391 eo
2627 4339 2715 4391 est
2757 4333 3082 4401 ingressus,
3126 4337 3180 4387 et
3219 4332 3375 4400 ignis
3408 4333 3678 4403 protinus

313 4425 526 4497 θωρᾶτο,
563 4435 635 4497 τῷ
663 4428 842 4485 λέϐητί
890 4448 943 4481 τε
979 4434 1072 4481 σὺν
1118 4430 1259 4501 αύτῷ
1304 4429 1553 4502 ἕγκατέδυ
1598 4438 1774 4485 καὶτὸ
1807 4441 1905 4504 πῦρ

2026 4436 2105 4485 est
2126 4428 2468 4491 exstinctus,
2503 4429 2559 4480 et
2584 4423 2900 4495 plumbum
2934 4421 2989 4475 in
3024 4421 3358 4477 naturalem
3381 4426 3677 4477 mutatum

310 4511 481 4575 εὐθέως
516 4514 884 4585 ἀπεσϐέννυτο,
915 4524 1004 4570 καὶ
1052 4521 1077 4569 6
1125 4517 1375 4590 μόλιϐδος
1428 4521 1496 4583 εἰς
1545 4526 1638 4579 τὴν
1683 4527 1907 4594 φυσικὴν

311 4599 627 4676 ψυχρότητα
687 4605 1036 4677 μετεϐάλλετο.
1090 4614 1188 4661 Καὶ
1235 4610 1389 4662 πάλιν
1442 4611 1575 4682 εὐχὴ
1630 4612 1768 4682 αύτῷ
1820 4617 1909 4663 καὶ

310 4688 503 4764 ψαλμός
556 4698 690 4747 κατὰ
746 4699 928 4767 καιρόν
984 4694 1181 4770 fidei-6'
1244 4699 1375 4770 Ἐγὼ
1449 4704 1579 4772 πρὸς
1636 4704 1720 4752 τόν
1782 4705 1909 4755 Θεὸν

314 4776 574 4855 ἐκέκραξα,
629 4789 721 4836 καὶ
800 4786 825 4836 6
908 4789 1097 4859 Κύριος
1178 4788 1482 4847 εἰσήκουσέν
1548 4809 1670 4861 μου.
1728 4790 1912 4844 Ἑσπέ-

314 4886 395 4939 pug
462 4878 558 4924 xui
634 4877 770 4948 πρωί
850 4880 940 4927 καὶ
1020 4883 1344 4949 μεσημερίας
1418 4876 1751 4951 διηγήσομαι
1820 4886 1910 4933 καὶ

318 4956 600 5034 ἀπαγγελῶ,
636 4969 725 5015 καὶ
756 4963 1126 5018 εἰσακούσεται
1157 4976 1253 5029 τῆς
1280 4976 1446 5040 φωνῆς
1474 4989 1597 5040 μου.

381 5051 478 5105 ΙΗ’.
543 5052 655 5105 Τῶν
724 5056 812 5124 μὲν
896 5060 1163 5127 παρόντων
1238 5062 1356 5117 τοὺς
1425 5057 1610 5119 ἄλλους
1679 5060 1910 5120 ἅπαντας

322 5138 552 5202 ἔκπληξις
606 5137 755 5212 εἶχε·
790 5147 943 5214 μόνος
997 5140 1056 5197 δὲ
1103 5147 1129 5196 6
1179 5144 1426 5217 βασιλεὺς
1475 5149 1575 5199 ὑπὸ
1620 5155 1710 5208 τῆς
1752 5147 1910 5209 αὐτῆς

319 5224 497 5288 πλάνης
549 5230 784 5303 ἰσχυρῶς
833 5235 1022 5303 εἴχετο,
1067 5238 1155 5285 xui
1202 5242 1357 5287 τοῦτο
1407 5232 1468 5293 ἧν
1523 5233 1617 5288 διὰ
1649 5245 1909 5309 μεριμνῶν

322 5320 434 5387 ποίᾳ
462 5318 673 5371 κολάσει
719 5325 806 5373 τόν
844 5330 936 5373 τοῦ
982 5330 1220 5394 Χριστοῦ
1262 5327 1504 5397 μάρτυρα
1553 5331 1910 5398 τιμωρήσαιτ,

321 5408 402 5455 καὶ
454 5407 483 5464 ἡ
560 5410 879 5478 μεταθέσθαι
957 5418 1053 5473 τῆς
1096 5411 1372 5483 εὐσεϐείας
1428 5420 1596 5467 πείσει
1645 5416 1672 5474 ἦ
1743 5426 1918 5471 κακῶο

389 5579 407 5616 ⁵
449 5580 597 5636 Psal.
646 5598 791 5640 [χιιι.
823 5587 877 5649 2,
920 5587 975 5641 3.
1051 5587 1072 5623 ο
1111 5587 1262 5644 Psal.
1298 5604 1406 5656 Liv,
1440 5589 1529 5660 17,
1560 5589 1627 5647 18

2018 4524 2108 4573 est
2148 4515 2548 4586 frigiditatem.
2591 4514 2653 4565 Et
2692 4527 2894 4565 rursus
2926 4511 3137 4575 oratio,
3179 4515 3234 4565 et
3274 4509 3534 4580 psalmus
3576 4526 3678 4582 op-

2019 4610 2272 4678 portune
2294 4603 2371 4657 ab
2402 4617 2471 4656 eo
2504 4600 2831 4655 cauebatur
2861 4618 2872 4657 :
2907 4599 3035 4669 Ego
3066 4599 3147 4653 ad
3184 4601 3367 4654 Deum
3395 4600 3677 4655 clamavi-

2019 4701 2072 4751 et
2105 4692 2369 4749 Dominus
2387 4689 2685 4747 exaudivit
2723 4704 2831 4744 me.
2878 4688 3122 4752 Vespere
3151 4695 3204 4743 et
3238 4702 3411 4743 mane
3439 4688 3677 4743 etmeri-

2020 4785 2114 4840 die
2138 4779 2402 4838 narrabo
2434 4786 2487 4836 et
2519 4776 2912 4842 annuntiabo,
2937 4781 2991 4832 et
3016 4776 3287 4832 exaudiet
3309 4777 3677 4845 deprecatio-

2022 4887 2154 4928 nem
2186 4884 2374 4926 meam
2403 4870 2447 4923 ⁸.

2096 5057 2277 5111 XVIII.
2322 5058 2547 5124 Ataque
2579 5067 2648 5106 ex
2679 5051 2747 5105 iis
2786 5048 3050 5121 quidem,
3084 5047 3183 5119 qui
3216 5047 3483 5113 aderant,
3517 5047 3671 5104 alios

2023 5160 2234 5203 omnes
2271 5142 2423 5214 cepit
2460 5140 2781 5196 admiratio
2834 5136 3039 5193 :solus
3094 5140 3292 5193 autem
3351 5137 3674 5209 imperator

2025 5234 2218 5291 valide
2250 5233 2308 5288 in
2327 5247 2439 5287 suo
2466 5230 2633 5285 haesit
2663 5242 2853 5283 errore
2882 5243 2894 5280 :
2926 5226 3029 5299 qui
3061 5225 3224 5298 apud
3257 5240 3320 5281 se
3346 5226 3671 5298 cogitabat,

2025 5339 2292 5397 quonam
2354 5318 2641 5392 supplicio
2701 5315 2905 5372 Christi
2956 5314 3188 5387 puniret
3240 5320 3584 5387 martyrem,
3619 5321 3674 5375 et

2034 5418 2137 5470 aut
2160 5427 2297 5467 eum
2327 5427 2363 5468 a
2393 5408 2607 5482 pietate
2638 5404 2991 5473 traduceret,
3013 5408 3117 5460 aut
3144 5404 3300 5461 male
3334 5404 3447 5461 vita
3472 5405 3670 5479 priva-
