4034 6206
444 296 546 349 467

1866 282 2121 341 MENSIS
2161 281 2426 341 JULIUS.

3724 285 3821 339 468

445 423 551 477 ret.
598 418 744 473 Cum
798 418 998 473 autem
1052 413 1448 481 consulerent,
1480 414 1586 485 qui
1632 412 1898 477 aderant,
1935 413 2001 467 ut
2038 409 2099 465 in

2225 416 2299 461 τοῦ
2355 414 2448 483 ζῇν
2497 410 2796 475 ἀπαλλάξει.
2858 408 3000 465 Ἐπεὶ
3054 407 3115 463 δὲ
3173 408 3551 463 συνεϐούλευον
3601 409 3650 462 οἱ
3702 429 3825 483 παρ-

444 507 809 583 profundum
865 505 1046 560 maris
1074 506 1369 574 jaceretur
1411 508 1652 559 sanctus
1707 504 1874 571 (nam
1917 500 2098 556 etiam

446 603 581 673 post
637 597 946 651 decessum
1002 594 1345 648 Christianis
1410 594 1539 663 ejus
1583 592 1920 647 invidebant
1974 589 2098 644 reli~

446 688 669 761 quias),
697 684 946 740 audiens
996 684 1313 753 imperator
1342 687 1428 737 est
1459 698 1800 754 persuasus,
1853 686 1908 734 et
1934 679 2104 750 jubet

449 774 874 849 gravissimum
908 772 1167 844 lapidem
1202 773 1329 842 ejus
1372 772 1523 827 collo
1555 771 1806 839 alligari,
1843 774 1896 824 et
1927 769 2007 822 sic
2044 769 2101 821 in

452 881 616 922 mare
636 862 895 919 immitti.
927 864 1091 916 Curae
1120 867 1319 916 autem
1346 861 1451 915 fuit
1471 860 1771 924 ministris,
1806 858 1998 913 utcito
2021 857 2100 919 id,

453 955 617 1028 quod
666 955 748 1009 eis
778 953 1139 1022 imperatum
1175 951 1381 1016 fuerat,
1430 954 1895 1022 exsequerentur
1930 969 1941 1012 ;
1986 948 2104 1001 Deo

453 1060 616 1109 vero,
668 1048 732 1097 ut
761 1057 1008 1095 manum
1055 1039 1337 1111 praeberet
1376 1039 1727 1109 adjutricem
1764 1038 1814 1092 ei
1845 1036 1947 1109 qui
1973 1051 2106 1108 pro-

456 1132 791 1204 pteripsum
821 1129 1177 1201 patiebatur.
1206 1128 1375 1193 Quod
1405 1127 1649 1200 quidem
1674 1132 1851 1182 etiam
1887 1126 2105 1181 factum

455 1221 656 1277 videre
679 1218 857 1274 licuit.
892 1221 1036 1274 Nam
1066 1216 1147 1271 illi
1186 1216 1429 1288 quidem
1457 1232 1593 1271 cum
1622 1216 1697 1270 ad
1727 1231 1889 1270 mare
1916 1213 2107 1269 venis-

459 1314 609 1373 sent,
643 1313 699 1364 et
736 1308 864 1379 ejus
914 1306 1064 1362 collo
1090 1304 1354 1378 lapidem
1388 1304 1747 1374 alligassent,
1778 1304 1837 1359 in
1870 1303 2109 1376 profun-

458 1400 604 1453 dum
644 1396 1072 1453 transmittunt.
1116 1394 1378 1450 Christus
1417 1399 1615 1450 autem
1656 1409 1793 1448 cum
1824 1394 1883 1447 in
1914 1393 2108 1464 priore

458 1486 753 1543 Hermolai
806 1485 999 1541 forma
1058 1500 1265 1539 rursus
1323 1483 1721 1555 apparuisset,
1777 1481 1987 1545 effecit,
2045 1485 2109 1555 ut

458 1576 610 1648 lapis
662 1575 918 1646 quidem,
961 1590 1082 1629 non
1137 1589 1302 1628 secus
1359 1576 1535 1644 atque
1596 1572 1804 1627 folium
1859 1571 2108 1635 arboris,

460 1666 610 1721 mari
664 1667 1075 1737 superuataret
1108 1681 1122 1717 :
1177 1662 1345 1717 illum
1385 1678 1547 1725 vero,
1589 1676 1703 1716 non
1736 1676 1906 1716 secus
1937 1665 2112 1731 atque

2209 504 2367 565 ὀντες,
2403 499 2550 573 βυθῷ
2603 501 2870 561 θαλάσσης
2914 497 3283 575 παραδοθῆναι
3325 503 3415 551 τὸν
3460 500 3613 569 ἅγιον
3658 499 3824 570 (ἑφθό-

2209 610 2325 641 νουν
2379 594 2479 665 γὰρ
2533 597 2621 643 καὶ
2667 594 2798 663 μετά
2846 590 2982 651 τέλος
3032 599 3129 642 τῶν
3178 591 3337 641 αὐτοῦ
3392 588 3653 660 λειψάνων
3702 595 3822 663 Χρι-

2214 679 2485 745 στιανοῖς),
2544 679 2742 732 ἀκούων
2802 681 2827 731 ὁ
2880 678 3127 751 βασιλεὺς
3185 679 3456 731 ἐπείθετο·
3494 683 3586 730 καὶ
3639 678 3820 730 κελεύει

2210 766 2350 817 λίθον
2394 769 2473 819 ότι
2527 767 2820 841 βαρύτατον
2870 775 2959 821 τοῦ
2999 768 3272 841 τραχήλου
3329 768 3499 819 αὐτοῦ
3549 763 3821 825 ἐκδεθῆναι

2212 862 2301 908 καὶ
2344 859 2507 919 οὕτως
2558 867 2629 928 τῷ
2679 859 2891 929 πελάγει
2948 858 3271 930 ἐναφεθῆναι,
3314 858 3533 930 Ἐμελεν
3585 855 3672 910 οὖν
3720 867 3821 918 τοῖς

2214 947 2533 1020 ὑπηρετοῦσι
2586 952 2676 1019 μὲν
2725 951 2914 1020 τάχιον
2968 948 3302 1021 ἐκπληρῶσαι
3348 952 3409 999 τὸ
3463 950 3818 1020 προσταχθὲν,

2213 1041 2285 1103 τῷ
2337 1032 2395 1087 δὲ
2443 1044 2556 1107 Θεῷ
2605 1036 2875 1108 βοηθῆσαι
2917 1046 2987 1107 τῷ
3034 1036 3107 1090 δι’
3157 1038 3312 1090 αὐτόν
3359 1040 3659 1109 πάσχοντι,
3707 1040 3820 1110 ὅπερ

2217 1120 2285 1181 δὴ
2338 1129 2428 1177 καὶ
2478 1132 2745 1198 γενόμενον
2798 1124 2858 1185 ἦν
2910 1128 3053 1199 όρᾷν.
3102 1128 3169 1179 Οἱ
3218 1130 3307 1198 μεν
3354 1130 3462 1199 γὰρ
3512 1131 3823 1199 προσωτέρω

2219 1212 2488 1275 θαλάσσης
2546 1213 2793 1279 ἐλθόντες,
2854 1216 3008 1268 αὐτὸν
3094 1214 3300 1288 ἀφιᾶσι,
3358 1219 3447 1267 τὸν
3518 1214 3662 1268 λίθον
3718 1214 3822 1278 ἐξά-

2215 1301 2403 1372 ψαντες
2452 1311 2543 1355 τοῦ
2594 1304 2888 1377 τραχήλου.
2944 1304 3004 1357 Ὁ
3060 1302 3118 1357 δὲ
3179 1307 3412 1377 Χριστὸς
3464 1312 3527 1376 τῇ
3606 1307 3824 1377 προτέρᾳ

2218 1399 2387 1464 μορφῇ
2448 1392 2600 1444 πάλιν
2669 1393 2949 1465 Ἐρμολάου
3030 1393 3308 1465 ἐπιφανεὶς,
3367 1396 3458 1446 τὸν
3531 1396 3622 1465 μὲν
3692 1393 3821 1445 λίθον

2221 1481 2311 1531 ἶσα
2357 1477 2425 1539 δὴ
2472 1486 2561 1535 καὶ
2605 1482 2773 1554 φύλλῳ
2820 1491 2883 1554 τῇ
2937 1482 3174 1555 θαλάσση
3225 1481 3458 1535 ἐπιπλεῖν
3508 1485 3822 1556 παρεσκεύα-

2224 1588 2327 1635 σεν,
2388 1568 2574 1622 ἐκεῖνον
2631 1567 2690 1623 δε
2757 1580 3114 1645 χειραγωγῶν,
3174 1573 3259 1624 οἷα
3327 1577 3421 1624 καὶ
3494 1576 3686 1645 Πέτρον
3741 1574 3820 1623 τὸν

2222 1663 2381 1730 μέγαν
2461 1664 2707 1734 πρότερον
2778 1662 3008 1722 πεζεύειν
3092 1660 3251 1714 ἐποίει
3324 1664 3463 1713 κατὰ
3541 1663 3816 1732 κυμάτων’

460 1770 752 1824 magnum
823 1755 988 1825 prius
1054 1756 1307 1819 Petrum,
1364 1768 1549 1807 manu
1602 1750 1926 1815 deducens,
1983 1749 2115 1804 fecit

2225 1748 2380 1809 αὐτὸς
2425 1751 2527 1822 ’γὰρ
2583 1751 2607 1801 ό
2655 1750 2997 1823 λυτρούμενος
3043 1770 3096 1802 τε
3149 1756 3240 1803 καὶ
3300 1753 3489 1814 σώζων
3542 1750 3697 1810 αὐτὸς
3743 1748 3817 1816 ἦν,

461 1844 711 1915 pedibus
753 1843 1066 1899 ambulare
1120 1856 1297 1912 super
1334 1840 1570 1896 ﬂuctus.
1612 1840 1741 1911 Ipse
1777 1839 1957 1902 enim,
2012 1837 2115 1909 qui

459 1931 1161 1996 redimebatetservabat,
1190 1931 1315 2001 ipse
1342 1935 1487 1998 erat,
1515 1930 1688 1998 cujus
1719 1929 1777 1983 in
1803 1929 1953 1983 mari
1981 1927 2110 1992 viae,

462 2028 514 2078 et
551 2022 610 2077 in
644 2022 843 2077 multis
900 2021 1073 2093 aquis
1105 2019 1331 2074 semitae
1389 2023 1445 2074 et
1481 2018 1748 2087 vestigia,
1788 2022 1851 2072 ut
1879 2016 2115 2071 divinus

460 2112 537 2166 ait
568 2110 752 2165 David
801 2112 841 2175 τ,
880 2125 997 2163 non
1028 2112 1167 2163 sunt
1196 2107 1454 2177 cognita.
1490 2105 1937 2177 lngrediebatur
1974 2121 2115 2176 ergo

463 2198 788 2254 Pantoleon
840 2197 935 2252 ille
967 2196 1347 2263 admirabilis,
1382 2195 1575 2266 etjam
1627 2194 1845 2251 eratin
1902 2194 2113 2260 littore,

462 2288 705 2343 laudem
755 2291 1078 2341 contexens
1109 2285 1162 2341 ei
1194 2285 1296 2356 qui
1331 2289 1685 2354 servaverat,
1737 2284 1982 2353 dignam
2014 2283 2115 2354 pia.

461 2376 617 2431 illius
649 2375 869 2442 anima,
912 2378 967 2431 et
1006 2373 1187 2429 rebus
1235 2371 1713 2430 admirabilihus.
1757 2374 1943 2438 Quem
1976 2387 2114 2428 cum

463 2465 546 2521 sic
570 2464 816 2521 vidisset
846 2464 1079 2520 salvum
1125 2466 1338 2535 praeter
1369 2478 1539 2535 spem
1568 2462 1894 2534 imperator
1923 2479 1935 2516 :
1966 2461 2113 2527 Quid

460 2555 576 2612 hoc
606 2557 715 2621 est,
765 2552 977 2626 inquit,
1023 2551 1369 2615 Pantoleon,
1402 2567 1566 2607 mare
1596 2566 1838 2624 quoque
1878 2550 1992 2606 tuis
2022 2567 2114 2607 su-

460 2642 1009 2718 perastiprazstigiis
1035 2642 1171 2699 ?Ille
1203 2645 1403 2698 autem
1435 2660 1447 2695 :
1480 2641 1663 2698 Etiam
1688 2657 1873 2705 mare,
1897 2640 2111 2712 inquit,

460 2734 619 2804 fecit,
660 2733 821 2806 quod
859 2734 1095 2805 jussum
1129 2736 1216 2788 est
1244 2748 1280 2788 a
1310 2731 1585 2788 Domino.
1617 2731 1679 2786 Ei
1710 2731 1929 2787 etenim
1959 2731 2115 2788 cedit

461 2839 627 2881 mare
649 2825 706 2878 et
735 2827 907 2887 terra,
929 2825 985 2879 et
1000 2836 1377 2895 quaecunque
1393 2824 1549 2890 sunt,
1570 2820 1622 2875 ei
1652 2820 1846 2890 magis
1872 2820 2109 2886 cedunt,

460 2928 646 2985 quam
699 2912 799 2969 tibi
851 2911 1215 2984 imperatori,
1250 2911 1355 2983 qui
1403 2925 1564 2966 nunc
1604 2909 1682 2966 ad
1735 2914 1969 2981 tempus
2000 2925 2115 2965 ser-

458 3001 647 3058 viunt.

536 3092 661 3144 XIX.
696 3088 784 3143 Ad
814 3088 944 3143 haec
982 3091 1299 3159 tyrannus,
1344 3087 1546 3143 volens
1574 3087 1771 3158 potius
1802 3086 1957 3143 male
1987 3101 2116 3156 per-
2145 3112 2185 3170 ρ

465 3178 741 3241 suadere,
802 3192 989 3248 quam
1047 3177 1201 3232 bene
1263 3176 1608 3248 persuaderi
1665 3181 1722 3232 et
1761 3175 2113 3246 salutariter,

460 3266 626 3337 jubet
685 3280 863 3322 omne
904 3281 1092 3335 genus
1122 3264 1279 3320 feras
1312 3264 1555 3336 produci
1586 3266 1873 3321 adversus
1924 3265 2115 3319 virum

465 3354 792 3425 egregium.
809 3356 951 3421 Quae
978 3370 1113 3409 cum
1134 3354 1404 3411 adductae
1430 3360 1647 3421 essent,
1668 3358 1724 3410 et
1740 3354 1908 3409 illum
1930 3368 2116 3425 prope

466 3446 779 3509 statuisset,
809 3445 1024 3517 partim
1053 3444 1295 3517 quidem
1317 3444 1364 3500 ei
1398 3448 1626 3501 metum
1652 3446 1963 3511 incutiens,
1985 3461 2117 3518 par-

464 3533 570 3589 tim
603 3537 803 3589 autem
844 3532 1077 3604 ﬁngens
1123 3549 1183 3588 se
1214 3533 1439 3589 moveri
1479 3533 1911 3601 misericordia,
1954 3539 2010 3590 et
2056 3534 2115 3589 in

466 3638 709 3679 omnem
743 3638 804 3678 se
846 3626 1079 3694 partem
1118 3638 1388 3688 versans,
1430 3627 1494 3679 ut
1523 3624 1946 3695 persuaderet:
1998 3626 2114 3688 Hea,

466 3712 677 3785 inquit,
720 3728 755 3768 ο
784 3711 1111 3767 Pantoleon
1143 3712 1218 3783 (ei
1260 3711 1415 3768 feras
1457 3713 1819 3785 ostendens),
1848 3713 2115 3769 adductae

466 3805 604 3857 sunt
638 3806 879 3874 propter
930 3805 984 3857 te
1041 3806 1099 3856 et
1146 3806 1314 3857 tuum
1366 3801 1684 3858 interitum.
1743 3802 1799 3859 Si
1853 3802 1927 3858 tui
1976 3818 2118 3873 ergo

465 3890 588 3946 ulla
616 3890 871 3946 moveris
925 3890 1325 3946 misericordia
1386 3891 1519 3963 (ego
1568 3892 1725 3947 enim
1774 3897 1887 3947 tua;
1917 3907 2119 3946 curam

468 3996 609 4049 gero
660 3979 863 4035 forma:
910 3984 967 4035 et
996 3978 1228 4051 astatis),
1263 3979 1402 4035 velis
1445 3980 1815 4051 persuaderi,
1850 3986 1906 4036 et
1939 3980 2121 4035 videri

468 4086 597 4126 esse
662 4069 925 4140 prudens
965 4075 1021 4125 et
1074 4070 1376 4134 cordatus,
1420 4074 1477 4125 ut
1530 4086 1628 4140 qui
1684 4072 1880 4140 possis
1939 4073 2119 4126 vitam

468 4159 646 4215 morti
715 4158 1011 4230 praeferre,
1064 4158 1327 4213 laetitiam
1399 4157 1726 4224 doloribus,
1776 4159 2122 4228 ignominiae

426 4270 429 4273 λ
469 4248 723 4318 gloriam
777 4252 835 4303 et
872 4247 1135 4303 delicias.
1185 4246 1285 4301 Cui
1338 4251 1574 4302 sanctus
1629 4264 1642 4302 :
1694 4248 1749 4303 Si
1798 4253 2122 4320 antequam

470 4352 666 4393 essem
693 4341 969 4407 expertus
1021 4336 1142 4402 Dei,
1185 4351 1371 4408 quam
1413 4337 1524 4391 mei
1561 4337 1805 4409 suscipit
1834 4337 2124 4393 defensio-

2224 1837 2283 1890 οὗ
2314 1837 2361 1888 ἐν
2391 1846 2452 1909 τῇ
2489 1839 2727 1912 θαλάσσῃ
2775 1844 2867 1891 καὶ
2917 1837 3034 1892 ὁδοὶ
3062 1845 3152 1892 καὶ
3200 1839 3249 1891 ἐν
3293 1839 3507 1901 πολλοῖς
3539 1835 3730 1891 ύδασιν
3771 1840 3823 1890 αἱ

2225 1925 2394 1999 τρίϐοι
2424 1932 2513 1979 καὶ
2555 1930 2621 1980 τά
2666 1930 2812 1999 ἴχνη⁹
2847 1931 2982 1981 κατά
3011 1933 3096 1981 τὸν
3132 1931 3261 1982 θεῖον
3307 1925 3501 1995 Δαυῐδ,
3539 1928 3633 1981 ούκ
3677 1927 3821 1998 ἐγνώ-

2228 2018 2451 2081 σθησαν,
2506 2012 2694 2069 ’Ὡδευε
2746 2024 3023 2091 τοιγαροῦν
3076 2018 3371 2071 Παντολέων
3441 2020 3467 2070 ὁ
3531 2020 3823 2089 θαυμαστός

2222 2110 2308 2157 καὶ
2360 2102 2466 2163 ἤδη
2523 2105 2608 2159 ἐπὶ
2661 2109 2750 2159 τὸν
2804 2108 3039 2178 αἰγιαλὸν
3093 2112 3193 2179 ᾔει,
3245 2104 3392 2159 αἶνον
3446 2116 3521 2179 τῷ
3582 2110 3822 2159 σεσωκότι

2220 2194 2437 2259 πλέκων,
2496 2194 2655 2247 αὐτοῦ
2725 2215 2779 2248 τε
2851 2205 2942 2258 τῆς
3022 2197 3257 2264 φιλοθέου
3322 2197 3517 2269 ψυχῆς
3587 2200 3675 2249 καὶ
3731 2204 3820 2246 τῶν

2222 2282 2413 2335 ἐκείνου
2481 2284 2787 2355 θαυμασίων
2860 2284 3089 2348 ἐπάξιον.
3148 2284 3241 2338 ⁸ον
3312 2287 3633 2358 θεασάμενος
3699 2283 3820 2336 οὕτω

2221 2372 2344 2447 παρ’
2398 2368 2587 2425 ἐλπίδα
2641 2376 2871 2426 σωθέντα
2928 2376 2953 2425 ὁ
3004 2373 3271 2447 βασιλεύς·
3324 2380 3392 2429 Τί
3449 2382 3625 2441 τοῦτο,
3672 2373 3817 2445 ἔλεγε,

2224 2461 2542 2528 Παντόλεον;
2600 2467 2690 2514 καὶ
2737 2470 2832 2525 τῆς
2884 2464 3144 2526 θαλάττης
3198 2472 3314 2526 ταῖς
3354 2468 3625 2537 γοητείαις
3678 2481 3818 2516 κατε-

2220 2552 2525 2626 κράτησας;
2570 2551 2628 2603 Ὁ
2674 2548 2768 2605 δέ·
2824 2558 2923 2606 Καὶ
2973 2555 3003 2611 ἡ
3059 2554 3320 2623 θάλασσα,
3371 2558 3488 2627 ἔφη,
3548 2557 3602 2606 τό
3654 2551 3814 2605 κελευ-

2225 2642 2341 2694 σθὲν
2398 2642 2497 2693 ύπό
2556 2648 2645 2693 τοῦ
2717 2638 3067 2705 δεσπόζοντος
3120 2647 3279 2705 αὐτῆς
3331 2648 3632 2720 εἴργασται.
3684 2643 3813 2696 Εῖκει

2220 2732 2321 2803 γὰρ
2374 2729 2515 2801 αὐτῷ
2572 2729 2812 2784 θάλασσά
2863 2751 2918 2785 τε
2968 2736 3058 2785 καὶ
3104 2742 3171 2805 γῆ
3229 2739 3319 2786 καὶ
3375 2734 3549 2786 πάντα
3590 2733 3653 2784 τὰ
3702 2734 3812 2782 ὄντα

2220 2820 2409 2893 μᾶλλον
2453 2822 2699 2890 εἴκουσιν,
2749 2822 2778 2880 ἢ
2833 2826 2938 2888 σοὶ,
2974 2822 3208 2889 Βασιλεῦ,
3258 2825 3303 2875 οἱ
3355 2830 3445 2876 νῦν
3494 2824 3811 2896 προσκαίρως

2223 2908 2612 2982 ὑπηρετοῦντες.

2296 3087 2405 3142 ΙΘ’.
2449 3090 2588 3162 Πρὸς
2633 3095 2799 3141 ταῦτα
2850 3090 2875 3141 ό
2927 3091 3199 3163 τύραννος,
3260 3096 3447 3143 πεῖσαι
3503 3088 3687 3162 μᾶλλον
3730 3105 3810 3137 και

2225 3184 2328 3238 κῶς
2379 3177 2407 3234 ἢ
2466 3179 2745 3235 πεισθῆναι
2816 3177 2984 3241 καλῶς
3039 3198 3090 3231 τε
3158 3184 3248 3231 καὶ
3308 3184 3585 3253 σωτηρίως
3639 3175 3810 3250 βουλό-

2224 3284 2391 3338 μενος,
2445 3267 2607 3340 θῆρας
2673 3271 3018 3342 παραχθῆναι
3090 3266 3460 3330 παντοδαποὺς
3531 3268 3661 3320 κατὰ
3730 3269 3809 3315 τοῦ

2223 3358 2458 3425 ’γενναίου
2536 3354 2762 3407 κελεύει-
2824 3357 2892 3408 ὧν
2991 3356 3319 3429 ἐνεχθέντων,
3408 3358 3565 3430 ἐγγὺς
3638 3354 3807 3407 ἐκεῖνον

2224 3445 2694 3516 παραστησάμενος
2726 3450 2816 3498 καὶ
2849 3453 3000 3499 τοῦτο
3049 3449 3139 3519 μὶν
3189 3447 3345 3519 φόϐον
3395 3448 3536 3518 αύτῷ
3582 3445 3804 3518 ἐμποιῶν,

2225 3541 2378 3586 τοῦτο
2424 3530 2482 3585 δὲ
2536 3538 2625 3586 καὶ
2682 3538 2746 3595 ὡς
2800 3535 3065 3610 οἰκτείρων
3124 3539 3403 3610 φαίνεσθαι
3457 3540 3809 3611 μηχανώμενος

2226 3626 2315 3674 καὶ
2371 3630 2611 3685 παντοῖος
2689 3626 2820 3698 πρὸς
2885 3628 2944 3676 τὸ
3015 3629 3211 3679 πείσειν
3275 3631 3587 3700 γινόμενος’
3643 3622 3803 3682 Οὗτοι,

2228 3714 2343 3783 ἔφη,
2378 3707 2551 3774 δείξας
2600 3712 2739 3783 αὐτῷ
2784 3716 2904 3775 τοὺς
2954 3716 3132 3788 θῆρας,
3169 3711 3261 3768 διὰ
3312 3720 3374 3770 σε
3418 3720 3508 3768 καὶ
3538 3717 3628 3772 τὴν
3673 3710 3803 3762 ἀπω-

2225 3801 2362 3853 λειάν
2430 3820 2489 3873 γε
2544 3806 2632 3859 την
2706 3807 2802 3861 σὴν
2874 3806 3252 3877 παρήχθησαν,
3314 3804 3617 3858 Παντόλεον·
3675 3802 3717 3851 εἴ
3762 3815 3806 3847 τι

2229 3886 2315 3941 οὖν
2373 3890 2633 3963 οἰκτείρεις
2680 3895 2870 3943 σαυτὸν
2927 3889 3185 3964 (κήδομαί
3236 3896 3335 3965 γάρ
3394 3914 3489 3946 σου
3546 3895 3631 3943 καὶ
3684 3888 3805 3959 ὠρας

2228 3984 2318 4031 καὶ
2374 3978 2620 4050 ἡλικίας),
2675 3982 2954 4038 πεισθῆναι
3011 3980 3225 4039 θέλησον
3296 3988 3389 4035 καὶ
3445 3982 3658 4053 ὀφθῆναι
3706 3975 3809 4046 (ppi-

2229 4088 2314 4129 νας
2396 4071 2530 4139 ἔχων
2610 4074 2697 4121 καὶ
2764 4076 2899 4135 νοῦν,
2985 4070 3073 4122 οἶτε
3169 4078 3464 4144 προκρίνειν
3545 4066 3806 4136 δυνάμενος

2233 4159 2452 4211 θανάτου
2535 4158 2693 4224 ζωὴν,
2754 4155 2951 4211 ὀδυνῶν
3032 4159 3371 4232 εὐφροσύνας,
3452 4159 3656 4229 ἀτιμίας
3718 4152 3809 4203 πά-

2235 4266 2327 4306 σης
2385 4243 2541 4309 δόξαν
2598 4266 2651 4298 τε
2711 4252 2800 4299 καὶ
2853 4248 3070 4322 τρυφάς.
3135 4251 3272 4320 Πρὸς
3328 4254 3383 4302 ό⁹ν
3443 4250 3467 4300 ὁ
3521 4247 3699 4317 ἅγιος’
3756 4236 3807 4289 Εἰ

2232 4339 2331 4409 πρό
2384 4343 2473 4386 τοῦ
2539 4342 2720 4410 πεῖραν
2790 4335 2978 4399 λαϐεῖν,
3034 4340 3150 4408 ἔφη,
3209 4346 3304 4398 τῆς
3374 4345 3464 4391 τοῦ
3522 4339 3650 4388 Θεοῦ
3704 4328 3809 4397 περὶ

470 4440 630 4493 nem,
671 4441 707 4482 a
733 4426 847 4481 tuis
872 4425 1070 4481 verbis
1094 4440 1217 4481 non
1248 4425 1412 4496 potui
1445 4426 1790 4496 persuaderi
1822 4446 1833 4485 :
1860 4443 2021 4481 nunc
2052 4443 2115 4493 es

2234 4425 2319 4498 ἐμὲ
2390 4425 2723 4497 ἀντιλήψεως,
2774 4426 2868 4478 ούκ
2922 4423 3066 4497 εἶχον
3128 4430 3403 4481 πείθεσθαί
3452 4446 3544 4479 σου
3588 4428 3689 4480 τοῖς
3735 4418 3803 4468 λό’

2460 4523 2472 4529 -
2576 4513 2589 4529 9
2640 4516 2651 4529 1
2745 4516 2769 4529 ν
2975 4518 2986 4529 ι
3162 4516 3173 4529 9
3238 4517 3265 4529 Α
3516 4523 3534 4529 -
3628 4510 3639 4524 ’
3690 4524 3783 4529 ,.--..

470 4530 592 4587 quo
607 4531 739 4570 sum
752 4518 982 4570 tantum
996 4518 1350 4569 consecutus
1362 4514 1667 4584 auxilium,
1680 4516 2124 4585 persuadebor?

470 4606 583 4661 Cur
614 4620 708 4659 me
739 4604 995 4659 ferarum
1037 4603 1379 4659 crudelitate
1419 4604 1870 4675 perterrefacere
1885 4607 2121 4678 quaeris.

472 4711 505 4749 o
535 4692 858 4765 imperator
882 4693 909 4748 ?
940 4693 1047 4759 Qui
1081 4692 1239 4749 enim
1281 4692 1597 4749 satellitum
1631 4697 1863 4750 tuorum
1899 4695 1974 4750 ad
2010 4700 2126 4751 tor-

472 4781 776 4855 quendum
809 4786 1052 4853 paratas
1103 4798 1322 4837 manus
1364 4782 1599 4838 inutiles
1638 4782 1830 4840 effecit
1856 4788 1912 4839 et
1942 4785 2101 4841 imbe

471 4872 659 4937 cillas,
693 4875 747 4927 et
776 4872 972 4944 ignem
1002 4871 1260 4927 reddidit
1289 4870 1596 4941 frigidum,
1630 4877 1686 4927 et
1715 4873 2031 4945 plumbum
2064 4874 2123 4930 in

471 4977 697 5034 aquam
746 4959 1178 5025 transmutavit,
1229 4963 1287 5015 et
1324 4960 1523 5032 ipsum
1570 4977 1734 5017 mare
1780 4963 2126 5019 constrinxit

474 5049 883 5122 compedibus,
935 5050 1151 5121 poterit
1187 5049 1436 5105 omnino
1488 5049 1642 5105 feras
1684 5066 1925 5123 quoque
1958 5068 2122 5107 man-

475 5140 798 5205 suefacere,
848 5143 903 5195 et
933 5154 1034 5195 eas
1088 5138 1262 5195 nobis
1317 5138 1547 5194 efﬁcere
1578 5140 1790 5195 ovibus
1850 5156 2128 5198 mansue-

472 5229 668 5285 tiores.

549 5319 655 5374 XX.
689 5320 834 5375 Cum
874 5333 1014 5391 ergo
1043 5333 1163 5373 non
1194 5332 1413 5389 parens
1453 5317 1657 5373 Christi
1690 5324 1934 5389 martyr,
1977 5324 2130 5377 esset

475 5412 854 5480 pugnaturus
880 5424 1016 5465 cum
1042 5408 1264 5473 bestiis,
1293 5411 1357 5465 ut
1380 5408 1482 5481 qui
1496 5407 1684 5464 levius
1711 5423 1838 5464 esse
1860 5415 2125 5481 reputas-

548 5590 567 5623 7
613 5586 759 5647 Psal.
806 5602 1006 5649 Lxxvn,
1050 5590 1136 5649 20.

2231 4535 2367 4587 γοις,
2420 4523 2507 4566 νῦν
2567 4513 2651 4587 ἀφ’
2709 4516 2769 4567 οὖ
2826 4518 3090 4578 τοσαύτης
3152 4516 3423 4570 ἀπέλαυσα
3475 4523 3565 4576 τῆς
3621 4510 3806 4561 ἐπικου-

2231 4612 2369 4679 ρίας,
2428 4607 2722 4676 πειθόμενος
2790 4607 3013 4676 ἔσομαι;
3069 4610 3130 4658 Τί
3206 4602 3267 4658 δέ
3324 4627 3388 4679 με
3438 4609 3524 4658 καὶ
3579 4605 3667 4657 τὴν
3716 4600 3803 4645 τῶν

2235 4696 2445 4767 θηρίων,
2503 4692 2541 4745 ὦ
2600 4693 2839 4766 βασιλεῦ,
2886 4694 3119 4765 ὠμότητι
3176 4695 3542 4768 μορμολύττη;
3580 4692 3671 4743 Καὶ
3713 4683 3802 4753 γὰρ

2233 4785 2257 4836 ὁ
2301 4791 2399 4837 τῶν
2448 4792 2548 4835 σῶν
2594 4781 2889 4856 δορυφόρων
2920 4786 3009 4844 τάς
3047 4787 3402 4858 τιμωρητικὰς
3444 4790 3623 4855 χεῖρας
3651 4771 3805 4845 ἀπρά-

2232 4892 2387 4933 κτους
2431 4878 2520 4924 καὶ
2574 4870 2803 4933 ἀσθενεῖς
2848 4874 3202 4937 ποιησάμενος
3249 4879 3337 4927 καὶ
3381 4877 3437 4925 τὸ
3486 4876 3583 4942 πῦρ
3612 4860 3802 4935 ψυχρὸν

2233 4959 2538 5023 ἀποδείξας,
2592 4964 2679 5012 τὸν
2734 4958 2982 5031 μόλιϐδον
3045 4982 3099 5014 τε
3149 4962 3216 5022 εἰς
3274 4960 3415 5035 ὕδωρ
3471 4956 3803 5032 μεταποιήσας

2233 5056 2322 5103 καὶ
2352 5053 2513 5108 αὐτὴν
2544 5047 2782 5111 πεδήσας
2824 5054 2917 5108 τὴν
2952 5050 3243 5113 θάλασσαν,
3280 5050 3497 5111 δύνατός
3538 5047 3645 5099 ἐστι
3693 5040 3803 5090 πάν·

2234 5162 2335 5202 τως
2381 5146 2464 5193 καὶ
2515 5145 2666 5193 ταυτὶ
2713 5144 2778 5193 τὰ
2823 5142 3175 5194 τιθασσεῡσαι
3225 5144 3383 5217 θηρία
3429 5144 3513 5191 καὶ
3560 5128 3803 5207 προϐάτων

2235 5232 2359 5302 ἡμῖν
2387 5232 2688 5304 ἡμερώτερα
2711 5237 2878 5282 ταῦτα
2906 5233 3330 5301 παρασκευάσαι.

2312 5318 2383 5373 κ’.
2420 5321 2556 5372 Ἐπεὶ
2588 5316 2673 5371 οὖν
2707 5318 2919 5379 ἀπειθὴς
2948 5324 3108 5391 μένων
3153 5323 3177 5372 ὁ
3223 5330 3313 5373 τοῦ
3342 5321 3570 5392 Χριστοῦ
3598 5310 3797 5382 μάρτυς,

2242 5408 2411 5483 ἔμελλε
2465 5411 2829 5487 θηριομαχεῖν,
2863 5409 2951 5462 οἶτε
3000 5416 3091 5462 τοῦ
3141 5414 3212 5482 μὴ
3265 5407 3483 5484 δαίμοσι
3528 5398 3800 5475 προσκυνῆ-
