4142 6196
288 282 391 338 469

1488 283 1659 340 VlTA
1698 280 1763 337 S.
1814 276 2426 339 PANTELEEMONIS.

3533 288 3637 345 470

288 429 375 463 σαι
422 408 589 472 καλῶς
625 428 682 481 γε
733 416 893 463 ποιῶν
940 414 1031 463 καὶ
1075 412 1133 463 τὸ
1166 412 1367 484 θηρίοις
1395 407 1675 471 ἐκδοθῆναι
1717 409 1870 460 κακόν

1985 413 2091 475 set,
2126 410 2274 467 tradi
2295 411 2513 477 bestiis,
2534 429 2718 486 quam
2740 411 2991 471 adorare
3009 414 3333 481 daemones,
3354 416 3640 474 conﬂuxit

281 498 407 552 εἶναι
459 504 765 573 κουφότερον
817 500 1171 573 λογισάμενος·
1260 502 1490 575 συνέρρει
1562 504 1651 572 μὲν
1730 504 1879 550 πᾶσα

281 588 307 644 ἡ
363 593 516 648 πόλις
564 586 691 641 ἰδεῖν
724 592 780 640 τὸ
831 594 1115 659 γινόμενον,
1161 596 1361 642 νεανίαν
1402 591 1535 641 οὕτω
1574 588 1749 652 καλὸν,
1797 586 1874 638 εύ-

274 687 391 747 γενῆ
446 682 506 730 τό
557 687 728 748 σῶμα,
776 678 949 749 εύγενῆ
995 684 1090 737 τὴν
1132 679 1341 751 ψυχὴν,
1372 676 1521 731 οὐδὲν
1563 680 1588 731 6
1628 698 1678 729 τι
1717 679 1875 728 κακόν

278 763 555 837 δράσαντα
600 776 773 827 κακῶς
833 767 1081 839 μέλλοντα
1126 771 1306 821 παθεῖν
1355 774 1444 820 καὶ
1491 771 1694 841 θηρίοις
1732 762 1877 818 ἐκδο-

276 858 581 927 θησόμενον.
648 856 901 927 Ἀπὴγετο
948 862 1036 909 καὶ
1090 858 1115 908 6
1170 854 1373 917 δίκαιος
1426 859 1494 917 ὡς
1534 857 1655 909 λέων
1700 874 1877 906 πεποι-

274 946 369 1004 θὼς
398 948 541 996 κατὰ
584 948 641 997 τὸ
689 943 938 1017 ᾀδόμενον
986 951 1075 998 καὶ
1115 942 1264 998 ούὸεν
1317 944 1580 1018 ύφειμένον
1626 946 1654 1004 ἢ
1717 943 1878 1016 μαλα-

268 1036 353 1083 κόν
402 1036 435 1091 ἦ
486 1038 621 1105 πρὸς
665 1035 798 1086 ἔλεον
855 1036 997 1087 ἕλκον
1043 1040 1194 1107 ὀρῶν.
1254 1040 1352 1087 Καὶ
1401 1044 1509 1097 πῶς
1540 1037 1640 1107 γὰρ
1690 1032 1876 1105 ἔμελλε,

266 1130 352 1173 τοῦ
400 1126 663 1184 συνήθους
713 1122 913 1195 βοηθοῦ
962 1125 1116 1176 πάλιν
1174 1125 1243 1186 εἰς
1294 1125 1413 1195 ὄψιν
1442 1122 1723 1198 Ἐρμολοίου
1758 1142 1879 1173 συν-

267 1214 407 1273 όντος
488 1212 632 1283 αύτῷ
704 1218 794 1265 καὶ
871 1213 1075 1288 θαρρεῖν
1154 1214 1560 1286 ἐπιτρέποντος;
1612 1209 1737 1266 Εἶτα
1785 1220 1881 1264 τῶν

269 1302 454 1370 θηρίων
507 1300 856 1373 ἐπαφεθέντων
922 1312 995 1373 τῷ
1058 1302 1286 1375 ἀθλητῇ,
1362 1303 1497 1355 ούτω
1553 1302 1883 1364 κελεύσαντος

266 1397 352 1441 τοῦ
406 1389 583 1461 πολλῷ
624 1394 817 1443 τούτων
868 1390 1189 1464 ἀγριωτέρου
1240 1395 1510 1465 τυράννου,
1544 1394 1592 1444 οἱ
1618 1394 1708 1463 μεν
1752 1411 1882 1465 παρ-

266 1484 396 1539 όντες
452 1479 611 1541 εὐθὺς
669 1485 824 1551 ᾤοντο
892 1485 978 1533 τὸν
1048 1481 1197 1552 ἅγιον
1275 1478 1877 1554 διασπαραχθήσεσθαιν

264 1573 330 1638 μὴ
383 1572 531 1629 ὄντος
584 1576 676 1621 τοῦ
725 1570 977 1643 ῥυομένου
1029 1566 1169 1641 μηδὲ
1214 1571 1491 1632 σώζοντος
1523 1570 1626 1642 ούχ
1656 1570 1790 1622 οὕτω
1822 1566 1880 1620 δὲ

264 1662 379 1718 τοὺς
432 1656 695 1720 θεοσεϐεῖς
753 1662 1146 1732 παρεσκεύασεν
1214 1661 1239 1711 6
1301 1660 1476 1731 λέγων·
1552 1664 1648 1712 Τὸν
1717 1658 1877 1730 ’Υψι-

267 1764 376 1797 στον
454 1749 580 1799 ἔθου
669 1753 976 1820 καταφυγήν
1079 1768 1193 1800 σου’
1307 1749 1366 1801 ού

264 1839 379 1907 πρὸς
450 1840 511 1888 σε
598 1838 756 1907 κακὰ,
845 1843 932 1890 καὶ
1024 1838 1221 1908 μάστιξ
1294 1837 1387 1889 ούκ
1458 1838 1621 1909 ἐγγιεῖ
1686 1838 1732 1889 ἐν
1806 1846 1877 1907 τῷ

265 1929 570 1995 σκηνώματί
624 1943 743 1977 σου·
804 1930 912 1978 καί*
975 1925 1095 1978 Ἐπὶ
1154 1923 1363 1979 ἀσπίδα
1417 1932 1507 1979 καὶ
1565 1925 1876 1999 βασιλίσκον

262 2015 508 2087 ἐπιϐἠση,
596 2018 688 2067 καὶ⁵
762 2021 1165 2077 καταπατήσεις
1220 2016 1397 2067 λέοντα
1450 2021 1537 2068 καὶ
1591 2013 1872 2088 δράκοντα·

262 2103 439 2155 ούκουν
486 2101 619 2157 οὐδὲ
685 2100 936 2174 διέψευσε
985 2112 1079 2156 τοῦ
1117 2108 1489 2165 πιστεύσαντος
1519 2110 1611 2163 τὴν
1654 2104 1867 2160 ἐλπίδα.

268 2200 525 2245 Τοσοῦτον
582 2195 684 2266 γὰρ
747 2192 984 2265 ἀπέσχον
1043 2196 1093 2246 οἱ
1147 2196 1299 2267 θῆρες
1352 2202 1443 2246 τοῦ
1490 2203 1662 2256 κακῶς
1703 2192 1876 2248 διαθέ-

278 2283 395 2333 σθαι
434 2287 523 2334 τὸν
578 2282 750 2353 ἅγιον,
803 2285 869 2343 ὡς
930 2290 1122 2357 μικροῦ
1166 2289 1255 2334 καὶ
1311 2286 1367 2334 τὸ
1412 2288 1483 2354 μὴ
1534 2285 1696 2355 θῆρας
1748 2286 1876 2336 εἶναι

268 2369 387 2432 ὅλως
444 2371 647 2432 αύτούς
696 2373 1032 2443 νομισθῆναι,
1091 2373 1273 2441 θῆρας,
1327 2375 1469 2444 ἔφην,
1522 2369 1650 2444 μηδ’
1707 2373 1877 2434 ἁπλῶς

274 2461 435 2532 α’λογα
491 2466 588 2513 καὶ
630 2468 722 2513 τοῦ
774 2470 971 2534 φρονεῖν
1024 2460 1433 2533 ἁπεστερημένα,
1484 2461 1589 2513 ἀλλ’
1641 2463 1745 2514 οἷον
1797 2482 1879 2514 τι-

266 2570 339 2610 νος
386 2555 651 2623 ἔμφρονας
704 2556 794 2603 καὶ
852 2559 944 2610 τῆς
1004 2558 1102 2602 τών
1155 2550 1373 2621 λογικῶν
1427 2556 1568 2611 ὄντας
1634 2550 1873 2624 μερίδας,

259 2642 379 2709 μετὰ
449 2640 655 2701 πολλῆς
733 2648 803 2709 τῷ
886 2642 1115 2713 μάρτυρι
1186 2645 1497 2714 προσιόντας
1570 2640 1875 2707 εύλαϐείαςὶ,

261 2734 519 2790 σαίνοντας
598 2725 657 2782 δὲ
712 2725 880 2790 ἡδέως
959 2734 1049 2781 καὶ
1118 2727 1465 2802 φιλανθρώπῳ
1516 2729 1732 2802 γλώσσῃ
1788 2714 1879 2781 καὲ

266 2820 608 2890 θεραπευτικῇ
665 2826 764 2871 τῶν
808 2814 997 2870 ποδῶν
1058 2818 1494 2891 παραψαύοντας,
1535 2818 1694 2879 ἄλλως
1734 2839 1785 2871 τε
1822 2817 1875 2872 δ-

260 2913 338 2959 καὶ
383 2907 635 2969 ἀλλήλοις
695 2904 1124 2980 διαμιλλώμενοι,
1178 2913 1260 2970 τίς
1298 2916 1499 2981 πρῶτος
1540 2908 1705 2960 αὐτῶν
1752 2926 1881 2983 προς

263 2996 442 3060 σελθοι,
509 2998 577 3048 ού
617 3001 865 3069 πρότερον
912 2994 1290 3068 ἀφιστάμενοι,
1362 3003 1480 3070 πρὶν
1534 2999 1593 3049 ἄν
1643 3000 1667 3049 6
1715 3002 1885 3071 μάρτυ

261 3086 422 3147 αὐτοῖς
453 3086 610 3158 ἐπιθῇ
646 3091 738 3144 τὴν
768 3092 928 3157 χεῖρα
968 3090 1056 3137 καὶ
1088 3086 1268 3157 εύλογή
1282 3105 1430 3140 σειεν.

329 3177 431 3230 ΚΑ’
524 3175 626 3227 Ἦν
683 3171 770 3227 οὖν
819 3172 947 3227 ἰδεῖν
1016 3196 1055 3226 π
1108 3181 1123 3190 “
1431 3172 1497 3227 δ”
1684 3181 1692 3188 ’
1768 3196 1795 3215 τ
1858 3198 1869 3210 ·

441 3220 452 3230 ,
1057 3195 1244 3247 ραγμα
1301 3195 1425 3247 κομι
1468 3196 1497 3248 η
1552 3196 1849 3228 καινοτα.ον

264 3262 360 3316 ἐπεὶ
407 3269 509 3339 γὰρ
600 3268 817 3323 τοιαύτη
877 3269 996 3326 τούς
1072 3264 1374 3337 ἀνθρώπους
1429 3265 1622 3323 ύπῆλθε
1692 3270 1870 3330 κακία,

265 3356 384 3407 ὥστε
432 3357 572 3427 ὁμοῦ
620 3359 710 3406 καὶ
759 3354 956 3425 ἀλόγων
1006 3353 1199 3415 αύτούς
1257 3356 1433 3406 οἶνοιαν
1484 3359 1569 3406 καὶ
1630 3356 1874 3426 ὠμότητα

265 3445 442 3515 θηρίων
487 3442 816 3516 ὑπερϐαλεῖν,
873 3448 964 3502 τὴν
1016 3446 1107 3513 μὲν
1164 3442 1211 3494 έν
1261 3452 1333 3513 τῷ
1379 3448 1449 3515 μὴ
1495 3442 1739 3496 σέϐεσθαι
1785 3447 1871 3495 τόν

265 3540 603 3597 πεποιηκότα,
658 3538 750 3591 τὴν
806 3529 864 3585 δὲ
922 3534 970 3584 ἐν
1027 3540 1099 3602 τῷ
1149 3535 1494 3604 τιμωρεῖσθαι
1545 3536 1663 3594 τούς
1718 3533 1871 3584 αὐτὸν

270 3620 582 3693 σεϐομένους,
660 3626 990 3693 ᾡκονόμησεν
1070 3624 1095 3672 ό
1195 3624 1369 3673 πάντα

271 3714 406 3775 Θεὸς,
464 3711 690 3783 ἔμπαλιν
760 3715 878 3771 τοὺς
954 3713 1114 3782 θῆρας
1178 3711 1264 3762 οἵα
1350 3710 1589 3781 λογικοῦς
1654 3709 1869 3781 ὀφθῆναι

1647 3804 1871 3872 κήρυκας

1470 3624 1871 3693 μετασκευάζων

280 3805 357 3850 καὶ
458 3799 747 3873 ἀνθρώπων
823 3802 1122 3872 ἡμερότητα
1200 3804 1567 3871 μιμουμένους,

283 3885 514 3956 ἀψευδεῖς
574 3893 723 3949 ὄντας
780 3897 870 3948 τῆς
929 3888 1128 3941 ἐκείνων
1182 3893 1368 3948 κακίας
1424 3893 1513 3940 καὶ
1560 3896 1655 3948 τῆς
1708 3887 1869 3939 αύτοῦ

278 3974 533 4050 ἀφραστου
593 3983 993 4049 μακαριότητος.
1047 3977 1200 4030 ’Ὁθεν
1243 3981 1332 4029 καὶ
1378 3978 1426 4028 οἰ
1478 3980 1722 4047 παρόντες
1781 3975 1863 4033 ἐπὶ

279 4072 340 4133 τῷ
390 4071 665 4139 γινομένῳ*
722 4070 898 4137 Μέγας
950 4068 975 4118 6
1014 4075 1114 4119 τῶν
1160 4073 1489 4140 Χριστιανῶν
1534 4070 1656 4127 Θεός
1697 4065 1860 4131 ἐστιν,

276 4153 297 4202 6
344 4160 489 4224 μόνος
546 4160 638 4207 καὶ
683 4152 942 4226 ἀψευδὴς,
990 4154 1165 4223 ἐϐόων,
1216 4160 1324 4207 καί’
1383 4156 1641 4227 Ἀφιέσθω
1693 4157 1717 4206 6
1778 4152 1863 4207 δί-

272 4260 416 4303 καιος.
472 4250 538 4297 Τί
586 4241 673 4296 οὖν
732 4246 757 4296 6
821 4244 1018 4305 ἀληθῶς
1076 4247 1171 4318 θὴρ
1240 4250 1328 4296 καὶ
1383 4246 1643 4317 ὠμότατος
1698 4243 1859 4316 βασι-

273 4328 371 4392 λεύς
397 4348 409 4398 ;
438 4334 662 4404 Ἐπάγει
691 4337 777 4384 τόν
811 4335 969 4405 θυμόν
1011 4336 1148 4385 κατὰ
1190 4342 1289 4384 τῶν
1339 4335 1529 4406 θηρίων
1560 4337 1649 4384 καὶ
1681 4334 1850 4385 πάντα

276 4418 408 4480 εὐθὺς
457 4421 682 4495 ἀναιρεῖ,
737 4424 910 4497 ῶσπερ
963 4419 1323 4494 διαφθονήσας
1380 4422 1553 4482 αὐτοῖς
1597 4430 1690 4484 τῆς
1741 4442 1857 4474 συ).

275 4510 409 4571 έσεως
449 4516 542 4563 καὶ
594 4516 683 4563 τόν
741 4513 826 4563 ὑπ’
899 4511 1097 4563 ἐκείνων
1176 4511 1270 4563 οῦκ
1344 4510 1557 4582 ἐνεγκὼν
1622 4512 1855 4583 ἔλεγχον.

275 4599 342 4647 Τὰ
380 4595 434 4650 δι
485 4606 580 4651 καὶ
651 4600 814 4661 οὕτως
889 4599 1221 4674 ἀναιρεθέντα
1302 4598 1388 4652 ἐπὶ
1459 4599 1665 4660 πολλαῖς
1722 4604 1861 4672 ἔμενε

279 4693 379 4747 ταῖς
424 4690 667 4760 ἡμέραις,
720 4686 895 4742 ούδενὶ
948 4688 1147 4762 βρῶσις
1200 4698 1299 4741 τῶν
1347 4688 1678 4761 σαρκοϐόρων
1723 4696 1860 4760 γινό-

282 4792 406 4842 μενα,
455 4785 708 4850 τιμῶντος
766 4777 859 4829 κᾶν
926 4781 1092 4849 τούτῳ
1161 4776 1391 4835 ἀθλητὴν
1447 4785 1537 4829 τοῦ
1586 4783 1711 4830 Θεοῦ
1770 4785 1860 4833 καὶ

283 4867 395 4934 πρὸς
451 4865 713 4918 εὐσέϐειαν
778 4871 899 4930 τοὺς
954 4868 1140 4929 ἄλλους
1218 4866 1657 4941 παρακαλοῦντος,
1727 4872 1860 4922 ὥστε

281 4954 355 5001 τόν
391 4952 634 5008 ἀσύνετον
686 4955 910 5027 βασιλέα
949 4964 1103 5009 τοῦτο
1155 4958 1408 5028 μαθόντα,
1468 4957 1757 5028 προστάξαι
1795 4962 1859 5010 τὰ

286 5040 425 5113 θηρία
451 5055 809 5118 κατορυγῆναι
855 5055 917 5119 τῇ
968 5054 1058 5119 γῇ,
1122 5045 1327 5107 πολλοῖς
1375 5046 1509 5097 οὕτω
1549 5051 1641 5104 τὴν
1682 5052 1859 5099 πίστιν

285 5126 688 5202 ἐπιστηρίζοντα.
770 5137 1109 5208 Διαπορηθεὶς
1179 5139 1350 5186 τοίνυν
1416 5136 1441 5185 6
1499 5135 1848 5207 Μαξιμιανός·

284 5220 337 5266 Τί
383 5226 674 5293 ποιήσαιμι,
756 5223 913 5294 ἔλεγε,
984 5221 1316 5275 Παντολέοντι
1368 5241 1382 5290 ;
1446 5218 1552 5280 ἤδη
1608 5227 1731 5297 γὰρ,
1791 5229 1857 5288 ὡς

286 5305 435 5373 ὁρᾶτε,
500 5314 618 5373 τοὺς
681 5310 888 5373 πλείους
945 5310 1236 5369 ἀπέστησεν
1293 5310 1393 5362 ἀπὸ
1445 5320 1542 5363 τῶν
1595 5314 1736 5364 θεῶν·
1796 5317 1859 5365 Οἱ

289 5389 356 5445 δέ·
397 5403 613 5473 Τροχός,
665 5407 813 5474 φασὶ,
864 5403 1110 5473 γενέσθω,
1162 5405 1252 5452 καὶ
1320 5398 1392 5472 ἐφ’
1448 5400 1650 5472 ὑψηλοῦ
1708 5399 1857 5467 οὗτος

361 5588 379 5621 ⁸
415 5592 555 5652 Psal.
594 5614 686 5665 xc,
730 5601 908 5654 10-13.

1984 499 2230 570 quidem
2281 502 2554 556 universa
2598 502 2804 557 civitas
2853 504 2930 558 ad
2988 503 3315 559 videndum
3364 505 3425 559 id
3477 507 3638 577 quod

1985 588 2180 653 ﬁebat,
2215 594 2333 644 tam
2367 590 2681 661 pulchrum
2724 590 2943 646 scilicet
2967 592 3270 661 juvenem,
3306 597 3361 647 et
3392 609 3637 665 corpore

1985 685 2040 735 et
2070 678 2270 734 animo
2294 685 2697 750 praestantem,
2729 680 2833 751 qui
2869 680 3011 736 nihil
3036 680 3176 735 mali
3205 681 3454 746 fecisset,
3486 684 3639 738 male

1984 784 2326 839 passurum,
2352 776 2404 823 et
2424 769 2560 823 feris
2589 770 2940 825 tradendum
2971 770 3191 825 bestiis.
3222 770 3524 825 Abductus
3556 776 3643 825 est

1989 861 2183 911 autem
2214 858 2409 927 justus
2435 858 2742 913 confidens
2772 864 2832 913 ut
2862 860 2975 924 leo,
3006 860 3155 914 sicut
3183 859 3435 923 canitur,
3478 864 3535 914 et
3562 860 3642 914 ni-

1989 945 2069 1000 hil
2107 947 2282 1001 molle
2340 964 2409 1003 ac
2458 948 2776 1002 remissum
2831 949 3088 1013 intuens,
3149 954 3253 1004 aut
3310 949 3471 1020 quod
3521 965 3644 1003 mo-

1989 1040 2151 1090 veret
2202 1038 2277 1091 ad
2319 1036 2808 1093 misericordiam.
2843 1039 3156 1103 Quomodo
3198 1039 3357 1093 enim
3413 1038 3470 1093 id
3522 1042 3644 1093 erat

1990 1124 2270 1190 facturus,
2304 1141 2438 1180 cum
2483 1142 2682 1181 rursus
2712 1126 2769 1180 in
2807 1134 3192 1198 conspectum
3249 1128 3472 1181 veniret
3511 1130 3645 1182 Her-

1992 1213 2247 1278 molaus,
2282 1221 2334 1269 et
2361 1216 2593 1286 jnberet
2614 1232 2749 1271 eum
2780 1232 2907 1271 esse
2940 1216 3097 1271 bono
3122 1216 3324 1271 animo
3359 1216 3386 1269 ?
3426 1216 3644 1272 Deinde

1991 1318 2127 1357 cum
2160 1303 2361 1358 bestiae
2398 1305 2521 1371 jam
2552 1320 2686 1359 cum
2720 1305 2937 1360 athleta
2957 1309 3150 1360 essent
3180 1320 3534 1374 congressas,
3562 1305 3645 1358 sic

1994 1392 2229 1459 iubente
2270 1398 2544 1464 tyranno,
2590 1394 2693 1465 qui
2746 1395 2991 1449 aderant
3036 1394 3301 1466 quidem,
3349 1394 3645 1466 putabant

1989 1480 2133 1546 fore,
2196 1486 2259 1535 ut
2320 1488 2557 1537 sanctus
2626 1483 2819 1538 statim
2888 1484 3339 1555 discerperetur,
3401 1482 3644 1553 perinde

1990 1586 2059 1624 ac
2116 1570 2164 1624 si
2219 1588 2339 1626 non
2389 1577 2543 1627 esset
2605 1573 2708 1643 qui
2768 1580 3022 1628 servaret
3069 1578 3127 1629 et
3175 1573 3424 1645 eriperet
3476 1590 3488 1627 :
3538 1572 3642 1627 sed

1988 1658 2061 1713 de
2113 1660 2238 1715 viro
2270 1661 2368 1732 pio
2430 1676 2549 1716 non
2580 1662 2661 1716 sic
2692 1668 2975 1717 statuerat
3014 1664 3087 1731 is,
3130 1664 3231 1734 qui
3287 1662 3428 1717 dicit
3470 1680 3482 1716 :
3544 1662 3643 1716 Al-

1478 1748 1725 1822 προσελεύ
1734 1768 1870 1800 σεται

1989 1749 2262 1804 lissimum
2293 1752 2547 1818 posuisti
2574 1752 2864 1821 refugium
2898 1758 3091 1807 tuum:
3116 1768 3236 1808 non
3265 1753 3532 1807 accedent
3564 1752 3645 1807 ad

1986 1842 2041 1892 te
2077 1838 2254 1903 mala,
2292 1846 2344 1895 et
2380 1840 2687 1911 ﬂagellum
2730 1856 2849 1896 non
2898 1841 3401 1911 appropinquabit
3451 1839 3641 1895 taber-

1984 1929 2202 1983 naculo
2250 1935 2371 1993 tuo,
2425 1934 2498 1995 et,
2593 1932 2787 1999 Super
2859 1932 3117 1998 aspidem
3183 1937 3235 1987 et
3300 1931 3642 1986 basilz’scum

1984 2016 2338 2085 ambulabis,
2385 2026 2438 2074 et
2484 2020 2851 2076 conculcabz’s
2892 2022 3113 2076 leonem
3168 2026 3221 2076 et
3269 2018 3638 2075 draconem“.

1984 2107 2186 2176 Itaque
2214 2122 2323 2162 nec
2355 2124 2523 2179 spem
2550 2108 2744 2163 fefellit
2775 2110 2921 2179 ejus,
2955 2110 3056 2180 qui
3099 2108 3450 2163 crediderat.
3497 2111 3644 2163 Tan-

1984 2200 2112 2252 tum
2174 2196 2333 2251 enim
2378 2196 2583 2262 abfuit,
2639 2201 2701 2253 ut
2753 2198 2890 2253 ferae
2941 2202 3147 2252 sancto
3206 2196 3639 2260 malefacerent,

1986 2289 2049 2339 ut
2082 2300 2165 2340 eae
2199 2287 2637 2358 propemodum
2670 2304 2738 2343 ne
2797 2287 2930 2343 ferte
2970 2288 3213 2359 quidem
3255 2287 3597 2341 viderentur
3625 2304 3640 2355 ;

1984 2370 2139 2438 ferae,
2165 2375 2302 2439 dixi,
2341 2378 2463 2432 imo
2504 2393 2631 2443 nec,
2692 2383 2754 2432 ut
2810 2378 2991 2432 semel
3040 2378 3255 2442 dicam,
3313 2374 3645 2431 animantia

1984 2464 2215 2520 ratione
2243 2467 2523 2529 carentia,
2559 2470 2614 2520 et
2670 2466 2727 2520 vi
2782 2465 3152 2535 intelligendi
3201 2465 3434 2536 privata
3481 2481 3493 2519 :
3541 2463 3643 2518 sed

1984 2558 2277 2624 tanquam
2337 2553 2670 2625 prudentia,
2731 2560 2785 2607 et
2842 2570 2909 2607 ex
2949 2570 3201 2609 numero
3248 2569 3457 2609 eorum
3510 2569 3643 2624 quae

1986 2645 2126 2696 sunt
2156 2642 2381 2697 ratione
2423 2642 2689 2713 praedita,
2724 2658 2858 2696 cum
2903 2657 3126 2711 magna
3187 2642 3514 2697 reverentia
3553 2657 3645 2696 ac-

1987 2731 2263 2787 cederent
2289 2731 2365 2786 ad
2393 2736 2740 2802 martyrem,
2775 2730 3032 2786 suaviter
3057 2730 3459 2793 blandientes,
3491 2729 3652 2783 beni-

1992 2836 2231 2892 gnaque
2258 2824 2314 2876 et
2364 2820 2696 2875 medicante
2753 2820 2963 2889 lingua
3023 2820 3207 2891 pedes
3260 2821 3568 2886 tangentes
3633 2820 3643 2856 ε

1988 2915 2046 2966 et
2095 2909 2321 2980 alioqui
2352 2908 2505 2964 inter
2535 2925 2596 2965 se
2627 2909 3065 2972 contenderent,
3119 2924 3400 2979 quaenam
3455 2908 3648 2977 prima

1990 2999 2068 3055 ad
2100 3014 2236 3053 eum
2268 2998 2594 3063 accederet,
2628 3003 2683 3053 et
2711 3013 2828 3052 non
2883 2997 3048 3069 prius
3090 2997 3404 3057 recederet.
3461 3012 3645 3066 quam

1990 3092 2216 3158 martyr
2250 3088 2299 3142 ei
2329 3103 2576 3142 manum
2608 3086 2987 3159 imposuisset
3023 3090 3079 3141 et
3121 3086 3173 3140 ei
3227 3084 3640 3140 benedixisset.

2057 3178 2194 3232 XXI.
2232 3177 2470 3231 Licebat
2496 3191 2638 3245 ergo
2663 3176 2863 3231 videre
2885 3192 3003 3230 rem
3031 3175 3290 3230 maxime
3322 3189 3563 3239 novam,
3588 3178 3645 3229 et

1986 3265 2160 3334 longe
2182 3264 2704 3335 jucundissimam,
2738 3264 3012 3319 homines
3038 3262 3279 3335 quidem
3300 3266 3558 3317 mutatos
3582 3262 3639 3317 in

1983 3358 2240 3410 ferarum
2276 3354 2585 3418 saevitiam,
2614 3370 2824 3409 rursus
2853 3357 3051 3410 autem
3082 3352 3265 3408 videri
3296 3352 3470 3417 feras,
3504 3355 3639 3406 tan-

1982 3460 2165 3516 quam
2193 3444 2417 3499 ratione
2447 3443 2751 3514 preeditas,
2780 3448 2835 3498 ct
2866 3442 3026 3498 credi
3057 3443 3385 3497 humanam
3418 3440 3640 3496 habere

1985 3532 2531 3588 mansuetudinem.
2568 3531 2608 3586 li
2636 3537 2808 3597 certe,
2833 3532 2934 3603 qui
2967 3531 3233 3601 aderant,
3269 3529 3545 3586 admirati
3578 3529 3639 3584 id

1982 3622 2145 3693 quod
2178 3620 2396 3676 factum
2426 3621 2635 3684 fuerat,
2680 3620 3027 3675 clamabant
3064 3637 3074 3674 :
3105 3623 3349 3687 Magnus
3376 3623 3461 3673 est
3484 3620 3637 3673 Deus

1983 3710 2473 3773 Christianorum,
2502 3708 2603 3779 qui
2627 3708 2865 3780 quidem
2890 3712 2977 3762 est
3006 3708 3167 3763 solus
3193 3713 3249 3763 et
3281 3723 3455 3761 verus
3488 3728 3498 3769 ;
3528 3711 3585 3761 et
3617 3726 3630 3765 :

1984 3799 2547 3869 Dimittaturjustus.
2574 3798 2723 3863 Quid
2742 3797 2954 3868 igitur?
2973 3797 3083 3862 Qui
3106 3812 3238 3852 vere
3259 3800 3382 3850 erat
3400 3796 3556 3850 ferus
3579 3798 3635 3850 et

1980 3888 2448 3955 crudelissimus,
2477 3887 2797 3956 imperator
2821 3886 2973 3941 iram
3000 3885 3171 3940 infert
3206 3886 3266 3939 in
3294 3884 3540 3949 bestias,
3575 3888 3631 3938 et

1978 3993 2187 4032 omnes
2227 3976 2423 4031 statim
2453 3975 2599 4031 tollit
2624 3976 2697 4031 de
2732 3975 2947 4040 medio,
2977 3974 3222 4047 perinde
3262 3990 3330 4029 ac
3371 3974 3453 4027 eis
3487 3974 3632 4028 invi—

1976 4066 2122 4121 dens
2148 4065 2546 4135 prudentiam,
2576 4070 2632 4120 et
2661 4081 2774 4120 non
2804 4070 3008 4137 potens
3035 4064 3183 4119 ferre
3201 4078 3407 4118 earum
3437 4078 3631 4133 repre-

1975 4155 2346 4211 hensionem.
2387 4155 2501 4210 Illae
2529 4159 2727 4210 autem
2757 4171 2893 4210 cum
2935 4153 3015 4209 sic
3044 4157 3239 4208 essent
3288 4150 3625 4217 interfectae,

1974 4245 2186 4300 multos
2216 4244 2343 4300 dies
2376 4249 2724 4300 manserunt
2752 4260 2787 4299 a
2812 4242 2972 4299 nullo
3000 4258 3247 4298 comesa)
3264 4257 3337 4296 ex
3363 4242 3630 4297 carnivo-

1971 4334 2075 4398 ris,
2101 4335 2220 4390 Deo
2245 4334 2303 4389 in
2346 4334 2457 4389 hoc
2484 4349 2723 4406 quoque
2767 4333 3047 4389 athletam
3076 4332 3429 4394 honorante,
3464 4336 3517 4386 et
3549 4331 3625 4387 ad

1971 4424 2246 4495 pietatem
2282 4424 2429 4479 alios
2462 4424 2733 4478 hortante
2767 4439 2779 4477 :
2824 4422 2977 4478 adeo
3023 4426 3084 4477 ut
3114 4438 3249 4477 cum
3275 4421 3391 4476 hoc
3414 4421 3627 4476 stultus

1970 4514 2303 4569 rescivisset
2332 4512 2680 4584 imperator,
2712 4529 2811 4568 eas
2838 4511 3079 4583 jusserit
3106 4510 3313 4573 infodi,
3348 4511 3429 4565 sic
3471 4508 3626 4564 mul-

1972 4603 2041 4658 tis
2064 4602 2243 4658 fidem
2268 4603 2652 4669 confirmans,
2672 4602 2761 4658 Sic
2780 4616 2919 4670 ergo
2941 4599 3624 4655 dubitansMaximianus

1972 4692 2122 4757 Quid
2154 4691 2393 4753 faciam,
2425 4690 2684 4759 dicebat,
2716 4688 3229 4757 Pantoleoni?jam
3249 4688 3429 4755 enim,
3459 4691 3521 4741 ut
3544 4687 3624 4741 vi-

1971 4781 2136 4843 detis,
2174 4780 2391 4835 multos
2413 4779 2661 4836 abduxit
2682 4796 2714 4834 a
2734 4779 2879 4833 deis.
2899 4778 3021 4832 Illia
3040 4782 3201 4831 utem
3229 4793 3239 4829 :
3268 4775 3409 4839 Fiat,
3434 4776 3618 4839 aiunt,

1971 4874 2121 4935 rota,
2152 4874 2208 4924 et
2245 4884 2315 4924 ea
2346 4870 2405 4923 in
2438 4868 2620 4923 altum
2654 4868 2847 4923 locum
2880 4866 3119 4921 feratur.
3154 4864 3373 4920 Deinde
3404 4880 3539 4919 cum
3570 4862 3622 4919 ei

1970 4955 2143 5012 fuerit
2169 4956 2436 5025 alligatus
2468 4955 2815 5021 Pantoleon,
2843 4970 2947 5026 per
2969 4952 3193 5008 declive
3216 4951 3509 5006 mittatur:
3529 4966 3623 5005 ac-

1971 5045 2123 5101 cidet
2148 5046 2307 5100 enim
2332 5045 2600 5110 omnino,
2636 5049 2696 5099 ut
2735 5060 2872 5099 cum
2909 5042 3189 5098 deorsum
3222 5040 3460 5103 feratur,
3492 5039 3620 5110 ipse

1970 5150 2075 5205 per
2098 5138 2296 5205 partes
2323 5140 2377 5188 et
2401 5134 2670 5189 membra
2692 5137 3049 5197 conteratur,
3070 5134 3123 5185 et
3149 5129 3229 5184 sic
3248 5128 3444 5183 malus
3466 5128 3622 5184 male

1970 5230 2191 5296 pereat.
2226 5224 2290 5277 Et
2320 5224 2447 5279 haec
2476 5222 2721 5294 quidem
2752 5221 2831 5276 illi
2863 5218 3123 5293 prompti
3156 5217 3233 5274 ad
3262 5217 3486 5272 malum
3536 5218 3623 5273 in-

1968 5314 2355 5377 veniendum,
2394 5316 2449 5367 et
2475 5312 2578 5383 qui
2609 5310 2752 5366 nihil
2795 5326 2963 5382 aeque
3000 5309 3154 5364 bene
3185 5306 3501 5373 faciebant,
3525 5323 3621 5364 ac-

1970 5402 2288 5461 laadebant.
2315 5402 2469 5457 Deus
2492 5405 2711 5465 autem,
2739 5399 2842 5473 qui
2866 5413 3106 5471 semper
3125 5397 3379 5471 protegit
3401 5412 3500 5453 eos
3514 5398 3620 5471 qui
