4142 6196
510 303 611 360 ἆἩ
1897 290 2163 351 MENSIS

509 432 677 487 illum
711 429 989 499 diligunt,
1030 442 1107 483 ne
1136 441 1299 483 nunc
1338 426 1583 499 quidem
1614 424 1832 480 deserit
1858 418 2171 477 Pantoleo-

2293 421 2370 468 τοῦ
2454 418 2616 469 τόπου
2699 416 3047 488 ἀνενεχθὴτω.

510 536 669 587 nem,
688 518 792 573 sed
811 535 945 573 eum
963 534 1171 572 rursus
1197 516 1476 579 defendit,
1500 516 1649 570 sicut
1679 516 1926 569 charum
1960 508 2166 564 ﬁlium.

514 608 843 680 συμϐήσεται
892 610 993 680 γὰρ
1064 609 1262 665 πάντως
1332 612 1422 657 τοῦ
1488 612 1687 678 τροχοῦ
1750 601 2165 672 καταφερομένου

509 707 683 758 κακῶς
766 696 1069 749 ἀπολέσθαι.
1158 700 1254 748 Καὶ
1308 702 1473 746 ταῦτα
1521 697 1609 764 μὲν
1663 695 1711 744 οἰ
1786 694 2140 763 ποριμώτατοι

3868 0 3887 71 l

2210 286 2485 346 JULIUS.
3763 289 3859 348 5'12

3134 411 3261 469 Εἶτα
3342 421 3433 467 τοῦ
3507 416 3863 479 Παντολίοντος

2284 504 2423 575 αύτῷ
2478 503 2872 578 προσδεθέντος,
2936 505 3175 576 ἀφεθήτω
3254 506 3387 556 κατά
3454 513 3545 557 τοῦ
3629 515 3859 577 πρανους·

2230 596 2366 645 κατὰ
2426 599 2574 668 μέρος
2628 595 2781 647 αὐτόν
2825 593 3151 668 ἐπιτριϐῆναι
3201 598 3290 645 καὶ
3334 592 3477 664 μέλος
3533 598 3691 644 κακόν
3740 596 3864 647 ούτω

2211 686 2305 739 τὴν
2378 688 2563 735 κακίαν
2634 690 2723 736 καὶ
2782 687 2904 758 πρὸς
2960 686 3017 734 τό
3081 681 3327 754 βλάπτειν
3385 684 3653 754 εύρετικοί.
3702 682 3758 735 Ὀ
3813 682 3867 738 δὲ

508 786 585 839 ἀεὶ
637 796 736 837 τῶν
780 787 1134 856 ἠγαπηκότων
1188 784 1343 835 αὐτὸν
1386 782 1755 857 ύπερασπίζων
1811 782 1957 843 Θεὸς,
2004 770 2127 827 οὐδὲ
2168 777 2254 823 νῦν
2304 770 2559 843 ἀφίστατο
2625 772 3016 837 Παντολέοντος,
3067 772 3174 824 ἀλλ’
3220 773 3305 824 οἶα
3356 772 3501 843 φίλου
3546 768 3735 833 παιδός
3786 777 3865 824 καὶ

516 876 666 935 αὖθις
693 878 1003 949 προῖστατο.

584 965 739 1020 XXII.
775 969 962 1035 Atque
1010 962 1241 1018 interim
1294 961 1540 1034 quidem
1575 960 1794 1015 mansit
1821 960 1881 1013 in
1922 967 2175 1016 carcere,

513 1053 705 1108 donec
731 1056 1070 1107 constructa.
1100 1056 1251 1106 esset
1269 1056 1418 1105 rota.
1449 1051 1598 1104 Cum
1619 1066 1755 1103 vero
1775 1064 1845 1103 ea
1870 1051 2027 1102 esset
2050 1043 2178 1113 jam

513 1146 873 1206 constructa,
898 1157 1106 1195 rursus
1133 1145 1515 1194 concurrente
1537 1154 1758 1207 magna
1779 1133 2176 1194 multitudine,

516 1238 713 1301 utpote
744 1230 907 1303 quod
938 1231 1262 1300 imperator
1291 1229 1414 1299 ipse
1437 1228 1668 1283 adesset
1700 1230 2013 1299 spectator,
2050 1221 2177 1277 alli-

516 1325 685 1388 gatur
713 1324 931 1390 martyr
959 1324 1120 1382 rotae,
1166 1324 1220 1372 et
1250 1317 1380 1387 ipse
1412 1316 1672 1388 desuper
1703 1332 1807 1386 per
1838 1312 2061 1369 declive
2096 1311 2179 1365 di-

518 1408 784 1463 mittitur.
820 1411 884 1463 Et
915 1408 994 1462 illi
1022 1407 1265 1479 quidem
1304 1406 1568 1476 psalmus
1603 1404 1883 1460 movebat
1908 1402 2093 1463 labra,
2126 1404 2182 1454 et

516 1512 741 1568 preces,
776 1513 911 1567 quae
940 1496 1252 1553 Potentem
1299 1494 1597 1549 vocabant
1636 1494 1713 1549 ad
1744 1491 2049 1548 auxilium.
2082 1488 2179 1543 Ille

518 1590 714 1640 autem
746 1584 1017 1655 protinus
1051 1584 1278 1646 aderat,
1304 1599 1442 1638 eum
1470 1583 1830 1637 conﬁrmans
1862 1597 1873 1635 ;
1906 1584 1962 1635 et
1993 1578 2070 1633 ad
2090 1592 2182 1631 os-

521 1674 873 1735 tendendam
892 1672 1285 1744 praesentiam,
1309 1672 1739 1743 rumpebantur
1760 1668 2011 1733 vincula,
2035 1682 2181 1721 mar-

521 1766 612 1833 tyr
636 1761 1033 1826 relaxabatur,
1065 1765 1258 1816 eterat
1284 1761 1363 1816 ab
1390 1761 1553 1816 omni
1580 1760 1735 1815 malo
1759 1760 2003 1827 integer.
2036 1758 2183 1811 Rota

520 1856 721 1905 autem
746 1865 869 1904 non
898 1855 1019 1905 tam
1070 1856 1272 1904 contra
1304 1849 1489 1913 illum,
1523 1865 1709 1921 quam
1740 1864 1849 1919 pro
1886 1847 1987 1901 illo
2027 1853 2179 1910 acta,

520 1939 734 1993 occidit
756 1939 973 1993 multos
1002 1939 1270 1993 inﬁdeles
1333 1960 1344 2002 ;
1379 1943 1435 1993 et
1466 1940 1550 1993 sic
1582 1939 1645 1992 fit
1674 1953 1855 2009 poena
1896 1936 2071 1990 ultrix
2112 1950 2182 1989 eo

521 2028 828 2099 modo,qui
844 2028 961 2083 dici
976 2029 1180 2099 nequit
1200 2048 1213 2093 ;
1229 2034 1283 2082 et
1296 2028 1669 2096 cognoscitur
1685 2025 2073 2094 Deusjudicia
2086 2025 2181 2092 fa-

521 2117 676 2172 ciens
709 2119 750 2180 9,
786 2122 840 2171 et
867 2119 1015 2171 Deus
1042 2119 1332 2172 ultionum
1360 2116 1537 2171 libere
1560 2117 1765 2184 agit”.
1804 2116 2040 2185 Propter
2069 2114 2183 2168 hoc

521 2205 698 2258 timor
718 2205 929 2259 invasit
961 2204 1283 2267 civitatem,
1308 2205 1727 2275 imperatorem
1758 2203 2093 2258 admiratio.
2120 2203 2181 2257 Et

521 2307 659 2345 cum
687 2297 843 2346 esset
874 2292 1073 2345 adhuc
1124 2308 1362 2347 crassus
1401 2292 1557 2355 vitio,
1615 2307 1723 2347 nec
1754 2297 1959 2363 posset
1989 2290 2184 2345 lucem

520 2379 822 2449 suscipere
850 2380 1123 2445 veritatis,
1149 2382 1381 2451 rogavit
1405 2385 1680 2436 sanctum
1704 2397 1716 2435 :
1746 2382 1891 2447 Quid
1920 2381 2045 2435 haec
2070 2378 2183 2434 sibi

521 2468 771 2523 volunt?
799 2474 854 2523 et
874 2484 1190 2541 quousque
1208 2486 1277 2525 ex
1300 2475 1501 2525 nostro
1523 2470 1748 2541 populo
1771 2470 1918 2525 alios
1940 2470 2183 2541 quidem

523 2571 559 2611 a
583 2557 696 2611 diis
720 2556 1005 2623 abduces,
1033 2556 1182 2612 alios
1224 2563 1421 2613 autem
1453 2559 1626 2613 morti
1654 2559 1851 2623 dedes,
1886 2564 1948 2613 ut
1972 2558 2183 2613 horum

522 2643 768 2714 quidem
799 2644 1222 2699 detrimentum
1262 2647 1583 2715 patiamur,
1617 2645 1747 2700 illos
1779 2650 1978 2700 autem
2006 2645 2185 2700 etiam

524 2730 699 2785 nobis
737 2731 1035 2787 habemus
1067 2732 1349 2788 adversos
1380 2733 1407 2787 ?
1464 2732 1688 2788 Deinde
1720 2734 1895 2789 etiam
1938 2734 2183 2803 rogavit,

524 2835 853 2889 quemnam
886 2820 1192 2877 habuisset
1213 2821 1540 2890 doctorem,
1569 2826 1625 2876 et
1650 2839 1716 2877 ex
1738 2838 1860 2895 quo
1891 2822 2188 2879 didicisset

528 2908 1068 2965 Christianismum.

603 3088 781 3142 XXIII.
815 3087 1022 3144 Christi
1053 3103 1193 3143 vero
1225 3092 1452 3160 martyr
1476 3089 1845 3146 conﬁdenter
1871 3092 2188 3149 conﬁtetur

530 3176 934 3244 Hermolaum,
963 3182 1026 3232 ut
1051 3177 1153 3248 qui
1177 3192 1295 3231 non
1321 3184 1522 3248 posset
1543 3194 1678 3233 eum
1712 3178 1921 3246 celare,
1942 3181 2043 3251 qui
2066 3196 2187 3236 non

530 3271 654 3321 erat
668 3266 889 3335 angulo
907 3266 1127 3335 dignus
1141 3266 1509 3322 etoblivione
1526 3283 1537 3321 :
1557 3268 1655 3322 sed
1670 3270 1819 3323 luce.
1838 3270 1970 3323 Cum
1986 3275 2187 3325 autem

528 3354 827 3424 jussisset,
844 3355 968 3410 utei
992 3356 1487 3426 producereturin
1513 3362 1927 3427 conspectum,
1944 3358 2189 3413 minime

533 3441 759 3497 distulit
793 3449 1036 3515 martyr,
1072 3450 1134 3498 ut
1161 3446 1266 3515 qui
1298 3444 1602 3500 didicisset
1632 3446 2013 3517 experientia,
2047 3463 2193 3518 qua-

532 3529 607 3585 lis
627 3539 777 3585 esset
798 3532 1109 3601 apudeum
1134 3533 1409 3603 linguaet
1435 3534 1761 3604 ingenium,
1788 3552 1923 3607 qua:
1959 3536 2191 3591 facilius

534 3635 747 3691 capere
788 3628 1049 3691 possent,
1079 3638 1261 3692 quam
1293 3622 1445 3693 capi.
1477 3623 1689 3678 Abiens
1715 3640 1855 3695 ergo
1876 3624 1969 3680 ille
1993 3625 2190 3693 justus

539 3708 717 3764 simul
748 3725 886 3764 cum
921 3709 1105 3765 tribus
1136 3712 1441 3777 militibus,
1471 3712 1691 3783 quibus
1727 3713 1951 3769 credita
1999 3713 2189 3768 fuerat

539 3798 667 3867 ejus
702 3798 990 3863 custodia,
1026 3799 1183 3854 venit
1227 3800 1284 3854 in
1317 3800 1587 3869 domum,
1626 3802 1685 3855 in
1721 3802 2079 3873 qualatebat
2105 3802 2188 3857 di-

540 3887 715 3942 vinus
749 3886 1109 3943 Hermolaus.
1145 3890 1332 3954 Quem
1355 3904 1493 3944 cum
1525 3890 1654 3961 ipse
1681 3893 2009 3962 aspexisset
2038 3909 2048 3947 :
2083 3896 2193 3947 Cur

538 3977 658 4031 huc
689 3977 917 4040 venisti,
950 3976 1053 4043 ﬁli,
1086 3982 1142 4031 et
1172 3993 1436 4047 quanam
1463 3978 1536 4033 de
1569 3996 1752 4035 causa
1779 3978 2068 4047 7rogavit.
2096 3981 2191 4033 Ille

539 4081 682 4121 vero
707 4068 807 4121 :Te
828 4071 1018 4133 vocat,
1038 4064 1598 4137 inquit,imperator,
1622 4069 1864 4123 domine
1889 4070 1966 4124 mi
1990 4086 2190 4124 senex.

544 4156 595 4208 Is
620 4170 760 4209 vero
786 4154 951 4221 dixit,
981 4170 1041 4209 se
1062 4155 1176 4209 hoc
1209 4154 1375 4219 scire,
1404 4157 1692 4226 quoniam
1742 4158 1907 4213 adest
1958 4164 2193 4228 tempus

542 4242 807 4313 patiendi
834 4247 889 4296 et
921 4244 1211 4297 moriendi
1240 4259 1347 4313 pro
1378 4243 1626 4307 Christo,
1662 4250 1719 4300 ut
1748 4245 1867 4317 ipse
1899 4246 1949 4301 ei
1976 4246 2195 4317 signiﬁ-

541 4335 781 4386 caverat
809 4330 907 4385 iIIa
936 4336 1125 4386 nocte.
1163 4332 1474 4404 Postquam
1500 4349 1641 4403 ergo
1672 4334 1749 4389 illi
1809 4336 2199 4394 constiterunt

542 4424 678 4475 ante
708 4418 1151 4490 imperatorem,
1178 4421 1278 4476 ille
1323 4422 1569 4492 rogavit,
1606 4423 1885 4495 quisnam
1943 4432 2102 4483 esset
2147 4428 2198 4481 ei

542 4522 786 4563 nomen.
818 4508 871 4562 Is
898 4524 1034 4564 vero
1086 4514 1142 4565 et
1198 4526 1416 4566 nomen
1448 4511 1609 4579 dixit,
1647 4516 1704 4567 et
1729 4528 1848 4567 non
1881 4514 2090 4570 celavit
2139 4531 2200 4570 se

545 4611 673 4651 esse
687 4596 1096 4653 Christianum.
1121 4598 1336 4653 Deinde
1354 4616 1479 4654 cum
1496 4606 1761 4668 rogasset
1777 4602 2104 4672 imperator,
2122 4620 2198 4659 an

544 4684 725 4740 etiam
742 4700 940 4739 secum
964 4686 1112 4741 alios
1128 4686 1374 4742 haberet
1391 4688 1772 4755 Christianos,
1791 4690 1881 4745 ille
1896 4707 2033 4747 cum
2047 4701 2200 4750 esset

547 4789 746 4837 verax,
766 4774 929 4837 dixit,
950 4775 1341 4845 Hermippum
1362 4780 1418 4831 et
1447 4779 1909 4843 Hermocratem,
1925 4796 2077 4852 quos
2103 4784 2201 4837 ha-

544 4862 744 4917 bebat.
775 4864 918 4918 Cum
948 4878 1048 4919 eos
1074 4878 1214 4932 ergo
1236 4864 1511 4935 jussisset
1542 4867 1717 4923 etiam
1752 4869 1871 4923 sisti
1900 4886 2036 4925 cum
2066 4874 2196 4927 Her-

548 4951 765 5016 molao,
794 4952 893 5007 ubi
924 4952 1220 5008 affuerunt
1252 4971 1263 5008 :
1296 4954 1410 5009 Vos
1435 4955 1594 5021 estis,
1638 4957 1841 5026 inquit,
1865 4959 1965 5030 qui
1996 4964 2201 5016 Panto-

544 5039 780 5095 Ieonem
803 5056 837 5094 a
856 5039 1016 5095 cultu
1041 5040 1286 5097 deorum
1307 5042 1637 5099 abduxistis
1654 5044 1681 5099 ?
1700 5045 1781 5099 Illi
1801 5052 1996 5102 antem
2032 5064 2042 5101 :
2069 5051 2193 5111 Eos,

548 5128 845 5201 inquiunt,
862 5130 965 5200 qui
980 5129 1111 5200 ipso
1130 5130 1297 5199 digni
1324 5137 1478 5195 sunt,
1506 5132 1767 5188 Christus
1782 5136 1883 5189 scit
1909 5136 1983 5190 ad
2004 5136 2197 5193 lucem

544 5233 777 5273 vocare.
808 5220 1135 5291 Imperator
1163 5224 1364 5274 autem
1396 5236 1408 5274 :
1442 5220 1645 5285 Missis,
1674 5222 1884 5294 inquit,
1918 5225 2115 5295 nugis,
2150 5226 2198 5281 si

546 5307 721 5361 vultis
742 5308 818 5363 ab
845 5308 956 5364 hac
978 5307 1173 5379 priore
1194 5308 1370 5380 culpa
1395 5309 1643 5373 absolvi,
1668 5315 1721 5367 et
1743 5312 1811 5367 iis
1841 5313 1934 5383 qui
1966 5330 2000 5368 a
2027 5314 2200 5370 nobis

548 5400 845 5461 amantur,
879 5403 935 5452 et
964 5397 1188 5468 primos
1208 5396 1467 5453 honores
1486 5416 1521 5457 a
1539 5399 1711 5457 nobis
1737 5408 2196 5473 consequuntur,

623 5572 643 5605 ο
686 5567 839 5632 Psal.
882 5585 960 5633 IX,
1008 5572 1091 5626 l7.
1172 5571 1216 5605 ¹⁰
1257 5569 1408 5627 Psal.
1450 5578 1669 5641 mum.

2363 950 2478 1005 KB'.
2538 955 2607 1004 T6
2664 955 2753 1023 μὲν
2803 952 2889 1004 οὖν
2947 953 3110 1024 παρόν
3162 949 3440 1023 ἐλάμϐανεν
3491 951 3648 1003 αύτόν
3696 953 3724 1009 ἡ
3774 952 3870 1024 εἱρ-

2288 1045 2403 1103 κτὴ,
2466 1044 2557 1102 ἓως
2597 1043 2625 1099 ἡ
2678 1050 2770 1093 τοῦ
2824 1051 3022 1116 τροχοῦ
3066 1045 3362 1099 κατασκευὴ
3423 1044 3641 1111 γένοιτο.
3696 1040 3779 1101 Ὠς
3816 1037 3868 1093 δε

2289 1126 2396 1187 ἤδη
2454 1135 2543 1182 καὶ
2600 1134 3009 1195 κατεσκεύαστο,
3068 1130 3298 1190 πλήθους
3353 1129 3505 1182 πάλιν
3563 1125 3869 1201 συνδραμόν-

2290 1238 2375 1278 τος
2422 1219 2631 1283 πολλοῦ,
2689 1220 2779 1272 ἅτε
2829 1219 3089 1292 βασιλέως
3148 1219 3303 1271 αὑτοῦ
3372 1221 3554 1271 θεατοῦ
3611 1224 3867 1291 παρόντος,

2290 1304 2564 1378 δεσμείται
2616 1310 2641 1359 6
2694 1311 2891 1381 μάρτυς
2942 1313 3073 1381 πρός
3121 1317 3193 1379 τῷ
3219 1316 3420 1380 τροχῷ,
3450 1313 3541 1359 καὶ
3581 1307 3733 1368 αύτός
3757 1310 3874 1359 ἄνω-

2293 1399 2371 1449 θεν
2410 1399 2545 1449 κατά
2597 1405 2687 1450 τοῦ
2740 1406 2964 1471 πρανοῦς
3019 1396 3245 1469 ἀφίεται.
3299 1403 3397 1450 Καὶ
3439 1405 3512 1467 τῷ
3556 1399 3644 1469 μὲν
3680 1396 3874 1467 ψαλμός

2289 1488 2353 1537 τὰ
2404 1485 2555 1557 χείλη
2616 1488 2767 1539 ἐκίνει
2819 1492 2907 1539 καὶ
2962 1486 3095 1557 εύχὴ
3146 1486 3379 1538 καλοῦσα
3426 1489 3514 1538 τὸν
3569 1489 3785 1536 Δυνατόν
3814 1484 3872 1545 εἰς

2292 1573 2618 1649 ἐπικουρίαν.
2675 1575 2734 1627 Ὀ
2789 1572 2848 1628 δὲ
2900 1579 2958 1628 τὸ
3015 1579 3186 1647 τάχος
3235 1585 3407 1649 παρῆν
3460 1574 3737 1646 ἐνισχύων,
3792 1580 3873 1626 καὶ

2294 1661 2487 1735 δεῖγμα
2529 1672 2624 1726 τῆς
2661 1670 2955 1739 παρουσίας
3007 1664 3284 1739 ἐρρήγνυτο
3329 1668 3394 1717 τὰ
3445 1662 3638 1737 δεσμὰ,
3693 1666 3717 1715 6
3754 1667 3872 1736 μάρ-

2291 1774 2383 1814 τυς
2439 1754 2605 1806 ἀνίετο
2653 1760 2741 1806 καὶ
2794 1763 2957 1807 κακοῦ
2991 1758 3181 1815 παντὸς
3228 1756 3442 1814 ἄθικτος
3486 1751 3566 1811 ἧν·
3622 1754 3647 1805 6
3694 1756 3872 1827 τροχός

2294 1840 2352 1895 δὲ
2399 1844 2457 1894 ού
2502 1848 2615 1895 κατ’
2668 1842 2859 1895 ἐκείνου
2913 1843 3122 1915 μᾶλλον,
3180 1842 3284 1895 ἀλλ’
3334 1844 3461 1917 ὑπερ
3503 1842 3693 1895 ἐκείνου
3742 1847 3869 1916 φερό-

2292 1952 2456 2004 μενος,
2499 1932 2712 1993 πολλοὺς
2760 1932 3015 1985 ἀπόλλυσι
3070 1942 3168 1984 τῶν
3226 1933 3483 1997 ἀπίστων,
3533 1937 3629 1984 καὶ
3693 1936 3873 2003 γίνεται

2292 2023 2426 2074 οὕτω
2473 2025 2699 2095 τιμωρός
2756 2020 2990 2096 ἀρρήτως
3043 2024 3073 2079 ἠ
3129 2027 3377 2095 τιμωρία,
3438 2027 3528 2074 καὶ
3579 2027 3872 2091 γινώσκεται

2295 2114 2483 2184 Κύριος
2538 2116 2769 2184 κρίματα
2824 2120 2982 2163 ποιῶν
3058 2115 3144 2163 καὶ
3200 2114 3322 2173 Θεὸς
3390 2113 3417 2161 6
3498 2119 3598 2163 τῶν
3676 2106 3874 2167 ἔκδική-

2294 2218 2420 2251 σεων
2496 2197 2739 2271 ἐκδήμως
2816 2200 3255 2274 παρρησιάζεται.
3318 2198 3477 2261 Φόϐος
3534 2198 3618 2253 ἐπὶ
3689 2202 3872 2260 τούτοις

2292 2292 2422 2361 ἔσχε
2477 2294 2569 2347 τὴν
2613 2290 2781 2357 πόλιν,
2824 2293 3000 2360 θαῦμα
3036 2293 3123 2341 τὸν
3176 2288 3420 2361 βασιλέα,
3471 2295 3560 2341 καὶ
3608 2293 3679 2341 ἔτι
3710 2292 3874 2359 παχὺς

2293 2382 2359 2428 ὢν
2390 2382 2482 2435 τὴν
2534 2383 2720 2429 κακίαν
2751 2384 2839 2429 καὶ
2888 2386 2978 2430 τοῦ
3025 2386 3117 2439 τῆς
3166 2377 3425 2439 εὐσεϐείας
3475 2381 3642 2450 φωτός
3690 2377 3874 2450 ἀπαρά-

2295 2464 2497 2534 δεκτος,
2551 2466 2855 2520 ἐπυνθάνετο
2910 2469 3054 2539 παρὰ
3108 2474 3199 2519 τοῦ
3254 2468 3429 2538 ἁγίου·
3481 2470 3639 2520 Πόθεν
3682 2474 3872 2527 ταῦτα;

2294 2561 2380 2608 καὶ
2432 2558 2567 2628 ἄχρι
2595 2562 2750 2622 τίνος,
2799 2562 2979 2629 φησὶν,
3035 2560 3151 2617 τοὺς
3196 2559 3285 2628 μεν
3325 2559 3578 2629 ἡμετέρου
3625 2555 3747 2608 λαοῦ
3786 2562 3873 2605 τῶν

2298 2648 2421 2697 θεῶν
2479 2645 2817 2711 ἀποστήσεις,
2892 2649 3019 2706 τοὺς
3106 2641 3165 2698 δὲ
3248 2648 3454 2717 θανάτῳ
3510 2644 3872 2718 παραπέμψας,

2296 2734 2360 2785 ἱν“
2418 2733 2633 2795 ἐκείνους
2686 2739 2775 2805 μεν
2823 2734 2985 2787 τελεον
3038 2735 3382 2807 ζημιοίμεθα,
3435 2738 3644 2795 τούτους
3691 2730 3747 2786 δί
3796 2737 3873 2784 καὶ

2295 2824 2410 2876 καθ’
2459 2825 2605 2896 ἡμῶν
2653 2826 2900 2895 ἔχοιμενς
2935 2820 3063 2877 Εἶτα
3103 2828 3192 2875 καὶ
3225 2828 3339 2876 τίνα
3388 2825 3521 2895 ἔσχε
3548 2827 3633 2875 τόν
3678 2818 3871 2874 παιδευ·

2295 2916 2388 2969 τὴν
2456 2914 2624 2985 ἤρετο,
2679 2918 2768 2965 καὶ
2824 2916 2968 2987 παρὰ
3022 2917 3161 2975 τίνος
3212 2914 3371 2985 μάθοι
3432 2916 3520 2965 τόν
3586 2920 3874 2986 Χριστιανι-

2215 2984 2257 3040 C
2298 3008 2449 3075 σμόν.

2370 3093 2487 3146 Kl".
2534 3090 2592 3144 Ὀ
2645 3088 2704 3143 δὲ
2752 3098 2842 3143 τοῦ
2890 3099 3125 3165 Χριστοῦ
3174 3093 3374 3165 μάρτυς
3428 3092 3742 3167 θάῤῥούντως
3772 3091 3877 3162 ὀμο-

2298 3182 2433 3252 λογεῖ
2483 3185 2571 3232 καὶ
2628 3189 2835 3254 φανεροῖ
2889 3184 2976 3232 τὸν
3046 3180 3347 3254 Ἑρμόλαον,
3420 3181 3478 3233 ού
3534 3184 3767 3253 κρύπτειν
3819 3178 3877 3230 εἰ-

2301 3267 2405 3329 δὼς
2462 3273 2547 3321 τὸν
2600 3274 2670 3340 μὴ
2730 3274 2918 3341 γωνίας
2967 3274 3055 3321 καὶ
3108 3270 3292 3335 λήθης,
3355 3268 3491 3322 ἀλλὰ
3538 3274 3695 3343 φωτός
3732 3269 3879 3330 ἄξιον.

2302 3358 2440 3411 Ἐπεὶ
2488 3355 2548 3410 δὲ
2602 3357 2858 3410 ἐκέλευσεν
2914 3365 3003 3411 καὶ
3055 3358 3125 3421 εἰς
3189 3358 3308 3429 ὄψιν
3363 3359 3513 3429 αύτῴ
3568 3360 3810 3430 γενέσθαι,
3858 3357 3879 3407 ὁ

2301 3449 2496 3519 μάρτυς
2574 3448 2667 3498 οὐκ
2728 3446 3051 3511 ἀνεϐάλλετο,
3140 3452 3294 3520 πείρα
3362 3450 3563 3519 μαθὼν,
3645 3449 3725 3500 οἷα
3772 3444 3879 3518 παρ’

2301 3536 2438 3605 αύτῴ
2491 3536 2695 3606 γλῶττα
2749 3540 2838 3588 καὶ
2918 3540 3088 3609 φρένες
3148 3538 3310 3608 θηρᾴν
3371 3536 3562 3608 μᾶλλον
3628 3540 3656 3594 ἧ
3741 3536 3880 3607 θηρᾶ-

2303 3626 2427 3677 σθαι
2496 3621 2797 3696 δυνάμεναι.
2872 3625 3130 3678 Ἀπελθὼν
3207 3630 3380 3677 τοίνυν
3435 3628 3460 3677 6
3537 3622 3733 3686 δίκαιος
3796 3627 3878 3674 σὺν

2300 3713 2409 3784 ἅμα
2459 3719 2603 3787 τρισὶ
2644 3719 2993 3787 στρατιώταις
3042 3719 3147 3774 τοῖς
3192 3718 3285 3771 τὴν
3331 3714 3566 3786 φυλακὴν
3612 3714 3763 3765 αὐτοῦ
3807 3730 3880 3763 πι-

2303 3804 2582 3868 στευθείσι,
2653 3802 2967 3874 προσϐάλλει
3016 3812 3087 3872 τῷ
3157 3799 3429 3874 δωματίῳ,
3499 3806 3617 3856 ἔνθα
3680 3804 3703 3853 6
3764 3802 3881 3858 θεῖος

2298 3891 2577 3963 Ἑρμόλαος
2624 3896 2975 3965 κρυπτόμενος
3033 3888 3114 3957 ἧν,
3192 3893 3245 3943 ὃν
3320 3892 3481 3953 αύτός
3569 3893 3876 3951 θεασάμενος·

2300 3986 2363 4033 Τί
2416 3983 2534 4042 ἧκες
2592 3980 2832 4045 ἐνταῦθα,
2879 3986 3070 4046 τέκνον,
3123 3985 3210 4032 καὶ
3262 3986 3403 4044 τίνος
3452 3984 3612 4056 χάριν
3645 3998 3656 4048 ;
3690 3978 3877 4032 διεπυν·

2306 4072 2501 4124 θάνετο.
2556 4076 2656 4123 Καὶ
2702 4073 2775 4131 ὃς·
2832 4070 2890 4122 Ὀ
2940 4069 3208 4142 βασιλεὺς,
3264 4073 3385 4142 ἔφη,
3434 4071 3579 4124 καλεῖ
3628 4089 3700 4136 σε,
3753 4069 3883 4140 κύριί

2304 4178 2403 4229 μου
2430 4157 2714 4229 πρεσϐύτα.
2745 4158 2803 4210 Ὀ
2850 4155 2909 4211 δε
2938 4164 3213 4230 γινώσκειν
3256 4159 3397 4230 ἔλεγε
3435 4168 3606 4225 τοῦτο,
3652 4162 3752 4211 ἐπεὶ
3803 4159 3881 4206 καὶ

2307 4248 2333 4298 6
2390 4252 2567 4319 καιρός
2623 4250 2846 4322 πάρεστι
2921 4256 3012 4300 τοῦ
3066 4250 3191 4321 ὑπὲρ
3248 4256 3485 4322 Χριστοῦ
3538 4250 3711 4301 παθεῖν
3765 4243 3882 4315 κάμε

2232 4330 2277 4385 D
2308 4341 2397 4389 καὶ
2440 4339 2622 4402 θανεῖν,
2666 4340 2732 4399 ὥς
2784 4356 2873 4408 μοι
2920 4345 3013 4399 τῆς
3070 4340 3256 4397 νυκτὸς
3300 4341 3497 4400 ταύτης
3545 4337 3697 4397 αύτός
3739 4331 3882 4390 δεδὴ-

2309 4425 2483 4477 λωκεν.
2539 4424 2624 4487 Ὠς
2668 4425 2754 4477 οὖν
2801 4424 3102 4487 ἀπελθόντες
3158 4435 3230 4495 τῷ
3286 4424 3500 4497 βασιλεῖ
3548 4429 3882 4499 παρέστησαν,

2309 4520 2562 4587 προσχὼν
2646 4515 2832 4576 ἐκεῖνος
2892 4523 2964 4584 τῷ
3038 4513 3301 4585 πρεσϐύτῃ
3354 4521 3438 4576 τίς
3491 4533 3543 4566 τε
3584 4517 3657 4571 εἴη
3708 4515 3791 4563 καὶ
3840 4512 3884 4558 τί

2310 4604 2467 4674 ὄνομα
2520 4603 2661 4673 αύτῷ
2715 4603 2884 4674 ἦρετο.
2933 4602 2991 4654 Ὀ
3051 4599 3109 4655 δὲ
3154 4608 3241 4654 καὶ
3292 4606 3349 4654 τὸ
3403 4608 3561 4675 ὄνομα
3599 4604 3686 4674 ἔφη
3727 4598 3883 4651 καὶτὸ

2311 4694 2620 4764 Χριστιανός
2668 4687 2795 4743 εἶναι
2852 4691 2944 4743 ούκ
3025 4689 3384 4761 ἀπεκρύψατο.
3472 4693 3596 4745 Εἶτα
3666 4689 3883 4764 ἐρομένου

2314 4788 2399 4831 τοῦ
2446 4778 2720 4850 βασιλέως,
2778 4780 2821 4831 εἰ
2877 4786 2966 4831 καὶ
3015 4778 3195 4839 ἄλλους
3246 4782 3366 4851 ἔχοι
3421 4782 3755 4853 Χριστιανούς
3801 4779 3882 4826 σὺν

2312 4868 2466 4937 αὐτῷ,
2550 4867 2831 4938 φιλαλήθης
2910 4869 2975 4918 ὡν
3050 4866 3259 4931 ἐκεῖνος,
3332 4869 3621 4940 Ἐρμιππόν
3696 4884 3744 4917 τε
3805 4865 3883 4913 καὶ

2308 4956 2660 5031 Ἑρμοκράτην
2708 4958 2796 5017 οὖς
2849 4953 3007 5027 εἶχεν,
3061 4959 3281 5029 εἴρηκεν.
3329 4962 3555 5017 Τούτους
3598 4952 3681 5007 οὖν
3727 4952 3883 5023 ἀχθῆ-

2308 5066 2392 5097 ναι
2442 5052 2530 5097 καὶ
2591 5049 2681 5097 σύν
2736 5045 2999 5119 Ἑρμολάῳ
3052 5056 3387 5119 παραστῆναι
3446 5046 3585 5115 αύτῷ
3637 5042 3880 5101 κελεύσας,

2310 5136 2416 5188 ἐπεὶ
2486 5140 2838 5209 παρέστησαν·
2896 5136 3065 5209 Ὑμεῖς
3123 5138 3260 5201 ἐστε,
3317 5140 3433 5207 ἔφη,
3493 5138 3541 5187 οἶ
3592 5137 3677 5185 τὸν
3756 5136 3880 5181 Παν-

2309 5226 2544 5278 τολέοντα
2588 5234 2677 5285 τῆς
2729 5234 2827 5277 τῶν
2897 5228 3018 5278 θεῶν
3074 5225 3402 5283 ἀπεστήσατε
3468 5227 3778 5296 θρησκείας;
3826 5215 3883 5266 Οἰ

2311 5312 2388 5367 δέ·
2433 5318 2565 5375 Τοὺς
2618 5313 2792 5376 ἀξίους
2843 5316 2867 5366 6
2911 5318 3140 5387 Χριστὸς
3171 5311 3282 5367 οἶδε
3312 5314 3481 5366 καλεῖν
3515 5316 3634 5386 πρὸς
3678 5312 3737 5360 τὸ
3766 5313 3879 5377 φῶς-

2312 5408 2412 5457 Καὶ
2470 5405 2493 5454 6
2554 5402 2815 5475 βασιλεύς·
2868 5403 3097 5475 ’Δφέντες
3142 5407 3201 5457 τὸ
3250 5403 3542 5474 κενολογεῖν,
3600 5402 3711 5470 ἔφη,
3749 5397 3876 5466 εἴπερ
