4034 6206
207 332 299 389 473

1399 332 1565 388 VITA
1608 328 1667 385 S.
1708 323 1796 384 ΡΑ
1806 322 2329 388 NTELEEMONIS.

3430 318 3528 384 471

199 456 435 530 βούλεσθε
480 460 567 509 καὶ
616 464 713 519 τῆς
781 461 1029 533 προτέρας
1100 460 1297 521 ταύτης
1354 458 1523 519 αἰτίας
1584 456 1775 510 ἀπολυ-

1890 458 2296 523 annumerari,
2353 456 2564 512 efﬁcite
2603 460 2668 513 ut
2696 456 2745 512 ei
2794 455 3227 528 persuadeatur
3272 456 3383 512 diis
3435 473 3531 511 sa-

197 550 332 604 θῆναι
387 551 476 598 καὶ
555 553 660 606 τοῖς
722 548 847 620 παρ’
912 550 1057 619 ἡμῶν
1132 548 1456 620 φιλουμένοις
1531 552 1621 599 καὶ
1678 555 1775 597 τῶν

1499 638 1777 694 πεισθῆναι

1674 722 1771 776 δέ’

191 821 295 875 Πῶς
345 814 404 864 ἄν
448 822 599 866 τοῦτο
649 811 921 885 δράσειαν,
974 813 1136 882 εἶπον,
1189 819 1236 867 οἱ
1283 822 1514 888 πρώτους
1563 815 1777 875 ἑαυτοὺς

189 909 443 964 πείσαντες
494 908 564 974 μὴ
620 905 914 963 ἀποστῆναι
966 913 1199 972 Χριστοῦ
1259 902 1397 975 μηδὲ
1453 912 1647 975 κωφοῖς
1703 906 1776 954 εἰ-

190 988 362 1053 δώλοις
438 994 623 1044 θυσίαν
698 1002 1103 1067 προσενεγκεῖν;
1163 996 1342 1047 Ταῦτά
1423 1014 1475 1046 τε
1552 994 1777 1054 εἰπόντες

194 641 390 708 πρώτων
463 634 763 706 ἠξιωμένοις
835 646 996 708 τιμῶν
1074 646 1413 709 συνταγῆναι,

191 733 354 777 τοῦτον
404 728 840 798 παρασκευάσατε
910 735 1012 787 τοῖς
1095 729 1226 788 θεοῖς
1301 730 1477 779 θῦσαι.
1531 728 1596 777 Οἱ

187 1087 265 1133 καὶ
292 1082 357 1141 εἰς
403 1081 652 1154 οὐρανούς
681 1085 891 1153 ὄμματα
939 1084 1169 1141 αἰσθητά
1217 1103 1270 1135 τε
1319 1084 1427 1155 ἅμα
1478 1088 1567 1134 καὶ
1615 1083 1775 1138 νοητά

1886 546 2168 602 criﬁcare.
2230 547 2315 601 Illi
2391 563 2551 611 vero,
2639 546 2971 612 Quomodo,
3044 546 3337 615 inquiunt,
3415 546 3530 601 hoc

1886 636 2198 691 fecerimus
2229 637 2331 709 qui
2374 636 2625 708 primum
2660 636 2833 691 nobis
2869 634 3339 707 persuaserimus
3367 635 3525 689 Chri-

1885 731 2041 780 stum
2074 741 2194 781 non
2225 726 2515 792 deserere,
2551 741 2657 780 nec
2700 724 2894 779 surdis
2941 722 3277 778 simulacris
3319 722 3527 778 offerre

1886 812 2240 868 sacriﬁcium
2270 814 2298 867 ?
2334 813 2466 869 Haec
2509 813 2804 876 dixerunt,
2852 817 2907 866 et
2956 827 3168 866 sensus
3208 816 3263 865 et
3312 810 3527 866 mentis

1884 901 2087 958 oculos
2112 903 2168 957 in
2190 904 2370 958 caelos
2397 902 2781 957 sustulerunt.
2809 902 2899 957 Sic
2917 899 3298 971 precantibus
3330 904 3529 954 autem

1885 998 2130 1064 apparet
2166 993 2463 1049 Salvator:
2493 998 2549 1047 et
2580 997 2737 1047 totus
2768 991 2965 1046 statim
3005 989 3169 1045 locus
3198 988 3455 1059 agitatur
3477 992 3534 1043 et

1885 1088 2173 1136 movetur.

185 1170 322 1244 ἦραν.
355 1171 506 1223 Οὕτω
536 1167 595 1223 δὲ
626 1171 930 1243 εὐχομένοις
956 1172 1281 1244 ἐπιφαίνεται
1311 1175 1335 1224 6
1366 1177 1563 1243 Σωτὴρ,
1597 1175 1687 1222 καὶ
1722 1172 1746 1222 6
1774 1174 1930 1233 τόπος
1961 1170 2111 1233 εὐθὺς
2141 1171 2249 1231 ὅλος
2275 1171 2436 1243 κλόνῳ
2463 1178 2551 1225 καὶ
2582 1179 2784 1244 σεισμῷ
2820 1169 3084 1244 βάλλεται.

254 1260 366 1315 ΚΔ’.
417 1259 477 1311 Ὀ
528 1256 586 1312 δέ
631 1280 690 1331 γι
741 1269 856 1322 ταῖς
906 1261 1167 1324 ἀληθείαις
1216 1260 1645 1333 διασεσεισμένος
1688 1264 1775 1311 τόν

186 1356 290 1398 νοῦν
372 1346 624 1419 βασιλεὺς
700 1352 817 1409 τοὺς
910 1352 1052 1411 θεοὺς
1132 1354 1223 1422 ἔφη
1313 1350 1780 1421 ἀγανακτήσαντας

188 1443 346 1489 σεῖσαι
406 1441 501 1495 τὴν
548 1445 686 1507 γῆνς
741 1443 873 1511 πρὸς
921 1440 973 1490 ὃν
1022 1441 1047 1491 ό
1103 1442 1303 1514 μάρτυς
1374 1440 1512 1511 μάλα
1563 1448 1779 1504 συνετῶς

185 1530 264 1577 καὶ
307 1531 577 1596 γενναίως·
616 1527 677 1581 Εἰ
726 1524 785 1580 δε
823 1534 911 1579 καὶ
962 1528 1148 1589 αὐτοὺς
1201 1528 1435 1599 συμϐαίη
1486 1533 1604 1589 τοὺς
1636 1530 1777 1591 θεούς

189 1633 272 1665 σου
316 1623 643 1667 καταπεσεῖν·
680 1620 839 1669 Οὔπω
892 1622 1045 1689 πέρας
1098 1620 1239 1690 εἶχεν
1293 1620 1319 1670 ό
1372 1618 1537 1689 λόγος,
1567 1623 1656 1669 καί
1698 1637 1779 1679 τις

186 1710 271 1753 τῶν
319 1711 409 1754 τοῦ
466 1702 726 1775 βασιλέως
776 1710 1184 1779 παραγενόμενος
1232 1704 1292 1765 ἧν
1339 1707 1554 1777 ἄγγελος
1606 1707 1776 1778 ἐκείνῳ

186 1799 266 1850 τῆς
311 1799 608 1867 συμφορᾶς·
664 1796 729 1846 Οἱ
790 1797 913 1855 θεοὶ,
963 1793 1002 1846 ὦ
1061 1794 1301 1867 βασιλεῦ,
1359 1796 1537 1866 λέγων,
1595 1798 1776 1847 ἔπεσόν

1961 1261 2148 1317 XXIV.
2208 1262 2429 1318 Emotaa
2469 1267 2683 1317 autem.
2714 1278 2913 1316 revera
2952 1260 3166 1316 mentis
3212 1259 3534 1330 imperator

1888 1349 2137 1413 dicebat,
2160 1351 2307 1406 deos
2328 1351 2670 1417 indignatos
2697 1351 2948 1406 movisse
2980 1356 3216 1405 terram.
3247 1348 3345 1404 Cui
3376 1363 3534 1403 mar-

1889 1444 2044 1509 tyres
2072 1440 2391 1511 prudenter
2421 1440 2750 1495 admodum
2782 1444 2840 1495 et
2870 1439 3118 1494 fortiter:
3148 1438 3202 1493 Si
3223 1438 3535 1505 contigerit

1888 1528 2054 1600 ipsos
2066 1546 2307 1601 quoque
2330 1530 2474 1585 deos
2491 1534 2647 1594 tuos,
2661 1530 2959 1601 inquiunt,
2980 1544 3097 1584 una
3114 1527 3366 1583 cadere?
3384 1530 3534 1583 Non-

1885 1618 2029 1673 dum
2058 1618 2224 1674 ﬁnita
2254 1624 2379 1674 erat
2405 1620 2613 1683 oratio,
2644 1623 2699 1673 et
2726 1618 2972 1690 quidam
3002 1634 3071 1673 ex
3115 1618 3394 1673 ministris
3420 1618 3531 1672 im-

1886 1708 2174 1779 peratoris
2200 1708 2446 1763 accessit
2462 1708 2539 1763 ad
2558 1708 2742 1772 illum,
2760 1706 3003 1762 nuntius
3022 1706 3402 1762 calamitatis:
3422 1707 3529 1772 Dii,

1885 1797 2111 1861 dicens,
2136 1813 2171 1852 ο
2203 1798 2544 1868 imperator,
2571 1797 2978 1852 cecideruntet
3007 1796 3237 1850 contriti
3261 1801 3416 1849 sunt.
3440 1796 3531 1851 Sic

187 1899 233 1931 τε
268 1886 351 1933 καὶ
400 1881 800 1955 συνετρίϐησαν.
837 1885 1013 1945 Οὕτως
1058 1888 1105 1937 οἱ
1150 1884 1356 1959 φοϐεροὶ
1407 1892 1496 1937 καὶ
1540 1890 1632 1942 τὴν
1676 1894 1775 1955 γῆν

1890 1886 1968 1941 illi
2000 1886 2283 1941 terribiles
2310 1894 2365 1941 et
2396 1891 2608 1942 terram
2650 1886 3001 1957 quatientes,
3034 1885 3306 1955 iacebant
3328 1886 3385 1939 in
3416 1889 3527 1939 ter-

190 1975 412 2035 σείοντες,
472 1980 663 2042 πτῶμα
719 1975 908 2025 ἱκειντο
976 1977 1215 2046 πονηρόν,
1270 1982 1374 2035 τοῖς
1429 1978 1533 2045 οὐχ
1591 1976 1777 2046 ὁμοίως

188 2058 376 2130 τυφλοῖς
422 2056 553 2112 οὐδὲ
599 2060 915 2134 αὐτόχρημα
961 2062 1117 2124 λίθοις
1166 2063 1351 2116 πολλοῦ
1400 2063 1620 2135 γέλωτος
1655 2063 1775 2121 ἀλη-

190 2151 274 2210 θῶς
317 2150 474 2213 ἄξιοι.
511 2149 715 2224 ’Έτερος
757 2156 846 2223 μεν
900 2150 989 2205 οὖν
1044 2158 1134 2205 καὶ
1188 2152 1451 2228 βραχείας
1506 2153 1774 2206 ἀπολαύων

186 2241 348 2309 φρενός
397 2245 487 2291 καὶ
541 2244 611 2310 μὴ
662 2248 724 2312 τῇ
777 2250 946 2315 μορφῇ
997 2248 1125 2315 μόνη
1178 2251 1269 2295 τοῦ
1316 2248 1387 2314 μὴ
1432 2252 1617 2304 κτῆνος
1648 2240 1775 2295 εἶναι

188 2336 389 2399 φανερῶς
436 2334 808 2401 πιστευόμενος
859 2330 954 2382 κᾶν
1006 2330 1197 2402 ἐπέγνω
1255 2336 1342 2384 τόν
1397 2329 1602 2402 ἀψευδῆ
1652 2336 1774 2385 Θεὸν

185 2421 260 2466 καὶ
307 2424 470 2469 ποιεῖν
521 2426 689 2469 ταῦτα
746 2415 1026 2490 δυνάμενον
1055 2439 1068 2452 ο
1106 2419 1216 2472 ἀλλ’
1257 2420 1347 2472 οὐκ
1394 2420 1578 2483 ἐκεῖνος
1607 2437 1618 2449 ·
1667 2421 1772 2474 ἀλλ’

185 2504 224 2552 εἶ
271 2521 318 2553 τι
370 2502 593 2575 βελτίων
642 2507 855 2577 ὑπῆρχε
911 2512 1001 2559 καὶ
1051 2509 1172 2560 ὅσον
1230 2509 1469 2560 ἀπώνατο
1525 2507 1623 2561 ἀπὸ
1680 2518 1773 2571 τῆς

186 2593 473 2663 θεοσημίας,
535 2593 634 2646 ἀπὸ
707 2604 807 2647 τῶν
874 2600 1036 2669 ἔργων
1110 2598 1257 2659 εὐθὺς
1335 2594 1489 2658 δῆλος
1554 2603 1771 2669 γίνεται.

185 2680 367 2733 Αὐτίκα
415 2686 520 2756 γὰρ
578 2693 677 2735 τῶν
725 2687 815 2755 μεν
871 2694 1025 2760 τριῶν
1071 2686 1231 2758 ἁγίων
1281 2687 1482 2739 ἐκείνων
1532 2691 1663 2759 μετὰ
1715 2692 1772 2740 τό

186 2769 327 2823 πολλά
368 2776 586 2833 τούτους
634 2773 855 2827 κολάσαι
902 2778 987 2827 τὸν
1038 2773 1130 2828 διὰ
1175 2776 1348 2849 ξίφους
1398 2779 1613 2829 θάνατον
1658 2774 1775 2830 δια-

184 2865 357 2930 κρίνει·
418 2863 777 2916 Παντολέοντα
821 2861 880 2917 δε
936 2868 1023 2918 τόν
1083 2870 1241 2939 μέγαν
1298 2876 1368 2937 τῷ
1427 2864 1774 2941 δεσμωτηρίῳ

184 2954 303 3001 κατὰ
343 2954 399 3003 τὸ
442 2956 613 3025 παρόν
664 2950 882 3009 δίδωσι.
914 2957 991 3008 Τά
1043 2959 1132 3027 μεν
1175 2954 1261 3008 οὖν
1309 2955 1635 3029 ἀναιρεθέντα
1678 2966 1774 3009 τῶν

184 3042 441 3113 μαρτύρων
507 3047 726 3114 σώματα
797 3044 931 3096 οὕτω
1001 3050 1206 3117 κείμενα
1275 3054 1615 3119 Χριστιανοῖς
1668 3045 1776 3117 ἱμέ-

184 3126 323 3185 λησεν
353 3128 625 3183 ἀνελέσθαι
654 3136 743 3183 καὶ
775 3134 842 3193 ὡς
868 3142 1137 3207 προσῆκον
1164 3131 1224 3192 ἦν
1260 3135 1392 3187 αύτά
1422 3135 1606 3206 θάψαι.

250 3219 359 3272 κε’.
422 3220 781 3273 Παντολέοντα
826 3219 884 3275 δε
941 3222 1041 3275 ἀπὸ
1088 3232 1177 3285 τῆς
1232 3228 1435 3296 εἱρκτῆς
1484 3226 1702 3286 καλέσας
1750 3228 1774 3278 6

188 3304 438 3377 βασιλεύς·
477 3318 628 3363 Δοκεῖ
672 3331 776 3374 σοι,
826 3315 940 3383 ἔφη,
987 3315 1163 3387 ὅτιπερ
1210 3315 1309 3375 ζῶν
1354 3318 1448 3377 τάς
1495 3314 1620 3386 έμάς
1662 3324 1772 3386 χεῖ-

186 3414 268 3467 ρας
319 3394 529 3471 δυνήσῃ
592 3395 882 3471 διαφυγεῖν,
947 3402 990 3453 εἰ
1046 3407 1115 3473 μὴ
1176 3402 1473 3474 προσελθὼν
1530 3409 1775 3477 πρότερον

189 3484 334 3557 θύσῃς
388 3496 505 3548 τοῖς
563 3490 709 3551 θεοῖς,
772 3494 859 3541 καὶ
916 3498 1083 3542 ταῦτα
1139 3499 1230 3543 τοῦ
1290 3489 1622 3545 διδασκάλού
1683 3513 1776 3545 σου

192 3575 458 3645 Ερμολάου,
568 3576 856 3649 Ἑρμίππου
951 3599 1005 3631 τε
1080 3585 1164 3632 καὶ
1266 3580 1643 3655 Ἑρμοκράτους
1722 3586 1777 3634 τό

188 3660 324 3713 καλὸν
375 3662 485 3723 ἤδη
539 3668 804 3737 μαθόντων
862 3672 950 3719 καὶ
1019 3675 1129 3729 τοῖς
1188 3671 1314 3729 θεοῖς
1373 3672 1559 3722 θυσίαν
1616 3690 1780 3743 προσ-

190 3757 496 3820 ενεγκόντων,
572 3754 620 3806 οἳ
698 3760 785 3807 καὶ
862 3756 1084 3827 ἀμοιϐὴν
1159 3767 1255 3819 τῆς
1336 3760 1643 3827 εὐπειθείας,
1721 3764 1778 3812 τό

194 3848 369 3909 πρῶτοι
424 3840 559 3895 εἶναι
611 3851 698 3895 νῦν
750 3844 797 3895 ἐν
856 3854 926 3915 τῷ
974 3846 1208 3916 παλατίῳ
1256 3849 1382 3921 παρ’
1441 3850 1588 3919 ἡμῶν
1643 3849 1783 3907 εἰλή-

191 3948 331 4000 φασιν
360 3948 374 3997 ;
406 3936 568 4004 Εἴπερ
617 3929 705 3985 οὖν
736 3939 825 3986 καὶ
874 3938 940 3987 σὺ
984 3940 1078 3992 τὴν
1124 3936 1282 3995 καλὴν
1331 3937 1498 3989 αὐτῶν
1544 3938 1784 4001 ζηλώσας

188 4020 449 4088 μεταϐολὴν
511 4024 706 4086 θύσεις,
766 4029 878 4076 τότε
953 4025 1090 4095 ἅψει,
1152 4027 1453 4092 Παντόλεον,
1512 4029 1613 4089 οἶος
1684 4028 1783 4098 ἐγὼ

191 4106 341 4181 βαρύς
388 4112 455 4161 ὢν
513 4120 584 4180 τῷ
627 4112 863 4173 κολάζειν
913 4118 1033 4174 τοὺς
1079 4113 1430 4180 ἀπειθοῦντας,
1463 4120 1604 4188 παρά
1656 4118 1784 4169 πολὺ

189 4205 275 4247 τῶν
348 4202 665 4270 πειθομένων
743 4203 971 4275 ὑπάρχω
1050 4212 1121 4273 τῷ
1204 4204 1565 4275 εὐγνωμονεῖν,
1643 4208 1784 4280 θερα·

190 4290 337 4339 πώειν
380 4288 801 4360 φιλοτιμότατος·
836 4299 990 4343 τοῦτο
1041 4288 1100 4344 δὲ
1144 4296 1276 4345 κατὰ
1320 4293 1509 4352 πολλὴν
1555 4297 1645 4366 ἔφη
1692 4301 1785 4354 τὴν

190 4378 503 4441 κακοήθειαν,
582 4380 682 4429 ὅσα
748 4383 874 4451 πρὸς
956 4384 1013 4432 τὸ
1087 4384 1388 4446 πεισθῆναι,
1448 4388 1601 4454 φημὶ,
1670 4389 1787 4445 τοὺς

191 4462 370 4531 ἁγίους.
428 4473 547 4527 [ιὼς
603 4469 726 4540 γὰρ,
788 4468 877 4530 οὓς
934 4466 1042 4527 ἤδη
1103 4471 1303 4540 φθάσας
1358 4470 1585 4539 ἀνεῖλεν;
1648 4471 1784 4526 Ἀλλ’

1885 1991 2013 2030 ram
2040 1975 2252 2046 dejecti
2274 1976 2420 2031 tristi
2444 1992 2607 2041 casu,
2638 1976 2708 2030 iis
2734 1975 2835 2047 qui
2860 1990 2977 2029 non
3007 1978 3171 2028 erant
3195 1989 3364 2045 asque
3392 1973 3529 2028 caeci

1886 2068 1940 2120 et
1970 2064 2146 2137 plane
2176 2064 2428 2136 lapides,
2462 2064 2709 2119 ridiculi.
2741 2068 2925 2134 Atque
2958 2062 3107 2118 alius
3130 2062 3396 2135 quidem,
3426 2061 3532 2133 qui

1884 2152 1975 2207 vel
2006 2168 2219 2224 parum
2247 2153 2557 2209 habuisset
2582 2153 2934 2224 prudentiae,
2968 2157 3024 2207 et
3050 2167 3166 2206 non
3190 2152 3240 2205 ei
3270 2151 3396 2207 sola
3422 2149 3534 2205 for-

1886 2258 1981 2297 ma
2006 2243 2291 2307 obstaret,
2310 2258 2383 2298 ne
2397 2247 2599 2313 aperte
2617 2243 2953 2298 crederetur
2969 2258 3100 2297 esse
3129 2256 3329 2311 pecus,
3349 2240 3533 2295 Deum

1884 2347 2089 2386 verum
2111 2333 2468 2401 agnovisset,
2487 2334 2658 2404 etqui
2678 2336 2875 2403 posset
2905 2332 3032 2386 hazc
3052 2330 3257 2392 facere,
3284 2329 3385 2383 sed
3414 2343 3534 2383 non

1885 2421 2005 2476 ille:
2031 2422 2133 2492 qui
2157 2427 2449 2493 quantum
2482 2421 2689 2476 melior
2711 2421 3013 2485 evasisset,
3038 2424 3093 2474 et
3114 2421 3403 2489 quantam
3427 2416 3537 2471 uti-

1885 2510 2105 2565 litatem
2126 2527 2199 2565 ex
2221 2511 2434 2582 pietate
2458 2511 2835 2581 percepisset,
2864 2510 3061 2563 statim
3088 2525 3158 2562 ex
3190 2506 3368 2561 rebus
3390 2505 3533 2576 ipsis

1882 2600 2087 2669 aperit.
2115 2599 2321 2655 Statim
2345 2599 2503 2653 enim
2530 2604 2642 2653 tres
2667 2598 2794 2652 illos
2816 2602 3075 2659 sanctos,
3091 2600 3411 2667 postquam
3433 2610 3534 2648 eos

1883 2688 2083 2743 multis
2098 2688 2389 2742 aﬂecisset
2402 2686 2728 2758 suppliciis,
2743 2686 2994 2741 damnat
3007 2684 3238 2755 capitis.
3256 2684 3532 2751 Magnum

1885 2782 2082 2832 autem
2111 2776 2525 2832 Pantoleonem
2548 2774 2778 2830 interim
2806 2775 2977 2828 mittit
3002 2773 3059 2827 in
3085 2788 3403 2827 carcerem.
3440 2775 3531 2825 At-

1885 2882 2003 2939 que
2036 2870 2366 2938 martyrum
2409 2864 2655 2937 quidem
2689 2864 2773 2918 sic
2805 2862 3243 2918 interfectorum
3286 2874 3538 2931 corpora

1887 2971 2043 3011 cura:
2074 2956 2180 3011 fuit
2211 2954 2555 3012 Christianis
2584 2954 2805 3021 tollere,
2838 2958 2895 3009 et
2920 2968 3009 3015 ea,
3046 2956 3106 3005 ut
3132 2966 3239 3022 par
3270 2953 3412 3016 erat,
3447 2964 3539 3003 se-

1886 3044 2090 3117 pelire.

1960 3227 2114 3281 XXV.
2146 3224 2566 3280 Pantoleonem
2594 3229 2793 3280 autem
2827 3240 2964 3279 cum
2997 3224 3318 3294 imperator
3338 3236 3541 3277 vocas-

1889 3318 2027 3369 sete
2047 3331 2283 3370 carcere
2305 3332 2316 3369 :
2338 3318 2607 3380 Putasne,
2638 3314 2847 3383 inquit,
2880 3322 2932 3369 te
2958 3329 3129 3385 posse
3145 3313 3346 3367 vivum
3375 3327 3540 3366 meas

1890 3419 2105 3457 manus
2137 3404 2417 3471 effugere,
2455 3405 2498 3457 si
2532 3419 2649 3457 non
2696 3404 2987 3458 accedens
3019 3403 3183 3473 prius
3213 3402 3325 3455 diis
3366 3400 3541 3454 sacri-

1886 3492 2161 3547 ﬁcaveris
2188 3493 2216 3547 ?
2242 3492 2421 3563 idque
2448 3508 2578 3546 cum
2607 3492 2815 3547 doctor
2840 3499 2976 3547 tuus
3009 3490 3375 3555 Hermolaus,
3411 3493 3543 3544 Her-

1890 3582 2253 3654 mippusque
2299 3586 2355 3636 et
2400 3582 2811 3636 Hermocrates
2844 3582 2923 3645 id,
2958 3581 3121 3651 quod
3167 3580 3391 3634 bonum
3437 3584 3540 3645 est,

1891 3671 2098 3726 mutati
2116 3672 2241 3741 jam
2264 3670 2659 3735 didicerint,et
2680 3670 2791 3724 diis
2815 3669 3179 3725 sacrificium
3198 3668 3537 3733 obtulerint,

1890 3760 1991 3831 qui
2026 3760 2202 3814 etiam
2238 3776 2272 3815 a
2299 3758 2473 3814 nobis
2504 3758 2857 3813 obedientias
2885 3764 3241 3827 acceperunt
3266 3771 3544 3811 remune-

1892 3849 2205 3914 rationem,
2233 3853 2294 3902 ut
2316 3848 2431 3902 sint
2460 3847 2629 3918 primi
2653 3846 2711 3900 in
2744 3845 3009 3917 palatio?
3035 3845 3091 3901 Si
3114 3860 3254 3915 ergo
3281 3850 3341 3898 tu
3366 3844 3545 3898 sacri-

1892 3938 2186 4001 ficaveris,
2220 3952 2425 3991 eorum
2468 3936 2781 4007 pulchram
2822 3934 3089 3990 imitatus
3130 3932 3545 3997 mutationem,

1894 4034 2033 4082 tunc
2067 4026 2307 4089 videbis,
2335 4026 2671 4089 Pantoleon,
2700 4041 2884 4097 quam
2912 4040 3043 4094 ego,
3063 4022 3164 4095 qui
3190 4038 3320 4075 sum
3347 4021 3549 4087 gravis

1894 4118 1953 4171 in
1993 4116 2312 4188 puniendis
2344 4116 2413 4170 iis
2453 4115 2555 4187 qui
2598 4132 2711 4171 non
2756 4121 2984 4187 parent,
3036 4112 3152 4168 sim
3201 4111 3461 4166 liberalis
3494 4114 3553 4166 et

1897 4205 2291 4262 muniﬁcusin
2311 4204 2739 4261 benefaciendo
2754 4204 2824 4259 iis
2841 4204 3189 4275 quiparent.
3206 4201 3327 4256 Hoc
3353 4205 3553 4255 autem

1896 4296 2133 4351 dicebat
2163 4294 2421 4363 maligne
2450 4300 2505 4349 et
2523 4294 2815 4349 malitiose
2840 4292 3026 4365 (quod
3060 4292 3284 4357 attinet,
3305 4291 3554 4362 inquam

1896 4385 1975 4441 ad
2007 4387 2279 4454 sanctos)
2303 4384 2378 4439 ad
2398 4384 2475 4439 illi
2502 4382 3010 4454 persuadendum.
3037 4380 3353 4447 Quomodo
3371 4379 3550 4444 enim,

1894 4490 2047 4546 quos
2088 4474 2213 4544 jam
2243 4478 2380 4529 ante
2411 4470 2829 4528 interfecerat?
2853 4472 2956 4525 sed
2988 4476 3049 4525 ut
3076 4472 3366 4525 inescaret
3390 4485 3551 4535 eum,

193 4550 265 4601 ἵνα
326 4563 394 4624 τῷ
466 4557 632 4626 ὁμοίῳ
686 4554 905 4629 δελεάσῃ
964 4562 1050 4610 τόν
1104 4562 1157 4611 ἐκ
1218 4567 1351 4613 Θεοῦ
1410 4562 1776 4632 φωτιζόμενον,

198 4641 241 4659 'n
375 4642 438 4659 ἰι
480 4644 499 4659 κ
558 4646 579 4659 It.
614 4652 631 4659 -
699 4648 721 4659 η
994 4646 1094 4659 ἰιι
1148 4646 1232 4659 ..-ι
1394 4653 1402 4659 ι
1643 4656 1650 4659 _
1741 4652 1752 4659 α

1893 4563 1992 4635 qui
2036 4579 2071 4618 a
2102 4563 2221 4617 Deo
2270 4561 2739 4616 illuminabatur.
2782 4560 3183 4625 Quamobrem
3224 4574 3333 4613 nec
3374 4559 3553 4613 latere

192 4641 291 4692 ὅθεν
333 4642 452 4696 οὐδὲ
480 4644 655 4696 λαθεῖν
699 4648 947 4716 ἴσχυσεν,
985 4646 1113 4710 ἀλλ’,
1145 4646 1276 4701 Ἶδω
1319 4653 1530 4710 τούτους
1569 4656 1659 4702 καὶ
1692 4652 1780 4702 αύ-

192 4733 281 4797 τός,
331 4736 519 4806 εἰρηκε,
575 4733 815 4805 βασιλεῦ,
871 4741 970 4807 πρό
1024 4746 1113 4789 τοῦ
1167 4746 1261 4790 σοῦ
1305 4745 1588 4809 προσώπου
1648 4761 1778 4814 παρ-

195 4826 500 4890 ισταμένους·
534 4822 592 4875 Ὀ
621 4829 792 4895 μέντοι
837 4826 1163 4898 Μαξιμιανός
1214 4830 1288 4880 ἔτι
1327 4836 1418 4879 τοῦ
1467 4826 1772 4883 δολιοῦσθαι

194 4912 271 4958 καὶ
312 4909 471 4979 μηδὲν
522 4914 661 4983 ύγιες
710 4914 871 4985 λέγειν
925 4917 1018 4968 οὐκ
1068 4919 1415 4989 ἀφιστάμενος
1469 4918 1630 4987 (ἔθετο
1672 4924 1772 4995 γὰρ

195 5000 272 5047 καὶ
300 5003 353 5051 τό
392 5001 543 5062 σέϐας
572 5008 660 5055 καὶ
711 5009 804 5062 τὴν
835 5002 1026 5058 ἐλπίδα
1067 5004 1279 5077 ψεῦδος,
1314 5010 1449 5059 κατά
1480 5012 1565 5059 τόν
1613 5013 1774 5080 μέγαν

194 5080 389 5139 Ἠσαίαν
442 5094 618 5161 φάναι,
675 5098 762 5145 καὶ
820 5103 891 5163 τῷ
947 5092 1133 5165 ψεύδει
1190 5099 1357 5168 ἔκρινε
1412 5100 1772 5157 σκεπασθήσε-

198 5174 346 5245 σθαι),
396 5180 470 5229 Οὐ
516 5182 757 5251 πάρεισιν
803 5183 1039 5247 ἐνταυθα,
1090 5188 1207 5256 ἔφη,
1240 5184 1367 5237 ἀλλά
1409 5189 1543 5238 κατὰ
1590 5193 1774 5258 χρείαν

195 5266 298 5313 τινὰ
345 5267 603 5320 καλοῦσαν
653 5271 726 5331 εἰς
775 5272 949 5343 ἑτέραν
1002 5273 1147 5325 πόλιν
1206 5276 1325 5347 παρ’
1382 5277 1525 5345 ἡμῶν
1570 5274 1775 5347 ἐξεπέμ-

196 5352 402 5420 φθησαν.
460 5356 516 5409 Ὀ
584 5355 643 5410 δε
717 5361 951 5433 μάρτυς·
1012 5368 1111 5416 Καὶ
1173 5364 1332 5431 ἄκων,
1388 5367 1503 5436 ἔφη,
1560 5363 1774 5427 τάληθὲς

197 5441 384 5539 εἴρηκας
414 5447 438 5495 ό
477 5449 532 5497 τό
582 5445 782 5517 ψεῦδος
809 5449 968 5523 φιλῶν
992 5467 1003 5481 ·
1038 5450 1086 5504 ἕν
1118 5452 1352 5526 οὐρανοῖς
1393 5456 1494 5525 γάρ
1541 5454 1643 5507 εἰσι
1684 5462 1772 5507 νῦν

196 5534 237 5578 εν
262 5537 319 5602 τῇ
349 5540 440 5585 τοῦ
465 5541 600 5589 Θεοῦ
629 5535 773 5591 πόλει
800 5534 1094 5612 διάγοντες.

261 5654 301 5690 ¹¹
328 5657 437 5713 lsa.
469 5673 652 5727 xxviii,
688 5665 774 5723 15.

1892 4652 2114 4724 potuit;
2141 4652 2244 4707 sed
2271 4669 2283 4706 :
2308 4654 2418 4706 Eos
2448 4652 2574 4721 ipse
2592 4666 2834 4722 quoque
2852 4650 3111 4712 videam,
3138 4649 3350 4721 inquit,
3376 4664 3412 4702 ο
3442 4648 3551 4701 im-

1889 4748 2147 4814 perator,
2194 4746 2329 4797 ante
2361 4747 2524 4795 tuam
2574 4744 2834 4795 astantes
2869 4738 3097 4793 faciem.
3152 4736 3549 4794 Maximianus

1886 4839 2084 4888 autem
2122 4830 2392 4885 nondum
2426 4845 2666 4884 cessans
2695 4828 2904 4883 fraude
2938 4843 3113 4897 agere
3136 4828 3356 4898 (posuit
3386 4825 3548 4880 enim

1887 4918 2017 4989 ipse
2031 4935 2274 4991 quoque
2288 4935 2455 4991 spem
2472 4916 3155 4980 mendacium,utdicam
3173 4932 3307 4970 cum
3326 4929 3549 4982 magno

1885 5010 2041 5066 Isaia
2062 5011 2129 5075 1‘,
2158 5015 2215 5064 et
2241 5008 2442 5063 statuit
2465 5023 2525 5063 se
2554 5007 2873 5062 mendacio
2896 5006 3141 5075 tegere):
3177 5008 3299 5060 Non
3330 5003 3548 5059 adsunt

1882 5100 2000 5165 hic,
2021 5099 2187 5164 dixit,
2210 5098 2315 5153 sed
2340 5096 2542 5169 aliqua
2564 5095 2904 5152 necessaria
2916 5096 2990 5150 de
3008 5110 3194 5150 causa
3220 5094 3385 5148 missi
3410 5095 3551 5147 sunt

1884 5205 1920 5244 a
1958 5188 2133 5244 nobis
2183 5189 2241 5243 in
2289 5186 2465 5242 aliam
2518 5186 2838 5241 civitatem.
2890 5187 3103 5255 Martyr
3158 5187 3397 5241 autem:
3446 5183 3551 5239 Vel

1884 5279 2125 5341 invitus,
2156 5276 2367 5349 inquit,
2398 5292 2599 5331 verum
2633 5274 2853 5338 dixisti,
2884 5290 3022 5329 cum
3054 5272 3271 5342 diligas
3300 5272 3551 5329 menda-

1884 5367 2081 5431 cium;
2143 5371 2280 5422 sunt
2330 5365 2489 5422 enim
2550 5380 2713 5423 nunc
2780 5363 2841 5419 in
2901 5362 3081 5427 caelis,
3145 5362 3427 5436 degentes
3484 5362 3546 5417 in

1881 5456 2121 5513 civitate
2149 5455 2271 5511 Dei.
