4142 6196
549 314 654 369 475

1954 306 2213 366 MENSIS
2252 304 2516 364 IULIUS.

3796 322 3887 377 576

626 444 816 499 XXVI.
853 447 999 501 Cum
1031 460 1167 499 vero
1196 442 1429 499 nullum
1453 457 1572 498 non
1602 439 1887 497 movisset
1920 435 2204 509 lapidem,

2388 426 2528 500 κζ’.
2576 436 2719 490 Ἐπεὶ
2765 434 2844 506 δὲ,
2876 440 2934 491 τὸ
2981 447 3072 493 τοῦ
3117 438 3292 511 λόγου,
3324 442 3490 494 πάντα
3516 442 3656 495 λίθον
3684 450 3890 506 κινήσας

551 531 817 604 lapidum
854 533 1153 598 adorator,
1184 534 1407 588 videret
1436 537 1633 587 autem
1663 547 1800 587 eum
1833 527 1977 583 nihil
2002 527 2075 581 de
2098 539 2207 578 sua

553 624 847 677 remittere
876 624 1230 687 constantia,
1263 628 1319 678 et
1340 640 1532 695 neque
1566 622 1773 677 cedere
1797 614 2207 675 assentationi-

551 712 802 776 bus,nec
815 713 1124 768 verborum
1144 712 1523 768 suasionibus
1537 712 1949 775 ,necdonorum
1966 703 2207 777 prornis-

554 801 655 869 sis,
686 817 793 855 nec
808 802 1237 872 suppliciorum
1263 803 1459 865 minis,
1477 817 1671 873 neque
1686 800 1887 871 aliquo
1910 796 2025 851 alio
2047 810 2117 849 ex
2139 792 2208 847 iis

552 904 687 960 quas
708 891 795 944 vel
814 890 1076 959 delinire,
1089 890 1176 944 vel
1198 895 1518 960 perterrere
1533 885 2029 961 possunt,abduci
2044 899 2079 937 a
2093 881 2208 953 pie-

549 979 794 1043 tate,ubi
819 996 955 1034 eum
985 980 1176 1034 adhuc
1199 978 1448 1045 ﬂagellis
1476 979 1857 1034 vehementer
1876 973 2203 1031 cecidISset,

547 1083 663 1122 non
679 1069 839 1139 quod
859 1074 1121 1139 speraret
1144 1085 1206 1123 se
1226 1064 1453 1140 aliquid
1470 1084 1643 1141 posse
1662 1066 1893 1122 efﬁcere
1909 1063 2211 1126 sed,utex-

549 1157 921 1229 pleretsuam
947 1159 1131 1212 animi
1161 1158 1571 1221 libidinem,ut
1590 1156 1783 1224 gladio
1799 1158 2051 1209 mortem
2079 1148 2211 1204 subi

552 1252 796 1313 ret,eum
813 1247 1165 1302 condemnat
1180 1252 1256 1302 :et
1270 1247 1480 1325 demde
1495 1250 1629 1318 post
1642 1248 1882 1300 mortem
1902 1240 2210 1313 pulchrum

558 1353 776 1407 corpus
810 1336 931 1405 igni
960 1336 1228 1391 mandari
1260 1353 1272 1402 ;
1304 1336 1376 1400 is,
1405 1336 1674 1407 inquam,
1707 1332 2087 1393 condemnat,
2112 1326 2215 1399 qui

561 1430 784 1482 aeterno
836 1426 969 1494 igne
1008 1441 1144 1480 vere
1196 1430 1319 1480 erat
1350 1426 1585 1493 dignus.
1642 1422 1975 1477 Ducebatur
2017 1419 2215 1487 itaque

563 1515 778 1572 athleta
792 1514 864 1569 ad
878 1515 1062 1570 locum
1078 1512 1933 1579 consummationis,commissus
1948 1506 2219 1563 manibus

566 1605 861 1660 lictorum.
880 1607 1007 1670 Quo
1020 1605 1258 1675 quidem
1274 1620 1410 1658 cum
1425 1603 1763 1667 venisset,et
1775 1602 1931 1655 esset
1944 1599 2071 1666 ejus
2098 1594 2218 1650 ani-

564 1710 690 1749 mus
703 1694 913 1765 plenus
928 1694 1149 1763 gaudio
1164 1694 1411 1763 (sciebat
1426 1693 1574 1748 enim
1590 1690 1879 1760 exquibus
1894 1684 2221 1742 afﬂictioni-

564 1783 679 1838 bus
705 1761 914 1854 quales
936 1761 1069 1837 eum
1106 1761 1650 1853 essentexcepturae
1693 1778 2043 1849 voluptaes),
2067 1772 2222 1844 psalt
2260 1761 2301 1816 Β

566 1872 727 1927 lebat
748 1872 860 1927 hoc
886 1870 1232 1927 Davidicum
1253 1872 1433 1941 :Stepe
1452 1872 2052 1941 expugnaveruntme
2067 1880 2102 1920 α
2119 1868 2219 1934 ju-

564 1968 797 2017 ventute
812 1977 937 2017 mea
956 1980 968 2017 :
984 1970 1036 2017 et
1054 1962 1206 2017 enim
1221 1978 1340 2017 non
1359 1966 1681 2029 potuerunt
1696 1952 1861 2013 mihi.
1878 1959 2073 2024 Supra
2087 1955 2221 2009 dor-

564 2067 691 2105 sum
704 2066 881 2105 meum
894 2051 1351 2119 fabricaverunt
1363 2046 2222 2117 peccalores,prolongaverunt

565 2140 941 2209 iniquitatem
961 2154 1142 2193 suam.
1164 2140 1446 2193 Dominus
1457 2140 1663 2206 justus
1684 2135 1947 2191 concidet
1978 2132 2224 2188 cervices

566 2227 1240 2295 peccatorum”.Deinde
1263 2225 1511 2282 facithic
1524 2240 1761 2297 quoque
1788 2224 1941 2278 Deus
1967 2222 2227 2277 miracu-

566 2315 681 2370 lum
698 2330 817 2370 non
837 2315 1024 2369 minus
1042 2315 1339 2386 prioribus
1361 2313 1835 2370 miraculis.01eaa
1849 2313 1994 2368 enim
2012 2311 2225 2382 plantae

568 2420 705 2459 eum
729 2403 996 2473 alligant,
1023 2404 1241 2459 collum
1268 2409 1465 2460 autem
1490 2404 1618 2474 ejus
1634 2402 1884 2475 quidam
1906 2416 2045 2455 ense
2072 2399 2222 2468 ferit,

571 2492 782 2549 Statim
815 2496 1014 2547 autem
1040 2492 1175 2547 ferri
1204 2493 1447 2564 quidem
1475 2506 1758 2547 conversa
1786 2489 2049 2545 estacies
2078 2502 2225 2543 cerae

575 2580 804 2646 similis,
840 2582 1061 2636 mansit
1101 2586 1300 2637 autem
1336 2582 1552 2637 collum
1588 2580 1741 2635 sicut
1770 2577 1999 2634 eratab
2038 2575 2222 2642 initio,

571 2671 848 2728 sectionis
881 2671 1107 2727 nullum
1132 2672 1367 2744 penitus
1396 2671 1627 2728 habens
1661 2670 1921 2739 signum.

646 2762 847 2817 XXVII.
884 2762 963 2817 Ea
988 2761 1063 2817 de
1094 2778 1277 2818 causa
1308 2766 1526 2817 tremor
1566 2760 1783 2816 invasit
1811 2757 2130 2822 occisores,
2170 2763 2227 2813 et

575 2850 924 2908 accedentes
956 2851 1008 2907 ei
1055 2851 1207 2906 ﬁunt
1236 2850 1555 2922 supplices,
1605 2865 1785 2921 quem
1836 2848 2002 2921 prius
2028 2848 2224 2903 existi-

577 2940 829 2996 mabant
858 2956 931 2994 ne
957 2941 1206 3006 dignum
1238 2940 1480 3011 quidem
1515 2956 1645 2995 esse
1671 2938 1827 3010 apud
1860 2953 1963 2992 eos
1995 2937 2222 2992 vivere:

574 3030 747 3099 cujus
771 3029 947 3082 etiam
966 3029 1149 3099 pedes
1176 3028 1477 3099 speciosos
1495 3026 2090 3099 prehensantes,quid
2106 3040 2223 3080 non

573 3116 874 3181 dicebant,
898 3117 1041 3187 quid
1065 3133 1185 3171 non
1210 3117 1527 3182 faciebant,
1552 3116 1819 3171 audacia
1848 3120 2112 3186 petentes
2130 3132 2225 3170 ve-

576 3205 761 3271 niam,
782 3211 837 3260 et
863 3206 920 3259 in
953 3205 1248 3260 Christum
1272 3206 1453 3259 ﬁdem
1476 3209 1676 3275 aperte
1702 3205 2050 3259 confitentes
2074 3204 2102 3258 ‘i’
2130 3204 2225 3259 Ille

572 3298 770 3349 autem
804 3309 920 3348 non
949 3294 1167 3358 solum,
1197 3294 1358 3365 quod
1392 3294 1467 3349 ad
1492 3309 1552 3348 se
1580 3294 1803 3359 attinet,
1837 3293 2097 3358 remittit,
2122 3293 2222 3347 sed

574 3382 755 3439 etiam
786 3383 868 3437 eis
904 3399 938 3439 a
973 3382 1202 3438 Christo
1248 3383 1571 3455 perfectam
1609 3384 1749 3453 petit
1788 3382 2224 3437 remissionem.

572 3472 976 3537 Quamobrem
1006 3488 1215 3527 vocem
1247 3489 1488 3545 quoque
1516 3471 1704 3527 audiit
1729 3472 1802 3527 de
1827 3472 1991 3527 ccelis
2019 3471 2230 3527 conﬁr-

574 3567 861 3625 mantem,
887 3562 1366 3617 consummanda
1398 3578 1462 3617 ea
1486 3577 1619 3632 quae
1638 3561 1939 3631 petiverat,
1970 3576 2229 3632 eumque

576 3666 697 3706 non
722 3650 977 3723 amplius
998 3666 1130 3706 esse
1154 3651 1491 3706 vocandum
1518 3649 2066 3717 Pantoleonem,sed
2086 3651 2231 3705 Pan-

576 3739 987 3795 teleemonem.
1011 3743 1120 3795 Res
1138 3739 1602 3804 autem,dicebat
1624 3756 1693 3794 ea
1708 3740 2079 3803 vox,nomini
2095 3755 2233 3794 con-

575 3829 786 3884 veniet.
806 3828 1041 3884 Plurimi
1061 3830 1220 3884 enim
1245 3845 1349 3900 per
1370 3833 1423 3883 te
1446 3833 1885 3900 consequentur
1908 3829 2234 3885 misericor-

574 3918 763 3974 diam.
783 3921 943 3973 Hanc
957 3935 1165 3973 vocem
1186 3935 1324 3973 cum
1348 3918 1442 3973 ille
1469 3917 1753 3973 audiisset
1770 3919 1909 3974 etde
1925 3919 1991 3973 iis
2013 3918 2233 3989 quibus

576 4008 795 4077 dignus
818 4014 943 4062 erat
972 4007 1231 4071 habitus,
1251 4008 1462 4063 certior
1493 4008 1681 4063 factus
1698 4013 2231 4073 esset,conversus,

572 4098 996 4168 jussitlictores
1017 4098 1228 4161 facere,
1257 4098 1419 4170 quod
1439 4099 1520 4153 eis
1543 4098 2122 4167 imperatumfuerat.
2150 4099 2231 4153 Illi

578 4193 778 4242 autem
806 4188 1156 4255 renuebant,
1175 4192 1229 4243 et
1252 4187 1603 4257 judicabant
1627 4186 1735 4242 hoc
1755 4202 1881 4241 esse
1910 4188 2154 4243 minime
2176 4194 2234 4244 to

575 4275 1062 4332 lerandum.Cum
1083 4293 1221 4332 vero
1235 4277 1480 4332 instaret
1496 4276 1999 4345 martyr,facerent
2016 4278 2179 4349 quod
2199 4294 2233 4332 a

579 4370 829 4435 tyranno
842 4365 925 4420 eis
950 4366 1299 4437 imperatum
1326 4365 1533 4429 fuerat,
1564 4366 2145 4435 apertedubitantes,
2179 4372 2234 4423 et

2316 523 2341 573 ὁ
2383 532 2479 575 τῶν
2528 525 2681 577 λίθων
2728 534 3095 599 προσκυνητὴς
3138 527 3405 582 ἀνένδοτον
3447 532 3595 583 αὐτὸν
3644 534 3770 606 ἑώρα
3810 540 3889 587 καὶ

2316 616 2487 674 πάσης
2554 620 2741 688 πέτρας
2801 620 3128 693 στερῥότερον
3186 626 3274 673 καὶ
3330 626 3446 673 οὔτε
3490 622 3793 688 κολακείαις,
3838 626 3890 676 οὐ

2314 703 2476 775 λόγων
2533 708 2721 771 πειθοῖ,
2774 707 2832 758 οὐ
2882 705 3086 780 δωρεῶν
3141 708 3489 781 ἐπαγγελίαις,
3542 713 3601 763 οὐ
3648 722 3890 785 τιμωριῶν

2318 790 2572 863 ἀπειλαῖς,
2633 795 2724 847 οὐκ
2773 796 2907 868 ἄλλῳ
2956 802 3056 849 τινὶ
3112 807 3211 850 τῶν
3281 801 3311 859 ᾖ
3380 800 3592 871 θέλγειν,
3652 803 3680 859 ἡ
3738 802 3891 873 φοϐεῖν

2320 879 2615 954 δυναμένων
2680 893 2767 945 τῆς
2844 886 3100 948 εὐσεϐείας
3164 895 3633 963 παρατρεπόμενον,
3692 892 3893 963 μάστιξι

2319 977 2408 1024 καὶ
2461 976 2534 1025 ἔτι
2580 971 2837 1048 σφοδραῖς
2886 977 3242 1049 αἰκισάμενος,
3299 975 3449 1031 οὐδὲν
3495 980 3643 1032 πλέον
3692 980 3891 1041 έλπίζων

2322 1059 2507 1126 ἀνύειν,
2566 1062 2691 1114 ἀλλὰ
2739 1073 2810 1134 τῷ
2868 1067 3013 1137 θυμῷ
3057 1068 3424 1139 χαριζόμενος,
3458 1072 3544 1121 τόν
3594 1066 3685 1121 διὰ
3731 1070 3893 1141 ξίφους

2324 1152 2537 1202 θάνατον
2586 1157 2675 1204 καὶ
2727 1153 2882 1205 αὐτόν
2930 1161 3247 1228 κατακρίνει,
3304 1154 3414 1209 εἶτα
3460 1162 3549 1210 καὶ
3592 1162 3720 1229 μετὰ
3767 1160 3892 1221 τέλος

2321 1246 2447 1314 πυρὶ
2497 1244 2555 1292 τό
2604 1241 2757 1294 καλὸν
2817 1252 2968 1313 σῶμα
3032 1242 3418 1317 παραδοθῆναι,
3472 1249 3498 1299 ό
3558 1256 3649 1300 τοῦ
3703 1249 3894 1301 αἰωνίου

2324 1334 2488 1402 πυρὸς
2537 1335 2691 1393 ὄντως
2758 1332 2923 1395 ἄξιος.
2979 1334 3169 1405 Ἠγετο
3222 1345 3494 1408 τοιγαροῦν
3564 1338 3629 1398 εἰς
3680 1342 3761 1389 τόν
3815 1348 3898 1399 τῆς

2326 1418 2633 1481 τελειώσεως
2682 1425 2835 1473 τόπον
2880 1428 3037 1496 χερσὶ
3091 1420 3295 1495 δημίων
3350 1427 3375 1476 ὁ
3430 1424 3660 1489 ἀθλητὴς
3710 1447 3902 1480 πιστευ-

2331 1510 2455 1569 θείς.
2505 1508 2660 1561 Ἔνθα
2710 1506 2777 1568 δὴ
2833 1517 2922 1563 καὶ
2968 1518 3227 1584 γενόμενος
3268 1519 3356 1566 καὶ
3395 1522 3573 1589 χαρᾶς
3615 1518 3736 1577 ὅσης
3780 1517 3903 1574 πλη-

2334 1599 2478 1659 σθεὶς
2524 1603 2617 1655 τὴν
2675 1598 2861 1671 ψυχὴν
2915 1598 3057 1673 (ᾔδει
3120 1606 3222 1676 γὰρ
3273 1603 3325 1666 ἐξ
3376 1608 3495 1656 οἵων
3552 1606 3764 1677 θλίψεων
3814 1608 3906 1658 οἷαι

2333 1696 2514 1740 τοῦτον
2590 1686 2923 1753 διαδέξονται
3006 1689 3217 1761 ἡδοναὶ)
3292 1698 3349 1746 τὸ
3432 1698 3704 1749 Δαυῖτικόν
3774 1706 3907 1749 τοῦτο

2335 1777 2592 1848 ὐπέψαλλε
2670 1779 2865 1850 λέγων’
2941 1781 3217 1844 Πλεονάκις
3292 1784 3652 1856 ἐκπολέμησάν
3729 1806 3788 1857 με
3863 1785 3908 1837 ἐκ

2336 1872 2569 1928 νεότητός
2622 1886 2763 1940 μου⁶
2822 1875 2910 1924 καὶ
2966 1874 3067 1943 γὰρ
3130 1872 3223 1923 οὐκ
3276 1869 3622 1931 ἠδυνήθησαν
3669 1894 3790 1946 μοι’
3837 1875 3910 1927 ἐπὶ

2336 1960 2421 2008 τὸν
2501 1962 2657 2010 νῶτόν
2737 1978 2837 2030 μου
2923 1958 3208 2012 έτέκταινον
3282 1963 3329 2013 οἰ
3400 1962 3719 2037 ἁμαρτωλοὶ,
3800 1962 3911 2035 ἱμά-

2335 2065 2524 2116 κρυναν
2625 2051 2718 2105 τὴν
2821 2047 3036 2120 ἀνομίαν
3148 2050 3314 2101 αὐτῶν
3347 2068 3359 2080 ·
3445 2056 3631 2124 Κύριος
3725 2050 3909 2115 δίκαιος

2340 2134 2613 2206 συνέκοψεν
2715 2138 2944 2207 αὐχένας
3041 2139 3375 2213 ἁμαρτωλῶν.
3486 2140 3611 2195 Εἶτα
3701 2145 3908 2214 θαυματ-

2334 2232 2513 2297 ουργεῖ
2612 2224 2879 2278 κάνταῦθα
2962 2231 3107 2293 Θεὸς,
3164 2225 3313 2281 οὐδὲν
3393 2239 3495 2281 τῶν
3574 2232 3905 2304 προλαϐόντων

2337 2314 2612 2384 θαυμάτων
2664 2314 2890 2369 ἔλαττον.
2950 2316 3156 2377 Ἐλαίας
3208 2321 3297 2390 μεν
3352 2322 3454 2392 γὰρ
3504 2320 3657 2373 αὐτὸν
3706 2316 3904 2393 προσδε-

2338 2409 2533 2471 σμοῦσι
2576 2412 2715 2475 φυτῷ
2747 2422 2758 2434 ·
2792 2409 2935 2457 παίει
2966 2402 3025 2457 δέ
3076 2425 3153 2466 τις
3193 2407 3353 2459 αὐτοῦ
3402 2413 3492 2461 τὸν
3538 2410 3729 2481 αὐχένα
3769 2410 3901 2481 ξίφει.

2335 2489 2501 2551 Εὐθὺς
2559 2488 2615 2544 δι
2673 2495 2730 2544 τό
2783 2496 2873 2565 μὲν
2930 2501 3023 2545 τοῦ
3077 2492 3303 2567 σιδήρου
3362 2503 3537 2569 στόμα
3581 2507 3721 2570 κηρῷ
3766 2497 3905 2556 ἐοικὸς

2298 2630 2309 2637 ,
2337 2578 2684 2653 ἀνεστρέφετο,
2718 2585 2879 2654 ἔμεινε
2927 2579 2986 2635 δι
3034 2584 3058 2634 ό
3114 2584 3290 2655 αὐχὴν
3341 2588 3519 2661 ὥσπερ
3564 2587 3616 2650 ἐξ
3656 2585 3815 2662 ἀρχῆς
3852 2583 3903 2644 ἦν

2334 2665 2467 2741 μηδ’
2498 2672 2666 2723 ὁτιοῦν
2698 2674 2833 2743 ἔχων
2858 2680 3022 2744 τομῆς
3054 2672 3329 2744 σύμϐολον,

2409 2758 2523 2815 ΚΣ’.
2581 2765 2782 2834 Τρόμος
2835 2760 2915 2814 ἐπὶ
2969 2765 3136 2832 τούτῳ
3202 2762 3455 2835 λαμϐάνει
3506 2770 3625 2826 τοὺς
3673 2768 3901 2837 φονευτὰς,

2335 2854 2423 2902 καὶ
2452 2849 2819 2921 προσελθόντες
2870 2853 3031 2904 ἱκέται
3071 2857 3300 2923 γίνονται
3343 2862 3439 2906 τοῦ
3485 2853 3621 2926 μηδὲ
3668 2859 3757 2927 ζῇν
3798 2853 3904 2926 παρ’

2335 2939 2503 2999 αὐτοῖς
2553 2938 2720 3005 ἀξίου,
2770 2939 2895 2992 ἀλλά
2943 2944 3001 2993 τό
3058 2943 3223 2994 θανεῖν
3270 2941 3469 3014 ἀτίμως
3515 2946 3899 3019 κατακριθέντος,

2333 3028 2393 3079 οὗ
2452 3033 2540 3080 καὶ
2602 3038 2699 3080 τῶν
2766 3032 2968 3101 ὡραίων
3040 3028 3216 3083 ποδῶν
3270 3034 3535 3104 ἐχόμενοι,
3590 3038 3642 3085 τί
3697 3037 3779 3105 μὲν
3826 3032 3903 3083 οὐκ

2260 3145 2301 3201 C
2333 3116 2519 3188 ἔλεγον,
2552 3123 2599 3169 τί
2644 3114 2702 3170 δε
2748 3119 2841 3170 οὐκ
2887 3118 3089 3172 ἐποίουν
3137 3126 3455 3191 συγγνώμην
3505 3142 3559 3175 τε
3606 3131 3693 3183 τῆς
3734 3122 3905 3193 τολμᾶς

2335 3206 2627 3277 αἰτούμενοι
2684 3212 2773 3258 καὶ
2821 3213 2911 3265 τὴν
2967 3208 3033 3268 εἰς
3103 3212 3331 3283 Χριστόν
3399 3216 3582 3263 πίστιν
3636 3206 3903 3284 διαρρήδην

2336 3295 2736 3366 όμολογοῦντες;
2769 3296 2827 3349 Ὀ
2878 3294 2936 3349 δὲ
2983 3298 3077 3349 οὐκ
3121 3297 3310 3370 ἀφίησι
3354 3306 3533 3371 μόνον,
3564 3306 3679 3371 τόγε
3721 3300 3780 3359 εἰς
3823 3297 3905 3349 αὐ-

2337 3387 2422 3434 τὸν
2479 3385 2623 3451 ἧκον,
2680 3384 2806 3435 ἀλλὰ
2854 3390 2942 3437 καὶ
2994 3389 3137 3459 παρὰ
3196 3396 3435 3459 Χριστοῦ
3490 3392 3682 3450 τούτοις
3736 3388 3906 3439 τελείαν

2340 3473 2557 3525 αἰτεῖται
2603 3478 2696 3531 τὴν
2745 3476 2937 3540 ἄνεσιν,
2989 3478 3100 3528 ὅθεν
3147 3483 3236 3529 καὶ
3284 3477 3465 3531 ἀκούει
3516 3488 3680 3551 φωνῆς
3725 3478 3909 3547 οὐρανό-

2343 3564 2421 3614 θεν
2477 3562 2637 3619 αὐτὴν
2692 3582 2744 3615 τε
2800 3568 2887 3621 τὴν
2938 3564 3196 3617 τελείωσιν
3255 3565 3577 3638 βεϐαιοῦσαν
3630 3576 3721 3619 τῶν
3778 3566 3903 3620 ain:-

2343 3653 2545 3715 θέντων,
2605 3657 2694 3704 καὶ
2752 3656 2815 3713 ὡς
2872 3654 2983 3706 Οὐκ
3041 3657 3116 3706 ἔτι
3192 3656 3510 3721 Παντολέων,
3568 3657 3691 3708 ἀλλά
3744 3662 3909 3707 Παντε-

2341 3740 2539 3812 λεήμων
2594 3745 2687 3813 ἔσῃ
2738 3741 3045 3815 καλούμενος
3093 3749 3182 3796 καὶ
3231 3748 3293 3797 τά
3336 3750 3625 3820 πράγματα
3682 3745 3912 3815 συμφθέγ-

2345 3829 2517 3891 ξονται
2587 3839 2659 3901 τῷ
2719 3832 2931 3903 ὀνόματι
2965 3851 2976 3863 ’
3042 3833 3275 3886 πλεῖστοι
3343 3838 3445 3908 γὰρ
3520 3835 3677 3896 ἐλέους
3728 3831 3812 3885 διὰ
3864 3834 3910 3881 σε

2343 3919 2623 3981 τεύξονται.
2678 3924 2885 3983 Ταύτης
2946 3922 3132 3983 ἐκεῖνος
3192 3931 3283 3983 τῆς
3336 3934 3503 3995 φωνῆς
3551 3924 3793 3983 ἀκουστὴς
3841 3938 3911 3990 γε·

2344 4016 2544 4080 νόμενος
2600 4014 2687 4061 καὶ
2759 4012 2877 4061 οἴων
2959 4010 3153 4073 ἠξιώθη
3224 4010 3553 4083 βεϐαιωθεὶς,
3613 4013 3910 4082 ἐπιστραφεὶς

2347 4107 2566 4153 ποιῆσαι
2634 4102 2692 4150 τὸ
2765 4098 3031 4151 κελευσθεν
3109 4100 3287 4163 αὐτοῖς
3361 4104 3461 4155 ὐπό
3530 4110 3617 4154 τοῦ
3688 4102 3909 4174 τυράννου

2345 4186 2613 4239 ἐπέταττε·
2643 4190 2691 4238 οἱ
2749 4183 2807 4240 δὲ
2856 4186 3081 4240 ἀνένευον
3139 4194 3226 4241 καὶ
3286 4193 3480 4249 ἣκιστα
3536 4198 3682 4243 τοῦτο
3729 4188 3910 4239 ἀνεκτόν

2342 4278 2537 4348 ἔκρινον
2591 4273 2736 4329 εἶναι.
2796 4277 2932 4329 Ἐπεὶ
2986 4273 3044 4330 δε
3106 4280 3131 4330 ὀ
3205 4280 3408 4353 μάρτυς
3478 4280 3697 4332 ἐπέκειτο
3747 4274 3773 4334 ἦ
3827 4278 3910 4346 μὴν

2342 4367 2583 4436 γενέσθαι
2665 4370 2721 4417 τὸ
2803 4366 3069 4419 κελευσθὲν
3148 4368 3322 4429 αὐτοῖς
3378 4372 3478 4422 ῦπό
3545 4378 3633 4422 τοῦ
3689 4368 3910 4441 τυράννου

580 4454 725 4526 quid
747 4454 1624 4526 facerentignorantes,seipsos
1654 4454 1918 4526 utrisque
1940 4456 2223 4520 dividunt,

2345 4464 2569 4529 φανερῶς
2625 4454 2928 4528 ἀποροῦντες
2972 4461 3057 4507 καὶ
3102 4462 3171 4527 μὴ
3226 4460 3433 4529 ἔχοντες
3478 4462 3503 4511 ὃ
3546 4480 3596 4511 τι
3628 4456 3908 4530 δράσουσιν.

578 4558 796 4614 nempe
829 4544 1049 4614 pietati,
1082 4549 1135 4599 et
1166 4544 1352 4599 sancti
1384 4544 1485 4599 viri
1510 4544 1726 4616 jussui.
1759 4548 1823 4599 Et
1864 4562 2000 4601 cum
2028 4547 2233 4603 omnia

578 4634 741 4705 prius
774 4632 1047 4689 membra
1076 4633 1635 4698 essentdeosculati,
1668 4650 1974 4707 quamque
2004 4651 2137 4691 eum
2172 4652 2232 4693 re

579 4729 919 4777 vererentur
957 4729 1010 4778 et
1042 4723 1317 4789 colerent,
1341 4722 1487 4778 satis
1522 4724 1712 4778 testati
1744 4728 1960 4789 essent,
1991 4725 2229 4781 beatum

580 4812 707 4885 ejus
740 4817 921 4883 caput
944 4812 1160 4867 deinde
1187 4828 1327 4867 ense
1347 4817 1663 4883 amputant
1689 4812 1968 4868 vicesimo
1992 4816 2232 4886 septimo

577 4900 737 4956 Julii.
769 4902 937 4966 Quod
960 4902 1226 4974 quidem,
1250 4906 1311 4957 ut
1341 4901 1614 4965 arbitror,
1651 4917 1767 4957 non
1802 4903 2151 4972 potuissent,
2187 4905 2234 4959 si

580 4989 675 5046 ille
708 5006 826 5046 non
857 4992 1185 5059 annuisset,
1220 4996 1283 5047 ut
1308 4990 1414 5063 qui
1444 4990 1626 5047 nollet
1655 5006 1689 5047 a
1716 4992 1981 5063 martyrii
2013 5008 2235 5062 magna

581 5079 869 5150 dignitate
898 5080 1168 5135 excidere

657 5256 881 5313 XXVIII.
907 5257 1171 5328 Suntque
1187 5272 1391 5311 rursus
1406 5255 1692 5312 miracula
1708 5256 2008 5313 miraculis
2031 5275 2235 5315 conse-

582 5345 847 5415 quentia,
880 5361 970 5410 eo,
1013 5345 1117 5417 qui
1165 5344 1628 5415 gloriﬁcabatur,
1663 5345 2027 5415 gloriﬁcante
2074 5365 2233 5417 eum,

585 5431 688 5503 qui
718 5439 957 5504 propter
987 5435 1182 5505 ipsum
1213 5434 1342 5490 haec
1372 5434 1495 5507 pati
1524 5434 1759 5506 delegit.
1796 5436 1907 5492 Lac
1938 5436 2098 5493 enim
2123 5436 2235 5493 ﬂu-

664 5616 708 5650 ¹²
750 5614 898 5673 Psal.
934 5614 1155 5684 cxxviu,
1194 5617 1296 5670 1-4.

2345 4543 2649 4617 ἀμφοτέροις
2704 4546 3006 4617 μερίζουσιν
3065 4545 3272 4607 ἑαυτοὺς
3314 4556 3387 4617 τῷ
3436 4567 3489 4601 τε
3541 4556 3629 4608 τῆς
3680 4542 3912 4599 εὐσεϐείας

2344 4636 2618 4706 πράγματι
2664 4638 2753 4685 καὶ
2808 4642 2878 4703 τῷ
2935 4634 3033 4686 ὑπὸ
3088 4642 3178 4686 τοῦ
3234 4635 3388 4706 ἁγίου
3444 4637 3783 4707 κελευομένῳ·
3837 4632 3912 4680 καὶ

2345 4721 2651 4794 φιλήσαντες
2703 4728 2799 4773 πᾶν
2852 4721 3003 4793 μελος
3058 4729 3305 4798 πρότερον
3363 4731 3451 4777 καὶ
3515 4731 3609 4783 τὴν
3661 4721 3789 4775 αἰδῶ
3838 4722 3909 4769 καὶ

2344 4816 2399 4865 τὸ
2452 4811 2601 4871 σέϐας
2672 4812 2859 4872 ἱκανῶς
2926 4817 3287 4886 γνωρίσαντες,
3352 4811 3462 4867 εἶτα
3517 4819 3605 4865 καὶ
3658 4813 3781 4883 ξίφει
3832 4810 3912 4861 τὴν

2346 4905 2604 4974 μακαρίαν
2662 4905 2904 4971 τέμνουσι
2979 4901 3219 4973 κεφαλὴν,
3272 4900 3461 4955 εἰκάδα
3513 4899 3734 4973 ἑϐδόμην
3782 4898 3913 4967 ἆγον-

2346 5010 2430 5051 τος
2474 4989 2685 5042 Ἰουλίου
2740 4992 2916 5061 μηνός,
2963 4990 3055 5042 οὐκ
3103 4990 3182 5054 ἂν,
3215 4990 3381 5063 οἶμαι,
3425 4999 3574 5044 τοῦτο
3620 4987 3911 5045 δυνηθέντες,

2348 5079 2390 5131 εἰ
2448 5083 2518 5150 μὴ
2580 5076 2765 5137 ἐκεῖνος
2821 5078 3037 5145 ἐπένευε,
3087 5087 3177 5132 τοῦ
3235 5081 3457 5152 μεγάλου
3512 5089 3598 5140 τῆς
3648 5075 3915 5149 μαρτυρίας

2348 5167 2634 5240 ἀξιώματος
2663 5164 2841 5219 ἐθελων
2871 5172 2943 5239 μὴ
2974 5168 3225 5225 ἔκπεσεῖν.

2421 5256 2546 5309 ΚΗ’.
2617 5260 2717 5307 Καὶ
2787 5256 2939 5308 πάλιν
3000 5258 3236 5328 θαύματα
3320 5260 3578 5329 θαύμασιν
3652 5250 3911 5307 ἀκολουθεῖ,

2350 5341 2660 5406 δοξάζοντος
2708 5350 2796 5395 τοῦ
2848 5340 3231 5416 δεδοξασμένον
3284 5350 3367 5398 τὸν
3423 5342 3496 5397 δι’
3552 5342 3728 5395 ἐκεῖνον
3769 5342 3918 5390 ταῦτα

2348 5437 2704 5509 προῃρημένον
2758 5435 2959 5489 παθεῖν.
3017 5434 3156 5487 Γάλα
3205 5438 3307 5511 γὰρ
3359 5433 3469 5487 ἀντὶ
3526 5435 3733 5507 αἵματος
3786 5425 3918 5480 εὐθὺς
