4034 6206
153 316 244 370 477
1370 309 1755 366 CERTAMEN
1793 307 1852 363 S.
1895 308 2267 365 CALLlNICI.

3399 312 3501 366 478

148 436 306 513 ἐρῥύη,
337 442 427 490 καὶ
485 440 544 490 τὸ
590 445 685 500 τῆς
740 436 913 500 ἐλαίας
959 439 1114 511 φυτὸν
1252 433 1545 510 προσεδέθη
1595 436 1731 490 ἅπαν

1848 435 1929 493 xit
1959 437 2230 509 protinus
2260 452 2368 508 pro
2392 435 2705 507 sanguine,
2739 440 2794 492 et
2822 436 3030 508 planta
3061 437 3225 504 oleas,
3258 438 3355 494 cui
3382 438 3500 495 fue-

146 536 205 596 τῷ
248 535 428 600 καρπῷ
488 526 668 601 βρῖθον
717 524 999 580 ἐδείκνυτο.
1051 533 1212 598 Ὅπερ
1286 526 1357 589 εἰς
1412 536 1605 597 γνῶσιν
1662 536 1733 597 τῷ

146 625 457 690 τυραννοῦντι
519 616 679 680 ἐλθόν,
740 617 1023 675 ἐκκοπῆναί
1083 636 1137 668 τε
1212 620 1268 667 τό
1343 620 1498 678 φυτὸν
1566 635 1734 689 προσ-

143 709 297 756 τάττει
377 711 470 757 καὶ
532 710 587 758 τὸ
672 715 823 777 σῶμα
893 713 985 758 τοῦ
1053 708 1313 779 μάρτυρος
1370 702 1734 779 παραδοθῆναι

142 799 271 866 πυρὶ,
322 796 500 866 ὥσπερ
554 792 619 853 δὴ
696 802 783 847 καὶ
846 800 1092 869 πρότερον
1152 793 1444 851 ἐκελεύσθη.
1498 794 1607 845 Ούκ
1661 798 1733 846 ἔτι

139 889 216 955 μεν
244 880 327 935 οὖν
363 886 413 935 οἰ
446 887 822 944 πιστεύσαντες
855 893 1175 957 στρατιῶται
1206 887 1333 957 πρὸς
1380 886 1464 934 τόν
1510 882 1735 954 βασιλέα

140 972 472 1043 ὑπέστρεψαν,
532 973 720 1030 πολλὴν
792 974 1040 1043 ὠμότητα
1106 976 1290 1024 τούτου
1361 979 1734 1043 κατεγνωκότες

139 1068 214 1112 καὶ
253 1066 306 1113 τὸ
354 1070 455 1112 τῶν
501 1064 679 1133 μάγων
734 1068 862 1136 πρὸς
904 1058 1142 1134 ΓΗρώδην
1194 1061 1531 1124 ζηλώσαντες,
1580 1058 1731 1122 δοξά-

141 1155 291 1212 ζοντες
345 1147 404 1202 δὲ
466 1154 597 1203 Θεὸν
653 1156 741 1202 καὶ
796 1155 882 1202 τὸν
936 1151 1096 1203 αὑτοῦ
1154 1152 1398 1225 μάρτυρα
1454 1147 1729 1201 διετελουν·

140 1240 249 1291 ἀλλὰ
299 1244 387 1291 καὶ
436 1249 539 1291 τῶν
582 1249 783 1292 πιστῶν
828 1260 959 1303 τινες
1007 1240 1333 1301 συνελθόντες
1382 1240 1430 1291 ἐν
1478 1240 1618 1309 αύτῷ
1664 1247 1735 1309 τῷ

136 1333 259 1399 τόπῳ
289 1328 383 1390 ἔξω
413 1337 513 1390 τῆς
550 1328 759 1393 πόλεως,
791 1332 912 1381 ἔνθα
963 1334 1055 1381 καὶ
1100 1333 1194 1387 τὴν
1243 1329 1497 1381 τελείωσιν
1548 1330 1573 1379 ὁ
1605 1329 1735 1399 μάρ-

134 1437 213 1479 τυς
261 1418 481 1481 ὑπέστη,
538 1421 597 1469 τὸ
677 1420 809 1492 ἱερὸν
868 1418 1062 1471 ἐκείνου
1119 1426 1273 1489 σῶμα
1332 1417 1381 1468 ἐν
1441 1422 1735 1490 προαστείῳ

137 1507 480 1577 σχολαστικοῦ
524 1527 662 1570 τινος
714 1505 1086 1579 (Ἀδαμάντιος
1146 1507 1283 1577 αύτῷ
1340 1510 1520 1579 ὄνομα)
1583 1508 1737 1564 ὁσίως

136 1600 212 1647 καὶ
241 1598 377 1667 ὶερώς
427 1597 724 1660 κατέθεντο,
756 1596 822 1656 εἰς
869 1593 1027 1658 δόξαν
1071 1599 1295 1669 Πατρός,
1328 1600 1417 1647 καὶ
1472 1597 1616 1658 Υὶοῦ,
1651 1604 1736 1650 καὶ

136 1686 269 1755 ἁγίου
315 1688 633 1757 Πνεύματος,
685 1692 779 1747 τῆς
824 1692 951 1758 μιᾶς
1002 1688 1243 1747 θεότητος
1301 1690 1389 1737 καὶ
1442 1683 1735 1757 βασιλείας,

1847 530 1936 581 rat
1962 526 2254 595 alligatus,
2271 532 2595 596 conspecta
2608 531 2829 581 esttota
2848 525 3037 580 fructu
3062 531 3298 581 onusta.
3326 527 3496 593 Quod

1844 615 2093 686 quidem
2124 631 2259 670 cum
2307 615 2571 669 venisset
2613 614 2688 669 ad
2729 614 2957 685 tyranni
2993 615 3286 682 notitiam,
3330 616 3497 685 jubet

1847 705 2114 776 plantam
2130 704 2417 771 exscindi,
2433 710 2713 774 etcorpus
2730 704 3008 774 martyris
3022 703 3144 765 igni
3160 703 3332 766 tradi,
3352 704 3499 759 sicut

1845 794 2021 849 etiam
2043 794 2205 864 prius
2228 794 2505 864 jusserat.
2522 795 2711 863 Atque
2732 792 2943 847 milites
2962 791 3229 863 quidem,
3251 792 3353 864 qui
3379 808 3501 847 cre-

1846 883 2138 949 diderant,
2172 899 2292 939 non
2339 882 2596 953 amplius
2645 881 2861 936 reversi
2894 885 3031 936 sunt
3061 881 3135 935 ad
3182 882 3499 951 imperato-

1845 988 1991 1036 rem,
2038 988 2173 1026 eum
2216 972 2688 1027 condemnantes
2732 986 2967 1040 magnae
3009 970 3399 1037 crudelitatis,
3445 975 3501 1025 et

1844 1062 2008 1132 quod
2030 1061 2177 1129 Magi
2198 1061 2408 1116 llerodi
2432 1060 2712 1122 fecerunt,
2730 1058 3033 1113 imitantes
3056 1076 3068 1123 ;
3094 1059 3277 1112 Deum
3298 1064 3498 1113 autem

1846 1156 1899 1205 et
1913 1151 1961 1221 ej
1976 1168 2041 1204 us
2060 1156 2381 1220 martyrem
2398 1154 2684 1221 perpetuo
2700 1146 3297 1216 gloriticabant.Quin
3317 1148 3496 1203 etiam

1846 1256 1974 1294 cum
1987 1238 2230 1310 quidam
2244 1237 2447 1293 ﬁdeles
2460 1237 2873 1292 convenissent
2888 1236 2944 1290 in
2963 1236 3321 1308 eoipsoloco
3336 1242 3502 1293 extra

1847 1327 2169 1392 civitatem,
2204 1326 2261 1381 in
2293 1342 2414 1398 quo
2447 1330 2671 1397 martyr
2693 1325 3498 1389 subiitconsummationem,

1849 1416 2241 1471 sacrumillud
2264 1431 2482 1486 corpus
2506 1417 2563 1469 in
2582 1414 2931 1469 suburbano
2945 1414 3256 1485 cujusdam
3276 1414 3505 1470 schola-

1849 1504 1971 1559 stici
1991 1506 2142 1573 (erat
2159 1508 2359 1560 autem
2374 1503 2423 1557 ei
2444 1519 2663 1559 nomen
2681 1502 3104 1573 Adamantius)
3121 1508 3501 1559 sacrosancte

1847 1595 2157 1666 deponunt
2190 1612 2200 1649 :
2236 1594 2295 1649 in
2341 1593 2592 1665 gloriam
2635 1593 2843 1659 Patris,
2878 1600 2933 1647 et
2981 1592 3126 1657 Filii,
3160 1598 3215 1648 et
3246 1592 3499 1663 Spiritus

1850 1684 2054 1749 sancti,
2089 1684 2180 1738 cui
2222 1687 2313 1738 est
2343 1698 2463 1737 una
2493 1682 2792 1749 divinitas,
2825 1686 2879 1736 et
2908 1696 3161 1750 regnum
3191 1698 3203 1736 :
3242 1681 3336 1736 cui
3362 1698 3499 1738 con-

137 1774 356 1845 ᾖπρέπει
408 1778 540 1845 τιμὴ
598 1779 687 1825 καὶ
720 1777 1079 1848 προσκύνησις
1134 1774 1202 1834 εἰς
1251 1779 1372 1834 τούς
1420 1774 1607 1833 αἰῶνας
1635 1782 1733 1827 τῶν

1849 1773 2008 1828 venit
2020 1772 2212 1829 honor
2225 1776 2278 1828 et
2296 1771 2565 1827 adoratio
2583 1771 2641 1825 in
2658 1770 2877 1826 saecula
2893 1770 3269 1826 saeculorum.
3285 1774 3491 1827 Amen.

140 1863 332 1916 αἰώνων.
365 1863 564 1935 Ἀμήν.

2220 2035 3496 2069 m

1472 2180 2150 2303 ΑΘΛΗΣΙΣ

754 2432 977 2517 ΤΟΥ
1034 2430 1388 2519 ΑΓΙΟΥ
1446 2433 1736 2515 ΜΑΡἹ

1848 2430 2047 2516 ΡΟΣ
2104 2430 2573 2516 ΚΑΛΛΙΝΙ
2589 2429 2861 2517 ΚΟΥ.

1413 2843 2196 2968 CERTAMEN

954 3121 1325 3210 SANCTI
1418 3118 1991 3207 MABTYRIS
2074 3118 2655 3229 CALLlNlCl,

147 3341 327 3400 (Latine
371 3340 519 3405 apud
558 3339 773 3389 Surium
806 3340 873 3390 ad
905 3339 1045 3389 diem
1094 3340 1153 3387 29
1190 3338 1347 3396 Julii;
1380 3338 1796 3449 ercuis‘tégxtus
1841 3350 2006 3447 nuncii:
2030 3337 2257 3461 priinum
2290 3337 2469 3401 prodit
2510 3351 2574 3386 ex
2604 3337 2721 3387 cod.
2756 3352 2853 3385 ms.
2898 3336 3042 3384 Paris
3074 3334 3274 3392 (ancien
3303 3332 3500 3395 fanda.)

1469 3415 1521 3449 n.
1687 3438 1698 3455 ,
1733 3413 1852 3449 saec.
1882 3413 1935 3449 χι
2010 3413 2108 3447 υιτ.
2140 3436 2151 3447 .

1469 3415 1521 3449 Π.
1562 3413 1698 3455 ηις),
1733 3413 1852 3449 8830.
1882 3413 1935 3449 χι
1966 3413 2151 3455 bDIT.).

206 3748 273 3803 A'.
363 3757 470 3811 Τῆς
558 3744 830 3807 εἰδωλικῆς
913 3750 1098 3819 μανίας
1176 3746 1563 3817 ἐπικρατούσης
1639 3748 1727 3795 καὶ
1764 3743 1805 3800 C

148 3840 295 3890 πώιτα
364 3837 735 3910 ἐπινεμομένης
818 3840 907 3887 καὶ
992 3832 1421 3908 διαφθειρούσης,
1508 3832 1729 3906 δαίμοσι

150 3932 223 3996 μὲν
268 3934 508 4002 πονηροῖς
566 3930 623 3977 τό
681 3927 810 3977 θεῖον
873 3923 1028 3985 σέϐας
1084 3924 1449 3996 ἐπεφημίζετο,
1510 3929 1616 3995 Θεῷ
1672 3920 1729 3975 δὲ

149 4022 208 4083 τῷ
244 4022 424 4087 κτίστῃ
458 4024 560 4067 τῶν
610 4015 735 4066 ὅλων
784 4019 874 4065 καὶ
919 4010 1227 4087 δημιουργῷ
1277 4017 1392 4065 οὔτε
1450 4018 1730 4087 προσέχειν

151 4106 189 4153 οι
227 4113 280 4176 τῇ
331 4102 619 4176 δυσσεϐείᾳ
666 4108 1073 4177 προστετηκότες
1119 4102 1404 4169 ἐϐούλοντο,
1456 4106 1565 4154 οὔτ’
1608 4102 1733 4153 ἀπο-

151 4197 292 4264 νέμειν
335 4200 492 4267 τιμὴν
542 4200 633 4251 τὴν
684 4198 1053 4265 προσήκουσαν
1081 4210 1092 4221 ’
1125 4195 1211 4253 τὰς
1256 4196 1357 4264 γὰρ
1406 4192 1590 4263 ψυχὰς
1637 4212 1730 4250 πη⁸

153 4285 364 4353 ρωθέντες
416 4287 466 4337 οἱ
516 4287 575 4335 τὸ
627 4283 740 4335 κατ’
791 4283 961 4334 εἰκόνα
1006 4281 1256 4353 λαχόντες
1304 4285 1445 4355 παρὰ
1490 4290 1643 4345 Θεοῦ,
1674 4285 1732 4332 τό

155 4374 229 4441 μὲν
269 4383 360 4434 τῆς
415 4373 661 4432 ἀληθείας
716 4371 1124 4445 ἀπεστράφησαν
1182 4380 1281 4442 φῶς
1333 4377 1583 4442 μύσαντες
1640 4373 1733 4430 τὰς

156 4460 405 4523 αἰσθήσεις
449 4465 581 4537 πρὸς
638 4466 731 4519 τὴν
781 4468 872 4511 τοῦ
923 4465 1267 4521 πεποιηκότος
1317 4458 1612 4531 ἐπίγνωσιν,
1662 4467 1733 4529 τῷ

158 4545 206 4599 δέ
254 4570 307 4620 γε
357 4561 449 4612 τῆς
503 4550 700 4611 πλάνης
752 4546 1121 4622 προσέδραμον
1166 4554 1355 4614 σκότει,
1397 4549 1517 4621 μητ⁹
1565 4548 1731 4618 αὐγα-

160 4640 325 4696 σθῆναι
361 4650 420 4713 τῇ
475 4648 569 4700 τῆς
617 4642 838 4711 χάριτος
884 4638 1039 4709 αἴγλη
1092 4639 1414 4702 θελήσαντες,
1449 4639 1576 4709 μήθ’
1607 4638 1737 4698 ὅλως

160 4724 439 4788 ἇιντωπῆσαι
494 4734 585 4780 καὶ
642 4724 876 4779 κατιδεῖν
950 4736 1223 4799 πανταχοῦ
1285 4727 1588 4798 ηπλωμένην
1644 4730 1735 4783 τὴν

160 4814 320 4870 ἀκτῖνα
371 4828 462 4880 τῆς
516 4824 773 4888 γνώσεως⁸
810 4816 1000 4874 πολλὴν
1050 4819 1150 4890 γάρ
1204 4836 1322 4868 τινα
1374 4822 1462 4868 καὶ
1521 4812 1732 4887 ζοφώδη

160 4913 401 4977 turalia;
472 4916 573 4960 τῶν
644 4906 926 4977 ἀνθρώπων
985 4907 1010 4957 ὁ
1068 4910 1293 4978 πονηρὸς
1366 4908 1578 4976 ἄγνοιαν
1648 4909 1737 4956 καὶ

162 4999 349 5058 τούτους
395 5001 649 5055 παντοίως
692 4997 1159 5065 ύποποιησάμενος,
1211 5003 1301 5047 τοῦ
1352 4999 1440 5066 μὲν
1492 4994 1737 5051 ἀληθινοῦ

1910 3744 1951 3797 Ι.
1976 3745 2123 3799 Cum
2144 3744 2606 3801 simulacrorum
2626 3742 3011 3798 invalesceret
3029 3743 3284 3807 insania,
3306 3745 3504 3797 etom-

1842 3834 1942 3889 nia
1988 3833 2265 3889 exederet
2312 3841 2367 3891 et
2405 3837 2831 3905 corrumperet,
2876 3832 3049 3888 malis
3095 3832 3338 3904 quidem
3387 3830 3501 3885 dae-

1840 3922 2121 3977 monibus
2152 3923 2388 3978 divinus
2418 3924 2612 3979 honor
2644 3921 3075 3977 attribuebatur
3110 3938 3122 3976 :
3152 3921 3269 3975 Deo
3301 3924 3499 3975 autem

1842 4012 2088 4067 creatori
2130 4018 2186 4067 et
2241 4013 2438 4083 opiﬁci
2502 4012 2919 4066 universorum
2970 4026 3164 4081 neque
3223 4008 3497 4063 animum

1842 4100 2124 4156 volebant
2139 4100 2444 4166 adhibere,
2460 4100 2563 4173 qui
2582 4106 2750 4155 erant
2769 4100 2952 4155 dediti
2975 4100 3051 4153 im
3063 4098 3285 4171 pietati,
3306 4110 3499 4169 neque

1843 4190 1915 4255 ei,
1943 4206 2122 4261 quem
2154 4206 2261 4261 par
2288 4195 2399 4254 est,
2434 4191 2725 4245 honorem
2750 4189 3026 4244 tribuere.
3050 4191 3195 4243 Nam
3219 4202 3355 4241 cum
3375 4202 3498 4240 mu-

1846 4279 2020 4335 tilatis
2052 4284 2245 4335 essent
2275 4280 2493 4335 animis
2536 4279 2570 4333 ii
2605 4278 2820 4350 quibus
2866 4277 3164 4346 obtigerat
3195 4281 3257 4332 ut
3287 4276 3499 4330 ﬁerent

1845 4370 1922 4424 ad
1957 4370 2053 4423 Dei
2085 4369 2429 4437 imaginem,
2463 4368 2723 4424 veritatis
2751 4367 2997 4439 quidem
3029 4366 3225 4421 lucem
3264 4380 3499 4421 aversa-

1844 4459 2080 4521 bantur,
2113 4458 2497 4513 conniventes
2528 4458 2716 4513 oculis
2753 4457 2829 4511 ad
2859 4456 3008 4527 ejus,
3045 4456 3148 4527 qui
3191 4455 3323 4510 illos
3349 4454 3498 4509 fece-

1843 4554 1952 4613 rat,
2003 4547 2414 4617 agnitionem:
2450 4546 2771 4601 currebant
2826 4551 3027 4600 autem
3086 4544 3163 4600 ad
3222 4542 3499 4599 tenebras

1846 4635 2079 4699 erroris,
2123 4650 2315 4705 neque
2365 4634 2629 4690 volentes
2682 4633 2957 4688 illustrari
3010 4632 3325 4704 splendore
3381 4646 3502 4685 suae

1846 4725 2067 4795 gratiae,
2112 4740 2303 4794 neque
2352 4725 2599 4780 omnino
2639 4727 2844 4778 contra
2886 4721 3099 4776 intueri
3140 4725 3198 4776 et
3229 4720 3506 4792 Iaspicere

1850 4814 2069 4885 ubique
2108 4812 2397 4867 diﬁ‘usum
2457 4813 2690 4868 radium
2745 4811 3123 4879 cognitionis.
3170 4813 3313 4866 Nam
3366 4824 3503 4862 cum

1850 4902 2099 4957 multam
2128 4908 2182 4956 et
2210 4902 2641 4957 tenebricosam
2660 4900 2968 4956 effudisset
2989 4899 3290 4967 malignus
3316 4900 3373 4951 in
3392 4897 3507 4951 ho-

1852 4991 2040 5046 mines
2070 4992 2525 5064 ignorationem,
2545 4996 2602 5047 et
2632 5007 2734 5046 eos
2763 4990 3013 5045 omnino
3036 4989 3093 5043 in
3130 5003 3303 5042 suam
3334 4986 3505 5040 rede-

163 5088 236 5133 καὶ
275 5089 423 5153 μόνον
473 5081 727 5141 διέστησε
773 5091 905 5135 Θεοῦ
952 5088 1040 5135 καὶ
1088 5082 1375 5153 ἀπήγαγεν,
1411 5080 1646 5143 εἰδώλοις
1681 5079 1736 5134 δε

1852 5082 2035 5151 gisset
2062 5084 2434 5153 potestatem,
2464 5096 2499 5136 a
2526 5095 2664 5135 vero
2713 5078 2956 5151 quidem
2986 5082 3043 5133 et
3076 5076 3204 5132 solo
3234 5079 3351 5131 Deo
3388 5074 3507 5129 dis-

164 5178 328 5240 κωφοῖς
367 5178 454 5225 καὶ
490 5172 662 5232 ἄλλοις
705 5172 1014 5243 αἰσχίστοις
1059 5170 1433 5243 ἀφομοιώμασι
1482 5171 1741 5245 λατρεύειν

165 5260 372 5313 ἀνέπεισε
417 5267 505 5313 καὶ
561 5266 737 5332 τιμᾷν,
791 5262 856 5319 ὡς
906 5258 964 5311 ἂν
1026 5262 1253 5313 ἐντεῦθεν
1311 5260 1605 5333 ὁλοσχερῶς
1656 5259 1738 5331 ἕλῃ

165 5352 239 5399 καὶ
285 5356 697 5425 παραστήσεται.
749 5349 891 5402 Ἀλλ’
952 5353 1047 5401 ούκ
1097 5347 1284 5402 ἔδωκεν
1355 5350 1495 5420 αύτῷ
1567 5350 1591 5400 ό
1654 5369 1745 5420 φυ-

166 5434 350 5489 λάσσων
398 5442 535 5511 ἡμᾶς
594 5444 681 5491 καὶ
755 5446 993 5511 φρουρῶν
1046 5442 1235 5510 Κύριος
1289 5444 1377 5497 τὴν
1429 5439 1550 5495 ὅλην
1588 5438 1742 5490 αὐτοῦ

166 5529 244 5577 καὶ
279 5529 391 5579 καθ’
438 5531 581 5601 ἡμῶν
636 5526 901 5600 ἐμπλῆσαι
951 5524 1277 5601 δυσμένειαν,
1328 5524 1452 5581 οὐδὲ
1494 5535 1744 5587 τοσοῦτον

171 5613 673 5685 ισιταναιδιύσασθαι,
754 5618 822 5681 ὡς
922 5618 1142 5691 πάτημα
1234 5619 1423 5681 πάντας
1522 5625 1745 5681 ποιῆσαι

1847 5170 2043 5242 junxit
2074 5175 2127 5225 et
2148 5169 2393 5225 abducit
2419 5186 2431 5225 :
2468 5169 2649 5225 surda
2669 5174 2868 5224 autem
2894 5172 2950 5222 et
2979 5172 3147 5221 muta
3180 5164 3503 5220 simulacra

1855 5258 2198 5331 turpissime
2236 5258 2533 5330 persuasit
2577 5258 2767 5313 colere
2794 5260 2850 5313 et
2882 5255 3153 5321 adorare,
3198 5259 3260 5310 ut
3290 5254 3373 5309 sic
3405 5268 3506 5308 eos

1853 5348 2100 5406 omnino
2132 5351 2498 5419 expugnaret
2523 5346 2960 5417 etsubjugaret.
3000 5344 3111 5399 Sed
3134 5344 3236 5416 qui
3268 5359 3378 5398 nos
3408 5359 3504 5398 cu-

1855 5439 2033 5495 stodit
2085 5443 2139 5493 et
2197 5440 2389 5493 servat
2428 5436 2740 5504 Dominus,
2794 5450 2915 5490 non
2974 5434 3267 5490 concessit
3331 5434 3401 5495 ei,
3448 5438 3510 5487 ut

1854 5526 2101 5585 omnino
2142 5542 2317 5582 suum
2370 5525 2432 5581 in
2460 5541 2571 5582 nos
2618 5523 2888 5596 impleret
2916 5524 3126 5581 odium
3156 5539 3171 5579 :
3200 5538 3395 5595 neque
3444 5535 3508 5577 se

1857 5616 2010 5675 adeo
2047 5615 2428 5691 impudenter
2475 5621 2721 5689 gereret,
2764 5618 2829 5672 ut
2865 5630 2977 5674 nos
3019 5628 3232 5673 omnes
3270 5611 3507 5671 concul-
