4034 6206
594 326 695 384 479

1988 325 2247 383 MENSIS
2286 310 2554 384 JULIUS.

3837 334 3919 391 480

592 457 766 510 caret.
817 453 973 509 Multi
1022 453 1178 509 enim
1219 470 1353 509 eum
1405 454 1692 520 vicerunt,
1734 458 1789 510 et
1853 469 2061 509 omnes
2100 453 2229 523 ejus

2357 450 2502 521 ιιύτῷ.
2538 450 2724 504 Πολλοὶ
2767 452 2870 525 γὰρ
2920 452 2968 504 οἱ
3018 460 3201 505 τοῦτον
3249 459 3339 506 καὶ
3383 458 3684 519 νικήσαντες
3720 462 3802 512 καὶ
3846 458 3923 521 τὴν

591 545 741 599 vires
774 543 1169 613 perdiderunt.
1193 544 1423 599 Domini
1442 544 1597 599 enim
1624 559 1827 599 amore
1847 541 2232 599 inﬂammatis

591 648 796 687 eorum
821 632 1058 698 animis,
1088 638 1143 687 et
1167 634 1300 688 totis
1323 634 1449 702 ejus
1474 634 1574 705 qui
1596 637 1925 704 estpotens,
1948 631 2233 687 charitate

594 720 981 785 conﬁrmatis,
1015 721 1089 776 ad
1110 721 1327 776 bellum
1364 722 1691 789 gerendum
1725 721 2012 776 adversus
2047 718 2235 774 inimi-

594 808 737 864 cum’
774 806 1007 864 strenue
1049 813 1103 865 et
1150 804 1435 866 audacter
1476 813 1906 881 processerunt,
1951 808 2235 865 omnibus

594 886 835 969 quidem
908 899 1192 954 membris
1270 894 1525 965 lacerati,
1613 905 1667 953 et
1734 899 1932 953 carnis
1997 913 2239 969 compa-

595 987 768 1057 gibus
794 988 1058 1051 resoluti,
1088 989 1509 1043 recreationem
1554 991 1751 1042 autem
1792 1003 1860 1041 ac
1891 986 2126 1041 delicias
2166 1001 2238 1041 ea

593 1088 719 1147 quae
776 1092 1026 1145 magnos
1072 1076 1305 1132 dolores
1370 1068 1641 1143 afferunt,
1703 1081 1995 1131 tormenta
2042 1074 2237 1130 existi-

592 1169 823 1220 mantes
858 1180 869 1218 :
900 1181 1052 1237 quos
1112 1166 1308 1220 adhuc
1364 1166 1753 1221 certaminum
1821 1164 2105 1233 sanguine
2153 1164 2232 1219 div

591 1254 875 1309 stillantes
966 1256 1192 1325 accepit
1269 1255 1530 1309 Christus
1598 1254 1976 1323 agonotheta.
2066 1252 2235 1308 Purae

591 1358 853 1414 namque
885 1343 935 1397 ei
964 1343 1145 1398 oblati
1176 1344 1559 1407 sunthostire,
1615 1348 1671 1397 et
1723 1343 1977 1397 victimae
2036 1342 2237 1397 volun-

591 1432 773 1487 tariae.
825 1433 1069 1502 Propter
1106 1449 1239 1503 quae
1280 1433 1616 1487 communis
1674 1438 1986 1504 superatus
2045 1432 2237 1486 inimi-

591 1536 715 1581 cus,
749 1521 957 1575 cecidit
995 1522 1333 1575 admirabili
1362 1522 1628 1592 quodam
1661 1538 1803 1576 casu
1834 1520 1945 1575 illis
1966 1525 2237 1592 spectan-

591 1609 773 1664 tibus.
806 1612 949 1666 Cum
982 1626 1052 1665 eo
1079 1626 1430 1679 congressus
1445 1625 1698 1677 magnus
1726 1625 1961 1681 quoque
1995 1608 2235 1673 athleta,

594 1703 651 1753 et
716 1714 937 1753 corona
1000 1699 1306 1754 redimitus
1392 1698 1724 1767 Callinicus,
1792 1699 1960 1769 cujus
2018 1699 2235 1753 luctam

2341 546 2516 591 πᾶσαν
2575 541 2734 593 αύτοῦ
2792 541 3062 602 ὀλέσαντες
3119 540 3362 615 δύναμιν.
3424 552 3509 614 Τῷ
3566 549 3665 619 γάρ
3721 558 3802 600 τοῦ
3850 557 3926 602 Δε-

2346 633 2540 680 σπότου
2601 630 2793 705 φίλτρῳ
2845 633 2935 690 τάς
2982 630 3171 702 ψυχὰς
3223 635 3566 706 πυρωθέντες,
3628 637 3697 697 οἷς
3744 639 3765 688 6
3814 640 3926 701 θεῖος

2346 721 2470 789 ἔρως
2540 718 2721 777 ἐνέσκη
2740 720 2794 789 με
2850 725 2940 772 καὶ
3014 720 3165 783 ὅλους
3219 722 3411 786 αύτούς
3484 732 3546 795 τῇ
3631 724 3794 799 ἀγάπῃ
3850 737 3925 780 τοῦ

2348 803 2573 859 δυνατοῦ
2627 808 3025 883 ἕπιρῥώσαντες,
3078 811 3347 886 εὐθαρσῶς
3406 818 3497 866 καὶ
3553 820 3781 885 γενναίως
3822 822 3925 890 πρός

2346 897 2431 947 τόν
2476 897 2611 948 κατά
2658 906 2751 949 τοῦ
2796 895 2993 973 ἐχθροῦ
3043 898 3328 972 ἐχώρησαν
3378 901 3599 973 πόλεμον
3627 921 3638 933 ⁸
3671 906 3924 976 πάνταμὲν

2345 986 2408 1036 τὰ
2458 985 2584 1056 μέλη
2655 991 2963 1059 κοπτόμενοι
3026 995 3114 1042 καὶ
3168 992 3259 1051 τάς
3319 996 3411 1051 τῆς
3468 995 3662 1063 σαρκός
3714 992 3926 1067 ἁρμονίας

2345 1074 2745 1145 παραλυόμενοι,
2806 1077 2980 1128 ἄνεσιν
3038 1074 3096 1130 δὲ
3160 1079 3350 1149 μᾶλλον
3400 1080 3430 1138 ἢ
3487 1084 3684 1153 τρυφὴν
3732 1085 3812 1141 τὰς
3856 1101 3929 1134 πός

2344 1160 2643 1225 λυωδύνους
2695 1163 2959 1235 βασάνους
3014 1169 3317 1238 ἡγούμενοι,
3361 1166 3447 1229 οὓς
3497 1170 3572 1221 ἔτι
3624 1175 3708 1221 καὶ
3754 1172 3811 1221 τά
3849 1179 3929 1223 τῶν

2344 1250 2553 1322 ἀγώνων
2611 1255 3025 1327 περιστάζοντας
3103 1258 3305 1328 αἵματα
3363 1259 3389 1309 ὁ
3464 1250 3777 1329 ἀγωνοθέτης
3827 1266 3933 1333 Χρι-

2346 1346 2471 1403 στός
2545 1342 2910 1415 προσελάϐετο,
2992 1347 3202 1416 θύματα
3282 1349 3482 1419 ἄμωμα
3540 1350 3931 1421 προσενεχθέντες

2345 1430 2485 1501 αύτῷ
2534 1438 2623 1483 καὶ
2676 1436 2877 1505 σφάγια
2926 1434 3215 1501 ἑθελόύσια,
3268 1435 3348 1509 ἐφ’
3402 1438 3479 1499 οἷς
3530 1439 3555 1489 6
3599 1441 3757 1497 κοινός
3801 1440 3933 1495 ἡττη-

2348 1521 2455 1579 θεὶς
2506 1516 2770 1592 δυσμενὴς
2848 1530 3037 1594 πτῶμα
3089 1528 3327 1577 πέπτωκε
3407 1534 3515 1585 τοῖς
3584 1526 3765 1598 ὁρῶσιν
3815 1525 3931 1588 ἐξαί-

2351 1628 2481 1661 σιον.
2542 1612 2718 1681 Τούτῳ
2777 1610 3101 1682 συμπλακεὶς
3151 1618 3237 1664 καὶ
3300 1614 3325 1664 ὁ
3385 1617 3549 1685 μέγας
3600 1613 3817 1676 ἀθλητὴς
3858 1620 3929 1665 καὶ

2354 1703 2666 1769 στεφανίτης
2716 1699 3037 1767 Καλλίνικος,
3085 1701 3145 1752 οὗ
3190 1706 3308 1762 τοὺς
3358 1702 3551 1764 ἄθλους
3614 1708 3701 1755 καὶ
3749 1707 3809 1754 τὰ
3848 1723 3930 1754 παι

595 1792 651 1842 et
680 1789 1011 1842 certamina
1043 1789 1099 1843 in
1118 1788 1396 1858 praasenti
1420 1789 1798 1860 prosequitur
1818 1788 2025 1857 oratio,
2053 1803 2242 1858 usque

2357 1786 2618 1857 λαίσματα
2667 1790 2692 1839 6
2735 1795 2822 1839 νῦν
2868 1788 3017 1860 λόγος
3070 1786 3337 1853 διέξεισιν,
3389 1790 3476 1843 ἐπὶ
3524 1800 3760 1844 τοσοῦτον
3800 1793 3931 1844 αὐτοῦ

606 1876 758 1930 adeo
789 1876 989 1930 derisit
1009 1893 1077 1931 ea
1094 1894 1229 1949 quae
1254 1876 1841 1947 suntejusterribilia,
1864 1881 1929 1931 ut
1954 1881 2244 1947 tanquam

610 1964 897 2019 infantem
928 1966 1121 2036 prima
1154 1967 1347 2022 statim
1375 1966 1531 2021 lucta
1560 1966 1961 2038 prostraverit,
1997 1970 2050 2020 et
2080 1965 2246 2020 humi

601 2054 873 2109 afﬁxerit.
909 2054 1021 2109 Sed
1053 2056 1174 2126 ejus
1202 2055 1445 2127 quidem
1477 2054 1693 2125 egregii
1741 2054 1846 2109 viri
1873 2054 2076 2110 omnia
2116 2055 2248 2109 sin-

605 2142 848 2209 gulatim
892 2143 1085 2197 dicere
1115 2148 1168 2197 et
1193 2144 1411 2199 referre
1457 2159 1565 2197 nec
1609 2144 1731 2198 ulla
1770 2149 1973 2215 posset
2037 2145 2245 2208 oratio,

606 2246 715 2285 nec
745 2247 868 2300 qua}
895 2230 971 2284 ab
1012 2247 1082 2285 eo
1116 2238 1280 2297 gesta
1314 2238 1471 2298 sunt,
1513 2232 1813 2287 auditione
1872 2232 2103 2287 fuerunt
2157 2249 2251 2288 ac-

606 2324 779 2388 cepta
805 2318 880 2373 ab
911 2320 1210 2387 omnibus,
1260 2326 1320 2378 ut
1365 2323 1595 2393 possint
1624 2322 1831 2377 omnia
1887 2321 2133 2393 proferri
2173 2322 2250 2377 ab

605 2406 909 2462 omnibus.
945 2410 1229 2474 Quaedam
1263 2417 1461 2467 autem
1498 2427 1712 2482 pauca,
1745 2416 1802 2465 et
1852 2428 1987 2483 qum
2042 2426 2251 2466 eorum

606 2498 705 2568 qui
742 2495 1076 2563 audierunt,
1112 2499 1357 2556 minime
1390 2500 1989 2571 fugiuntmemoriam
2025 2500 2250 2559 (etenim

604 2586 998 2643 interfuerunt
1038 2588 1306 2660 quidem,
1336 2607 1471 2645 cum
1526 2591 1849 2645 decertaret
1905 2594 2153 2660 martyr,
2199 2594 2255 2645 et

605 2675 880 2732 viderunt
928 2678 1217 2735 nonnulla
1266 2696 1469 2735 eorum
1507 2697 1637 2751 qua;
1666 2679 1931 2751 ﬁebant),
1973 2680 2254 2752 praesenti

604 2766 869 2822 oratione
925 2767 1226 2824 tradentur
1258 2770 1587 2826 memoriae.
1631 2769 1721 2825 Sic
1748 2769 1903 2824 enim
1958 2774 2009 2825 et
2052 2772 2254 2822 nostro

604 2855 1037 2912 satisfaciemus
1071 2858 1385 2925 desiderio,
1420 2864 1473 2913 et
1504 2859 1735 2914 athletae
1768 2857 2084 2913 aﬂ'eremus
2121 2857 2253 2911 bre-

600 2959 735 2999 vem
766 2944 1003 3000 laudem
1037 2948 1328 3018 martyrii.

676 3033 740 3089 ΙΙ.
776 3033 876 3087 Hic
926 3049 1067 3104 ergo
1131 3036 1368 3091 divinus
1414 3040 1468 3089 et
1500 3051 1756 3107 magnus
1804 3034 2140 3099 Callinicus,
2196 3035 2255 3089 in

604 3120 759 3176 bona
814 3126 870 3175 et
917 3138 1117 3177 rerum
1178 3125 1447 3179 omnium
1522 3123 1694 3180 fertili
1744 3123 1953 3179 Ciliciae
2017 3123 2256 3191 regione

601 3215 799 3271 natus,
833 3209 939 3265 fuit
982 3212 1258 3280 praeclare
1306 3213 1612 3278 educatus,
1651 3216 1829 3267 Deum
1864 3212 2101 3284 quidem
2130 3228 2256 3267 om-

602 3300 767 3354 nium
787 3300 1145 3357 Salvatorem
1171 3307 1227 3357 et
1245 3302 1582 3358 effectorem
1610 3303 1686 3359 ab
1710 3303 1951 3357 infantia
1966 3301 2252 3358 conﬁtens

602 3393 656 3443 et
683 3389 1009 3459 honorans,
1035 3392 1351 3447 simulacra
1372 3397 1590 3456 autem,
1615 3392 1778 3448 nullo
1806 3408 1983 3447 sensu
2006 3392 2253 3462 praedita

601 3484 658 3533 et
688 3478 861 3551 plane
888 3481 1070 3536 surda
1098 3480 1423 3537 abhorrens
1450 3488 1505 3535 et
1536 3482 1757 3537 habens
1784 3482 1943 3537 odio.
1973 3480 2081 3549 Qui
2114 3498 2248 3536 cum

600 3568 781 3624 etiam
814 3568 987 3625 vellet
1017 3569 1290 3641 pietatem
1318 3569 1536 3642 ubique
1559 3570 1971 3634 disseminare,
2000 3588 2141 3624 usus
2163 3575 2252 3626 est

600 3659 800 3714 multis
827 3666 879 3714 et
912 3660 1104 3731 longis
1135 3660 1735 3731 peregrinationibus,
1766 3661 1947 3715 vitam
2004 3659 2248 3731 quidem

598 3748 837 3817 dignam
864 3748 1143 3817 religione
1200 3764 1501 3813 exercens,
1529 3749 1660 3804 vitae
1684 3754 1881 3803 autem
1915 3748 2247 3803 institutum

597 3854 894 3893 exornans
921 3837 1223 3908 religione.
1262 3837 1460 3893 Fidem
1495 3839 1649 3894 enim
1685 3840 1743 3893 in
1776 3838 2069 3894 Christum
2128 3853 2248 3892 non

600 3926 795 3982 solum
835 3929 893 3982 in
930 3928 1065 3981 sinu
1100 3927 1267 3993 ferre,
1297 3928 1400 3982 sed
1433 3929 1610 3982 etiam
1644 3928 1879 3999 publice
1909 3927 2247 3998 praedicare,

596 4017 763 4088 pium
798 4034 928 4071 esse
962 4018 1306 4081 exstimans,
1336 4017 1610 4088 cognitus
1638 4016 1743 4071 fuit
1769 4032 1804 4071 a
1836 4016 2033 4071 multis
2061 4016 2249 4085 magi-

598 4110 715 4161 ster
744 4107 1006 4161 veritatis
1040 4121 1051 4159 :
1108 4122 1258 4178 quos
1286 4107 1531 4178 perinde
1585 4122 1654 4162 ac
1693 4106 1939 4177 quidam
2000 4120 2249 4174 magnes

599 4194 873 4249 trahebat
904 4211 981 4267 ap
1015 4194 1302 4266 seipsum,
1334 4199 1390 4249 et
1440 4196 1737 4250 avertebat
1785 4194 1862 4249 ab
1892 4210 2108 4249 errore.
2165 4194 2253 4249 Ab

602 4283 730 4353 ejus
758 4284 938 4347 enim,
993 4289 1283 4356 tanquam
1337 4282 1581 4354 alicujus
1638 4284 1865 4347 sirenis,
1906 4282 2254 4337 dulcissimo

600 4371 919 4426 verborum
944 4372 1100 4443 capti
1129 4389 1275 4428 sono
1298 4374 1331 4427 ii
1356 4373 1457 4443 qui
1478 4372 1827 4438 audiebant,
1848 4371 2041 4427 statim
2076 4371 2256 4426 dedu-

614 4459 897 4515 cebantur
937 4461 1010 4514 ad
1043 4460 1181 4515 fidei
1240 4462 1630 4531 agnitionem,
1686 4461 1936 4533 pulchra
1967 4460 2018 4515 ei
2067 4460 2255 4517 effecti

603 4550 830 4620 prmda.

678 4639 763 4691 lll.
799 4638 942 4694 Cum
975 4656 1111 4695 vero
1144 4640 1363 4695 multos
1394 4640 1553 4695 vicos
1589 4648 1643 4695 et
1700 4640 1964 4696 civitates
2022 4640 2252 4707 obiens,

601 4727 971 4798 pervenisset
995 4731 1283 4799 Ancyram
1317 4728 1563 4787 Galatim
1597 4729 1889 4785 civitatem
1945 4746 2252 4801 magnam,

604 4816 903 4886 etpopulo
927 4817 1471 4889 frequentissimam
1495 4823 1642 4882 (erat
1662 4824 1860 4874 autem
1884 4818 2134 4875 verbum
2168 4820 2259 4875 di-

604 4904 815 4960 vinum
848 4906 905 4960 in
934 4923 1004 4961 ea
1034 4906 1339 4977 explicans
1371 4912 1427 4961 et
1457 4908 1769 4978 dividens).
1805 4914 1863 4963 et
1894 4908 2057 4963 multi
2091 4925 2156 4964 ex
2188 4908 2258 4963 iis

606 4996 710 5066 qui
737 4998 876 5049 tunc
904 4995 1018 5050 illic
1050 5000 1240 5062 erant,
1296 4996 1699 5065 fuissentejus
1757 4996 2037 5053 doctrinae
2081 4997 2258 5068 parti-

608 5082 786 5153 cipes,
817 5099 1074 5140 accensa
1120 5090 1210 5141 est
1235 5085 1313 5141 ab
1344 5085 1641 5157 aliquibus
1672 5087 1727 5140 in
1762 5102 1897 5139 eum
1948 5086 2173 5141 invidia
2203 5090 2259 5140 et

607 5172 813 5227 odium
847 5172 1377 5229 inconsideratum.
1411 5174 1517 5241 Qui
1546 5176 1705 5230 enim
1736 5174 1971 5230 divinas
2002 5174 2257 5230 insolen-

603 5265 692 5315 ter
722 5260 1132 5333 despiciebant
1160 5264 1619 5328 admonitiones,
1650 5269 1705 5319 et
1736 5264 1991 5319 aversati
2012 5263 2255 5334 quidem

610 5354 777 5404 erant
805 5352 1134 5419 veritatem,
1171 5358 1457 5424 tanquam
1492 5360 1645 5409 terra
1703 5358 1897 5407 autem
1959 5352 2258 5423 petricosa

611 5450 814 5491 semen
842 5440 1007 5495 verbi
1034 5457 1155 5497 non
1185 5441 1592 5508 admittebant,
1616 5441 1751 5497 ﬁdei
1786 5456 2125 5511 praeconem
2159 5457 2255 5497 ac-

610 5529 823 5582 cusant
851 5528 1016 5600 apud
1048 5545 1208 5597 eum,
1241 5529 1344 5603 qui
1376 5535 1515 5587 tunc
1544 5536 1669 5587 erat
1716 5546 1937 5603 praeses
1985 5530 2259 5601 civitatis,

610 5611 805 5668 virum
849 5615 1090 5687 quidem
1145 5616 1391 5693 plenum
1447 5618 1771 5692 impietate,
1825 5618 2072 5696 plenum
2121 5620 2262 5677 item

2353 1884 2452 1927 τῶν
2537 1875 2761 1950 φοϐερῶν
2839 1878 3203 1949 κατεγελασεν.
3260 1881 3326 1940 ὡς
3408 1882 3495 1933 οἶα
3564 1878 3730 1933 παῖδα
3779 1886 3930 1938 νήπιον

2357 1968 2410 2017 ἐκ
2480 1971 2687 2037 πρώτης
2760 1966 2910 2028 εύθύς
2967 1966 3134 2031 πάλης
3207 1968 3520 2021 καταϐαλεῖν
3583 1974 3670 2021 καὶ
3734 1970 3798 2031 εἰς
3852 1977 3930 2039 γῆν

2357 2052 2811 2127 καταρῥάξασθαι.
2870 2055 3028 2107 Ἀλλά
3083 2059 3254 2109 πάντα
3306 2061 3398 2129 μὲν
3456 2061 3522 2109 τὰ
3590 2067 3678 2109 τού
3732 2062 3930 2127 γενναίου

2356 2142 2517 2211 λέγειν
2588 2162 2642 2194 τε
2718 2141 2813 2194 ἀνά
2876 2149 3026 2218 μέρος
3092 2151 3181 2197 καὶ
3256 2142 3589 2217 διηγεῖσθαι,
3638 2150 3748 2198 οὔτε
3813 2145 3932 2215 λόγος

2360 2230 2500 2282 ἐστὶν
2566 2233 2591 2282 6
2640 2238 2801 2283 πᾶσιν
2846 2231 3073 2305 ἐναργῶς
3121 2232 3315 2287 ἐπιέναι
3382 2231 3684 2307 δυνάμενος,
3746 2236 3841 2286 οὔτ’
3895 2232 3931 2283 ἐν

2359 2319 2555 2371 πολλῶν
2612 2319 2795 2381 ἀκοαῖς
2845 2325 2909 2373 τὰ
2964 2325 3130 2393 τούτῳ
3188 2322 3429 2393 ὸηχὴθη
3491 2328 3825 2395 πεπραγμένα.
3878 2324 3929 2382 ὡς

2360 2407 2419 2459 ἀν
2462 2413 2551 2460 καὶ
2594 2416 2726 2461 πᾶσι
2776 2412 2947 2462 πάντα
2994 2416 3191 2481 γένοιτο
3244 2415 3458 2487 ἓκφορα.
3513 2412 3697 2483 Ὀλίγα
3745 2408 3798 2463 δέ
3840 2430 3929 2462 τινα

2361 2502 2445 2548 καὶ
2478 2500 2577 2549 ὅσα
2622 2503 2713 2555 τὴν
2763 2504 2972 2570 μνήμην
3004 2509 3103 2552 τῶν
3154 2499 3495 2553 ἀκουσάντων
3543 2501 3601 2554 ού
3632 2498 3929 2571 διαπέφευγεν

2362 2586 2493 2657 (ἐπεὶ
2546 2592 2635 2639 καὶ
2684 2594 2929 2659 παρῆσάν
2994 2609 3127 2650 τινες
3181 2590 3546 2662 ἀγωνιζομένῳ
3596 2599 3665 2661 τῷ
3716 2592 3927 2663 μάρτυρι,

2362 2678 2473 2727 ἔνια
2529 2684 2627 2726 τῶν
2702 2680 2980 2747 γινομένων
3056 2680 3319 2749 θεώμενοι)
3406 2676 3502 2731 διὰ
3572 2687 3662 2731 τοῦ
3714 2682 3928 2750 παρόντος

2361 2763 2517 2835 λόγου
2595 2766 2928 2836 ὑπομνήματι
3011 2772 3281 2825 στήσεται.
3369 2770 3524 2820 Ούτω
3588 2771 3685 2842 γάρ
3750 2771 3824 2819 τόν
3887 2782 3927 2813 τε

2364 2855 2608 2928 ἡμέτερον
2692 2857 2849 2906 πόθον
2936 2855 3359 2928 ἀφοσιωσόμεθα,
3449 2863 3538 2910 καὶ
3617 2865 3684 2927 τῷ
3766 2854 3924 2909 ἀθλητῆ

2366 2940 2579 3016 βραχὺν
2611 2946 2696 2994 τὸν
2727 2952 2817 2995 τοῦ
2852 2950 3139 3019 μαρτυρίου
3171 2946 3469 3019 εἰσοίσομεν
3499 2950 3715 2999 ἔπαινον.

2437 3030 2507 3084 Β’.
2552 3032 2718 3092 Οὗτος
2765 3037 2932 3084 τοίνυν
2978 3036 3002 3085 6
3041 3036 3176 3096 θεῖος
3224 3039 3313 3087 καὶ
3367 3040 3533 3107 μέγας
3584 3033 3857 3092 Καλλίνικος
3892 3028 3928 3081 ἐν

2364 3128 2425 3192 τῇ
2476 3120 2696 3173 Κιλίκων
2733 3127 2821 3174 καὶ
2870 3126 2967 3195 φύς
3012 3129 3101 3174 καὶ
3145 3130 3377 3198 τραφεὶς,
3414 3130 3597 3196 χώρας
3639 3124 3835 3195 εύφόρου
3859 3124 3929 3170 καὶ

2364 3212 2430 3261 τά
2498 3213 2666 3262 πάντα
2738 3220 3003 3284 χρηστῆς,
3066 3211 3278 3283 ἀγωγῆς
3344 3213 3536 3284 ἔλαχεν
3620 3213 3813 3271 ἀστείας
3860 3212 3931 3258 καὶ

2365 3300 2676 3371 ὑπερφυοῦς,
2708 3305 2829 3353 Θεὸν
2882 3306 2971 3372 μεν
3028 3305 3115 3354 τόν
3164 3304 3366 3353 πάντων
3430 3310 3642 3375 Σωτῆρα
3682 3305 3761 3352 καὶ
3804 3317 3932 3353 ποιη-

2364 3392 2455 3445 τὴν
2508 3387 2559 3439 έκ
2617 3396 2825 3460 πρώτης
2884 3390 2994 3460 ἅμα
3057 3394 3247 3464 τριχὸς
3304 3391 3573 3462 ὁμολογῶν
3629 3395 3712 3441 καὶ
3775 3394 3927 3457 τιμῶν,

2363 3473 2555 3528 εἴδωλα
2586 3474 2643 3529 δὲ
2693 3481 2757 3530 τά
2805 3478 3098 3536 ἀναίσθητα
3127 3486 3217 3532 καὶ
3247 3482 3398 3551 κωφά
3436 3477 3822 3553 βδελυττόμενος
3858 3478 3927 3523 καὶ

2360 3573 2548 3637 μισῶν,
2585 3566 2640 3626 ὃς
2687 3572 2776 3619 καὶ
2828 3572 2921 3625 τὴν
2968 3566 3228 3620 εὐσέϐειαν
3278 3570 3615 3640 ύποσπείρειν
3664 3565 3927 3639 βουλόμενος

2360 3664 2654 3727 πανταχοῦ,
2720 3653 3047 3730 ὁδοιπορίαις
3113 3656 3367 3728 ἐκέχρητο
3455 3664 3671 3729 συχναῖς
3723 3658 3803 3705 καὶ
3850 3669 3924 3703 αα-

2359 3750 2529 3815 κραῖς,
2565 3743 2680 3817 βίον
2723 3749 2812 3817 μὲν
2861 3744 3067 3807 ἐπάξιον
3118 3744 3436 3818 ἀσκούμενος
3480 3754 3570 3798 τοῦ
3616 3742 3919 3813 σεϐάσματοςι

2359 3838 2453 3890 τήν
2512 3830 2571 3886 δέ
2625 3854 2684 3904 γε
2728 3834 2986 3886 πολιτείαν
3042 3833 3335 3905 ἐπικοσμῶν
3384 3846 3460 3906 τῷ
3510 3834 3817 3903 σεϐάσματι·
3848 3831 3921 3882 τὴν

2358 3926 2459 3993 γὰρ
2506 3923 2575 3983 εἰς
2624 3927 2852 3998 Χριστόν
2898 3928 3073 3975 πίστιν
3123 3924 3216 3975 ούκ
3262 3923 3535 3994 ἐγκόλπιον
3583 3930 3725 3989 μόνον
3769 3923 3919 3992 φέρειν,

2362 4010 2490 4063 ἀλλὰ
2559 4018 2646 4064 καὶ
2724 4010 2962 4083 δημοσία
3040 4016 3311 4085 κηρύττειν
3388 4016 3670 4085 ἡγούμενος
3733 4004 3921 4063 εύσεϐεςν

2361 4100 2567 4162 πολλοῖς
2612 4109 2699 4161 τῆς
2748 4100 2985 4161 ἀληθείας
3034 4098 3362 4164 διδάσκαλος
3406 4103 3725 4175 έγνωρίζετο,
3754 4096 3833 4155 ούς
3869 4088 3921 4147 δὴ

2364 4194 2450 4241 καὶ
2508 4192 2572 4250 ὡς
2633 4194 2676 4242 εἶ
2731 4211 2808 4251 τις
2861 4199 3113 4262 μαγνῆτις
3166 4191 3299 4243 εἷλκέ
3352 4210 3409 4243 τε
3464 4194 3593 4263 πρὸς
3647 4188 3811 4242 ἑαυτὸν
3855 4184 3925 4232 καὶ

2366 4286 2455 4338 τῆς
2501 4279 2698 4341 πλάνης
2746 4278 3047 4354 ἀπέστρεφε.
3076 4282 3273 4332 Τούτου
3305 4283 3409 4352 γὰρ
3454 4289 3545 4340 τῆς
3592 4275 3805 4337 ἡδίστης
3846 4277 3923 4321 τῶν

2365 4367 2526 4439 λόγων
2598 4370 2769 4440 ἠχοῦς
2838 4370 2923 4421 οἷα
2988 4376 3225 4440 Σειρῆνος
3299 4366 3566 4439 ἀψευδοῦς
3637 4366 3840 4422 ἁλόντες,
3888 4356 3924 4407 οἱ

2294 4490 2334 4545 [)
2369 4456 2682 4529 ἀκροώμενοι
2729 4462 2859 4529 πρὸς
2905 4462 2997 4515 τὴν
3051 4466 3141 4517 τῆς
3190 4462 3415 4520 πίστεως
3460 4458 3604 4516 εὐθὺς
3650 4453 3925 4523 έζωγροῦντο

2369 4547 2665 4619 ἐπίγνωσιν,
2699 4547 2852 4598 καλὸν
2879 4547 3018 4616 αύτῷ
3048 4552 3309 4618 γενόμενοι
3343 4549 3572 4621 θήραμα.

2440 4636 2510 4691 Γ’.
2550 4636 2636 4699 Ὠς
2692 4633 2750 4689 δὲ
2792 4636 2983 4698 πολλὰς
3032 4642 3210 4708 κώμας
3258 4641 3347 4688 καὶ
3390 4636 3562 4697 πόλεις
3614 4635 3805 4704 περιεὼν
3853 4626 3923 4674 καὶ

2367 4731 2460 4784 τὴν
2532 4725 2579 4777 ἐν
2660 4725 2894 4799 Ἀγκύρᾳ
2969 4735 3059 4786 τῆς
3135 4725 3391 4786 Γαλατίας
3469 4723 3732 4792 κατείληφε
3805 4712 3922 4767 πόλιν

2367 4817 2501 4867 οὕτω
2545 4814 2773 4886 μεγάλην
2826 4819 2915 4866 καὶ
2988 4814 3390 4888 πολυάνθρωπον
3446 4812 3533 4884 (ἦν
3585 4809 3641 4864 δε
3690 4812 3768 4859 τόν
3816 4806 3922 4855 θεῖον

2365 4904 2514 4975 λόγον
2564 4903 2807 4975 ὑφαπλῶν
2859 4901 2952 4955 κάν
3008 4906 3173 4975 ταύτῃ
3226 4908 3317 4955 καὶ
3368 4900 3643 4971 διαμένων)
3688 4894 3847 4950 πολλοί
3882 4904 3923 4937 τι

2367 5002 2465 5046 τῶν
2526 4991 2688 5044 ἐκεῖσε
2758 5000 2857 5043 τῶν
2912 4992 3074 5045 αὑτοῦ
3146 4988 3507 5044 διδασκαλιῶν
3577 4985 3922 5061 μετειλήφεσαν,

2368 5084 2550 5154 φθόνος
2591 5080 2791 5152 ἀνήφθη
2836 5086 2961 5153 πρός
2997 5101 3144 5133 τινων
3202 5086 3292 5132 καὶ
3339 5086 3495 5153 μίσος
3538 5059 3793 5146 ἀλόγιστον
3831 5059 3922 5118 κατ’

2369 5172 2547 5223 αὐτοῦ.
2594 5172 2659 5222 Οἱ
2703 5173 2801 5242 γὰρ
2848 5168 3197 5242 ἀπειροκάλως
3248 5177 3345 5221 τῶν
3393 5171 3536 5222 θείων
3582 5169 3775 5237 ἔχοντες
3816 5170 3923 5223 παρ’

2369 5264 2608 5313 αινέσεων
2686 5265 2774 5312 καὶ
2860 5258 3277 5334 ἀπεστραμμένοι
3361 5261 3449 5330 μεν
3535 5261 3620 5312 τὴν
3697 5248 3920 5306 ἀλήθειαν)

2369 5353 2435 5411 ὡς
2465 5358 2528 5420 γῆ
2566 5346 2624 5401 δὲ
2662 5344 2937 5423 πετρώδης
2980 5333 3067 5400 τόν
3096 5356 3185 5399 τού
3216 5347 3371 5418 λόγου
3421 5350 3607 5420 σπόρον
3636 5345 3702 5413 μὴ
3735 5333 3923 5405 δεχόμ⁶’

2368 5458 2466 5503 voc,
2513 5436 2909 5490 ἐνδιαϐάλλουσι
2952 5441 3039 5489 τὸν
3094 5444 3186 5497 τῆς
3238 5441 3461 5497 πίστεως
3510 5439 3706 5504 κήρυκα
3754 5432 3816 5491 τῷ
3852 5436 3924 5471 τη·

2368 5534 2590 5582 νικαῦτα
2666 5534 2760 5589 τῆς
2825 5525 3013 5587 πόλεως
3074 5526 3501 5601 προστατεύοντι,
3556 5519 3699 5590 ἀνδρὶ
3763 5509 3921 5577 “MP”

2370 5620 2461 5693 μεν
2518 5615 2752 5676 ἀσεϐείας
2800 5619 2923 5682 ὄντι,
2973 5614 3157 5689 πλήρει
3207 5610 3266 5667 δε
3324 5615 3486 5688 θυμοῦ
3544 5612 3628 5663 καὶ
3673 5604 3920 5677 ὠμότητος·
