4142 6196
183 320 286 386 481

181 455 461 529 Σαερδώς
536 458 699 529 τούτῳ
754 461 933 529 ὄνομα,
1086 464 1176 511 καὶ
1244 461 1425 512 θᾶττον
1483 461 1508 511 6
1572 458 1798 521 ἀθλητὴς

179 550 530 620 προσαχθεὶς,
565 547 630 607 εἰς
676 546 797 617 ὄψιν
852 566 904 599 τε
939 546 1079 618 αύτῴ
1121 552 1415 622 παραστάς·
1465 555 1549 615 Τί,
1590 555 1747 621 φησὶν
1775 552 1799 600 6

185 636 385 706 θρασύς
438 638 622 709 ἅρχων
678 640 767 687 καὶ
809 634 1013 696 ἀλαζὼν
1065 641 1199 711 πρὸς
1236 642 1321 690 τὸν
1352 638 1522 710 ἂγιον,
1555 641 1690 690 κατά
1718 658 1799 690 τοο

188 726 384 775 σούτου
426 727 646 798 κράτους
675 730 829 795 μόνος
884 734 982 775 τῶν
1024 726 1187 777 ἄλλων
1218 727 1413 799 τολμᾷς
1462 724 1797 786 αύθαδάζεσ-

186 815 295 878 θαι,
352 818 445 865 xui
488 822 655 866 ταῦτα
684 816 875 875 ἔπηλυς
906 815 972 865 ὧν
1004 820 1095 867 καὶ
1136 816 1241 887 ούχ
1270 813 1562 888 ἡμεδαπὸς.
1598 818 1796 868 πάντων

184 902 593 954 ύποκυπτόντων
668 908 757 954 καὶ
823 905 1009 965 θύσιας
1084 912 1187 965 τοῖς
1244 908 1377 967 θεοῖς
1428 910 1795 979 προσαγόντων

181 996 269 1041 καὶ
326 991 521 1053 αύτούς
571 992 789 1063 εύμενεῖς
837 995 977 1063 ἔχειν
1031 990 1380 1060 σπευδόντων,
1441 991 1514 1047 δι’
1564 995 1630 1044 ὧν
1670 996 1795 1065 ἡμῖν

182 1083 357 1131 πάντα
390 1077 638 1154 δωρεῖται
667 1084 733 1132 τὰ
762 1080 1016 1134 κάλλιστα
1049 1102 1061 1150 ;
1100 1081 1256 1136 Ἀλλά
1289 1087 1353 1135 σύ
1382 1103 1438 1155 γε
1468 1084 1525 1135 ού
1557 1088 1708 1155 μόνον
1735 1088 1793 1135 ού

182 1173 467 1243 προσέρχῃ
515 1170 684 1221 θύσων
716 1169 891 1230 αύτοῖς
934 1176 1023 1223 καὶ
1076 1172 1483 1245 ἐξιλεωσόμενος,
1538 1172 1665 1223 ἀλλά
1704 1178 1793 1224 καὶ

182 1262 309 1319 τούς
360 1262 636 1330 προσιέναι
681 1257 1028 1331 βουλομένους
1076 1260 1302 1331 ἀφιστᾷς
1354 1264 1443 1313 καὶ
1489 1261 1662 1333 λόγοις
1714 1280 1796 1333 φε-

182 1348 375 1419 νακίζη
436 1350 745 1418 ἐπαγωγοῖς,
818 1352 950 1418 μήτε
1022 1354 1263 1420 σώματος
1314 1353 1515 1423 μεγέθει
1572 1349 1790 1424 θαρρῶν,

181 1441 318 1505 μήτε
378 1434 622 1508 περιϐολῇ
685 1434 997 1508 ἀξιώματος.
1056 1442 1189 1510 Πρός
1246 1440 1299 1490 ὅν
1362 1441 1387 1491 6
1446 1442 1647 1514 μάρτυς
1704 1446 1794 1491 τού

182 1530 430 1594 Χριστοῦ
470 1527 643 1596 πράως
669 1526 803 1577 οὕτω
832 1530 919 1577 καὶ
961 1536 1232 1600 προσηνῶς
1271 1526 1600 1602 ἀπεκρίνατο.

1416 314 1803 389 CERTAMEN
1844 330 1902 387 s.
1938 318 2313 391 CALLINICI.

3444 330 3549 393 482

1912 458 1997 516 ira
2028 465 2083 516 et
2113 459 2475 517 crudelitate.
2510 458 2575 515 Ei
2606 462 2805 517 autem
2854 462 2978 514 erat
3015 473 3236 515 nomen
3271 462 3558 518 Sacerdos

1908 546 1993 601 Ad
2021 564 2198 620 quem
2241 564 2378 603 cum
2410 547 2734 619 productus
2764 551 2917 601 esset
2946 545 3186 612 athleta,
3218 554 3273 602 et
3304 550 3562 603 venisset

1910 636 1967 691 in
1998 637 2127 707 ejus
2156 642 2541 707 conspectum
2579 652 2591 690 :
2649 634 2819 700 Quid,
2854 635 3045 705 inquit
3074 634 3277 690 audax
3320 642 3373 691 et
3403 653 3560 693 arro-

1908 740 2057 793 gans
2093 742 2319 796 praeses
2353 734 2579 788 sancto,
2625 726 2913 779 adversus
2949 729 3172 778 tantam
3233 727 3557 795 potentiam

1906 814 2093 869 audes
2126 815 2284 869 solus
2305 832 2374 869 ex
2398 815 2526 869 aliis
2547 821 2598 869 te
2625 812 2942 867 insolenter
2968 827 3189 882 gerere,
3222 812 3401 883 idque
3419 829 3558 868 cum

1905 904 1986 957 sis
2017 904 2273 968 advena,
2298 910 2354 959 et
2382 919 2502 959 non
2536 910 2786 966 nostras,
2814 901 3096 956 omnibus
3128 919 3189 956 se
3210 904 3561 958 submitten-

1904 991 2083 1060 tibus,
2118 998 2173 1048 et
2199 993 2310 1047 diis
2343 992 2637 1047 sacriﬁcia
2662 990 3072 1056 otlereutibus,
3107 999 3162 1045 et
3192 1007 3292 1046 eos
3325 991 3565 1047 studen-

1906 1080 2056 1135 tibus
2077 1082 2299 1137 habere
2320 1080 2641 1137 benevolos
2666 1096 2735 1135 ac
2751 1080 3060 1151 propitios,
3084 1096 3185 1149 per
3204 1096 3358 1152 quos
3385 1081 3562 1136 nobis

1902 1171 2223 1236 donantur,
2276 1186 2655 1243 quaecunque
2704 1175 2843 1224 sunt
2882 1169 3106 1240 optima
3146 1176 3201 1224 et
3246 1170 3567 1239 pulcherri-

1906 1276 2004 1315 ma
2039 1259 2066 1313 Τ
2096 1260 2209 1315 Sed
2243 1266 2303 1315 tu
2332 1259 2579 1330 quidem
2624 1273 2746 1313 non
2802 1257 2995 1313 solum
3037 1273 3159 1313 non
3190 1260 3422 1313 accedis
3451 1260 3565 1314 diis

1905 1348 2374 1418 sacriﬁcaturus,
2402 1352 2459 1402 et
2479 1364 2581 1402 eos
2613 1346 2947 1417 placaturus
2977 1362 2988 1400 :
3017 1347 3121 1401 sed
3146 1363 3249 1402 eos
3280 1349 3459 1402 etiam
3490 1348 3568 1403 ab

1902 1436 2172 1515 instituto
2206 1437 2544 1497 dimovens,
2576 1434 2678 1506 qui
2708 1435 2914 1490 volunt
2943 1436 3243 1506 accedere,
3276 1436 3466 1491 verbis
3495 1439 3569 1492 ad

1905 1524 2319 1581 inducendum
2350 1524 2825 1580 accommodatis
2850 1524 3100 1596 decipis,
3134 1541 3330 1596 neque
3361 1542 3570 1597 corpo-

186 1612 268 1667 ris
310 1613 501 1668 fretus
564 1614 1004 1683 magnitudine,
1058 1630 1253 1688 neque
1291 1617 1639 1673 auctoritate
1678 1616 1795 1672 ulla
1833 1619 1936 1672 aut
1973 1614 2285 1685 dignitate.
2342 1615 2443 1669 Cui
2498 1618 2727 1683 martyr
2756 1613 2963 1669 Christi
3006 1614 3090 1668 sic
3128 1620 3439 1670 mansuete
3479 1631 3571 1670 res

197 1702 445 1771 spondit
468 1707 521 1755 et
554 1701 784 1773 placide
820 1718 831 1755 :

262 1788 338 1843 A'.
390 1790 523 1859 Ἐγὼ
567 1794 656 1861 μὲν
710 1792 980 1864 ἄνθρωπος
1015 1789 1143 1845 εἶναι
1201 1792 1435 1865 ὁμολογῶ
1480 1792 1684 1853 εύτελὴς
1734 1797 1791 1845 τὸ

1976 1792 2067 1848 1V.
2093 1795 2212 1862 Ego
2234 1793 2483 1864 quidem
2519 1808 2611 1846 me
2644 1790 2830 1846 fateor
2869 1806 3003 1846 esse
3030 1790 3340 1846 hominem
3373 1794 3568 1862 specie

200 1884 515 1949 φαινόμενον
560 1885 649 1931 καὶ
680 1886 884 1954 μικρός·
918 1887 1171 1955 περιφίρω
1220 1879 1278 1935 δὲ
1320 1882 1369 1935 ἐν
1400 1891 1470 1952 τῷ
1519 1882 1811 1956 ὀστρακίνῳ

1925 1881 2211 1936 humilem
2248 1889 2303 1936 et
2344 1880 2625 1951 pusillum
2668 1898 2679 1934 ;
2715 1878 3066 1935 circumfero
3112 1886 3312 1936 autem
3352 1882 3410 1934 in
3461 1880 3571 1934 hoc

192 1986 295 2036 μου
345 1970 514 2037 τούτῳ
566 1972 734 2020 σκεύει
778 1972 863 2020 τὸν
905 1968 1021 2041 ἐμὸν
1060 1971 1342 2043 πολύτιμον
1395 1976 1449 2022 όν
1502 1974 1805 2045 καίθησαυρ

196 2062 543 2129 μαργαρίτην
604 2062 860 2129 Χριστόν,
929 2063 1013 2109 τὸν
1068 2064 1257 2129 Κύριον
1310 2080 1410 2131 μου
1464 2066 1553 2111 καὶ
1603 2068 1816 2131 Σωτῆρα

192 2144 426 2207 Ἰησούν,
484 2146 543 2196 οὗ
608 2143 797 2208 δουλός
853 2147 979 2217 εἰμι,
1032 2148 1166 2219 ᾧπερ
1206 2150 1357 2223 ρίφην
1416 2148 1516 2200 ἀπὸ
1558 2153 1811 2220 γαστρός,

194 2238 247 2297 ὃς
280 2233 511 2295 πλοῦτος
543 2234 655 2306 ἐμοὶ
688 2242 774 2287 xui
814 2240 1074 2308 καύχημα
1107 2243 1196 2289 καὶ
1230 2238 1387 2309 ἰσχύς
1418 2235 1492 2289 δι’
1522 2236 1587 2288 ὧν
1616 2235 1815 2297 ἣδιστα

210 2322 327 2393 ἐμοὶ
376 2328 467 2374 καὶ
496 2326 685 2397 τερπνά
716 2326 781 2375 τὰ
829 2332 917 2376 τοῦ
961 2323 1082 2397 βίου
1118 2326 1319 2378 ἅπαντα
1367 2326 1594 2398 ἀλγεινά.
1645 2324 1812 2379 Ούδὶν

194 2408 281 2463 οὖν
316 2414 642 2483 θαυμαστὸν,
677 2413 716 2463 ὧ
763 2416 989 2486 ἡγεμὼν,
1025 2415 1069 2466 εἰ
1116 2419 1356 2467 τοιούτου
1403 2423 1667 2468 Δεσποτου
1720 2419 1809 2483 ὤν,

194 2498 411 2552 σπεύδω
443 2507 531 2553 xui
572 2500 916 2573 ἀγωνίζομαι,
970 2505 1103 2564 ὅπως
1157 2523 1210 2557 τε
1237 2504 1389 2564 αύτὸς
1434 2512 1526 2555 τού
1580 2504 1661 2555 ἰού
1716 2513 1812 2565 τῆς

192 2596 386 2652 κακίας
456 2588 679 2661 ἐμαυτὸν
736 2588 1072 2664 ἀποξέσαιμι,
1134 2594 1251 2646 καθ’
1308 2595 1427 2646 ὅσον
1482 2595 1643 2646 οἷόντε
1693 2614 1813 2645 συν-

199 2686 454 2753 τηρησας
508 2676 797 2745 ἀλώϐητον,
850 2686 939 2732 καὶ
988 2684 1122 2745 ὅπως
1153 2691 1243 2743 τῆς
1286 2691 1384 2734 τῶν
1425 2680 1648 2735 εἰδώλων
1681 2684 1814 2735 πλά-

195 2788 289 2829 νης
336 2772 460 2829 τούς
521 2767 890 2840 ἠπατημένους
936 2769 1265 2844 ἐκσπάσαιμι
1331 2777 1421 2823 xui
1460 2779 1519 2843 τῇ
1594 2772 1812 2844 ἀληθείᾳ

194 2856 545 2929 προσάξαιμι.
630 2856 689 2909 Ὀ
770 2859 871 2932 γὰρ
932 2858 1125 2929 ἐξάγων
1184 2860 1489 2932 ἁμαρτωλὸν
1573 2858 1628 2911 ἐκ
1683 2860 1811 2912 πλάο

364 2944 493 2998 ὀδοῦ
570 2946 726 2998 αύτού
933 2968 1063 3019 φησι
1122 2952 1185 3000 τά
1246 2952 1567 3001 θεόπνευστα
1635 2950 1808 3021 λόγια)

202 3044 361 3088 σωσει
430 3038 521 3107 μὲν
595 3034 781 3107 ψυχὴν
841 3038 895 3088 ἐκ
954 3039 1177 3090 θανάτου
1256 3043 1346 3090 xui
1406 3038 1626 3109 καλύψει
1681 3038 1811 3097 πλῆ-

204 3128 291 3186 θος
350 3126 640 3197 ἁμαρτιῶν.
712 3128 829 3179 Εἴθε
897 3122 984 3178 οὖν
1064 3130 1266 3179 ἐπείθου
1348 3148 1438 3201 μοι
1515 3133 1604 3179 καὶ
1653 3128 1810 3189 αύτὸς

196 2967 285 3007 ’της

1922 1986 2055 2025 meo
2118 1986 2258 2025 vase
2282 1970 2441 2023 ﬁctili
2483 1970 2809 2039 pretiosum
2867 1985 3067 2023 meum
3102 1970 3456 2031 thesaurum,
3516 1973 3575 2023 et

1926 2059 2311 2127 margaritam
2343 2059 2634 2113 Christum
2662 2059 2983 2112 Dominum
3016 2074 3216 2112 meum
3238 2058 3573 2113 etSalvato-

1921 2163 2044 2205 rem
2075 2148 2296 2212 Jesum,
2332 2148 2503 2217 cujus
2536 2164 2670 2201 sum
2712 2162 2917 2200 servus
2954 2146 3080 2199 :cui
3112 2147 3409 2216 projectus
3442 2163 3576 2201 sum

1924 2236 2001 2293 ab
2033 2244 2215 2302 utero,
2249 2236 2347 2307 qui
2387 2241 2472 2291 est
2502 2235 2645 2290 mihi
2686 2235 2921 2301 divitiae,
2963 2234 3235 2305 gloriatio
3266 2241 3320 2290 et
3374 2235 3572 2299 virtus,

1924 2341 2029 2396 per
2079 2341 2214 2397 quas
2246 2332 2387 2380 sunt
2442 2324 2586 2379 mihi
2618 2323 2995 2379 delectabilia
3034 2330 3090 2379 et
3134 2323 3311 2393 longe
3363 2325 3576 2394 jucun-

1923 2413 2169 2470 dissima
2191 2430 2568 2487 quaecunque
2593 2420 2730 2468 sunt
2753 2414 2810 2467 in
2846 2415 2962 2468 vita
2989 2427 3200 2483 aspera
3232 2419 3287 2467 et
3306 2413 3575 2469 molesta.

1923 2506 2049 2559 Non
2092 2513 2175 2559 est
2204 2519 2346 2571 ergo
2405 2504 2643 2568 mirum,
2679 2520 2711 2556 o
2744 2518 2981 2573 praises,
3027 2503 3074 2555 si
3114 2518 3253 2556 cum
3314 2502 3447 2557 talis
3502 2504 3575 2557 sit

1923 2595 2068 2650 mihi
2102 2593 2408 2655 Dominus,
2449 2593 2736 2647 contendo
2774 2598 2830 2646 et
2859 2592 3114 2659 decerto,
3150 2596 3211 2644 ut
3240 2596 3296 2645 et
3322 2591 3450 2661 ipse
3480 2607 3576 2645 me

1922 2698 1958 2738 a
1992 2682 2111 2737 vitii
2162 2680 2435 2750 rubigine
2466 2679 2785 2751 expoliam,
2818 2695 2913 2733 me
2961 2678 3256 2749 integrum
3310 2684 3366 2731 et
3390 2679 3576 2733 since-

1920 2786 2076 2835 rum,
2110 2768 2312 2841 quoad
2356 2769 2485 2838 ejus
2534 2768 2659 2823 ﬁeri
2716 2773 2925 2838 potest,
2965 2782 3343 2833 conservans,
3390 2772 3571 2836 utque

1921 2858 1999 2913 ab
2084 2873 2279 2913 errore
2353 2856 2651 2911 idolorum
2738 2872 2859 2923 eos,
2964 2856 3067 2926 qui
3140 2862 3281 2909 sunt
3362 2854 3575 2926 decep-

1922 2948 1982 3012 ti,
2016 2946 2287 3011 avellam,
2341 2952 2401 3000 et
2430 2946 2731 3001 adducam
2785 2946 2863 3000 ad
2905 2945 3229 3000 veritatem.
3267 2945 3378 3009 Qui
3414 2945 3571 2998 enim

1920 3035 2157 3092 abducit
2181 3040 2534 3104 peccatorem
2560 3035 2634 3090 ab
2647 3050 2847 3091 errore
2870 3034 2976 3090 via:
3000 3049 3120 3089 sua:
3145 3040 3231 3104 (ut
3256 3034 3463 3087 dicunt
3486 3032 3570 3087 di-

1920 3126 2137 3180 vinitus
2161 3122 2452 3195 inspirata
2480 3124 2748 3196 Eloquia)
2775 3124 3032 3179 servabit
3056 3126 3321 3179 animam
3355 3128 3576 3177 amorte

203 3220 295 3273 τὴν
326 3218 419 3287 μεν
450 3222 720 3285 παροῦσαν
771 3214 972 3270 ἀπάτην
1017 3216 1340 3281 καταλιπεῖν,
1381 3228 1451 3287 τῷ
1504 3214 1561 3269 δέ
1603 3237 1662 3288 γε
1714 3225 1809 3278 τῆς

1925 3221 1974 3277 et
2000 3215 2217 3283 aperiet
2236 3212 2659 3269 multitudinem
2675 3227 3059 3282 peccarorum
3086 3214 3327 3282 '.Atque
3349 3212 3575 3266 utinam

203 3304 445 3363 ἀληθείας
495 3308 624 3375 φωτὶ
672 3300 1055 3379 προσδραμεῖν.
1089 3304 1285 3377 Ἔγνως
1328 3309 1429 3378 γάρ
1475 3306 1533 3357 ἂν
1568 3312 1683 3358 τότε
1740 3309 1808 3368 ὡς

204 3393 431 3457 ἀληθῶς,
462 3398 513 3445 τί
556 3396 647 3464 μὲν
692 3394 717 3445 6
749 3402 847 3445 τῶν
902 3392 1030 3446 ὄλών
1063 3398 1193 3457 Θεὸς
1233 3400 1321 3447 καὶ
1351 3401 1635 3460 Δεσπότης,
1668 3400 1720 3447 τί
1752 3392 1810 3448 δε

200 3483 265 3533 ra
313 3484 438 3556 παρ’
497 3483 639 3554 ὑμῶν
685 3480 881 3535 εῖδωλα
934 3487 1025 3535 καὶ
1070 3487 1236 3555 κωφά,
1281 3484 1315 3535 οἱ
1352 3482 1539 3556 ψυχῆς
1581 3482 1810 3556 ἀτεχνῶς

203 3571 411 3644 ὄλεθρος
441 3577 532 3623 καὶ
572 3571 821 3626 ἀπώλεια.

276 3839 351 3895 E'.
383 3838 588 3890 Τούτων
632 3836 910 3891 ἀκούσασα
948 3845 1048 3891 τῶν
1073 3835 1237 3911 λόγων
1264 3839 1293 3897 ἠ
1338 3838 1506 3911 φαύλη
1536 3836 1691 3911 ψυχὴ
1722 3843 1811 3891 καὶ

203 3928 516 3999 μισόκαλος,
569 3926 938 3999 ἀκατασχέτου
992 3926 1106 3979 λίαν
1145 3926 1452 3985 ὑπεπλήσθη
1497 3930 1681 4001 θυμοῦ,
1724 3932 1813 3980 xui

204 4026 277 4087 τῷ
334 4017 467 4089 ἁγίῳ
517 4014 774 4091 βλοσυρὸν
825 4013 1007 4069 ἐνιδὼν
1055 4022 1143 4068 καὶ
1194 4014 1377 4091 δριμύ·
1434 4016 1647 4079 ’Ἑοικάς
1701 4037 1810 4089 μοι,

209 4116 365 4176 φησι,
403 4109 492 4157 τόν
526 4108 741 4158 θάνατον
766 4112 853 4165 τῆς
884 4102 1113 4166 ἡδίστης
1140 4106 1278 4167 ζωῆς
1311 4112 1569 4179 προτιμᾴν
1601 4111 1689 4157 καὶ
1723 4103 1816 4158 διὰ

208 4202 361 4246 τούτο
409 4194 643 4267 ῥήμασιν
708 4193 1129 4265 ἀπονενοημένοις
1212 4198 1479 4268 κέχρησαι
1532 4197 1667 4246 κατά
1716 4204 1815 4246 τῶν

214 4285 357 4346 θεῶν,
412 4286 656 4354 συνείρων
714 4280 964 4335 ἀπνευστὶ
1019 4285 1085 4334 τά
1130 4278 1471 4355 παιδαριώδη
1523 4291 1691 4335 ταυτα
1728 4288 1817 4335 καὶ

209 4374 431 4449 μάταια·
469 4368 575 4421 ἀλλ’
609 4370 720 4423 ἴσθι
746 4373 816 4433 ὡς
863 4369 1013 4423 οὐδέν
1049 4390 1105 4423 σε
1141 4374 1336 4423 τούτων
1368 4371 1540 4429 ὀνήσει
1584 4368 1709 4424 ούδέ
1736 4377 1815 4433 τίς

213 4478 267 4511 σε
299 4468 400 4510 τῶν
450 4458 582 4530 ἐμῶν
613 4458 854 4521 ἐξελεῖται
900 4469 1094 4532 χειρῶν
1126 4456 1241 4511 ούδ⁹
1286 4462 1339 4511 ὅν
1371 4458 1656 4533 ἐπαγγέλλῃ
1716 4469 1815 4513 Σω-

212 4556 350 4618 τῆρα
383 4550 474 4598 σόν
513 4552 602 4598 xui
645 4552 793 4601 Θεὸν.
844 4551 1020 4599 Πάντα
1049 4551 1149 4619 γάρ
1180 4567 1273 4599 σου
1309 4544 1704 4620 διαψηλαφησω
1756 4551 1821 4601 τά

210 4635 363 4707 μέλη,
414 4640 504 4686 καὶ
554 4642 651 4687 πᾶν
699 4639 742 4688 εἰ
780 4655 831 4687 τι
882 4640 1066 4707 πικρὸν
1111 4634 1280 4697 ἐπάξω
1326 4655 1411 4689 σοι
1454 4637 1820 4710 κολαστήριον,

212 4729 275 4784 ὡς
329 4727 391 4776 οἷν
441 4724 573 4796 αὐτῇ
618 4729 771 4797 πείρᾳ
819 4734 967 4795 γνῷς,
1020 4726 1141 4777 ὅσον
1190 4730 1246 4777 τὸ
1299 4724 1528 4778 ἀπειθεῖν
1559 4735 1669 4788 τοῖς
1701 4747 1825 4798 κρα-

213 4822 365 4866 τοὺσι
415 4817 597 4876 κακὸν,
648 4819 735 4865 καὶ
784 4816 933 4875 ὅσαις
976 4815 1253 4866 ὑπεύθυνοι
1292 4821 1568 4889 τιμωρίαις
1619 4818 1666 4867 οὶ
1708 4818 1829 4876 τούς

217 4905 357 4962 θεούς
410 4903 823 4975 μυκτηρίζοντες
876 4908 965 4954 καὶ
1004 4908 1097 4961 τὴν
1160 4904 1324 4956 αύτῶν
1378 4905 1616 4977 λατρείαν
1672 4903 1830 4957 ἀπαν-

214 4998 493 5063 αινὸμενοι.
568 4995 698 5065 Πρός
753 4993 804 5043 ὄν
864 4994 889 5043 6
943 4995 1141 5065 μάρτυς
1202 4993 1618 5067 θαρσαλεώτερον
1668 4993 1835 5045 ἀτενί-

219 5100 329 5141 σας·
387 5087 473 5138 Μὴ
517 5080 686 5152 μέλλε,
739 5078 867 5147 εἷπε,
929 5078 1065 5153 μηδ’
1120 5079 1376 5147 ἀναδύου,
1433 5083 1539 5135 ἀλλ’
1594 5084 1834 5156 ἐτοίμαζε

220 5176 424 5240 ταχέως
480 5173 653 5220 πάντα
708 5189 801 5222 σου
850 5172 917 5222 τά
973 5179 1071 5223 τῶν
1126 5169 1567 5247 βασανιστηρίων
1617 5172 1833 5246 ὃργανα’

221 5258 491 5314 ἡκέτωσαν
538 5259 595 5309 αἱ
625 5261 901 5330 μάστιγες,
952 5264 1011 5311 τὸ
1056 5259 1219 5332 ξίφος,
1272 5264 1329 5311 τὸ
1369 5270 1495 5336 πύρ,
1542 5263 1567 5313 6
1618 5266 1835 5345 τροχὸς.

222 5352 305 5398 xui
357 5349 458 5399 ὅσα
511 5366 597 5399 σοι
649 5347 781 5399 ἄλλα
832 5352 961 5420 πρὸς
1012 5355 1266 5423 τιμωρίαν
1326 5349 1666 5408 ἐπινενόηται·
1719 5353 1838 5423 ἐμοὶ

223 5438 322 5509 γὰρ
353 5437 402 5490 ἓν
432 5443 592 5509 μόνον
638 5436 850 5513 φοϐερὸν
888 5444 977 5490 καὶ
1026 5443 1213 5513 φρίκης
1263 5438 1429 5511 ἄξιον,
1487 5445 1544 5492 τό
1599 5440 1839 5513 φοϐηθῆ-

313 5614 457 5675 ‘Jac.
491 5620 654 5689 v.20.

1922 3311 1983 3361 tu
2008 3318 2245 3375 quoque
2276 3318 2311 3357 a
2343 3317 2437 3357 me
2478 3300 2922 3373 persuadereris
2951 3306 3306 3372 prmsentem
3331 3299 3579 3371 quidem

1918 3392 2250 3464 relinquere
2283 3391 2709 3461 deceptionem,
2742 3389 2820 3444 ad
2867 3389 3125 3444 veritatis
3157 3394 3355 3445 autem
3383 3389 3579 3444 lucem

1919 3482 2216 3539 accedere.
2265 3482 2425 3535 Tunc
2453 3479 2611 3534 enim
2658 3494 2863 3533 revera
2888 3480 3288 3548 cognovisses,
3322 3478 3473 3549 quid
3511 3477 3585 3533 sit

1919 3572 2335 3627 universorum
2377 3568 2621 3639 quidem
2668 3569 2821 3621 Deus
2846 3573 2901 3620 et
2933 3568 3217 3621 Dominus
3252 3567 3438 3637 :quid
3481 3583 3583 3622 au-

1920 3666 2062 3727 tem,
2099 3675 2228 3731 quae
2279 3663 2418 3712 sunt
2470 3656 2635 3727 apud
2666 3671 2775 3710 vos
2829 3656 3168 3721 simulacra,
3201 3672 3334 3728 quae
3379 3671 3585 3713 revera

1920 3755 2060 3806 sunt
2096 3749 2308 3805 animae
2338 3747 2576 3802 emtium
2607 3748 2663 3800 et
2688 3745 2986 3800 interitus.

1994 3841 2056 3893 V.
2090 3841 2221 3893 Hiec
2272 3852 2407 3891 cum
2442 3834 2600 3891 mala
2626 3835 2885 3890 audisset
2914 3834 3135 3903 anima,
3171 3839 3227 3889 et
3251 3850 3414 3906 qum,
3446 3848 3582 3905 quas

1922 3928 2345 3991 sunthonesta,
2364 3924 2715 3988 habetodio,
2736 3939 2808 3979 ea
2824 3940 2959 3995 quae
2980 3924 3265 3979 contineri
3285 3939 3402 3978 non
3419 3927 3586 3995 pote-

1922 4024 2013 4074 rat
2041 4020 2127 4072 ira
2142 4016 2249 4071 fuit
2273 4014 2519 4087 repleta,
2543 4019 2598 4068 et
2628 4020 2903 4069 sanctum
2932 4019 3095 4068 torve
3121 4012 3361 4067 intuens
3390 4032 3403 4071 :
3433 4012 3586 4078 Mihi,

1924 4107 2133 4179 inquit,
2154 4104 2365 4159 videris
2381 4109 2623 4159 mortem
2664 4104 2790 4158 vitae
2822 4101 3581 4174 praeferrejucuudissimaa,

1925 4201 1979 4253 et
2008 4195 2135 4251 ideo
2157 4193 2603 4250 adversusdeos
2628 4193 2820 4248 verbis
2848 4208 2991 4247 usus
3017 4190 3509 4257 esinsolentibus,
3532 4196 3587 4246 et

1926 4284 2229 4341 amentiam
2246 4288 2393 4339 tuam
2422 4281 2905 4352 significantibus,
2921 4282 3047 4335 haec
3066 4281 3373 4351 pueriliaet
3393 4281 3593 4336 inania

1928 4379 2269 4435 contexens,
2292 4377 2349 4427 et
2366 4386 2521 4427 vano
2544 4370 2746 4440 spiritu
2770 4368 3077 4441 proferens
3100 4384 3113 4420 :
3140 4368 3243 4424 sed
3261 4371 3411 4425 scias
3424 4369 3584 4425 futu‘

1928 4479 2085 4532 rum,
2118 4468 2180 4517 ut
2209 4461 2577 4516 nihilhorum
2599 4459 2700 4514 tibi
2731 4459 3132 4531 prosit,neque
3156 4466 3207 4513 te
3234 4474 3245 4514 :
3281 4458 3495 4531 aliquis
3517 4475 3591 4515 ex

1932 4553 2069 4608 meis
2084 4550 2347 4606 manibus
2360 4551 2587 4621 eripiat,
2609 4565 2677 4604 ne
2695 4549 2741 4603 is
2755 4548 3014 4621 quidem,
3028 4563 3065 4619 q
3077 4563 3199 4604 uem
3217 4553 3279 4603 tu
3296 4548 3593 4619 protiteris

1936 4644 2122 4696 Deum
2144 4646 2199 4695 et
2218 4639 2602 4695 Salvatorem.
2630 4639 2839 4695 Omnia
2858 4638 3018 4692 enim
3044 4644 3143 4693 tua
3167 4639 3437 4693 membra
3458 4654 3602 4693 con-

1938 4731 2215 4796 trectabo,
2247 4734 2304 4784 et
2322 4728 2728 4800 quodcunque
2756 4735 2841 4783 est
2869 4727 3176 4793 acerbum,
3210 4728 3314 4782 tibi
3339 4728 3591 4783 inferam

1940 4818 2300 4891 supplicium
2345 4835 2357 4873 :
2398 4824 2458 4872 ut
2505 4818 2636 4889 ipsa
2668 4818 2820 4872 scias
2864 4817 3242 4887 experientia,
3303 4823 3596 4887 quantum

1942 4909 2014 4964 sit
2040 4908 2271 4964 malum
2298 4923 2415 4963 non
2445 4922 2647 4977 parere
2675 4906 2743 4960 iis
2773 4907 2877 4978 qui
2908 4905 3281 4961 dominatum
3312 4906 3597 4969 obtinent,

1944 5002 1999 5053 et
2038 5013 2212 5069 quam
2241 4995 2439 5051 multis
2482 4997 2597 5049 sint
2629 4996 2816 5065 pceuis
2847 4994 3095 5049 obnoxii
3122 4994 3282 5066 iiqui
3306 4993 3451 5048 deos
3470 4994 3608 5047 sub-

1946 5090 2223 5148 sannant,
2258 5091 2311 5140 et
2342 5100 2550 5140 eorum
2583 5084 2807 5139 cultum
2838 5083 3174 5154 repudiant.
3218 5084 3408 5157 Quem
3448 5099 3609 5137 mar-

1949 5192 2040 5247 tyr
2097 5174 2387 5230 audacius
2435 5174 2569 5228 ﬁxis
2608 5174 2844 5228 intuens
2885 5173 3073 5228 oculis
3120 5194 3131 5225 :
3189 5172 3336 5236 Noli,
3394 5171 3609 5243 inquit,

1949 5262 2202 5331 differre,
2236 5278 2347 5318 nec
2387 5263 2723 5334 protrahere
2754 5278 2766 5318 :
2802 5261 2908 5317 sed
2948 5264 3062 5317 cito
3090 5278 3238 5333 para
3268 5262 3474 5317 omnia
3497 5266 3614 5316 tor-

1950 5359 2289 5408 mentorum
2363 5351 2779 5407 iustrumenta.
2826 5352 3043 5407 Venina
3100 5351 3354 5420 ﬂagella,
3404 5352 3608 5417 ensis,

1953 5440 2129 5513 iguis,
2170 5447 2335 5507 rotat,
2365 5444 2421 5497 et
2445 5456 2821 5515 quaecunque
2853 5440 2969 5497 alia
2998 5444 3330 5513 excogiatat
3366 5439 3608 5502 fuerunt
