4142 6196
594 284 699 341 483

1992 276 2245 334 MENSIS

2356 274 2559 335 JLIUS.
3778 296 3783 301 “
3827 286 3915 345 484

595 412 673 467 ad
701 411 1007 485 supplicia.
1051 411 1147 464 Est
1185 408 1345 464 enim
1384 405 1737 463 mihiunum
1769 406 1962 462 solum
1996 403 2245 461 terribile

2364 409 2446 455 ναί
2494 425 2544 456 τι
2587 408 2687 480 πρό
2722 414 2855 459 Θεοῦ
2898 408 2987 459 καὶ
3035 412 3130 467 τῆς
3174 404 3360 460 ἐκεῖθεν
3403 411 3727 482 χωρισθῆναι
3772 434 3925 485 μακα-

596 506 652 556 et
682 499 1151 562 formidandum,
1181 512 1254 551 ne
1282 497 1415 568 quid
1454 495 1726 551 timeatur
1742 495 2055 567 plusquam
2075 497 2249 558 Deus,

596 589 745 644 etab
768 604 838 643 ea
869 603 1003 658 quae
1035 586 1148 639 illic
1180 590 1285 650 est,
1322 600 1562 657 separer
1586 586 1971 640 beatitudine.
2001 584 2123 638 Alia
2145 598 2253 637 au-

594 683 710 732 tem
744 692 963 737 omnia,
1004 690 1137 745 quae
1161 690 1295 728 meo
1335 674 1557 744 corpori
1576 672 1858 740 intuleris,
1878 674 2253 743 voluptatem

593 768 738 821 mihi
777 765 975 838 potius
1006 764 1319 834 reputabo,
1374 780 1558 835 quam
1604 763 1954 828 cruciatum,
2009 764 2254 835 propter

593 871 796 911 meum
826 856 886 909 in
922 858 1105 909 Deum
1139 868 1430 907 amorem.

666 979 755 1034 VI.
790 980 1184 1050 Tuncprmses
1209 993 1347 1031 cum
1361 976 1737 1047 desperasset
1761 976 1886 1032 fore
1916 982 2258 1033 utmutare-

598 1076 709 1133 tur,
720 1068 740 1138 j
752 1068 956 1123 ubetei
977 1073 1165 1121 totum
1180 1082 1393 1137 corpus
1409 1064 1559 1119 caedi
1582 1065 1779 1119 nervis
1801 1064 2250 1120 crudelissimis.

589 1157 693 1224 Qui
735 1173 872 1211 cum
917 1155 1261 1219 crederetur,
1320 1153 1623 1208 clamabat
1662 1169 1855 1224 praeco
1916 1169 1927 1207 ε
1980 1158 2257 1223 Agnosce

590 1247 754 1311 deos,
803 1245 1097 1309 Callinice,
1131 1248 1190 1298 et
1219 1260 1322 1297 eos
1374 1244 1605 1307 invoca,
1641 1247 1703 1297 ut
1750 1247 1806 1297 te
1858 1241 1936 1297 ab
1990 1243 2103 1297 hoc
2145 1249 2258 1298 tor-

590 1342 790 1391 mento
828 1335 1110 1390 eximant.
1147 1334 1245 1386 ltle
1277 1338 1477 1387 autem
1526 1338 1645 1386 tam
1679 1331 1885 1387 leniter
1918 1331 2124 1403 plagas
2158 1348 2257 1387 ac-

590 1425 867 1496 cipiebat,
913 1431 973 1479 ut
1026 1440 1099 1477 ne
1133 1422 1432 1477 videretur
1471 1420 1719 1491 quidem
1759 1422 2003 1475 omnino
2061 1420 2183 1493 pati
2240 1441 2263 1491 ε

592 1519 817 1570 tantum
866 1513 1054 1580 abest,
1109 1517 1169 1566 ut
1211 1510 1569 1574 concideret,
1619 1515 1719 1565 aut
1766 1510 2116 1576 ﬂecteretur,
2177 1510 2255 1565 ad

599 1607 784 1659 Deum
824 1603 1020 1657 solum
1066 1609 1246 1657 totam
1303 1606 1563 1655 mentem
1612 1600 1896 1669 dirigens,
1950 1604 2005 1653 et
2034 1600 2084 1654 ei
2117 1614 2255 1655 con-

598 1699 820 1748 stanter
850 1707 1036 1761 agens
1068 1691 1308 1760 gratias,
1345 1706 1450 1761 pro
1483 1705 1605 1761 quo
1633 1690 1756 1743 haec
1790 1688 1909 1759 pati
1934 1688 2252 1759 delegerat.

600 1785 665 1836 Et
684 1797 805 1853 quo
836 1758 1029 1852 magis
1058 1758 1299 1834 videbat
1328 1758 1545 1847 corpus
1565 1758 1853 1847 sanguine
1875 1758 2161 1841 difﬂuere,
2180 1794 2250 1833 eo
2285 1758 2329 1812 B

600 1872 785 1940 magis
814 1869 1229 1923 subsannabat
1249 1884 1346 1922 eos
1378 1867 1481 1938 qui
1507 1866 1917 1930 verberabant,
1952 1867 2106 1936 quod
2130 1882 2252 1921 non

607 1959 807 2029 plures
840 1964 891 2012 et
934 1956 1404 2011 vehementiores
1434 1954 1486 2009 ei
1518 1956 1729 2025 plagas
1771 1953 2070 2009 inferrent.
2107 1956 2254 2010 Sunt

592 2064 675 2103 ea;
706 2048 886 2112 enim,
929 2048 1139 2117 inquit,
1192 2045 1370 2113 longe
1411 2045 1671 2097 minores
1704 2049 1757 2097 et
1810 2043 2247 2109 imbecilliores,

592 2153 777 2207 quam
810 2150 920 2204 ego
964 2133 1325 2203 exspectavi,
1359 2139 1413 2185 et
1443 2148 1629 2201 quam
1662 2132 1769 2185 sim
1803 2132 2053 2187 tolerare
2084 2147 2255 2202 para-

600 2230 713 2278 tus.
742 2225 984 2292 PrOpter
1014 2237 1144 2292 quia
1174 2222 1385 2292 majori
1416 2222 1612 2274 furore
1645 2221 1902 2290 percitus
1934 2222 2247 2285 Sacerdos,

595 2312 761 2382 jubet
799 2326 939 2364 eum
992 2310 1251 2380 pendere
1282 2325 1317 2364 a
1346 2309 1530 2379 ligno,
1582 2313 1639 2363 et
1668 2308 1872 2363 ferreis
1901 2308 2114 2363 laniari
2148 2325 2250 2363 un-

592 2400 762 2469 gulis.
812 2401 999 2463 Quem
1049 2415 1187 2453 cum
1235 2400 1412 2454 etiam
1460 2398 1983 2453 circumstetissent
2012 2398 2249 2453 lictores

590 2496 846 2559 agrestes
872 2494 929 2542 et
949 2488 1241 2553 crudeles,
1273 2488 1663 2543 scrutatisunt
1690 2494 1872 2542 totam
1886 2503 2248 2557 compagem

591 2580 869 2649 corporis,
924 2577 1065 2631 nulli
1123 2578 1390 2649 corporis
1423 2576 1575 2648 parti
1622 2581 1957 2648 parcentes.
1992 2577 2250 2632 Dixisses

589 2685 728 2723 eum
777 2667 994 2722 habere
1028 2671 1307 2722 naturam
1359 2667 1593 2739 lapidis,
1628 2673 1731 2721 aut
1760 2667 2027 2737 aliquam
2072 2666 2248 2721 aliam

588 2773 819 2820 eorum,
852 2773 985 2827 qua)
1044 2763 1179 2811 sunt
1209 2758 1357 2811 dura
1399 2764 1457 2811 et
1510 2758 1930 2827 repugnantia,
1983 2772 2121 2810 cum
2171 2758 2253 2811 vi-

589 2847 777 2901 disses
805 2863 940 2901 eum
962 2846 1124 2901 nulla
1145 2846 1300 2901 allici
1333 2846 1620 2910 molestia,
1651 2861 1758 2899 nec
1791 2845 2123 2915 ullotrangi
2146 2846 2253 2902 do-

588 2937 730 2991 lore.
765 2937 858 2989 Sic
910 2951 1047 2989 eum
1083 2936 1331 2989 mutavit
1359 2936 1489 3006 ejus
1530 2950 1702 2989 amor
1748 2934 1807 2988 in
1851 2935 2252 3001 Cliristum,ut

591 3028 740 3094 ejus,
765 3041 946 3095 quam
962 3025 1237 3087 habebat,
1259 3024 1703 3078 oblivisceretur
1724 3030 1974 3078 naturae.
1995 3027 2244 3079 Tantum

590 3115 747 3168 enim
775 3112 982 3176 abfuit,
1017 3120 1075 3166 ut
1101 3129 1335 3166 summo
1368 3119 1661 3166 tormento
1685 3115 2118 3182 succumberet,
2165 3121 2245 3181 ut,

590 3216 736 3255 voce
784 3200 971 3255 libera
1028 3202 1296 3255 irridet-et
1350 3210 1406 3255 et
1456 3199 1858 3255 ludificaretur
1898 3208 2245 3271 tyrannum.

591 3292 720 3355 Qua
749 3291 823 3344 de
862 3306 1045 3345 causa
1096 3291 1406 3345 videbatur
1433 3292 1527 3344 hic
1581 3290 1823 3360 quidem
1865 3290 2247 3361 inexpugna-

588 3379 745 3444 bilis,
774 3379 869 3434 ille
925 3386 1125 3434 autem
1157 3380 1385 3450 pudore
1437 3378 1702 3442 allectus,
1732 3384 1785 3433 et
1813 3379 1941 3435 sola
1970 3382 2241 3451 quadam

589 3468 753 3524 inani
794 3484 854 3523 se
884 3468 1279 3524 exsultatione
1303 3469 1601 3539 jactitans.

661 3666 774 3720 Vll.
811 3667 955 3720 Cum
1004 3669 1202 3721 autem
1244 3664 1494 3720 omnino
1548 3664 1921 3737 desperasset
1968 3665 2239 3731 stolidus,

586 3756 664 3812 ad
694 3757 807 3811 hoc
848 3756 1126 3812 ultimum
1166 3772 1491 3811 conversus
1544 3763 1634 3811 est
1663 3756 2045 3827 supplicium,
2078 3757 2242 3827 quod

587 3846 772 3914 solus,
828 3846 915 3901 vel
972 3862 1110 3900 cum
1163 3846 1495 3900 admodum
1537 3847 1741 3917 paucis
1785 3847 2137 3914 excogitavit
2189 3850 2244 3900 et

587 3936 809 3991 invenit
854 3953 865 3990 :
899 3936 1059 4007 quod
1117 3935 1362 4006 quidem
1394 3940 1519 3989 erat
1549 3938 1788 4003 signum
1828 3935 1959 4006 ejus
2006 3934 2242 3989 furiosae

587 4032 641 4079 et
670 4024 920 4079 amentis
951 4026 1187 4077 animae.
1224 4027 1369 4077 Nam
1398 4039 1535 4077 cum
1550 4022 1823 4093 crepidas
1855 4024 2035 4078 clavis
2054 4023 2241 4078 acutis

586 4114 942 4183 conﬁxisset,
968 4113 1140 4183 jubet
1170 4112 1397 4182 alligari
1430 4114 1683 4183 pedibus
1717 4112 2013 4182 martyris,
2048 4119 2103 4168 et
2128 4112 2240 4167 im-

586 4208 753 4273 perat
781 4202 851 4255 iis
894 4205 995 4274 qui
1034 4219 1171 4256 eum
1216 4204 1619 4265 abducebant,
1658 4201 1981 4265 lictoribus,
2017 4209 2081 4256 ut
2129 4208 2240 4259 tra-

585 4298 715 4345 ctus
748 4290 920 4345 iniret
950 4293 1107 4347 viam
1147 4294 1439 4361 Gangram
1476 4306 1682 4361 usque.
1720 4292 1785 4345 Ut
1816 4296 2016 4345 autem
2050 4293 2237 4362 majo-

584 4396 679 4435 res
723 4389 776 4435 et
805 4382 1063 4436 acriores
1104 4383 1153 4434 ei
1186 4381 1537 4435 atferrentur
1567 4381 1803 4435 dolores
1858 4396 1929 4435 ex
1979 4383 2238 4452 perfora—

2360 498 2621 565 ριότητος.
2656 498 2733 547 Tu
2764 493 2813 547 δ’
2839 496 2966 547 οἶλλα
3010 499 3191 559 πάντα,
3238 498 3341 548 ὅσα
3371 498 3431 549 οἶν
3480 507 3550 568 τῷ
3603 500 3704 571 ἐμῷ
3741 500 3927 566 ἑπάξαις

2366 588 2591 654 σώματι,
2638 582 2801 643 ἠδονὴ
2855 605 2945 657 μοι
2992 586 3181 657 μᾶλλον
3227 589 3256 643 ἦ
3313 592 3535 661 τιμωρία
3579 585 3669 641 διὰ
3714 595 3793 642 τόν
3820 598 3929 666 πρὸς

2364 678 2485 726 Θεὸν
2514 674 2809 747 λελόγισται
2832 679 3018 749 ἔρωτα.

2455 984 2549 1056 ς’.
2583 989 2708 1036 Τότε
2738 986 2762 1035 ό
2808 986 3012 1057 ἡγεμὼν
3043 989 3135 1043 τὴν
3163 986 3447 1057 μεταϐολὴν
3481 985 3760 1050 ἀπελπίσας
3788 1008 3927 1060 προσ-

2367 1074 2552 1124 τάσσει
2583 1076 2775 1147 νεύροις
2826 1074 3115 1145 ὠμοτάτοις
3168 1077 3301 1125 κατά
3352 1077 3542 1137 παντὸς
3589 1082 3678 1127 τοῦ
3722 1081 3929 1147 σώματος

2367 1164 2677 1230 τύπτεσθαι,
2812 1168 2899 1214 καὶ
2950 1167 3247 1234 τυπτομένῳ
3293 1162 3477 1216 ἐπεϐόα
3522 1164 3547 1215 ό
3595 1164 3771 1237 κηρυξ’
3805 1165 3929 1217 Ἐπί.

2366 1254 2548 1321 γνωθι,
2585 1250 2871 1319 Καλλίνικε,
2923 1256 3043 1313 τοὺς
3086 1254 3229 1313 θεοὺς
3274 1257 3362 1304 καὶ
3404 1254 3587 1314 αὐτοὺς
3637 1252 3928 1319 ἐπικάλεσαι,

2368 1343 2505 1402 ὅπως
2561 1360 2617 1393 σε
2647 1344 2837 1401 ταύτης
2864 1349 2956 1403 τῆς
3010 1340 3246 1413 βασάνου
3292 1342 3577 1405 ἐξελωνται.
3620 1342 3677 1393 Ὀ
3708 1340 3763 1395 δὲ
3792 1344 3931 1403 οὕτως

2368 1428 2588 1501 ἀτρέμας
2640 1426 2853 1501 ἐδέχετο
2883 1433 2976 1491 τὰς
3024 1430 3247 1501 πληγὰς.
3302 1434 3365 1491 ὡς
3404 1427 3542 1503 μηδὲ
3574 1433 3794 1502 πάσχειν
3822 1431 3930 1493 ὅλως

2366 1516 2558 1583 δοκεῖν,
2615 1518 2803 1571 πολλου
2834 1538 2891 1590 γε
2941 1516 3025 1571 δεῖ
3051 1525 3395 1571 καταπίπτειν
3449 1524 3479 1577 ἤ
3524 1518 3927 1591 έπικάμπτεσθαι,

2365 1614 2477 1677 Θεῷ
2526 1613 2662 1679 μόνῳ
2711 1613 2803 1666 τὴν
2848 1608 2967 1665 ὅλην
3013 1612 3187 1660 τείνων
3242 1605 3477 1660 διάνοιαν
3525 1613 3612 1660 καὶ
3663 1608 3794 1679 αὐτῷ
3837 1607 3929 1659 ἐπι-

2364 1702 2525 1769 μόνως
2575 1698 2924 1767 εὐχαριστῶν,
2972 1698 3081 1748 ἀνθ’
3128 1698 3186 1748 οὗ
3217 1706 3384 1749 ταῦτα
3439 1700 3615 1749 παθεῖν
3664 1699 3829 1762 εἵλετο,
3854 1701 3928 1746 καὶ

2366 1788 2472 1857 ὅσῳ
2520 1786 2708 1858 μᾶλλον
2759 1786 2892 1858 ἐώρα
2936 1793 3045 1845 τοῖς
3094 1788 3279 1858 αἵμασι
3312 1790 3367 1838 τό
3411 1796 3565 1858 σῶμα
3616 1788 3925 1860 κατάρρυτον,

2364 1879 2593 1946 τοσούτῳ
2641 1879 2758 1935 τοὺς
2809 1879 3089 1935 τύπτοντας
3130 1875 3495 1947 έμυκτήριζεν,
3539 1877 3614 1927 ότι
3652 1881 3718 1947 μη
3752 1876 3928 1933 πλείους

2363 1964 2499 2034 αὐτῷ
2570 1969 2659 2015 καὶ
2735 1961 3085 2037 σφοδροτέρας
3164 1968 3255 2025 τὰς
3338 1964 3539 2035 πληγὰς
3620 1963 3925 2037 ἐπιφέροιντο.

2362 2052 2631 2113 Ἐλάττους
2661 2054 2761 2123 γὰρ
2796 2052 2969 2120 αὑταὶ,
3006 2058 3158 2123 φησὶ,
3204 2057 3293 2103 καὶ
3346 2048 3591 2126 ἀδρανεῖς
3645 2056 3771 2104 κατά
3819 2051 3927 2103 πολὺ

2362 2142 2429 2192 ὧν
2480 2138 2855 2214 προσεδόκησα
2907 2146 2994 2193 xui
3050 2144 3177 2216 πρός
3211 2141 3245 2192 οἱ
3290 2145 3738 2215 παρεσκεύασμαι.
3774 2140 3927 2213 Ἐφ’ᾇι

2362 2235 2450 2282 καὶ
2498 2231 2645 2282 πλέον
2695 2232 2718 2280 ό
2777 2227 3047 2303 Σακερδὼς
3107 2233 3361 2303 ἐκμανεὶς,
3423 2231 3742 2305 ἀναρτᾶσθαι
3795 2230 3926 2280 αὐτόν

2361 2321 2443 2371 ἐπὶ
2498 2320 2651 2381 ξύλου
2702 2318 2890 2371 κελεύει
2934 2324 3022 2371 καὶ
3070 2316 3317 2392 σιδηροῖς
3350 2328 3465 2381 τοῖς
3503 2320 3639 2382 ὄνυξι
3670 2320 3923 2382 ξαίνεσθαι,

2361 2410 2413 2460 ὃν
2443 2414 2532 2461 καὶ
2587 2405 2771 2480 δήμιοι
2810 2412 3145 2483 περιστάντες
3195 2412 3373 2482 ἄγριοι
3428 2415 3518 2462 καὶ
3563 2411 3690 2481 ὠμοὶ
3718 2414 3797 2466 τὴν
3824 2407 3923 2464 ὃλην

2365 2497 2611 2571 ἁρμονίαν
2655 2506 2745 2550 τοῦ
2776 2504 3014 2569 σώματος
3061 2495 3439 2573 διηρευνησαν,
3490 2496 3709 2571 μηδενὸς
3735 2505 3821 2549 τῶν
3848 2503 3925 2555 τῆς

2365 2592 2557 2660 σαρκός
2639 2592 2831 2662 μορίων
2912 2590 3231 2660 φεισάμενοι.
3289 2586 3441 2649 Eine;
3491 2590 3551 2640 οἶν
3606 2588 3753 2640 αὐτόν
3800 2586 3923 2637 λίθου

2364 2680 2516 2748 φύσιν
2569 2681 2599 2735 ἦ
2655 2697 2769 2729 τινα
2812 2677 2968 2734 ἄλλην
3029 2681 3169 2749 ἔχειν
3222 2686 3320 2729 τῶν
3398 2676 3682 2730 ἀντιτύπων
3757 2695 3804 2728 τε
3846 2680 3920 2725 καὶ

2366 2766 2585 2841 στερρὠν
2630 2770 2686 2818 τό
2747 2765 3031 2838 ἀνάλγητον
3084 2767 3244 2819 αὐτοῦ
3290 2770 3587 2840 τεθεαμένος
3643 2771 3726 2817 καὶ
3764 2763 3920 2835 ἀτέρα-

2360 2877 2503 2928 μνον,
2536 2857 2696 2917 οὕτως
2744 2856 2902 2907 αὐτόν
2948 2858 2971 2906 ό
3020 2860 3150 2930 πρὸς
3204 2861 3440 2930 Χριστόν
3485 2860 3603 2928 ἔρως
3654 2855 3919 2918 ἡλλοίωσεν,

2360 2950 2423 3006 ὡς
2468 2952 2557 2997 καὶ
2589 2946 2750 3006 αὐτῆς
2797 2944 3132 2997 ἐπιλαθέσθαι
3159 2946 3217 3004 ἧς
3271 2946 3456 3016 εἴληχε
3504 2949 3717 3018 φύσεως.
3754 2948 3920 2994 Τοσονα

2359 3054 2443 3086 τον
2486 3039 2585 3109 γαρ
2638 3034 2823 3106 ἀπεῖχε
2866 3043 2925 3107 τῇ
2970 3034 3359 3108 ὑπερϐαλλούσῃ
3413 3039 3572 3107 ταύτῃ
3611 3030 3922 3085 ὑποκατακλί-

2355 3126 2535 3175 νεσθαι
2588 3123 2824 3195 βασάνῳ,
2876 3126 2942 3185 ὡς
2987 3130 3073 3175 καὶ
3114 3123 3615 3198 πεπαρρησιασμένη
3658 3120 3757 3180 ἤδη
3801 3124 3916 3191 φωνῇ

2357 3208 2693 3271 ἐπιτωθάζειν
2744 3216 2826 3263 τόν
2876 3214 3118 3285 τύραννον
3149 3216 3239 3263 καὶ
3289 3212 3430 3282 αὐτῷ
3472 3211 3719 3283 ἐπιγελᾴν·
3753 3208 3823 3279 ἐφ’
3864 3206 3919 3254 ὧν

2356 3300 2505 3361 οὗτος
2554 3304 2642 3371 μὲν
2692 3303 2858 3372 ὼράτο
2891 3300 3330 3373 ἀκαταγώνιστος,
3365 3300 3556 3363 ἐκεῖνος
3596 3297 3645 3351 δ’
3674 3297 3919 3371 ᾐσχυμμέ-

2354 3409 2438 3451 νος
2492 3395 2581 3441 καὶ
2634 3395 2772 3461 μόνῳ
2816 3398 2886 3462 τῷ
2933 3388 3151 3463 διακένῳ
3207 3393 3514 3464 φρυάγματι
3562 3389 3918 3465 βρενθυόμενος.

2423 3666 2497 3722 Ζ’.
2528 3667 2611 3728 Ὠς
2652 3664 2711 3719 δὲ
2749 3675 2857 3729 τοῖς
2886 3667 3023 3729 ὅλοις
3068 3666 3350 3738 ἀπεγνώκει
3380 3667 3407 3717 ὁ
3448 3668 3683 3740 μάταιος,
3726 3661 3801 3713 ἐπὶ
3838 3661 3916 3714 τὴν

2353 3756 2587 3829 ἐσχάτην
2634 3762 2824 3814 ταύτην
2872 3762 3124 3830 τιμωρίαν
3179 3756 3451 3831 ἐτράπετο,
3510 3761 3539 3815 ἦ
3589 3759 3730 3828 μόνος
3777 3751 3802 3808 ἦ
3844 3765 3915 3797 κο·

2351 3844 2483 3918 μιδῇ
2519 3850 2609 3897 σὺν
2659 3846 2852 3917 ὀλίγοις
2881 3852 2968 3898 καὶ
3001 3843 3308 3903 διενοόσατο
3350 3852 3443 3898 καὶ
3494 3844 3657 3917 ἐξεῦρε
3688 3837 3914 3901 σύμϐολον

2352 3932 2511 3986 οὖσαν
2559 3945 2654 3997 τῆς
2684 3936 2980 4008 ἐμπλήκτου
3026 3936 3185 3988 αὐτοῦ
3229 3941 3317 3987 καὶ
3372 3940 3671 4009 παραφόρου
3719 3929 3907 4001 ψυχῆς.

2356 4023 2631 4099 Κρηπῖδας
2656 4030 2756 4100 γὰρ
2807 4026 2949 4087 ἣλοις
2998 4025 3134 4088 ὀξέσι
3190 4022 3549 4099 διαπερνὴσας
3589 4017 3912 4074 ὑποδεσθῆναι

2350 4117 2675 4187 προστάσσει
2729 4119 2814 4166 τόν
2867 4118 3110 4188 μάρτυρα
3161 4120 3250 4166 καὶ
3304 4123 3483 4166 τοῦτον
3536 4117 3801 4185 συρόμενον
3836 4106 3913 4158 τὴν

2348 4208 2511 4276 μέχρι
2568 4210 2813 4277 Γαγγρὼν
2864 4201 3104 4276 βαδίζειν
3155 4201 3275 4255 όδόν
3306 4212 3415 4265 τοῖς
3457 4204 3732 4273 ἐπάγουσιν
3780 4194 3913 4246 αὐτὸν

2351 4292 2565 4366 δημίοις
2596 4294 2947 4368 παρήγγειλεν·
2982 4294 3066 4355 Ὠς
3122 4296 3180 4345 ἄν
3214 4290 3272 4346 δε
3316 4294 3533 4366 μείζους
3576 4290 3709 4359 αὐτῷ
3751 4282 3914 4337 ὀδύναι

2349 4390 2436 4436 καὶ
2468 4381 2778 4457 δριμύτεραι
2822 4383 2876 4435 ἐκ
2920 4393 3018 4434 τῶν
3049 4392 3142 4445 τῆς
3183 4387 3315 4443 ἧλων
3342 4389 3541 4455 γένοιτο
3595 4378 3910 4449 διατρὴσεως,

583 4468 741 4524 tione
792 4470 1123 4535 clavorum,
1152 4486 1290 4524 cum
1322 4470 1471 4524 alios
1510 4468 1742 4523 lictores
1791 4468 2140 4526 collocasset
2177 4472 2238 4527 in

2356 4476 2553 4550 ἐτέρους
2602 4473 2827 4547 δημίους
2894 4476 3073 4535 ἵπποις
3140 4473 3449 4535 ἐπιϐιϐάσας
3522 4471 3792 4525 ὠκυτάτοις
3838 4464 3911 4510 καὶ

583 4558 753 4629 equis
784 4560 1228 4630 pernicissimis,
1263 4560 1509 4627 cogebat
1539 4564 1676 4613 ante
1708 4574 1809 4614 eos
1849 4575 2081 4614 currere
2114 4564 2239 4617 ath-

581 4648 762 4703 letam
830 4649 1013 4704 clavis
1090 4648 1418 4705 contixum.
1477 4648 1732 4703 Omnino
1792 4648 1879 4703 vel
1925 4650 2001 4704 ad
2043 4652 2237 4707 solum

583 4738 987 4809 spectaculum
1066 4738 1285 4792 fractus
1364 4743 1515 4793 esset
1567 4738 1764 4793 omnis
1838 4740 2095 4805 animus,
2162 4756 2235 4795 ne

581 4829 799 4899 apertis
850 4828 1093 4899 quidem
1126 4828 1313 4881 oculis
1354 4828 1480 4881 haec
1538 4828 1733 4881 ferens
1801 4828 2084 4899 aspicere.
2123 4829 2236 4885 Sed

579 4932 702 4973 non
735 4918 825 4971 ille
850 4918 1152 4983 immanis,
1186 4919 1426 4971 etcorde
1456 4918 1627 4986 plane
1654 4918 1913 4987 lapideo,
1940 4924 2042 4972 aut
2066 4928 2235 4973 natu-

578 5023 646 5063 ra
672 5014 763 5063 est
794 5008 911 5062 ullo
934 5007 1110 5062 modo
1141 5012 1500 5071 commotus,
1521 5012 1621 5060 aut
1641 5006 1909 5061 dolorem
1939 5010 2235 5078 reputavit

578 5096 1045 5168 insuperabilem
1081 5113 1095 5150 :
1138 5097 1240 5150 sed
1270 5104 1553 5167 tanquam
1580 5098 1646 5150 iis
1687 5112 1818 5165 quae
1854 5099 2232 5164 gerebantur,

578 5186 891 5252 insultans,
955 5186 1310 5257 praesidebat
1376 5188 1685 5257 superbus,
1749 5185 1998 5257 impiam
2057 5202 2231 5242 suam

579 5277 849 5331 animam
900 5275 1157 5348 implens
1198 5275 1414 5329 talibus
1466 5275 1837 5346 spectaculis.
1891 5277 2002 5339 Qui
2051 5277 2226 5331 etiam

574 5364 753 5437 jussit
800 5366 1126 5435 lictoribus,
1180 5368 1245 5420 ut
1294 5363 1472 5420 simul
1523 5371 1701 5436 atque
1755 5363 1979 5419 dictam
2025 5380 2233 5421 accen-

582 5458 713 5510 sent
743 5456 1055 5529 civitatem,
1081 5453 1669 5513 vehementissimam
1699 5452 2007 5511 fornacem
2028 5470 2233 5512 accen-

578 5542 806 5614 derent,
859 5550 917 5601 et
958 5553 1234 5605 sanctum
1280 5547 1344 5603 in
1391 5560 1524 5603 eam
1564 5544 1919 5618 iujicerent:
1964 5548 2229 5606 utetiam

578 5634 683 5715 qui
708 5634 825 5694 illic
856 5640 1015 5707 sunt,
1060 5639 1274 5711 aiebat,
1300 5638 1569 5699 viderent
1593 5637 1723 5710 ejus
1762 5637 2230 5703 inobedientiam

2347 4573 2603 4635 ταχινοῖς,
2660 4566 2785 4616 θέειν
2839 4565 3127 4636 ἔμπροσθεν
3162 4564 3329 4614 αὐτῶν
3380 4567 3465 4614 τόν
3504 4567 3610 4622 τοῖς
3640 4557 3771 4616 ἣλοις
3807 4548 3909 4603 δια·

2348 4659 2664 4727 πεπαρμένον
2719 4654 2946 4711 ἀθλητὴν
2991 4653 3374 4723 κατηνάγκαζε.
3426 4652 3627 4709 Πάντως
3674 4648 3756 4696 καὶ
3802 4641 3911 4709 πρὸς

2346 4748 2504 4815 μόνην
2560 4749 2646 4800 τὴν
2698 4746 2812 4795 θέαν
2857 4742 3083 4800 ἐκλάσθη
3118 4745 3178 4794 οἰν
3234 4748 3382 4794 πᾶσα
3410 4741 3561 4812 ψυχὴ
3614 4731 3736 4809 μηδ’
3780 4729 3911 4797 ἀνίειν

2345 4838 2495 4902 γόσιν
2550 4831 2824 4903 ὀφθαλμοῖς
2865 4842 3084 4885 τοιαῦτα
3112 4837 3342 4906 γέρουσα
3386 4833 3627 4902 καθορᾲν’
3676 4821 3773 4875 ἀλλ’
3820 4816 3908 4886 οὐχ

2346 4923 2370 4971 ό
2423 4919 2758 4993 λιθοκάρδιος
2803 4928 2890 4973 καὶ
2922 4922 3119 4982 ἀπηνὴς
3151 4924 3179 4980 ἡ
3222 4943 3271 4973 τι
3319 4926 3446 4994 πρός
3484 4924 3575 4976 την
3626 4918 3770 4987 φύσιν
3806 4910 3908 4959 ἔπα-

2350 5012 2427 5060 θεν
2458 5014 2487 5067 ἦ
2524 5014 2579 5061 τὸ
2612 5018 2705 5071 τῆς
2738 5008 2928 5073 ὀδύνης
2958 5011 3229 5083 ἐλογίσατο
3262 5008 3656 5083 ἀνυπέρϐλητον,
3690 4999 3787 5052 ἀλλ’
3817 4999 3905 5046 ὡσ-

2344 5104 2450 5150 ανεὶ
2501 5108 2604 5159 τοῖς
2674 5097 2954 5173 δρωμένοις
3007 5100 3349 5173 ἐπεντρυφών,
3394 5097 3719 5173 προυκάθητο
3771 5084 3908 5139 σοϐα-

2342 5192 2450 5259 ρός,
2485 5193 2577 5246 τὴν
2628 5189 2961 5262 ἀνοσιουργόν
3006 5190 3167 5241 αὐτοῦ
3220 5192 3401 5261 ψυχὴν
3445 5189 3682 5238 τοιούτων
3734 5175 3903 5246 θεαμά-

2344 5296 2441 5328 των
2488 5280 2868 5351 κατεμπιπλὼν·
2925 5280 2974 5339 ὃς
3026 5297 3085 5350 γε
3146 5284 3235 5330 καὶ
3290 5287 3397 5337 τοῖς
3466 5273 3670 5347 δημίοις
3716 5279 3906 5339 παρεκε·

2343 5365 2559 5419 λεύσατο
2638 5368 2748 5441 οἶμα
2799 5377 2870 5440 τῷ
2926 5367 3168 5427 ἐπιϐῆναι
3226 5376 3320 5431 τῆς
3383 5366 3651 5441 εἰρημένης
3709 5354 3900 5414 πόλεως’

2344 5459 2558 5531 κάμινον
2588 5455 2949 5533 σφοδροτάτην
2998 5458 3253 5512 ἐκκαῦσαι
3300 5461 3387 5510 καὶ
3436 5458 3593 5527 ταύτῃ
3648 5452 3727 5503 τὸν
3775 5443 3904 5515 ἅγιον

2346 5548 2601 5626 ἐμϐαλεῖν,
2644 5552 2713 5612 ὡς
2750 5550 2811 5603 οἷν
2854 5554 2943 5603 xui
2988 5552 3039 5604 oi
3086 5550 3209 5619 ἐκεῖ,
3252 5553 3403 5625 φησὶ,
3446 5550 3502 5599 τό
3546 5542 3735 5623 ἀπειθὲς
3761 5533 3903 5626 αὐτοῦ

2348 5651 2611 5708 θεάσοιντο
2658 5646 2749 5698 καὶ
2794 5642 3142 5719 ἀπόσκληρον,
3186 5641 3295 5697 ἐπεὶ
3342 5638 3432 5692 κὰν
3482 5626 3647 5708 ταύτῇ
3677 5635 3733 5704 τῇ
3774 5621 3898 5677 πόλει
