4142 6196
204 272 296 335 485
1432 266 1819 336 CERTAMEN

1965 273 2343 332 CALLINICI.
3463 271 3564 329 486

200 404 425 471 πολλοὺς,
510 405 583 466 ὡς
646 403 952 477 ἀνέγνωμεν,
1036 413 1126 467 τῆς
1200 411 1299 456 τῶν
1359 406 1482 458 θεῶν
1556 405 1836 478 λατρείαςι

1943 404 2099 474 .tque
2132 401 2571 458 contumaciam
2599 414 2611 455 :
2635 398 2927 471 quoniam
2958 396 3016 453 in
3052 414 3123 453 ea
3153 414 3395 472 quoque
3435 401 3579 457 civi—

202 494 513 551 ἀπέστησεν.

1940 495 2029 544 ate
2064 492 2297 559 multos,
2338 494 2400 545 ut
2445 488 2808 559 accepimus,
2862 484 3111 542 abduxit
3162 503 3199 542 a
3250 488 3405 543 cultu
3434 489 3576 545 deo-

1915 591 2069 633 rum.

264 672 340 723 H'.
382 672 441 724 Ὀ
473 667 561 722 οὖν
596 675 845 742 μεγίστου
893 679 1125 745 Χριστοῦ
1173 669 1403 731 ἀθλητὴς
1448 675 1538 728 τήν
1584 670 1804 720 κατάκο-

1986 668 2115 720 VIII.
2153 666 2250 721 llle
2273 682 2415 737 ergo
2445 681 2698 735 magnus
2750 663 2959 718 Christi
3002 662 3226 719 athleta
3274 680 3375 735 per
3420 665 3580 721 hanc

196 781 287 812 πον
343 764 538 817 ταύτην
593 760 841 831 ἀγόμενος
899 757 1041 829 όδόν,
1098 757 1210 832 εἶχε
1262 765 1355 817 τὴν
1404 760 1593 810 ἄνωθεν
1640 760 1804 830 χάριν

1947 755 2077 810 iam
2107 756 2320 811 ductus
2367 755 2757 816 laboriosam,
2790 751 3056 807 habebat
3088 768 3413 823 supernam
3452 771 3583 824 gra-

197 848 643 922 ἐπιρῥωννύουσαν
699 849 853 901 αὐτόν
912 855 999 901 καὶ
1073 851 1558 922 ύποστηρίζουσαν,
1717 846 1806 896 καὶ

1945 844 2061 899 iam
2100 860 2237 899 eum
2274 844 2730 899 conﬁrmantem
2769 846 2823 896 et
2863 847 3292 896 sustentantem
3329 858 3339 895 :
3389 859 3425 897 a
3454 858 3575 914 quo

197 942 382 993 θᾶττον
413 940 439 989 ό
482 935 674 1009 δρόμος
721 938 900 996 ἠνύετο
944 943 1033 989 καὶ
1086 946 1179 999 τῆς
1211 946 1308 989 τῶν
1356 939 1524 989 ἰππων
1572 944 1808 1006 ταχυτῆ-

1943 932 2097 988 etiam
2130 932 2539 1003 perﬁciebatur
2568 948 2777 986 cursus
2829 928 3097 994 celerius,
3139 946 3324 1002 quam
3357 931 3434 986 ab
3466 930 3579 986 illis

195 1048 272 1088 τος
323 1027 585 1099 ὀξύτερον.
639 1026 740 1077 Οἷα
798 1029 900 1098 γὰρ
955 1033 1141 1099 κοῦφος
1212 1031 1301 1077 καὶ
1352 1021 1603 1099 εὔδρομος
1681 1024 1811 1094 μετὰ

1944 1022 2111 1094 equis,
2157 1021 2561 1093 quamtumvis
2608 1019 2966 1091 pernicibus.
3012 1022 3159 1073 Nam
3205 1020 3452 1091 perinde
3500 1020 3580 1076 le-

195 1126 291 1168 τῶν
346 1111 711 1189 σιδηροδέτων
755 1116 957 1167 ἐκείνων
1004 1111 1276 1187 κρηπίδων
1326 1110 1540 1179 διέθεεν,
1572 1110 1813 1181 suctu).-

1941 1112 2029 1177 ris,
2081 1127 2149 1166 ac
2195 1110 2238 1164 si
2274 1110 2478 1165 fuisset
2502 1109 2574 1165 ad
2618 1124 2861 1164 cursum
2901 1107 3233 1178 expeditus,
3277 1124 3415 1164 cum
3464 1109 3577 1164 illis

194 1207 288 1257 λων
349 1204 520 1256 ἐκεῖνα
570 1207 633 1255 τα
684 1211 775 1255 τοῦ
827 1200 1033 1258 Δαϐίδ’
1084 1203 1370 1275 ’Υπομένων
1425 1203 1673 1273 ὑπέμεινα
1727 1204 1813 1252 τόν

1947 1216 2076 1256 erro
2118 1200 2376 1271 alligatis
2426 1199 2802 1270 percurrebat
2846 1197 3127 1269 crepidis,
3174 1197 3432 1269 psallens
3480 1199 3583 1255 illa

198 1298 413 1366 Κύριον,
468 1296 558 1343 καὶ
627 1296 923 1365 προσέσχεν
989 1312 1099 1363 μοι.
1158 1295 1258 1344 Καὶ
1331 1289 1559 1362 ama/«75'
1632 1309 1694 1361 με
1762 1288 1816 1339 ἐκ

1950 1290 2162 1344 )avidis
2212 1305 2225 1344 :
2274 1290 2647 1358 Exspectans
2690 1289 3010 1357 exspectavi
3043 1288 3380 1351 Dominum,
3412 1293 3463 1345 et
3490 1295 3586 1345 at-

192 1384 393 1435 λάκκου
473 1383 827 1455 ταλαιπωρίας
908 1386 998 1433 καὶ
1084 1380 1185 1433 ἀπό
1264 1380 1431 1439 πηλοῦ
1516 1380 1669 1445 ἰλύος,
1726 1370 1817 1430 καὶ

1952 1378 2112 1434 endit
2144 1378 2302 1433 mihi.
2332 1379 2411 1433 Et
2441 1378 2646 1433 eduxit
2693 1392 2782 1432 me
2820 1377 2891 1431 de
2935 1378 3067 1431 lacu
3108 1377 3378 1441 miseriae,
3411 1386 3462 1433 et
3514 1379 3585 1435 de

193 1477 418 1531 ἔστησεν
475 1470 557 1522 ἐπὶ
622 1474 811 1544 πέτραν
892 1475 1011 1531 τούς
1069 1466 1240 1531 πόδας
1307 1489 1429 1541 μου,
1487 1474 1577 1520 καὶ
1633 1470 1819 1520 κατεύ-

1955 1476 2052 1522 uto
2081 1468 2269 1535 fucis.
2301 1468 2379 1522 Et
2408 1467 2612 1522 statuit
2642 1481 2825 1535 supra
2852 1473 3086 1534 petram
3115 1466 3289 1534 pedes
3320 1483 3495 1535 meos,
3533 1475 3587 1527 et

198 1566 318 1614 θυνε
368 1564 427 1611 τό
490 1556 794 1629 διαϐήματά
850 1578 971 1630 μου,
1019 1564 1109 1610 καὶ
1157 1564 1247 1610 τό*
1305 1562 1495 1631 Κύριος
1549 1561 1816 1629 φωτισμός

1943 1558 2146 1612 iirexit
2166 1572 2389 1626 gressus
2406 1572 2557 1612 meos
2574 1558 2615 1609 ³.
2640 1558 2706 1610 Et
2725 1555 2866 1609 illud
2889 1571 2900 1605 :
2922 1556 3193 1609 Dominus
3216 1555 3579 1613 illuminatio

198 1671 299 1721 μου
372 1655 463 1700 καὶ
535 1653 709 1720 σωτήρ
789 1667 912 1719 μου,
969 1653 1085 1699 τίνα
1149 1646 1567 1719 φοϐηθήσομαι;
1633 1650 1817 1719 Κύριος

1952 1660 2055 1702 nea
2080 1653 2131 1701 et
2159 1645 2432 1701 Salvator
2459 1660 2643 1708 meus,
2663 1658 2832 1715 quem
2864 1643 3072 1699 timebo
3092 1645 3121 1697 7
3144 1645 3429 1699 Dominus
3445 1662 3588 1713 pro-

198 1742 608 1812 ὑπερασπιστὴς
694 1746 783 1796 τῆς
871 1737 1006 1797 ζωῆς
1092 1756 1212 1808 μου,
1302 1735 1402 1787 ἀπὸ
1481 1741 1618 1798 τίνος
1712 1733 1816 1787 δει-

1945 1741 2112 1789 lector
2139 1735 2266 1790 vita;
2283 1750 2434 1801 mete,
2449 1751 2484 1790 α
2506 1750 2618 1804 quo
2634 1733 2940 1802 trepidabo
2957 1737 2975 1766 ³
2996 1731 3353 1803 i’Postquam
3382 1740 3581 1790 autem

200 1830 418 1893 λιάσω;
462 1826 552 1886 Ὠς
606 1822 664 1877 δὲ
714 1826 864 1897 μίλια
916 1825 1167 1887 ἑξήκοντα
1209 1830 1407 1898 τρέχων
1466 1822 1685 1882 διήνυσε
1731 1830 1820 1876 καί

1946 1841 2174 1879 :urrens
2222 1825 2445 1895 peregit
2486 1822 2793 1891 sexaginta
2841 1822 3048 1887 stadia,
3094 1829 3145 1876 et
3190 1824 3452 1893 pervenit
3505 1825 3582 1878 ad

201 1939 320 1970 τινα
364 1937 521 1969 τόπον
570 1920 817 1987 Ματρίκα
869 1916 1000 1967 οὕτω
1054 1916 1319 1987 λεγόμενον
1360 1915 1652 1987 κατείληφε,
1698 1917 1824 1966 θαυ-

1947 1913 2255 1986 quemdam
2287 1913 2506 1975 locum,
2554 1911 2656 1982 qui
2698 1911 3007 1965 dicebatur
3054 1910 3309 1975 Matrica,
3353 1910 3496 1966 facit
3525 1912 3583 1967 in

200 2012 496 2079 ματουργεῖ
542 2024 592 2055 τι
636 2004 683 2054 ἐν
737 2002 915 2075 ἐκείνῳ
949 2002 1247 2075 παράδοξον
1296 2009 1384 2055 καὶ
1430 2003 1679 2066 ἐξαίσιον.
1713 2011 1824 2056 Τῶν

1943 2018 2005 2057 eo
2033 2001 2342 2074 quoddam
2374 2001 2606 2069 insigne
2633 1999 3008 2054 miraculum.
3030 2002 3173 2055 Nam
3195 2016 3333 2054 cum
3364 2000 3579 2055 lictori-

199 2102 305 2170 γὰρ
353 2095 659 2165 ἀπαγοντων
715 2093 870 2144 αὐτόν
904 2088 1108 2164 δημίων
1143 2089 1289 2163 δίψει
1318 2096 1413 2154 τὰς
1456 2093 1700 2163 γλώσσας
1728 2113 1827 2144 κα-

1949 2093 2069 2158 bus,
2086 2090 2185 2162 qui
2209 2106 2346 2145 eum
2368 2088 3003 2158 abducebant,linguaa
3028 2088 3120 2143 siti
3141 2093 3501 2143 torrerentur
3529 2095 3585 2145 et

200 2187 650 2259 ταφρυσσομένών
699 2187 791 2234 καὶ
840 2189 900 2253 τῇ
962 2201 1014 2233 τε
1059 2181 1313 2254 ὑπερϐολῇ
1362 2188 1452 2233 τοῦ
1496 2188 1710 2253 πνίγους
1741 2180 1827 2254 (ἦν

1948 2186 2086 2235 θείω
2113 2180 2436 2234 immodico
2467 2180 2614 2250 (erat
2639 2177 2798 2233 enim
2832 2177 3051 2231 mensis
3075 2176 3310 2248 Julius),
3345 2182 3401 2231 et
3449 2193 3584 2249 pro-

199 2279 307 2348 γὰρ
365 2280 467 2323 τῶν
524 2278 699 2343 μηνῶν
755 2272 780 2321 ό
836 2270 1079 2338 Ἰούλιος)
1139 2278 1200 2343 τῇ
1260 2290 1311 2323 τε
1363 2271 1687 2346 ταλαιπωρίᾳ
1738 2281 1827 2332 τῆς

1954 2276 2065 2342 ater
2114 2269 2222 2324 vite
2276 2268 2615 2324 molestiam
2660 2267 3099 2339 propemodum
3157 2266 3493 2335 deﬁcerent,
3536 2272 3590 2322 et

202 2361 339 2416 όδού
415 2360 666 2431 ἐκλείψειν
760 2365 914 2431 μόνον
1027 2360 1086 2411 ού
1169 2360 1449 2433 μελλόντων
1528 2366 1617 2412 καὶ
1697 2368 1829 2433 μήτε

1954 2376 2040 2414 nec
2071 2374 2232 2429 aqua
2273 2357 2551 2413 alicunde
2582 2363 2915 2429 appareret,
2947 2372 3070 2427 qua
3119 2357 3281 2411 sitim
3311 2359 3590 2411 sedarent

207 2448 404 2510 ὕδατός
481 2452 632 2502 ποθεν
704 2448 1131 2521 ἐπιφαινομένου,
1190 2452 1301 2501 ὅθεν
1370 2453 1426 2501 τό
1509 2446 1667 2520 δίψος
1747 2451 1827 2503 ἰά-

1952 2454 1993 2503 at
2017 2464 2078 2503 se
2109 2448 2475 2502 exanimatos
2500 2452 2852 2511 recrearent,
2886 2452 2939 2499 et
2969 2460 3071 2499 nec
3098 2444 3588 2501 aliainveniretur

204 2559 391 2594 σαιντο
439 2545 527 2590 καὶ
582 2539 794 2599 ἑαυτούς
847 2539 1299 2611 λειποθυμοὺντας
1356 2538 1824 2606 ἐπανακτήσαιντο,

1953 2540 2106 2604 'atio,
2130 2552 2250 2608 qua
2276 2536 2436 2589 malo
2457 2534 2736 2589 atferrent
2766 2534 3119 2599 remedium,
3153 2536 3315 2588 omni
3350 2551 3455 2605 spe
3487 2534 3589 2589 ab-

202 2629 333 2701 μήτ’
388 2628 551 2689 οἵλλης
605 2636 857 2699 μηχανῆς
910 2628 982 2689 εἰς
1036 2630 1312 2701 θεραπείαν
1366 2636 1456 2679 τοῦ
1504 2631 1701 2691 πάθους
1747 2631 1830 2682 εύ-

1950 2626 2108 2689 lecta,
2159 2624 2236 2679 ad
2284 2624 2474 2678 solum
2530 2628 2803 2678 sanctum
2836 2624 3109 2677 conversi
3142 2629 3297 2689 sunt,
3329 2623 3405 2676 ad
3459 2622 3586 2691 ejus

205 2720 549 2792 ρισκομένης,
634 2720 831 2768 πάντων
918 2716 1228 2787 ἀπογνόντες
1311 2720 1439 2791 πρὸς
1512 2723 1664 2788 μόνον
1740 2722 1824 2769 τόν

1949 2716 2117 2786 pedes
2148 2712 2462 2786 provoluti,
2491 2717 2545 2766 et
2570 2711 2695 2766 hinc
2722 2711 2773 2765 ei
2804 2711 3060 2765 dicentes
3091 2727 3228 2765 cum
3254 2711 3539 2781 lacrymis
3572 2728 3585 2762 :

208 2807 369 2877 ἅγιον
420 2806 843 2879 ἐπεστράφησαν,
903 2813 1015 2868 τοῖς
1072 2806 1232 2858 αὑτοῦ
1291 2811 1416 2858 ποσὶ
1472 2812 1826 2881 προσπίπτον-

1950 2809 2014 2861 tle
2042 2805 2366 2860 recorderis
2386 2809 2729 2857 nostrorum
2772 2801 3086 2864 malorum,
3118 2817 3153 2855 ο
3203 2806 3421 2866 sancte,
3478 2816 3586 2855 nec

206 2914 297 2956 τες
360 2898 450 2945 καὶ
503 2894 642 2963 αύτῷ
695 2902 915 2946 τοιαῦτα
970 2897 1064 2946 σύν
1122 2891 1351 2966 δάκρυσι
1406 2895 1671 2966 λέγοντεςσ
1734 2900 1817 2954 Μὴ

1948 2896 2172 2950 veniant
2208 2894 2268 2949 in
2300 2898 2561 2948 mentem
2601 2898 2815 2946 nostrae
2846 2890 2906 2945 in
2951 2895 3004 2945 te
3044 2889 3440 2945 contumeliae.
3479 2890 3584 2945 Sed

207 2986 461 3057 μνησθῇς
515 2992 615 3034 τῶν
667 2984 926 3056 ἡμετέρων
974 2992 1169 3049 κακῶν,
1223 2983 1358 3054 ἅγιε,
1402 2980 1543 3055 μηδε
1600 2983 1822 3056 ἐνθυμη-

1951 3000 2138 3039 eorum
2165 2983 2437 3038 omnium
2468 2981 2707 3049 oblitus,
2732 2980 2817 3035 fer
2849 2980 3016 3034 nobis
3040 2995 3219 3050 Opem
3248 2978 3587 3050 periclitan-

210 3076 311 3145 Θῇς
356 3075 460 3124 ὅσα
506 3071 553 3123 ἐν
607 3078 690 3123 σοὶ
733 3079 1193 3146 πεπαρῳνήκαμεν,
1224 3071 1351 3124 ἀλλά
1389 3077 1583 3125 τούτων
1624 3076 1821 3126 πάντων

1956 3073 2110 3136 ibus,
2144 3079 2199 3127 et
2227 3073 2306 3127 da
2351 3087 2574 3142 aquam
2618 3070 2948 3125 sitientibus
2979 3067 3322 3133 animabus,
3356 3072 3411 3122 et
3452 3082 3586 3138 quae

210 3161 515 3233 ἀμνηστίαν
567 3159 756 3229 λαϐὼν,
818 3159 1087 3233 βοήθησον
1142 3164 1266 3233 ἡμῖν
1315 3158 1678 3214 κινδυνεύουσι
1734 3169 1823 3215 καὶ

1951 3168 2071 3216 sunt
2100 3162 2157 3216 vi
2186 3166 2366 3216 aestus
2424 3159 2795 3231 liquefactas:
2830 3163 3226 3228 consumptus
3285 3157 3446 3211 enim
3499 3161 3587 3211 est

212 3248 307 3311 δός
336 3247 485 3325 ὕδωρ
519 3246 787 3321 διψώσαις
815 3249 1019 3321 ψυχαῖς
1068 3255 1157 3302 καὶ
1186 3258 1247 3323 τῇ
1302 3250 1398 3323 βίᾳ
1430 3254 1823 3323 ἐκτετηγμέναις

1948 3250 2105 3305 nobis
2132 3250 2351 3305 humor
2380 3249 2692 3305 naturalis.
2743 3247 2976 3312 Deiecit,
3016 3253 3075 3301 ut
3126 3245 3307 3316 vides,
3370 3246 3584 3311 virtus,

210 3347 307 3392 τοῦ
353 3342 662 3399 καύσωνος’
716 3338 973 3390 ἀνάλωται
1024 3342 1121 3412 γὰρ
1170 3341 1295 3413 ἡμῖν
1338 3342 1368 3398 ἡ
1421 3346 1613 3411 φυσικὴ
1664 3345 1820 3407 νοτὶς,

1946 3345 2112 3395 estus
2138 3338 2411 3393 imminet
2430 3338 2629 3409 capiti.
2655 3338 2988 3393 Nosomnia
3018 3336 3197 3390 simul
3230 3335 3582 3406 opprimunt

214 3429 463 3495 ἐξέλιπεν,
498 3431 566 3488 ὡς
606 3427 745 3499 ὁρᾷς,
777 3430 806 3485 ή
858 3428 1032 3500 ἰσχύς,
1067 3430 1092 3480 ό
1142 3431 1352 3481 καύσων
1401 3430 1526 3503 ὑπὲρ
1577 3430 1821 3502 κεφαλῆς.

1779 3452 1821 3492 ς.
1935 3428 2115 3493 mala,
2148 3443 2281 3499 quae
2314 3433 2478 3483 tuum
2500 3433 2587 3482 est
2619 3426 2798 3481 solius
2835 3431 3064 3480 mutare
3095 3430 3151 3480 et
3177 3440 3410 3480 curare.

216 3522 400 3571 Πάντα
447 3520 577 3588 ὁμοῦ
623 3522 878 3588 συνέσχεν
924 3519 1065 3589 ἡμᾶς
1108 3521 1173 3570 τὰ
1219 3514 1380 3584 δεινὰ,
1428 3518 1463 3569 ἃ
1522 3527 1616 3571 σοῦ
1663 3524 1823 3592 μόνου

218 3611 335 3659 ἐστὶ
365 3605 668 3679 μεταϐαλεῖν
693 3611 783 3658 καὶ
816 3606 1091 3661 ἰάσασθαι.

293 3694 378 3749 9'.
417 3702 596 3747 Ταῦτα
631 3704 731 3747 τῶν
780 3692 985 3767 δημίων
1030 3697 1192 3768 λεπτῷ
1236 3700 1325 3748 καὶ
1371 3695 1531 3768 ἀτόνῳ
1577 3696 1824 3767 λεγόντων

2007 3699 2092 3753 ΙΧ.
2128 3698 2257 3751 Haec
2296 3694 2632 3750 dicentibus
2667 3692 2974 3747 lictoribus
3022 3692 3184 3747 tenui
3204 3696 3259 3747 et
3288 3691 3586 3747 imbecilla

220 3792 292 3854 τῷ
342 3786 616 3856 φθέγματι,
649 3784 783 3837 ἔλεον
836 3788 1030 3837 τούτων
1081 3785 1331 3857 λαμϐάνει
1384 3787 1409 3836 ό
1455 3789 1825 3858 συμπαθέστα-

1950 3804 2100 3852 voce,
2116 3802 2322 3842 eorum
2354 3790 2622 3840 movetur
2647 3782 3054 3838 misericordia
3076 3783 3164 3836 vir
3193 3783 3453 3837 maxime
3478 3782 3586 3835 mi-

220 3893 330 3940 τος,
403 3880 492 3925 καὶ
572 3873 751 3925 ἑαυτὸν
839 3874 907 3934 εἰς
988 3876 1186 3926 ἱκεσίαν
1252 3874 1460 3949 τρέψας,
1535 3875 1826 3930 ἐπεκαλεῖτο

1945 3876 2181 3932 sericors
2221 3894 2231 3933 :
2267 3879 2324 3929 et
2353 3889 2490 3928 cum
2522 3888 2582 3927 se
2613 3870 3000 3927 convertisset
3033 3870 3111 3925 ad
3157 3886 3381 3941 preces,
3416 3869 3581 3924 invo-

222 3967 309 4014 τὸν
364 3962 720 4035 ἀμνησίκακον
775 3969 903 4017 Θεὸν
957 3969 1044 4015 καὶ
1092 3962 1263 4017 ἐδέετο
1313 3971 1384 4037 μὴ
1432 3963 1673 4041 παριδεῖν
1713 3972 1829 4028 τοὺς

1948 3966 2094 4022 3avit
2123 3965 2331 4028 Deum,
2359 3961 2457 4030 qui
2490 3960 2845 4034 injuriarum
2878 3964 2935 4014 et
2966 3959 3260 4014 malorum
3290 3958 3584 4013 oblivisci-

221 4054 457 4124 τοσαύτη
509 4054 844 4125 πιεζομένους
903 4052 1125 4126 ἀνάγκη,
1188 4054 1295 4105 ἀλλ’
1351 4055 1677 4130 οἰκτειρῆσαι
1740 4063 1828 4109 καὶ

1938 4061 2048 4120 tur,
2074 4070 2146 4108 ne
2168 4069 2269 4108 eos
2286 4053 2646 4123 despiciatur
2664 4054 2828 4105 tanta
2852 4064 3172 4120 oppressos
3195 4048 3574 4103 necessitate:

224 4138 371 4212 ὕδωρ
422 4149 559 4194 πιεῖν
602 4150 923 4215 παρασχεῖν,
982 4145 1153 4218 ὥσπερ
1206 4144 1366 4195 πάλαι
1415 4149 1500 4196 τὸν
1545 4145 1592 4196 ἐν
1651 4146 1827 4219 ἐρήμῳ

1943 4144 2041 4199 sed
2068 4144 2435 4207 misereatur,
2464 4144 2523 4195 et
2558 4155 2781 4211 aquam
2814 4138 2898 4193 eis
2930 4138 3253 4194 bibendam
3313 4137 3579 4209 praebeat

224 4231 367 4296 λαὸν,
426 4236 519 4282 καὶ
574 4238 635 4302 τῇ
699 4228 832 4303 δίψῃ
893 4236 1233 4303 κεκαυμένους
1290 4237 1781 4307 παραμυθήσασθαι
1811 4252 1824 4265 ’

1951 4235 2088 4289 sicut
2116 4234 2262 4289 olim
2282 4231 2522 4304 papulo,
2552 4228 2870 4301 quieratin
2898 4227 3235 4293 solitudine,
3266 4232 3587 4283 eteoscon-

225 4326 332 4390 καὶ,
383 4320 424 4369 ὦ
472 4326 564 4370 τοῦ
615 4318 1054 4392 θαύματοςῐᾶμα
1098 4329 1158 4393 τῇ
1209 4322 1477 4380 ἐπικλήσει
1528 4330 1620 4375 τοῦ
1674 4324 1825 4395 ἁγίου

1950 4324 2157 4379 soletur
2182 4319 2634 4393 quisuntadusti
2662 4318 2772 4373 siti.
2800 4318 2984 4373 Simul
3004 4322 3203 4373 autem
3230 4333 3367 4371 cum
3398 4317 3586 4372 sancti

224 4414 312 4459 καὶ
384 4416 687 4480 προσευχῇ,
737 4406 881 4482 ύδωρ
952 4408 1053 4461 ἀπὸ
1125 4429 1256 4470 τινος
1329 4414 1519 4485 πέτρας
1569 4413 1686 4486 ῥυὲν
1738 4419 1860 4466 xui.

298 4506 311 4513 -
464 4496 475 4511 ς
531 4499 578 4514 η.
769 4496 856 4514 ος,
1061 4500 1079 4512 η
1316 4499 1327 4514 ,
1389 4504 1398 4514 .
1603 4510 1623 4514 _
1778 4512 1791 4514 ,,

1950 4412 2311 4468 ,nvocatione
2333 4416 2389 4466 et
2426 4410 2703 4481 precibus
2745 4419 2803 4478 (ο
2852 4406 3205 4461 miraculum
3242 4405 3463 4477 l)aqua
3515 4421 3586 4460 ex

2082 4502 2095 4514 .
2298 4503 2307 4514 .
2437 4497 2488 4514 ηπ.
3352 4494 3578 4514 Αηε---

226 4506 382 4550 τοῦτο
452 4496 682 4568 ἀφθόνως
763 4496 987 4570 βλύσαν,
1046 4500 1219 4572 ὥσπερ
1306 4499 1406 4552 ἀπό
1484 4510 1673 4572 πηγῆς,
1727 4507 1862 4555 τὼν¹

1948 4502 2202 4573 :{uadam
2219 4503 2385 4571 petra
2398 4497 2665 4562 efﬂuens,
2688 4503 2739 4553 et
2759 4504 3042 4567 tanquam
3061 4511 3131 4549 ex
3153 4495 3313 4549 fonte
3345 4494 3584 4564 copiose

228 4606 279 4639 τε
339 4584 547 4658 δημίων
603 4591 666 4639 τὰ
721 4592 1114 4662 καταφρυγέντα
1166 4587 1385 4659 ἀνέφυξε
1443 4596 1680 4659 στόματα
1737 4600 1826 4644 τοῦ

1946 4590 2285 4655 scaturiens,
2325 4592 2380 4642 et
2429 4587 2699 4642 lictorum
2760 4585 2980 4639 torrida
3030 4599 3138 4639 ora
3194 4583 3582 4651 refrigeravit,

228 4684 408 4728 καινοῦ
466 4676 658 4728 ἐκείνου
714 4682 804 4728 καὶ
873 4682 1093 4749 ποτίμου
1164 4682 1390 4750 νάματος
1444 4678 1824 4751 ἐμπλησθέντα,

1956 4678 2159 4751 ’θριοῐδ
2184 4678 2282 4733 illo
2310 4692 2469 4732 novo
2500 4675 2818 4746 etcOpioso
2868 4673 3112 4739 ﬂuento,
3145 4673 3309 4745 quod
3339 4672 3592 4745 posteris

228 4772 316 4817 καὶ
366 4774 477 4827 τοῖς
528 4765 641 4828 ἑξῆς
689 4773 821 4818 πᾶσι
865 4767 1124 4838 πλήσμιον
1168 4767 1396 4840 ἐτηρήθη
1444 4774 1501 4821 τό
1552 4775 1695 4842 πόμα
1739 4776 1828 4824 καὶ

1945 4774 2024 4824 est
2061 4771 2475 4823 conservatum
2531 4765 2774 4836 plenum
2807 4769 2865 4818 et
2912 4778 3188 4834 perenne.
3241 4765 3369 4817 Non
3421 4761 3581 4817 enim

231 4856 427 4909 ἀέναον.
478 4856 554 4907 Ού
598 4858 698 4929 γὰρ
746 4855 973 4908 ἐπέλιπεν
1018 4855 1071 4907 ἐκ
1116 4861 1230 4909 τότε
1270 4859 1383 4931 ῥέον
1431 4865 1516 4911 xui
1565 4858 1829 4931 μηδέποτε

1955 4857 2148 4913 lefecit
2196 4855 2391 4911 ﬂuens
2444 4855 2518 4909 ab
2561 4870 2632 4909 eo
2688 4860 2957 4919 tempore
3009 4856 3066 4907 et
3122 4867 3439 4922 nunquam
3501 4853 3591 4905 est

232 4940 621 5016 δαπανώμενον.
675 4947 902 5002 Τοιαύτη
971 4952 1064 4997 τοῦ
1129 4948 1392 5020 μάρτυρος
1454 4951 1481 5005 ή
1558 4954 1683 5021 πρὸς
1741 4955 1828 5002 τὸν

1954 4950 2377 5017 :onsumptum.
2408 4944 2560 5000 Talis
2589 4942 2700 4997 fuit
2731 4942 3007 5013 martyris
3038 4942 3113 4997 ad
3147 4942 3329 4996 Deum
3366 4938 3590 4994 ﬁducia

231 5037 353 5086 Θεὸν
397 5032 677 5107 παρρησία
712 5037 801 5084 xui.
844 5030 1067 5106 δύναμις
1097 5051 1109 5063 ·
1146 5035 1281 5086 ούτω
1336 5040 1455 5098 τούς
1511 5034 1829 5100 δοξάζοντας

1955 5044 1994 5092 et
2024 5036 2227 5090 virtus.
2260 5035 2343 5090 lta
2369 5050 2490 5099 eos,
2518 5034 2622 5106 qui
2654 5031 2988 5101 gloriﬁcant
3017 5032 3235 5102 ipsum,
3267 5029 3417 5083 Deus
3468 5027 3591 5097 glo-

230 5126 384 5177 αύτὸν
431 5120 646 5186 δοξάζει
693 5126 717 5175 ό
764 5127 968 5198 Κύριος.
1001 5123 1059 5175 Ὁ
1087 5127 1188 5198 ’γὰρ
1232 5124 1511 5178 ἀνατέλλων
1556 5131 1640 5179 τόν
1686 5127 1830 5185 ἣλιον

1954 5126 2151 5181 riﬁcat.
2196 5125 2305 5189 Qui
2352 5123 2510 5179 enim
2558 5122 2743 5178 solem
2794 5137 2971 5176 suum
3024 5119 3162 5175 oriri
3216 5118 3356 5174 facit
3409 5132 3590 5188 super

232 5215 392 5267 αύτού
438 5216 521 5265 ἐπὶ
562 5210 797 5275 δικαίους
841 5218 929 5265 καὶ
976 5210 1189 5275 ἀδίκους
1230 5219 1320 5266 καὶ
1368 5219 1557 5288 τρέφων
1604 5217 1830 5279 ἅπαντας

1948 5218 2125 5283 iustos
2183 5220 2239 5269 et
2269 5214 2543 5284 iniustos,
2589 5216 2645 5266 et
2691 5211 2872 5265 nutrit
2924 5225 3133 5265 omnes
3195 5214 3315 5263 tam
3376 5206 3584 5273 malos,

232 5313 290 5378 τῇ
338 5312 497 5377 τροφῇ
544 5308 797 5377 πονηρούς
838 5323 893 5357 τε
934 5309 1024 5356 καὶ
1068 5303 1315 5376 ἀγαθούς,
1347 5310 1399 5357 τί
1446 5308 1746 5379 θαυμαστόν
1787 5308 1829 5361 εἰ

1952 5320 2124 5377 quam
2140 5303 2383 5372 bonos‘,
2414 5301 2561 5374 quid
2591 5299 2830 5365 mirum,
2862 5299 2905 5353 si
2935 5298 3025 5353 his
3050 5296 3233 5354 etiam
3264 5296 3428 5364 viris,
3456 5295 3588 5351 licet

232 5398 319 5447 καὶ
364 5392 410 5446 ἐν
450 5401 555 5455 τοῖς
604 5389 832 5471 ἀνδράσι
875 5396 1073 5455 τούτοις
1120 5399 1303 5471 καίπερ
1350 5391 1469 5449 οὖσι
1509 5400 1594 5449 τόν
1640 5402 1830 5473 τρόπον

1953 5396 2060 5453 sint
2107 5392 2368 5451 moribus
2421 5392 2582 5460 suavi,
2637 5394 2693 5449 et
2740 5389 2932 5447 caedes
2989 5388 3299 5461 spirantes,
3349 5386 3589 5447 abunde

301 5582 323 5623 ³
354 5582 504 5643 Psal.
536 5598 719 5657 mu,
742 5584 796 5655 2,
829 5580 883 5639 3.
962 5585 980 5618 ³
1014 5582 1165 5642 Psal.
1199 5598 1351 5654 xxvx,
1397 5587 1439 5641 ι.
1519 5582 1541 5620 ⁸
1570 5584 1772 5647 Matth.
1802 5604 1859 5658 ν,
1880 5584 1973 5644 45.
