4142 6196
561 306 662 368 487

1999 292 2263 361 MENSIS
2295 296 2555 362 JULIUS.

3807 300 3905 372 iss

555 437 949 512 suppeditarit
977 451 1148 491 suam
1174 433 1647 491 misericordiam
1667 433 1695 489 ‘I
1711 431 1978 498 Quicum
2005 431 2203 495 etiam,

2329 439 2570 505 Ρονικοῖς,
2624 432 2709 485 τὸν
2768 433 2929 486 αὑτοῦ
2991 431 3436 505 ἐπεδαψιλεύσατο
3483 434 3663 505 Eheu;
3713 439 3779 491 Οἶ
3822 446 3911 494 καὶ

555 535 616 584 ut
656 528 939 593 diximus,
986 525 1228 580 abunde
1280 522 1569 578 bibissent
1613 537 1684 577 ex
1716 522 1815 576 illa
1868 538 2026 592 aqua
2074 538 2209 592 quae

553 616 949 681 afﬂuxerat,et
968 632 1107 669 suos
1140 619 1510 668 recreassent
1530 617 1585 666 et
1605 612 1929 665 erexissent
1946 610 2207 674 animos,

555 712 939 778 perrexerunt
997 704 1103 758 iter
1176 702 1387 766 facere,
1453 707 1735 772 sequente
1788 715 1889 755 eos
1969 713 2210 770 quoque

557 802 837 866 martyre.
869 795 1036 858 Quod
1070 808 1207 846 cum
1250 790 1385 845 totis
1435 792 1811 860 septuaginta
1840 788 2048 843 stadiis
2075 804 2211 842 con-

557 884 856 948 fecissent,
891 884 1189 952 Gaugram
1227 884 1647 951 pervenerunt,
1674 878 1827 932 sicut
1856 876 1940 932 eis
1960 877 2213 947 impera-

559 978 687 1028 tum
718 972 926 1027 fuerat.

632 1063 695 1115 Χ.
726 1063 1011 1116 Caeterum
1037 1059 1272 1113 lictores
1328 1072 1447 1112 non
1501 1056 1772 1111 iubentes
1798 1054 2043 1126 quidem
2079 1052 2209 1121 (ha-

555 1150 777 1206 bebant
818 1150 974 1204 enim
1031 1154 1165 1203 ante
1211 1145 1420 1201 oculos
1475 1145 1753 1216 martyris
1804 1143 2208 1211 beneﬁcium),

558 1241 655 1295 sed
698 1239 829 1294 victi
864 1243 1019 1292 metu
1050 1252 1278 1299 eorum,
1312 1235 1415 1306 qui
1453 1234 1806 1290 obtinebant
1832 1232 2210 1287 dominatum

554 1328 883 1401 (habebant
909 1327 1065 1381 enim
1086 1326 1319 1380 animos
1346 1323 1555 1379 molles
1581 1321 1943 1378 etﬂexibiles
1973 1321 2212 1376 ethian-

554 1424 638 1472 tes
668 1418 745 1473 ad
776 1433 845 1472 ea
875 1415 1004 1472 sola
1033 1430 1166 1486 quae
1212 1414 1605 1483 videbantur),
1628 1412 1981 1468 festinarunt
2022 1410 2211 1465 facere

555 1506 635 1577 id,
664 1506 825 1578 quod
851 1504 1005 1575 jussi
1033 1503 1283 1565 fuerant,
1321 1517 1420 1557 eos
1452 1501 1713 1556 maxime
1742 1498 2025 1555 incitante
2056 1513 2211 1553 mar-

556 1601 685 1667 tyre
710 1600 771 1649 ut
802 1593 989 1650 abiret
1016 1591 1262 1647 celerius
1298 1590 1374 1646 ad
1399 1606 1525 1644 eum
1546 1604 1727 1661 quem
1751 1588 2042 1659 cupiebat.
2059 1588 2213 1651 Quo-

559 1685 716 1740 circa
769 1698 905 1737 cum
951 1683 1253 1736 fornacem
1313 1679 1779 1747 succendissent,
1829 1682 1886 1732 et
1936 1683 2210 1731 sanctum

2322 521 2546 594 ἀφθονως
2601 521 2655 574 ἐκ
2709 532 2798 575 τοῦ
2852 524 3299 599 καταρρεύσαντος
3354 524 3544 577 ἐκείνου
3591 523 3785 590 ὕδατος
3831 550 3912 583 πε-

2322 620 2568 674 πωκότες,
2616 615 2684 673 ὡς
2730 616 2937 684 ἔφαμεν,
2978 620 3067 665 καὶ
3112 617 3206 675 τὰς
3254 614 3441 665 ἑαυτῶν
3484 614 3667 686 ψυχὰς
3718 616 3913 678 ἀναζω-

2322 708 2661 773 πυρήσαντες,
2711 706 2914 773 εἴχοντο
2963 713 3054 765 τῆς
3110 700 3257 767 ὁδοῦ,
3310 703 3553 775 ἑπομένου
3604 706 3779 767 αὐτοῖς
3829 712 3911 759 καὶ

2320 799 2413 841 τοῦ
2464 794 2745 865 μάρτυρος,
2803 791 2863 849 ἣν
2915 798 3002 844 καὶ
3080 788 3437 864 ἑϐδομήκοντα
3492 794 3630 856 ὅλοις
3685 792 3913 856 σταδίοις

2324 882 2735 953 συμπεράναντες
2794 885 2887 937 τήν
2958 884 3198 956 Γάγγραν
3252 878 3359 939 ἤδη
3429 882 3729 949 κατέλαϐον,
3784 886 3913 936 καθα

2321 970 2521 1029 τούτοις
2551 972 2895 1041 προσέτακτο.

2394 1054 2447 1108 Ι”
2500 1055 2635 1109 Ἀλλ’
2684 1058 2731 1107 οἱ
2786 1053 2973 1128 δήμιοι
3029 1056 3390 1129 εὐλαϐούμενοι
3441 1055 3605 1130 (εἶχον
3664 1062 3761 1132 γὰρ
3810 1057 3909 1119 ἤδη

2321 1148 2421 1219 πρὸ
2466 1145 2709 1216 ὀμμάτων
2740 1150 2833 1203 τήν
2866 1146 3159 1219 εὐεργεσίαν
3210 1155 3300 1199 τοῦ
3328 1149 3638 1222 μάρτυρος),
3674 1148 3829 1220 φόϐου
3860 1147 3913 1201 δε

2322 1236 2455 1307 ὅμως
2510 1243 2601 1287 τοῦ
2650 1238 2791 1308 παρά
2842 1244 2940 1287 τῶν
2996 1240 3321 1308 κρατούντων
3393 1240 3681 1309 ἡττώμενοι
3735 1238 3914 1308 (ἄλλως

2321 1343 2374 1377 τε
2417 1329 2505 1376 καὶ
2552 1324 2735 1396 ψυχας
2782 1326 2987 1395 ἔχοντες
3020 1324 3257 1385 ἐκλύτους
3286 1331 3375 1378 καὶ
3405 1326 3641 1399 μαλακὰς
3672 1333 3759 1379 καὶ
3798 1331 3913 1400 πρὸς

2321 1419 2454 1486 μόνα
2500 1418 2780 1484 κεχηνυίας
2830 1416 2896 1465 τὰ
2943 1416 3197 1487 ὁρώμενα)
3246 1418 3333 1467 τὸν
3381 1415 3652 1468 κελευσθὲν
3700 1426 3913 1475 ποιῆσαι

2322 1502 2618 1573 ἠπείγοντο,
2667 1503 2896 1574 μάλιστα
2951 1508 3040 1555 καὶ
3095 1511 3187 1555 τοῦ
3234 1506 3497 1579 μάρτυρος
3559 1515 3914 1581 παρορμῶντος

2322 1591 2513 1651 αὐτοὺς
2568 1593 2631 1650 ὡς
2703 1589 2762 1641 ἄν
2830 1593 3011 1644 θᾶττον
3066 1591 3189 1664 ἀπίῃ
3260 1597 3386 1668 πρὸς
3446 1598 3530 1645 τόν
3588 1597 3911 1667 ποθούμενον.

2320 1677 2471 1730 Ὀθεν
2524 1684 2612 1731 καὶ
2668 1682 2882 1751 κάμινον
2965 1681 3326 1752 ύπανάψαντες
3399 1688 3491 1734 καὶ
3563 1684 3781 1742 πλησίον
3835 1690 3912 1737 τὸν

558 1788 745 1846 prope
794 1772 1162 1834 statuissent,
1191 1769 1319 1839 jam
1368 1768 1667 1823 laetantem
1711 1772 1767 1822 et
1815 1767 2209 1821 exsultantem

2329 1768 2465 1838 ἅγιον
2506 1774 2939 1843 περιστήσαντες,
2992 1776 3252 1842 χαίροντα
3300 1768 3407 1829 ἤδη
3465 1777 3557 1825 καὶ
3612 1772 3914 1846 ἀγαλλιώμε-

560 1865 619 1918 in
648 1879 779 1917 eam
826 1861 1173 1931 injecerunt.
1230 1858 1501 1922 Quicum
1534 1857 1711 1911 etiam
1746 1856 1965 1909 ultimis
2013 1854 2211 1908 verbis

560 1953 745 2006 Deum
785 1950 1107 2012 laudasset,
1138 1954 1193 2001 et
1217 1948 1275 2000 in
1316 1944 1654 2001 certaminis
1687 1944 2210 1998 consummatione

558 2042 773 2110 egisset
804 2038 1118 2109 gratias,in
1148 2052 1365 2090 manus
1396 2035 1623 2089 Domini
1647 2032 1888 2087 tradidit
1911 2031 2207 2103 spiritum,

558 2138 614 2185 et
639 2129 716 2184 ad
748 2145 880 2183 eam
904 2144 1035 2198 qua:
1065 2126 1178 2180 illic
1192 2130 1300 2190 est,
1332 2124 1555 2178 transiit
1576 2120 2033 2186 beatitudinem,
2059 2122 2211 2174 vice-

557 2220 710 2274 simo
747 2233 908 2272 nono
956 2214 1178 2271 mensis
1221 2213 1377 2269 Julii.
1413 2212 1525 2267 Sed
1558 2216 1618 2266 tu
1648 2210 1915 2282 quidem,
1949 2226 1985 2264 ο
2018 2211 2209 2272 beate,

557 2315 890 2379 martyrum
922 2306 1101 2360 decus
1134 2310 1188 2358 et
1214 2307 1659 2363 ornamentum,
1693 2300 1775 2354 sic
1802 2315 1831 2355 e
1865 2300 1980 2354 vita
2020 2314 2213 2370 egres-

562 2414 686 2463 sus,
719 2394 1172 2467 etpraamiorum
1195 2391 1567 2460 stiginatibus
1584 2390 1915 2452 decoratus,
1936 2402 2095 2442 nunc
2111 2402 2216 2458 pu-

560 2505 663 2545 rus
693 2487 864 2542 sedes
895 2500 1033 2539 cum
1066 2482 1294 2537 Christo
1328 2495 1548 2551 sponso
1571 2478 1912 2551 purissimo,
1938 2476 1999 2531 in
2026 2478 2139 2531 hoc
2163 2482 2217 2531 te

565 2578 868 2635 obiectans
884 2579 940 2629 et
952 2571 1333 2636 exibilarans,
1349 2577 1637 2625 etcorona
1654 2568 1854 2636 gloriae
1878 2568 1956 2622 ab
1970 2582 2039 2621 co
2058 2582 2216 2621 coro-

566 2672 764 2724 natus.
790 2665 1081 2719 Memento
1109 2667 1307 2716 autem
1332 2658 1513 2714 nostri
1532 2672 1772 2729 quoque
1798 2657 2093 2727 deinceps,
2122 2654 2220 2724 qui

571 2764 623 2813 te
643 2754 911 2815 colimus,
937 2753 1115 2807 ethoc
1133 2765 1368 2805 sacrum
1384 2754 1551 2802 tuum
1568 2747 1784 2801 festum
1807 2745 2181 2801 celebramus
2205 2760 2218 2799 :

572 2852 629 2903 et
669 2846 748 2899 da
775 2843 967 2908 nobis,
1003 2849 1064 2895 ut
1092 2836 1464 2910 aequabiliter
1491 2843 1546 2891 et
1577 2837 1702 2890 sine
1748 2834 1866 2889 ulla
1896 2834 2223 2889 offensione

573 2935 975 3002 transigamus
1002 2930 1132 2983 vitae
1165 2926 1579 2997 asperitatem:
1616 2930 1677 2979 ut
1709 2941 1846 2979 cum
1880 2940 1996 2978 non
2030 2922 2222 2977 obruti

572 3022 1013 3079 enataverimus
1039 3033 1109 3070 ex
1141 3016 1253 3069 hoc
1276 3016 1426 3068 mari
1454 3017 1867 3074 tentationum,
1895 3012 1952 3064 in
1984 3017 2222 3083 portum

572 3110 786 3183 quietis
818 3106 1212 3179 appellamus,
1230 3105 1426 3174 ipsum
1452 3102 1739 3155 habentes
1761 3100 2223 3169 gubernatorem

573 3200 686 3255 tuis
714 3192 1235 3251 intercessionibus
1265 3189 1584 3245 Dominum
1618 3195 1889 3243 nostrum
1917 3193 1975 3242 et
2021 3187 2226 3244 Salva-

573 3294 761 3344 torem
795 3284 1085 3340 Christum
1111 3296 1121 3333 :
1155 3295 1333 3350 quem
1368 3277 1532 3333 decet
1561 3276 1758 3331 omnis
1785 3277 1976 3332 honor
2002 3282 2059 3333 et
2084 3278 2223 3333 ado-

571 3376 722 3434 ratio
753 3376 811 3430 in
842 3370 1058 3428 saacula
1075 3368 1453 3423 saeculorum.
1491 3368 1707 3421 Amen.

2320 1877 2423 1923 νον,
2457 1861 2619 1929 ταύτῃ
2672 1857 2951 1923 ἐνέϐαλλον,
2999 1859 3049 1919 ὃς
3100 1866 3190 1911 καὶ
3238 1860 3444 1934 ῥήμασι
3488 1862 3795 1923 τελευταίοις
3833 1868 3910 1914 τὸν

2322 1951 2448 1999 Θεὸν
2498 1947 2754 2018 ὑμνήσας,
2790 1952 2876 1999 καὶ
2925 1949 3063 2018 αύτῷ
3115 1948 3197 2001 ἐπὶ
3246 1958 3306 2022 τῇ
3354 1959 3445 2002 τοῦ
3499 1952 3692 2023 ἀγῶνος
3730 1952 3910 2004 τελειὼι

2324 2054 2402 2086 σει
2428 2034 2826 2108 εὐχαριστήσας
2855 2044 2964 2097 ταῖς
2993 2045 3083 2089 τοῦ
3129 2045 3389 2091 Δεσπότου
3446 2046 3608 2113 χερσὶ
3640 2045 3695 2092 τὸ
3726 2050 3911 2113 πνεῦμα

2321 2122 2593 2195 παρέδωκε
2636 2130 2724 2176 καὶ
2765 2129 2894 2198 πρὸς
2940 2131 3031 2183 τήν
3078 2129 3263 2180 ἐκεῖθεν
3315 2127 3483 2187 ἀπέϐη
3538 2135 3907 2203 μακαριότητα,

2322 2209 2511 2264 εἰκάδα
2542 2212 2717 2270 ἐνάτην
2764 2223 2855 2266 τοῦ
2904 2215 3122 2267 Ἰουλίου
3154 2218 3383 2286 ἄγοντες.
3431 2218 3589 2270 Ἀλλὰ
3637 2224 3700 2271 σὺ
3741 2224 3843 2292 μὲν,
3874 2220 3908 2269 ὧ

2323 2304 2599 2375 μαρτύρων
2676 2302 2974 2376 ἑντρύφημα
3037 2308 3127 2355 καὶ
3199 2304 3572 2376 καλλωπισμα,
3628 2309 3757 2359 οὕτω
3830 2312 3909 2359 καὶ

2327 2387 2476 2461 βιοὺς
2534 2396 2623 2441 καὶ
2669 2394 2926 2462 μεταστὰς
2974 2397 3063 2444 καὶ
3125 2400 3233 2454 τοῖς
3290 2400 3553 2467 στίγμασι
3609 2406 3705 2448 τῶν
3758 2396 3909 2447 ἄθλων

2327 2480 2623 2553 ὡραὶσθεὶς,
2682 2501 2767 2531 νυν
2844 2483 3073 2555 καθαρὸς
3149 2491 3220 2553 τῷ
3298 2486 3656 2557 καθαρωτάτῳ
3724 2491 3907 2558 νυμφίῳ

2327 2574 2658 2640 παρίστασαι
2724 2576 2956 2643 Χριστῷ,
3011 2568 3315 2642 ἐνηδόμενος
3385 2576 3559 2646 τούτῳ
3629 2579 3714 2627 καὶ
3782 2575 3908 2627 ἑπευ-

2332 2662 2662 2731 ῷραινόμενος
2705 2662 2794 2709 καὶ
2844 2666 2915 2728 τῷ
2970 2668 3058 2719 τῆς
3108 2657 3263 2722 δόξης
3313 2666 3548 2735 στεφάνῳ
3597 2666 3715 2737 παρ’
3770 2663 3908 2715 αὐτοῦ

2332 2750 2697 2818 ταινιούμενος,
2748 2751 2982 2818 μέμνησο
3034 2744 3093 2799 δὲ
3149 2754 3237 2801 καὶ
3290 2752 3440 2822 ἡμῶν
3484 2753 3660 2805 λοιπὸν
3703 2761 3794 2804 τῶν
3835 2771 3907 2802 τι·

2334 2841 2542 2904 μῶντων
2594 2855 2650 2887 σε
2698 2841 2783 2887 καὶ
2840 2841 2930 2894 τὴν
2984 2839 3120 2910 ἱεράν
3180 2858 3273 2890 σου
3331 2844 3530 2900 ταύτην
3590 2843 3909 2917 ἑορταζόντων

2333 2929 2643 2995 πανήγυριν,
2690 2931 2778 2977 καὶ
2828 2923 2984 2977 δίδου
3033 2929 3155 2999 ἡμῖν
3201 2930 3402 3001 ὁμαλῶς
3450 2937 3539 2983 καὶ
3586 2932 3909 3005 ἀπροσκοπως

2334 3017 2427 3069 τὴν
2480 3021 2569 3065 τοῦ
2618 3012 2740 3085 βίου
2792 3012 3036 3067 διανῦσαι
3086 3020 3417 3089 τραχύτητα,
3466 3023 3534 3082 ὡς
3579 3020 3635 3072 ἂν
3682 3021 3909 3073 ἄκλυστοι

2336 3106 2427 3158 τὴν
2474 3110 2571 3153 τῶν
2622 3112 2920 3175 πειρασμῶν
2966 3100 3333 3177 διανηξάμενοι
3385 3110 3655 3162 θάλασσαν
3700 3117 3802 3170 τοίς
3828 3115 3909 3165 τῆς

2338 3188 2675 3251 ἀναπαύσεως
2725 3192 2898 3263 λιμέσι
2956 3196 3449 3269 καθορμισθείημεν,
3515 3200 3667 3251 αὐτὸν
3724 3200 3908 3271 ἔχοντες

2337 3278 2649 3351 κυϐερνήτην
2700 3276 2791 3332 διὰ
2841 3291 2940 3333 τῶν
2987 3292 3087 3334 σῶν
3136 3284 3425 3357 πρεσϐειῶν
3456 3292 3539 3339 τὸν
3572 3291 3752 3361 Κύριον
3782 3288 3908 3358 ἡμῶν

2340 3372 2429 3419 καὶ
2498 3375 2715 3440 Σωτῆρα
2774 3374 3025 3443 Χριστὸν,
3194 3378 3376 3447 πρέπει
3451 3384 3597 3429 πᾶσα
3664 3380 3781 3449 τιμή
3832 3378 3909 3426 καὶ

2340 3460 2700 3531 προσκύνησις
2730 3458 2798 3520 εἰς
2824 3463 2944 3522 τοὺς
2974 3460 3163 3523 αἰῶνας
3192 3471 3293 3515 τῶν
3323 3464 3542 3518 αἰωνων.
3573 3466 3749 3539 ’Λμήν.

588 3612 3897 3637 Μ

2090 3726 2430 3847 VlTA

1434 3982 1809 4073 SANCTI
1898 3979 2028 4069 ET
2112 3979 2411 4069 JUSTl
2503 3982 3081 4075 EUDOCIMI.

1276 4182 1451 4247 (Apud
1481 4181 1692 4229 Surium
1722 4178 1790 4227 ad
1820 4178 1960 4228 diem
1985 4179 2046 4227 29
2069 4177 2214 4228 Julii.
2248 4178 2486 4229 Graecum
2521 4183 2726 4230 textum
2753 4196 2861 4231 non
2887 4183 3234 4247 invenimus.)

654 4486 695 4546 Ῑ.
758 4482 1091 4551 Eudocimi,
1123 4480 1224 4555 qui
1272 4475 1689 4536 convenienter
1731 4489 1842 4530 suo
1882 4474 2110 4530 nomini
2156 4491 2227 4530 ex
2259 4477 2303 4531 D
2335 4475 2985 4548 nibustempestatibus
3014 4479 3410 4554 sordibusque
3434 4481 3620 4553 plenae
3643 4482 3791 4543 sunt,
3817 4491 3905 4548 pu‘

578 4586 697 4640 Deo
717 4578 961 4635 laudem
994 4581 1081 4631 est
1112 4574 1439 4630 assecutuS,
1474 4565 1651 4621 vitam
1678 4564 1907 4619 bonum
1931 4570 2018 4620 est
2048 4581 2228 4636 expo-

578 4687 737 4728 nere.
794 4667 937 4723 Hinc
974 4665 1130 4721 enim
1192 4657 1369 4715 simul
1423 4655 1700 4726 voluptas
1730 4660 1785 4708 et
1840 4653 2055 4709 utilitas
2104 4669 2226 4709 non

578 4759 730 4819 redit
757 4757 953 4813 solum
981 4754 1059 4810 ad
1084 4750 1470 4823 expositores,
1515 4744 1617 4800 sed
1653 4742 1841 4798 multo
1906 4743 2091 4813 magis
2149 4743 2227 4799 ad

578 4850 909 4913 auditores;
934 4860 1055 4900 non
1086 4840 1277 4897 solum
1306 4835 1466 4908 quod
1486 4850 1547 4888 se
1570 4832 1892 4889 ostenderit
1914 4833 2227 4889 vehemen-

580 4948 699 4999 tem
751 4943 1080 4995 amatorem
1136 4928 1386 4997 virtutis,
1437 4922 1681 4995 etquod
1737 4928 1827 4977 est
1883 4922 2223 4986 honestum,

579 5030 782 5087 statim
814 5022 1053 5095 elegerit
1078 5020 1155 5076 ab
1186 5020 1422 5073 ineunte
1453 5017 1654 5079 aetate;
1683 5028 1818 5066 cum
1845 5012 2044 5065 multis
2068 5011 2226 5067 enim

581 5122 712 5179 aliis
743 5118 847 5172 fuit
874 5114 966 5170 hic
992 5114 1121 5166 vitae
1146 5107 1308 5163 zelus
1337 5103 1392 5160 ei
1422 5100 1762 5159 communis
1798 5116 1810 5153 :
1844 5100 1945 5154 sed
1977 5099 2137 5171 quod
2169 5101 2226 5155 in

581 5212 680 5269 illo
736 5206 1109 5282 praecipuum
1133 5205 1188 5253 et
1217 5210 1368 5268 pene
1400 5190 1721 5260 singulare,
1778 5188 1869 5243 vel
1919 5187 2104 5252 omni,
2137 5187 2229 5241 vel

584 5277 807 5371 magna
827 5312 896 5351 ex
927 5299 1089 5366 parte
1111 5285 1406 5349 excelluit,
1434 5285 1485 5353 ej
1498 5298 1563 5336 us
1584 5280 1645 5335 in
1668 5278 1893 5334 mundo
1918 5277 2023 5332 fuit
2042 5291 2223 5347 supra

584 5366 881 5444 mundum
925 5384 1093 5438 vita:
1140 5384 1195 5435 et
1246 5373 1411 5448 quod
1462 5387 1599 5427 cum
1653 5370 1871 5425 viveret
1921 5368 1981 5421 in
2032 5366 2225 5421 medio

582 5476 972 5541 tumultuum,
998 5476 1053 5529 et
1070 5470 1289 5527 harum
1310 5478 1508 5522 rerum
1537 5458 1927 5523 instabilium,
1947 5472 2082 5531 qua
2104 5472 2229 5512 om-

662 5634 677 5671 ¹
708 5634 729 5690 Ι
760 5632 887 5688 Cor.
920 5630 1018 5685 vri.

2334 4583 2461 4623 ram
2491 4572 2545 4623 et
2577 4568 2981 4639 tranquillam,
3006 4577 3060 4624 et
3089 4570 3332 4627 minime
3353 4572 3721 4644 inquinatam
3748 4580 3901 4622 suam

2334 4657 2771 4711 conservaverit
2788 4657 3056 4713 animam
3085 4674 3097 4713 ε
3119 4664 3173 4713 et
3190 4660 3513 4715 ostenderit
3528 4675 3652 4715 esse
3672 4655 3839 4713 timidi
3857 4659 3903 4707 et

2336 4744 2754 4815 pusillianimi,
2780 4746 2985 4799 mundi
3006 4747 3212 4816 fugam
3246 4750 3544 4821 persequi,
3568 4754 3619 4803 et
3642 4743 3900 4817 adjutrice

2338 4832 2418 4887 uti
2463 4834 2805 4898 solitudine,
2836 4834 3078 4905 perinde
3109 4852 3179 4891 ac
3208 4836 3256 4891 si
3302 4838 3436 4909 quis
3467 4838 3527 4891 in
3561 4835 3735 4891 maris
3760 4840 3900 4887 tran-

2334 4922 2620 4993 quillitate
2636 4924 2946 4992 navigans,
2965 4929 3019 4979 et
3034 4923 3265 4997 absque
3286 4926 3415 4981 ullis
3433 4925 3704 4981 ﬂuctibus
3718 4920 3900 4977 ventis-

2334 5026 2455 5082 que
2503 5011 2973 5077 vehementibus,
3009 5013 3145 5069 velit
3193 5016 3385 5070 vocari
3432 5014 3649 5087 peritus
3685 5009 3899 5077 naviga-

2336 5099 2596 5165 tionis,et
2613 5100 2941 5170 intelligens
2958 5116 3165 5157 eorum
3184 5119 3319 5175 quae
3340 5103 3415 5159 ad
3437 5117 3597 5157 mare
3613 5099 3897 5173 pertinent.

2338 5190 2632 5255 Quoniam
2651 5205 2793 5260 ergo
2819 5190 2971 5245 illius
3003 5192 3121 5247 vita
3152 5197 3241 5248 est
3278 5192 3581 5262 exemplar
3605 5186 3897 5247 sufﬁciens,

2338 5295 2475 5333 cum
2489 5279 2863 5346 omnibus,ut
2876 5280 3058 5335 semel
3074 5280 3401 5353 dicam,qui
3420 5278 3644 5334 virtutis
3658 5274 3897 5331 studium

2340 5368 2449 5423 sibi
2477 5369 2813 5434 vendicaut,
2865 5376 2925 5424 ut
2954 5368 3023 5423 iis
3069 5370 3172 5442 qui
3221 5371 3277 5425 in
3309 5370 3535 5426 mundo
3588 5369 3794 5431 vivunt,
3852 5363 3899 5413 et

2340 5456 2569 5513 mundo
2593 5462 2685 5527 (ut
2708 5473 2847 5513 cum
2876 5458 3078 5515 divino
3130 5459 3307 5516 Paulo
3366 5458 3581 5529 dicam)
3624 5456 3697 5511 uti
3726 5450 3895 5508 solum
