4142 6196
154 258 265 315 489

1518 257 1681 319 VITA
1721 260 1781 316 S.
1820 253 2194 314 EUDOCIMI.

3498 268 3602 325 490

184 403 310 443 ωοω
347 386 511 441 abuti
543 384 785 455 eligunt,
828 383 1105 441 dicantur
1141 402 1235 441 res
1286 386 1461 453 illius,
1496 391 1552 442 et
1575 389 1838 441 virorum
1877 384 1922 437 A
1954 398 2089 454 quae
2116 384 2339 451 dicunt,
2365 388 2475 459 ipsi
2507 388 2670 460 prius
2701 394 2992 460 pugnant,
3025 395 3079 445 et
3120 407 3181 446 re
3234 392 3357 463 ipsa
3399 399 3600 465 aperte

173 477 481 531 bonorum
515 474 732 529 animis
764 481 1105 546 apponatur
1144 492 1350 531 mensa
1402 478 1620 541 divina,
1656 481 1709 531 et
1739 490 1840 544 op-

174 567 369 631 sonia,
398 582 533 637 quae
567 580 878 635 nunquam
931 573 1383 620 consumuntur.

246 656 315 709 ll.
342 656 592 709 Sanctus
624 668 767 722 ergo
798 653 1155 708 Eudocimus
1181 670 1369 724 genus
1397 654 1640 727 quidem
1673 653 1843 707 duxit

179 760 252 799 ex
282 742 756 813 Cappadocibus,
789 742 1026 813 piorum
1076 749 1394 813 parentum
1449 744 1547 814 pia
1579 740 1837 797 soboles.

168 833 438 897 Quorum
494 831 640 885 alter
687 830 934 901 quidem
988 830 1260 900 Basilius,
1325 832 1582 886 Eudocia
1638 833 1841 885 autem

167 921 437 988 nomine,
470 935 604 990 quae
632 924 937 987 genuerat,
971 926 1142 974 erant
1167 935 1379 989 genere
1403 920 1691 991 insignes,
1720 918 1844 989 opi-

166 1010 286 1066 bus
359 1006 759 1069 abundantes,
814 1007 1189 1078 illustresque
1244 1011 1611 1063 auctoritate.
1665 1007 1839 1060 Patri-

169 1100 401 1154 ciorum
448 1097 607 1151 enim
649 1095 930 1164 dignitate
982 1097 1171 1151 clarus
1227 1103 1351 1152 erat
1395 1097 1666 1152 Basilius.
1697 1099 1841 1151 Cum

170 1193 294 1242 tam
325 1185 646 1258 praeclaros
675 1189 875 1238 autem
908 1186 1140 1253 generis
1170 1185 1364 1240 fontes
1396 1186 1636 1240 haberet
1662 1183 1839 1251 filius,

170 1291 295 1331 ωοω
323 1280 448 1329 tam
478 1275 638 1327 visus
666 1279 753 1327 est
775 1272 991 1327 nobilis
1007 1290 1075 1327 ex
1105 1273 1473 1343 parentibus,
1497 1289 1690 1345 neque
1718 1280 1843 1327 tan-

182 1369 309 1418 tam
341 1380 414 1418 ex
447 1364 530 1417 eis
549 1363 772 1432 accepit
792 1361 1373 1435 gloriam,quantam
1398 1367 1522 1435 ipse
1548 1362 1843 1433 prteclaris

181 1453 300 1506 suis
334 1454 594 1507 factisex
623 1467 683 1505 se
713 1452 1081 1506 nobilitatem
1112 1452 1236 1506 suis
1257 1452 1451 1507 attulit
1476 1451 1838 1523 parentibus.

181 1544 331 1597 Nam
374 1542 527 1595 tilios
563 1541 826 1611 quidem,
858 1540 961 1611 qui
994 1557 1063 1595 ex
1104 1541 1277 1596 claris
1316 1544 1425 1596 orti
1459 1549 1596 1596 sunt
1635 1556 1843 1612 paren-

180 1631 365 1697 tibus,
402 1632 730 1701 permultos
768 1630 1029 1683 invenies
1064 1648 1075 1684 :
1104 1638 1379 1700 parentes
1402 1638 1599 1686 autem
1636 1632 1840 1685 talium

1953 474 2389 537 contradicunt,
2411 492 2547 531 cum
2562 481 2762 549 procul
2783 479 2857 532 ab
2880 478 2950 532 iis
2970 495 3105 550 quae
3121 480 3418 545 dicuntur,
3440 482 3623 538 aber-.

1950 567 2262 617 reteorum
2291 567 2548 620 animus.
2578 568 3055 638 Temperantiam
3084 575 3451 639 autem,qute
3468 587 3601 627 vere

1950 650 2193 719 publica
2218 660 2323 716 est,
2358 661 2411 709 et
2444 655 2881 726 pulchritudine
2909 656 3054 711 alias
3085 657 3315 711 excellit
3342 660 3596 725 virtutes,

1952 736 2032 790 sic
2059 740 2303 804 amavit,
2333 744 2491 797 etab
2521 758 2592 797 ea
2643 744 2725 798 ita
2777 750 2978 813 aperte
3027 750 3117 799 est
3169 752 3499 815 superatus,
3541 753 3604 801 ut

1952 840 2083 880 eam
2106 828 2166 882 in
2188 830 2304 885 vita
2326 831 2573 896 sociam,
2617 839 2671 886 et
2699 848 2833 903 quae
2866 848 3071 888 secum
3098 833 3416 897 habitaret,
3451 834 3605 888 dele-

1953 916 2125 981 gerit,
2160 923 2214 971 et
2236 919 2517 974 audacter
2549 937 2686 975 cum
2714 923 2818 975 Job
2840 922 3059 976 diceret
3084 938 3205 977 non
3235 923 3349 977 hoc
3372 924 3601 977 solum:

1954 1003 2197 1060 Oculum
2230 1022 2414 1063 meum
2445 1025 2563 1064 non
2586 1016 2669 1065 est
2698 1026 2794 1065 cor
2823 1018 3188 1066 consecutum
3217 1014 3258 1075 7,
3278 1012 3381 1066 sed
3404 1012 3602 1077 etiam,

1951 1093 2117 1160 quod
2153 1094 2253 1149 illo
2293 1102 2378 1151 est
2420 1100 2630 1167 majus,
2676 1106 2919 1170 pactum
2957 1100 3165 1155 fecisse
3218 1117 3357 1155 cum
3396 1102 3605 1170 oculis,

1952 1181 2116 1237 nullo
2150 1185 2326 1238 modo
2356 1186 2711 1242 intellexisse
2745 1204 2918 1259 super
2948 1189 3231 1259 virginem
3260 1194 3280 1223 ⁸
3307 1210 3318 1249 ;
3344 1197 3607 1262 etusque

1954 1270 2106 1325 adeo
2141 1272 2410 1329 vitaverit
2441 1292 2577 1331 cum
2607 1277 2852 1332 muliere
2883 1278 3157 1348 colloqui,
3195 1283 3258 1333 ut
3284 1280 3389 1335 soli
3432 1280 3607 1335 matri

1952 1373 2074 1411 non
2103 1368 2252 1414 esset
2281 1364 2646 1432 prohibitum
2700 1367 2777 1420 ad
2809 1383 2945 1420 eum
2986 1368 3288 1432 accedere,
3322 1384 3508 1440 quam
3548 1370 3606 1423 in

1956 1462 2178 1515 magna
2206 1450 2470 1505 habebat
2508 1454 2888 1508 veneratione
2932 1473 2944 1505 :
2990 1461 3050 1510 ut
3097 1457 3201 1527 qui
3242 1472 3364 1511 non
3414 1458 3607 1512 solum

1953 1539 2259 1600 maternis,
2302 1541 2405 1593 sed
2454 1542 2673 1596 virtutis
2705 1543 2881 1597 etiam
2915 1544 3148 1599 cederet
3178 1545 3427 1615 legibus.
3465 1550 3611 1601 Prae-

1953 1627 2187 1679 teream
2218 1632 2418 1681 autem
2444 1630 2588 1683 nulli
2618 1631 2831 1686 licebat
2864 1634 3090 1687 mulieri
3125 1650 3346 1690 cumeo
3361 1636 3609 1691 omnino

179 1720 468 1783 ﬁliorum,
496 1720 596 1790 qui
626 1720 685 1773 in
714 1720 913 1773 medio
961 1722 1187 1775 mundo
1229 1723 1407 1775 vitam
1459 1721 1603 1775 nulli
1644 1736 1839 1791 repre~
1876 1744 1917 1797 Β
1949 1716 2135 1784 loqui,
2168 1722 2271 1769 aut
2302 1717 2379 1770 ad
2412 1735 2548 1773 eum
2603 1720 2788 1775 adire.

178 1808 459 1862 hensioni
492 1806 731 1862 afﬁnem
768 1813 1197 1878 transegerunt,
1230 1809 1562 1864 admodum
1590 1824 1837 1880 paucos.

182 1897 280 1952 Ille
306 1912 452 1965 ergo
480 1897 761 1951 doctrinae
801 1901 859 1951 et
907 1896 1238 1968 disciplinis
1264 1899 1473 1967 jussus
1519 1898 1842 1965 attendere,

186 2002 483 2055 magnum
513 1987 572 2039 in
600 1986 690 2039 his
734 1988 929 2056 posuit
978 1986 1268 2050 studium,
1320 2003 1439 2041 non
1474 1988 1843 2051 verberibus,

187 2092 305 2130 non
340 2074 687 2138 terroribus,
719 2090 834 2129 non
860 2075 1065 2147 aliquo
1087 2075 1202 2131 alio
1228 2076 1503 2145 indigens
1528 2093 1595 2131 ex
1620 2076 1690 2130 iis
1713 2092 1849 2147 quae

188 2171 443 2236 possunt
476 2165 761 2235 puerilem
794 2166 873 2218 ad
928 2180 1019 2218 res
1056 2167 1333 2220 honestas
1360 2168 1614 2220 excitare
1655 2180 1854 2219 socor-

189 2253 353 2308 diam
392 2270 403 2307 :
441 2253 545 2307 sed
579 2253 703 2323 ipse
727 2260 851 2307 erat
882 2253 996 2307 sibi
1027 2253 1302 2308 stimulus
1350 2270 1422 2308 ex
1454 2256 1853 2325 prOpensione

190 2346 243 2395 et
267 2343 458 2395 animi
489 2341 789 2396 alacritate
846 2342 925 2396 ad
956 2357 1028 2397 ea
1082 2359 1214 2411 quae
1265 2344 1426 2397 bona
1456 2350 1611 2396 sunt.
1674 2341 1854 2395 Multo

192 2436 393 2485 autem
426 2432 621 2500 magis
678 2430 1026 2499 invigilabat
1064 2431 1301 2486 lectioni
1348 2432 1681 2486 divinorum
1739 2430 1857 2485 elo-

195 2519 496 2590 quiorum,
525 2528 580 2574 et
605 2519 842 2574 assidue
869 2521 927 2573 in
960 2520 1041 2574 eis
1067 2521 1429 2586 versabatur,
1458 2522 1610 2575 adeo
1644 2524 1706 2573 ut
1729 2522 1857 2591 ipse

201 2624 446 2679 quoque
479 2617 879 2663 caneretcum
933 2609 1133 2663 divino
1190 2609 1408 2663 Davide
1465 2626 1476 2662 :
1532 2609 1859 2664 Exsultabo

204 2712 305 2766 ego
321 2713 505 2765 super
519 2698 754 2768 eloquia
783 2703 905 2762 tua,
924 2705 983 2752 ut
1016 2701 1118 2768 qui
1137 2700 1355 2754 invenit
1385 2699 1571 2767 Spolia
1596 2701 1788 2753 multa
1815 2701 1857 2751 ³.

204 2787 309 2838 Et:
339 2787 525 2852 Quam
555 2787 741 2841 dilexi
762 2789 943 2855 legem
979 2794 1155 2853 tuam,
1225 2789 1466 2843 Domine
1520 2806 1532 2841 :
1605 2794 1728 2841 tota
1771 2787 1866 2841 die

206 2875 509 2930 meditatio
542 2890 667 2929 mea
689 2882 770 2930 est
800 2878 839 2927 ³.
876 2879 1182 2946 Propterea
1210 2878 1258 2929 ei
1293 2882 1630 2947 reputatum
1663 2884 1746 2930 est
1773 2894 1866 2929 su-

202 2980 312 3036 pra
383 2966 571 3019 millia
608 2968 733 3020 auri
770 2970 828 3020 et
851 2966 1123 3035 argenti”,
1175 2966 1343 3036 juxta
1398 2967 1672 3021 divinum
1734 2969 1864 3021 Pro-

2022 1804 2117 1859 lV.
2155 1804 2302 1860 Cum
2336 1812 2726 1877 temperantia
2751 1825 2892 1864 vero
2924 1812 3233 1881 conjunxit
3257 1814 3436 1868 etiam
3464 1813 3613 1868 elee-

1953 1908 2292 1963 mosynam,
2328 1911 2466 1950 cum
2498 1898 2899 1967 pulcherrima
2921 1915 3056 1954 eam
3085 1917 3219 1971 quae
3247 1909 3331 1955 est
3356 1904 3614 1958 maxime

1955 1981 2160 2036 hilaris
2197 1999 2208 2035 :
2240 1985 2391 2038 adeo
2422 1992 2481 2039 ut
2509 1985 2664 2040 illius
2695 1988 2943 2057 quidem
2966 1989 3192 2044 lumine
3228 1991 3617 2047 illustraretur

1959 2072 2163 2139 facies,
2204 2075 2384 2143 hujus
2424 2082 2627 2131 autem
2659 2078 2789 2131 oleo
2821 2093 2922 2132 cor
2974 2079 3382 2149 pinguelieret,
3443 2088 3619 2137 esset-

1960 2175 2076 2229 que
2099 2168 2150 2215 et
2180 2165 2440 2217 mundus
2468 2172 2523 2219 et
2551 2166 2882 2220 misericors
2908 2184 2920 2220 :
2946 2168 3097 2222 adeo
3119 2176 3176 2223 ut
3198 2169 3467 2235 altitudo,
3486 2186 3618 2241 quas

1961 2250 2230 2318 procedit
2264 2265 2334 2303 ex
2366 2252 2637 2320 puritate,
2672 2257 2750 2307 ad
2807 2258 3152 2324 proximum
3211 2258 3298 2327 (ut
3354 2273 3461 2328 par
3513 2260 3621 2329 est)

1964 2351 2036 2390 ex
2075 2353 2371 2392 consensu
2399 2356 2458 2393 se
2482 2339 2793 2406 inclinans,
2826 2344 2887 2397 in
2914 2348 3038 2399 tuto
3059 2353 3231 2401 esset.
3260 2347 3409 2401 ’l‘am
3431 2349 3625 2419 splen-

1965 2425 2103 2480 dide
2135 2434 2332 2480 autem
2383 2430 2721 2485 attendebat
2769 2432 3187 2504 eleemosynae,
3248 2442 3305 2489 et
3360 2452 3493 2490 eam
3545 2438 3625 2491 ita

1968 2514 2460 2582 amplectebatur,
2498 2525 2558 2571 ut
2588 2534 2707 2572 non
2736 2519 2924 2575 solum
2959 2523 3299 2592 superfluis,
3321 2524 3419 2577 sed
3445 2526 3624 2579 etiam

1969 2605 2313 2657 necessariis
2345 2620 2405 2658 se
2434 2604 2523 2675 pie
2551 2612 2779 2673 gereret
2806 2625 2819 2659 :
2853 2616 2907 2662 et
2932 2624 3049 2663 non
3074 2626 3251 2680 parce
3282 2618 3620 2677 seminaret,

1972 2692 2077 2744 sed
2102 2692 2160 2744 in
2190 2693 2709 2747 benedictionibus
2745 2711 2755 2747 :
2792 2703 2847 2749 et
2900 2712 3019 2751 non
3084 2698 3279 2752 solum
3332 2700 3624 2769 pecuniis,

1974 2780 2080 2833 sed
2098 2781 2277 2835 etiam
2302 2782 2605 2847 carnibus,
2632 2786 2679 2836 si
2710 2800 2782 2837 ex
2800 2784 2870 2837 iis
2888 2787 3253 2856 pauperibus
3277 2788 3409 2841 dari
3426 2796 3629 2859 posset

1974 2870 2259 2923 auxilium
2290 2872 2534 2925 minime
2564 2882 2843 2942 parceret,
2877 2875 3052 2943 idque
3074 2876 3407 2931 admodum
3432 2878 3625 2941 hilari,

1978 2965 2376 3029 promptoque
2403 2966 2457 3013 et
2482 2961 2663 3015 alacri
2684 2962 2907 3027 animo,
2944 2970 3143 3019 motus
3206 2966 3518 3021 dilectione
3568 2968 3628 3022 in

202 3054 471 3125 phetam,
505 3055 637 3109 dico
679 3053 979 3109 Davidem.
1016 3054 1081 3109 Ei
1114 3054 1212 3109 Dei
1241 3056 1479 3126 eloquia
1508 3056 1706 3112 dulcia
1736 3062 1867 3124 εω-
1905 3076 1943 3130 C
1977 3052 2162 3102 Deum
2203 3056 2258 3102 et
2298 3066 2660 3120 proXimum.
2696 3054 2933 3107 Fructus
2972 3056 3129 3107 enim
3175 3055 3493 3121 charitatis,
3540 3065 3630 3112 est

203 3143 316 3198 turi
357 3144 489 3213 ejus
522 3144 777 3208 fuerunt,
807 3151 862 3198 et
889 3160 1067 3214 supra
1100 3144 1213 3198 mel
1241 3146 1326 3198 ori
1357 3146 1484 3214 ejus
1512 3145 1552 3197 ⁵.

276 3233 359 3286 ΙΙΙ.
399 3232 656 3287 Vacabat
687 3237 889 3287 autem
922 3230 1140 3287 divinis
1174 3234 1408 3305 templis
1441 3241 1494 3288 et
1529 3234 1764 3288 assidue
1784 3234 1862 3288 ad

203 3336 273 3376 ea
317 3323 609 3377 veniebat.
647 3321 718 3376 Et
760 3338 898 3376 cum
948 3323 1075 3391 ejus
1113 3326 1376 3393 mquales
1434 3330 1489 3377 et
1542 3323 1861 3377 familiares

202 3409 382 3464 dediti
413 3418 607 3464 essent
640 3412 1078 3474 venationibus,
1130 3418 1185 3465 et
1219 3427 1511 3482 equorum
1571 3413 1857 3475 cursibus,

202 3503 260 3555 et
286 3499 415 3554 aliis
446 3500 895 3554 adolescentum
925 3500 1154 3563 studiis,
1197 3500 1290 3554 ille
1324 3517 1394 3555 ea
1426 3516 1579 3570 aegre
1611 3501 1857 3570 ferebat,

203 3589 360 3642 etab
392 3589 475 3642 eis
514 3589 759 3643 minime
782 3590 1157 3652 movebatur,
1189 3596 1242 3642 et
1295 3590 1439 3643 nulli
1494 3590 1743 3645 cedebat
1789 3606 1860 3643 ex

202 3678 275 3733 iis
336 3694 467 3748 qua:
529 3678 894 3747 juvenilibus
962 3678 1346 3732 blandiuntur
1411 3679 1854 3749 cupiditatibus.

201 3766 473 3821 Jucunde
533 3783 668 3821 vero
690 3776 745 3820 et
770 3766 1021 3822 libenter
1073 3768 1422 3821 versabatur
1479 3766 1857 3832 Eudocimus,

202 3856 394 3910 autin
423 3854 606 3910 domo
628 3855 937 3921 orationis,
970 3862 1071 3911 aut
1109 3856 1169 3910 in
1217 3855 1463 3910 lectione
1519 3854 1860 3910 divinorum

201 3944 744 4016 Eloquiorum,per
772 3962 908 4016 quae
964 3946 1237 4003 studebat
1295 3946 1560 4017 seipsum
1616 3945 1861 4000 reddere

204 4034 500 4105 templum
557 4038 673 4089 Deo
739 4036 988 4104 dignum
1060 4041 1121 4089 ut
1168 4035 1274 4106 qui
1335 4036 1476 4090 nihil
1527 4037 1863 4090 ostenderet

202 4122 628 4192 injucundum,
688 4122 831 4177 nihil
892 4128 1057 4195 turpe
1108 4139 1181 4178 ex
1238 4125 1609 4179 deformitate
1676 4125 1861 4179 animi

205 4212 748 4282 perturbationum,
783 4220 839 4267 et
877 4216 936 4267 in
968 4228 1067 4267 eas
1098 4214 1311 4268 collato
1352 4214 1566 4268 studio.
1613 4214 1737 4268 Non
1769 4229 1860 4268 res

207 4300 502 4364 adversae,
536 4317 655 4355 ωοω
702 4303 998 4365 secundm,
1060 4318 1180 4357 non
1240 4303 1462 4373 aliquid
1524 4319 1594 4357 ex
1634 4302 1705 4356 iis
1731 4318 1861 4373 quae

206 4392 881 4460 animumpossuntaut
908 4391 1134 4455 efferre,
1192 4397 1295 4446 aut
1351 4392 1704 4463 deprimere,
1753 4392 1862 4446 fuit

207 4480 350 4533 satis
380 4479 645 4534 validum
674 4480 743 4535 ad
767 4497 905 4535 eum
929 4498 1085 4537 asuo
1108 4481 1375 4537 instituto
1400 4482 1857 4535 dimovendum:

211 4567 319 4621 sed
348 4567 606 4622 dexteris
626 4575 681 4623 et
711 4570 956 4624 sinistris
998 4572 1178 4625 armis
1210 4570 1297 4641 (ut
1353 4571 1493 4625 dicit
1544 4570 1764 4623 Paulus
1820 4572 1863 4639 δ)

209 4657 453 4710 dextere
478 4657 769 4723 utebatur,
800 4664 852 4712 et
883 4674 952 4712 ea
985 4660 1293 4714 materiam
1325 4659 1576 4713 faciebat
1607 4659 1864 4729 philoso-

210 4746 391 4816 phiae.
416 4749 566 4811 Quin
584 4748 762 4804 etiam
787 4766 923 4804 eum
948 4750 1102 4804 viam
1120 4749 1716 4820 saepeingrederetur,
1742 4760 1862 4803 tam

211 4850 349 4906 quas
381 4835 607 4892 ferebat
638 4838 715 4892 ad
748 4840 993 4907 regiam,
1015 4855 1199 4909 quam
1229 4855 1435 4909 quaem
1464 4840 1651 4893 ullum
1678 4838 1860 4892 alium

213 4924 416 4979 locum
452 4932 710 4981 mentem
731 4928 1263 4997 simuletlinguam
1290 4929 1553 4983 habebat
1574 4927 1861 4981 intentam

214 5014 381 5083 Operi
412 5031 423 5067 :
458 5015 615 5068 hanc
645 5017 886 5085 quidem
926 5025 1238 5071 canentem
1283 5017 1551 5071 Psalmos
1598 5015 1862 5080 Davidis,

213 5101 378 5158 illam
397 5112 599 5158 autem
616 5108 1041 5169 attendentem,
1066 5113 1121 5161 et
1140 5122 1274 5177 quae
1306 5106 1658 5161 dicebantur
1702 5106 1868 5159 intel-

211 5191 519 5261 ligentem,
561 5202 615 5248 et
648 5194 881 5263 jubenti
934 5195 1045 5264 ipsi
1102 5196 1305 5249 UaVidi
1364 5200 1694 5265 parentem.
1739 5198 1863 5249 Non

215 5297 380 5336 enim
419 5282 479 5335 id
507 5282 579 5347 ei,
608 5283 768 5353 quod
796 5285 1019 5348 multis,
1097 5287 1500 5349 usuveniebat,
1564 5284 1666 5355 qui
1709 5283 1867 5354 psal-

213 5370 345 5426 lunt
374 5372 643 5442 quidem,
686 5373 791 5427 sed
831 5389 953 5428 non
979 5374 1346 5444 intelligunt:
1376 5374 1597 5445 quique
1630 5389 1769 5427 cum
1796 5373 1865 5427 iis

1975 3137 2036 3190 in
2068 3141 2311 3193 fratrem
2370 3141 2795 3205 misericordia,
2824 3142 2975 3197 adeo
3030 3152 3094 3198 ut
3122 3146 3247 3215 ipse
3298 3149 3631 3217 promptior

1974 3232 2127 3281 esset
2156 3234 2231 3281 ad
2273 3228 2565 3297 dandum,
2599 3246 2783 3300 quam
2816 3231 2909 3285 ille
2939 3232 3016 3286 ad
3054 3234 3495 3304 accipiendum,
3527 3236 3629 3306 qui

1974 3330 2119 3384 opus
2144 3316 2398 3370 habebat
2439 3318 2845 3374 misericordia
2878 3335 2889 3371 :
2942 3327 2997 3374 et
3036 3337 3174 3376 cum
3206 3324 3475 3387 dedisset,
3506 3328 3631 3395 ipse

1973 3404 2167 3473 magis
2196 3405 2511 3469 laetaretur,
2568 3412 2622 3459 et
2649 3408 2782 3476 plus
2816 3424 2877 3463 se
2904 3409 3101 3477 juvari
3129 3413 3411 3478 crederet,
3446 3429 3632 3484 quam

1974 3493 2039 3557 is,
2074 3496 2176 3563 qui
2207 3501 2533 3564 acceperat,
2566 3498 2876 3565 quomodo
2916 3514 3009 3552 res
3042 3515 3173 3553 vere
3200 3502 3482 3557 habebat.
3518 3505 3632 3557 Ma-

1966 3582 2126 3650 jores
2162 3585 2320 3636 enim
2352 3592 2488 3637 sunt
2516 3584 2731 3638 divmaa
2789 3586 3013 3653 gratiae,
3078 3605 3265 3659 quam
3322 3591 3626 3657 humanae,

1970 3687 2122 3741 quas
2148 3671 2273 3740 ipse
2303 3674 2470 3739 larga
2501 3688 2685 3726 manu
2717 3674 2955 3728 emebat
2987 3676 3212 3745 largius
3235 3678 3393 3732 illine
3433 3689 3631 3734 scatu-

1969 3760 2207 3813 rientes.
2240 3759 2325 3825 Et,
2357 3768 2416 3813 ut
2445 3762 2859 3831 semeldicam,
2891 3765 3298 3834 orphauorum
3320 3775 3630 3838 eratpater

1971 3849 2342 3913 Eudommus,
2377 3856 2611 3903 curator
2642 3851 2967 3915 viduarum,
2995 3854 3411 3909 indumentum
3439 3860 3627 3912 nudo-

1969 3954 2123 4007 rum,
2156 3939 2326 4008 panis
2357 3938 3108 4003 esurientium,animarum
3130 3959 3264 4013 quae
3279 3946 3628 4013 aegritudine

1972 4030 2373 4096 gravabantur
2403 4026 2700 4081 solatium.

2046 4118 2109 4169 V.
2152 4116 2204 4169 ls
2235 4131 2373 4169 cum
2404 4122 2457 4169 et
2490 4118 2566 4170 ab
2608 4117 2965 4188 imperatore
2995 4120 3270 4185 honores,
3296 4128 3351 4176 et
3381 4139 3510 4193 quae
3541 4130 3629 4180 est

1971 4206 2049 4261 ad
2072 4212 2322 4275 tempus,
2348 4206 2591 4275 gloriam
2621 4215 3041 4278 assequeretur
3064 4219 3305 4282 propter
3332 4215 3624 4279 virtutem,

1971 4297 2116 4349 nihil
2146 4311 2213 4348 ex
2246 4312 2316 4348 eo
2348 4295 2689 4365 luedebatur,
2720 4304 2779 4350 ut
2835 4299 3005 4367 cujus
3063 4316 3171 4353 nec
3220 4302 3385 4356 calor
3411 4306 3625 4358 anima-

1894 4425 1939 4480 D
1976 4392 2308 4455 tepesceret,
2371 4400 2564 4455 neque
2622 4387 2698 4438 ad
2748 4402 2990 4441 cursum
3046 4390 3408 4459 spiritualeiii
3464 4394 3627 4449 fieret

1972 4476 2229 4545 impetus
2266 4474 2577 4527 hebetior:
2614 4476 2717 4528 sed
2768 4478 2959 4545 potius
3012 4494 3142 4531 eam
3201 4496 3441 4552 quoque
3512 4487 3627 4538 Deo

1973 4564 2277 4618 ascribens
2296 4572 2567 4631 gratiam,
2592 4565 2724 4617 hinc
2741 4567 3014 4620 sumebat
3034 4574 3413 4623 occasionem
3438 4574 3599 4641 majo

1972 4654 2053 4707 ris
2081 4656 2139 4705 in
2166 4656 2362 4721 ipsum
2394 4652 2689 4717 desiderii,
2738 4662 2793 4708 et
2828 4672 2965 4708 eum
3011 4658 3241 4711 colendi
3294 4672 3628 4732 promptius

1973 4747 2031 4796 et
2062 4746 2337 4796 alacrius.
2377 4744 2536 4795 Certe
2595 4758 2733 4796 cum
2763 4753 2914 4798 esset
2943 4746 3181 4807 electas,
3237 4760 3295 4801 ut
3352 4756 3629 4818 praeesset

1974 4831 2118 4901 parti
2168 4830 2461 4883 exercitus
2504 4832 2947 4901 Cappadocum,
2994 4841 3049 4887 et
3092 4845 3425 4892 moraretur
3474 4840 3628 4893 circa

1976 4920 2055 4984 id,
2084 4921 2248 4990 quod
2296 4928 2535 4974 vocatur
2588 4920 3000 4990 Charsianum,
3046 4928 3289 4993 gerebat
3342 4943 3629 4995 magnam

1976 5026 2181 5064 curam
2224 5008 2447 5079 populi,
2508 5016 2567 5063 ut
2599 5009 2698 5078 qui
2741 5026 2859 5065 non
2892 5012 3085 5067 solum
3118 5017 3189 5067 de
3218 5018 3301 5068 eis
3333 5020 3490 5068 esset
3531 5032 3629 5085 pa-

1980 5106 2139 5153 terne
2177 5097 2487 5165 sollicitus,
2530 5102 2633 5152 sed
2672 5115 2772 5152 eas
2812 5104 3011 5166 etiam,
3068 5119 3201 5173 quae
3256 5112 3423 5158 erant
3483 5107 3631 5160 inter

1979 5205 2040 5242 se
2070 5188 2344 5251 invicem,
2384 5195 2441 5239 ut
2474 5189 2684 5255 solent,
2718 5194 3154 5246 controversias
3188 5196 3453 5263 solveret,
3498 5195 3632 5247 nul-

1978 5278 2099 5332 lam
2140 5278 2198 5330 in
2223 5284 2450 5347 partem
2494 5278 2890 5347 propendeute
2952 5288 3167 5336 trutina
3210 5284 3451 5352 justitiae
3508 5302 3520 5337 :
3578 5293 3632 5340 et

1975 5370 2253 5436 judicans
2282 5368 2620 5437 orphanum
2662 5375 2748 5437 (ut
2788 5368 2985 5423 dicam
3020 5385 3155 5425 cum
3200 5375 3393 5445 Isaia),
3428 5375 3447 5407 ⁹
3473 5382 3528 5429 et
3554 5376 3635 5430 vi-

286 5552 308 5587 ³
348 5550 502 5607 Psal.
526 5567 721 5619 cxvui,
772 5553 886 5610 l62.
919 5552 940 5587 ³
967 5551 1105 5609 ibid.
1140 5553 1229 5610 97.
1265 5553 1278 5587 "
1314 5552 1455 5611 ibid.
1488 5556 1577 5612 72.
1609 5557 1629 5592 ⁵
1658 5556 1815 5615 ibid.
1853 5585 1854 5589 η

1968 5596 1975 5616 ,
2010 5558 2031 5593 ο
2059 5554 2102 5612 Π
2135 5555 2262 5610 Cor.
2292 5550 2442 5624 v1,7.
2473 5550 2491 5584 τ
2525 5548 2659 5604 Job.
2696 5563 2856 5619 xxxi,
2891 5551 2941 5605 Ἰ.
2968 5549 2988 5585 ⁸
3016 5548 3160 5608 ibid.
3197 5554 3247 5609 1.
3280 5553 3299 5587 ⁹
3335 5553 3444 5611 lsa.
3477 5570 3517 5626 ι,
3545 5556 3637 5613 17.

514 5677 757 5736 PATROL.
786 5682 890 5736 Gn.
925 5679 1082 5740 CXV.

3292 5679 3356 5735 16
