4142 6196
502 231 604 285 491

1913 217 2172 278 MENSIS
2213 218 2459 280 JULIUS
2477 261 2499 286 ο

3818 219 3923 279 492

501 353 688 409 duam
734 351 1088 424 justiﬁcans,
1122 354 1178 407 et
1206 352 1486 409 omnibus
1512 353 1670 409 idem
1720 363 2018 423 apparens
2049 359 2156 418 per
2187 346 2234 400 A
2265 348 2453 404 multa
2480 350 2726 421 quidem
2757 350 2986 416 dicens,
3023 347 3208 404 multa
3233 350 3429 404 autem
3488 347 3730 415 faciens,
3784 363 3921 421 quae

501 442 789 516 aequalem
816 441 875 496 in
913 455 1123 496 omnes
1154 442 1656 500 benevolentiam.
1691 445 1754 496 Et
1804 438 1951 510 quid
1996 451 2149 506 opus

499 541 602 595 est,
638 538 701 587 ut
729 532 925 586 dicam
956 529 1187 600 singula
1215 530 1242 585 ?
1270 532 1406 586 Erat
1448 531 1659 587 virtute
1690 530 1984 602 perfectus
2035 527 2145 579 Eu-

496 621 806 683 docimus;
836 623 962 673 erat
992 618 1242 686 insignis
1278 620 1561 674 cliaritate
1591 622 1648 673 in
1690 623 1893 679 Deum,
1927 620 1983 669 et
2009 612 2145 667 insi-

495 710 626 779 gnis
694 708 979 763 charitate
1032 708 1092 761 in
1149 710 1507 777 proximum.
1553 707 1960 773 Quamobrem
2015 703 2143 772 ejus

494 799 733 852 exitium
767 802 820 852 et
852 797 1172 860 interitum,
1196 798 1490 863 proximo,
1514 798 1784 867 inquam,
1804 791 2141 848 clanculum

488 885 819 949 detrahere,
856 885 1007 939 adeo
1045 884 1184 939 odio
1214 885 1494 949 habebat,
1531 893 1594 939 ut
1624 901 1743 939 non
1774 882 1966 936 solum
2012 879 2141 949 ipse

488 974 635 1029 nihil
657 975 769 1029 tale
824 974 1062 1035 faceret,
1122 974 1226 1027 sed
1264 974 1438 1028 etiam
1464 973 1511 1027 si
1533 973 1685 1028 alius
1726 971 1896 1025 vellet
1924 970 2136 1030 facere,

490 1062 736 1118 minime
773 1062 1087 1117 sustineret
1118 1077 1237 1116 non
1269 1063 1530 1116 honestis
1565 1061 1760 1116 verbis
1790 1074 1965 1114 aures
1998 1072 2142 1127 prae-

487 1152 628 1208 bere
662 1168 673 1206 :
703 1158 760 1207 et
783 1151 949 1222 quod
987 1152 1064 1206 ad
1096 1167 1156 1205 se
1204 1152 1425 1213 attinet,
1464 1151 1594 1206 illas
1619 1163 1861 1221 quoque
1909 1161 2143 1201 conser-

488 1249 649 1295 varet
675 1240 932 1313 peccatis
977 1240 1329 1309 superiores.

558 1331 648 1385 VI.
680 1330 850 1385 Illum
882 1330 969 1384 sic
1000 1329 1309 1397 viventem,
1337 1330 1625 1401 piumque
1650 1330 1783 1382 vitae
1809 1326 2141 1379 institutum

487 1426 910 1483 excercentem,
935 1422 993 1473 et
1022 1425 1176 1473 recte
1231 1435 1291 1473 se
1339 1426 1641 1488 gerentem
1692 1417 2032 1471 communis
2081 1414 2142 1467 in

484 1508 728 1579 regione
748 1509 942 1563 aliena
960 1508 1096 1562 ﬁnis
1113 1516 1383 1579 occupat,
1408 1525 1542 1562 cum
1581 1512 1737 1561 esset
1758 1506 1994 1575 triginta
2028 1510 2142 1556 tres

486 1614 679 1654 annos
703 1604 897 1662 natus,
925 1604 981 1652 et
1007 1599 1264 1652 necdum
1295 1597 1541 1670 quidem
1567 1598 1731 1652 canis
1758 1593 2004 1664 capillos
2056 1592 2142 1645 al-

2260 437 2406 491 solet
2427 437 2621 493 facere
2674 439 2941 511 nequitia
3001 438 3352 493 daemonum
3387 438 3444 491 in
3476 437 3771 493 damnum
3814 436 3922 491 hu-

2258 541 2453 581 manae
2484 535 2733 593 naturas,
2764 546 2901 601 quae
2928 530 3184 597 desuper
3216 526 3371 580 bello
3399 527 3477 581 ab
3507 541 3577 581 eo
3600 525 3915 597 appetitur.

2260 612 2539 670 Daemone
2570 617 2813 687 quidem
2841 623 3004 672 moto
3032 632 3067 670 a
3094 623 3326 683 sancto,
3355 622 3460 669 aut
3490 631 3523 669 a
3567 615 3771 669 Christi
3809 630 3911 684 po-

2256 701 2369 755 tius
2403 704 2628 771 virtute,
2663 710 2727 759 ut
2756 723 2896 761 eum
2924 704 3307 760 manifestum
3356 704 3575 758 faceret
3628 710 3685 758 et
3722 704 3912 758 hono-

2252 798 2426 853 raret,
2460 803 2735 850 movente
2766 801 2965 850 autem
3029 802 3081 848 et
3134 800 3461 863 torquente,
3522 799 3578 847 et
3644 795 3909 847 maxima

2251 886 2599 952 tempestate
2661 884 2966 939 hominem
2997 882 3409 946 conturbante,
3447 898 3585 936 cum
3619 887 3905 953 tanquam

2252 978 2551 1025 mortuum
2597 972 2778 1027 Eliam
2837 973 3003 1027 humi
3050 972 3305 1041 jecisset,
3356 969 3708 1025 sceleratum
3760 968 3906 1023 illud

2251 1058 2615 1115 daemonium
2653 1063 2850 1116 statim
2876 1061 3040 1125 abiit,
3064 1068 3127 1116 ut
3151 1061 3314 1131 quod
3343 1059 3534 1114 fuerat
3561 1059 3791 1113 homini
3810 1074 3908 1113 ve-

2251 1147 2355 1202 luti
2387 1150 2659 1219 quaedam
2688 1151 3022 1222 disciplina,
3065 1156 3121 1203 et
3160 1150 3663 1203 medicamentum
3697 1148 3773 1202 ad
3808 1164 3907 1202 ex-

2253 1236 2477 1307 pianda
2508 1245 2748 1309 peccata
2773 1240 2864 1304 iis,
2894 1256 3027 1311 quae
3058 1239 3211 1293 Deus
3267 1237 3448 1302 novit,
3511 1237 3772 1307 judiciis.
3815 1239 3912 1292 At-

2253 1341 2370 1395 que
2398 1326 2550 1382 Elias
2581 1329 2825 1399 quidem
2857 1328 2939 1382 sic
2992 1327 3099 1382 fuit
3164 1326 3447 1381 liberatus
3500 1343 3535 1381 a
3592 1327 3908 1381 daemone:

2256 1415 2408 1468 Deus
2434 1422 2633 1471 autem
2665 1434 2785 1472 non
2817 1433 3084 1489 eousque
3110 1417 3244 1471 fecit
3269 1417 3587 1470 consistere
3619 1416 3710 1469 sui
3764 1414 3914 1470 servi

2254 1503 2501 1573 gloriam
2570 1506 2736 1561 :imo
2794 1523 2931 1562 vero
2986 1522 3122 1561 cum
3183 1512 3469 1576 tanquam
3537 1506 3681 1559 tuba
3742 1504 3914 1559 valde

2253 1592 2543 1657 clamans,
2578 1594 2636 1648 in
2672 1596 2887 1651 multos
2926 1600 3080 1650 esset
3117 1594 3461 1666 dispersum
3532 1592 3911 1657 miraculum,

485 1689 819 1757 befecisset,
856 1687 1179 1741 multorum
1202 1694 1401 1741 autem
1437 1702 1622 1741 canos
1650 1686 1953 1754 superaret
2002 1697 2140 1751 pru-
2171 1704 2214 1759 Β
2252 1682 2691 1738 multitudinem
2723 1700 2951 1749 eorum,
2984 1685 3087 1754 qui
3138 1682 3493 1737 laborabant
3526 1682 3702 1736 variis
3755 1697 3913 1736 mor-

483 1778 702 1831 dentia.
728 1776 863 1831 Male
886 1784 1084 1830 autem
1105 1776 1363 1830 habebat
1393 1775 1802 1829 Eudocimum,
1833 1787 1951 1826 non
1973 1769 2138 1841 quod

482 1865 747 1920 absolute
788 1873 1131 1931 moreretur,
1178 1871 1238 1918 ut
1287 1868 1389 1936 qui
1434 1880 1538 1936 per
1587 1869 1777 1917 totam
1836 1862 2015 1914 vitam
2076 1858 2136 1912 id

481 1961 636 2010 esset
668 1954 1002 2019 meditatus,
1036 1960 1091 2008 et
1119 1970 1303 2025 quam
1331 1970 1468 2008 cum
1500 1956 1712 2021 egisset
1746 1953 1945 2017 vitam,
1978 1964 2134 2019 quaa-

479 2058 622 2099 nam
677 2059 804 2097 sors
845 2047 997 2096 esset
1035 2058 1173 2095 eum
1206 2048 1523 2095 consecuta
1557 2057 1567 2092 ;
1622 2052 1677 2094 et
1718 2040 1937 2107 alioqui
1994 2053 2132 2091 cum

481 2140 634 2187 esset
666 2131 931 2201 sapiens,
957 2146 1075 2184 non
1109 2131 1427 2197 ignorabat
1466 2131 1731 2191 omnino,
1758 2126 1953 2199 qualis
1981 2133 2133 2181 esset

475 2219 571 2274 lex
601 2220 753 2274 inter
782 2220 1117 2289 composita
1151 2235 1162 2271 :
1199 2234 1415 2289 nempe
1439 2218 1605 2289 quod
1635 2234 1772 2272 cum
1804 2218 2131 2286 accepisset

474 2307 858 2378 principium,
889 2322 1127 2360 necesse
1155 2313 1311 2361 esset
1338 2306 1516 2361 ﬁnem
1539 2321 1781 2377 quoque
1808 2304 2087 2375 consequi
2115 2321 2128 2370 ;

474 2397 872 2468 quamobrem
895 2412 1017 2451 non
1036 2412 1173 2451 eum
1198 2397 1593 2451 conturbabat
1611 2396 1876 2466 corporis
1896 2412 2134 2466 separa-

476 2488 575 2551 tio,
633 2486 741 2540 sed
770 2486 933 2557 quod
964 2501 1103 2540 cum
1135 2492 1386 2540 matrem
1427 2502 1548 2540 non
1582 2485 1825 2539 vidisset
1859 2486 2133 2539 charissi—

474 2592 660 2641 mam,
685 2577 862 2645 longe
888 2582 1039 2631 esset
1070 2577 1496 2647 peregrinatus.
1559 2574 1867 2640 Quomodo
1929 2583 2129 2630 autem

474 2671 559 2721 est
589 2672 858 2721 mortuus
888 2666 913 2720 ‘2
943 2671 1030 2719 est
1059 2665 1216 2720 enim
1260 2668 1372 2721 hoc
1427 2666 1601 2719 simul
1649 2665 2043 2736 pliilosOphiae
2076 2669 2132 2719 et

476 2754 735 2811 utilitatis
764 2755 1076 2825 particeps.
1104 2756 1444 2823 zEgrotabat
1481 2755 1718 2825 quidem
1774 2755 1857 2808 vir
1906 2754 2020 2816 ille,
2076 2760 2130 2809 et

472 2846 721 2899 morbus
746 2861 880 2898 eum
909 2846 1036 2912 jam
1062 2860 1130 2897 eo
1153 2844 1498 2907 deduxerat,
1536 2849 1599 2898 ut
1630 2844 1901 2897 ultimum
1930 2850 2131 2911 ageret

472 2935 763 3005 spiritum.
780 2934 909 3003 Ipse
928 2949 1063 2988 vero
1085 2949 1223 2987 cum
1246 2949 1385 2987 suos
1404 2934 1766 2987 accersiisset
1790 2932 2123 2995 lamiliares,

2248 1771 2359 1840 bis,
2385 1772 2620 1826 vocavit
2646 1774 2720 1827 ad
2746 1773 3110 1844 sepulcrum,
3142 1773 3507 1841 sepulcrum,
3534 1772 3803 1842 inquam,
3838 1787 3907 1825 ex

2247 1877 2368 1932 quo
2386 1860 2815 1917 admirabiliter
2834 1862 3035 1916 multis
3058 1860 3424 1915 scaturiebat
3443 1860 3559 1914 vita
3580 1868 3635 1913 et
3651 1862 3901 1914 curatio.

2318 1950 2455 2005 Vlll.
2480 1951 2558 2002 Ex
2590 1949 2679 2003 his
2709 1967 2849 2005 vero
2866 1966 2983 2005 una
3007 1950 3231 2013 mulier,
3255 1965 3384 2019 quae
3407 1949 3664 2003 habebat
3685 1947 3899 2017 ﬁlium,

2246 2042 2415 2110 cujus
2449 2046 2655 2100 solutae
2685 2048 2853 2096 erant
2882 2056 3124 2103 manus,
3159 2039 3377 2109 quique
3408 2053 3510 2093 eas
3532 2037 3898 2093 ferebatnou

2245 2146 2417 2186 secus
2446 2142 2623 2206 atque
2648 2133 2799 2202 lapis
2824 2147 2890 2185 ac
2921 2136 3132 2195 statua,
3158 2144 3296 2182 cum
3324 2129 3599 2182 ardenter
3615 2128 3900 2181 accessis-

2242 2227 2329 2274 set
2369 2221 2441 2275 ad
2474 2222 2831 2293 sepulcrum,
2856 2235 2976 2273 non
3016 2218 3197 2286 longa
3242 2233 3391 2288 opus
3441 2217 3652 2271 habuit
3709 2232 3899 2282 mora,

2243 2323 2362 2362 non
2406 2312 2673 2381 negotiis,
2702 2324 2823 2363 non
2855 2307 3068 2361 diebus
3098 2322 3110 2357 :
3135 2308 3237 2360 sed
3267 2322 3403 2359 cum
3426 2305 3689 2376 primum
3717 2306 3899 2370 venit,

2243 2398 2293 2451 ci
2325 2413 2496 2467 opem
2534 2400 2660 2454 tulit
2690 2398 2765 2453 ad
2794 2395 3227 2450 liberanduma
3248 2395 3460 2449 morbo
3485 2393 3903 2459 filium,oleum

2244 2493 2549 2556 sumptum
2583 2502 2654 2541 ex
2680 2488 2923 2540 lucerna
2954 2484 3103 2537 beati
3133 2482 3389 2553 sepulcri
3434 2497 3593 2552 :quo
3623 2498 3758 2536 cum
3800 2481 3905 2537 illa

2246 2575 2343 2629 filii
2374 2592 2620 2631 manum
2655 2576 2940 2641 unxisset,
2974 2574 3121 2628 vidit
3152 2576 3347 2627 statim
3362 2589 3500 2626 eum
3542 2578 3731 2626 totum
3760 2571 3906 2627 illae-

2245 2682 2401 2732 sum,
2446 2673 2500 2721 et
2552 2673 2809 2721 utentem
2860 2663 3137 2717 manibus
3195 2660 3370 2715 simul
3412 2660 3613 2715 liberis
3664 2670 3717 2716 et
3791 2677 3903 2715 suo

2243 2754 2627 2823 fungentibus
2653 2752 2873 2809 ofﬁcio.
2904 2753 3065 2806 Alius
3098 2756 3294 2805 autem
3325 2765 3472 2821 puer
3515 2751 3726 2804 eodem
3769 2750 3901 2820 qui-

2239 2842 2375 2897 dem
2404 2845 2585 2899 modo
2624 2842 2893 2906 affectus,
2924 2842 2987 2896 in
3044 2843 3156 2895 hoc
3216 2856 3356 2894 vero
3410 2840 3534 2894 solo
3590 2838 3892 2904 diﬁerens,

2238 2934 2398 3002 quod
2432 2934 2611 3004 priori
2634 2933 2875 3004 quidem
2910 2946 3146 2993 manus,
3178 2928 3229 2982 ei
3259 2935 3458 2983 autem
3486 2929 3668 2999 pedes
3725 2933 3895 2982 erant

471 3023 735 3094 primum
761 3022 1008 3092 quidem
1039 3022 1349 3090 diligenter
1394 3025 1720 3085 mandaVit,
1755 3028 1811 3075 et
1834 3038 1933 3075 eos
1968 3022 2124 3091 jure-
2159 3033 2200 3088 ί]
2238 3022 2574 3076 immobiles
2604 3038 2615 3076 :
2645 3022 2696 3075 is
2749 3035 2890 3088 ergo
2935 3019 3112 3073 simili
3163 3018 3281 3071 fide
3331 3017 3586 3085 oblatus,
3634 3016 3890 3070 similem

468 3111 730 3181 jurando
761 3110 977 3178 adegit,
1014 3116 1075 3163 ut
1105 3126 1239 3163 eum
1274 3110 1633 3164 mandarent
1688 3112 1978 3180 sepulcro,
2042 3111 2124 3165 sic

473 3199 1305 3269 Indutum,etnequaquamin
1330 3198 1529 3269 ipsum
1565 3198 1965 3265 observarent,
1990 3216 2123 3270 quae

476 3290 664 3343 solent
701 3288 760 3341 in
806 3289 1077 3342 mortuis.
1134 3288 1353 3342 Deinde
1406 3304 1544 3342 cum
1602 3303 1811 3342 omnes
1855 3288 2125 3358 jussisset

475 3383 641 3432 extra
664 3376 815 3432 fores
846 3376 1067 3445 egredi,
1093 3376 1220 3446 ipse
1255 3376 1450 3431 solum
1473 3378 1739 3431 inclusus
1766 3377 1868 3431 dat
1900 3393 1960 3431 se
1997 3393 2126 3432 ora-

480 3467 639 3520 tioni.
672 3468 869 3521 Oratio
900 3472 1096 3521 autem
1130 3472 1255 3521 erat
1286 3466 1516 3532 (audita
1563 3468 1714 3520 enim
1745 3468 1853 3520 fuit
1900 3482 1936 3521 a
1983 3483 2126 3536 quo-

476 3556 639 3620 dam,
692 3556 795 3628 qui
844 3571 1031 3628 prope
1100 3556 1254 3610 fores
1304 3556 1701 3625 auscultabat)
1762 3563 1823 3610 ut
1875 3557 2003 3626 ejus
2049 3558 2125 3611 ad

475 3644 664 3700 Deum
698 3661 976 3700 excessus
1008 3648 1163 3699 esset
1213 3644 1528 3709 obscurus,
1562 3650 1618 3699 et
1644 3646 1788 3699 nulli
1829 3647 2124 3714 cognitus,

475 3735 777 3804 quomodo
799 3734 979 3789 etiam
1011 3740 1130 3789 tota
1160 3734 1277 3789 fere
1308 3734 1436 3805 ejus
1468 3738 1585 3789 vita
1612 3735 1753 3788 nulli
1783 3736 1973 3789 evasit
2001 3751 2130 3789 ma-

476 3823 706 3878 nifesta.
739 3823 886 3878 Cum
918 3839 1054 3878 vero
1084 3823 1200 3879 alia
1237 3840 1473 3895 quoque
1505 3823 1820 3893 adjecisset
1849 3825 2123 3889 orationi,

476 3918 530 3967 et
555 3914 769 3983 egisset
799 3913 1037 3981 gratias,
1061 3917 1119 3967 et
1140 3920 1440 3983 postremo
1468 3914 1716 3967 dixisset
1744 3932 1756 3968 :
1791 3915 1864 3967 In
1912 3930 2123 3969 manus

478 4008 608 4056 tuas
634 4004 972 4057 commendo
999 4002 1269 4071 spiritum
1324 4018 1507 4057 meum
1536 4004 1603 4067 ¹⁰,
1666 4019 1800 4057 vere
1856 4012 2122 4058 sanctam

476 4090 1249 4155 emisitanimam.Quidaiu
1270 4099 1468 4145 autem
1499 4091 1653 4145 exiis
1671 4093 1773 4162 qui
1806 4092 2123 4163 sepulturae

477 4179 606 4248 ejus
628 4179 1045 4242 inserviebant,
1079 4182 1272 4247 magis
1295 4181 1528 4249 rustice,
1578 4196 1762 4251 quam
1792 4181 1904 4252 pie,
1930 4183 1988 4235 in
2012 4183 2123 4236 hoc

480 4268 762 4323 mandato
784 4271 1159 4340 exsequendo
1181 4269 1392 4333 atfecti,
1419 4285 1537 4324 non
1567 4271 1760 4324 solum
1788 4287 1925 4325 cum
1956 4274 2125 4326 vesti-

2235 3127 2476 3182 quoque
2517 3117 2870 3165 consecutus
2904 3109 3009 3163 fuit
3046 3108 3437 3163 curationem.
3494 3109 3642 3161 Nam
3674 3122 3812 3161 cum
3836 3106 3888 3160 is

2233 3215 2471 3269 quoque
2515 3206 2725 3254 unctus
2764 3204 2920 3253 esset
2982 3199 3044 3252 in
3088 3196 3343 3267 pedibus
3409 3195 3539 3250 oleo
3603 3194 3883 3259 lucernas,

2235 3289 2505 3360 protinus
2544 3289 2775 3356 exsiliit,
2810 3294 2863 3342 et
2901 3287 3007 3341 fuit
3054 3303 3238 3341 causa
3276 3301 3506 3355 magnae
3560 3287 3888 3352 gratiarum

2235 3376 2504 3442 actionis,
2588 3393 2720 3448 qua:
2800 3376 3159 3431 offerebatur
3247 3375 3363 3445 ipsi
3446 3379 3673 3439 sancto,
3783 3373 3891 3443 qui

2237 3473 2567 3530 curaverat,
2600 3473 2654 3521 et
2687 3470 2824 3531 Deo,
2888 3466 2990 3535 qui
3042 3463 3382 3535 praebuerat
3411 3467 3668 3533 gratiam
3719 3478 3890 3517 cura-

2239 3554 2491 3609 tionum.

2310 3645 2402 3699 IX.
2466 3644 2687 3698 Rursus
2739 3649 2939 3699 autem
2994 3640 3206 3697 mulier
3255 3645 3465 3696 vexata
3509 3656 3545 3695 a
3587 3641 3884 3710 daemone,

2238 3734 2487 3789 liberata
2519 3742 2656 3788 esta
2683 3732 2947 3803 maligno
2978 3731 3188 3803 spiritu
3245 3746 3382 3785 eam
3434 3738 3703 3794 vexante,
3744 3744 3885 3784 cum

2237 3824 2430 3879 solum
2458 3825 2796 3879 accessisset
2826 3822 2903 3877 ad
2940 3821 3300 3892 sepulcrum,
3333 3827 3389 3875 et
3454 3820 3694 3891 pulchre
3732 3819 3884 3874 didi-

2234 3915 2433 3977 cisset,
2492 3911 3011 3985 quemadmodum
3049 3911 3151 3965 lux
3179 3913 3554 3981 persequitur
3585 3909 3883 3979 tenebras,

2234 4011 2287 4057 et
2318 4019 2502 4073 quam
2530 4001 2602 4057 sit
2634 4000 2924 4069 terribilis,
2952 4001 3145 4055 bonus
3176 4004 3233 4054 et
3253 4007 3457 4069 gratus
3487 4014 3693 4053 servus
3720 3997 3882 4053 malo

2234 4108 2399 4145 servo
2426 4096 2483 4145 ct
2512 4089 2770 4159 fugitivo,
2801 4096 3179 4161 proptereain
3213 4104 3347 4159 quae
3378 4089 3429 4143 ei
3456 4104 3594 4142 cum
3627 4087 3881 4142 Domino

2233 4180 2557 4245 intercedit,
2588 4180 3073 4250 conjunctionem
3101 4183 3157 4232 et
3183 4177 3665 4232 familiaritatem.
3700 4176 3879 4231 Porro

2233 4278 2434 4325 autem
2457 4270 2555 4323 alii
2581 4284 2821 4340 quoque
2845 4267 3095 4331 mulieri,
3120 4282 3255 4337 quas
3278 4267 3445 4335 gravi
3476 4267 3687 4321 morbo
3718 4265 3885 4320 labo-

478 4357 693 4411 mentis
724 4364 777 4411 et
803 4358 1034 4420 calceis,
1094 4358 1315 4428 quibus
1343 4358 1752 4422 eratiiidutus,
1786 4362 1889 4414 sed
1942 4372 2121 4415 etiam
2156 4383 2201 4438 Ι)
2239 4360 2427 4424 rabai,
2459 4360 2565 4412 fuit
2605 4358 2889 4413 mirabilis
2919 4356 3148 4411 curatio
3191 4356 3405 4410 solutio
3446 4355 3697 4427 sepulcri
3756 4357 3886 4426 pul-

478 4461 613 4500 cum
641 4447 934 4515 stragulis,
964 4449 1017 4501 in
1077 4447 1293 4517 quibus
1317 4448 1571 4519 jacebat,
1606 4446 1663 4501 in
1706 4449 1901 4517 lignea
1941 4466 2124 4519 capsa

476 4536 558 4589 sic
615 4535 977 4606 impositum,
1030 4537 1193 4590 humi
1256 4538 1524 4591 condunt
1581 4555 1739 4601 eum,
1809 4540 1910 4610 qui
1978 4538 2123 4593 nihil

471 4624 732 4679 habebat
752 4623 1001 4692 dignum
1032 4627 1305 4690 tenebris,
1332 4626 1491 4681 nube
1514 4629 1758 4681 omnino
1785 4628 1993 4697 solem,
2022 4635 2124 4685 aut

468 4714 702 4783 lignum
734 4716 957 4778 modio,
991 4721 1093 4769 aut
1122 4717 1338 4785 potius,
1372 4716 1417 4769 si
1446 4716 1653 4784 mavis,
1684 4717 1744 4770 in
1775 4717 1920 4771 cella
1944 4735 2122 4789 pena-

467 4804 557 4858 ria
587 4804 1079 4874 pretiosiSsiinum
1108 4804 1478 4869 thesaurum,
1541 4813 1595 4859 et
1633 4809 1730 4877 qui
1781 4823 1900 4862 non
1926 4814 2121 4879 potest

465 4894 763 4948 consumi.
797 4893 907 4948 Sed
930 4894 1023 4948 ille
1051 4895 1133 4948 sic
1162 4895 1407 4965 quidem
1451 4895 1554 4949 fuit
1583 4896 1857 4950 conditus
1918 4914 1929 4950 :
1968 4898 2117 4953 Deus

464 4991 661 5037 autem
680 4999 797 5037 non
816 4992 1276 5052 passus-esteum
1292 4987 1491 5052 latere,
1509 4985 1610 5038 sed
1625 5001 1763 5038 eum
1779 4988 1969 5040 reddit
1991 5004 2117 5041 ma-

462 5072 742 5127 nifestum
770 5088 949 5127 causa
967 5072 1282 5127 multorum
1315 5073 1593 5128 utilitatis.
1620 5076 1710 5130 Sic
1742 5082 1935 5129 autem
1954 5076 2113 5134 facit.

536 5162 645 5215 Vll.
679 5162 776 5216 Vir
804 5162 1051 5232 quidam
1075 5178 1109 5216 a
1128 5162 1337 5233 spiritu
1371 5164 1694 5217 vexabatur
1721 5164 2109 5231 daemoniaco,

462 5251 609 5305 Elias
642 5254 904 5321 nomine,
937 5268 1075 5306 cum
1120 5258 1257 5323 post
1296 5262 1548 5307 mortem
1578 5258 1760 5307 sancti
1793 5270 1913 5307 non
1946 5256 2111 5309 multi

459 5338 585 5394 dies
608 5342 1045 5412 praeteriissent.
1077 5343 1334 5415 Repente
1364 5342 1593 5399 accedit
1638 5343 1717 5399 ad
1748 5344 2108 5415 sepulcrum,

490 5546 495 5557 ·
533 5520 761 5577 ιο-Ρδιιι.
797 5538 934 5591 xxx,
981 5529 1032 5580 6.
1069 5528 1109 5562 ιι
1136 5527 1284 5584 Psal.
1318 5544 1477 5595 cxxv,
1678 5514 1770 5577 ’Ὗ

2238 4448 2322 4500 vis
2382 4450 2661 4518 sumptus
2718 4462 2853 4499 cum
2914 4444 3051 4508 fide,
3110 4444 3325 4498 deinde
3382 4460 3543 4515 aqua
3598 4458 3887 4513 consper-

2233 4552 2357 4602 sus,
2391 4540 2583 4590 autut
2620 4534 2830 4588 melius
2868 4534 3085 4597 dicam,
3136 4534 3264 4602 ejus
3317 4533 3619 4605 lacrymis,
3667 4539 3724 4588 et
3773 4534 3882 4587 im-

2234 4628 2464 4696 positus
2496 4626 2645 4696 parti
2700 4623 2985 4694 corporis,
3030 4638 3164 4694 quae
3202 4622 3357 4677 male
3380 4639 3437 4676 se
3488 4621 3762 4677 habebat.
3819 4625 3882 4677 Et

2229 4715 2365 4769 ideo
2426 4730 2562 4768 cum
2608 4714 2964 4767 seminasset
3018 4713 3077 4766 in
3144 4711 3425 4782 lacrymis
3485 4711 3762 4766 ferventis
3820 4712 3879 4766 in

2230 4804 2415 4858 Deum
2463 4802 2623 4867 ﬁdei,
2671 4803 2921 4857 messuit
2947 4802 3409 4857 exsultationem
3448 4801 3764 4857 curationis
3804 4802 3876 4855 ¹¹.

2226 4896 2350 4949 Non
2383 4894 2589 4964 paucis
2618 4908 2860 4963 quoque
2889 4892 3021 4947 aliis
3063 4893 3216 4946 male
3264 4890 3505 4961 atfectis,
3542 4893 3645 4961 qui
3700 4890 3879 4959 longe

2226 4985 2490 5046 aberant,
2519 4983 2635 5036 fide
2675 4988 2876 5037 autem
2908 4997 3029 5036 non
3081 4986 3249 5036 erant
3301 4982 3495 5050 longe,
3542 4981 3635 5035 hic
3693 4982 3879 5046 pulvis

2224 5073 2301 5127 ad
2332 5089 2432 5126 eos
2464 5072 2698 5137 allatus,
2740 5072 2904 5125 visus
2933 5077 3021 5126 est
3076 5078 3286 5142 aptum
3360 5071 3419 5124 in
3442 5071 3607 5125 omni
3663 5070 3878 5126 morbo

2225 5162 2749 5226 medicamentum,
2777 5168 2833 5215 et
2857 5162 3022 5231 quod
3048 5160 3246 5214 multis
3266 5174 3510 5232 quoque
3532 5161 3662 5214 aliis
3683 5161 3880 5215 modis

2224 5259 2349 5306 erat
2395 5252 2923 5322 jucundissimum.
2956 5249 3099 5303 Nam
3132 5266 3269 5303 cum
3300 5266 3391 5315 eo,
3435 5250 3600 5319 quod
3632 5252 3883 5305 curabat

2225 5340 2571 5408 certissime,
2629 5340 2887 5397 habebat
2939 5339 3117 5395 etiam
3178 5339 3557 5406 celeritatem,
3623 5345 3679 5396 et
3744 5356 3885 5397 cum
