4034 6206
172 294 259 354 493
1504 301 1668 359 VITA
1708 298 1769 354 S.
1810 290 2182 358 EUDOCIMI.

3452 302 3557 361 494

170 424 453 487 celeritate,
486 421 764 477 molestias
816 420 1193 494 vacuitatem,
1225 430 1281 481 et
1318 444 1455 483 cum
1498 426 1797 483 molestiae
1830 425 1877 477 Α
1908 422 2795 497 rationem,ipsorum,inquam,
2817 425 3218 496 malignorum
3235 428 3554 500 spirituum

171 511 622 584 vacuitate,quod
643 510 805 566 nulla
824 518 948 566 erat
967 515 1216 568 omnino
1243 516 1534 571 solvenda
1551 532 1794 589 merces,

168 609 214 656 et
248 602 384 655 nihil
424 602 658 672 penitus
702 601 907 656 damni
952 603 1377 673 accipiebatur.
1433 605 1671 661 Deficiet
1702 620 1796 659 me

167 697 381 761 tempus
414 695 469 744 et
510 689 721 753 oratio,
769 690 1134 762 defectteque
1181 700 1353 749 erunt
1398 710 1614 749 manus
1662 693 1797 748 scri-

166 779 361 850 ptionis
425 779 587 850 Operi
656 778 1000 849 servientes,
1068 780 1115 834 si
1174 781 1531 837 voluerimus
1590 781 1797 837 omnia

166 866 669 939 comprehendere,
743 883 880 938 quas
949 875 1005 924 et
1085 870 1249 939 prius
1331 870 1445 939 ille,
1522 871 1623 925 ubi
1691 871 1795 925 fuit

164 957 427 1027 sepultus,
456 963 510 1011 et
541 972 701 1012 nunc
728 957 845 1012 huc
866 973 1108 1029 quoque
1142 960 1487 1030 translatus,
1520 960 1661 1016 facit
1690 959 1796 1014 mi-

165 1045 367 1100 racula.

222 1136 276 1188 Χ.
300 1135 594 1199 Quoniam
619 1138 819 1189 autem
850 1136 1257 1192 translationis
1288 1137 1557 1193 meminit
1585 1136 1793 1200 oratio,

162 1223 225 1279 de
272 1238 340 1279 ea
392 1239 633 1295 quoque
692 1224 1071 1280 tractandum
1120 1232 1225 1290 est,
1278 1225 1797 1298 quemadmodum

162 1311 302 1367 facta
325 1312 396 1366 sit
424 1318 481 1367 et
508 1327 791 1383 quaenam
842 1314 1014 1368 fuerit
1044 1330 1248 1383 causa,
1280 1315 1447 1386 quod
1484 1313 1639 1369 illius
1672 1329 1797 1368 cor-

161 1414 259 1470 pus
273 1399 564 1470 sepultum
582 1399 639 1453 in
659 1398 879 1453 ﬁnibus
895 1400 1309 1469 Charsiani,sit
1327 1403 1385 1456 in
1400 1402 1555 1457 hanc
1573 1402 1798 1471 regiam

164 1488 495 1543 translatum
548 1489 868 1543 civitatem.
914 1492 1126 1559 Magna
1160 1497 1217 1546 et
1252 1492 1416 1547 velox
1456 1491 1587 1561 ejus
1620 1490 1800 1545 mira-

162 1576 411 1632 culorum
472 1578 638 1632 fama
701 1578 761 1632 in
815 1594 1029 1634 omnes
1070 1587 1269 1651 partes
1318 1580 1704 1652 pervadebat,
1747 1583 1804 1633 et

162 1666 427 1736 implebat
454 1683 634 1721 aures
660 1666 933 1722 omnium
965 1685 977 1722 :
1005 1675 1058 1724 et
1089 1675 1303 1725 natura
1327 1670 1572 1741 quidem
1595 1672 1678 1723 sic
1696 1668 1803 1722 ha-

1910 513 2379 587 morborumque
2419 520 2474 573 et
2503 514 2908 585 affectionum,
2938 522 3000 570 ut
3056 517 3157 586 qui
3206 518 3452 587 perinde
3484 535 3556 575 ac

1909 601 1955 654 si
2006 601 2351 657 horribilem
2407 611 2709 673 terrorem,
2740 601 2795 659 e't
2847 604 3129 659 accedere
3154 620 3273 659 non
3320 609 3557 677 permit-

1908 694 2147 755 tentem,
2181 692 2531 748 eisincutiat
2562 693 2923 764 sepulcrum,
2985 708 3105 747 non
3166 694 3391 763 possint
3431 712 3560 767 per-

1907 794 2149 833 manere
2184 799 2195 838 :
2231 780 2322 835 vel
2381 784 2579 852 potius
2619 787 2681 838 ut
2719 782 2919 837 hostes
2945 781 3195 854 quidam
3228 788 3283 837 et
3311 783 3557 851 inimici,

1905 866 2009 937 qui
2060 867 2225 923 fortis
2281 870 2659 942 imperatoris
2714 887 2788 926 ne
2834 870 3067 942 possint
3118 870 3364 943 quidem
3408 870 3561 929 ferre

1905 964 2317 1027 conspectum,
2343 960 2445 1014 sed
2477 975 2579 1015 eos
2612 976 2767 1032 quos
2811 965 3114 1032 ceperunt,
3145 962 3343 1015 statim
3371 961 3564 1017 dimit-

1908 1051 2049 1109 tant,
2075 1050 2132 1101 et
2160 1047 2220 1101 in
2250 1047 2458 1116 fugam
2480 1065 2540 1103 se
2564 1049 2919 1120 conjiciant;
2946 1050 3071 1104 hazc
3098 1065 3238 1104 cum
3266 1049 3361 1104 illa
3386 1050 3563 1105 vidis-

1908 1139 2013 1201 set,
2099 1140 2157 1190 et
2212 1137 2485 1207 sepulcro
2561 1137 2768 1193 fuisset
2836 1137 3220 1201 circumfusa,
3294 1139 3561 1209 jucunde

1908 1227 1967 1277 et
1992 1238 2209 1279 canore
2235 1224 2513 1291 deﬂebat,
2547 1226 2757 1297 partim
2813 1226 3059 1298 quidem
3111 1226 3302 1283 ﬁlium
3350 1228 3561 1300 lugens

1911 1318 1973 1367 ut
1999 1318 2322 1377 mortuum,
2356 1314 2572 1385 partim
2605 1321 2801 1370 autem
2845 1320 2905 1371 ut
2930 1332 2999 1371 ex
3061 1320 3179 1371 Deo
3235 1317 3557 1384 viventem,

1911 1407 1968 1455 et
1999 1402 2173 1456 tantis
2203 1402 2515 1471 dignatum
2558 1403 2858 1459 miraculis
2884 1404 3209 1475 admirans,
3239 1410 3295 1461 et
3339 1412 3400 1461 ut
3430 1424 3562 1478 quas

1911 1490 2045 1560 ipsa
2070 1505 2311 1561 quoque
2333 1492 2525 1560 gratia
2551 1497 2607 1547 et
2625 1492 2812 1561 gloria
2835 1493 3207 1557 frueretur,et
3228 1509 3299 1549 eo
3318 1496 3562 1551 nomine

1914 1578 2277 1647 gloriaretur.

1988 1667 2094 1721 ΧΗ.
2130 1668 2250 1732 Fili,
2280 1685 2419 1724 voce
2467 1669 2698 1726 dicebat
2762 1670 2988 1736 altiore,
3044 1671 3149 1736 ﬁli,
3204 1672 3306 1727 lux
3344 1678 3564 1730 aeterna

161 1754 337 1821 bebat,
376 1772 539 1810 nunc
571 1762 770 1810 autem
806 1757 1062 1812 velocior
1093 1774 1335 1830 quoque
1366 1759 1522 1813 facta
1553 1764 1643 1813 est
1672 1772 1804 1828 pro—
1834 1778 1877 1832 Β
1914 1772 2186 1812 meorum
2212 1758 3564 1833 oculoruin,ﬁli,arcanumquoddaminineffa-

163 1850 272 1914 pter
293 1844 373 1899 rei
404 1846 753 1899 novitatem.
787 1845 892 1901 Ubi
924 1847 1083 1901 enim
1117 1850 1441 1919 speraverit
1475 1848 1798 1919 quispiam,

163 1932 441 1987 hominem
494 1934 560 1988 in
603 1934 827 1989 mundo
871 1936 1185 2000 viventem,
1217 1944 1273 1991 et
1299 1938 1400 2008 qui
1440 1936 1643 2007 populi
1678 1952 1805 1989 sus—

164 2029 375 2093 ceperat
425 2023 1041 2089 administrationem,
1086 2030 1141 2079 et
1194 2025 1297 2097 qui
1348 2025 1594 2095 singulis
1642 2025 1804 2080 horis

167 2112 320 2166 tantis
350 2112 691 2183 agitabatur
714 2111 1017 2177 ﬂuctibus,
1051 2131 1229 2186 posse
1261 2132 1366 2186 per
1392 2131 1453 2170 se
1479 2115 1801 2187 quiescere,

166 2206 212 2254 et
261 2201 595 2256 interiorem
655 2201 965 2257 hominem
1023 2204 1242 2258 habere
1302 2203 1465 2259 nulla
1531 2209 1805 2258 vexatum

164 2289 788 2361 molestia,illa:sosque
809 2296 867 2345 et
888 2293 1242 2347 manifestos
1272 2293 1333 2347 in
1366 2309 1427 2347 se
1449 2307 1805 2347 conservare

166 2388 318 2451 typos
374 2382 473 2435 Dei
520 2381 843 2451 memoriae,
879 2387 935 2435 et
974 2382 1103 2453 ejus
1146 2388 1308 2438 metu
1358 2398 1458 2437 cor
1506 2382 1805 2437 custodire

165 2469 434 2525 mundum
482 2469 566 2525 ab
611 2471 891 2525 omnibus
953 2470 1232 2526 sordibus
1264 2470 1291 2525 ‘l
1338 2474 1484 2526 Nam
1527 2472 1802 2543 pietatem

164 2558 380 2629 quidem
411 2575 709 2623 exercere,
732 2567 787 2613 et
820 2560 1097 2631 amplecti
1124 2562 1524 2625 honestatem,
1551 2560 1806 2615 virtutis-

164 2662 261 2716 que
289 2648 718 2720 aliquantisper
762 2655 818 2702 et
854 2648 948 2703 Dei
982 2650 1329 2705 meminisse
1357 2650 1802 2716 mandatorum,

165 2737 212 2789 in
262 2739 457 2792 multis
496 2737 752 2793 fortasse
811 2738 1076 2793 invenies
1120 2755 1190 2794 ex
1245 2740 1316 2795 iis
1349 2740 1551 2804 etiam,
1604 2740 1706 2811 qui
1746 2741 1804 2793 in

168 2826 369 2881 mundo
400 2829 635 2881 vivunt.
669 2828 799 2881 Non
831 2828 991 2882 enim
1024 2844 1125 2883 eos
1165 2829 1411 2883 omnino
1448 2829 1659 2883 virtute
1690 2845 1805 2883 nu-

165 2914 437 2980 dabimus,
472 2922 529 2971 et
575 2923 863 2987 tanquam
905 2917 1212 2989 propriam
1246 2919 1691 2991 possessionem
1724 2918 1807 2972 eis

166 3002 285 3057 solis
335 3006 691 3071 tribuemus,
740 3006 840 3076 qui
875 3012 1013 3060 sunt
1046 3021 1080 3060 a
1118 3008 1344 3061 mundo
1380 3008 1656 3078 separati.
1695 3006 1807 3061 Sed

1915 1846 2025 1900 bile
2054 1846 2283 1902 bonum
2314 1850 2659 1919 parentibus
2689 1865 2701 1903 :
2738 1850 3044 1905 undenam
3077 1850 3177 1906 tibi
3240 1852 3367 1907 haec
3400 1852 3563 1908 clara

1916 1943 1972 1990 et
2002 1951 2224 2005 magna
2249 1936 2349 1992 lux
2375 1938 3101 1995 curationum?Undenam
3132 1942 3376 2012 c0piosa
3400 1941 3567 1997 fluxit

1917 2024 2109 2094 gratia
2132 2024 2378 2094 Spiritus
2396 2024 2422 2078 i’
2451 2030 2539 2080 An
2580 2036 2719 2081 sunt
2744 2028 2871 2081 haec
2897 2028 3144 2084 omnino
3170 2030 3284 2099 pias
3314 2030 3446 2084 vitae
3478 2046 3565 2085 re-

1916 2115 2272 2178 muneratio,
2320 2122 2377 2169 et
2428 2115 2797 2170 occultorum
2864 2116 3137 2171 laborum
3166 2117 3193 2173 ‘I
3227 2120 3314 2173 An
3370 2119 3566 2189 potius

1916 2217 2038 2257 non
2070 2202 2263 2257 solum
2294 2205 2717 2265 remuneratio,
2747 2205 2851 2259 sed
2908 2207 3087 2262 arrha
3117 2212 3171 2261 et
3210 2207 3570 2279 prooemium

1916 2291 2238 2355 bonorum,
2266 2309 2401 2364 quae
2443 2299 2496 2349 te
2520 2300 2653 2365 post
2682 2294 2808 2349 hmo
2832 2302 3079 2351 manent
3099 2296 3126 2349 ‘2
3158 2298 3303 2352 Sum
3337 2312 3449 2366 ego
3480 2313 3574 2352 re-

1918 2395 2057 2435 vera
2078 2382 2253 2436 beata
2284 2383 2433 2437 inter
2488 2389 2728 2447 matres,
2778 2399 2913 2454 quas
2967 2384 3148 2455 digna
3180 2401 3313 2440 sum
3346 2386 3573 2453 habita,

1916 2484 2051 2538 quae
2077 2484 2273 2524 essem
2298 2476 2353 2525 et
2384 2486 2626 2525 vocarer
2653 2476 2844 2525 mater
2900 2471 3031 2527 talis
3094 2472 3216 2528 ﬁlii.
3283 2477 3409 2530 Non
3469 2474 3574 2529 tibi

1917 2557 2176 2627 amplius
2207 2564 2455 2613 contexo
2484 2558 2941 2615 lamentationes
2965 2567 3265 2616 maternas
3285 2566 3572 2633 tanquam

1916 2646 2056 2710 ﬁlio,
2091 2647 2193 2700 sed
2221 2650 2512 2718 tanquam
2540 2649 2637 2702 Dei
2660 2648 2855 2703 amico
2888 2649 3144 2719 hymnos
3165 2666 3312 2705 cano
3342 2652 3574 2721 spirita-

1915 2734 2020 2789 les.
2054 2734 2182 2789 Non
2210 2736 2468 2805 amplius
2494 2741 2549 2791 te
2572 2753 2719 2792 voco
2750 2736 2960 2802 ﬁlium,
2991 2743 3047 2793 et
3065 2738 3319 2793 fructum
3351 2740 3573 2794 ventris

1917 2823 2054 2887 mei,
2087 2825 2185 2877 sed
2208 2822 2392 2877 ﬁlium
2424 2826 2521 2878 Dei
2563 2840 2667 2895 per
2699 2826 2974 2895 gratiam,
3009 2841 3131 2881 non
3162 2842 3234 2881 ex
3261 2827 3569 2898 sanguini-

1917 2912 2052 2976 bus,
2085 2928 2192 2967 nec
2224 2928 2294 2966 ex
2326 2912 2626 2969 voluntate
2675 2914 2889 2979 carnis,
2946 2914 3052 2969 sed
3105 2931 3309 2971 revera
3361 2922 3571 2971 natum

1919 3019 1989 3057 ex
2024 3004 2140 3057 Deo
2168 3005 2233 3057 ¹².
2266 3005 2449 3068 Quem
2500 3021 2636 3059 cum
2694 3005 2825 3077 ipsa
2871 3007 3180 3075 genuerim
3235 3006 3567 3072 carnaliter,

167 3091 231 3146 ad
258 3098 477 3149 tantam
512 3094 975 3166 impatibilitatis
1003 3100 1058 3150 et
1100 3096 1334 3150 virtutis
1371 3112 1502 3150 esse
1537 3102 1809 3150 evectum
1844 3086 1884 3142 C
1921 3093 1998 3148 ab
2029 3092 2159 3163 ipso
2187 3109 2390 3148 rursus
2424 3094 2686 3149 vicissim
2741 3110 2991 3164 generor
3047 3096 3404 3167 spiritaliter.
3455 3098 3571 3152 Nec

168 3180 541 3249 altitudinem,
566 3188 630 3237 ut
655 3192 1058 3254 consequatur
1086 3185 1221 3255 quis
1249 3185 1503 3254 gratiam
1534 3191 1589 3240 et
1612 3185 1813 3256 splen-

167 3268 350 3325 dorem
382 3271 830 3338 miraculorum,
867 3273 927 3326 id
964 3288 1170 3328 eorum
1206 3273 1399 3328 solum
1437 3274 1676 3340 dixeris,
1709 3272 1810 3345 qui

168 3360 371 3415 mundo
412 3367 469 3415 et
514 3360 841 3416 mundanis
902 3362 1186 3416 omnibus
1245 3367 1501 3417 multam
1560 3362 1812 3417 salutem

168 3447 437 3514 dixerunt,
462 3456 523 3504 et
571 3450 923 3505 solitudines
978 3453 1168 3520 magis
1203 3467 1389 3523 quam
1440 3453 1725 3515 civitates,
1760 3466 1815 3522 et

168 3535 398 3603 deserta,
426 3546 481 3593 et
513 3539 693 3609 longe
725 3556 853 3594 esse
898 3547 1195 3595 remotum
1228 3542 1305 3595 ab
1344 3541 1553 3596 amicis
1580 3548 1815 3613 propter

174 3625 449 3683 Christum
480 3634 626 3683 sunt
659 3628 944 3699 amplexi,
978 3645 1306 3701 eorumque
1338 3646 1707 3701 paucorum:
1739 3630 1815 3684 si-

170 3716 387 3785 quidem
419 3733 758 3789 paucorum
784 3721 1065 3773 novimus
1097 3735 1231 3774 eam
1253 3737 1389 3792 quae
1432 3728 1523 3775 est
1548 3736 1656 3792 pro
1684 3721 1814 3775 viri-

172 3803 287 3869 bus,
320 3807 773 3877 perfectionem.

230 3895 307 3947 XI.
327 3898 468 3951 Cum
490 3896 580 3949 sic
596 3912 738 3964 ergo
753 3896 914 3952 fama
939 3897 1067 3967 ejus
1092 3898 1303 3953 mortis
1319 3898 1813 3954 etmiraculorum

171 3988 305 4036 esset
330 3984 626 4057 dispersa,
664 3986 792 4055 ejus
833 3992 1110 4057 parentes
1149 3988 1261 4058 (eis
1294 3990 1452 4042 enim
1499 3989 1695 4043 adhuc
1729 3990 1814 4043 vi-

171 4072 416 4129 ventibus
446 4081 538 4131 est
568 4078 858 4145 mortuus)
890 4081 946 4131 et
977 4076 1237 4131 maxime
1273 4082 1482 4141 mater,
1512 4094 1644 4149 quas
1687 4095 1815 4134 ma-

172 4159 313 4215 ximo
341 4170 393 4216 et
424 4164 886 4233 germanissimo
926 4182 1150 4231 amore,
1186 4174 1247 4220 ut
1290 4167 1443 4221 ﬁlios
1474 4167 1668 4222 solent
1688 4185 1815 4223 ma-

175 4252 437 4315 tres,eum
455 4253 951 4324 prosequebatur,
971 4272 1261 4325 magnum
1287 4257 1486 4326 ignem
1511 4257 1815 4313 habebant

174 4336 223 4391 in
248 4343 588 4406 visceribus,
618 4343 791 4397 simul
819 4344 1064 4415 quidem
1091 4352 1146 4399 et
1165 4352 1224 4400 ut
1255 4346 1444 4400 ﬁlium
1474 4345 1813 4401 desideran-

1921 3184 2208 3237 erubesco
2240 3199 2377 3237 eum
2410 3189 2911 3255 vocare‘patrem,
2954 3186 3128 3256 cujus
3181 3201 3355 3241 verus
3408 3193 3573 3257 pater

1920 3276 2007 3326 est
2032 3271 2125 3326 ille
2156 3272 2413 3327 caelestis
2442 3292 2454 3330 :
2499 3275 2739 3343 cognati
2771 3280 2991 3339 autem,
3026 3274 3219 3345 angeli
3251 3281 3305 3330 et
3335 3282 3575 3331 sancto-

1920 3377 2053 3415 rum
2082 3363 2352 3416 omuium
2384 3363 2566 3431 chori,
2605 3367 2898 3418 bonorum
2927 3380 3168 3434 operum
3203 3366 3576 3420 communio-

1923 3465 2010 3513 ne,
2043 3455 2095 3504 et
2124 3450 2458 3520 aequalitate
2489 3453 3006 3507 remunerationis.
3038 3456 3254 3507 Curam
3286 3469 3422 3524 gere
3477 3470 3579 3525 pa-

1922 3545 2178 3607 rentum,
2206 3540 2423 3610 quibus
2452 3544 2540 3593 est
2571 3542 2812 3607 gravius
2853 3542 2934 3595 tui
2974 3541 3355 3611 desiderium,
3389 3559 3575 3614 quam

1923 3634 2213 3683 senectus.
2236 3628 2433 3699 Atqui,
2457 3644 2492 3682 o
2525 3628 2896 3693 charissime,
2928 3629 3171 3699 pulchre
3203 3632 3427 3686 carnali
3462 3637 3574 3685 tuas

1922 3719 2096 3773 matri
2123 3718 2337 3773 referes
2368 3718 2617 3787 gratiam
2652 3733 2759 3788 pro
2791 3718 2944 3772 datis
2986 3719 3303 3783 alimentis,
3330 3720 3377 3773 si
3410 3720 3577 3790 spiri-

1924 3807 2021 3862 tali
2072 3814 2171 3861 tuo
2230 3806 2372 3861 Patri
2426 3807 2536 3860 tuis
2588 3806 3107 3861 intercessionibus
3170 3823 3305 3861 eam
3356 3808 3573 3863 reddas

1921 3896 2294 3952 familiarem.
2359 3895 2601 3949 Pulchre
2667 3911 2910 3967 quoque
2978 3896 3130 3967 patri
3201 3903 3300 3951 tuo
3358 3896 3574 3951 referes

1921 3988 2189 4056 gratiam,
2226 3985 2389 4056 quod
2423 3991 2473 4039 te
2500 3984 2577 4039 ad
2602 3984 2737 4049 hoc,
2766 3992 3019 4053 utesses,
3042 3984 3403 4057 produxerit,
3428 3985 3474 4039 si
3492 3986 3571 4040 ad

1920 4076 2047 4146 ejus
2106 4075 2423 4129 senectutis
2489 4078 2545 4128 et
2598 4074 3013 4130 imbecillitatis
3070 4075 3339 4146 requiem
3408 4074 3574 4129 sinus

1920 4166 2173 4221 Abrahte
2207 4164 2465 4236 petieris.
2500 4166 2629 4219 Haec
2662 4182 2819 4219 nunc
2856 4165 2933 4220 ad
2990 4169 3044 4220 te
3101 4165 3470 4220 contendunt
3519 4170 3576 4220 et

1921 4256 2104 4327 patris
2130 4255 2395 4320 canities,
2422 4260 2477 4308 et
2507 4254 2784 4309 matrisin
2805 4260 2978 4325 partu
2993 4254 3251 4322 dolores,
3282 4260 3336 4309 et
3366 4254 3569 4319 ubera,

1920 4360 2055 4416 quze
2087 4350 2166 4407 tu,
2202 4343 2303 4414 qui
2326 4358 2386 4397 es
2401 4342 2564 4396 omni
2593 4357 2660 4396 ex
2682 4350 2847 4413 parte
2864 4342 3571 4412 perfectus,suxisti,cum

177 4430 267 4493 tes,
294 4436 345 4484 et
376 4431 683 4502 cupientes
720 4433 991 4503 conspici
1023 4440 1296 4505 parentes
1339 4434 1488 4504 ejus,
1524 4435 1625 4507 qui
1657 4436 1810 4491 adeo
1844 4434 1888 4487 D
1920 4448 2080 4487 esses
2106 4432 2303 4487 adhuc
2336 4430 2549 4485 infans.
2576 4434 2791 4485 Curam
2822 4447 2958 4500 gere
2991 4437 3330 4502 parentum,
3362 4448 3570 4487 curam

175 4514 345 4571 clarus
374 4526 498 4575 erat
529 4519 856 4574 miraculis.
901 4524 1079 4576 Mater
1105 4538 1246 4591 ergo
1280 4539 1401 4578 non
1435 4522 1625 4578 ferens
1675 4540 1807 4579 cor-

176 4601 255 4657 dis
283 4606 583 4679 impetum,
611 4609 916 4677 arbitrata,
944 4626 1072 4665 esse
1103 4612 1247 4683 quid
1280 4628 1529 4684 parvum
1559 4618 1615 4667 et
1644 4614 1807 4668 nihili

181 4690 514 4767 faciendum,
548 4704 603 4753 et
629 4714 748 4752 non
772 4698 913 4754 satis
942 4700 1183 4756 ﬁrmam
1209 4702 1320 4771 piae
1362 4703 1532 4757 matri
1560 4718 1807 4758 excusa-

180 4780 376 4841 tionem
402 4788 510 4842 viaa
541 4787 979 4858 longitudinem
1007 4796 1063 4845 et
1093 4791 1407 4845 senectutis
1442 4790 1808 4847 imbecillita-

181 4873 299 4941 tem,
346 4874 559 4931 horum
603 4878 875 4931 omnium
931 4878 1158 4934 nullam
1213 4878 1439 4934 ducens
1494 4882 1803 4949 rationem,

186 4962 424 5029 profecta
450 4966 736 5037 Byzantio
764 4968 835 5021 ad
865 4967 944 5033 id,
979 4968 1145 5039 quod
1172 4969 1298 5039 jam
1326 4970 1490 5041 prius
1518 4970 1803 5039 diximus,

186 5047 550 5109 Charsianum
594 5055 917 5110 incredibili
942 5062 1209 5127 pervenit
1237 5058 1549 5113 celeritate.
1587 5060 1807 5115 Deinde

185 5148 304 5193 cum
342 5144 661 5212 aspexisset
696 5160 902 5199 eorum
936 5145 1399 5212 multitudinem,
1433 5148 1535 5218 qui
1567 5149 1808 5203 assidue

188 5230 522 5288 accedebant
552 5234 627 5288 ad
664 5234 1029 5305 sepulcrum,
1063 5243 1119 5289 et
1147 5236 1398 5301 donum,
1449 5238 1613 5309 quod
1646 5254 1807 5293 asse-

185 5318 519 5387 quebantur,
550 5323 651 5394 qui
678 5324 878 5377 multis
905 5331 962 5379 et
994 5326 1171 5379 variis
1202 5326 1558 5381 laborabant
1586 5328 1810 5382 morbis

187 5407 235 5457 et
249 5406 660 5483 affectionibus,
680 5420 736 5469 et
751 5428 939 5486 quam
952 5414 1201 5471 celerem
1219 5415 1315 5471 adi
1321 5416 1703 5488 piscebantur
1716 5434 1815 5472 cu-

250 5582 292 5618 “
327 5584 495 5644 Joan.
529 5592 570 5658 i,
607 5591 698 5649 t3.

1920 4538 2056 4591 gere
2085 4525 2496 4590 cognatorum.
2532 4520 2866 4584 Laetabitur,
2902 4527 2989 4575 sat
3017 4521 3157 4584 scio,
3188 4521 3358 4585 Deus,
3388 4537 3568 4593 quem

1920 4615 1982 4665 tu
2007 4609 2429 4663 honorandum
2461 4624 2665 4663 censes
2704 4610 2762 4662 in
2804 4610 3173 4679 parentibus,
3216 4626 3364 4681 quos
3401 4611 3572 4679 jubet

1916 4699 2071 4754 illius
2101 4701 2461 4770 praeceptum
2482 4697 2799 4761 honorare,
2831 4703 3034 4769 utpote
3084 4701 3245 4769 quod
3277 4715 3379 4770 per
3406 4715 3568 4770 ipsos

1916 4788 2105 4842 honor
2132 4787 2209 4841 ad
2235 4787 2402 4841 illum
2431 4786 2667 4843 feratur.
2702 4790 2847 4842 Nam
2901 4793 2957 4842 et
3013 4790 3242 4858 primus
3296 4789 3567 4843 omnium

1918 4884 2006 4932 est
2033 4882 2218 4949 pater,
2252 4881 2310 4929 et
2333 4876 2550 4947 opifex,
2585 4881 2641 4931 et
2671 4893 2874 4941 causa,
2902 4882 2963 4931 ut
2993 4877 3063 4931 ad
3106 4876 3239 4940 hoc,
3297 4884 3359 4931 ut
3429 4876 3566 4941 sint,

1920 4968 2347 5038 producantur.

1991 5053 2141 5109 Xlll.
2165 5056 2291 5107 Haec
2307 5052 2472 5114 dixit,
2498 5060 2553 5106 et
2573 5052 2743 5122 jubet
2772 5053 3194 5124 tollilapiilcm,
3234 5058 3288 5107 et
3311 5068 3563 5123 capsam

1919 5145 2067 5199 trahi
2100 5149 2265 5197 extra
2296 5147 2774 5196 monumentum.
2797 5142 2958 5205 Quod
2980 5159 3114 5195 cum
3140 5142 3360 5196 factum
3394 5147 3568 5204 esset,

1924 5233 2022 5288 ubi
2049 5249 2118 5287 ea
2144 5233 2408 5302 jubente,
2442 5238 2682 5301 apertus
2707 5238 2793 5286 est
2822 5232 3073 5295 loculus,
3109 5231 3371 5285 cernitur
3396 5231 3570 5285 mira-

1923 5323 2144 5386 culum,
2172 5328 2225 5374 et
2252 5320 2325 5374 ad
2358 5320 2681 5373 videndum
2700 5321 3159 5385 divinissimum,
3186 5328 3242 5373 et
3272 5322 3346 5375 ad
3375 5321 3577 5375 dicen-

1926 5412 2065 5467 dum
2090 5408 2614 5483 jucundissimum,
2648 5414 2705 5465 et
2734 5409 2811 5466 ad
2842 5425 2930 5475 ea,
2963 5424 3097 5482 quae
3125 5415 3571 5481 praecesserant,
