4142 6196
432 230 540 290 495

1873 214 2133 274 MENSIS
2173 213 2439 275 JULIUS.

3759 222 3863 277 496

436 351 844 414 conﬁrmanda
879 347 1337 406 validissimum.
1375 348 1586 401 Decem
1617 351 1672 402 et
1688 350 1822 401 octo
1851 357 2087 399 menses
2122 343 2166 395 A
2204 342 2627 400 miraculorum
2663 344 2805 401 tales
2836 343 3095 399 ostendit
3127 342 3326 397 radios
3348 344 3375 398 ?
3404 344 3483 399 Ex
3520 349 3572 401 te
3614 347 3866 419 pulcher

434 445 833 519 praeterieram
863 444 995 511 post
1024 442 1364 505 mortem,et
1390 436 1492 507 qui
1525 440 1607 491 tot
1639 440 1773 490 ante
1806 435 1932 488 dies
1965 435 2088 485 erat

435 541 733 599 mortuus,
767 528 996 584 nullum
1025 525 1231 581 habuit
1264 526 1526 593 signum,
1547 540 1665 579 non
1682 522 1949 593 corporis
1982 519 2088 574 ﬁu-

432 626 820 687 xionem,non
836 615 1208 687 compaginis
1223 614 1724 679 solutionem,uon
1740 610 1932 666 carnis
1951 624 2087 663 con-

437 714 984 782 sumptionem,non
1014 706 1460 772 nigrorem,non
1489 700 1713 773 aliquid
1745 700 1907 772 quod
1936 701 2087 752 esset

438 799 779 862 evanidum,
805 801 907 852 aut
947 792 1111 865 quod
1138 794 1547 853 emarcuisset,
1576 795 1632 845 et
1689 797 1849 844 esset
1902 788 2087 857 lique-

439 890 663 947 factum
692 906 704 944 :
736 884 843 940 sed
871 888 1029 939 totus
1062 879 1374 934 videbatur
1406 894 1633 943 recens,
1665 877 1909 948 perinde
1941 890 2009 928 ac
2038 872 2087 927 si

437 992 629 1049 nuper
650 990 787 1032 eum
818 971 1147 1043 reliquisset
1177 970 1399 1023 anima.
1436 966 1874 1038 Propemodum
1929 963 2086 1017 vide-

437 1068 656 1123 bantur
672 1078 803 1120 esse
826 1060 1097 1116 membra
1114 1074 1251 1112 cum
1278 1062 1459 1122 motu,
1490 1071 1657 1125 gena;
1678 1071 1815 1109 cum
1843 1055 2081 1122 rubore,

434 1157 607 1212 labra
636 1168 775 1209 cum
796 1151 961 1217 ﬂore,
989 1164 1055 1202 os
1084 1163 1217 1201 cum
1251 1145 1535 1201 anhelitu.
1562 1144 1996 1207 Existimasses,
2034 1152 2085 1200 te

433 1264 569 1302 eum
618 1243 865 1300 omnino
919 1238 1111 1293 videre
1166 1250 1284 1289 non
1336 1239 1658 1300 mortuum,
1728 1240 1827 1287 sel
1891 1236 2085 1304 potius

434 1327 1233 1397 dormientem,autseipsum
1252 1324 1649 1392 colligentem,
1668 1327 1723 1376 et
1741 1322 2084 1389 diligentius

433 1423 656 1495 aliquid
687 1420 1089 1475 meditantem.
1108 1414 1288 1467 Porro
1305 1420 1502 1467 autem
1528 1411 1674 1481 ipsa;
1699 1412 2081 1483 tunicae,ipsae

435 1520 627 1567 vestes
659 1507 938 1577 stragulae
966 1504 1117 1559 adeo
1142 1508 1307 1557 erant
1333 1502 1577 1570 integrae
1632 1506 1688 1554 et
1744 1500 1966 1569 illiesze,
2025 1506 2080 1555 et

433 1602 596 1657 nullo
626 1598 983 1654 detrimento
1023 1592 1247 1650 affectas
1275 1591 1459 1662 (quod
1494 1590 1701 1645 attinet
1756 1590 1831 1643 ad
1890 1590 2078 1661 sepul-

2198 431 2437 500 quidem
2471 433 2822 501 germinavit
2853 434 3105 504 palmes,
3129 432 3233 485 sed
3264 433 3428 503 apud
3454 451 3562 488 nos
3582 436 3865 506 produxit

2196 518 2399 573 botros
2426 524 2872 589 miraculorum,
2894 521 3015 576 etei
3040 522 3278 591 placuit,
3307 530 3367 576 ut
3388 538 3496 577 nos
3532 524 3864 580 frueremur

2200 615 2395 663 musto
2451 610 2779 677 gratiarum
2836 617 2889 665 et
2944 612 3339 664 curationum.
3396 614 3519 666 Non
3580 620 3706 668 erat
3743 614 3860 670 Deo

2197 695 2505 762 ditﬁcile,si
2529 700 2683 753 unde
2703 701 3008 771 processit,
3034 717 3173 754 eum
3206 700 3485 755 voluisset
3503 700 3644 755 illuc
3658 718 3861 757 rursus

2198 784 2508 842 divertere.
2546 792 2622 843 Ne
2648 788 2897 844 videaris
2924 804 3065 858 ergo
3098 804 3434 858 repugnare
3470 789 3697 859 judicio
3762 792 3861 846 Dei

2197 876 2255 926 et
2287 873 2594 943 voluntati,
2621 891 2812 947 neque
2845 876 3013 932 nobis
3044 877 3275 931 divinas
3308 878 3525 945 gratias
3558 877 3857 933 invideas.

2198 964 2275 1015 Ne
2302 978 2413 1016 nos
2445 963 2604 1018 fonte
2639 965 2981 1035 privaveris,
3005 966 3106 1036 qui
3144 980 3262 1019 non
3318 966 3492 1020 nobis
3552 967 3717 1036 solis,
3754 966 3860 1024 sed

2196 1051 2373 1106 etiam
2388 1054 2786 1109 communiter
2798 1054 3081 1109 omnibus
3096 1060 3186 1109 est
3208 1054 3283 1108 ad
3304 1054 3621 1109 fruendum
3645 1072 3858 1127 propo-

2197 1138 2360 1194 situs.
2397 1141 2479 1195 Ad
2514 1142 2767 1210 gloriam
2836 1144 2938 1199 tibi
2981 1143 3215 1212 suﬁicit,
3267 1143 3431 1214 quod
3476 1144 3607 1214 ejus
3670 1152 3862 1201 mater

2194 1230 2557 1299 apparueris,
2588 1232 2662 1285 de
2700 1233 2872 1303 cujus
2913 1233 3089 1287 etiam
3125 1240 3357 1287 mortuo
3392 1249 3641 1304 corpore
3699 1239 3862 1289 tanta

2194 1324 2280 1370 est
2332 1320 2646 1374 contentio.
2703 1323 2819 1375 Nos
2876 1323 3037 1391 prius
3091 1336 3163 1374 ex
3212 1337 3281 1375 ac
3333 1321 3592 1392 expelles
3642 1322 3856 1393 patria,

2192 1421 2380 1475 quam
2401 1406 2514 1461 hoc
2546 1408 2707 1463 bono
2743 1410 2917 1464 nobis
2949 1426 2984 1464 a
3008 1411 3127 1464 Deo
3158 1411 3295 1464 dato
3336 1416 3601 1465 nostram
3661 1410 3859 1482 prives

2192 1495 2466 1563 patriam.
2494 1496 2593 1552 1118
2621 1504 2942 1570 postquam
2976 1499 3100 1552 haec
3127 1498 3436 1563 audiisset,
3480 1501 3672 1553 sciens
3727 1516 3858 1555 esse

2190 1583 2295 1637 sibi
2349 1584 2592 1656 aliquod
2686 1586 3018 1658 sapientius
3086 1588 3450 1660 capiendum
3512 1588 3854 1654 consilium,

431 1696 649 1757 turam)
680 1695 857 1758 atque
886 1686 932 1738 si
959 1683 1215 1737 fuissent
1238 1679 1441 1750 positae
1470 1678 1529 1733 in
1559 1694 1718 1742 arca,
1752 1685 1807 1733 et
1828 1678 2075 1747 diligen-
2113 1701 2156 1755 Β
2188 1673 2393 1743 quivit.
2431 1675 2651 1730 Deinde
2693 1684 2893 1731 autem
2926 1693 3064 1731 cum
3090 1677 3365 1747 jussisset
3388 1693 3603 1733 omnes
3631 1678 3854 1742 valere,

432 1785 518 1835 ter
547 1775 879 1833 custoditaa.
918 1775 1010 1826 Est
1043 1769 1289 1825 mortuis
1324 1768 1677 1839 corporibus
1711 1784 1779 1820 ex
1814 1784 1873 1821 se
1928 1768 2079 1839 quid

428 1865 825 1938 injucundum
848 1879 917 1917 ac
950 1867 1184 1915 tetrum.
1224 1861 1316 1912 Est
1347 1859 1609 1912 vestibus
1642 1872 1883 1927 quoque
1941 1874 2078 1928 quas

423 1957 605 2026 longo
637 1951 1257 2025 temporejacnerunt,
1290 1952 1345 2000 et
1381 1947 1511 2001 aliis
1552 1946 1845 2015 ejusmodi
1882 1946 2075 2000 malus

423 2045 673 2117 quidam
696 2042 865 2103 odor,
899 2045 954 2094 et
980 2038 1081 2108 qui
1107 2036 1357 2090 offendit
1378 2034 1714 2088 odoratum.
1735 2033 1850 2088 Illic
1874 2039 2075 2089 autem

424 2134 564 2190 nihil
595 2129 916 2203 ejusmodi,
947 2128 1049 2182 sed
1082 2127 1277 2181 bonus
1304 2124 1472 2187 odor,
1514 2129 1567 2177 et
1609 2125 1817 2191 gratia,
1848 2129 1904 2177 et
1921 2124 2075 2178 dele-

422 2226 619 2287 ctatio,
650 2229 937 2291 tanquam
959 2232 1075 2271 non
1104 2212 1344 2284 aliquod
1376 2212 1722 2283 supulcrum
1737 2220 1791 2266 et
1822 2213 2069 2278 loculus,

423 2314 526 2367 sed
544 2312 750 2367 hortus
781 2314 929 2363 esset
962 2310 1223 2376 apertus.
1257 2303 1591 2355 Probantur
1621 2316 1691 2355 ea
1724 2316 1859 2370 quae
1915 2302 2073 2357 dicta

422 2406 581 2465 sunt,
616 2397 855 2470 etquod
887 2410 1103 2465 corpus
1135 2396 1293 2448 esset
1323 2390 1517 2447 adhuc
1550 2391 1843 2459 integrum
1876 2396 1931 2445 et
1986 2407 2073 2445 re-

419 2508 579 2561 cens,
610 2506 680 2545 ex
710 2490 822 2543 hoc
843 2485 1007 2557 quod
1037 2481 1322 2553 sequitur.

494 2581 627 2635 XIV.
663 2577 920 2643 Quidam
950 2570 1306 2637 monachus,
1332 2570 1547 2639 Joseph
1581 2568 1844 2636 nomine,
1879 2584 2071 2623 sacer-

416 2672 549 2736 dos,
566 2669 737 2740 etqui
757 2664 960 2738 pietati
976 2662 1271 2724 studebat,
1290 2674 1427 2713 cum
1448 2663 1586 2713 tunc
1610 2657 2067 2729 adesset,subje-

414 2762 521 2817 ctis
537 2758 835 2821 manibus,
851 2759 907 2809 et
927 2751 1241 2823 amplexus
1262 2754 1585 2815 mortuum,
1606 2748 1940 2802 conabatur
1957 2748 2070 2801 eri-

415 2866 572 2921 gere.
590 2848 686 2903 tlle
704 2852 902 2902 autem
918 2841 1167 2898 cedebat
1183 2845 1237 2893 et
1254 2838 1571 2892 videbatur
1592 2852 1820 2907 parere,
1847 2843 1901 2891 et
1920 2837 2067 2907 seip~

416 2957 551 2995 sum
583 2938 835 2993 tradere.
868 2936 1100 2986 Erectus
1120 2928 1319 2997 itaque
1344 2926 1451 2980 fuit
1467 2925 1656 2979 virille
1675 2925 2063 2990 admirabilis,

413 3027 675 3085 articulis
697 3032 753 3078 et
776 3018 1171 3091 compagibus
1203 3016 1663 3071 recteintersesc
1678 3013 2063 3067 habentibus.
2106 3044 2145 3100 Ο

414 3115 585 3183 Quod
616 3129 753 3168 cum
783 3111 1030 3165 vidisset
1063 3105 1389 3177 presbyter,
1422 3108 1477 3157 et
1508 3108 1667 3155 metu
1694 3106 1852 3156 esset
1879 3102 2068 3171 reple-

412 3210 526 3270 tus,
558 3202 789 3271 rogavit
817 3204 880 3254 ut
916 3196 1280 3268 permitteret
1309 3208 1378 3246 ea
1400 3190 1651 3254 auferre,
1684 3190 1905 3261 quibus
1944 3196 2066 3245 erat

414 3290 678 3346 indutus.
708 3288 835 3357 Ipse
849 3289 1047 3339 autem
1073 3294 1281 3334 rursus
1311 3278 1525 3348 paruit,
1556 3280 1613 3329 et
1641 3290 1857 3329 manus
1896 3277 2067 3330 remi-

411 3380 485 3434 sit
516 3378 860 3450 presbytero
891 3377 947 3426 et
968 3370 1163 3442 pedes,
1211 3373 1272 3421 ut
1327 3366 1398 3419 iis
1440 3371 1696 3419 uteretur
1750 3370 1808 3418 ut
1868 3365 2062 3419 vellet.

413 3468 741 3534 Exnitergo
786 3478 922 3518 eum
979 3459 1254 3513 sacerdos
1304 3457 1527 3518 tunica,
1588 3459 1645 3508 et
1692 3468 1827 3507 eum
1882 3453 2065 3509 altera

411 3557 625 3613 induit.
660 3559 702 3608 Α
734 3553 983 3625 pedibus
1010 3564 1149 3603 vero
1182 3552 1419 3601 amovet
1444 3559 1561 3598 non
1590 3544 1783 3597 solum
1814 3544 2063 3609 calceos,

416 3647 521 3702 sed
549 3661 619 3700 ea
649 3645 850 3708 etiam,
878 3654 1015 3711 quas
1040 3638 1197 3692 intus
1230 3639 1399 3689 erant
1428 3649 1495 3687 ex
1546 3631 1732 3686 serico
1782 3632 2067 3702 imposita

416 3736 691 3809 pedibus.
726 3735 857 3787 Haac
889 3743 1027 3797 ergo
1058 3724 1265 3780 omnia
1290 3729 1409 3777 tam
1450 3721 1620 3776 facile
1651 3720 1803 3785 fecit,
1837 3726 1892 3775 et
1923 3723 2069 3775 citra

417 3826 607 3881 ultum
658 3822 947 3884 laborem,
1004 3814 1249 3888 perinde
1300 3829 1369 3867 ac
1423 3811 1475 3865 si
1529 3810 1622 3865 ille
1672 3827 1851 3881 opem
1898 3811 2070 3866 ferret

418 3913 731 3979 sacerdoti,
809 3915 866 3965 et
940 3922 1002 3961 se
1078 3906 1355 3964 traderet,
1434 3906 1496 3955 ut
1589 3916 1659 3955 eo
1751 3900 2069 3955 commode

420 4005 503 4060 uti
549 4007 763 4075 pOsset.
826 3996 1045 4053 Deinde
1111 4008 1249 4048 eum
1298 4006 1502 4045 rursus
1562 3988 1806 4044 reclinat
1863 3990 1923 4043 in
1979 4006 2069 4054 ea,

421 4110 539 4166 qua
568 4091 729 4161 prius
760 4093 903 4152 erat,
937 4085 1128 4154 ﬁgura
1160 4098 1171 4138 :
1205 4080 1355 4135 adeo
1404 4082 1469 4133 ut
1516 4077 1577 4133 id
1628 4083 1813 4133 totum
1867 4077 2071 4134 divino

421 4182 644 4239 factum
711 4178 787 4233 sit
841 4172 1112 4238 consilio,
1181 4169 1345 4241 quod
1410 4168 1493 4222 sic
1551 4167 1823 4239 sepultus
1876 4166 2068 4232 fuerit,

424 4278 486 4327 ut
506 4275 630 4325 erat
661 4274 835 4323 antea
868 4282 880 4319 :
917 4269 981 4318 ut
1028 4261 1117 4316 vel
1184 4275 1256 4313 ex
1310 4258 1423 4311 hoc
1483 4262 1637 4311 esset
1690 4256 2072 4312 manifestum

424 4358 726 4421 omnibus,
776 4353 941 4427 quod
988 4356 1124 4423 post
1178 4347 1544 4420 sepulturam
1601 4346 1885 4399 manserit
1945 4361 2073 4400 cor-

425 4467 537 4522 pus
611 4444 909 4520 potentius
980 4440 1216 4496 interitu
1291 4442 1346 4492 et
1418 4433 1825 4489 dissolutione.
1904 4435 2075 4499 Quod

424 4539 671 4612 quidem
703 4536 898 4590 visum
929 4529 1126 4587 multis
1156 4524 1529 4582 daemonibus
1563 4527 1618 4579 et
1644 4523 1867 4579 morbis
1894 4540 2078 4581 causa

424 4630 553 4693 fuit,
585 4632 648 4683 ut
678 4626 987 4695 fugerent;
1018 4624 1075 4675 et
1113 4616 1342 4673 merito.
1400 4615 1456 4670 Si
1493 4614 1651 4669 enim
1706 4614 1887 4669 etiam
1938 4630 2075 4668 cum

426 4725 579 4773 esset
599 4716 985 4777 absconsum,
1013 4712 1136 4765 erat
1152 4708 1237 4762 eis
1266 4702 1543 4770 terribile,
1563 4708 1880 4775 postquam
1894 4719 2079 4775 appa-

426 4808 545 4865 ruit
572 4804 878 4879 quomodo
908 4816 1027 4855 non
1060 4801 1217 4854 esset
1249 4792 1565 4865 ejusmodi,
1610 4798 1675 4848 ut
1705 4808 1826 4848 non
1875 4798 2075 4865 posset

425 4897 673 4955 omnino
695 4890 970 4949 sustineri
992 4890 1019 4944 ‘I

498 4990 603 5045 XV.
633 4985 787 5051 Quid
814 4986 948 5053 post
976 4979 1103 5034 hinc
1130 4980 1215 5031 est
1262 4978 1651 5030 consecutum
1680 4972 1708 5026 ?
1745 4972 2079 5028 Contende-

426 5081 531 5135 bat
565 5082 772 5139 mater,
804 5086 976 5127 sacro
1000 5066 1240 5122 sublato
1269 5079 1537 5136 corpore,
1570 5063 1810 5117 demum
1846 5061 2072 5117 reverti.

429 5169 561 5223 Haec
587 5167 767 5229 enim,
800 5160 1054 5222 dicebat,
1089 5155 1255 5211 stella
1285 5170 1361 5209 ex
1392 5169 1521 5208 meo
1574 5159 1774 5207 ventre
1804 5156 1935 5207 orta
1965 5156 2072 5207 est.

429 5259 537 5321 Qui
569 5261 767 5312 autem
795 5254 854 5307 in
873 5267 941 5307 ea
963 5245 1315 5304 habitabant
1346 5242 1605 5314 regione,
1636 5242 2078 5296 contendebant

426 5362 549 5403 non
578 5342 925 5405 concedere,
958 5344 1018 5394 ut
1048 5337 1107 5392 id
1130 5334 1565 5406 aggrederetur.
1611 5331 1892 5397 Nametsi,
1922 5331 2075 5386 dice-

425 5438 592 5498 bant,
617 5448 690 5488 ex
711 5437 763 5487 te
778 5428 1061 5502 processit
1085 5425 1184 5482 illa
1208 5422 1660 5491 stella,cernitur
1692 5425 1889 5477 tamen
1918 5420 2074 5493 apud

425 5539 537 5582 nos
549 5516 1176 5583 occidisse.Quomodo
1187 5529 1329 5585 ergo
1341 5528 1469 5569 eum
1484 5527 1519 5568 a
1532 5510 2071 5585 nobisauferes,qui

2188 1763 2438 1817 domum
2471 1765 2799 1820 revertitur.
2836 1765 2934 1820 ille
2962 1779 3103 1820 vero
3143 1766 3270 1836 pius
3306 1765 3367 1819 in
3402 1767 3612 1837 primis
3645 1783 3856 1822 mona-

2188 1851 2329 1905 chus
2354 1854 2805 1918 etsacerdos,de
2833 1871 2955 1926 quo
2978 1858 3135 1927 prius
3163 1855 3589 1921 diximus,cum
3616 1872 3857 1912 reman-

2187 1942 2373 2009 sisset,
2409 1948 2464 1996 et
2502 1943 2733 1998 dierum
2770 1944 3142 1999 multitudine
3196 1960 3438 1999 omnem
3490 1946 3848 2017 expulsisset

2187 2030 2671 2099 suspicionem,et
2692 2033 2749 2085 in
2768 2049 2837 2086 eo
2853 2031 3249 2087 custodiendo
3265 2032 3555 2088 effecisset
3572 2035 3854 2088 custodes

2186 2118 2573 2181 socordiores,
2605 2129 2781 2174 noctu
2814 2122 3144 2189 ingressus,
3179 2121 3452 2175 divinum
3519 2122 3847 2177 suifuratus

2184 2214 2271 2257 est
2304 2207 2672 2269 thesaurum,
2700 2216 2753 2261 et
2782 2226 2917 2263 cum
2948 2210 3103 2263 furto
3134 2210 3387 2279 aufugit.
3424 2210 3535 2265 Sed
3560 2212 3709 2265 odor
3738 2213 3854 2265 mi-

2182 2293 2523 2349 raculorum
2552 2297 2812 2351 ostendit
2838 2306 3233 2366 unguentum,
3258 2300 3418 2369 quod
3442 2300 3766 2363 celabatur,
3798 2307 3855 2353 et

2185 2384 2539 2439 morborum
2570 2387 2797 2441 curatio
2822 2388 2931 2441 fuit
2963 2388 3098 2442 furti
3132 2392 3493 2443 accusatrix.

2254 2475 2389 2526 XVI.
2426 2474 2627 2529 Mulier
2658 2478 2819 2529 enim
2850 2478 3153 2547 quaedam,
3184 2478 3330 2532 dum
3367 2478 3414 2531 is
3443 2480 3503 2533 in
3547 2477 3641 2532 via
3674 2478 3849 2532 ferre-

2181 2566 2293 2630 tur,
2320 2570 2376 2617 et
2407 2564 2509 2634 qui
2540 2579 2677 2618 eum
2712 2564 2980 2619 ferebant
3011 2566 3066 2619 in
3101 2567 3389 2637 quodam,
3428 2573 3488 2621 ut
3548 2573 3635 2621 est
3690 2582 3835 2621 con-

2180 2660 2552 2717 sentaneum,
2580 2653 2934 2709 vellentloco
2957 2656 3327 2726 requiescere
3365 2672 3376 2709 :
3412 2655 3531 2720 illa,
3568 2658 3835 2727 inquam,

2178 2757 2313 2794 cum
2345 2758 2379 2795 a
2408 2742 2664 2810 maligno
2698 2748 3006 2798 vexaretur
3029 2744 3256 2814 spiritu,
3282 2745 3338 2799 in
3359 2744 3620 2799 loculum
3650 2744 3835 2809 irruit,

2178 2835 2234 2884 et
2254 2832 2508 2900 graviter
2534 2831 2752 2895 insiliit,
2782 2840 2838 2887 et
2866 2833 3034 2888 veluti
3055 2850 3088 2887 a
3124 2849 3339 2903 magno
3365 2832 3549 2888 ﬂuctu
3563 2833 3669 2889 fuit
3698 2849 3841 2888 exa-

2179 2919 2380 2987 gitata.
2469 2920 2683 2975 Deinde
2743 2938 2881 2976 cum
2940 2927 3219 2977 sanctum
3275 2924 3628 2993 turpissimis
3687 2929 3839 2977 esset

2177 3007 2462 3062 insectata
2506 3009 2854 3075 maledictis,
2890 3026 3011 3065 non
3036 3010 3133 3065 illa
3155 3012 3395 3082 quidem
3422 3014 3693 3075 omnino,
3733 3012 3836 3067 sed

2178 3098 2279 3166 qui
2302 3113 2431 3151 eam
2466 3098 2856 3163 inhabitabat,
2890 3115 3070 3171 quem
3125 3102 3536 3155 adversarium
3593 3100 3837 3169 dixeris,

2178 3184 2342 3239 fortis
2387 3186 2476 3239 ille
2499 3188 2577 3241 ab
2611 3202 2681 3240 eo
2714 3204 3035 3258 percussus
3065 3190 3323 3251 recessit,
3358 3190 3565 3243 abiens
3594 3189 3653 3243 in
3686 3190 3837 3255 loca,

2177 3274 2256 3327 ad
2277 3290 2409 3345 quas
2439 3292 2468 3327 a
2501 3278 2615 3329 Deo
2646 3276 3301 3331 fueratcondemnatus.
3324 3277 3428 3332 Illa
3460 3284 3659 3332 autem
3688 3294 3840 3333 sana

2177 3362 2426 3417 domum
2458 3380 2665 3418 rursus
2707 3375 2793 3419 est
2824 3381 3077 3420 reversa.
3106 3370 3231 3421 Non
3292 3366 3543 3437 longum
3603 3373 3840 3438 tempus

2177 3451 2607 3519 intercesserat,
2640 3459 2695 3508 et
2726 3454 2891 3523 virgo
2922 3456 3201 3525 quaedam
3234 3456 3510 3525 praefecta
3540 3462 3839 3511 monaste-

2176 3542 2265 3606 rii,
2300 3543 2462 3613 quod
2490 3544 2813 3598 vocabatur
2841 3544 3229 3613 Mantineum,
3257 3560 3395 3598 cum
3423 3551 3651 3599 secreto
3690 3560 3839 3617 quo-

2178 3631 2317 3685 dam
2342 3633 2572 3702 etgravi
2594 3635 2804 3687 morbo
2832 3634 3141 3699 laboraret,
3167 3642 3220 3687 et
3246 3648 3367 3687 non
3388 3642 3834 3703 possetgraves,

2178 3736 2333 3791 quos
2357 3722 2657 3775 sentiebat
2686 3738 2752 3776 ex
2774 3722 3019 3786 eo,ferre
3040 3724 3296 3787 dolores,
3323 3738 3463 3777 cum
3496 3722 3839 3779 rescivisset

2178 3809 2321 3863 illud
2349 3817 2651 3865 mortuum
2680 3810 2863 3865 vitam
2918 3810 3175 3866 atferens
3236 3826 3456 3882 corpus
3516 3810 3735 3878 afferri,
3784 3820 3841 3867 et

2181 3914 2402 3967 magna
2431 3899 2543 3953 ﬁde
2574 3906 2628 3954 et
2659 3900 2842 3954 animi
2867 3901 3077 3956 ardore
3116 3900 3165 3954 ei
3200 3900 3356 3956 facta
3386 3900 3653 3967 obviam,
3702 3907 3836 3956 tan-

2186 4004 2367 4059 quam
2388 3988 2604 4042 viventi
2626 3994 2681 4044 et
2702 3988 2967 4044 audienti
2990 3994 3196 4043 sancto
3217 3988 3294 4044 ad
3315 3989 3579 4045 loculum
3603 3991 3655 4045 ei
3683 4006 3840 4046 mor-

2184 4076 2331 4132 bum
2360 4078 2624 4143 dixisset,
2657 4077 2918 4133 ardentis
2970 4078 3109 4134 ﬁdei
3164 4078 3520 4144 mercedem,
3583 4078 3836 4135 celerem

2182 4166 2407 4221 invenit
2428 4166 2817 4222 curationem.
2854 4166 3152 4237 Ejusmodi
3187 4166 3473 4224 miracula
3503 4167 3749 4235 faciens,
3782 4173 3840 4226 et

2184 4273 2319 4313 eam
2344 4273 2377 4312 a
2411 4259 2526 4311 Deo
2552 4256 2805 4326 gloriam
2822 4256 3185 4328 adipiscens,
3220 4260 3567 4329 Byzantium
3590 4258 3837 4314 tandem

2187 4347 2572 4402 introducitur
2629 4362 2842 4417 corpus
2913 4347 3258 4416 parentibus
3306 4347 3837 4417 jucundissimum,

2185 4435 2656 4505 mortalibusque
2675 4434 3260 4503 utiiissimum,malis
3283 4435 3585 4506 spiritibus
3635 4443 3839 4507 poten-

2188 4527 2319 4589 tius,
2353 4523 2806 4593 aegritudinibus
2822 4528 2875 4578 et
2896 4524 3121 4579 morbis
3149 4522 3423 4586 validius,
3442 4524 3835 4579 medicamen-

2190 4621 2315 4671 tum
2343 4628 2477 4668 vere
2501 4611 2964 4683 inexpugnabile
2999 4629 3011 4666 :
3046 4627 3240 4683 neque
3274 4611 3475 4667 valens
3507 4613 3703 4668 solum
3735 4613 3839 4669 ad-

2188 4719 2396 4759 versus
2428 4717 2616 4758 unum
2649 4702 2943 4771 morbum,
2974 4702 3102 4767 sed,
3142 4707 3204 4755 ut
3230 4701 3413 4757 semel
3443 4700 3663 4766 dicam,
3697 4702 3839 4757 resi-

2189 4800 2349 4849 stens
2375 4794 2677 4849 omnibus.

2259 4886 2435 4940 Mater
2465 4898 2606 4951 ergo
2641 4882 2777 4937 laeta
2805 4882 2907 4938 tali
2932 4880 3124 4937 reditu
3141 4879 3264 4948 ﬁlii,
3288 4884 3345 4935 et
3374 4879 3551 4935 simul
3574 4884 3755 4952 caput
3773 4879 3836 4935 in

2190 4973 2414 5028 Christo
2454 4973 2687 5037 tollens,
2721 4971 3224 5044 splendoremque
3251 4975 3304 5025 et
3332 4970 3837 5039 magniﬁcentiam

2187 5063 2246 5118 in
2310 5069 2576 5133 tempore
2629 5062 2974 5127 ostendens,
3038 5060 3267 5130 argenti
3325 5075 3548 5130 magno
3593 5065 3838 5131 sumptu

2189 5168 2437 5225 capsam
2461 5152 2653 5207 induit
2682 5168 2692 5207 :
2728 5167 2849 5207 non
2881 5151 3077 5207 solum
3099 5149 3158 5204 id
3190 5149 3433 5215 faciens,
3462 5156 3752 5221 tanquam
3777 5149 3839 5204 in

2188 5245 2439 5312 gratiam
2463 5243 2583 5306 ﬁlii,
2609 5242 2711 5296 sed
2744 5258 2881 5296 eum
2916 5241 3161 5296 studens
3196 5240 3515 5305 honorare,
3546 5247 3836 5311 tanquam

2188 5334 2284 5388 Dei
2317 5333 2578 5388 amicum
2606 5348 2616 5385 :
2644 5338 2705 5385 ut
2738 5332 2879 5385 illud
2918 5331 3160 5403 quidem
3208 5332 3363 5384 esset
3393 5336 3641 5394 naturas,
3706 5327 3838 5383 hinc

2184 5436 2323 5479 vero
2354 5422 2434 5494 pii
2451 5420 2656 5487 animi,
2688 5425 2745 5476 et
2770 5422 2983 5476 mentis
3015 5422 3199 5475 Deum
3226 5416 3513 5474 amantis.
3547 5418 3693 5473 Cum
3754 5417 3838 5474 sic

2184 5528 2327 5583 ergo
2345 5526 2590 5585 capsam
2620 5514 2866 5583 argento
2880 5514 3155 5583 parentes
3181 5507 3394 5582 optimi
3412 5505 3839 5565 circumdedis-
