4034 6206
255 341 351 400 497

255 555 391 610 chro
407 553 642 624 templo,
667 554 823 626 quod
849 554 956 624 ipsi
981 555 1239 624 Deiparaa
1255 559 1728 618 construxerant,
1750 569 1906 607 com-

258 659 463 698 munes
491 642 831 698 hominibus
863 643 1052 698 effecti
1085 642 1512 706 benefactores,
1549 642 1690 696 dato
1721 642 1902 706 dono,

254 732 413 804 quod
460 732 796 788 extenditur
825 733 883 787 in
913 733 1383 803 sempiternum:
1421 747 1524 802 per
1567 747 1749 802 quem
1785 729 1903 784 dm-

1113 339 1555 397 MARTYRIUM
1599 340 1655 397 S.
1698 336 1979 394 SOPleE
2019 337 2107 393 ET
2145 338 2502 396 FILIARUM
2543 337 2734 397 EJUS.

251 471 392 530 sent,
426 465 538 520 hoc
571 481 702 520 vere
737 480 978 522 sacrum
1021 465 1312 537 templum
1345 465 1659 536 deponunt
1687 465 1748 519 in
1785 462 1911 535 pul-

3511 338 3618 396 498

1948 464 1994 517 Α
2027 479 2236 519 mones
2263 463 2561 534 fugantur,
2579 462 2771 519 morbi
2791 460 3121 526 solvuntur.
3150 467 3205 519 et
3238 462 3390 518 Deus
3411 463 3472 519 in
3493 479 3618 520 om-

2022 552 2278 617 nibus,et
2298 570 2404 625 per
2425 553 2628 608 omnia
2649 551 3339 622 gloriﬁcatur.0uoniam
3356 567 3493 606 eum
3517 553 3617 608 de-

2019 642 2316 696 cetomnis
2341 641 2549 711 gloria,
2580 643 2839 697 honoret
2865 639 3159 706 adoratio,
3189 655 3350 696 nunc
3380 646 3435 696 et
3464 657 3617 697 sem-

2016 746 2122 801 per
2150 735 2204 785 et
2236 730 2293 784 in
2322 731 2540 786 szecula
2571 731 2946 786 saeculorum.
2979 730 3191 784 Amen.

1003 942 1698 1091 MENSIS
1780 941 2864 1132 AUGUSTUS.

943 1317 1032 1401 M
1049 1320 1096 1398 Α
1116 1311 1586 1398 ΡΤΥΡΙΟΝ
1646 1309 1864 1395 ΤΩΝ

1952 1307 2269 1396 ΧΙῚΩΝ
2335 1307 2915 1395 ΓΥΝΑΙΚΩΝ

1486 1471 2190 1644 ΣΟΦΙΑ
2227 1475 2364 1642 Σ

1445 1717 1556 1765 ΚΑΙ
1596 1715 1729 1762 ΤΩΝ
1774 1712 2168 1765 ΘΥΓΑΤΕΡΩΝ
2209 1715 2418 1762 ΑΥἹἮΣ

644 1854 1356 1994 ΠΙΣΤΕΩΣ,
1423 1845 2118 1964 ΕΑΠΙΔΟΣ
2182 1848 2448 1963 ΚΑΙ
2525 1847 3202 1963 ΑΓΑΠΗΣ.

699 2192 1485 2287 MABTYRIUM

1603 2187 2386 2284 SANGTARUM
2499 2189 3181 2286 MULIERUM

1557 2368 2311 2492 SOPHl/E

1615 2591 1696 2640 ΕΤ
1733 2590 1881 2640 EJUS
1919 2589 2234 2640 FILIARUM

864 2711 1310 2850 FIDEI,
1399 2708 1714 2829 SPEI
1813 2704 1991 2824 ET
2076 2707 3003 2836 CHARITATIS.

557 2900 764 2963 (Latine
796 2899 937 2962 apud
967 2898 1177 2946 Surium
1211 2897 1277 2946 ad
1301 2896 1442 2944 diem
1470 2897 1490 2942 1
1530 2893 1755 2958 Augusti
1788 2907 1799 2949 ;
1833 2891 2004 2942 Graece
2032 2906 2093 2941 ex
2129 2893 2246 2943 cod.
2281 2909 2380 2943 ms.
2409 2895 2568 2946 Grec.
2603 2896 2747 2946 Paris
2774 2912 2825 2946 n.
2856 2899 2995 2961 1526,
3029 2913 3148 2950 saw.
3182 2903 3293 2963 xu.)

313 3140 382 3196 A'.
423 3142 580 3194 Μετὰ
618 3142 674 3191 τό
730 3136 1102 3209 διαγγελθῆναι
1151 3145 1423 3209 πανταχοῦ
1478 3139 1536 3188 τό
1587 3139 1843 3206 σωτήριον
1878 3131 1921 3185 Β

246 3236 508 3303 κήρυγμα,
570 3229 909 3301 πλωρηθῆναί
959 3247 1009 3279 τε
1054 3231 1118 3278 τὰ
1173 3230 1339 3278 πάντα
1382 3235 1472 3278 τοῦ
1519 3233 1711 3296 γνῶναι
1760 3226 1845 3274 τόν

251 3324 453 3391 Κύριον,
511 3321 665 3371 οἱονεὶ
715 3318 960 3388 λείψανον
991 3323 1176 3379 κακίας
1227 3314 1503 3390 Ἀδριανός
1548 3320 1639 3372 τὴν
1689 3313 1843 3365 αυτο-

246 3412 473 3482 κρατορα
517 3407 779 3479 Ῥημαίων
836 3403 1026 3458 διέπων
1083 3405 1270 3477 ἀρχὴν,
1336 3405 1525 3461 πολλὴν
1579 3406 1715 3473 εἰπερ
1766 3421 1843 3461 τις

248 3498 385 3556 οὖ.).ος
437 3501 538 3554 τὴν
578 3500 703 3567 πρὸς
753 3499 873 3556 τοὺς
913 3491 1288 3566 ψευδωνύμως
1329 3496 1466 3553 θεοὺς
1521 3489 1843 3544 ἐπεδείκνυτο

250 3582 696 3656 δεισιδαιμονίαν,
778 3589 892 3644 τοὺς
967 3588 1056 3656 μὲν
1135 3587 1379 3644 θωπείαις
1467 3584 1841 3652 ὑπερχόμενος,

248 3681 357 3737 τοὺς
391 3673 448 3728 δὲ
477 3680 570 3726 καὶ
627 3672 861 3734 ἁπείλαις
913 3673 1302 3730 καταπληττων.
1359 3671 1484 3725 Κατ’
1536 3670 1692 3722 ἐκεῖνο
1743 3674 1841 3720 τοί-

248 3784 329 3814 νυν
380 3770 587 3835 καιροῦ,
646 3768 775 3833 γυνή
829 3781 909 3823 τις
954 3760 1168 3823 εὐσεϐὴς
1215 3767 1299 3813 καὶ
1343 3761 1590 3833 φιλόθεος,
1620 3763 1845 3830 τοῦνομα

250 3859 417 3923 Σοφία,
445 3858 634 3924 γένους
666 3860 763 3903 τῶν
809 3849 1085 3922 ἐπιφανῶν,
1133 3857 1316 3922 χώρας
1359 3849 1588 3913 Ἰταλῶν,
1622 3853 1842 3922 χηρείαν

249 3943 520 3994 ὑποστᾶσα
573 3937 760 4012 ἀνδρὸς
821 3942 1108 4015 θυγατράσι
1168 3945 1348 4012 μόναις
1401 3944 1541 4012 τρισὶ
1590 3943 1676 3990 τόν
1728 3937 1842 4009 βίον

249 4029 497 4084 ἐσάλευεν.
587 4030 724 4087 Αὕτη
783 4039 842 4102 τῇ
911 4033 1218 4102 περιωνύμῳ
1273 4039 1370 4082 τῶν
1437 4028 1626 4081 πολεων
1672 4027 1840 4100 Ῥώμῃ

250 4118 633 4192 ἐπιδημήσασα
661 4127 777 4180 ταῖς
820 4122 1088 4191 παρθένοις
1116 4122 1244 4191 ὁμοῦ
1275 4119 1403 4171 πολὺ
1438 4122 1494 4170 τό
1541 4121 1723 4192 χάριεν
1756 4121 1844 4168 καὶ

250 4207 510 4281 ἐπαγωγόν
563 4208 810 4280 ἐχούσαις
872 4211 1003 4260 κατά
1047 4227 1100 4260 τε
1161 4216 1312 4280 σῶμα
1361 4214 1450 4259 καὶ
1502 4213 1594 4266 τὴν
1634 4207 1840 4277 ψυχὴν,

250 4297 346 4367 οὐχ
375 4299 598 4368 ὑπόχθη
629 4304 689 4368 τῇ
725 4296 910 4367 πλάνη,
959 4293 1082 4348 οὐδὲ
1125 4300 1250 4368 πρὸς
1277 4301 1368 4355 τὴν
1423 4305 1513 4350 τοῦ
1555 4293 1844 4355 δυσσεϐοῦς

252 4383 612 4455 βασιλεύοντος
691 4387 967 4458 θρησκείαν
1022 4384 1273 4449 ἀπεκλινε,
1338 4391 1446 4437 λίαν
1508 4391 1600 4444 τὴν
1658 4385 1841 4443 κλῆσιν

251 4470 326 4524 ἐπὶ
375 4483 473 4526 τῶν
528 4477 688 4548 ἔργων
730 4470 1065 4536 δεικνύουσα,
1114 4477 1142 4532 η
1182 4482 1276 4536 τῆς
1321 4473 1508 4526 ἀνωθεν
1563 4478 1713 4533 ὄντως
1757 4492 1840 4525 σο·
1872 4486 1915 4544 C

253 4567 363 4632 φίας
404 4563 692 4634 ἐπώνυμος.
733 4562 791 4614 Ἡ
847 4565 948 4634 γὰρ
999 4562 1186 4615 ἄνωθεν
1231 4569 1405 4635 σοφία,
1455 4569 1610 4634 φησὶν
1651 4565 1675 4614 ὁ
1711 4565 1840 4624 θεῖος

251 4651 508 4716 Ἰάκωϐος,
567 4660 764 4722 πρῶτον
821 4654 910 4722 μὲν
962 4651 1089 4722 ἁγνή
1150 4654 1309 4715 ἐστιν,
1370 4655 1543 4704 ἔπειτα
1583 4653 1838 4724 εἰρηνικὴ,

255 4739 506 4806 εὐπειθὴς,
591 4745 755 4806 μεστὴ
819 4739 984 4802 ἐλέους
1041 4746 1128 4792 καὶ
1187 4750 1396 4806 καρπῶν
1456 4741 1681 4806 ἀγαθῶν.
1758 4739 1841 4802 Ἐξ

255 4827 314 4877 ὧν
365 4833 463 4901 γὰρ
513 4830 538 4880 ὁ
577 4836 668 4888 τῆς
719 4827 898 4899 ἀρετῆς
952 4829 1071 4902 παρ’
1114 4829 1242 4901 αὐτῇ
1287 4835 1483 4902 καρπός
1537 4829 1839 4902 ἐγνωρίζετο

591 4745 755 4811 μεστὴ
819 4739 984 4802 ἐλέους
1041 4746 1128 4792 καὶ
1187 4750 1396 4814 καρπῶν
1456 4741 1681 4812 ἀγαθῶν.

254 4922 353 4976 ταῖς
419 4918 715 4988 θυγατράσι
792 4920 879 4977 τὰς
961 4923 1320 4990 προσηγορίας
1400 4919 1672 4990 ἡρμόζετο’
1752 4923 1841 4969 καὶ

254 5003 424 5057 ἐκεῖναι
503 5006 653 5058 πάλιν
735 5006 1085 5067 ἀληθευούσας
1154 5011 1348 5068 ταυτας
1431 5009 1552 5081 παρ’
1638 5007 1842 5068 ἑαυταῖς

256 5090 521 5150 ἐδείκνυον.
555 5101 644 5146 καὶ
689 5092 840 5147 οὐδεν
875 5093 1076 5166 ἀπᾷδον
1132 5093 1255 5148 οὐδὲ
1300 5095 1562 5168 ἀλλότριον
1619 5093 1763 5167 εἶχον
1799 5098 1845 5148 οἱ

257 5180 432 5236 κλάδοι
459 5193 547 5240 τῆς
585 5185 707 5257 ρίζη
722 5205 759 5244 ς.

319 5270 382 5323 B'.
428 5273 565 5325 Ἐπεὶ
615 5269 674 5324 δὲ
723 5276 865 5346 παρὰ
917 5281 1049 5325 πᾶσι
1106 5270 1406 5330 διεϐεϐόητο
1460 5276 1488 5332 ἦ
1535 5293 1584 5326 τε
1637 5277 1843 5336 σύνεσις

257 5356 440 5411 ἐκείνων
489 5367 577 5413 καὶ
648 5364 676 5419 ἡ
738 5361 891 5435 ἁρετὴ
944 5369 1031 5414 καὶ
1086 5368 1142 5414 τό
1194 5366 1321 5436 πρὸς
1379 5367 1604 5436 Χριστόν
1670 5363 1840 5427 σέϐας,

256 5447 341 5497 οὐκ
396 5448 605 5521 ἐνεγκὼν
652 5452 677 5500 ό
751 5459 840 5502 τοῦ
899 5453 1084 5523 φθόνου
1147 5457 1342 5525 πατὴρ,
1404 5448 1497 5504 διὰ
1563 5451 1842 5524 βασκάνων

254 5531 511 5606 ὀφθαλμῶν
579 5539 858 5609 Ἀντιόχου
909 5545 1040 5600 τινός
1093 5537 1302 5612 ἀνδρὸς,
1357 5545 1450 5599 τὴν
1502 5549 1591 5600 τῆς
1649 5541 1844 5602 πόλεως

256 5631 483 5696 πρόνοιαν
548 5631 957 5702 πεπιστευμένου
1035 5634 1127 5689 τὴν
1212 5629 1471 5684 εὐσέϐειαν
1559 5630 1722 5682 αὐτῶν
1773 5639 1842 5704 τῷ

2029 3135 2070 3189 Ι.
2107 3135 2427 3207 Postquam
2462 3137 2670 3195 fuisset
2699 3140 2977 3199 salutaris
3010 3145 3351 3217 praedicatio
3385 3145 3606 3218 ubique

1957 3227 2332 3290 annuntiata,
2364 3233 2418 3283 et
2445 3230 2649 3286 omnia
2677 3239 2871 3288 essent
2892 3235 3115 3306 repleta
3142 3236 3480 3305 cognitione
3498 3237 3606 3292 Do-

1958 3315 2122 3379 mini,
2154 3316 2322 3370 veluti
2341 3319 2621 3388 quaedam
2644 3321 2881 3376 sceleris
2900 3323 3162 3397 reliquiae
3188 3325 3478 3381 Adrianus
3500 3327 3608 3381 ΒΟ·

1957 3420 2272 3460 manorum
2307 3405 2730 3463 administrans
2754 3409 3089 3482 imperium,
3118 3415 3177 3469 in
3209 3414 3388 3471 falsos
3438 3414 3602 3480 deos,

1954 3491 2056 3562 qui
2108 3493 2511 3561 nominantur,
2571 3500 2919 3556 ostendebat
2972 3503 3312 3573 plurimam,
3371 3504 3419 3558 si
3453 3503 3606 3559 ullus

1954 3579 2131 3647 alius,
2166 3583 2664 3651 superstitionem,
2687 3587 2834 3642 alios
2865 3591 3108 3661 quidem
3133 3592 3396 3648 alliciens
3436 3593 3604 3647 blan-

1953 3669 2128 3735 ditiis,
2171 3671 2320 3725 alios
2356 3677 2550 3728 autem
2583 3675 2761 3730 etiam
2805 3678 2980 3733 minis
3023 3681 3318 3737 territans.
3364 3680 3462 3735 lllo
3503 3697 3606 3735 au-

1955 3763 2066 3811 tem
2096 3764 2357 3830 tempore
2385 3761 2596 3817 mulier
2633 3765 2911 3835 quaedam
2962 3768 3063 3838 pia
3094 3775 3145 3823 et
3169 3768 3462 3838 religiosa,
3497 3785 3606 3824 no-

1953 3847 2112 3901 mine
2141 3848 2379 3919 SOphia,
2403 3849 2562 3905 clara
2590 3868 2822 3924 genere,
2849 3855 2990 3912 Itala
3012 3858 3269 3922 natione,
3296 3874 3431 3913 cum
3450 3861 3606 3914 esset

1954 3936 2200 3992 viduata
2220 3938 2447 4004 marito,
2471 3956 2608 3996 cum
2633 3942 2821 3998 tribus
2848 3944 3086 4001 ﬁliabus
3115 3947 3251 4002 solis
3274 3948 3458 4002 vitam
3483 3946 3603 4019 agi-

1955 4025 2136 4080 tabat.
2151 4029 2228 4082 Ea
2241 4043 2376 4082 cum
2396 4029 2571 4086 simul
2585 4047 2720 4086 cum
2738 4032 3083 4103 virginibus,
3100 4052 3233 4108 quae
3248 4035 3602 4092 erantvalde

1954 4113 2238 4183 honestae,
2288 4124 2343 4172 et
2381 4117 2684 4188 elegantes
2747 4123 2950 4179 animo
2982 4129 3038 4180 et
3090 4141 3360 4197 corpore,
3398 4123 3602 4180 Romae

1955 4209 2191 4260 versata
2221 4211 2390 4270 esset,
2426 4223 2540 4264 non
2593 4210 2700 4266 fuit
2741 4227 2938 4268 errore
2988 4214 3256 4284 seducta,
3301 4230 3496 4286 neque
3524 4213 3602 4271 ad

1953 4293 2116 4364 impii
2193 4295 2568 4367 imperatoris
2621 4301 2930 4357 reclinavit
2994 4303 3363 4374 religionem,
3430 4303 3598 4360 factis

1953 4381 2100 4452 ipsis
2158 4383 2401 4455 pulchre
2477 4403 2648 4443 suam
2728 4392 3050 4447 ostendens
3136 4392 3602 4466 appellationem

1951 4486 2085 4542 quae
2118 4487 2335 4528 nomen
2368 4490 2502 4530 vere
2544 4480 2898 4549 sumpsisset
2924 4497 2954 4535 a
2976 4497 3238 4553 superna
3286 4483 3601 4554 sapientia,

1952 4566 2005 4614 et
2037 4561 2326 4616 diceretur
2351 4565 2587 4635 Sophia.
2615 4569 2752 4631 Quae
2773 4573 2862 4624 est
2885 4570 3045 4626 enim
3077 4571 3338 4644 desuper
3370 4572 3604 4644 Sapien-

1953 4649 2053 4714 tia,
2074 4649 2809 4722 inquitdivinusJacobus,
2833 4659 3093 4730 primum
3118 4661 3363 4732 quidem
3383 4661 3604 4732 pudica

1952 4745 2056 4804 est,
2091 4738 2304 4795 deinde
2337 4741 2600 4812 pacilica,
2635 4746 2924 4812 modesta,
2953 4747 3257 4815 obediens,
3294 4749 3470 4821 plena
3502 4749 3607 4804 mi-

1952 4827 2272 4884 sericordia
2299 4837 2353 4884 et
2383 4831 2672 4888 fructibus
2716 4834 2914 4890 bonis.
2957 4839 3032 4892 Eo
3061 4839 3240 4902 enim,
3276 4838 3442 4910 quod
3497 4837 3607 4894 vir-

1954 4917 2090 4972 tutis
2122 4918 2337 4974 fructus
2392 4923 2551 4993 apud
2603 4938 2737 4978 eam
2794 4927 3246 4995 agnoscebatur,
3307 4927 3609 4999 adaptavit

1957 5006 2187 5062 ﬁliabus
2242 5010 2363 5063 suis
2411 5012 2882 5083 appellationes:
2939 5020 2994 5071 et
3041 5014 3152 5070 illae
3205 5032 3411 5072 rursus
3437 5015 3496 5071 in
3546 5031 3609 5072 se

1956 5097 2502 5155 ostendebantesse
2545 5117 2735 5171 veras,
2773 5118 2964 5176 neque
3021 5104 3325 5161 habebant
3380 5104 3611 5178 aliquid

1958 5187 2127 5257 rami,
2161 5187 2322 5257 quod
2353 5189 2715 5261 discreparet
2736 5198 2836 5247 aut
2856 5197 3016 5249 esset
3041 5193 3306 5250 alienum
3326 5210 3361 5250 a
3387 5194 3608 5252 radice.

2031 5275 2248 5331 lI.Cum
2265 5283 2462 5332 autem
2483 5278 2884 5335 celebraretur
2901 5284 3061 5353 apud
3081 5298 3282 5338 omnes
3298 5290 3356 5339 et
3372 5283 3612 5340 illarum

1957 5364 2274 5433 prudentia
2306 5372 2360 5420 et
2386 5368 2588 5432 virtus,
2624 5373 2679 5423 et
2707 5369 2766 5424 in
2789 5370 3090 5426 Christum
3115 5372 3344 5440 religio,
3377 5389 3498 5429 non
3534 5373 3613 5429 fe-

1959 5469 2094 5508 rens
2112 5454 2552 5524 paterinvidize,
2574 5472 2678 5528 per
2698 5457 2928 5514 invidos
2944 5459 3146 5516 oculos
3161 5461 3478 5533 cujusdam
3500 5465 3616 5518 An-

1961 5541 2335 5613 tiochi,cujus
2357 5543 2830 5602 ﬁdeicommissa
2845 5545 3034 5604 fuerat
3053 5549 3405 5620 praefectura
3420 5551 3604 5620 urbis,

1961 5629 2256 5701 signiﬁcat
2279 5633 2623 5704 imperatori
2640 5649 2848 5692 earum
2873 5635 3175 5710 pietatem,
3216 5643 3272 5697 et
3301 5655 3402 5698 eas
3428 5638 3616 5698 defert
