4142 6196
474 321 577 378 499
1798 299 2060 362 MENSIS
2098 294 2498 364 AUGUSTUS.
3730 316 3835 371 500

476 449 683 517 Iingua
712 444 921 501 dolosa
942 443 1163 515 impius
1196 447 1252 497 et
1286 439 1481 496 verbis
1512 437 1650 494 odii.
1686 432 1960 490 Protinus
1980 442 2112 497 ergo

2194 424 2447 496 .βασιλεῖ
2502 432 2667 495 δήλην
2717 446 2874 503 ποιεῖ,
2939 444 3027 492 καὶ
3103 442 3169 491 τὰ
3237 439 3351 490 κατ’
3400 438 3561 499 αύτὰς
3616 438 3830 512 γλώσσῃ

476 516 673 593 illeira
694 534 950 608 percitus
967 531 1421 593 inconsiderata,
1449 545 1549 583 eos
1565 543 1717 599 quos
1741 523 1930 577 solent
1946 533 2112 573 voca-

2235 516 2387 593 δολίᾳ
2430 530 2517 577 καὶ
2565 526 2735 597 λόγοις
2788 535 2975 601 μίσους
3018 532 3042 581 ὁ
3073 527 3337 589 δυσσεϐὴς
3379 536 3600 601 φανεροί.
3657 536 3831 600 Παρα-

476 643 539 682 re
566 621 1138 698 apparitores,mittit
1160 620 1235 675 ad
1255 636 1355 675 eas
1373 612 1905 674 adducendalelze
1923 614 2112 663 autem

2233 618 2423 683 χρῆμα
2472 621 2640 666 τοίνυν
2690 618 2841 679 αὐτὸς
2882 619 3140 689 ἀλογίστῳ
3176 621 3320 689 θυμῷ
3352 617 3632 689 ἐπιτρέψας
3671 619 3757 679 οὖς
3797 621 3824 675 ἡ

479 732 611 771 cum
639 713 981 768 didicissent
1003 726 1253 766 causam
1285 724 1491 763 eorum
1528 705 1841 765 adventus,
1871 712 2115 768 cumque

2234 701 2381 763 τάξις
2432 710 2785 781 προτίκτωρας
2835 705 2947 760 οἶδε
2995 708 3185 770 καλεῖν,
3222 707 3303 759 ἐπὶ
3350 710 3406 758 τὸ
3440 706 3651 777 ἀγαγεῖν
3698 710 3830 759 ἑκεί-

480 802 826 874 corporibus
861 804 1055 855 essent
1082 796 1531 869 inseparabiles,
1566 792 1757 861 magis
1789 790 1959 843 etiam
1989 800 2116 840 con-

2235 810 2324 850 νας
2386 790 2648 865 ἐκπέμπει.
2712 799 2773 847 Αἱ
2830 794 2887 849 δὲ
2929 807 3021 857 τῆς
3068 803 3363 869 παρουσίας
3415 796 3581 848 αὐτῶν
3632 799 3829 867 μαθοῦ-

474 895 861 966 jungerentur
887 888 1115 956 spiritu,
1171 886 1315 941 nihil
1346 883 1723 939 ostendentes
1753 879 1906 939 ﬁliae,
1961 875 2110 946 quod

2238 900 2324 931 σαι
2376 886 2431 932 τὸ
2479 888 2659 952 αἴτιον,
2712 883 3003 959 ἀδιαίρετοι
3055 895 3359 958 σωματικῶς
3396 882 3551 939 οὖσαι
3581 889 3834 938 καὶκατὰ

477 998 599 1037 non
626 996 760 1035 cum
798 986 979 1033 matre
1011 976 1375 1040 conveniret,
1408 978 1469 1029 ut
1504 988 1638 1045 qua;
1669 966 2113 1024 inveniebantur

2237 979 2438 1043 πνεῦμα
2492 974 2680 1044 μᾶλλον
2737 982 3079 1040 συνήπτοντο,
3142 973 3292 1028 οὐδέν
3368 996 3421 1028 τε
3498 979 3824 1047 ασύμφωνον,

481 1072 631 1126 inter
657 1086 717 1123 se
746 1069 1000 1123 fraterne
1032 1065 1384 1126 consentire,
1418 1067 1474 1118 et
1505 1064 1673 1116 erant
1705 1058 1881 1113 veluti
1909 1069 2117 1110 corona

2238 1061 2410 1132 ὥσπερ
2461 1065 2683 1135 εἵρηται,
2735 1069 2863 1138 πρὸς
2905 1070 2996 1123 τὴν
3043 1070 3243 1139 μητέρα
3282 1062 3687 1136 ἐπιδειξάμεναι,
3737 1070 3826 1117 καὶ

481 1160 593 1214 sibi
611 1157 856 1229 (aqualis
875 1173 885 1209 :
903 1172 1036 1227 quae
1052 1171 1155 1226 per
1173 1156 1335 1224 ipsas
1354 1157 1407 1208 et
1430 1156 1676 1206 matrem
1695 1144 2117 1217 complebatur,

2238 1147 2476 1210 ἀλλήλαις
2533 1150 2728 1225 ἀδελφά
2785 1163 3065 1226 φρονοῦσαι
3140 1156 3472 1227 ηὑρίσκοντο,
3536 1160 3625 1205 καὶ
3679 1156 3832 1205 οἱονεὶ

483 1249 751 1305 alacriter
790 1248 1041 1301 iverunt.
1098 1246 1418 1315 Postquam
1460 1246 1659 1295 autem
1702 1237 1984 1291 sederunt
2021 1248 2119 1303 prc

2244 1243 2488 1310 στέφανος
2542 1239 2674 1298 ἦσαν
2730 1244 2894 1313 ἐαυτῷ
2956 1249 3083 1309 ἴσος,
3137 1241 3211 1296 δι’
3268 1244 3433 1295 αὐτῶν
3489 1263 3543 1295 τε
3595 1248 3683 1295 καὶ
3739 1252 3834 1304 τῆς

483 1336 768 1394 tribunali
800 1334 1058 1406 praefecti
1091 1332 1276 1397 urbis,
1302 1347 1437 1387 cum
1468 1329 1611 1400 ipsae
1646 1342 1784 1381 eum
1812 1324 1912 1396 qui
1967 1321 2119 1386 dixit1

2241 1333 2435 1399 μητρὸς
2489 1331 2966 1406 συμπληρούμενος·
3022 1334 3103 1394 Ὠς
3139 1331 3197 1386 δὲ
3252 1332 3333 1385 ἐπὶ
3386 1341 3475 1385 τοῦ
3522 1336 3833 1404 ἡγεμονικοῦ

484 1442 607 1483 non
647 1440 776 1480 esse
812 1422 1103 1479 timendos
1135 1436 1236 1476 eos
1270 1420 1370 1492 qui
1421 1417 1704 1473 occidunt
1730 1429 1947 1484 corpus
1979 1414 2021 1475 1,
2078 1417 2120 1465 et

2243 1420 2571 1475 κατέστησαν
2604 1420 2859 1493 βήματος,
2902 1427 2985 1475 τὸν
3035 1424 3241 1475 εἰπόντα
3289 1428 3360 1493 μή
3413 1422 3702 1494 φοϐηθῆναι
3733 1420 3833 1473 ἀπὸ

484 1514 783 1587 pollicitus
810 1516 893 1567 est
917 1527 952 1566 a
979 1526 1041 1565 se
1072 1509 1339 1565 dandam
1363 1522 1497 1562 esse
1528 1502 1912 1576 sapientiam,
1934 1501 2120 1555 Domi-

2242 1514 2341 1557 τῶν
2392 1507 2768 1562 ἀποκτενόντων
2824 1516 2882 1563 τὸ
2946 1520 3115 1584 σῶμα,
3203 1509 3529 1570 δοθήσεσθαί
3602 1529 3653 1562 τε
3711 1511 3834 1585 παρ’

484 1620 631 1659 num
664 1603 1063 1667 invocassent,
1121 1602 1176 1653 et
1206 1614 1267 1652 se
1298 1597 1490 1652 crucis
1524 1595 1715 1662 ﬁgura
1755 1590 2120 1646 muniissent.

2245 1595 2402 1647 αὑτοῦ
2464 1604 2647 1669 σοφίαν
2724 1599 3158 1673 ἐπαγγειλαμένου
3231 1601 3661 1672 ἐπικαλεσάμεναι
3740 1602 3832 1652 Κύ-

485 1693 649 1748 omni
704 1693 913 1747 timore
972 1690 1264 1760 deposito,
1326 1690 1607 1741 steterunt
1655 1699 1790 1738 cum
1870 1680 1997 1736 forti
2079 1686 2121 1733 et

2243 1704 2373 1756 ριον,
2420 1692 2508 1737 καὶ
2565 1697 2636 1758 τῷ
2692 1698 2957 1763 σταυρικῷ
3003 1693 3146 1760 τύπῳ
3190 1690 3651 1763 περιφραξάμεναι,
3711 1708 3837 1739 παν-

487 1796 775 1851 generoso
802 1780 1024 1833 animo.
1086 1777 1271 1832 Judex
1323 1780 1545 1838 autem,
1608 1772 1891 1841 conjectis
1923 1770 1980 1823 in
2034 1785 2123 1822 eas

2198 1776 2207 1823 ἰ
2244 1778 2325 1833 τὸς
2374 1773 2673 1829 ἀποστᾶσαι
2724 1775 2892 1845 δέους,
2934 1782 3063 1849 μετὰ
3094 1784 3329 1849 γενναίου
3375 1786 3466 1830 τοῦ
3510 1784 3834 1851 φρονήματος

487 1870 844 1937 oculis,cum
867 1867 1092 1922 vultum
1116 1866 1357 1921 vidisset
1387 1863 1713 1925 liberalem,
1753 1865 2123 1929 mentemque

2243 1867 2491 1921 ἔστησαν.
2564 1866 2703 1919 Ἐπεὶ
2787 1865 2845 1920 δὲ
2900 1872 3111 1929 ταύταις
3182 1873 3239 1921 τὸ
3300 1872 3440 1940 ὄμμα
3493 1866 3728 1920 ἐπέϐαλεν
3808 1869 3832 1918 ὁ

486 1976 773 2029 magnam
806 1964 862 2013 et
900 1956 1272 2027 praeclaram,
1323 1954 1416 2007 cui
1474 1952 1699 2007 ferebat
1728 1948 2122 2005 testimonium

2244 1950 2495 2016 δικάζων.
2551 1952 2675 2006 ἰδὼν
2730 1959 3053 2031 παράστημα
3097 1958 3287 2027 εὐγενὲς
3338 1963 3427 2009 καὶ
3477 1959 3686 2028 μέγεθος
3718 1953 3836 2007 δια-

485 2049 796 2104 oculorum
829 2055 883 2101 et
911 2046 1147 2101 habitus
1181 2042 1493 2111 modestia,
1534 2041 1772 2095 mittens
1814 2038 1977 2107 fungi
2006 2053 2121 2092 mu-

2241 2047 2395 2102 νοίας,
2455 2043 2553 2095 ἀπὸ
2601 2064 2654 2096 τε
2692 2054 2790 2096 τῶν
2840 2046 3109 2117 ὀφθαλμῶν
3158 2052 3246 2097 καὶ
3276 2056 3365 2106 τῆς
3416 2054 3506 2097 τοῦ
3565 2051 3835 2117 σχήματος

486 2136 877 2206 lierejudicis,
908 2149 1228 2189 conversus
1262 2138 1347 2186 est
1375 2131 1450 2187 ad
1492 2128 1968 2186 admirationem.

2242 2136 2658 2205 μαρτυρούμενον
2690 2134 2990 2207 εὐκοσμίας,
3039 2139 3095 2187 τὸ
3130 2133 3363 2196 δικάζειν
3414 2135 3573 2207 ἀφεὶς,
3605 2138 3734 2205 πρὸς
3778 2138 3834 2185 τὸ

2244 2222 2526 2292 θαυμάζειν
2556 2222 2823 2296 ἐτράπετο,

560 2309 801 2365 ΙΙῐ.Οιιω
818 2313 1014 2364 autem
1036 2312 1279 2363 matrem
1297 2322 1483 2379 prope
1502 2312 1765 2361 curasset
1791 2305 2129 2368 sistendam,

2316 2309 2381 2364 Γ’.
2432 2316 2535 2369 Τήν
2589 2309 2675 2363 οὖν
2725 2318 2924 2387 μητέρα
2954 2314 3173 2371 πλησίον
3212 2315 3703 2385 παραστησάμενος,
3738 2310 3835 2363 κά·

486 2406 541 2457 et
564 2400 698 2457 illas
731 2397 1078 2453 semovisset
1108 2415 1119 2451 :
1146 2400 1271 2452 Non
1305 2412 1491 2466 parva
1518 2394 1899 2465 sunt,inquit,
1934 2409 1970 2448 o
2004 2410 2122 2447 mu-

2243 2404 2416 2459 κείνας
2464 2420 2562 2452 που
2616 2405 2868 2473 μεταθεὶς,
2904 2404 2979 2455 Ού
3014 2406 3195 2477 μικρὰ,
3232 2408 3409 2471 φησὶν,
3465 2401 3503 2453 ὦ
3552 2404 3724 2473 γύναι,
3774 2403 3840 2451 τὰ

482 2490 607 2555 lier,
624 2504 755 2561 quae
769 2487 1058 2543 adversus
1082 2490 1131 2540 te
1151 2485 1515 2540 deferuntur.
1539 2484 1593 2539 Si
1608 2483 1849 2556 quidem
1872 2498 1992 2537 non
2008 2499 2118 2553 par

2243 2492 2377 2539 κατὰ
2432 2492 2507 2556 σε,
2572 2494 2709 2564 εἴπερ
2765 2488 2887 2544 οὐδὲ
2944 2498 3127 2565 μικρὸν
3180 2488 3657 2565 πατροπαραδότων
3716 2489 3840 2541 ἐθῶν

486 2595 561 2634 va
592 2593 685 2633 res
725 2579 830 2641 est,
863 2591 1153 2631 moruma
1174 2574 1524 2646 parentibus
1551 2572 1900 2628 traditorum
1930 2576 1985 2626 et
2011 2570 2122 2627 reli«

2242 2583 2331 2628 καὶ
2377 2578 2718 2651 σεϐασμάτων
2772 2583 3009 2655 οῖρνησιςο
3068 2584 3149 2633 ῐνα
3199 2586 3249 2633 τί
3309 2578 3394 2633 οὖν
3449 2586 3541 2639 τήν
3577 2580 3840 2651 Ῥωμαίων

484 2668 677 2739 gionis
706 2666 967 2733 negatio.
988 2667 1101 2721 Cur
1118 2681 1258 2736 ergo
1276 2667 1683 2720 Romanorum
1701 2662 2003 2731 regionem
2026 2662 2120 2716 im,

2243 2675 2488 2740 ταραχῆς
2540 2668 2820 2731 ἐνέπλησας
2872 2676 2961 2722 καὶ
3015 2667 3396 2743 διχοστασίας,
3449 2666 3587 2742 μηδὲ
3634 2672 3690 2720 τὸ
3742 2688 3838 2719 πα-

482 2758 707 2831 plevisti
724 2756 966 2812 tumultu
982 2753 1674 2819 etdissensione,omnino
1688 2768 1809 2808 non
1823 2767 1953 2807 esse
1967 2752 2107 2806 deos

2242 2759 2410 2827 ράπαν
2445 2754 2569 2809 εἶναι
2625 2760 2787 2822 θεούς,
2846 2758 2951 2811 ἀλλ’
2995 2759 3221 2831 ὀνόματα
3270 2764 3423 2831 μόνον
3465 2759 3653 2819 αύτούς
3684 2756 3840 2809 τελεῖν

484 2852 587 2903 sed
605 2864 705 2903 eos
727 2861 853 2901 esse
879 2845 1072 2901 solum
1092 2844 1341 2899 nomina
1356 2860 1489 2914 quae
1508 2842 1688 2897 rebus
1704 2842 1846 2912 ipsis
1872 2847 2120 2905 careant,

2243 2849 2562 2917 πραγμάτων
2643 2851 2830 2921 ἔρημα,
2909 2846 3463 2920 διατεινομένηςΛέγε
3544 2852 3713 2898 τοίνυν
3785 2850 3839 2897 τὸ

481 2936 786 2993 asserens?
812 2935 911 2989 Dic
942 2949 1083 3002 ergo
1110 2949 1295 3004 quam
1326 2933 1587 3003 primum
1621 2931 1897 3002 patriam,
1922 2947 2108 2997 genus

2241 2936 2403 3004 τάχος
2454 2933 2709 3007 πατρίδα,
2754 2943 2919 3008 γένος,
2980 2943 3139 3009 ὄνομα
3186 2943 3273 2989 καὶ
3321 2941 3378 2989 τὸ
3434 2936 3605 2997 σέϐας.
3657 2936 3713 2988 Ἠ
3757 2933 3834 3002 δὲ,

480 3040 699 3080 nomen
727 3028 781 3078 et
808 3023 1174 3091 religionem.
1194 3021 1295 3075 Illa
1319 3026 1513 3076 autem
1543 3036 1554 3073 :
1584 3020 1843 3074 Primum
1863 3019 2116 3091 quidem,

2246 3030 2451 3093 Πρῶτον
2512 3029 2599 3095 μὲν
2658 3025 2790 3097 ἐμοὶ,
2867 3030 2981 3098 ἔφη,
3059 3033 3147 3079 καὶ
3221 3026 3473 3099 ἐξαίρετον
3528 3031 3705 3097 ὄνομα,
3782 3029 3836 3077 τὸ

479 3112 688 3183 inquit,
751 3111 894 3165 mihi
948 3114 1035 3164 est
1083 3109 1451 3181 praecipuum
1510 3124 1752 3173 nomen,
1794 3123 1864 3163 ex
1906 3107 2115 3163 Christc

2200 3113 2511 3174 :xa).sic79ai
2567 3113 2665 3166 ἀπὸ
2717 3124 2964 3190 Χριστοῦ·
3027 3122 3185 3187 Σοφία
3234 3113 3291 3168 δὲ
3340 3121 3396 3167 τὸ
3444 3118 3543 3167 ἀπὸ
3592 3123 3691 3166 τῶν
3728 3134 3836 3185 γεν-

480 3198 1019 3271 appellari.Sophia
1036 3204 1255 3262 autem,
1276 3198 1524 3251 estmihi
1544 3197 1888 3267 impositum
1910 3213 2116 3253 nomen

2239 3208 2461 3277 νητόρων
2514 3204 2747 3277 λέγομαι·
2803 3211 2977 3277 γένους
3028 3209 3372 3277 τυγχάνουσα
3428 3215 3525 3256 τῶν
3574 3208 3662 3265 τὰς
3702 3211 3835 3276 πρω-

480 3305 515 3345 a
553 3287 918 3360 parentibus.
962 3288 1159 3341 Genus
1200 3286 1353 3341 duco
1392 3284 1565 3341 exiis
1595 3285 1699 3357 qui
1740 3284 1965 3357 primos
2006 3303 2116 3342 ma-

2239 3312 2330 3354 τας
2380 3292 2551 3366 ἀρχὰς
2634 3294 3069 3369 περιϐεϐλημένων
3143 3296 3190 3347 ἐν
3266 3295 3477 3366 Ἰταλίᾳ·
3564 3297 3675 3347 ὅθεν
3748 3299 3836 3346 καὶ

477 3378 759 3448 gistratus
777 3382 1085 3447 gesserunt
1104 3376 1162 3430 in
1185 3374 1364 3439 Italia,
1391 3375 1450 3429 in
1468 3390 1589 3446 qua
1602 3373 1780 3430 etiam
1802 3391 1937 3429 sum
1965 3382 2113 3439 nata

2239 3384 2507 3455 ὥρμημαι.
2556 3385 2637 3435 Ἐν
2683 3391 2814 3436 πᾶσι
2870 3382 2944 3449 δὲ,
2999 3388 3066 3447 ὦς
3114 3406 3200 3456 μοι
3245 3388 3465 3458 εἴρηται,
3518 3392 3578 3456 τῇ
3629 3383 3836 3441 ἐπικλή-

476 3469 628 3522 Inter
657 3466 863 3522 omnia
888 3482 1046 3531 vero,
1078 3470 1136 3521 ut
1162 3482 1196 3521 a
1228 3482 1322 3520 me
1344 3464 1566 3519 dictum
1592 3470 1697 3529 est,
1724 3464 1942 3536 glorior
1963 3467 2112 3522 invo-

2242 3490 2318 3522 σει
2367 3479 2456 3522 τοῦ
2512 3471 2633 3543 ἐμοῦ
2688 3479 2946 3525 Δεσπὸτου
2998 3481 3231 3547 Χριστοῦ
3281 3476 3595 3544 σεμνύνομαι
3625 3472 3832 3543 μᾶλλον,

477 3557 708 3613 catione
737 3556 849 3611 mei
883 3556 1091 3612 Christi
1115 3561 1171 3611 et
1197 3556 1450 3623 Domini,
1484 3556 1577 3610 cui
1611 3555 1692 3609 fui
1724 3556 1922 3612 oblata
1950 3557 2113 3613 conti-

2238 3558 2276 3629 ᾧ
2332 3566 2420 3611 καὶ
2476 3565 2845 3633 προσηνέχθην
2905 3563 3057 3624 εὐθὺς
3136 3562 3189 3613 ἐκ
3241 3568 3543 3633 γεννήσεως,
3602 3566 3689 3613 καὶ
3749 3564 3834 3612 τὸν

473 3662 596 3703 nuo
628 3646 705 3702 ab
731 3651 884 3715 ortu,
915 3650 969 3700 et
994 3646 1086 3700 cui
1112 3644 1299 3701 obtuli
1326 3645 1581 3699 fructum
1615 3644 1730 3699 mei
1768 3646 1915 3701 uteri
1954 3668 1963 3698 :
1999 3663 2104 3717 pro

2237 3658 2333 3700 τὼν
2386 3649 2516 3721 ἐμων
2564 3649 2761 3703 ὠδίνων
2819 3656 3015 3725 καρπὸν
3072 3658 3458 3725 προσενήνοχα·
3514 3648 3585 3703 δι’
3640 3653 3692 3702 ὃν
3746 3656 3835 3701 καὶ

473 3740 602 3807 pter
622 3752 802 3808 quem
820 3735 999 3791 etiam
1018 3735 1289 3789 venimus
1306 3735 1365 3789 in
1388 3735 1542 3789 hanc
1567 3737 1969 3790 Romanorum
1994 3736 2105 3790 civi

2239 3738 2307 3799 εἰς
2354 3737 2509 3796 τήνδε
2568 3746 2659 3799 τήν
2718 3742 2979 3812 Ῥωμαίων
3051 3761 3495 3815 παραγεγοναμεν,
3553 3744 3616 3801 ὡς
3668 3742 3726 3791 οῖν
3778 3743 3832 3790 τὸ

474 3830 675 3890 tatem,
710 3829 768 3881 ut
794 3841 926 3879 cum
949 3828 1173 3879 rectam
1201 3823 1381 3878 ﬁdem
1406 3840 1595 3897 usque
1617 3826 1689 3878 ad
1718 3830 1971 3881 mortem
1994 3841 2110 3880 con'

2236 3833 2351 3901 περὶ
2404 3834 2496 3886 τὴν
2550 3840 2729 3882 πίστιν
2778 3832 2915 3900 ὑγιὲς
2944 3834 3109 3902 μέχρι
3150 3838 3239 3882 καὶ
3270 3830 3429 3881 αὐτοῦ
3464 3832 3684 3881 θανάτου
3718 3825 3834 3879 δια-

473 3915 929 3980 servaverimus,
970 3913 1289 3986 pulchrum
1323 3914 1604 3969 viaticum
1652 3913 1980 3978 afferentes,
2017 3932 2109 3987 prc

2236 3924 2561 3989 τηρήσασαι,
2617 3926 2703 3971 καὶ
2770 3920 2922 3971 καλὸν
2978 3916 3181 3991 ἐφόδιον
3240 3924 3332 3977 τὴν
3391 3920 3515 3991 ὑπὲρ
3603 3924 3831 3991 Χριστοῦ

473 4005 702 4061 Christo
736 4008 1077 4076 susceptam
1105 4003 1588 4068 decertationem,
1614 4008 1665 4058 et
1694 4009 2067 4060 transeuntes
2091 4021 2109 4061 ε

2235 4005 2455 4062 ἄθλησιν
2514 4006 2843 4079 ἐπαγόμεναι,
2896 4008 3191 4080 μεταϐᾶσαί
3248 4028 3299 4058 τε
3366 4010 3466 4059 ἀπὸ
3521 4014 3610 4057 τοῦ
3681 4008 3831 4057 θανά-

470 4099 657 4150 morte
686 4094 745 4149 in
767 4093 971 4159 vitam,
993 4092 1260 4148 hmredes
1283 4091 1471 4147 simus
1499 4092 1796 4148 bonorum
1823 4110 1959 4165 quae
1988 4111 2100 4149 sun

2235 4112 2324 4145 του
2356 4094 2426 4156 εἰς
2473 4100 2565 4153 τήν
2615 4100 2749 4158 ζωὴν
2799 4106 2897 4148 τῶν
2931 4098 2980 4148 ἐν
3034 4096 3366 4167 ἐπαγγελίαις
3410 4095 3597 4147 ἐκεῖθεν
3628 4093 3823 4167 κληρο-

469 4182 585 4238 illic
616 4182 938 4253 promissa.

2232 4189 2538 4256 νομήσωμεν
2571 4184 2797 4255 ἀγαθῶν.

541 4270 630 4325 1V.
650 4271 873 4325 Horum
897 4269 1220 4325 verborum
1242 4268 1595 4334 libertatem,
1619 4274 1674 4325 et
1696 4286 1832 4324 cum
1856 4270 2119 4327 libertate

2304 4273 2375 4327 A'.
2436 4271 2608 4326 Τὼνδε
2652 4284 2750 4325 τῶν
2798 4276 3044 4349 ῥημάτων
3098 4276 3121 4325 ὁ
3181 4271 3446 4334 δυσσεϐὴς
3500 4278 3591 4331 τήν
3642 4273 3830 4325 ἐλευθε-

466 4358 818 4431 sapientiam
843 4359 1172 4414 admiratus
1191 4364 1276 4413 est
1294 4359 1536 4429 impius.
1560 4360 1631 4414 Ut
1652 4360 1751 4430 qui
1776 4364 1974 4415 autem
1993 4361 2102 4429 jan

2232 4368 2347 4435 ρίαν
2396 4369 2483 4414 καὶ
2531 4367 2587 4415 τὸ
2641 4367 2769 4435 μετα
2845 4364 3143 4438 παρρησίας
3212 4364 3481 4415 εύσύνετον
3558 4360 3650 4415 διὰ
3710 4364 3830 4414 θαύ-

466 4448 662 4519 primo
695 4447 849 4503 facto
880 4447 1140 4518 pericqu
1162 4452 1671 4519 essetsuperatus,
1707 4452 1845 4502 tunc
1876 4449 2102 4520 quideu

2192 4471 2390 4523 ,ματος
2438 4454 2805 4522 ποιησάμενος,
2844 4456 2911 4512 ὡς
2961 4450 3066 4510 ἤδη
3123 4448 3213 4503 διὰ
3254 4461 3343 4511 τῆς
3400 4458 3610 4525 πρώτης
3651 4456 3828 4525 πείρας

464 4536 688 4593 distulit
711 4537 1009 4605 virginum
1036 4535 1752 4607 interrogationem;apud
1787 4539 2100 4609 quamdan

2230 4547 2322 4598 τήν
2376 4538 2533 4598 ἧτταν
2589 4537 2877 4613 δεξάμενος,
2928 4561 3041 4593 τοτε
3099 4546 3187 4611 μὲν
3239 4561 3330 4602 της
3363 4545 3488 4615 πρὸς
3544 4544 3635 4602 τὰς
3693 4561 3826 4613 παρ-

463 4632 657 4682 autem
674 4626 959 4680 mulierem
976 4625 1195 4681 ordinis
1214 4625 1752 4691 senatorii,nomine
1772 4626 2090 4683 Palladiam

2232 4632 2404 4691 θένους
2462 4629 2713 4703 ἐρώτησιν
2768 4632 3058 4702 ὑπερέθετο,
3122 4632 3263 4702 παρά
3321 4649 3422 4681 τινι
3486 4626 3543 4681 δὲ
3616 4634 3827 4700 γυναικὶ

459 4715 632 4788 jubet
652 4730 754 4770 eas
787 4731 926 4770 cum
959 4718 1146 4771 matre
1161 4714 1712 4787 servari,imperans
1740 4722 1917 4771 uteas
1950 4717 2095 4772 tertir

2227 4730 2325 4771 τῶν
2376 4730 2465 4779 τῆς
2516 4719 2804 4788 συγκλήτου
2836 4719 3042 4785 τάξεως,
3075 4724 3302 4791 τοῦνομα
3344 4716 3632 4790 Παλλαὸίᾳ,
3666 4737 3827 4790 προσ-

464 4805 559 4861 die
590 4804 947 4876 produceret
976 4804 1052 4859 ad
1084 4802 1606 4859 examinationem.
1631 4804 1743 4859 Illae
1776 4811 1971 4859 autem
2000 4805 2100 4860 otic

2226 4812 2399 4861 τάττει
2498 4808 2867 4880 φυλάττεσθαι,
2958 4814 3139 4882 τρίτην
3230 4811 3425 4883 ἡμέραν
3502 4816 3824 4882 παραγαγεῖν

462 4894 627 4966 quod
650 4894 731 4949 eis
744 4894 951 4949 datum
966 4892 1333 4956 fuerat,recte
1351 4898 1575 4948 utentes
1590 4894 1856 4948 animum
1874 4894 2091 4950 adhibe

2226 4900 2386 4959 αὐτας
2441 4899 2511 4960 εἰς
2559 4901 2809 4971 ἐρώτησιν
2864 4897 3129 4959 κελεύσας.
3182 4900 3243 4951 Αἰ
3292 4895 3350 4951 δὲ
3398 4902 3490 4955 τήν
3539 4894 3820 4968 δεδομένην

461 4982 611 5039 bant
636 4984 973 5054 matri,quae
1000 4982 1083 5037 eis
1110 4981 1403 5037 suabebat
1429 4999 1499 5039 ea
1523 4982 1747 5055 quibus
1780 4990 1905 5040 erat
1934 5000 2088 5055 Opus

2227 4987 2425 5058 σχολήν
2480 4988 2532 5038 εὗ
2586 4984 2887 5057 διαθέμεναι
2932 4995 2991 5058 τῇ
3028 4992 3189 5059 μητρὶ
3222 4994 3503 5058 προσεῖχον
3535 4988 3598 5037 τὰ
3645 4983 3824 5037 δέοντα

463 5072 705 5128 Dicebat
733 5072 891 5127 enim
916 5072 1000 5128 eis
1031 5088 1044 5123 :
1070 5072 1191 5140 Ego
1213 5071 1480 5143 quidem,
1505 5088 1541 5128 o
1568 5072 1792 5128 dilectae
1817 5073 2099 5137 tilia,cun:

2222 5080 2569 5150 παραινούσῃ.
2648 5075 2823 5145 Ἐλεγε
2894 5078 2993 5148 γὰρ
3056 5076 3256 5137 αὐταῖς·
3310 5076 3438 5145 Ἐγὼ
3495 5079 3583 5146 μὲν
3668 5076 3820 5147 ὑμᾶς,

458 5176 567 5217 vos
598 5161 931 5218 secundum
950 5176 1189 5216 carnem
1213 5161 1747 5231 genuissem.omni
1773 5162 2039 5217 doctrina
2057 5179 2087 5217 e

2222 5164 2261 5215 ὦ
2314 5170 2462 5216 τέκνα
2533 5167 2846 5235 ποθούμενα,
2922 5169 2978 5217 τὸ
3046 5166 3179 5215 κατὰ
3260 5166 3429 5237 σάρκα
3500 5170 3819 5233 γεννήσασα,

460 5249 643 5306 sacris
674 5250 898 5306 Litteris
930 5249 1143 5306 erudii.
1178 5250 1469 5314 Quoniam
1502 5255 1700 5305 autem
1733 5256 1967 5322 tempus
2008 5268 2096 5306 vos

2221 5252 2437 5326 παιδείᾳ
2487 5258 2625 5326 πάσῃ
2682 5259 2770 5306 καὶ
2822 5257 2974 5327 ἱεροῖς
3022 5254 3195 5324 λόγοις
3246 5253 3622 5324 ἐξεθρεψάμην.
3686 5252 3822 5304 Ἐπεὶ

460 5342 635 5394 vocat
652 5338 730 5394 ad
754 5343 1351 5409 certamen,meorum
1376 5339 1696 5395 verborum
1722 5341 1942 5395 fructus
1964 5357 2096 5412 qua-

2219 5340 2304 5397 οὖν
2350 5348 2526 5417 καιρὸς
2583 5343 2646 5403 εἰς
2703 5342 2876 5414 ἀγῶνα
2929 5341 3233 5417 παρακαλεῖ,
3273 5344 3297 5393 ὁ
3343 5350 3438 5393 τῶν
3488 5340 3618 5413 ἐμῶν
3658 5341 3818 5412 λόγων

458 5426 529 5484 ils
554 5428 643 5493 sit,
672 5427 731 5483 in
754 5428 924 5483 vobis
947 5434 1234 5502 appareat
1259 5446 1272 5482 :
1300 5432 1357 5485 et
1378 5428 1481 5485 diu
1507 5446 1542 5485 a
1568 5429 1735 5485 vobis
1756 5430 2094 5488 meditatam

2216 5437 2415 5509 παρπὸς
2473 5436 2662 5496 ὁποῖος,
2736 5432 2783 5484 ἐν
2846 5434 2964 5504 ύμῖν
3045 5432 3271 5504 ἀρθήτω·
3329 5436 3417 5482 καὶ
3476 5436 3546 5503 μή
3603 5435 3697 5489 τήν
3757 5429 3811 5481 ἐκ

533 5577 550 5613 ¹
596 5576 790 5645 Matth,
816 5592 874 5645 x,
905 5579 994 5634 28.
