4034 6206
186 347 282 402 501

186 473 371 525 πολλοῦ
427 470 888 544 διαμελετηθεῖσαν
949 473 1071 543 ὑμῖν
1130 471 1333 542 ἀρετὴν,
1391 472 1421 528 ἡ
1485 464 1556 519 δι’
1612 464 1788 534 ὀλίγον
1823 458 1869 511 Α

188 562 639 633 ἐπενεχθησομένη
687 561 901 632 ἐπηρεια
944 559 1205 633 διελέγξη,
1244 556 1378 617 μηδὲ
1426 561 1484 610 τὸ
1528 563 1619 615 τῆς
1660 553 1794 606 πλά-

186 672 268 711 νης
327 651 624 723 ἀνίσχυρον
685 656 778 710 τὴν
832 657 1018 711 παντὸς
1079 652 1426 723 ἰσχυροτέραν
1482 646 1790 715 κατισχὺσῃ

189 739 453 798 ἀληθειαν.
493 740 748 793 ’Υποπτόν
794 761 883 812 μοι
921 749 1015 801 τῆς
1061 740 1268 800 ἡλικίας
1318 740 1458 809 ὑμῶν
1504 739 1560 787 τό
1591 733 1791 798 νεάζον,

188 829 314 881 ἀλλά
368 835 446 901 μὴ
507 828 748 882 δειλιάτω
790 835 874 882 τὸν
923 827 1202 882 κίνδυνον·
1255 828 1385 890 ἕξετε
1437 829 1537 896 γὰρ
1598 823 1792 896 βοηθὸν

188 925 277 977 τὴν
311 922 533 990 ἄμαχον
577 928 668 970 τοῦ
713 927 945 991 Χριστοῦ
991 923 1322 990 συμμαχίαν.
1361 922 1481 968 Δότε
1525 918 1794 982 τοιγαροῦν

188 1018 256 1078 τῷ
312 1007 422 1079 ἐμῷ
473 1013 633 1080 γήρᾳ,
686 1005 806 1060 δότε
862 1016 970 1069 τοῖς
1026 1009 1290 1078 ὑμετέροις
1347 1005 1544 1075 ἀγῶσιν
1594 1002 1794 1071 ἑνσκιρ-

189 1105 350 1154 τῆσαι
411 1104 796 1171 νεανικώτερον,
858 1093 1124 1149 ἀνένδοτον
1174 1098 1309 1170 ἄχρι
1355 1093 1531 1154 τέλους
1582 1096 1674 1150 τὴν
1724 1091 1791 1152 εἰς

188 1189 420 1257 Χριστὸν
473 1182 827 1258 διατηροῦσαι
876 1186 1172 1258 ὁμολογίαν,
1206 1187 1261 1245 ὃς
1303 1189 1390 1235 καὶ
1429 1187 1574 1255 χειρὶ
1615 1179 1792 1250 στέψει

183 1282 244 1345 τῇ
305 1273 578 1344 ἀθανάτῳ,
635 1280 724 1326 καὶ
801 1274 1128 1348 ἀμαράντους
1205 1275 1323 1345 ὑμῖν
1396 1270 1603 1344 παρέξει
1673 1273 1791 1330 τοὺς

187 1365 496 1434 στεφάνους,
548 1364 659 1434 μεθ’
709 1364 768 1415 οὗ
827 1369 918 1414 καὶ
976 1364 1047 1424 εἰς
1114 1363 1298 1422 αἰῶνας
1359 1362 1540 1413 ἔσεσθε
1593 1375 1792 1427 συγχο-

183 1455 460 1525 ρεύουσαι,
513 1458 603 1504 καὶ
665 1454 925 1526 ἄφθαρτον
982 1461 1253 1526 τρυφῶσαι
1306 1453 1521 1523 τρυφὴν,
1579 1447 1792 1499 πλοῦτόν

183 1560 236 1593 τε
279 1541 504 1606 ἄσυλον,
551 1547 638 1593 καὶ
685 1539 880 1598 ἡδονὴν
928 1544 1283 1613 καρπούμεναι
1325 1535 1587 1610 μηδέποτε
1629 1552 1796 1587 παυο-

186 1636 360 1701 μένην.
451 1635 719 1704 Φρονίμων
819 1627 904 1682 οὖν
1009 1633 1147 1682 ἐστιν
1255 1625 1796 1688 ἀντικαταλλάξασθαι

187 1727 280 1770 τῶν
327 1728 537 1790 μικρῶν
589 1723 654 1770 τά
707 1724 950 1791 μέγιστα,
1013 1728 1110 1770 τῶν
1160 1717 1395 1770 ἀστάτων
1446 1719 1512 1768 τά
1559 1719 1793 1786 μένοντα,

189 1817 282 1859 τῶν
361 1810 588 1882 ῥεόντων
647 1811 712 1859 τά
784 1817 853 1880 μῆ
933 1812 1248 1879 κενούμενα·
1307 1806 1414 1859 ἐπεὶ
1470 1811 1559 1857 καὶ
1619 1811 1796 1855 πασῶν
1831 1810 1874 1864 Β

189 1901 510 1971 πραγμάτων
562 1899 692 1955 αὕτη
743 1901 1048 1970 τιμιωτέρα,
1082 1897 1259 1967 ὀλίγου
1309 1898 1524 1967 αἵματος
1571 1893 1796 1964 οὐρανῶν

192 1989 509 2044 ὠνήσασθαι
540 1992 633 2044 τὴν
663 1985 958 2059 βασιλείαν.
990 1991 1088 2039 Καὶ
1119 1994 1287 2037 ταῦτα
1317 1988 1406 2056 μὲν
1438 1987 1466 2042 ἡ
1497 1988 1674 2054 Σοφία.

259 2074 325 2132 Ε.
373 2078 438 2128 Δί
497 2072 558 2127 δὲ
607 2081 769 2147 μητρὶ
814 2078 1028 2147 τοιαύτῃ
1075 2081 1438 2146 προσήκουσαι
1484 2075 1794 2143 θυγατέρες·

193 2169 254 2216 Σύ
297 2169 409 2236 μεν,
448 2162 615 2228 εἷπον,
668 2163 707 2214 ὧ
754 2163 1018 2237 σεϐασμία
1065 2173 1244 2237 μῆτερ,
1290 2164 1476 2235 εύχαῖς
1523 2165 1659 2233 ἡμᾶς
1691 2168 1800 2220 ταῖς

191 2261 476 2324 μητρυιαῖς
551 2253 920 2324 παράπεμψον.
982 2252 1330 2325 φυλακτήριον
1407 2254 1531 2320 ἡμῖν
1606 2249 1800 2318 ἀγαθόν

193 2341 343 2401 me;
389 2350 783 2415 παρασχοῦσα.
829 2342 886 2394 Ὀ
937 2339 994 2393 δε
1035 2346 1292 2414 προειπὼν
1347 2343 1556 2411 Κύριος,
1591 2343 1673 2395 Μὴ
1717 2357 1800 2409 με·

193 2436 482 2500 ριμνὴσητε
542 2438 650 2492 πῶς
697 2432 726 2490 ἦ
780 2436 832 2482 τί
881 2430 1290 2501 ἀπολογήσεσθε,
1345 2430 1464 2480 ὅταν
1515 2427 1594 2479 ἐπὶ
1647 2426 1803 2499 βασι-

189 2517 285 2580 λεῖς
341 2518 559 2590 ἀχθῆτε
627 2526 714 2572 καὶ
777 2523 1050 2591 ἡγεμόνας,
1106 2520 1258 2578 οὗτος
1313 2520 1537 2580 πάντως,
1593 2521 1660 2577 ὡς
1713 2520 1802 2587 μὲν

196 2607 406 2672 ἀληθὴς,
441 2609 509 2660 ού
559 2605 925 2678 διαψεύσεται,
959 2612 1022 2668 ὡς
1071 2605 1130 2660 δὲ
1181 2605 1425 2671 δυνατός,
1460 2606 1799 2677 ἐκπληρώσει,

194 2702 440 2770 παρέχων
494 2699 618 2768 ἡμῖν
653 2703 854 2769 σοφίαν,
891 2695 964 2749 δι’
1012 2699 1076 2757 ἧς
1119 2694 1457 2766 δυνησόμεθα
1502 2701 1595 2754 την
1627 2698 1803 2766 μωρὰν

194 2790 338 2845 ὄντως
387 2792 482 2837 καὶ
534 2791 954 2859 καταργουμένην
997 2794 1214 2844 νικῆσαι
1259 2790 1464 2856 σοφίαν,
1511 2792 1599 2836 καὶ
1654 2803 1800 2855 φανε-

197 2883 286 2944 ρῶς
345 2877 737 2947 τροπῶσασθαι
784 2881 877 2933 τὴν
955 2875 1211 2927 ἀσέϐειαν.
1267 2882 1377 2926 Τῶν
1437 2871 1523 2925 οὑν
1582 2874 1802 2946 ὡρισμέ-

196 2984 284 3013 νων
368 2973 536 3036 τριῶν
615 2967 816 3036 ἡμερῶν
898 2961 1004 3023 ἤδη
1082 2973 1449 3036 παρηκουσῶν,
1512 2968 1640 3035 πρὸς
1708 2965 1802 3017 τὴν

199 3050 451 3122 ἐρώτησιν
510 3054 563 3104 αἱ
616 3053 765 3123 ἅγιαι
823 3055 1025 3124 ἦγοντο.
1083 3051 1208 3104 Εἶτα
1253 3054 1278 3104 ό
1336 3050 1569 3113 δικάζων
1637 3047 1802 3108 δεινός

199 3140 262 3190 ὡν
307 3147 396 3194 καὶ
452 3148 732 3202 σκοπήσας
780 3148 830 3193 τί
872 3143 1151 3213 χαλάσειεν
1200 3141 1258 3192 ἀν
1303 3137 1548 3192 νεανίδων
1594 3139 1800 3190 ἁπαλῶν
1837 3165 1878 3220 C

197 3229 475 3301 λογισμόν,
531 3230 687 3302 πολλῇ
760 3235 949 3291 ταύτας
1018 3233 1291 3302 ὑπήρχετο
1340 3230 1616 3300 κολακείᾳσ
1678 3233 1798 3279 καί·

197 3317 374 3391 Ὁρῶν,
423 3321 592 3389 ὑμῶν,
636 3323 751 3391 ἔφη,
784 3324 841 3371 τὸ
891 3320 1094 3385 κάλλος,
1139 3318 1176 3371 ὧ
1221 3316 1428 3385 παῖδες,
1473 3324 1561 3370 καὶ
1609 3322 1700 3376 τὴν
1750 3315 1802 3368 ἐκ

199 3427 283 3468 της
338 3416 548 3482 μορφῆς
619 3412 814 3466 ταύτην
882 3409 1235 3483 ἀπορρέουσαν
1312 3405 1520 3470 ἡδονὴν,
1585 3407 1680 3458 οὑκ
1751 3406 1802 3469 ἐξ

202 3495 528 3566 ἀνθρωπίνης
587 3500 815 3570 ἠγοῦμαι
867 3499 1128 3570 προελθεῖν
1198 3500 1333 3570 ὑμᾶς
1403 3500 1620 3569 φύσεως,
1678 3495 1802 3546 ἀλλά

200 3604 326 3646 τινος
385 3590 652 3659 θειοτέρας
727 3587 810 3639 ἐπὶ
872 3591 1100 3660 θαύματι
1169 3596 1268 3638 τῶν
1327 3589 1559 3658 ὁρώντων
1613 3585 1804 3636 ἀποτα-

204 3677 396 3744 χθῆναι
423 3693 436 3704 °
477 3673 569 3727 διὰ
612 3684 778 3728 ταῦτα
835 3681 922 3728 καὶ
973 3682 1231 3750 πατρικὴν
1288 3673 1666 3743 ἐνδεικνύμενος
1711 3680 1802 3732 τὴν

207 3771 451 3835 στοργήν,
507 3763 633 3826 ἀξιῶ
682 3767 833 3837 ὑμᾶς,
884 3765 1141 3838 φίλταται,
1189 3770 1259 3836 μὴ
1309 3765 1632 3838 βουληθῆναι
1680 3763 1803 3823 ὅλως

209 3850 492 3912 ἀπειθῆσαι
563 3853 792 3925 φιλοῦντι
872 3859 1054 3926 πατρὶ,
1116 3853 1244 3906 ἀλλὰ
1299 3864 1479 3927 πρῶτα
1558 3857 1646 3925 μεν
1722 3852 1803 3904 ἐπὶ⁵

206 3949 314 3992 νοῦν
365 3941 543 3994 λαϐεῖν
599 3946 718 3994 ἔνθα
774 3943 982 4004 ἡλικίας
1041 3946 1066 4001 ἡ
1121 3950 1291 4018 μήτηρ
1343 3945 1484 4014 ὑμῶν
1535 3942 1693 4006 ἐστιν,
1747 3943 1804 4002 ἧς

207 4037 290 4082 καὶ
335 4032 693 4102 μαστίξεσθαι
739 4029 822 4084 δεῖ
868 4037 923 4084 τὸ
971 4041 1154 4104 γῆρας,
1191 4036 1327 4106 εἴπερ
1373 4035 1520 4104 ὑμεῖς
1569 4030 1802 4083 ἀπειθοῦο

211 4137 293 4169 σαι
348 4122 611 4191 φαίνεσθε.
669 4120 887 4173 Ἔπειτα
941 4120 999 4173 δὲ
1070 4127 1159 4173 καὶ
1242 4126 1300 4173 τὸ
1349 4126 1455 4174 νέον
1514 4129 1608 4182 τῆς
1663 4122 1804 4192 ὑμῶν

210 4206 408 4270 ἡλικίας
468 4209 539 4271 εἰς
592 4207 818 4279 καρδίαν
872 4213 1073 4274 θέσθαι,
1119 4219 1207 4262 τοῦ
1260 4211 1478 4271 κάλλους
1522 4230 1574 4262 τε
1617 4214 1673 4261 τὸ
1718 4211 1802 4260 aia-

213 4297 290 4357 θος
338 4303 431 4350 καὶ
487 4304 573 4356 τὴν
641 4297 932 4374 ἀπόρρητον
992 4300 1291 4372 εὐμορφίαν,
1349 4300 1407 4357 ἢν
1465 4301 1584 4351 ὅσον
1651 4299 1802 4351 ἐθαύ-

212 4403 370 4455 μασα,
403 4394 653 4438 τοσοῦτον
701 4390 888 4459 ἔσομαι
931 4388 1160 4448 κολάζων
1211 4394 1299 4440 καὶ
1348 4394 1417 4460 μὴ
1472 4388 1802 4461 βουλόμενος,

215 4476 309 4544 εἴγε
350 4477 498 4548 ὑμεῖς
538 4484 610 4546 τῷ
658 4481 728 4547 μὴ
780 4479 1053 4529 πείθεσθαι
1083 4477 1342 4529 λυπούσαί
1386 4498 1447 4549 με
1476 4482 1599 4550 πρὸς
1649 4478 1803 4549 ὀργὴν

215 4560 538 4636 ὶξαγάγητε·
600 4571 687 4617 καὶ
741 4573 874 4631 τότε,
937 4566 1068 4638 φεῦῐ
1127 4567 1398 4618 ἀπολεῖσθε
1463 4588 1630 4628 κακῶς
1687 4571 1804 4619 ὅταν

218 4648 318 4704 ἔδει
365 4654 557 4726 μᾶλλον
610 4657 745 4727 ὑμᾶς
797 4662 1025 4726 χαίρειν,
1088 4657 1381 4732 εύπραγεῖν,
1442 4658 1665 4708 πλούτου
1719 4662 1807 4708 καὶ

219 4735 370 4804 δόξης
425 4749 514 4795 καὶ
565 4742 845 4816 βασιλικῆς
892 4744 1164 4798 ἀπολαύειν
1218 4747 1494 4817 εὐμενείας,
1540 4747 1708 4798 αὐτῶν
1757 4765 1810 4798 τε

1837 4520 1882 4574 D

227 4838 311 4881 τῶν
355 4832 524 4885 καλῶν
571 4841 664 4886 τοῦ
707 4843 892 4905 καιροῦ
935 4840 1024 4886 καὶ
1068 4843 1158 4896 τῆς
1203 4837 1407 4897 ἡλικίας
1456 4842 1807 4910 κατατρυφᾷν,

223 4915 366 4972 Ἀλλὰ
389 4930 560 4974 ταῦτα
588 4926 678 4994 μεν
709 4925 734 4974 ό
766 4920 1017 4984 δικάζων.

303 5018 398 5092 ς’.
434 5029 498 5082 Δί
543 5025 602 5082 δε
647 5032 911 5103 παρθένοι,
944 5034 1008 5082 τά
1051 5041 1139 5091 τῆς
1192 5037 1372 5103 Σοφίας
1418 5030 1770 5103 βλαστήματα
1797 5050 1807 5061 ·

221 5117 405 5184 Ἡμεῖς,
455 5115 616 5184 εἶπον,
665 5121 781 5170 οὔτε
823 5128 922 5170 τῶν
973 5118 1282 5191 ἐπαγγελιῶν
1339 5140 1431 5171 σου
1485 5124 1697 5184 τούτων,
1750 5124 1814 5181 ὡς

225 5205 447 5276 εἴρηκας,
497 5205 754 5280 ἐφιέμεθα,
811 5210 924 5260 οὔτε
992 5218 1090 5260 τῶν
1149 5209 1368 5260 ἀπειλῶν
1423 5214 1510 5261 καὶ
1571 5208 1814 5280 βασάνων

225 5287 622 5367 ἐπιτρεφόμεθα·
683 5296 954 5370 ἀφθάρτων
1017 5300 1114 5373 γὰρ
1194 5297 1381 5371 ἐρῶμεν
1441 5297 1669 5369 ἀγαθῶν,
1728 5305 1814 5351 καὶ

229 5375 481 5455 ἀφθάρτου
531 5389 796 5457 Νυμφίου,
854 5395 954 5436 τῶν
1017 5385 1347 5460 ἀνθρωπίνων
1399 5390 1601 5438 πάντων
1655 5409 1814 5440 κατα-

230 5476 568 5540 φρονήσασαε.
612 5471 733 5526 Ὀτι
787 5471 844 5528 δε
897 5480 990 5532 τὴν
1038 5481 1238 5550 μητέρα
1283 5475 1520 5528 κολάσειν
1567 5475 1812 5543 ἀπειλεῖς,

297 5645 546 5710 'Iatth.
571 5663 634 5717 ι,
664 5651 754 5709 t9.

201 6040 204 6044 -
333 6039 340 6044 -
361 6037 374 6054 1

1061 343 1507 401 MARTYRIUM
1548 339 1610 395 S.
1649 331 1936 393 SOPHIE
1961 333 2064 392 ‘ET
2101 338 2454 400 FILIABUM
2491 345 2680 403 EJUS.

3457 349 3564 405 502

1910 462 2209 531 virtutem,
2235 485 2371 540 quae
2414 471 2582 526 vobis
2615 472 2778 527 brevi
2809 475 2894 527 est
2921 471 3245 536 inferenda,
3273 489 3397 530 non
3441 474 3561 528 vin-

1905 559 1999 609 cat
2019 553 2236 625 injuria
2272 575 2283 611 :
2340 576 2534 631 neque
2564 562 2771 616 erroris
2803 560 3174 617 imbecillitas
3202 579 3262 617 re
3294 563 3561 634 qualibet

1904 641 2203 700 fortiorem
2232 655 2467 719 superet
2498 650 2822 706 veritatem.
2856 651 2989 706 Mihi
3023 655 3111 705 est
3133 656 3408 722 suspecta
3423 658 3561 708 aetas

1905 739 2098 788 vestra
2124 737 2398 804 juvenilis
2430 743 2486 792 et
2512 744 2712 794 tenera
2739 755 2752 804 ;
2778 740 2876 794 sed
2904 755 3024 794 non
3052 739 3396 795 extimescat
3413 741 3561 810 peri-

1903 821 2121 877 culum.
2173 826 2358 882 Vobis
2395 828 2554 884 enim
2606 845 2782 900 opem
2834 829 2978 884 feret
3019 829 3304 884 invictum
3353 830 3562 884 Christi

1904 912 2206 968 auxilium.
2241 915 2380 970 Date
2410 932 2551 985 ergo
2573 933 2721 972 meae
2747 918 3052 983 senectuti,
3083 917 3241 982 date,
3270 923 3332 973 ut
3359 918 3564 973 vestris

1903 1003 2319 1058 certaminibus
2344 1005 2682 1073 juveniliter
2707 1007 3019 1072 exsultem,
3053 1009 3290 1061 ﬁrmam
3317 1012 3372 1060 et
3390 1005 3566 1062 stabi-

1902 1089 2017 1144 lem
2047 1099 2354 1148 servantes
2372 1110 2559 1165 usque
2581 1095 2846 1151 adﬁnem
2869 1095 3078 1152 Christi
3092 1095 3529 1152 confessionem
3550 1112 3561 1150 :

1901 1183 2071 1250 quiet
2086 1198 2265 1236 manu
2281 1184 2592 1239 coronabit
2608 1185 2948 1252 immortali,
2965 1190 3168 1257 etquae
3185 1200 3297 1240 non
3313 1190 3568 1256 possunt

1903 1284 2290 1335 marcescere,
2307 1273 2474 1326 vobis
2488 1273 3061 1344 prmbebitcoronas,
3079 1274 3446 1345 postquasin
3460 1291 3564 1330 sae-

1903 1357 2038 1413 cula
2050 1359 2263 1416 choros
2280 1361 2456 1416 simul
2469 1362 2782 1428 ducetis,et
2795 1363 3067 1418 fruemini
3081 1362 3326 1428 deliciis,
3342 1363 3400 1417 in
3415 1379 3567 1434 quas

1905 1462 2025 1502 non
2063 1449 2220 1504 cadit
2251 1450 2538 1514 interitus,
2573 1456 2630 1507 et
2668 1451 3117 1523 consequemini
3144 1452 3395 1519 divitias,
3431 1469 3568 1524 qum

1904 1550 2021 1591 non
2045 1545 2293 1608 possunt
2310 1539 2560 1611 subripi,
2579 1546 2635 1596 et
2652 1557 2790 1612 quae
2812 1557 3125 1613 nunquam
3143 1541 3377 1607 desinit,
3403 1541 3570 1597 volu-

1907 1631 2065 1696 ptate
2093 1627 2418 1698 potiemini.
2447 1631 2542 1684 Est
2561 1645 2697 1698 ergo
2720 1631 3103 1701 prudentium
3120 1631 3316 1702 parvis
3340 1646 3568 1700 permu-

1907 1719 2032 1771 tare
2064 1716 2348 1787 maxima,
2385 1718 2760 1774 instabilibus
2790 1719 3570 1790 permanentia,ﬂuentibus

1907 1820 1976 1859 ea
2003 1821 2138 1876 quse
2157 1821 2274 1861 non
2305 1807 2736 1864 exinaniantur.
2771 1811 2868 1864 Est
2892 1809 3054 1864 enim
3084 1808 3356 1864 omnium
3389 1824 3572 1878 nego-

1907 1893 2122 1949 tiorum
2143 1894 2257 1950 hoc
2276 1896 2452 1965 longe
2468 1898 3046 1968 praestantissimum,
3061 1913 3255 1969 pauco
3275 1897 3570 1967 sanguine

1909 1999 2106 2038 emere
2132 1998 2385 2053 regnum
2412 1986 2721 2042 caelorum.
2749 1990 2815 2042 Et
2840 1987 2965 2042 haec
2989 1985 3233 2058 quidem
3256 1985 3498 2057 Sophia.

1983 2075 2043 2126 V.
2075 2074 2236 2129 Matri
2258 2079 2458 2130 autem
2489 2082 2886 2147 congruentes
2910 2075 3074 2132 ﬁliae:
3099 2078 3180 2132 Tu
3199 2075 3466 2148 quidem,
3485 2077 3573 2131 in-

1910 2161 2142 2233 quiunt,
2167 2179 2202 2218 o
2225 2167 2561 2220 veneranda
2597 2166 2952 2232 materfnos
2983 2164 3267 2220 maternis
3297 2164 3573 2236 precibus

1912 2266 2292 2322 prosequere,
2321 2270 2420 2308 eas
2435 2255 2610 2310 nobis
2625 2255 2898 2327 praebens
2910 2254 3130 2310 bonum
3150 2259 3446 2309 tutamen:
3468 2257 3575 2309 Do-

1912 2341 2106 2396 minus
2122 2345 2448 2416 autem,qui
2471 2345 2615 2400 dixit
2633 2361 2646 2397 :
2664 2349 2741 2401 Ne
2764 2345 2992 2400 solliciti
3012 2344 3136 2400 sitis
3153 2343 3456 2411 quomodo
3473 2347 3576 2400 aut

1911 2430 2052 2502 quid
2069 2433 2490 2504 respondeatis,
2510 2435 2751 2506 quando
2765 2434 3059 2491 ducemini
3076 2434 3154 2490 ad
3174 2449 3342 2503 reges
3355 2438 3411 2488 et
3428 2449 3576 2505 prae-

1914 2521 2070 2575 sides
2089 2523 2144 2590 ²;
2171 2522 2218 2576 is
2236 2523 2494 2588 omnino,
2513 2528 2574 2578 ut
2592 2524 2693 2595 qui
2713 2523 2784 2578 sit
2805 2539 2998 2588 verax,
3020 2539 3138 2577 non
3155 2522 3495 2587 mentietur;
3519 2526 3578 2578 ut

1912 2609 2014 2680 qui
2033 2609 2104 2664 sit
2123 2615 2314 2666 autem
2341 2616 2568 2682 potens,
2598 2611 2965 2683 promissum
2988 2611 3271 2680 implebit,
3293 2610 3572 2681 praebens

1914 2698 2086 2752 nobis
2103 2685 2478 2770 sapientiam,
2501 2716 2608 2772 per
2623 2715 2808 2772 quam
2825 2699 3155 2771 poterimus
3181 2714 3312 2754 vere
3331 2698 3573 2754 stultam

1914 2788 2263 2858 sapientiam
2283 2793 2483 2860 etquae
2499 2789 2827 2844 exinanitur
2843 2789 3159 2852 vincere,et
3173 2787 3454 2843 adversus
3473 2787 3573 2842 im-

1913 2877 2190 2948 pietatem
2211 2883 2410 2950 aperte
2425 2883 2699 2949 troptnum
2717 2879 2960 2949 erigere.
2978 2881 3121 2934 Cum
3140 2883 3254 2933 tres
3273 2892 3414 2946 ergo
3429 2892 3575 2948 prae-

1915 2966 2096 3022 stituti
2111 2967 2238 3022 dies
2254 2967 2377 3038 jam
2393 2967 2835 3039 prmteriissent,
2849 2967 3146 3023 ducuntur
3160 2972 3383 3022 sanctaa
3397 2967 3467 3020 ad
3490 2967 3576 3022 in-

1914 3057 2399 3125 terrogationem.
2435 3057 2656 3113 Deinde
2672 3057 2858 3128 judex
2879 3073 3017 3112 cum
3039 3060 3195 3112 esset
3225 3055 3492 3121 callidus,
3518 3060 3575 3110 et

1913 3146 2344 3202 considerasset
2357 3146 2647 3218 quidnam
2665 3153 2990 3203 tenerarum
3007 3145 3574 3201 adolescentularum

1912 3235 2183 3290 animum
2217 3237 2476 3292 maxime
2508 3237 2803 3292 remittere
2835 3241 2890 3292 et
2919 3235 3186 3291 emollire
3215 3238 3437 3306 posset,
3472 3249 3574 3290 eas

1916 3323 2110 3378 multis
2131 3339 2446 3396 aggressus
2466 3330 2556 3380 est
2581 3325 2888 3381 blanditiis
2908 3342 2922 3392 ;
2942 3329 3028 3380 et:
3046 3326 3187 3379 Cum
3207 3323 3468 3390 videam,
3488 3322 3576 3378 in-

1911 3415 2101 3485 quit,o
2122 3415 2615 3486 puellae,vestram
2638 3415 3218 3487 pulchritudinem,et
3232 3429 3365 3484 quae
3381 3429 3450 3468 ex
3465 3413 3575 3468 hac

1912 3504 2100 3558 forma
2129 3502 2333 3571 eﬂluit,
2363 3504 2748 3574 voluptatem,
2781 3520 2901 3560 non
2931 3504 3205 3560 existimo
3231 3519 3339 3558 vos
3371 3517 3442 3558 ex
3467 3502 3575 3557 hu-

1913 3608 2082 3646 mana
2100 3591 2460 3662 processisse
2476 3598 2704 3656 natura,
2729 3592 2836 3648 sed
2854 3609 2884 3647 e
2904 3592 3199 3648 diviniora
3219 3590 3420 3661 aliqua
3438 3606 3572 3646 esse

1912 3681 2120 3746 editos,
2143 3680 2218 3736 ad
2234 3697 2439 3736 eorum
2463 3680 2558 3752 qui
2589 3697 2690 3737 vos
2712 3685 2979 3746 cernunt,
2999 3679 3488 3735 admirationem.
3509 3681 3576 3735 Et

1912 3769 2046 3824 ideo
2061 3770 2118 3824 in
2133 3785 2237 3824 vos
2253 3775 2569 3842 paternam
2583 3771 2868 3825 ostenden
2879 3787 2906 3822 s
2920 3768 3572 3836 benevolentiam,rogo

1911 3875 2040 3922 vos,
2055 3858 2444 3922 charissimaa,
2459 3873 2532 3912 ne
2547 3858 2774 3913 amanti
2798 3858 2950 3929 patri
2969 3857 3153 3912 velitis
3173 3856 3421 3911 omnino
3441 3870 3572 3911 esse

1914 3947 2317 4003 inobedientes
2345 3965 2357 4002 :
2388 3948 2491 4003 sed
2517 3948 2780 4020 primum
2805 3946 3054 4020 quidem
3079 3947 3331 4015 cogitate
3352 3960 3470 4016 qua
3498 3944 3574 4000 sit

1913 4043 2082 4093 atate
2109 4042 2298 4091 mater
2331 4041 2542 4101 vestra,
2587 4037 2758 4107 cujus
2797 4051 3039 4092 necesse
3099 4040 3187 4091 est
3239 4031 3574 4104 ﬂagelletur

1915 4131 2205 4191 senectus,
2223 4126 2270 4180 si
2283 4142 2391 4181 vos
2407 4141 2523 4181 non
2545 4125 2877 4198 parueritis.
2895 4124 3114 4180 Deinde
3132 4123 3326 4180 animo
3341 4125 3572 4178 versate

1914 4221 2174 4270 vestram
2201 4219 2464 4270 teneram
2489 4221 2745 4281 aetatem,
2787 4215 2998 4270 ﬂorem
3024 4211 3482 4285 pulchritudinis
3517 4216 3573 4268 et

1915 4306 2182 4376 speciem,
2197 4320 2331 4374 quae
2346 4320 2464 4360 non
2484 4309 2677 4376 potest
2691 4303 2888 4360 verbis
2903 4301 3172 4375 exprimi:
3190 4317 3362 4374 quam
3383 4316 3574 4374 quan-

1914 4399 2037 4450 tum
2062 4393 2346 4456 admiror,
2379 4398 2605 4448 tantum
2639 4392 2887 4464 puniam
2913 4393 3091 4448 etiam
3123 4392 3362 4456 invitus,
3389 4389 3437 4445 si
3468 4404 3573 4446 vos

1915 4497 2032 4537 non
2053 4482 2315 4554 parendo
2331 4481 2643 4537 molestiam
2661 4480 3095 4549 aﬂ'erentes,me
3114 4479 3191 4536 ad
3210 4479 3351 4536 iram
3365 4493 3575 4550 provo-

1916 4572 2206 4626 caveritis.
2229 4574 2292 4627 Et
2309 4570 2629 4642 tunc,proh
2648 4568 2849 4626 dolori
2869 4569 3024 4624 male
3042 4567 3573 4640 peribitis,quando

1919 4677 2023 4714 vos
2043 4659 2302 4715 maxime
2321 4664 2613 4731 oporteret
2635 4659 2916 4728 gaudere,
2937 4657 3131 4714 felices
3147 4673 3304 4722 esse,
3331 4656 3572 4720 divitiis,

1919 4755 1974 4805 et
2005 4749 2212 4817 gloria,
2238 4755 2292 4804 et
2317 4749 2703 4819 imperatoria
2719 4748 2831 4802 frui
2852 4747 3286 4812 benevolentia,
3310 4746 3575 4818 ipsisque

1920 4839 2204 4910 temporis
2234 4837 2501 4894 etaetatis
2556 4853 2662 4892 vos
2687 4836 2923 4909 explere
2981 4835 3226 4892 deliciis.
3283 4834 3399 4892 Sed
3445 4834 3576 4890 haec

1921 4927 2166 4999 quidem
2192 4926 2396 4997 judex.

1994 5035 2086 5089 VI.
2130 5034 2413 5089 Dixerunt
2442 5039 2637 5089 autem
2668 5033 2945 5103 virgines,
2999 5031 3233 5104 Sophim
3261 5029 3534 5100 germina
3560 5045 3576 5085 :

1887 5122 1901 5138 '
1925 5125 2039 5179 Nos
2062 5140 2246 5195 neque
2267 5123 2583 5193 promissa,
2605 5139 2741 5194 quae
2763 5127 2823 5176 tu
2845 5121 3039 5175 dixisti
3057 5121 3356 5191 cupimus,
3384 5133 3580 5190 neque

1927 5214 2138 5278 minas,
2182 5229 2290 5268 nec
2349 5217 2643 5267 tormenta
2699 5226 2998 5266 curamus.
3071 5214 3359 5264 Amamus
3419 5207 3580 5263 enim

1927 5302 2105 5365 bona,
2139 5302 2198 5356 in
2229 5317 2350 5363 quo
2382 5316 2504 5355 non
2531 5299 2688 5355 cadit
2719 5299 3005 5363 interitus,
3040 5303 3096 5354 et
3122 5299 3443 5370 Sponsum,
3477 5295 3584 5368 qui

1928 5406 2048 5444 non
2098 5389 2268 5462 perit,
2317 5390 2583 5443 humana
2635 5387 2840 5442 omnia
2893 5390 3364 5441 contemnentes.
3409 5384 3584 5452 Quod

1928 5485 2128 5535 autem
2162 5477 2410 5534 minaris
2444 5481 2691 5532 matrem
2738 5480 2792 5531 te
2846 5489 2974 5531 esse
3021 5473 3221 5546 ﬂagris
3261 5489 3580 5542 caesurum,
