4142 6196
479 313 584 370 503

1820 307 2081 367 MENSIS
2117 307 2518 368 AUGUSTUS.

3737 314 3847 372 504

484 445 775 513 tanquam
803 438 919 495 hoc
943 438 1126 495 modo
1163 453 1276 494 nos
1324 436 1626 493 territurus
1677 441 1919 509 prOpter
1968 440 2132 491 natu-

2248 436 2316 496 ὡς
2356 443 2428 505 τῷ
2471 441 2646 508 τρόπῳ
2690 439 2855 508 τούτῳ
2903 436 3144 509 φοϐἠσων
3174 439 3308 508 ἡμᾶς
3351 435 3446 490 διὰ
3490 442 3583 496 τὴν
3615 445 3844 510 φυσικὴν

487 530 672 586 ralem
699 529 845 584 inter
875 544 984 582 nos
1014 527 1264 582 invicem
1305 527 1790 590 consensionem,
1846 525 2041 580 nescis
2082 531 2135 580 te

482 619 658 675 nobis
697 622 752 672 et
795 617 879 674 illi
934 616 1288 671 annuntiare
1337 615 1634 671 bonorum
1692 613 2130 685 perfectionem.

484 707 630 773 Quid
700 705 861 762 enim
937 705 1286 759 Christianis
1345 709 1535 776 potest
1595 719 1724 759 esse
1783 703 2130 774 jucundius,

483 812 666 867 quam
699 795 817 865 pati
847 811 953 866 pro
999 794 1270 848 Christo?
1329 793 1570 848 Etiamsi
1610 809 1730 847 non
1779 792 2133 847 haberemus

483 885 650 952 tales,
681 901 811 956 quae
842 888 1178 955 sperantur,
1212 884 1739 948 remunerationes,
1773 897 1957 953 quam
2012 896 2131 935 non

481 974 683 1044 gloriae
712 973 1119 1044 praestantiam
1151 977 1412 1044 superat,
1465 973 1585 1043 pati
1628 987 1734 1042 pro
1777 987 1848 1026 eo
1899 971 2133 1041 quinos

479 1063 809 1120 formavit?
827 1063 1078 1128 Quando
1104 1067 1302 1117 autem
1327 1061 1498 1116 nobis
1521 1061 1698 1116 etiam
1727 1063 2002 1131 paratum
2048 1062 2134 1114 est

482 1169 736 1222 regnum
765 1151 1424 1220 cmlorum,etdivitiaa,
1481 1152 1540 1205 in
1594 1166 1746 1222 quas
1801 1165 1919 1204 non
1974 1148 2134 1204 cadit

482 1243 750 1304 interius,
810 1247 865 1296 et
903 1241 1195 1312 perceptio
1255 1240 1550 1295 bonorum
1608 1247 1989 1301 aeternorum,
2040 1253 2133 1292 co-

484 1332 614 1387 nari
660 1347 768 1386 nos
796 1330 1101 1386 traducere
1132 1347 1168 1385 a
1192 1333 1394 1384 nostra
1425 1329 1710 1384 sententia
1737 1326 2132 1399 promissione

483 1421 805 1484 bonorum,
833 1436 969 1492 quae
993 1425 1130 1474 sunt
1159 1419 1236 1474 ad
1260 1423 1510 1489 tempus,
1541 1423 1627 1472 est
1649 1420 1848 1486 aperta
1877 1416 2129 1470 insania.

486 1511 566 1567 Ne
594 1511 814 1566 fallaris
847 1526 1010 1587 ergo,
1033 1509 1229 1578 judex.
1261 1512 1458 1579 Neque
1481 1508 1638 1562 enim
1671 1509 1986 1562 assentans
2018 1509 2132 1560 tra-

484 1601 613 1663 hes,
651 1615 844 1671 neque
867 1599 1121 1671 puniens
1161 1614 1270 1653 nos
1301 1604 1642 1652 convertes:
1688 1595 1796 1651 sed
1826 1600 1967 1649 tunc
1999 1610 2130 1650 ma-

480 1690 673 1761 jorem
706 1689 910 1743 afferes
944 1687 1303 1750 molestiam,
1337 1687 1384 1741 si
1442 1702 1692 1756 parcens
1749 1685 1910 1748 huic,
1944 1700 2130 1756 quam

2245 528 2374 596 πρὸς
2427 524 2647 586 ἀλλήλας
2697 527 3041 597 συπμάθειαν,
3087 525 3304 588 λέληθας
3348 528 3473 598 ἡμῖν
3526 546 3580 579 τε
3626 526 3838 601 κάκείνῃ

2244 618 2337 670 την
2415 617 2706 672 τελειότητα
2777 623 2876 666 τῶν
2953 614 3158 684 ἀγαθῶν
3233 615 3706 686 εὐαγγελιζόμενος.
3782 623 3845 670 Τί

2242 705 2342 774 γὰρ
2391 699 2643 778 ἠδύτερον
2689 711 3021 775 Χριστιανοῖς
3046 711 3136 756 τοῦ
3181 706 3305 777 ὑπὲρ
3357 712 3588 778 Χριστοῦ
3621 708 3839 776 παθεῖν;

2248 797 2345 844 Καὶ
2397 793 2438 845 εἰ
2485 799 2557 864 μὴ
2606 797 2846 855 τοιαύτας
2890 795 3219 866 ἐλπιζομένας
3268 797 3474 866 εἴχομεν
3526 792 3841 861 ἀντιδόσεις,

2244 880 2349 932 ἀλλ’
2403 886 2528 933 αύτό
2581 903 2640 953 γε
2682 887 2738 934 τὸ
2789 885 3014 954 πάσχειν
3064 886 3188 956 ὑπὲρ
3240 891 3329 935 τοῦ
3385 883 3677 946 πλάσαντος
3727 890 3846 937 τίνα

2245 967 2403 1033 δόξης
2447 970 2730 1044 ὑπερϐολὴν
2787 973 3113 1038 καταλείπει;
3160 971 3320 1024 ’Ὀταν
3375 970 3433 1024 δὲ
3482 979 3571 1025 καὶ
3616 975 3844 1048 ούρανῶν

2243 1061 2366 1130 ἡμῖν
2424 1061 2763 1133 ἐτοιμάζηται
2821 1060 3084 1132 βασιλεία,
3147 1067 3236 1113 καὶ
3291 1061 3507 1122 πλοῦτος
3554 1065 3840 1136 ἄφθαρτος,

2242 1154 2330 1200 καὶ
2361 1149 2577 1201 αἰωνίων
2629 1150 2916 1212 ἀπόλαυσις
2962 1150 3189 1222 ἀγαθῶν,
3223 1155 3280 1204 τὸ
3329 1157 3662 1222 μεταπείσειν
3715 1153 3845 1214 ὅλως

2243 1237 2524 1310 ἐπιχειρεῖν
2583 1238 2788 1310 ἀγαθῶν
2864 1245 3196 1313 προσκαίρων
3269 1239 3612 1311 ἐπαγγελίαις,
3670 1246 3848 1313 μωρία

2244 1333 2428 1398 σαφής.
2477 1333 2558 1386 Μὴ
2611 1334 2780 1380 τοίνυν
2835 1327 3036 1393 ἀπα-τῶ,
3073 1325 3324 1381 δικαστά⁶
3378 1333 3493 1382 οὔτε
3540 1331 3640 1404 γὰρ
3685 1331 3848 1382 κολα-

2241 1420 2400 1469 κεύων
2457 1417 2703 1482 ἐλκύσεις,
2757 1422 2874 1470 οὔτε
2949 1418 3179 1478 κολάζων
3253 1419 3588 1492 μετατρέψεις
3657 1422 3794 1492 ἡμᾶς
3828 1438 3842 1451 ⁸

2243 1505 2370 1557 ἀλλά
2425 1512 2539 1558 τότε
2593 1507 2782 1579 μᾶλλον
2838 1507 3086 1570 ἀνιάσεις,
3152 1510 3254 1578 εἴγε
3324 1505 3625 1580 φειδόμενος
3695 1512 3844 1581 ἡμῶν

2239 1603 2332 1657 τῆς
2385 1600 2518 1666 μέγα
2574 1600 2716 1669 παρά
2775 1601 2859 1648 σοὶ
2939 1599 3135 1657 ταύτης
3201 1597 3541 1668 νομιζομένης
3610 1603 3846 1658 νεότητος

2242 1689 2330 1735 καὶ
2377 1693 2473 1744 τῆς
2527 1686 2678 1759 ὧρας,
2738 1685 2796 1737 ού
2853 1684 3089 1756 χαλεπὰς
3141 1685 3341 1748 ἐπάξεις
3417 1689 3506 1746 τάς
3567 1687 3842 1748 κολάσεις’

445 1809 454 1814 -
486 1783 546 1835 tu
571 1777 943 1847 magnifacis,
973 1775 1261 1845 iuventuti
1295 1781 1350 1831 et
1378 1774 1824 1846 pulchritudini,
1879 1789 2000 1828 non
2055 1773 2132 1827 sis

2247 1777 2527 1844 ζημιώσεις
2573 1776 2674 1848 γάρ
2744 1777 2943 1835 πάντως
3017 1784 3116 1825 τῶν
3182 1778 3426 1846 μειζόνων
3487 1774 3694 1847 ἀγαθῶν
3747 1781 3845 1836 τὴν

483 1883 695 1940 graves
723 1866 989 1922 illaturus
1011 1865 1324 1921 cruciatus.
1351 1868 1466 1920 Nos
1486 1864 1643 1919 enim
1667 1865 1891 1919 damno
1913 1861 2133 1919 aﬁicies

486 1957 781 2027 majorum
816 1955 1110 2010 bonorum
1141 1954 1654 2009 remunerationis.
1691 1954 2004 2022 Postquam
2033 1968 2133 2006 au-

487 2045 824 2115 divitjudex
860 2045 1011 2099 hanc
1039 2044 1275 2098 firmam
1317 2048 1372 2098 et
1401 2047 1776 2098 constantem
1833 2041 2130 2097 defensio—

486 2146 624 2189 nem
659 2135 864 2188 statuit
884 2150 985 2188 eas
1019 2148 1294 2204 separare
1326 2148 1362 2186 a
1393 2148 1453 2186 se
1484 2132 1759 2196 invicem,
1789 2136 1843 2185 et
1875 2130 2134 2199 singula-

490 2224 590 2277 tim
615 2239 716 2277 eas
741 2223 1038 2277 adducere
1080 2221 1156 2275 ad
1188 2220 1706 2283 examinationem,
1741 2225 1803 2274 ut
1832 2220 1913 2275 sic
1979 2236 2131 2289 quo-

488 2327 605 2382 que
641 2327 743 2366 eas
774 2311 998 2380 majore
1026 2309 1284 2365 afﬁceret
1311 2309 1602 2376 molestia,
1637 2316 1696 2364 ut
1736 2310 1818 2364 eis
1876 2313 2134 2363 uteretur

489 2399 1160 2456 imbecillioribus.Cum
1193 2405 1393 2454 autem
1422 2399 1844 2468 interrogasset
1871 2398 1945 2453 de
1967 2402 2134 2454 aetate

490 2494 547 2545 et
565 2489 910 2544 nominibus
937 2489 1426 2560 uniuscujusque,
1446 2493 1501 2543 et
1521 2505 1556 2544 a
1578 2493 1765 2543 matre
1793 2487 2132 2558 accepisset,

488 2594 673 2634 unam
699 2578 945 2650 quidem
977 2577 1174 2634 vocari
1208 2577 1429 2642 Fidem,
1458 2581 1514 2633 et
1543 2578 1670 2648 jam
1701 2592 1875 2645 agere
1907 2593 2135 2634 annum

487 2667 836 2733 duodecim;
857 2667 1103 2723 alteram
1123 2671 1322 2723 autem
1339 2666 1579 2722 duobus
1605 2667 1776 2722 annis
1793 2682 1924 2722 esse
1943 2667 2136 2737 priore

487 2757 800 2825 ininorem,
833 2773 969 2828 quae
998 2760 1239 2812 vocater
1267 2757 1409 2827 Spes
1443 2773 1456 2821 ;
1517 2755 1746 2811 tertiam
1799 2761 1996 2811 autem
2035 2772 2137 2811 no-

486 2847 700 2902 minari
771 2846 1014 2916 quidem
1087 2845 1461 2904 Charitatem.
1539 2860 1657 2900 uno
1713 2850 1914 2900 autem
1975 2861 2136 2900 anno

486 2951 614 2990 esse
646 2935 912 2990 secunda
959 2933 1292 2988 minorem:
1337 2933 1597 3004 primam
1641 2933 1825 3003 jussit
1871 2933 2133 3004 primum

486 3024 755 3096 produci,
784 3028 840 3078 et
872 3038 884 3076 :
923 3021 1212 3085 Sacriﬁca,
1253 3021 1417 3084 dixit,
1457 3022 1680 3086 Dianae,
1707 3036 1743 3075 o
1793 3021 2131 3076 adolescen-

485 3113 608 3169 tula
642 3127 802 3167 :non
827 3111 938 3166 hoc
970 3110 1073 3166 tlbi
1113 3126 1336 3166 novum
1362 3111 1752 3181 imperamus,
1807 3109 1914 3165 sed
1971 3112 2135 3181 quod
2171 3124 2212 3181 ο

484 3217 521 3257 a
551 3201 731 3257 nobis
759 3215 1002 3273 quoque
1027 3199 1092 3255 ﬁt
1113 3197 1370 3269 jamdiu.

553 3292 667 3345 VII.
699 3290 792 3345 Illa
820 3293 1020 3345 autem
1053 3293 1343 3359 tanquam
1374 3303 1444 3342 eo
1464 3287 1600 3358 ipso
1631 3286 1807 3343 vellet
1827 3287 2137 3344 ostendere

481 3396 583 3436 eos
609 3379 822 3434 frustra
850 3378 1009 3449 ipsas
1050 3392 1379 3448 separasse,
1411 3376 1667 3432 volentes
1697 3393 1765 3431 ex
1799 3375 1984 3432 tribus
2001 3393 2139 3432 con-

483 3472 705 3525 textam
739 3467 1147 3523 comminuere
1179 3470 1471 3531 catenam,
1517 3472 1577 3521 ut
1641 3465 1746 3538 qui
1795 3465 2139 3533 ignorarent

482 3573 610 3614 esse
632 3557 684 3612 ei
709 3572 780 3612 ex
819 3556 937 3612 alto
994 3555 1312 3612 audaciam
1361 3559 1416 3611 et
1464 3555 1818 3621 doctrinam,
1867 3570 2136 3626 quonam

481 3645 699 3702 scilicet
753 3645 938 3701 modo
989 3650 1260 3715 oporteat
1304 3644 1714 3716 respondere:
1756 3645 1798 3700 Ο
1855 3650 2132 3711 vestram,

482 3735 729 3798 dicebat,
755 3750 891 3807 quae
922 3734 981 3789 in
1010 3733 1379 3805 profundum
1415 3749 1605 3805 usque
1633 3738 1918 3804 penetrat,
1972 3734 2136 3790 caeci-

480 3831 683 3892 tatem,
743 3824 847 3896 qui
900 3827 1020 3878 tam
1069 3822 1284 3878 misere
1327 3822 1719 3886 caecutientes,
1776 3821 1904 3877 aliis
1955 3823 2133 3879 etiam

477 3915 650 3972 vultis
681 3929 809 3969 esse
855 3911 966 3968 vise
1003 3913 1222 3970 duces:
1255 3916 1313 3967 et
1361 3927 1570 3981 cogere
1610 3911 1794 3973 vultis,
1833 3916 1896 3966 ut
1932 3928 2131 3983 proce-

479 4005 698 4060 damus
727 4001 1041 4058 vobiscum
1064 4001 1140 4056 ad
1157 4000 1436 4056 eamdem
1454 4000 1608 4055 viam
1632 4000 1902 4056 interitus
1933 4001 1942 4055 l
1967 4000 2134 4066 Quis-

479 4109 622 4148 nam
653 4096 850 4148 autem
877 4092 1077 4154 homo,
1113 4090 1162 4144 si
1190 4090 1403 4160 sapiat,
1440 4089 1895 4161 persuadebitur
1928 4106 1963 4144 a
1991 4107 2132 4146 vero

478 4179 722 4254 quidem
749 4183 864 4236 Deo
891 4178 1186 4243 recedere,
1237 4179 1410 4248 cujus
1440 4194 1730 4234 manuum
1788 4193 1967 4247 opera
1997 4183 2133 4235 sunt

479 4269 608 4326 coeli
638 4274 692 4325 et
723 4274 894 4333 terra,
929 4274 984 4324 et
1015 4269 1220 4324 omnia
1249 4283 1386 4338 quas
1418 4272 1555 4322 sunt
1584 4267 1644 4320 in
1672 4267 1756 4321 eis
1786 4283 1797 4320 :
1843 4267 1918 4322 ad
1951 4284 2132 4337 opera

478 4365 676 4414 autem
710 4373 998 4413 manuum
1025 4357 1364 4423 hominum,
1385 4361 1670 4427 tanquam
1697 4355 1776 4411 ad
1797 4355 1942 4410 deos
1970 4371 2132 4411 acce-

477 4448 638 4538 dere,
661 4451 714 4502 et
742 4447 812 4538 iis
844 4450 1187 4538 quur-sunt,
1211 4445 1422 4538 mentis
1455 4444 1758 4538 expertia,
1812 4449 1868 4499 et
1927 4445 2125 4516 surda,
2165 4486 2208 4538 Β

476 4536 649 4606 eliget
679 4535 905 4592 cultum
937 4535 1146 4591 offerre
1171 4537 1198 4591 ?
1237 4535 1426 4590 Fuerit
1455 4535 1568 4590 hoc
1591 4551 1867 4590 summus
1902 4539 2128 4605 stupor,

477 4632 534 4684 et
560 4630 682 4682 tam
709 4640 914 4680 eorum
943 4625 1045 4697 qui
1069 4624 1302 4695 jubent,
1328 4640 1514 4696 quam
1545 4624 1646 4696 qui
1674 4629 1900 4695 parent,
1932 4639 2134 4680 amen-

478 4716 577 4772 tia.
603 4717 712 4770 Fac
743 4729 885 4784 ergo
915 4713 1080 4786 quod
1128 4714 1228 4775 vis,
1287 4716 1346 4768 et
1397 4713 1618 4786 quibus
1669 4713 1752 4766 vis
1801 4728 1912 4767 nos
1969 4712 2132 4768 trade

478 4803 673 4860 malis.
698 4803 897 4860 Melius
929 4807 1022 4859 est
1057 4802 1214 4858 enim
1245 4802 1410 4873 prius
1450 4801 1571 4873 pati
1601 4802 1824 4870 omnia,
1861 4801 2004 4857 dum
2045 4819 2134 4858 sa-

476 4894 694 4967 pimus,
734 4909 919 4966 quam
963 4892 1310 4965 persuaderi
1367 4897 1428 4946 ut
1465 4891 1604 4947 talia
1648 4891 1956 4947 faciamus.
1992 4893 2132 4957 Quae

476 4983 637 5039 dicta
675 4983 925 5048 fuerant,
958 4980 1187 5052 replent
1216 4981 1303 5036 ira
1349 4979 1656 5051 judicem;
1718 4985 1772 5036 et
1825 4997 1962 5036 cum
2013 4996 2133 5035 non

475 5077 676 5142 posset
706 5070 1086 5141 persuadere.
1116 5068 1193 5124 ad
1227 5069 1345 5123 vim
1373 5068 1714 5125 faciendam
1760 5084 1820 5123 se
1862 5067 2132 5124 contulit.

475 5160 648 5216 Jubet
677 5175 820 5231 ergo
852 5159 902 5215 ei
933 5159 1117 5214 adimi
1151 5162 1397 5223 vestem,
1429 5163 1484 5214 et
1505 5158 1786 5214 manibus
1815 5173 1970 5229 pone
2005 5158 2134 5211 vin-

477 5248 605 5312 ctis,
640 5264 774 5304 eam
795 5248 972 5317 virgis
1008 5247 1303 5303 verberari
1336 5247 1721 5316 gravissimis.
1751 5248 1897 5303 Cum
1930 5253 2128 5302 autem

476 5336 834 5408 experientia
869 5337 1158 5408 majorem
1223 5337 1558 5392 ostenderet
1614 5335 2012 5392 constantiam
2073 5341 2128 5391 et

475 5425 947 5482 vehementiores
991 5426 1248 5498 spiritus,
1300 5431 1356 5482 et
1410 5432 1656 5498 martyr,
1700 5442 1819 5481 non
1877 5433 1936 5482 ut
1989 5443 2124 5498 quae

475 5515 662 5576 virgis
689 5514 1029 5581 crederetur,
1068 5516 1174 5571 sed
1229 5521 1291 5570 ut
1319 5532 1453 5588 quae
1519 5515 1675 5571 rosis
1729 5520 2118 5586 spargeretur,

479 5604 676 5681 potius
692 5608 843 5660 esset
867 5603 1100 5677 affecta,
1128 5620 1200 5661 ne
1225 5604 1519 5663 vibicibus
1536 5604 1855 5678 quidemin
1873 5619 2121 5678 corpore

2245 1858 2535 1916 ἀντίδοσιν.
2596 1866 2800 1920 Ταύτην
2851 1866 2919 1924 ῶς
2976 1868 3170 1921 ἤκουσε
3211 1868 3304 1922 τὴν
3365 1862 3512 1923 ἀτενῆ
3574 1871 3663 1917 xui
3718 1865 3847 1918 ἀπό-

2244 1969 2385 2002 τονον
2438 1953 2462 2002 ὁ
2508 1947 2740 2012 δικάζων
2791 1950 3090 2023 ἀπολογίαν,
3138 1955 3265 2023 ἔγνω
3319 1949 3502 2005 διελεῖν
3548 1954 3708 2015 αῦτάς
3752 1955 3846 2007 ἀπ’

2246 2037 2492 2104 ἀλλήλων,
2555 2045 2642 2092 καὶ
2698 2044 2831 2093 κατά
2901 2046 3022 2110 μίαν
3097 2041 3321 2112 εἰσάγειν
3373 2046 3496 2116 πρὸς
3567 2048 3660 2102 τὴν
3721 2047 3846 2117 ἐρῶ-

2244 2147 2417 2191 τησιν,
2469 2131 2552 2179 ἵνα
2605 2134 2693 2181 καὶ
2742 2129 2930 2200 μᾶλλον
2975 2131 3107 2182 οὕτω
3159 2131 3392 2204 λυπήσῃ,
3438 2137 3527 2184 καὶ
3579 2136 3647 2193 ὡς
3689 2133 3845 2186 ἀσθέο

2243 2222 2502 2289 νεστέραις
2569 2223 2857 2290 χρήσαιτο.
2919 2221 3219 2290 Ἐρωτόσας
3297 2216 3355 2272 δὲ
3423 2225 3510 2272 καὶ
3581 2227 3694 2294 περὶ
3755 2231 3847 2283 τῆς

2245 2305 2447 2366 ἡλικίας
2504 2306 2724 2368 ἑκάστης
2782 2313 2871 2359 καὶ
2930 2313 3046 2378 περὶ
3099 2317 3198 2359 τῶν
3259 2308 3539 2382 ὀνομάτων,
3598 2315 3686 2362 καὶ
3744 2313 3846 2362 ύπό

2246 2404 2336 2454 τῆς
2385 2400 2763 2468 γεννησαμένης
2834 2399 3032 2468 μαθὼν,
3083 2402 3176 2455 τὴν
3245 2403 3334 2470 μεν
3409 2404 3590 2452 Πίστιν
3641 2419 3692 2453 τε
3747 2421 3849 2452 κα-

2243 2484 2448 2536 λεῖσθαι
2499 2490 2586 2537 καὶ
2633 2483 2740 2543 ἤδη
2785 2482 3082 2538 δωδέκατον
3122 2489 3231 2548 ἔτος
3263 2487 3429 2540 ἀνύειν
3455 2506 3465 2518 ·
3499 2493 3593 2546 τὴν
3626 2485 3684 2542 δὲ
3715 2487 3847 2543 δυσὶ

2245 2578 2461 2645 χρόνοις
2501 2572 2772 2627 λείπεσθαι
2819 2584 2910 2635 τῆς
2954 2579 3202 2647 προτέρας
3246 2577 3309 2636 ἧς
3350 2579 3379 2634 ἡ
3428 2577 3614 2639 κλῆσις
3647 2577 3846 2645 Ἐλπίς,

2245 2666 2336 2720 τὴν
2393 2659 2449 2714 δὲ
2497 2668 2678 2734 τρίτην
2719 2663 2951 2735 Ἀγάπην
3002 2667 3091 2735 μὲν
3133 2664 3504 2736 ὀνομάζεσθαι,
3539 2667 3608 2720 ἑνὶ
3653 2663 3711 2719 δὲ
3754 2675 3848 2728 τῆς

2249 2747 2495 2824 δευτέρας
2552 2753 2783 2825 ὑστερεῖν
2847 2755 2948 2804 ἔτει
3006 2758 3098 2810 τὴν
3154 2761 3365 2828 πρωτην
3436 2759 3844 2829 παραντησάμε-

2247 2856 2365 2900 νος·
2401 2845 2588 2905 Θῦσον,
2638 2838 2676 2892 ὦ
2724 2847 2906 2905 νεανὶς,
2953 2842 3110 2912 ἔλεγε,
3163 2852 3223 2916 τῇ
3272 2841 3545 2916 Ἀρτέμιδι
3574 2863 3584 2874 ·
3621 2845 3678 2897 ού
3728 2866 3844 2897 και-

2247 2933 2328 2980 νόν
2381 2949 2464 2981 σοι
2517 2938 2666 2982 τοῦτο
2716 2935 3100 3005 προστάττομεν
3148 2936 3207 2984 τὸ
3253 2933 3532 3007 ἐπίταγμα,
3565 2932 3671 2986 ἀλλ’
3720 2939 3844 3009 ὅπερ

2249 3017 2302 3068 ἐκ
2332 3018 2518 3071 πολλοῦ
2551 3017 2656 3078 ἤδη
2685 3025 2774 3072 καὶ
2804 3021 2925 3095 παρ’
2953 3023 3096 3093 ἡμῶν
3127 3027 3344 3092 γίνεται,

2318 3284 2392 3337 Ζ’.
2440 3285 2498 3338 Ἦ
2551 3282 2608 3337 δὲ
2657 3288 2828 3356 ὥσπερ
2881 3287 3093 3339 αὐτόθεν
3140 3284 3504 3350 ἐπιδείξασθαι
3555 3287 3840 3361 βουλομένη

2247 3376 2323 3426 ὅτι
2367 3374 2449 3425 ἐπὶ
2496 3379 2699 3446 ματαίῳ
2748 3380 2838 3434 τὴν
2871 3372 3131 3450 διαίρεσιν
3177 3377 3343 3429 αὐτῶν
3391 3377 3703 3436 ἐποιήσαντο
3750 3384 3844 3436 τὴν

2247 3462 2302 3515 ἐκ
2354 3472 2506 3535 τριῶν
2581 3465 2755 3536 σειρὰν
2825 3464 3066 3517 λεπτῦναι
3144 3465 3468 3538 βόυλόμενοι,
3549 3467 3845 3538 ἀγνοοῦντες

2246 3553 2323 3604 ὅτι
2379 3555 2567 3605 ἄνωθεν
2619 3557 2676 3604 τὸ
2728 3556 2919 3628 θάρσος
2971 3555 3173 3621 αὐταῖς,
3232 3563 3320 3607 xui
3373 3558 3402 3614 ἡ
3459 3564 3548 3608 τοῦ
3595 3564 3704 3618 πῶς
3761 3553 3846 3609 δεῖ

2247 3641 2619 3713 ἀπολογεῖσθαι
2678 3640 3038 3696 διδασκαλία·
3096 3644 3163 3696 Ὠ
3216 3653 3304 3705 τῆς
3360 3645 3430 3706 είς
3485 3645 3649 3717 βάθος
3701 3647 3841 3716 ὑμῶν

2246 3728 2604 3803 διικνουμένης
2685 3738 2994 3808 πωρώσεως,
3070 3734 3276 3803 ἔλεγεν*
3338 3733 3385 3785 οἱ
3440 3733 3626 3796 ἀθλίως
3705 3735 3841 3786 οὕτω

2242 3820 2631 3892 τυφλῶττοντες,
2691 3827 2780 3873 καὶ
2861 3822 3052 3894 ἑτέροις
3119 3819 3247 3874 εἶναι
3319 3819 3507 3894 ὁδηγοὶ
3569 3822 3836 3895 βούλεσθε,

2242 3915 2332 3962 καὶ
2388 3914 2518 3984 πρὸς
2592 3915 2683 3968 τὴν
2740 3911 2902 3968 αὐτὴν
2959 3913 3078 3983 ύμῖν
3135 3921 3388 3985 χωρῆσαι
3440 3922 3533 3974 τῆς
3588 3911 3841 3972 ἀπωλείας

2243 3995 2364 4050 ὁδόν
2442 3998 2772 4070 ἀναγκάζετε.
2833 4004 2922 4061 Τίς
3002 3997 3052 4052 δ’
3125 3999 3183 4051 ἆν
3256 4001 3505 4074 εῦφρονῶν
3575 4003 3840 4075 ἄνθρωπος

2241 4091 2475 4146 πεισθείη
2536 4088 2830 4147 ἀποστῆναι
2913 4092 3002 4160 μὲν
3074 4098 3164 4141 τοῦ
3243 4088 3491 4147 ἀληθινοῦ
3569 4098 3720 4154 Θεοῦ,
3780 4091 3839 4141 οὗ

2241 4180 2366 4251 ἔργα
2443 4185 2636 4248 χειρῶν
2711 4177 2924 4250 ούρανός
2999 4183 3088 4230 καὶ
3159 4186 3225 4248 γῆ
3300 4183 3389 4230 xui
3446 4182 3512 4232 τά
3565 4182 3611 4231 ἐν
3666 4179 3839 4238 αύτοῖς

2241 4267 2463 4330 ἅπαντα,
2522 4269 2693 4340 ἔργοις
2768 4263 2825 4318 δὲ
2902 4276 3093 4340 χειρῶν
3174 4267 3504 4340 ἀνθρωπίνων
3587 4271 3654 4329 ὡς
3707 4270 3838 4330 θεοῖς

2241 4355 2558 4429 προσελθεῖν,
2613 4360 2701 4406 καὶ
2755 4356 2927 4416 αὐτοῖς
2976 4357 3000 4407 ὁ
3053 4363 3169 4407 νοῦν
3237 4359 3371 4427 ἔχων
3427 4356 3661 4418 ἀνοήτοις
3719 4353 3838 4409 οὖσι

2240 4451 2328 4496 καὶ
2358 4452 2542 4516 κωφοῖς
2571 4451 2926 4516 προσαγαγεῖν
2966 4445 3240 4516 λατρείαν;
3275 4441 3418 4504 δεινὴ
3472 4455 3622 4498 τοῦτο
3672 4465 3838 4518 παρα-

2239 4532 2450 4598 πληξία,
2503 4529 2667 4596 δεινὴ,
2703 4537 2791 4584 xui
2840 4541 2936 4583 τῶν
2985 4531 3320 4585 κελευόύντων
3369 4540 3458 4586 καὶ
3510 4543 3607 4587 τῶν
3661 4537 3838 4587 πειθο-

2238 4625 2398 4693 μένων
2443 4622 2609 4672 ἄνοια.
2661 4628 2858 4692 Πρᾶττε
2907 4630 3181 4696 τοιγαροῦν
3226 4622 3250 4674 ὃ
3293 4621 3490 4694 βούλει,
3525 4628 3612 4675 καὶ
3657 4625 3732 4685 οἷς
3775 4624 3835 4675 ἂν

2241 4709 2418 4782 βούλει
2469 4708 2772 4783 παραδίδου
2834 4719 3040 4772 κακοῖς·
3105 4711 3306 4784 βέλτιον
3353 4715 3452 4785 γάρ
3512 4715 3679 4765 πάντα
3735 4733 3834 4766 πα-

2241 4802 2343 4852 θεῖν
2401 4804 2667 4874 πρότερον,
2723 4801 2806 4860 ἶως
2862 4804 2918 4852 τὸ
2990 4808 3188 4874 φρονεῖν
3260 4803 3466 4873 ἔχομεν,
3531 4802 3559 4860 ἢ
3621 4809 3838 4854 τοιαῦτα

2242 4885 2440 4962 δρᾶσαι
2487 4891 2783 4947 πεισθῆναι.
2827 4897 3012 4961 Θυμοῦ
3060 4893 3124 4942 τά
3180 4891 3402 4965 ῥηθέντα
3449 4889 3705 4964 πληροῦσι
3750 4896 3834 4943 τὸν

2243 4974 2501 5036 δικαστὴν
2554 4983 2640 5029 καὶ
2685 4987 2776 5030 τοῦ
2815 4981 3007 5032 πείθειν
3061 4979 3328 5052 ἀπορήσας
3374 4977 3563 5054 ἐχώρει
3608 4984 3733 5054 πρὸς
3777 4984 3834 5032 τὸ

2243 5067 2546 5140 βιάζεσθαι.
2595 5067 2790 5120 Κελεύει
2833 5072 3028 5130 ταύτης
3075 5067 3408 5142 ἀφαιρεῖσθαι
3465 5074 3559 5127 τὴν
3617 5068 3833 5138 ἐσθῆτα,

2239 5161 2328 5208 καὶ
2373 5165 2559 5230 χεῖρας
2608 5157 2774 5208 ὀπίσω
2833 5153 3072 5209 δεθεῖσαν
3125 5155 3340 5231 ῥάϐδοις
3387 5156 3706 5229 βαρυτάτοις
3753 5160 3835 5210 τύ-

2237 5248 2475 5298 πτεσθαι.
2514 5246 2650 5298 Ἐπεὶ
2696 5242 2754 5297 δὲ
2788 5245 2934 5297 πλέον
2982 5248 3010 5303 ἠ
3062 5253 3215 5318 πεῖρα
3262 5251 3319 5298 τό
3371 5247 3582 5321 στερρόν
3634 5243 3834 5298 ἐδείκνυ

2237 5343 2325 5387 τοῦ
2380 5340 2720 5408 φρονήματος,
2767 5341 2855 5387 καὶ
2903 5337 2930 5392 ἠ
2993 5337 3191 5408 μάρτυς
3235 5340 3297 5396 ῶς
3341 5336 3398 5387 οῦ
3445 5333 3826 5409 ῥαϐδιζομένη,

2236 5423 2361 5477 ἀλλά
2408 5422 2588 5498 ῥόδοις
2641 5424 2828 5496 μᾶλλον
2889 5423 3176 5496 βαλλομένη
3236 5421 3476 5490 διέκειτο,
3533 5422 3672 5496 μηδὲ
3723 5447 3833 5496 μω-

2233 5514 2412 5566 λώπων

2539 5524 2568 5585 ᾧ
2657 5520 2858 5584 σώματι
2969 5513 3128 5574 αὐτῆς
3206 5512 3624 5585 ἐπιφαινομένων,
3707 5518 3834 5587 πρὸς

2230 5604 2476 5676 ὠμότητα
2525 5603 2714 5676 μᾶλλον
2769 5605 2793 5653 ό
2848 5597 3126 5666 δικαστὴς,
3183 5602 3474 5676 ἠρεθίζετο,
3523 5607 3608 5657 καὶ
3665 5602 3832 5675 ἀμφο-

2497 5524 2568 5584 τῷ
2657 5520 2858 5584 σώματι
