4034 6206
196 361 298 416 505

1071 345 1516 407 MARTYRIUM
1555 343 1618 398 S.
1657 331 1938 394 SOPHUE
1977 335 2064 394 ET
2103 341 2454 402 FILIARUM
2491 345 2678 402 EJUS.

3449 343 3556 402 506

197 491 352 560 ιέρονς
407 481 569 540 αὐτῆς
621 481 904 538 ἐκκοπῆναι
955 477 1076 536 τούς
1132 477 1364 547 μαστοὺς
1447 467 1778 544 προστάττει.

1899 465 2028 560 ejus
2054 469 2506 538 apparentibus,
2533 471 2886 528 incitabatur
2909 469 3100 538 magis
3109 467 3292 540 judex
3313 469 3392 527 ad
3419 487 3552 528 cru-

197 579 284 628 Καὶ
337 570 398 630 ἦν
461 567 588 622 ἰδεῖν
637 567 684 620 ἐν
731 569 898 638 τούτῳ
943 567 1218 639 τεράστιόν
1265 583 1315 614 τι
1349 567 1566 634 πρᾶγμα
1617 573 1789 608 καινο-

193 665 523 734 τομούμενον.
583 657 724 710 ’Λντὶ
797 659 895 728 γὰρ
957 655 1176 726 αἵματος
1234 655 1441 724 κρουνοὶ
1521 645 1788 720 κατέρρεον

189 751 462 820 γάλακτος
525 751 644 822 ὅπερ
699 751 788 798 καὶ
847 749 920 798 ἔτι
977 745 1184 797 πλείονα
1240 749 1311 812 τῷ
1372 735 1645 798 δικαζοντι
1705 737 1788 785 τὸν

193 843 346 910 ονμον
400 837 617 901 ἀνῆπτε,
673 841 760 888 καὶ
807 839 934 908 πρὸς
975 833 1187 908 ἐσχάρᾳ
1230 829 1632 904 πυρακτωοείσῃ
1683 823 1790 874 ἐπι-

189 931 391 986 τεθῆναι
473 929 668 984 ταύτην
749 921 1086 978 διεκελεύετο.
1157 919 1292 974 Ἀλλ’
1375 921 1546 990 ὥσπερ
1609 913 1791 972 ἐκεῖνος

191 1021 404 1090 πονηρὸς
465 1021 534 1068 ὤν
579 1017 806 1076 ἐπινοίας
860 1013 952 1066 οὐκ
1001 1013 1184 1086 ἠπόρει
1235 1012 1364 1082 πρὸς
1419 1010 1476 1058 τὸ
1529 1003 1786 1064 κολάζειν,

188 1107 340 1166 οὖτως
390 1107 416 1156 ὁ
451 1105 672 1176 Ἀγαθός
719 1103 871 1156 πάλιν
917 1099 1010 1154 διὰ
1053 1107 1150 1152 τῶν
1192 1097 1513 1168 ἐπαγομένων
1548 1089 1786 1154 δοξάζειν

187 1199 274 1253 τὴν
327 1195 488 1266 ἀγίαν
545 1193 601 1246 ού
661 1189 1009 1264 διελίμπανεν
1083 1191 1203 1262 ὅπερ
1255 1183 1340 1238 οὖν
1393 1183 1661 1236 κάνταῦθα
1707 1183 1788 1250 γί-

187 1303 336 1338 νεται.
381 1287 452 1340 Τὸ
511 1291 613 1354 πῦρ
662 1285 762 1356 γάρ
805 1281 964 1339 αὐτὴν
1001 1275 1300 1352 παραλαϐὀν
1333 1273 1506 1331 ἀπαθῆ
1561 1267 1785 1340 διετήρει

187 1377 272 1430 τήν
323 1369 468 1424 ἰδίαν
529 1369 786 1424 ἀποϐαλὸν
840 1369 1110 1441 ἐνέργειαν·
1177 1362 1288 1418 εἶτα
1347 1367 1436 1414 καὶ
1488 1357 1637 1420 αὖθις
1692 1357 1786 1430 ἀρ-

191 1463 357 1514 οιῖσαν
413 1463 624 1524 ἐκεῖθεν,
679 1460 746 1522 εἰς
795 1465 1016 1530 τήγανον
1067 1455 1328 1530 βληθῆναι
1381 1451 1567 1504 κελεύει
1611 1453 1780 1520 πίσσῃ

188 1545 464 1603 διακανθὲν
495 1555 586 1602 καὶ
619 1549 884 1622 ἀσφάλτῳ,
920 1549 1025 1622 Ἐφ’
1058 1547 1116 1598 οὗ
1151 1549 1324 1596 στᾶσα
1353 1545 1514 1614 μέσου
1548 1537 1782 1612 ἀτρέπτῳ

187 1645 268 1691 καὶ
315 1639 510 1692 ἀπαθεῖ
565 1649 636 1692 τῶ
677 1645 942 1714 προσώπῳ
993 1641 1085 1695 τὴν
1141 1633 1330 1686 οῐνωοεν
1365 1629 1531 1682 ἐκάλει
1580 1627 1784 1678 ἐπικου-

187 1733 310 1801 ρίαν·
361 1735 450 1780 mi
501 1729 652 1790 εύθύς
683 1731 740 1780 τὸ
795 1735 896 1802 πῦρ
945 1727 1116 1778 ούκέτι
1161 1719 1220 1780 ἧν
1262 1729 1385 1794 πῦρ,
1428 1723 1515 1770 καὶ
1559 1721 1616 1768 τὸ
1669 1715 1786 1788 (PM-

1899 553 2222 622 delitatem,
2246 559 2484 628 etjubet
2513 559 2565 615 ei
2590 561 2885 616 mamillas
2912 559 3196 616 exscindi.
3231 561 3374 614 Tum
3417 559 3547 616 lice-

1899 643 2000 700 bat
2031 645 2086 700 in
2120 661 2190 702 ea
2211 647 2406 703 videre
2434 665 2558 706 rem
2615 665 2830 706 novam
2887 655 2945 704 et
3005 647 3436 720 prodigiosam.
3491 649 3548 704 Ei

1899 735 2056 788 enim
2093 751 2198 806 pro
2231 737 2522 806 sanguine
2545 737 2810 794 fluebant
2841 737 2940 794 rivi
2989 737 3178 794 lactis.
3217 737 3386 802 Quod
3425 739 3552 808 qui-

1900 821 2248 894 demjudici
2283 829 2569 898 majorem
2619 827 2818 884 adhuc
2847 829 2992 884 iram
3059 825 3442 890 accendebat,
3495 830 3552 880 et

1901 929 2082 984 supra
2114 915 2470 972 candentem
2513 917 2710 974 focum
2739 919 3065 988 eamjussit
3121 916 3368 986 imponi.
3433 913 3548 970 Sed

1899 1003 2208 1072 quomodo
2237 1003 2332 1058 ille
2360 1023 2496 1062 cum
2528 1013 2681 1062 esset
2733 1005 2946 1076 malus,
2981 1005 3148 1062 facile
3175 1003 3554 1072 excogitabat

1901 1093 2228 1164 supplicia:
2263 1093 2344 1150 ita
2375 1095 2552 1150 etiam
2587 1095 2784 1151 bonus
2815 1095 2970 1152 Deus
2993 1111 3098 1168 per
3123 1111 3192 1150 ea
3223 1094 3556 1166 quminten-

1899 1183 2198 1248 tabantur,
2231 1189 2502 1240 sanctam
2525 1201 2642 1240 non
2676 1185 2952 1241 cessabat
2982 1184 3330 1252 glorificare.
3379 1183 3553 1250 Quod

1897 1271 1990 1326 hic
2021 1287 2264 1345 quoque
2293 1275 2582 1330 usuvenit.
2617 1273 2765 1330 Nam
2797 1291 2928 1330 cum
2957 1275 3111 1346 ignis
3153 1289 3286 1330 eam
3337 1287 3550 1344 appre-

1895 1361 2220 1432 hendisset,
2273 1363 2662 1420 conservabat
2707 1363 2974 1427 illaesum,
3027 1365 3252 1420 amissa
3311 1363 3556 1436 propria

1895 1453 2258 1524 operatione.
2295 1453 2513 1508 Deinde
2544 1471 2749 1509 rursus
2771 1471 3008 1528 quoque
3030 1453 3188 1510 illinc
3221 1453 3546 1518 sublatam,

1893 1541 2055 1608 iubet
2075 1543 2230 1614 iujici
2247 1543 2304 1598 in
2321 1545 2680 1613 sartaginem
2697 1545 2826 1616 pice
2841 1561 3158 1602 accensam
3173 1551 3228 1600 et
3241 1543 3550 1600 bitumine.

1897 1633 1956 1687 In
1984 1633 2154 1702 cujus
2187 1639 2348 1688 stans
2379 1633 2600 1699 medio,
2627 1635 2924 1690 constanti
2955 1639 3011 1692 et
3043 1633 3290 1690 minime
3315 1633 3550 1690 turbato

1895 1721 2060 1778 vultu
2092 1739 2414 1794 supernum
2447 1723 2746 1781 invocavit
2785 1725 3094 1780 auxilium.
3149 1725 3212 1779 Et
3267 1723 3550 1778 continuo

189 1837 270 1886 γον
323 1817 394 1878 εἰς
475 1817 801 1890 ψυχρότητα
872 1813 1220 1888 μετεϐάλλετο,
1281 1815 1345 1870 ὡς
1403 1805 1572 1861 δοκεῖν
1641 1807 1783 1876 παρὰ

1895 1811 2049 1881 ignis
2071 1829 2188 1868 non
2218 1821 2340 1870 erat
2366 1815 2540 1884 ignis,
2574 1821 2630 1871 et
2659 1815 2837 1872 ardor
2867 1819 3131 1870 mutatus
3165 1813 3273 1870 fuit
3302 1815 3361 1870 in
3395 1813 3553 1882 frigi-

187 1905 380 1978 λειμώνι
435 1904 704 1980 δροσώδη
756 1911 846 1958 καὶ
887 1903 934 1957 ἐν
975 1909 1078 1977 πόᾳ
1123 1907 1223 1954 τινὶ
1265 1899 1472 1974 μαλακῇ
1509 1901 1599 1956 τὴν
1634 1895 1782 1968 ἀνίαν

192 1991 443 2048 διαναπαύ
453 1997 668 2051 σεσθαι.

255 2083 322 2138 Η’.
379 2085 565 2146 Οὕτως
614 2083 699 2137 οὖν
747 2087 950 2138 πάντων
1007 2091 1106 2134 τῶν
1157 2081 1480 2154 ἐπαγομένων
1527 2075 1778 2132 κολαστηι

185 2178 300 2246 ρίων
339 2173 495 2226 οὐδὲν
544 2177 632 2246 μὲν
685 2179 776 2232 τὴν
833 2175 1075 2246 μάρτυρα
1123 2179 1215 2224 τοῦ
1267 2175 1499 2245 Χριστοῦ
1532 2165 1784 2240 βλαπτόν-

189 2281 294 2324 των,
343 2267 464 2326 τοὺς
522 2265 746 2336 ὁρῶντας
802 2261 860 2317 δὲ
904 2263 1091 2334 μᾶλλον
1145 2261 1214 2324 εἰς
1272 2263 1445 2330 θαῦμα
1483 2259 1780 2320 κινούντων,

190 2351 271 2402 ούκ
300 2355 435 2422 ἔχων
471 2354 502 2404 ὅ
557 2373 606 2404 τι
649 2359 738 2406 καὶ
789 2349 1027 2426 δράσειεν
1083 2353 1107 2402 ὁ
1153 2357 1244 2402 τού
1287 2355 1512 2420 πονηροῦ
1565 2350 1784 2417 γνήσιος

190 2441 456 2514 ὑπηρέτης,
539 2445 624 2494 τὸν
692 2439 784 2496 δ’ιά
874 2442 1046 2514 ξίφους
1101 2441 1314 2492 θάνατον
1401 2437 1783 2508 ἀποφθέγγεται

190 2531 292 2582 κατ’
343 2531 533 2592 αὐτῆς.
583 2529 656 2584 Οὗ
713 2529 1124 2604 διαγγελθέντος,
1177 2530 1362 2602 φανερά
1415 2524 1474 2586 ἦν
1518 2528 1546 2584 ἡ
1581 2527 1784 2598 μάρτυς

191 2617 378 2692 πλήρης
432 2617 576 2674 οὖσα
623 2628 817 2694 χαρᾶς·
873 2629 932 2692 τῇ
985 2625 1147 2694 μητρί
1199 2637 1252 2671 τε
1305 2624 1540 2692 προσῆγε
1599 2611 1782 2672 δέησιν

191 2709 304 2782 ὑπὲρ
353 2713 616 2782 θυγατρὸς
665 2712 937 2782 εὔχεσθαι,
990 2715 1080 2761 καὶ
1133 2715 1242 2768 ταῖς
1272 2703 1519 2777 ἀδελφαῖς
1565 2707 1782 2776 παρῄνει

191 2794 340 2866 μηδὲν
388 2807 489 2861 τῆς
541 2803 660 2874 πρὸς
715 2803 772 2852 τὸ
815 2797 1056 2872 βραϐεῖον
1108 2805 1198 2858 τῆς
1241 2797 1345 2848 οἴνω
1383 2793 1615 2854 κλήσεως
1659 2793 1782 2844 καο-

193 2895 376 2958 υφείναι
441 2886 716 2952 σπονδῆς·
783 2885 998 2952 Οἴδατε,
1061 2888 1304 2960 λέγουσα,
1353 2889 1454 2937 τίνι
1508 2881 1783 2944 συνεταξά-

191 2978 328 3046 μιθα,
388 2983 488 3030 καὶ
541 2979 600 3030 οὗ
653 2987 712 3050 τῇ
773 2975 1030 3050 σφραγῖδι
1086 2975 1523 3046 ἐνεσημάνθημεν.
1585 2974 1781 3024 Τούτου

193 3063 256 3126 εἰς
305 3069 539 3138 ἔσχατον
595 3067 828 3140 ἐμμεῖναι
875 3075 935 3138 τῇ
984 3066 1234 3138 ὁμολογίᾳ
1273 3069 1342 3136 μή
1388 3061 1777 3132 ἐκκακήσωμεν·

1893 1900 2136 1956 ditatem
2173 1917 2184 1956 :
2228 1903 2379 1958 adeo
2405 1909 2468 1958 ut
2501 1903 2792 1958 videretur
2817 1903 2874 1958 in
2905 1903 3141 1960 roscido
3193 1907 3359 1974 prato
3391 1907 3448 1958 et
3485 1901 3544 1958 in

1895 1988 2055 2046 molli
2089 1991 2276 2047 herba
2305 1997 2512 2048 sancta
2537 1993 2924 2064 requiescere.

1965 2089 2108 2146 Vlll.
2145 2091 2236 2144 Sic
2260 2105 2397 2158 ergo
2429 2091 2735 2157 omnibus,
2768 2107 2902 2162 quae
2925 2091 3350 2158 inferebantur,
3409 2105 3548 2162 sup-

1896 2177 2081 2250 pliciis
2110 2183 2434 2250 martyrem
2460 2179 2702 2252 quidem
2738 2179 2944 2236 Christi
2997 2179 3140 2236 nihil
3171 2177 3544 2245 laedentibus,

1894 2283 1994 2322 eos
2018 2273 2216 2322 autem
2250 2269 2760 2340 quiaspiciebant,
2807 2269 3180 2324 moventibus
3225 2269 3302 2324 ad
3357 2267 3548 2324 admi-

1893 2355 2206 2424 rationem,
2240 2359 2510 2413 nesciens
2543 2359 2834 2430 quidnam
2864 2347 3064 2428 ageret
3097 2359 3340 2424 maligni
3383 2357 3552 2414 mini-

1894 2447 2012 2498 ster
2043 2459 2389 2514 germanus,
2419 2447 2474 2501 in
2531 2465 2664 2504 eam
2717 2449 2922 2504 mortis
2977 2447 3178 2516 gladio
3226 2447 3550 2502 inferendis

1893 2535 2239 2602 pronuntiat
2270 2537 2641 2592 sententiam.
2674 2537 2844 2602 Quod
2873 2553 3009 2592 cum
3037 2541 3191 2590 esset
3217 2535 3270 2591 ei
3329 2551 3548 2592 renun-

1893 2622 2121 2686 tiatum,
2152 2631 2423 2696 apertum
2459 2631 2601 2692 erat,
2633 2625 2858 2694 gaudio
2899 2625 3138 2696 plenam
3180 2641 3308 2680 esse
3331 2631 3548 2697 marty-

1893 2725 2040 2768 rem.
2093 2713 2234 2778 Quze
2267 2721 2514 2770 matrem
2549 2720 2636 2770 est
2667 2720 2919 2786 precata,
2945 2719 3006 2770 ut
3036 2717 3227 2769 oraret
3259 2729 3365 2784 pro
3399 2711 3542 2778 filia,

1893 2803 1950 2854 et
1990 2815 2220 2856 sorores
2253 2807 2340 2858 est
2371 2801 2701 2872 exhortata,
2745 2808 2806 2858 ut
2838 2819 2958 2858 non
2990 2801 3332 2858 dubitarent
3385 2803 3536 2858 mori

1891 2905 2000 2962 pro
2023 2893 2439 2962 consequendo
2481 2891 2683 2948 bravio
2715 2897 2948 2948 aeternae
3003 2891 3326 2948 vocationis
3356 2906 3368 2946 :
3432 2891 3545 2946 Sci-

1895 2979 2228 3048 tis,dicens,
2287 2981 2380 3036 cui
2421 2997 2642 3038 nomen
2696 2981 2970 3036 dedimus
3010 2987 3065 3036 et
3111 2981 3284 3050 cujus
3335 2995 3546 3034 sumus

1893 3071 2142 3138 signatas
2169 3071 2496 3138 signaculo.
2529 3071 2592 3126 ln
2621 3073 2748 3142 ejus
2777 3073 2850 3126 ad
2901 3071 3080 3126 tinem
3115 3085 3303 3142 usque
3363 3068 3546 3140 persi-

193 3161 278 3224 μία
303 3161 478 3230 μὴτηρ
531 3157 670 3229 ἡμεῖς
709 3155 958 3228 ἐγείνατο,
1017 3157 1044 3214 ἡ
1099 3155 1226 3214 αὑτὴ
1275 3157 1362 3214 τὰς
1409 3159 1542 3226 τρεῖς
1585 3149 1782 3224 ἀνεθρέ-

1893 3167 2041 3214 stere
2069 3160 2464 3226 confessione,
2497 3177 2568 3216 ne
2605 3161 2846 3230 ignavia
2873 3161 3144 3216 adductas
3171 3159 3540 3214 dubitemus.

191 3241 334 3312 ψατο,
391 3247 492 3298 ύπό
549 3253 670 3317 μιᾶς
729 3245 1015 3318 ἐτράφημεν
1073 3249 1166 3303 τὴν
1229 3247 1531 3316 σωματικὴν
1591 3247 1782 3316 τροφήν

194 3351 240 3384 τε
291 3339 376 3386 καὶ
425 3341 520 3394 τὴν
573 3341 941 3407 πνευματικήν·
993 3335 1040 3387 ἓν
1071 3339 1128 3387 τὸ
1169 3333 1303 3394 τέλος
1334 3339 1422 3384 καὶ
1457 3339 1569 3394 ταῖς
1609 3335 1782 3402 τρισὶν

193 3423 332 3488 ἔστω,
386 3431 498 3485 ταῖς
579 3420 823 3496 ἀδελφαῖς
881 3421 1076 3496 ἀδελφὰ
1135 3429 1343 3496 φανήτω
1401 3425 1490 3472 καὶ
1541 3423 1604 3472 τά
1662 3439 1782 3492 φρο-

195 3515 400 3582 νήματα⁸
449 3515 640 3566 οἰκεῖον
681 3511 978 3585 ὑπόδειγμα
1024 3521 1140 3575 ταῖς
1169 3511 1279 3585 μετ’
1312 3511 1490 3580 αὐτὴν,
1536 3513 1562 3568 ἡ
1597 3517 1776 3584 πρώτη

195 3604 417 3667 γενέσθω.
472 3605 692 3664 Τούτοις
753 3606 806 3656 αἱ
858 3600 1080 3675 ἀδελφαὶ
1156 3611 1266 3664 τοῖς
1318 3601 1488 3672 λόγοις
1564 3599 1776 3676 ἐπιρρω-

200 3689 408 3758 σθεῐσαι,
459 3697 552 3744 καὶ
615 3697 707 3750 τὴν
763 3693 1006 3766 μάρτυρα
1061 3699 1444 3768 προσειποῦσαι
1497 3693 1562 3742 τά
1613 3689 1779 3742 τελευ-

195 3785 304 3830 ταῖα
349 3787 436 3834 καὶ
517 3781 906 3852 ἀσπασάμεναι,
983 3781 1156 3846 ἠξίουν
1231 3783 1355 3855 ὑπὲρ
1439 3779 1602 3832 αὐτων
1682 3785 1772 3831 τοῦ

197 3877 352 3920 κοινοῦ
409 3867 668 3930 δεηθῆναι
725 3874 1008 3936 Δεσπότου,
1068 3875 1154 3924 τὸν
1216 3873 1327 3922 ἴσον
1386 3869 1516 3940 αὐτῇ
1580 3865 1774 3942 δρόμον

197 3950 394 4010 διελθεῖν
475 3957 846 4036 ἀπροσκόπως,
901 3963 984 4012 ἵνα
1034 3965 1120 4014 καὶ
1182 3969 1281 4012 τῶν
1327 3961 1454 4012 ἴσων
1509 3957 1774 4020 ἀξιωθῶσι

199 4049 450 4116 στεφάνων.

257 4135 330 4188 ϐ’.
389 4137 444 4191 Ἠ
510 4135 568 4190 δι
617 4145 825 4210 γενναία
898 4145 1072 4212 μήτηρ
1149 4135 1300 4190 οὐδὲν
1377 4136 1574 4210 ἀγεννὲς
1648 4133 1770 4190 οὐδὲ

194 4225 510 4299 μικρόψυχον
563 4247 613 4278 τι
647 4233 736 4280 καὶ
775 4235 1066 4300 γυναικεῖον
1099 4231 1412 4300 πάσχουσα,
1449 4227 1556 4278 ἀλλ’
1596 4229 1768 4300 ὥσπερ

195 4308 452 4386 αιδονμένη
513 4323 748 4368 ταπεινὸν
794 4323 882 4370 καὶ
947 4317 1150 4380 ἀνάξιον
1205 4319 1459 4392 θυγατρὸς
1525 4321 1770 4378 τοιαύτης

195 4405 272 4452 καὶ
319 4407 494 4458 παθεῖν
547 4411 636 4458 καὶ
679 4407 853 4470 εἰπεῖν,
911 4407 1032 4468 ὅλως
1085 4403 1144 4466 ἦν
1190 4405 1386 4478 ὑψηλὴ,
1429 4406 1555 4468 ὅλως
1604 4427 1770 4479 μεγα-

1895 3251 2019 3304 Una
2049 3255 2236 3305 mater
2266 3267 2377 3306 nos
2408 3251 2630 3320 genuit,
2663 3250 2868 3306 eadem
2927 3255 3042 3304 tres
3075 3249 3238 3314 aluit,
3301 3247 3378 3302 ab
3425 3263 3546 3302 una

1891 3355 2100 3392 sumus
2153 3338 2422 3394 educatae
2479 3343 2601 3394 tam
2665 3339 2952 3412 corporali
3013 3339 3294 3392 alimento
3360 3351 3545 3410 quam

1890 3425 2132 3497 spiritali
2167 3427 2279 3482 :sit
2309 3443 2464 3482 unus
2497 3427 2632 3482 ﬁnis
2665 3429 2840 3484 etiam
2865 3427 3072 3486 tribus.
3105 3425 3409 3482 sororibus
3429 3425 3546 3482 sint

1889 3517 2130 3572 sororia)
2158 3521 2212 3570 et
2243 3533 2546 3588 germanas
2579 3517 2935 3572 voluntates.
2972 3518 3054 3574 Sit
3107 3515 3302 3588 prima
3343 3515 3546 3572 dome-

1889 3605 2102 3660 sticum
2137 3605 2463 3676 exemplar,
2503 3605 2570 3660 iis
2604 3621 2738 3678 quas
2768 3623 2898 3662 eam
2938 3609 3398 3674 consequentur.
3441 3605 3540 3660 liis

1887 3695 2082 3750 verbis
2115 3695 2483 3750 confirmatae
2531 3711 2784 3758 sorores,
2836 3711 2970 3750 cum
3033 3699 3349 3766 martyrem
3407 3693 3546 3749 allo-

1885 3789 2154 3858 quentes,
2185 3791 2514 3838 extremum
2543 3787 2592 3838 ei
2621 3783 2746 3838 vale
2777 3783 3084 3852 dixissent,
3145 3787 3433 3850 rogarunt
3481 3789 3546 3838 ut

1887 3889 1994 3946 pro
2019 3891 2080 3930 se
2107 3889 2492 3930 communem
2527 3878 2869 3946 precaretur
2919 3873 3258 3936 Dominum,
3303 3877 3368 3927 ut
3417 3871 3545 3927 sine

1883 3963 2216 4020 oll'ensione
2247 3979 2488 4018 cursum
2521 3962 2570 4018 ei
2605 3979 2808 4034 parem
2841 3965 3214 4036 peragerent,
3253 3967 3317 4016 ut
3369 3977 3544 4032 pares

1883 4068 2125 4126 quoque
2151 4057 2655 4124 consequerentur
2673 4067 2956 4108 coronas.

1955 4143 2039 4196 lx.
2112 4143 2408 4198 Generosa
2457 4147 2658 4196 autem
2717 4147 2922 4206 mater,
2981 4155 3100 4196 non
3161 4139 3539 4204 illiberaliter,

1879 4247 2072 4306 neque
2103 4231 2314 4304 pusillo
2346 4237 2402 4288 et
2427 4231 2768 4287 effeminato
2800 4231 3004 4286 animo
3037 4245 3099 4286 se
3151 4247 3382 4304 gerens,
3439 4229 3544 4284 sed

1881 4321 2126 4394 perinde
2153 4337 2220 4376 ac
2251 4321 2610 4376 erubescens
2634 4319 2856 4393 aliquid
2918 4319 3132 4386 facere,
3185 4325 3287 4376 aut
3328 4319 3538 4382 dicere,

1881 4411 2040 4483 quod
2077 4415 2229 4464 esset
2257 4409 2556 4480 ahjectum
2603 4417 2657 4465 et
2711 4409 3020 4480 indignum
3067 4409 3164 4464 tali
3222 4409 3365 4470 tilia,
3418 4413 3544 4464 erat

196 4485 388 4563 λὸῖιρων,
423 4501 576 4546 τοῦτο
629 4495 920 4566 λυπουμένη
969 4501 1142 4568 μόνον,
1193 4501 1264 4568 μὴ
1325 4499 1412 4556 τὰς
1461 4495 1616 4556 om“;
1661 4491 1770 4548 ἴδοι

1892 4499 2128 4555 οιηηίηο
2161 4501 2358 4572 magni
2390 4507 2443 4554 et
2469 4499 2680 4554 excelsi
2714 4498 3091 4564 animi,hanc
3115 4501 3310 4554 solum
3339 4499 3541 4554 animo

199 4585 362 4648 μικρόν
417 4603 468 4634 τι
519 4591 608 4636 τοῦ
665 4581 1091 4658 παραδείγματος
1157 4593 1252 4646 τῆς
1313 4590 1518 4658 πρώτης
1574 4583 1771 4637 ἀπολει-

201 4665 410 4736 ῖνθιίσας,
451 4677 542 4724 καὶ
591 4669 903 4746 κινδυνεύσῃ
949 4679 1074 4746 μιᾶς
1105 4673 1324 4746 ὀφθῆναι
1367 4679 1528 4746 μόνης
1576 4679 1662 4726 καὶ
1713 4673 1770 4726 ού

200 4765 332 4826 τριῶν
369 4763 610 4812 τοιούτων
663 4761 792 4814 εἶναι
842 4767 1017 4834 μήτηρ
1075 4767 1286 4834 γνησία.
1353 4767 1437 4816 Διό
1483 4768 1570 4816 καὶ
1607 4763 1770 4826 ἀξίοις

203 4849 276 4900 τὴν
333 4847 498 4904 παῖδα
577 4857 868 4926 προέπεμπε
925 4852 1118 4924 λόγοις·
1181 4854 1316 4924 Ἐγὼ
1381 4857 1471 4924 μέν
1546 4873 1622 4918 σε,
1687 4857 1770 4906 ού-

201 4953 356 5008 γατερ,
405 4941 673 5012 ἐγέννησα,
723 4941 970 5014 λέγουσα,
1016 4947 1105 4994 καὶ
1149 4947 1329 5002 πόνους
1379 4939 1576 4996 ὠδίνων
1623 4943 1771 5020 ἐκαρ-

204 5025 374 5094 τέρησα
423 5027 501 5080 ἐπὶ
553 5035 658 5092 σοὶ,
715 5037 802 5082 καὶ
851 5031 922 5092 εἰς
969 5035 1115 5084 τοϋνό
1165 5051 1221 5083 σε
1267 5031 1466 5092 ἡλικίας
1510 5037 1772 5107 τρέφουσα

203 5109 394 5184 ἦγαγονο
445 5117 575 5176 πλὴν
624 5117 748 5170 ἀλλά
802 5117 985 5192 ἀπέχω
1043 5123 1107 5172 τὰ
1161 5129 1382 5192 τροφαῖα
1427 5131 1534 5186 νύν,
1587 5120 1768 5194 ἀπέχω

1091 5209 1260 5280 πολλῳ
1316 5217 1386 5280 τῷ
1443 5211 1642 5282 μείζονι
1711 5211 1766 5266 Ei

201 5291 283 5358 γὰρ
331 5301 412 5346 καὶ
456 5293 648 5366 μηδεὶς
692 5293 912 5350 δύναται
939 5307 1176 5370 γονεῦσιν
1209 5295 1508 5352 ἀντιδοῦναι
1537 5303 1766 5374 χάριτας

203 5207 288 5250 τῶν
339 5209 498 5258 πόνων
579 5211 666 5268 τὰς
725 5205 1016 5270 ἀντιδόσεις

205 5375 306 5438 ῖτας
355 5393 476 5446 (πως
531 5387 631 5458 γὰρ
699 5387 822 5460 παρ’
869 5387 936 5438 ὧν
991 5387 1116 5440 αύτό
1172 5391 1228 5440 τὸ
1284 5387 1412 5441 εἶναι
1465 5389 1663 5462 εἴληφεν
1699 5395 1764 5462 ;)

201 5463 310 5516 αλλὰ
380 5475 440 5522 σύ
509 5493 596 5544 μοι
669 5477 836 5526 πάντα
913 5475 1316 5550 μεγαλοπρεπῶς
1395 5474 1760 5543 ἀποδέδωκας,

203 5559 416 5620 τοιαῦτης
463 5561 546 5634 ἐμὲ
597 5565 850 5636 θυγατρὸς
892 5569 1091 5636 μητέρα
1141 5562 1378 5628 δείξασα,
1432 5567 1594 5628 οὕτως
1635 5569 1760 5642 ὑπὲρ

207 5645 406 5716 Χριστοῦ
447 5651 834 5728 μεγαλοψύχως
891 5651 1188 5714 ἀθλήσασα.
1271 5659 1402 5730 Πρὸς
1457 5659 1510 5710 ὅν
1583 5659 1756 5726 ἄπιθι,

1882 4587 2179 4660 accipiens
2205 4588 2557 4650 molestiam,
2595 4603 2668 4644 ne
2691 4587 2912 4642 videret
2935 4587 3082 4644 alias
3108 4589 3312 4660 primae
3347 4603 3542 4642 exem-

1881 4679 2048 4750 plum
2091 4693 2208 4732 non
2245 4679 2504 4750 assequi,
2547 4683 2604 4732 et
2667 4677 2884 4733 veniret
2943 4677 3000 4732 in
3055 4675 3410 4747 periculum,
3465 4690 3536 4730 ne

1883 4767 2058 4824 unius
2084 4767 2269 4822 solius
2328 4771 2383 4822 et
2427 4781 2544 4822 non
2603 4767 2776 4822 trium
2839 4765 3135 4822 videretur
3183 4781 3308 4820 esse
3355 4769 3543 4820 mater

1882 4871 2187 4926 germana.
2223 4855 2508 4922 Quocirca
2541 4855 2722 4910 tiliam
2751 4855 2945 4922 dignis
2981 4853 3176 4910 verbis
3221 4869 3542 4926 proseque-

1883 4945 2091 5004 batur:
2131 4947 2247 5014 Ego
2279 4944 2548 5018 quidem,
2576 4961 2610 5000 o
2643 4943 2782 5010 ﬁlia,
2841 4949 2892 5000 te
2949 4945 3147 5014 genui,
3199 4943 3426 5008 dicens,
3485 4945 3540 4998 et

1885 5039 2120 5106 propter
2145 5041 2194 5088 te
2225 5033 2324 5088 tuli
2357 5039 2555 5104 partus
2611 5033 2868 5100 dolores,
2925 5037 2978 5088 et
3005 5037 3058 5088 te
3111 5033 3378 5088 nutriens
3435 5029 3538 5086 de-

1880 5123 2023 5179 duxi
2055 5123 2130 5178 ad
2165 5123 2319 5180 hanc
2369 5139 2556 5194 usque
2611 5127 2883 5178 aetatem:
2942 5123 3044 5178 sed
3101 5137 3260 5176 nunc
3308 5120 3538 5192 accipio

1884 5211 2216 5268 mercedem
2260 5211 2703 5276 alimentorum,
2723 5209 2946 5282 accipio
2971 5209 3246 5266 laborum
3267 5224 3540 5265 remune-

1879 5303 2153 5366 rationes,
2203 5315 2427 5372 easque
2489 5299 2909 5371 mutiplicatas.
2971 5303 3118 5356 Nam
3162 5299 3274 5354 etsi
3337 5297 3537 5354 nullus

1877 5389 2064 5462 possit
2087 5405 2288 5462 parem
2311 5389 2562 5454 gratiam
2591 5388 2806 5444 referre
2827 5387 3172 5460 parentibus
3203 5387 3536 5460 (quomodo

1876 5481 2034 5536 enim
2053 5495 2190 5534 cum
2207 5477 2283 5534 al)
2303 5477 2371 5533 iis
2391 5479 2607 5550 ipsum.
2638 5477 2804 5549 quod
2827 5493 3058 5542 sumus,
3082 5475 3534 5550 acceperimus?)

1875 5571 1936 5624 tu
1971 5573 2166 5624 tamen
2193 5567 2336 5622 mihi
2360 5567 2565 5622 omnia
2591 5565 2970 5622 abundanter
3017 5565 3346 5632 reddidisti,
3395 5581 3532 5622 cum

1871 5673 1968 5716 me
1996 5655 2127 5718 talis
2185 5655 2318 5714 ﬁliae
2379 5659 2633 5716 matrem
2690 5671 2820 5715 esse
2877 5657 3240 5726 ostenderis,
3297 5659 3352 5714 et
3411 5659 3534 5712 tam
