  <div class='ocr_page' id='page_1' title='image "/cluster/home/n/w/nwhite01/storage/ocr_20150623/115/hvd.32044073502262/259.png"; bbox 0 0 4142 6196; ppageno 0'>
   <div class='ocr_carea' id='block_1_1' title="bbox 506 298 613 353">
    <p class='ocr_par' dir='ltr' id='par_1_1' title="bbox 506 298 613 353">
     <span class='ocr_line' id='line_1_1' title="bbox 506 298 613 353; baseline 0.009 -1"><span class='ocrx_word' id='word_1_1' title='bbox 506 298 613 353; x_wconf 80' lang='lat'>507</span> 
     </span>
    </p>
   </div>
   <div class='ocr_carea' id='block_1_2' title="bbox 1838 283 2532 351">
    <p class='ocr_par' dir='ltr' id='par_1_2' title="bbox 1838 283 2532 351">
     <span class='ocr_line' id='line_1_2' title="bbox 1838 283 2532 351; baseline -0.004 0"><span class='ocrx_word' id='word_1_2' title='bbox 1838 289 2097 351; x_wconf 88' lang='lat' dir='ltr'>MENSIS</span> <span class='ocrx_word' id='word_1_3' title='bbox 2138 283 2532 348; x_wconf 84' lang='lat' dir='ltr'>AUGUSTUS.</span> 
     </span>
    </p>
   </div>
   <div class='ocr_carea' id='block_1_3' title="bbox 3761 296 3865 353">
    <p class='ocr_par' dir='ltr' id='par_1_3' title="bbox 3761 296 3865 353">
     <span class='ocr_line' id='line_1_3' title="bbox 3761 296 3865 353; baseline 0.019 -2"><span class='ocrx_word' id='word_1_4' title='bbox 3761 296 3865 353; x_wconf 82' lang='lat'>508</span> 
     </span>
    </p>
   </div>
   <div class='ocr_carea' id='block_1_4' title="bbox 507 411 2155 494">
    <p class='ocr_par' dir='ltr' id='par_1_4' title="bbox 507 417 2155 494">
     <span class='ocr_line' id='line_1_4' title="bbox 507 417 2155 494; baseline -0.004 -17"><span class='ocrx_word' id='word_1_5' title='bbox 507 422 825 485; x_wconf 81' lang='lat' dir='ltr'>magniﬁce</span> <span class='ocrx_word' id='word_1_6' title='bbox 847 437 953 493; x_wconf 89' lang='lat' dir='ltr'>pro</span> <span class='ocrx_word' id='word_1_7' title='bbox 976 421 1202 478; x_wconf 84' lang='lat' dir='ltr'>Christo</span> <span class='ocrx_word' id='word_1_8' title='bbox 1221 421 1633 477; x_wconf 86' lang='lat' dir='ltr'>decertaveris.</span> <span class='ocrx_word' id='word_1_9' title='bbox 1657 423 1741 477; x_wconf 81' lang='lat' dir='ltr'>Ad</span> <span class='ocrx_word' id='word_1_10' title='bbox 1778 437 1956 494; x_wconf 87' lang='lat' dir='ltr'>quem</span> <span class='ocrx_word' id='word_1_11' title='bbox 1992 417 2155 479; x_wconf 79' lang='lat' dir='ltr'>vade,</span> 
     </span>
    </p>
   </div>
   <div class='ocr_carea' id='block_1_5' title="bbox 2268 411 3867 494">
    <p class='ocr_par' dir='ltr' id='par_1_5' title="bbox 2277 418 3867 493">
     <span class='ocr_line' id='line_1_5' title="bbox 2277 418 3867 493; baseline 0.005 -29"><span class='ocrx_word' id='word_1_12' title='bbox 2277 418 2468 481; x_wconf 80' lang='grc' dir='ltr'>τέκνον,</span> <span class='ocrx_word' id='word_1_13' title='bbox 2528 420 2680 470; x_wconf 85' lang='grc' dir='ltr'>οἶπιθι</span> <span class='ocrx_word' id='word_1_14' title='bbox 2724 428 2832 481; x_wconf 87' lang='grc' dir='ltr'>τοῖς</span> <span class='ocrx_word' id='word_1_15' title='bbox 2886 422 3075 491; x_wconf 80' lang='grc' dir='ltr'>αἵμασι</span> <span class='ocrx_word' id='word_1_16' title='bbox 3126 426 3228 479; x_wconf 88' lang='grc' dir='ltr'>τοῖς</span> <span class='ocrx_word' id='word_1_17' title='bbox 3282 420 3406 487; x_wconf 72' lang='grc' dir='ltr'>ὑπὲρ</span> <span class='ocrx_word' id='word_1_18' title='bbox 3456 421 3639 471; x_wconf 79' lang='grc' dir='ltr'>τούτου</span> <span class='ocrx_word' id='word_1_19' title='bbox 3696 441 3867 493; x_wconf 82' lang='grc' dir='ltr'>πεφοι-</span> 
     </span>
    </p>
   </div>
   <div class='ocr_carea' id='block_1_6' title="bbox 506 512 2160 583">
    <p class='ocr_par' dir='ltr' id='par_1_6' title="bbox 506 512 2160 583">
     <span class='ocr_line' id='line_1_6' title="bbox 506 512 2160 583; baseline -0.004 -16"><span class='ocrx_word' id='word_1_20' title='bbox 506 513 649 576; x_wconf 86' lang='lat' dir='ltr'>ﬁlia,</span> <span class='ocrx_word' id='word_1_21' title='bbox 672 512 845 579; x_wconf 82' lang='lat' dir='ltr'>vade,</span> <span class='ocrx_word' id='word_1_22' title='bbox 874 516 976 566; x_wconf 90' lang='lat' dir='ltr'>tuo</span> <span class='ocrx_word' id='word_1_23' title='bbox 1011 512 1304 578; x_wconf 73' lang='lat' dir='ltr'>sanguine</span> <span class='ocrx_word' id='word_1_24' title='bbox 1335 527 1443 582; x_wconf 90' lang='lat' dir='ltr'>pro</span> <span class='ocrx_word' id='word_1_25' title='bbox 1474 528 1545 567; x_wconf 92' lang='lat' dir='ltr'>eo</span> <span class='ocrx_word' id='word_1_26' title='bbox 1593 512 1801 568; x_wconf 70' lang='lat' dir='ltr'>eﬁ‘ecta</span> <span class='ocrx_word' id='word_1_27' title='bbox 1839 522 2160 583; x_wconf 87' lang='lat' dir='ltr'>purpurea,</span> 
     </span>
    </p>
   </div>
   <div class='ocr_carea' id='block_1_7' title="bbox 509 596 2161 673">
    <p class='ocr_par' dir='ltr' id='par_1_7' title="bbox 509 596 2161 673">
     <span class='ocr_line' id='line_1_7' title="bbox 509 596 2161 673; baseline -0.003 -17"><span class='ocrx_word' id='word_1_28' title='bbox 509 618 630 673; x_wconf 90' lang='lat' dir='ltr'>quo</span> <span class='ocrx_word' id='word_1_29' title='bbox 664 606 764 655; x_wconf 91' lang='lat' dir='ltr'>tuo</span> <span class='ocrx_word' id='word_1_30' title='bbox 796 616 1022 671; x_wconf 89' lang='lat' dir='ltr'>sponso</span> <span class='ocrx_word' id='word_1_31' title='bbox 1052 600 1458 672; x_wconf 88' lang='lat' dir='ltr'>conspicieris,</span> <span class='ocrx_word' id='word_1_32' title='bbox 1491 618 1613 671; x_wconf 89' lang='lat' dir='ltr'>quo</span> <span class='ocrx_word' id='word_1_33' title='bbox 1646 618 1847 657; x_wconf 87' lang='lat' dir='ltr'>coram</span> <span class='ocrx_word' id='word_1_34' title='bbox 1906 601 2038 670; x_wconf 77' lang='lat' dir='ltr'>ipso</span> <span class='ocrx_word' id='word_1_35' title='bbox 2084 596 2161 651; x_wconf 89' lang='lat' dir='ltr'>si-</span> 
     </span>
    </p>
   </div>
   <div class='ocr_carea' id='block_1_8' title="bbox 508 687 2159 760">
    <p class='ocr_par' dir='ltr' id='par_1_8' title="bbox 508 687 2159 760">
     <span class='ocr_line' id='line_1_8' title="bbox 508 687 2159 760; baseline -0.005 -16"><span class='ocrx_word' id='word_1_36' title='bbox 508 689 675 744; x_wconf 90' lang='lat' dir='ltr'>steris</span> <span class='ocrx_word' id='word_1_37' title='bbox 706 690 917 760; x_wconf 86' lang='lat' dir='ltr'>quovis</span> <span class='ocrx_word' id='word_1_38' title='bbox 965 689 1157 744; x_wconf 91' lang='lat' dir='ltr'>colore</span> <span class='ocrx_word' id='word_1_39' title='bbox 1202 695 1258 743; x_wconf 89' lang='lat' dir='ltr'>et</span> <span class='ocrx_word' id='word_1_40' title='bbox 1302 690 1445 745; x_wconf 86' lang='lat' dir='ltr'>ﬂore</span> <span class='ocrx_word' id='word_1_41' title='bbox 1490 690 1757 745; x_wconf 82' lang='lat' dir='ltr'>colorata</span> <span class='ocrx_word' id='word_1_42' title='bbox 1823 687 2159 760; x_wconf 85' lang='lat' dir='ltr'>speciosius.</span> 
     </span>
    </p>
   </div>
   <div class='ocr_carea' id='block_1_9' title="bbox 506 778 2164 847">
    <p class='ocr_par' dir='ltr' id='par_1_9' title="bbox 506 778 2164 847">
     <span class='ocr_line' id='line_1_9' title="bbox 506 778 2164 847; baseline -0.001 -16"><span class='ocrx_word' id='word_1_43' title='bbox 506 779 640 832; x_wconf 84' lang='lat' dir='ltr'>Haec</span> <span class='ocrx_word' id='word_1_44' title='bbox 672 795 812 833; x_wconf 91' lang='lat' dir='ltr'>cum</span> <span class='ocrx_word' id='word_1_45' title='bbox 842 778 939 833; x_wconf 89' lang='lat' dir='ltr'>illa</span> <span class='ocrx_word' id='word_1_46' title='bbox 960 794 993 833; x_wconf 88' lang='lat' dir='ltr'>a</span> <span class='ocrx_word' id='word_1_47' title='bbox 1016 779 1323 833; x_wconf 83' lang='lat' dir='ltr'>sororibus</span> <span class='ocrx_word' id='word_1_48' title='bbox 1349 783 1403 833; x_wconf 83' lang='lat' dir='ltr'>et</span> <span class='ocrx_word' id='word_1_49' title='bbox 1430 785 1616 834; x_wconf 85' lang='lat' dir='ltr'>matre</span> <span class='ocrx_word' id='word_1_50' title='bbox 1648 780 1992 843; x_wconf 82' lang='lat' dir='ltr'>audivisset,</span> <span class='ocrx_word' id='word_1_51' title='bbox 2025 792 2164 847; x_wconf 91' lang='lat' dir='ltr'>por-</span> 
     </span>
    </p>
   </div>
   <div class='ocr_carea' id='block_1_10' title="bbox 506 868 2161 940">
    <p class='ocr_par' dir='ltr' id='par_1_10' title="bbox 506 868 2161 940">
     <span class='ocr_line' id='line_1_10' title="bbox 506 868 2161 940; baseline -0.003 -17"><span class='ocrx_word' id='word_1_52' title='bbox 506 873 665 923; x_wconf 89' lang='lat' dir='ltr'>recta</span> <span class='ocrx_word' id='word_1_53' title='bbox 718 869 998 922; x_wconf 83' lang='lat' dir='ltr'>continuo</span> <span class='ocrx_word' id='word_1_54' title='bbox 1055 868 1304 935; x_wconf 78' lang='lat' dir='ltr'>cervice,</span> <span class='ocrx_word' id='word_1_55' title='bbox 1349 868 1401 922; x_wconf 90' lang='lat' dir='ltr'>ei</span> <span class='ocrx_word' id='word_1_56' title='bbox 1454 873 1628 940; x_wconf 86' lang='lat' dir='ltr'>caput</span> <span class='ocrx_word' id='word_1_57' title='bbox 1681 872 2061 938; x_wconf 75' lang='lat' dir='ltr'>amputatur:</span> <span class='ocrx_word' id='word_1_58' title='bbox 2106 869 2161 919; x_wconf 90' lang='lat' dir='ltr'>et</span> 
     </span>
    </p>
   </div>
   <div class='ocr_carea' id='block_1_11' title="bbox 509 956 2067 1029">
    <p class='ocr_par' dir='ltr' id='par_1_11' title="bbox 509 956 2067 1029">
     <span class='ocr_line' id='line_1_11' title="bbox 509 956 2067 1029; baseline -0.001 -18"><span class='ocrx_word' id='word_1_59' title='bbox 509 956 837 1012; x_wconf 89' lang='lat' dir='ltr'>sustollitur</span> <span class='ocrx_word' id='word_1_60' title='bbox 866 959 939 1012; x_wconf 85' lang='lat' dir='ltr'>ad</span> <span class='ocrx_word' id='word_1_61' title='bbox 972 957 1285 1021; x_wconf 68' lang='lat' dir='ltr'>Christum,</span> <span class='ocrx_word' id='word_1_62' title='bbox 1320 957 1422 1029; x_wconf 89' lang='lat' dir='ltr'>qui</span> <span class='ocrx_word' id='word_1_63' title='bbox 1454 962 1539 1013; x_wconf 86' lang='lat' dir='ltr'>est</span> <span class='ocrx_word' id='word_1_64' title='bbox 1560 962 1740 1028; x_wconf 90' lang='lat' dir='ltr'>caput</span> <span class='ocrx_word' id='word_1_65' title='bbox 1771 956 2067 1012; x_wconf 86' lang='lat' dir='ltr'>omnium.</span> 
     </span>
    </p>
   </div>
   <div class='ocr_carea' id='block_1_12' title="bbox 578 1044 2158 1118">
    <p class='ocr_par' dir='ltr' id='par_1_12' title="bbox 578 1044 2158 1118">
     <span class='ocr_line' id='line_1_12' title="bbox 578 1044 2158 1118; baseline -0.002 -18"><span class='ocrx_word' id='word_1_66' title='bbox 578 1048 653 1101; x_wconf 84' lang='lat' dir='ltr'>X.</span> <span class='ocrx_word' id='word_1_67' title='bbox 684 1047 905 1118; x_wconf 87' lang='lat' dir='ltr'>Impius</span> <span class='ocrx_word' id='word_1_68' title='bbox 937 1052 1137 1101; x_wconf 90' lang='lat' dir='ltr'>autem</span> <span class='ocrx_word' id='word_1_69' title='bbox 1162 1047 1345 1116; x_wconf 85' lang='lat' dir='ltr'>judex</span> <span class='ocrx_word' id='word_1_70' title='bbox 1365 1062 1484 1101; x_wconf 89' lang='lat' dir='ltr'>non</span> <span class='ocrx_word' id='word_1_71' title='bbox 1516 1046 1712 1101; x_wconf 87' lang='lat' dir='ltr'>ferens</span> <span class='ocrx_word' id='word_1_72' title='bbox 1741 1044 2158 1113; x_wconf 69' lang='lat' dir='ltr'>ignominiam,</span> 
     </span>
    </p>
   </div>
   <div class='ocr_carea' id='block_1_13' title="bbox 510 1133 2160 1207">
    <p class='ocr_par' dir='ltr' id='par_1_13' title="bbox 510 1133 2160 1207">
     <span class='ocr_line' id='line_1_13' title="bbox 510 1133 2160 1207; baseline -0.003 -16"><span class='ocrx_word' id='word_1_73' title='bbox 510 1152 582 1191; x_wconf 85' lang='lat' dir='ltr'>ex</span> <span class='ocrx_word' id='word_1_74' title='bbox 612 1152 671 1191; x_wconf 90' lang='lat' dir='ltr'>se</span> <span class='ocrx_word' id='word_1_75' title='bbox 697 1141 881 1207; x_wconf 65' lang='lat' dir='ltr'>parta;</span> <span class='ocrx_word' id='word_1_76' title='bbox 912 1136 1169 1191; x_wconf 64' lang='lat' dir='ltr'>victoriae</span> <span class='ocrx_word' id='word_1_77' title='bbox 1199 1135 1487 1191; x_wconf 80' lang='lat' dir='ltr'>damnum</span> <span class='ocrx_word' id='word_1_78' title='bbox 1549 1135 1850 1205; x_wconf 82' lang='lat' dir='ltr'>cogitabat</span> <span class='ocrx_word' id='word_1_79' title='bbox 1907 1150 1975 1189; x_wconf 82' lang='lat' dir='ltr'>ex</span> <span class='ocrx_word' id='word_1_80' title='bbox 2031 1133 2160 1189; x_wconf 90' lang='lat' dir='ltr'>aliis</span> 
     </span>
    </p>
   </div>
   <div class='ocr_carea' id='block_1_14' title="bbox 503 1222 2159 1296">
    <p class='ocr_par' dir='ltr' id='par_1_14' title="bbox 503 1222 2159 1296">
     <span class='ocr_line' id='line_1_14' title="bbox 503 1222 2159 1296; baseline -0.002 -16"><span class='ocrx_word' id='word_1_81' title='bbox 503 1241 782 1296; x_wconf 90' lang='lat' dir='ltr'>reparare</span> <span class='ocrx_word' id='word_1_82' title='bbox 814 1224 1036 1279; x_wconf 90' lang='lat' dir='ltr'>:multo</span> <span class='ocrx_word' id='word_1_83' title='bbox 1076 1228 1274 1278; x_wconf 89' lang='lat' dir='ltr'>autem</span> <span class='ocrx_word' id='word_1_84' title='bbox 1309 1224 1495 1293; x_wconf 85' lang='lat' dir='ltr'>magis</span> <span class='ocrx_word' id='word_1_85' title='bbox 1522 1241 1628 1295; x_wconf 91' lang='lat' dir='ltr'>per</span> <span class='ocrx_word' id='word_1_86' title='bbox 1657 1241 1758 1279; x_wconf 90' lang='lat' dir='ltr'>eas</span> <span class='ocrx_word' id='word_1_87' title='bbox 1782 1239 2023 1296; x_wconf 90' lang='lat' dir='ltr'>quoque</span> <span class='ocrx_word' id='word_1_88' title='bbox 2076 1222 2159 1276; x_wconf 87' lang='lat' dir='ltr'>vi-</span> 
     </span>
    </p>
   </div>
   <div class='ocr_carea' id='block_1_15' title="bbox 507 1311 2161 1384">
    <p class='ocr_par' dir='ltr' id='par_1_15' title="bbox 507 1311 2161 1384">
     <span class='ocr_line' id='line_1_15' title="bbox 507 1311 2161 1384; baseline -0.002 -17"><span class='ocrx_word' id='word_1_89' title='bbox 507 1318 634 1368; x_wconf 89' lang='lat' dir='ltr'>ctus</span> <span class='ocrx_word' id='word_1_90' title='bbox 648 1313 947 1384; x_wconf 91' lang='lat' dir='ltr'>apparuit.</span> <span class='ocrx_word' id='word_1_91' title='bbox 966 1311 1264 1367; x_wconf 88' lang='lat' dir='ltr'>Continuo</span> <span class='ocrx_word' id='word_1_92' title='bbox 1282 1327 1424 1379; x_wconf 88' lang='lat' dir='ltr'>ergo</span> <span class='ocrx_word' id='word_1_93' title='bbox 1456 1315 1734 1367; x_wconf 86' lang='lat' dir='ltr'>accersita</span> <span class='ocrx_word' id='word_1_94' title='bbox 1756 1328 1847 1378; x_wconf 90' lang='lat' dir='ltr'>ea,</span> <span class='ocrx_word' id='word_1_95' title='bbox 1868 1328 2004 1383; x_wconf 55' lang='lat' dir='ltr'>quas</span> <span class='ocrx_word' id='word_1_96' title='bbox 2036 1314 2161 1365; x_wconf 90' lang='lat' dir='ltr'>erat</span> 
     </span>
    </p>
   </div>
   <div class='ocr_carea' id='block_1_16' title="bbox 505 1401 2159 1472">
    <p class='ocr_par' dir='ltr' id='par_1_16' title="bbox 505 1401 2159 1472">
     <span class='ocr_line' id='line_1_16' title="bbox 505 1401 2159 1472; baseline -0.001 -16"><span class='ocrx_word' id='word_1_97' title='bbox 505 1401 1021 1457; x_wconf 90' lang='lat' dir='ltr'>secunda:Crede</span> <span class='ocrx_word' id='word_1_98' title='bbox 1073 1401 1238 1468; x_wconf 90' lang='lat' dir='ltr'>mihi,</span> <span class='ocrx_word' id='word_1_99' title='bbox 1291 1401 1502 1472; x_wconf 81' lang='lat' dir='ltr'>inquit,</span> <span class='ocrx_word' id='word_1_100' title='bbox 1544 1401 1686 1465; x_wconf 88' lang='lat' dir='ltr'>ﬁlia,</span> <span class='ocrx_word' id='word_1_101' title='bbox 1736 1407 1791 1456; x_wconf 92' lang='lat' dir='ltr'>et</span> <span class='ocrx_word' id='word_1_102' title='bbox 1843 1417 1980 1455; x_wconf 89' lang='lat' dir='ltr'>cum</span> <span class='ocrx_word' id='word_1_103' title='bbox 2031 1416 2159 1455; x_wconf 84' lang='lat' dir='ltr'>ma-</span> 
     </span>
    </p>
   </div>
   <div class='ocr_carea' id='block_1_17' title="bbox 501 1488 2155 1558">
    <p class='ocr_par' dir='ltr' id='par_1_17' title="bbox 501 1488 2155 1558">
     <span class='ocr_line' id='line_1_17' title="bbox 501 1488 2155 1558; baseline -0.003 -13"><span class='ocrx_word' id='word_1_104' title='bbox 501 1492 729 1546; x_wconf 79' lang='lat' dir='ltr'>ximam</span> <span class='ocrx_word' id='word_1_105' title='bbox 758 1492 935 1546; x_wconf 90' lang='lat' dir='ltr'>deam</span> <span class='ocrx_word' id='word_1_106' title='bbox 984 1490 1233 1546; x_wconf 88' lang='lat' dir='ltr'>Dianam</span> <span class='ocrx_word' id='word_1_107' title='bbox 1295 1490 1662 1558; x_wconf 87' lang='lat' dir='ltr'>adoraveris,</span> <span class='ocrx_word' id='word_1_108' title='bbox 1712 1490 1851 1546; x_wconf 72' lang='lat' dir='ltr'>laeta</span> <span class='ocrx_word' id='word_1_109' title='bbox 1895 1488 2155 1544; x_wconf 88' lang='lat' dir='ltr'>discede.</span> 
     </span>
    </p>
   </div>
   <div class='ocr_carea' id='block_1_18' title="bbox 502 1577 2157 1651">
    <p class='ocr_par' dir='ltr' id='par_1_18' title="bbox 502 1577 2157 1651">
     <span class='ocr_line' id='line_1_18' title="bbox 502 1577 2157 1651; baseline -0.001 -20"><span class='ocrx_word' id='word_1_110' title='bbox 502 1579 603 1635; x_wconf 90' lang='lat' dir='ltr'>Illa</span> <span class='ocrx_word' id='word_1_111' title='bbox 634 1587 853 1647; x_wconf 89' lang='lat' dir='ltr'>autem,</span> <span class='ocrx_word' id='word_1_112' title='bbox 887 1580 1037 1651; x_wconf 87' lang='lat' dir='ltr'>Spes</span> <span class='ocrx_word' id='word_1_113' title='bbox 1100 1595 1322 1643; x_wconf 86' lang='lat' dir='ltr'>revera,</span> <span class='ocrx_word' id='word_1_114' title='bbox 1375 1595 1511 1649; x_wconf 83' lang='lat' dir='ltr'>quae</span> <span class='ocrx_word' id='word_1_115' title='bbox 1570 1580 1799 1650; x_wconf 92' lang='lat' dir='ltr'>pudore</span> <span class='ocrx_word' id='word_1_116' title='bbox 1836 1577 1992 1633; x_wconf 75' lang='lat' dir='ltr'>affici</span> <span class='ocrx_word' id='word_1_117' title='bbox 2037 1592 2157 1631; x_wconf 89' lang='lat' dir='ltr'>non</span> 
     </span>
    </p>
   </div>
   <div class='ocr_carea' id='block_1_19' title="bbox 502 1668 2157 1740">
    <p class='ocr_par' dir='ltr' id='par_1_19' title="bbox 502 1668 2157 1740">
     <span class='ocr_line' id='line_1_19' title="bbox 502 1668 2157 1740; baseline -0.003 -16"><span class='ocrx_word' id='word_1_118' title='bbox 502 1673 698 1740; x_wconf 86' lang='lat' dir='ltr'>potest</span> <span class='ocrx_word' id='word_1_119' title='bbox 721 1690 733 1724; x_wconf 88' lang='lat'><strong>:</strong></span> <span class='ocrx_word' id='word_1_120' title='bbox 756 1670 1093 1734; x_wconf 89' lang='lat' dir='ltr'>Quomodo,</span> <span class='ocrx_word' id='word_1_121' title='bbox 1117 1668 1325 1739; x_wconf 77' lang='lat' dir='ltr'>inquit.</span> <span class='ocrx_word' id='word_1_122' title='bbox 1360 1669 1659 1723; x_wconf 86' lang='lat' dir='ltr'>credidisti</span> <span class='ocrx_word' id='word_1_123' title='bbox 1692 1684 1785 1723; x_wconf 90' lang='lat' dir='ltr'>me</span> <span class='ocrx_word' id='word_1_124' title='bbox 1814 1684 1941 1722; x_wconf 86' lang='lat' dir='ltr'>esse</span> <span class='ocrx_word' id='word_1_125' title='bbox 1992 1682 2157 1720; x_wconf 88' lang='lat' dir='ltr'>soro-</span> 
     </span>
    </p>
   </div>
   <div class='ocr_carea' id='block_1_20' title="bbox 2274 508 3865 581">
    <p class='ocr_par' dir='ltr' id='par_1_20' title="bbox 2274 508 3865 581">
     <span class='ocr_line' id='line_1_20' title="bbox 2274 508 3865 581; baseline 0.006 -28"><span class='ocrx_word' id='word_1_126' title='bbox 2274 510 2507 575; x_wconf 77' lang='grc' dir='ltr'>νιγμένη,</span> <span class='ocrx_word' id='word_1_127' title='bbox 2562 510 2633 567; x_wconf 84' lang='grc' dir='ltr'>οἷς</span> <span class='ocrx_word' id='word_1_128' title='bbox 2680 513 2768 560; x_wconf 83' lang='grc' dir='ltr'>καὶ</span> <span class='ocrx_word' id='word_1_129' title='bbox 2824 508 3027 581; x_wconf 76' lang='grc' dir='ltr'>ὀφθηση</span> <span class='ocrx_word' id='word_1_130' title='bbox 3083 518 3152 578; x_wconf 83' lang='grc' dir='ltr'>τῷ</span> <span class='ocrx_word' id='word_1_131' title='bbox 3212 518 3285 577; x_wconf 80' lang='grc' dir='ltr'>σῷ</span> <span class='ocrx_word' id='word_1_132' title='bbox 3334 514 3556 580; x_wconf 78' lang='grc' dir='ltr'>νυμφίῳ,</span> <span class='ocrx_word' id='word_1_133' title='bbox 3606 512 3683 571; x_wconf 85' lang='grc' dir='ltr'>οἷς</span> <span class='ocrx_word' id='word_1_134' title='bbox 3726 512 3865 580; x_wconf 83' lang='grc' dir='ltr'>αύτῷ</span> 
     </span>
    </p>
   </div>
   <div class='ocr_carea' id='block_1_21' title="bbox 2273 600 3867 672">
    <p class='ocr_par' dir='ltr' id='par_1_21' title="bbox 2273 600 3867 672">
     <span class='ocr_line' id='line_1_21' title="bbox 2273 600 3867 672; baseline 0.006 -29"><span class='ocrx_word' id='word_1_135' title='bbox 2273 602 2589 669; x_wconf 66' lang='grc' dir='ltr'>παραστήσῃ</span> <span class='ocrx_word' id='word_1_136' title='bbox 2652 602 2837 658; x_wconf 75' lang='grc' dir='ltr'>παντὸς</span> <span class='ocrx_word' id='word_1_137' title='bbox 2907 602 3090 670; x_wconf 77' lang='grc' dir='ltr'>φυκίον</span> <span class='ocrx_word' id='word_1_138' title='bbox 3148 603 3235 649; x_wconf 81' lang='grc' dir='ltr'>καὶ</span> <span class='ocrx_word' id='word_1_139' title='bbox 3295 600 3479 658; x_wconf 80' lang='grc' dir='ltr'>οἷνθους</span> <span class='ocrx_word' id='word_1_140' title='bbox 3559 600 3867 672; x_wconf 79' lang='grc' dir='ltr'>ὡραιότερον</span> 
     </span>
    </p>
   </div>
   <div class='ocr_carea' id='block_1_22' title="bbox 2271 683 3860 760">
    <p class='ocr_par' dir='ltr' id='par_1_22' title="bbox 2271 683 3860 760">
     <span class='ocr_line' id='line_1_22' title="bbox 2271 683 3860 760; baseline 0.013 -27"><span class='ocrx_word' id='word_1_141' title='bbox 2271 690 2634 757; x_wconf 64' lang='grc' dir='ltr'>κεχρωσμέθη.</span> <span class='ocrx_word' id='word_1_142' title='bbox 2716 695 2943 739; x_wconf 77' lang='grc' dir='ltr'>Τοιαῦτα</span> <span class='ocrx_word' id='word_1_143' title='bbox 3016 691 3143 760; x_wconf 87' lang='grc' dir='ltr'>πρός</span> <span class='ocrx_word' id='word_1_144' title='bbox 3223 696 3320 738; x_wconf 81' lang='grc' dir='ltr'>τῶν</span> <span class='ocrx_word' id='word_1_145' title='bbox 3385 683 3615 758; x_wconf 63' lang='grc' dir='ltr'>ἀδελφῶν</span> <span class='ocrx_word' id='word_1_146' title='bbox 3677 686 3860 753; x_wconf 72' lang='grc' dir='ltr'>ἐκείνη,</span> 
     </span>
    </p>
   </div>
   <div class='ocr_carea' id='block_1_23' title="bbox 2271 776 3868 849">
    <p class='ocr_par' dir='ltr' id='par_1_23' title="bbox 2271 776 3868 849">
     <span class='ocr_line' id='line_1_23' title="bbox 2271 776 3868 849; baseline 0.005 -28"><span class='ocrx_word' id='word_1_147' title='bbox 2271 781 2487 824; x_wconf 75' lang='grc' dir='ltr'>τοιαῦτα</span> <span class='ocrx_word' id='word_1_148' title='bbox 2533 779 2659 848; x_wconf 85' lang='grc' dir='ltr'>πρός</span> <span class='ocrx_word' id='word_1_149' title='bbox 2712 786 2806 838; x_wconf 83' lang='grc' dir='ltr'>τῆς</span> <span class='ocrx_word' id='word_1_150' title='bbox 2868 781 3067 849; x_wconf 88' lang='grc' dir='ltr'>μητρὸς</span> <span class='ocrx_word' id='word_1_151' title='bbox 3125 776 3418 840; x_wconf 78' lang='grc' dir='ltr'>ἀκούσασα,</span> <span class='ocrx_word' id='word_1_152' title='bbox 3499 781 3583 827; x_wconf 88' lang='grc' dir='ltr'>τόν</span> <span class='ocrx_word' id='word_1_153' title='bbox 3668 778 3868 848; x_wconf 79' lang='grc' dir='ltr'>αύχένα</span> 
     </span>
    </p>
   </div>
   <div class='ocr_carea' id='block_1_24' title="bbox 2271 861 3865 939">
    <p class='ocr_par' dir='ltr' id='par_1_24' title="bbox 2271 861 3865 939">
     <span class='ocr_line' id='line_1_24' title="bbox 2271 861 3865 939; baseline 0.004 -27"><span class='ocrx_word' id='word_1_154' title='bbox 2271 861 2415 922; x_wconf 82' lang='grc' dir='ltr'>εύθύς</span> <span class='ocrx_word' id='word_1_155' title='bbox 2441 865 2761 935; x_wconf 73' lang='grc' dir='ltr'>ύποσχουσοι</span> <span class='ocrx_word' id='word_1_156' title='bbox 2785 870 2874 923; x_wconf 73' lang='grc' dir='ltr'>τὴν</span> <span class='ocrx_word' id='word_1_157' title='bbox 2902 865 3122 937; x_wconf 69' lang='grc' dir='ltr'>κεφαλὴν</span> <span class='ocrx_word' id='word_1_158' title='bbox 3150 870 3404 936; x_wconf 76' lang='grc' dir='ltr'>τέμνεται,</span> <span class='ocrx_word' id='word_1_159' title='bbox 3424 870 3513 916; x_wconf 84' lang='grc' dir='ltr'>καὶ</span> <span class='ocrx_word' id='word_1_160' title='bbox 3542 870 3670 937; x_wconf 85' lang='grc' dir='ltr'>πρὸς</span> <span class='ocrx_word' id='word_1_161' title='bbox 3701 874 3865 939; x_wconf 75' lang='grc' dir='ltr'>Χρισ-</span> 
     </span>
    </p>
   </div>
   <div class='ocr_carea' id='block_1_25' title="bbox 2269 954 3308 1028">
    <p class='ocr_par' dir='ltr' id='par_1_25' title="bbox 2269 954 3308 1028">
     <span class='ocr_line' id='line_1_25' title="bbox 2269 954 3308 1028; baseline 0.006 -27"><span class='ocrx_word' id='word_1_162' title='bbox 2269 954 2355 1001; x_wconf 85' lang='grc' dir='ltr'>τόν</span> <span class='ocrx_word' id='word_1_163' title='bbox 2395 958 2487 1009; x_wconf 78' lang='grc' dir='ltr'>τὴν</span> <span class='ocrx_word' id='word_1_164' title='bbox 2514 956 2715 1005; x_wconf 83' lang='grc' dir='ltr'>πάντων</span> <span class='ocrx_word' id='word_1_165' title='bbox 2743 954 3045 1028; x_wconf 73' lang='grc' dir='ltr'>ἀναφέρεται</span> <span class='ocrx_word' id='word_1_166' title='bbox 3068 954 3308 1025; x_wconf 69' lang='grc' dir='ltr'>κεφαλήν.</span> 
     </span>
    </p>
   </div>
   <div class='ocr_carea' id='block_1_26' title="bbox 2342 1037 3865 1113">
    <p class='ocr_par' dir='ltr' id='par_1_26' title="bbox 2342 1037 3865 1113">
     <span class='ocr_line' id='line_1_26' title="bbox 2342 1037 3865 1113; baseline 0.002 -22"><span class='ocrx_word' id='word_1_167' title='bbox 2342 1037 2404 1094; x_wconf 72' lang='grc' dir='ltr'>Γ.</span> <span class='ocrx_word' id='word_1_168' title='bbox 2442 1040 2499 1091; x_wconf 75' lang='grc' dir='ltr'><strong>Ὀ</strong></span> <span class='ocrx_word' id='word_1_169' title='bbox 2547 1038 2814 1103; x_wconf 81' lang='grc' dir='ltr'>δυσσεϐὴς</span> <span class='ocrx_word' id='word_1_170' title='bbox 2863 1046 3035 1111; x_wconf 82' lang='grc' dir='ltr'>μέντοι</span> <span class='ocrx_word' id='word_1_171' title='bbox 3069 1038 3319 1101; x_wconf 78' lang='grc' dir='ltr'>δικαστὴς</span> <span class='ocrx_word' id='word_1_172' title='bbox 3363 1047 3455 1098; x_wconf 77' lang='grc' dir='ltr'>τὴν</span> <span class='ocrx_word' id='word_1_173' title='bbox 3496 1043 3757 1113; x_wconf 73' lang='grc' dir='ltr'>αἰσχύνην</span> <span class='ocrx_word' id='word_1_174' title='bbox 3805 1044 3865 1094; x_wconf 88' lang='grc' dir='ltr'>ού</span> 
     </span>
    </p>
   </div>
   <div class='ocr_carea' id='block_1_27' title="bbox 2270 1127 3865 1200">
    <p class='ocr_par' dir='ltr' id='par_1_27' title="bbox 2270 1127 3865 1200">
     <span class='ocr_line' id='line_1_27' title="bbox 2270 1127 3865 1200; baseline 0.004 -22"><span class='ocrx_word' id='word_1_175' title='bbox 2270 1132 2429 1200; x_wconf 78' lang='grc' dir='ltr'>φέρων</span> <span class='ocrx_word' id='word_1_176' title='bbox 2484 1128 2536 1180; x_wconf 86' lang='grc' dir='ltr'>ἐκ</span> <span class='ocrx_word' id='word_1_177' title='bbox 2593 1139 2691 1181; x_wconf 79' lang='grc' dir='ltr'>τῶν</span> <span class='ocrx_word' id='word_1_178' title='bbox 2747 1131 2935 1182; x_wconf 77' lang='grc' dir='ltr'>λοιπῶν</span> <span class='ocrx_word' id='word_1_179' title='bbox 2988 1133 3186 1183; x_wconf 75' lang='grc' dir='ltr'>ὑπενόει</span> <span class='ocrx_word' id='word_1_180' title='bbox 3242 1134 3333 1181; x_wconf 59' lang='grc' dir='ltr'>τὶν</span> <span class='ocrx_word' id='word_1_181' title='bbox 3394 1127 3552 1187; x_wconf 81' lang='grc' dir='ltr'>ἧτταν</span> <span class='ocrx_word' id='word_1_182' title='bbox 3625 1130 3865 1184; x_wconf 81' lang='grc' dir='ltr'>ἀνακαλέ-</span> 
     </span>
    </p>
   </div>
   <div class='ocr_carea' id='block_1_28' title="bbox 2270 1216 3866 1291">
    <p class='ocr_par' dir='ltr' id='par_1_28' title="bbox 2270 1216 3866 1291">
     <span class='ocr_line' id='line_1_28' title="bbox 2270 1216 3866 1291; baseline 0.003 -24"><span class='ocrx_word' id='word_1_183' title='bbox 2270 1220 2486 1269; x_wconf 84' lang='grc' dir='ltr'>σασθαι·</span> <span class='ocrx_word' id='word_1_184' title='bbox 2543 1219 2710 1289; x_wconf 81' lang='grc' dir='ltr'>πολλῷ</span> <span class='ocrx_word' id='word_1_185' title='bbox 2760 1217 2817 1272; x_wconf 84' lang='grc' dir='ltr'>δε</span> <span class='ocrx_word' id='word_1_186' title='bbox 2862 1220 3051 1291; x_wconf 85' lang='grc' dir='ltr'>μᾶλλον</span> <span class='ocrx_word' id='word_1_187' title='bbox 3102 1224 3189 1271; x_wconf 83' lang='grc' dir='ltr'>καὶ</span> <span class='ocrx_word' id='word_1_188' title='bbox 3245 1216 3317 1271; x_wconf 82' lang='grc' dir='ltr'>δι’</span> <span class='ocrx_word' id='word_1_189' title='bbox 3364 1224 3529 1271; x_wconf 72' lang='grc' dir='ltr'>αὐτῶν</span> <span class='ocrx_word' id='word_1_190' title='bbox 3584 1220 3737 1291; x_wconf 69' lang='grc' dir='ltr'>ἐφάνη</span> <span class='ocrx_word' id='word_1_191' title='bbox 3794 1241 3866 1271; x_wconf 85' lang='grc' dir='ltr'>νι-</span> 
     </span>
    </p>
   </div>
   <div class='ocr_carea' id='block_1_29' title="bbox 2583 1306 3866 1368">
    <p class='ocr_par' dir='ltr' id='par_1_29' title="bbox 2583 1306 3866 1368">
     <span class='ocr_line' id='line_1_29' title="bbox 2583 1306 3866 1368; baseline -0.001 -7"><span class='ocrx_word' id='word_1_192' title='bbox 2583 1309 2741 1368; x_wconf 80' lang='grc' dir='ltr'>Εύθύς</span> <span class='ocrx_word' id='word_1_193' title='bbox 2794 1306 2880 1360; x_wconf 82' lang='grc' dir='ltr'>ούν</span> <span class='ocrx_word' id='word_1_194' title='bbox 2945 1314 3037 1367; x_wconf 81' lang='grc' dir='ltr'>τὴν</span> <span class='ocrx_word' id='word_1_195' title='bbox 3114 1308 3357 1360; x_wconf 82' lang='grc' dir='ltr'>ἐλάττονα</span> <span class='ocrx_word' id='word_1_196' title='bbox 3409 1316 3512 1368; x_wconf 85' lang='grc' dir='ltr'>τοῖς</span> <span class='ocrx_word' id='word_1_197' title='bbox 3579 1312 3715 1360; x_wconf 84' lang='grc' dir='ltr'>ἔτεσι</span> <span class='ocrx_word' id='word_1_198' title='bbox 3775 1314 3866 1361; x_wconf 82' lang='grc' dir='ltr'>καὶ</span> 
     </span>
    </p>
   </div>
   <div class='ocr_carea' id='block_1_30' title="bbox 2918 1400 3861 1471">
    <p class='ocr_par' dir='ltr' id='par_1_30' title="bbox 2918 1400 3861 1471">
     <span class='ocr_line' id='line_1_30' title="bbox 2918 1400 3861 1471; baseline -0.005 -21"><span class='ocrx_word' id='word_1_199' title='bbox 2918 1400 3171 1454; x_wconf 86' lang='grc' dir='ltr'>Πείσθητί</span> <span class='ocrx_word' id='word_1_200' title='bbox 3252 1417 3361 1469; x_wconf 88' lang='grc' dir='ltr'>μοι,</span> <span class='ocrx_word' id='word_1_201' title='bbox 3438 1400 3677 1471; x_wconf 70' lang='grc' dir='ltr'>θύγατερ,</span> <span class='ocrx_word' id='word_1_202' title='bbox 3748 1400 3861 1469; x_wconf 65' lang='grc' dir='ltr'>ἔφη,</span> 
     </span>
    </p>
   </div>
   <div class='ocr_carea' id='block_1_31' title="bbox 2266 1483 3868 1560">
    <p class='ocr_par' dir='ltr' id='par_1_31' title="bbox 2266 1483 3868 1560">
     <span class='ocr_line' id='line_1_31' title="bbox 2266 1483 3868 1560; baseline 0.002 -26"><span class='ocrx_word' id='word_1_203' title='bbox 2266 1490 2355 1535; x_wconf 86' lang='grc' dir='ltr'>καὶ</span> <span class='ocrx_word' id='word_1_204' title='bbox 2403 1493 2464 1556; x_wconf 76' lang='grc' dir='ltr'>τῇ</span> <span class='ocrx_word' id='word_1_205' title='bbox 2513 1492 2733 1559; x_wconf 73' lang='grc' dir='ltr'>μεγίστη</span> <span class='ocrx_word' id='word_1_206' title='bbox 2782 1489 2875 1555; x_wconf 82' lang='grc' dir='ltr'>θεῷ</span> <span class='ocrx_word' id='word_1_207' title='bbox 2928 1483 3201 1560; x_wconf 81' lang='grc' dir='ltr'>Ἀρτέμιδι</span> <span class='ocrx_word' id='word_1_208' title='bbox 3238 1491 3673 1559; x_wconf 77' lang='grc' dir='ltr'>προσκυνήσασα,</span> <span class='ocrx_word' id='word_1_209' title='bbox 3706 1486 3868 1538; x_wconf 81' lang='grc' dir='ltr'>πολλά</span> 
     </span>
    </p>
   </div>
   <div class='ocr_carea' id='block_1_32' title="bbox 2267 1310 2508 1377">
    <p class='ocr_par' dir='ltr' id='par_1_32' title="bbox 2267 1310 2508 1377">
     <span class='ocr_line' id='line_1_32' title="bbox 2267 1310 2508 1377; baseline 0.017 -20"><span class='ocrx_word' id='word_1_210' title='bbox 2267 1310 2508 1377; x_wconf 83' lang='grc' dir='ltr'>κώμενος.</span> 
     </span>
    </p>
   </div>
   <div class='ocr_carea' id='block_1_33' title="bbox 2271 1392 2831 1469">
    <p class='ocr_par' dir='ltr' id='par_1_33' title="bbox 2271 1392 2831 1469">
     <span class='ocr_line' id='line_1_33' title="bbox 2271 1392 2831 1469; baseline 0.005 -23"><span class='ocrx_word' id='word_1_211' title='bbox 2271 1392 2515 1469; x_wconf 82' lang='grc' dir='ltr'>δευτέραν</span> <span class='ocrx_word' id='word_1_212' title='bbox 2596 1397 2831 1457; x_wconf 82' lang='grc' dir='ltr'>καλέσας’</span> 
     </span>
    </p>
   </div>
   <div class='ocr_carea' id='block_1_34' title="bbox 2265 1572 3867 1646">
    <p class='ocr_par' dir='ltr' id='par_1_34' title="bbox 2265 1572 3867 1646">
     <span class='ocr_line' id='line_1_34' title="bbox 2265 1572 3867 1646; baseline 0.001 -23"><span class='ocrx_word' id='word_1_213' title='bbox 2265 1578 2537 1646; x_wconf 84' lang='grc' dir='ltr'>χαίρουσα</span> <span class='ocrx_word' id='word_1_214' title='bbox 2581 1576 2753 1628; x_wconf 82' lang='grc' dir='ltr'>οἰπιθι.</span> <span class='ocrx_word' id='word_1_215' title='bbox 2803 1575 2859 1627; x_wconf 78' lang='grc' dir='ltr'><strong>Ἠ</strong></span> <span class='ocrx_word' id='word_1_216' title='bbox 2914 1572 2971 1627; x_wconf 75' lang='grc' dir='ltr'>δὲ</span> <span class='ocrx_word' id='word_1_217' title='bbox 3020 1574 3442 1646; x_wconf 79' lang='grc' dir='ltr'>ἀκαταίσχυντος</span> <span class='ocrx_word' id='word_1_218' title='bbox 3487 1584 3556 1645; x_wconf 79' lang='grc' dir='ltr'>τῷ</span> <span class='ocrx_word' id='word_1_219' title='bbox 3599 1580 3704 1627; x_wconf 84' lang='grc' dir='ltr'>ὄντι</span> <span class='ocrx_word' id='word_1_220' title='bbox 3760 1576 3867 1628; x_wconf 82' lang='grc' dir='ltr'>Ἐλ-</span> 
     </span>
    </p>
   </div>
   <div class='ocr_carea' id='block_1_35' title="bbox 2266 1660 3865 1737">
    <p class='ocr_par' dir='ltr' id='par_1_35' title="bbox 2266 1660 3865 1737">
     <span class='ocr_line' id='line_1_35' title="bbox 2266 1660 3865 1737; baseline 0.008 -25"><span class='ocrx_word' id='word_1_221' title='bbox 2266 1668 2372 1723; x_wconf 72' lang='grc' dir='ltr'>πίςο</span> <span class='ocrx_word' id='word_1_222' title='bbox 2432 1662 2525 1715; x_wconf 83' lang='grc' dir='ltr'>’Ὀν</span> <span class='ocrx_word' id='word_1_223' title='bbox 2571 1670 2758 1737; x_wconf 78' lang='grc' dir='ltr'>τρόπον</span> <span class='ocrx_word' id='word_1_224' title='bbox 2801 1663 3132 1731; x_wconf 80' lang='grc' dir='ltr'>ἐπίστευσας,</span> <span class='ocrx_word' id='word_1_225' title='bbox 3191 1668 3305 1735; x_wconf 62' lang='grc' dir='ltr'>ἔφη,</span> <span class='ocrx_word' id='word_1_226' title='bbox 3364 1660 3589 1735; x_wconf 75' lang='grc' dir='ltr'>ἀδελφήν</span> <span class='ocrx_word' id='word_1_227' title='bbox 3630 1684 3692 1735; x_wconf 81' lang='grc' dir='ltr'>με</span> <span class='ocrx_word' id='word_1_228' title='bbox 3733 1662 3865 1716; x_wconf 74' lang='grc' dir='ltr'>εἶναι</span> 
     </span>
    </p>
   </div>
   <div class='ocr_carea' id='block_1_36' title="bbox 500 1750 2155 1828">
    <p class='ocr_par' dir='ltr' id='par_1_36' title="bbox 500 1755 2155 1828">
     <span class='ocr_line' id='line_1_36' title="bbox 500 1755 2155 1828; baseline -0.001 -16"><span class='ocrx_word' id='word_1_229' title='bbox 500 1774 625 1813; x_wconf 89' lang='lat' dir='ltr'>rem</span> <span class='ocrx_word' id='word_1_230' title='bbox 666 1758 1081 1828; x_wconf 70' lang='lat' dir='ltr'>prrecedentis,</span> <span class='ocrx_word' id='word_1_231' title='bbox 1115 1758 1282 1828; x_wconf 85' lang='lat' dir='ltr'>cujus</span> <span class='ocrx_word' id='word_1_232' title='bbox 1308 1759 1432 1828; x_wconf 91' lang='lat' dir='ltr'>jam</span> <span class='ocrx_word' id='word_1_233' title='bbox 1467 1758 1651 1813; x_wconf 85' lang='lat' dir='ltr'>fecisti</span> <span class='ocrx_word' id='word_1_234' title='bbox 1682 1756 2005 1828; x_wconf 80' lang='lat' dir='ltr'>periculum</span> <span class='ocrx_word' id='word_1_235' title='bbox 2035 1778 2045 1807; x_wconf 89' lang='lat'><strong>:</strong></span> <span class='ocrx_word' id='word_1_236' title='bbox 2078 1755 2155 1811; x_wconf 89' lang='lat' dir='ltr'>ita</span> 
     </span>
    </p>
   </div>
   <div class='ocr_carea' id='block_1_37' title="bbox 2268 1750 3865 1828">
    <p class='ocr_par' dir='ltr' id='par_1_37' title="bbox 2268 1750 3865 1825">
     <span class='ocr_line' id='line_1_37' title="bbox 2268 1750 3865 1825; baseline 0.001 -22"><span class='ocrx_word' id='word_1_237' title='bbox 2268 1759 2354 1811; x_wconf 83' lang='grc' dir='ltr'>τῆς</span> <span class='ocrx_word' id='word_1_238' title='bbox 2398 1752 2785 1824; x_wconf 85' lang='grc' dir='ltr'>προλαϐούσης,</span> <span class='ocrx_word' id='word_1_239' title='bbox 2843 1755 2901 1813; x_wconf 78' lang='grc' dir='ltr'>ἧς</span> <span class='ocrx_word' id='word_1_240' title='bbox 2944 1750 3049 1811; x_wconf 78' lang='grc' dir='ltr'>ἤδη</span> <span class='ocrx_word' id='word_1_241' title='bbox 3102 1760 3190 1804; x_wconf 81' lang='grc' dir='ltr'>καὶ</span> <span class='ocrx_word' id='word_1_242' title='bbox 3236 1761 3415 1825; x_wconf 83' lang='grc' dir='ltr'>πεῖραν</span> <span class='ocrx_word' id='word_1_243' title='bbox 3470 1753 3699 1825; x_wconf 76' lang='grc' dir='ltr'>εἴληφας,</span> <span class='ocrx_word' id='word_1_244' title='bbox 3732 1755 3865 1806; x_wconf 73' lang='grc' dir='ltr'>οὕτω</span> 
     </span>
    </p>
   </div>
   <div class='ocr_carea' id='block_1_38' title="bbox 503 1845 2155 1919">
    <p class='ocr_par' dir='ltr' id='par_1_38' title="bbox 503 1845 2155 1919">
     <span class='ocr_line' id='line_1_38' title="bbox 503 1845 2155 1919; baseline -0.001 -19"><span class='ocrx_word' id='word_1_245' title='bbox 503 1850 605 1901; x_wconf 91' lang='lat' dir='ltr'>tuo</span> <span class='ocrx_word' id='word_1_246' title='bbox 626 1850 699 1902; x_wconf 86' lang='lat' dir='ltr'>sit</span> <span class='ocrx_word' id='word_1_247' title='bbox 731 1848 906 1902; x_wconf 90' lang='lat' dir='ltr'>etiam</span> <span class='ocrx_word' id='word_1_248' title='bbox 928 1848 1130 1902; x_wconf 90' lang='lat' dir='ltr'>animo</span> <span class='ocrx_word' id='word_1_249' title='bbox 1152 1863 1532 1919; x_wconf 84' lang='lat' dir='ltr'>persuasum,</span> <span class='ocrx_word' id='word_1_250' title='bbox 1570 1848 1692 1903; x_wconf 90' lang='lat' dir='ltr'>fore</span> <span class='ocrx_word' id='word_1_251' title='bbox 1725 1853 1787 1902; x_wconf 87' lang='lat' dir='ltr'>ut</span> <span class='ocrx_word' id='word_1_252' title='bbox 1818 1845 2155 1901; x_wconf 87' lang='lat' dir='ltr'>constantia</span> 
     </span>
    </p>
   </div>
   <div class='ocr_carea' id='block_1_39' title="bbox 503 1935 2155 2006">
    <p class='ocr_par' dir='ltr' id='par_1_39' title="bbox 503 1935 2155 2006">
     <span class='ocr_line' id='line_1_39' title="bbox 503 1935 2155 2006; baseline -0.001 -16"><span class='ocrx_word' id='word_1_253' title='bbox 503 1936 837 2006; x_wconf 89' lang='lat' dir='ltr'>conspiciar</span> <span class='ocrx_word' id='word_1_254' title='bbox 860 1936 988 2006; x_wconf 89' lang='lat' dir='ltr'>ejus</span> <span class='ocrx_word' id='word_1_255' title='bbox 1022 1952 1225 1991; x_wconf 89' lang='lat' dir='ltr'>soror:</span> <span class='ocrx_word' id='word_1_256' title='bbox 1270 1942 1325 1991; x_wconf 91' lang='lat' dir='ltr'>et</span> <span class='ocrx_word' id='word_1_257' title='bbox 1355 1937 1498 1991; x_wconf 90' lang='lat' dir='ltr'>nihil</span> <span class='ocrx_word' id='word_1_258' title='bbox 1550 1952 1679 1991; x_wconf 87' lang='lat' dir='ltr'>esse</span> <span class='ocrx_word' id='word_1_259' title='bbox 1734 1935 1982 1990; x_wconf 88' lang='lat' dir='ltr'>omnino</span> <span class='ocrx_word' id='word_1_260' title='bbox 2045 1951 2155 1989; x_wconf 91' lang='lat' dir='ltr'>nec</span> 
     </span>
    </p>
   </div>
   <div class='ocr_carea' id='block_1_40' title="bbox 503 2022 2157 2096">
    <p class='ocr_par' dir='ltr' id='par_1_40' title="bbox 503 2022 2157 2096">
     <span class='ocr_line' id='line_1_40' title="bbox 503 2022 2157 2096; baseline 0.001 -19"><span class='ocrx_word' id='word_1_261' title='bbox 503 2024 726 2089; x_wconf 68' lang='lat' dir='ltr'>laatnm,</span> <span class='ocrx_word' id='word_1_262' title='bbox 757 2040 863 2079; x_wconf 88' lang='lat' dir='ltr'>nec</span> <span class='ocrx_word' id='word_1_263' title='bbox 898 2025 1236 2089; x_wconf 90' lang='lat' dir='ltr'>molestum,</span> <span class='ocrx_word' id='word_1_264' title='bbox 1264 2025 1425 2096; x_wconf 88' lang='lat' dir='ltr'>quod</span> <span class='ocrx_word' id='word_1_265' title='bbox 1474 2041 1567 2079; x_wconf 91' lang='lat' dir='ltr'>me</span> <span class='ocrx_word' id='word_1_266' title='bbox 1605 2024 1685 2079; x_wconf 89' lang='lat' dir='ltr'>ab</span> <span class='ocrx_word' id='word_1_267' title='bbox 1730 2024 1843 2079; x_wconf 91' lang='lat' dir='ltr'>hac</span> <span class='ocrx_word' id='word_1_268' title='bbox 1884 2022 2157 2078; x_wconf 87' lang='lat' dir='ltr'>traducat</span> 
     </span>
    </p>
   </div>
   <div class='ocr_carea' id='block_1_41' title="bbox 498 2114 2155 2177">
    <p class='ocr_par' dir='ltr' id='par_1_41' title="bbox 498 2114 2155 2177">
     <span class='ocr_line' id='line_1_41' title="bbox 498 2114 2155 2177; baseline -0.001 -9"><span class='ocrx_word' id='word_1_269' title='bbox 498 2114 843 2168; x_wconf 87' lang='lat' dir='ltr'>constantia.</span> <span class='ocrx_word' id='word_1_270' title='bbox 874 2116 1004 2168; x_wconf 66' lang='lat' dir='ltr'>Haec</span> <span class='ocrx_word' id='word_1_271' title='bbox 1035 2130 1171 2169; x_wconf 89' lang='lat' dir='ltr'>cum</span> <span class='ocrx_word' id='word_1_272' title='bbox 1204 2114 1296 2169; x_wconf 87' lang='lat' dir='ltr'>ille</span> <span class='ocrx_word' id='word_1_273' title='bbox 1325 2114 1606 2177; x_wconf 88' lang='lat' dir='ltr'>audisset,</span> <span class='ocrx_word' id='word_1_274' title='bbox 1636 2114 1994 2168; x_wconf 89' lang='lat' dir='ltr'>convertitur</span> <span class='ocrx_word' id='word_1_275' title='bbox 2019 2128 2155 2167; x_wconf 93' lang='lat' dir='ltr'>con-</span> 
     </span>
    </p>
   </div>
   <div class='ocr_carea' id='block_1_42' title="bbox 501 2201 2152 2273">
    <p class='ocr_par' dir='ltr' id='par_1_42' title="bbox 501 2201 2152 2273">
     <span class='ocr_line' id='line_1_42' title="bbox 501 2201 2152 2273; baseline -0.002 -16"><span class='ocrx_word' id='word_1_276' title='bbox 501 2203 667 2257; x_wconf 91' lang='lat' dir='ltr'>tinuo</span> <span class='ocrx_word' id='word_1_277' title='bbox 703 2202 778 2256; x_wconf 91' lang='lat' dir='ltr'>ad</span> <span class='ocrx_word' id='word_1_278' title='bbox 812 2201 1204 2272; x_wconf 86' lang='lat' dir='ltr'>puniendum,</span> <span class='ocrx_word' id='word_1_279' title='bbox 1236 2203 1564 2273; x_wconf 89' lang='lat' dir='ltr'>producere</span> <span class='ocrx_word' id='word_1_280' title='bbox 1604 2202 2152 2269; x_wconf 87' lang='lat' dir='ltr'>interrogationem,</span> 
     </span>
    </p>
   </div>
   <div class='ocr_carea' id='block_1_43' title="bbox 497 2291 2155 2363">
    <p class='ocr_par' dir='ltr' id='par_1_43' title="bbox 497 2291 2155 2363">
     <span class='ocr_line' id='line_1_43' title="bbox 497 2291 2155 2363; baseline 0 -18"><span class='ocrx_word' id='word_1_281' title='bbox 497 2291 674 2345; x_wconf 89' lang='lat' dir='ltr'>inane</span> <span class='ocrx_word' id='word_1_282' title='bbox 711 2292 1137 2361; x_wconf 87' lang='lat' dir='ltr'>essejudicans</span> <span class='ocrx_word' id='word_1_283' title='bbox 1168 2297 1224 2347; x_wconf 88' lang='lat' dir='ltr'>et</span> <span class='ocrx_word' id='word_1_284' title='bbox 1257 2308 1792 2363; x_wconf 87' lang='lat' dir='ltr'>supervacaneum.</span> <span class='ocrx_word' id='word_1_285' title='bbox 1823 2294 1987 2345; x_wconf 87' lang='lat' dir='ltr'>Veste</span> <span class='ocrx_word' id='word_1_286' title='bbox 2014 2306 2155 2360; x_wconf 90' lang='lat' dir='ltr'>ergo</span> 
     </span>
    </p>
   </div>
   <div class='ocr_carea' id='block_1_44' title="bbox 498 2380 2152 2453">
    <p class='ocr_par' dir='ltr' id='par_1_44' title="bbox 498 2380 2152 2453">
     <span class='ocr_line' id='line_1_44' title="bbox 498 2380 2152 2453; baseline 0.001 -20"><span class='ocrx_word' id='word_1_287' title='bbox 498 2380 809 2445; x_wconf 84' lang='lat' dir='ltr'>nudatam,</span> <span class='ocrx_word' id='word_1_288' title='bbox 838 2380 1005 2450; x_wconf 92' lang='lat' dir='ltr'>jubet</span> <span class='ocrx_word' id='word_1_289' title='bbox 1033 2380 1221 2451; x_wconf 90' lang='lat' dir='ltr'>ipsam</span> <span class='ocrx_word' id='word_1_290' title='bbox 1255 2398 1514 2453; x_wconf 90' lang='lat' dir='ltr'>quoque,</span> <span class='ocrx_word' id='word_1_291' title='bbox 1541 2381 1689 2436; x_wconf 87' lang='lat' dir='ltr'>sicut</span> <span class='ocrx_word' id='word_1_292' title='bbox 1716 2380 1995 2452; x_wconf 87' lang='lat' dir='ltr'>primam,</span> <span class='ocrx_word' id='word_1_293' title='bbox 2026 2396 2152 2435; x_wconf 87' lang='lat' dir='ltr'>cru-</span> 
     </span>
    </p>
   </div>
   <div class='ocr_carea' id='block_1_45' title="bbox 498 2468 2155 2541">
    <p class='ocr_par' dir='ltr' id='par_1_45' title="bbox 498 2468 2155 2541">
     <span class='ocr_line' id='line_1_45' title="bbox 498 2468 2155 2541; baseline 0 -18"><span class='ocrx_word' id='word_1_294' title='bbox 498 2469 590 2523; x_wconf 83' lang='lat' dir='ltr'>dis</span> <span class='ocrx_word' id='word_1_295' title='bbox 622 2468 807 2523; x_wconf 91' lang='lat' dir='ltr'>boum</span> <span class='ocrx_word' id='word_1_296' title='bbox 839 2470 1032 2524; x_wconf 83' lang='lat' dir='ltr'>nervis</span> <span class='ocrx_word' id='word_1_297' title='bbox 1064 2470 1373 2540; x_wconf 80' lang='lat' dir='ltr'>ﬂagellari.</span> <span class='ocrx_word' id='word_1_298' title='bbox 1408 2473 1553 2527; x_wconf 89' lang='lat' dir='ltr'>Cum</span> <span class='ocrx_word' id='word_1_299' title='bbox 1593 2474 1791 2525; x_wconf 91' lang='lat' dir='ltr'>autem</span> <span class='ocrx_word' id='word_1_300' title='bbox 1855 2486 1965 2541; x_wconf 90' lang='lat' dir='ltr'>par</span> <span class='ocrx_word' id='word_1_301' title='bbox 2008 2484 2155 2540; x_wconf 88' lang='lat' dir='ltr'>sup-</span> 
     </span>
    </p>
   </div>
   <div class='ocr_carea' id='block_1_46' title="bbox 498 2557 2155 2631">
    <p class='ocr_par' dir='ltr' id='par_1_46' title="bbox 498 2557 2155 2631">
     <span class='ocr_line' id='line_1_46' title="bbox 498 2557 2155 2631; baseline 0 -20"><span class='ocrx_word' id='word_1_302' title='bbox 498 2557 742 2629; x_wconf 91' lang='lat' dir='ltr'>plicium</span> <span class='ocrx_word' id='word_1_303' title='bbox 809 2560 1127 2624; x_wconf 88' lang='lat' dir='ltr'>sustinens,</span> <span class='ocrx_word' id='word_1_304' title='bbox 1192 2559 1241 2614; x_wconf 91' lang='lat' dir='ltr'>ei</span> <span class='ocrx_word' id='word_1_305' title='bbox 1294 2576 1532 2631; x_wconf 90' lang='lat' dir='ltr'>quoque</span> <span class='ocrx_word' id='word_1_306' title='bbox 1581 2575 1787 2630; x_wconf 91' lang='lat' dir='ltr'>parem</span> <span class='ocrx_word' id='word_1_307' title='bbox 1824 2558 2155 2613; x_wconf 89' lang='lat' dir='ltr'>ostenderet</span> 
     </span>
    </p>
   </div>
   <div class='ocr_carea' id='block_1_47' title="bbox 500 2645 2158 2719">
    <p class='ocr_par' dir='ltr' id='par_1_47' title="bbox 500 2645 2158 2719">
     <span class='ocr_line' id='line_1_47' title="bbox 500 2645 2158 2719; baseline -0.001 -16"><span class='ocrx_word' id='word_1_308' title='bbox 500 2645 928 2712; x_wconf 85' lang='lat' dir='ltr'>fortitudinem,</span> <span class='ocrx_word' id='word_1_309' title='bbox 964 2650 1157 2719; x_wconf 87' lang='lat' dir='ltr'>major</span> <span class='ocrx_word' id='word_1_310' title='bbox 1181 2649 1462 2719; x_wconf 85' lang='lat' dir='ltr'>irajudici</span> <span class='ocrx_word' id='word_1_311' title='bbox 1492 2656 1577 2703; x_wconf 92' lang='lat' dir='ltr'>est</span> <span class='ocrx_word' id='word_1_312' title='bbox 1606 2650 1856 2704; x_wconf 86' lang='lat' dir='ltr'>excitata</span> <span class='ocrx_word' id='word_1_313' title='bbox 1887 2647 2158 2719; x_wconf 90' lang='lat' dir='ltr'>:etjubet</span> 
     </span>
    </p>
   </div>
   <div class='ocr_carea' id='block_1_48' title="bbox 497 2734 2157 2807">
    <p class='ocr_par' dir='ltr' id='par_1_48' title="bbox 497 2734 2157 2807">
     <span class='ocr_line' id='line_1_48' title="bbox 497 2734 2157 2807; baseline 0.001 -17"><span class='ocrx_word' id='word_1_314' title='bbox 497 2734 797 2791; x_wconf 84' lang='lat' dir='ltr'>fornacem</span> <span class='ocrx_word' id='word_1_315' title='bbox 848 2736 1017 2791; x_wconf 88' lang='lat' dir='ltr'>valde</span> <span class='ocrx_word' id='word_1_316' title='bbox 1057 2754 1387 2802; x_wconf 88' lang='lat' dir='ltr'>accensam,</span> <span class='ocrx_word' id='word_1_317' title='bbox 1437 2738 1841 2793; x_wconf 87' lang='lat' dir='ltr'>venerandam</span> <span class='ocrx_word' id='word_1_318' title='bbox 1889 2738 2157 2807; x_wconf 86' lang='lat' dir='ltr'>excipere</span> 
     </span>
    </p>
   </div>
   <div class='ocr_carea' id='block_1_49' title="bbox 498 2826 2155 2898">
    <p class='ocr_par' dir='ltr' id='par_1_49' title="bbox 498 2826 2155 2898">
     <span class='ocr_line' id='line_1_49' title="bbox 498 2826 2155 2898; baseline -0.002 -18"><span class='ocrx_word' id='word_1_319' title='bbox 498 2830 841 2895; x_wconf 85' lang='lat' dir='ltr'>martyrem.</span> <span class='ocrx_word' id='word_1_320' title='bbox 881 2826 991 2880; x_wconf 89' lang='lat' dir='ltr'>Sed</span> <span class='ocrx_word' id='word_1_321' title='bbox 1028 2828 1180 2882; x_wconf 84' lang='lat' dir='ltr'>Dens</span> <span class='ocrx_word' id='word_1_322' title='bbox 1225 2828 1439 2881; x_wconf 84' lang='lat' dir='ltr'>sororis</span> <span class='ocrx_word' id='word_1_323' title='bbox 1490 2828 1617 2896; x_wconf 90' lang='lat' dir='ltr'>ejus</span> <span class='ocrx_word' id='word_1_324' title='bbox 1668 2842 1909 2898; x_wconf 91' lang='lat' dir='ltr'>quoque</span> <span class='ocrx_word' id='word_1_325' title='bbox 1951 2838 2155 2879; x_wconf 87' lang='lat' dir='ltr'>curam</span> 
     </span>
    </p>
   </div>
   <div class='ocr_carea' id='block_1_50' title="bbox 499 2914 2157 2986">
    <p class='ocr_par' dir='ltr' id='par_1_50' title="bbox 499 2914 2157 2986">
     <span class='ocr_line' id='line_1_50' title="bbox 499 2914 2157 2986; baseline -0.002 -19"><span class='ocrx_word' id='word_1_326' title='bbox 499 2914 743 2983; x_wconf 87' lang='lat' dir='ltr'>gerebat</span> <span class='ocrx_word' id='word_1_327' title='bbox 773 2915 1056 2969; x_wconf 89' lang='lat' dir='ltr'>similiter.</span> <span class='ocrx_word' id='word_1_328' title='bbox 1113 2916 1374 2986; x_wconf 86' lang='lat' dir='ltr'>Idipsum</span> <span class='ocrx_word' id='word_1_329' title='bbox 1436 2922 1633 2969; x_wconf 89' lang='lat' dir='ltr'>autem</span> <span class='ocrx_word' id='word_1_330' title='bbox 1695 2931 1852 2969; x_wconf 87' lang='lat' dir='ltr'>nunc</span> <span class='ocrx_word' id='word_1_331' title='bbox 1914 2927 2157 2985; x_wconf 87' lang='lat' dir='ltr'>quoque</span> 
     </span>
    </p>
   </div>
   <div class='ocr_carea' id='block_1_51' title="bbox 500 3002 2156 3074">
    <p class='ocr_par' dir='ltr' id='par_1_51' title="bbox 500 3002 2156 3074">
     <span class='ocr_line' id='line_1_51' title="bbox 500 3002 2156 3074; baseline -0.001 -17"><span class='ocrx_word' id='word_1_332' title='bbox 500 3002 731 3066; x_wconf 87' lang='lat' dir='ltr'>accidit,</span> <span class='ocrx_word' id='word_1_333' title='bbox 770 3004 930 3073; x_wconf 89' lang='lat' dir='ltr'>quod</span> <span class='ocrx_word' id='word_1_334' title='bbox 958 3004 1017 3058; x_wconf 90' lang='lat' dir='ltr'>in</span> <span class='ocrx_word' id='word_1_335' title='bbox 1048 3004 1291 3058; x_wconf 80' lang='lat' dir='ltr'>ﬂamma</span> <span class='ocrx_word' id='word_1_336' title='bbox 1324 3003 1687 3074; x_wconf 83' lang='lat' dir='ltr'>Babylonica</span> <span class='ocrx_word' id='word_1_337' title='bbox 1715 3020 1727 3067; x_wconf 87' lang='lat'><strong>;</strong></span> <span class='ocrx_word' id='word_1_338' title='bbox 1761 3020 1901 3058; x_wconf 91' lang='lat' dir='ltr'>nam</span> <span class='ocrx_word' id='word_1_339' title='bbox 1934 3004 2156 3069; x_wconf 83' lang='lat' dir='ltr'>ingres-</span> 
     </span>
    </p>
   </div>
   <div class='ocr_carea' id='block_1_52' title="bbox 502 3092 2232 3165">
    <p class='ocr_par' dir='ltr' id='par_1_52' title="bbox 502 3092 2232 3165">
     <span class='ocr_line' id='line_1_52' title="bbox 502 3092 2232 3165; baseline 0 -22"><span class='ocrx_word' id='word_1_340' title='bbox 502 3106 630 3144; x_wconf 90' lang='lat' dir='ltr'>sam</span> <span class='ocrx_word' id='word_1_341' title='bbox 702 3097 1023 3161; x_wconf 89' lang='lat' dir='ltr'>martyrem</span> <span class='ocrx_word' id='word_1_342' title='bbox 1091 3092 1337 3146; x_wconf 88' lang='lat' dir='ltr'>ﬂamma</span> <span class='ocrx_word' id='word_1_343' title='bbox 1408 3108 1789 3163; x_wconf 83' lang='lat' dir='ltr'>nequaquam</span> <span class='ocrx_word' id='word_1_344' title='bbox 1855 3092 2152 3154; x_wconf 81' lang='lat' dir='ltr'>tangebat.</span> <span class='ocrx_word' id='word_1_345' title='bbox 2194 3112 2232 3165; x_wconf 69' lang='grc' dir='ltr'>ρ</span> 
     </span>
    </p>
   </div>
   <div class='ocr_carea' id='block_1_53' title="bbox 500 3180 2155 3253">
    <p class='ocr_par' dir='ltr' id='par_1_53' title="bbox 500 3180 2155 3253">
     <span class='ocr_line' id='line_1_53' title="bbox 500 3180 2155 3253; baseline 0.001 -20"><span class='ocrx_word' id='word_1_346' title='bbox 500 3180 817 3250; x_wconf 87' lang='lat' dir='ltr'>Propterea</span> <span class='ocrx_word' id='word_1_347' title='bbox 848 3196 988 3249; x_wconf 87' lang='lat' dir='ltr'>ergo</span> <span class='ocrx_word' id='word_1_348' title='bbox 1016 3182 1159 3251; x_wconf 88' lang='lat' dir='ltr'>Spes</span> <span class='ocrx_word' id='word_1_349' title='bbox 1190 3180 1491 3235; x_wconf 88' lang='lat' dir='ltr'>emittebat</span> <span class='ocrx_word' id='word_1_350' title='bbox 1513 3198 1709 3243; x_wconf 84' lang='lat' dir='ltr'>voces.</span> <span class='ocrx_word' id='word_1_351' title='bbox 1737 3181 1955 3253; x_wconf 86' lang='lat' dir='ltr'>quibus</span> <span class='ocrx_word' id='word_1_352' title='bbox 1979 3180 2155 3235; x_wconf 91' lang='lat' dir='ltr'>simul</span> 
     </span>
    </p>
   </div>
   <div class='ocr_carea' id='block_1_54' title="bbox 501 3268 2153 3341">
    <p class='ocr_par' dir='ltr' id='par_1_54' title="bbox 501 3268 2153 3341">
     <span class='ocr_line' id='line_1_54' title="bbox 501 3268 2153 3341; baseline 0.001 -19"><span class='ocrx_word' id='word_1_353' title='bbox 501 3274 557 3322; x_wconf 89' lang='lat' dir='ltr'>et</span> <span class='ocrx_word' id='word_1_354' title='bbox 588 3268 809 3336; x_wconf 83' lang='lat' dir='ltr'>gratias</span> <span class='ocrx_word' id='word_1_355' title='bbox 829 3274 1048 3335; x_wconf 85' lang='lat' dir='ltr'>ageret,</span> <span class='ocrx_word' id='word_1_356' title='bbox 1074 3275 1129 3325; x_wconf 91' lang='lat' dir='ltr'>et</span> <span class='ocrx_word' id='word_1_357' title='bbox 1152 3270 1531 3341; x_wconf 86' lang='lat' dir='ltr'>supplicaret.</span> <span class='ocrx_word' id='word_1_358' title='bbox 1557 3270 1785 3340; x_wconf 85' lang='lat' dir='ltr'>Agebat</span> <span class='ocrx_word' id='word_1_359' title='bbox 1832 3270 1991 3325; x_wconf 90' lang='lat' dir='ltr'>enim</span> <span class='ocrx_word' id='word_1_360' title='bbox 2019 3286 2153 3341; x_wconf 83' lang='lat' dir='ltr'>gra-</span> 
     </span>
    </p>
   </div>
   <div class='ocr_carea' id='block_1_55' title="bbox 503 3356 2150 3427">
    <p class='ocr_par' dir='ltr' id='par_1_55' title="bbox 503 3356 2150 3427">
     <span class='ocr_line' id='line_1_55' title="bbox 503 3356 2150 3427; baseline 0 -15"><span class='ocrx_word' id='word_1_361' title='bbox 503 3356 613 3412; x_wconf 83' lang='lat' dir='ltr'>tias</span> <span class='ocrx_word' id='word_1_362' title='bbox 635 3358 771 3423; x_wconf 92' lang='lat' dir='ltr'>Deo,</span> <span class='ocrx_word' id='word_1_363' title='bbox 795 3357 955 3427; x_wconf 91' lang='lat' dir='ltr'>quod</span> <span class='ocrx_word' id='word_1_364' title='bbox 982 3357 1040 3413; x_wconf 89' lang='lat' dir='ltr'>in</span> <span class='ocrx_word' id='word_1_365' title='bbox 1074 3359 1247 3413; x_wconf 89' lang='lat' dir='ltr'>malis</span> <span class='ocrx_word' id='word_1_366' title='bbox 1274 3359 1460 3415; x_wconf 71' lang='lat' dir='ltr'>illaesa</span> <span class='ocrx_word' id='word_1_367' title='bbox 1512 3359 1715 3414; x_wconf 89' lang='lat' dir='ltr'>fuisset</span> <span class='ocrx_word' id='word_1_368' title='bbox 1763 3363 2150 3414; x_wconf 89' lang='lat' dir='ltr'>conservata:</span> 
     </span>
    </p>
   </div>
   <div class='ocr_carea' id='block_1_56' title="bbox 507 3445 2151 3519">
    <p class='ocr_par' dir='ltr' id='par_1_56' title="bbox 507 3445 2151 3519">
     <span class='ocr_line' id='line_1_56' title="bbox 507 3445 2151 3519; baseline 0.001 -19"><span class='ocrx_word' id='word_1_369' title='bbox 507 3445 886 3516; x_wconf 89' lang='lat' dir='ltr'>supplicabat</span> <span class='ocrx_word' id='word_1_370' title='bbox 917 3450 1117 3502; x_wconf 88' lang='lat' dir='ltr'>autem</span> <span class='ocrx_word' id='word_1_371' title='bbox 1161 3452 1470 3519; x_wconf 89' lang='lat' dir='ltr'>propterea</span> <span class='ocrx_word' id='word_1_372' title='bbox 1532 3464 1665 3519; x_wconf 66' lang='lat' dir='ltr'>quae</span> <span class='ocrx_word' id='word_1_373' title='bbox 1699 3453 1866 3502; x_wconf 90' lang='lat' dir='ltr'>erant</span> <span class='ocrx_word' id='word_1_374' title='bbox 1933 3447 2151 3510; x_wconf 88' lang='lat' dir='ltr'>futura,</span> 
     </span>
    </p>
   </div>
   <div class='ocr_carea' id='block_1_57' title="bbox 504 3534 2153 3607">
    <p class='ocr_par' dir='ltr' id='par_1_57' title="bbox 504 3534 2153 3607">
     <span class='ocr_line' id='line_1_57' title="bbox 504 3534 2153 3607; baseline 0.001 -18"><span class='ocrx_word' id='word_1_375' title='bbox 504 3539 571 3589; x_wconf 92' lang='lat' dir='ltr'>ut</span> <span class='ocrx_word' id='word_1_376' title='bbox 598 3534 656 3589; x_wconf 90' lang='lat' dir='ltr'>in</span> <span class='ocrx_word' id='word_1_377' title='bbox 686 3534 971 3590; x_wconf 90' lang='lat' dir='ltr'>omnibus</span> <span class='ocrx_word' id='word_1_378' title='bbox 998 3536 1130 3590; x_wconf 92' lang='lat' dir='ltr'>illus</span> <span class='ocrx_word' id='word_1_379' title='bbox 1171 3552 1391 3592; x_wconf 91' lang='lat' dir='ltr'>nomen</span> <span class='ocrx_word' id='word_1_380' title='bbox 1443 3537 1891 3607; x_wconf 88' lang='lat' dir='ltr'>gloriﬁcaretur,</span> <span class='ocrx_word' id='word_1_381' title='bbox 1952 3542 2003 3591; x_wconf 91' lang='lat' dir='ltr'>et</span> <span class='ocrx_word' id='word_1_382' title='bbox 2046 3552 2153 3607; x_wconf 89' lang='lat' dir='ltr'>pu-</span> 
     </span>
    </p>
   </div>
   <div class='ocr_carea' id='block_1_58' title="bbox 499 3622 1263 3697">
    <p class='ocr_par' dir='ltr' id='par_1_58' title="bbox 499 3622 1263 3697">
     <span class='ocr_line' id='line_1_58' title="bbox 499 3622 1263 3697; baseline 0.004 -19"><span class='ocrx_word' id='word_1_383' title='bbox 499 3622 643 3678; x_wconf 92' lang='lat' dir='ltr'>dore</span> <span class='ocrx_word' id='word_1_384' title='bbox 676 3623 1047 3679; x_wconf 81' lang='lat' dir='ltr'>afﬁcerentur</span> <span class='ocrx_word' id='word_1_385' title='bbox 1077 3626 1263 3697; x_wconf 90' lang='lat' dir='ltr'>impii.</span> 
     </span>
    </p>
   </div>
   <div class='ocr_carea' id='block_1_59' title="bbox 568 3713 2156 3787">
    <p class='ocr_par' dir='ltr' id='par_1_59' title="bbox 568 3713 2156 3787">
     <span class='ocr_line' id='line_1_59' title="bbox 568 3713 2156 3787; baseline 0.001 -22"><span class='ocrx_word' id='word_1_386' title='bbox 568 3713 673 3769; x_wconf 80' lang='lat' dir='ltr'>XI.</span> <span class='ocrx_word' id='word_1_387' title='bbox 706 3715 847 3767; x_wconf 89' lang='lat' dir='ltr'>Eam</span> <span class='ocrx_word' id='word_1_388' title='bbox 879 3729 1020 3783; x_wconf 88' lang='lat' dir='ltr'>ergo</span> <span class='ocrx_word' id='word_1_389' title='bbox 1052 3730 1172 3769; x_wconf 90' lang='lat' dir='ltr'>non</span> <span class='ocrx_word' id='word_1_390' title='bbox 1222 3714 1506 3771; x_wconf 90' lang='lat' dir='ltr'>reveritus</span> <span class='ocrx_word' id='word_1_391' title='bbox 1534 3715 1774 3787; x_wconf 90' lang='lat' dir='ltr'>impius,</span> <span class='ocrx_word' id='word_1_392' title='bbox 1810 3731 1990 3786; x_wconf 88' lang='lat' dir='ltr'>quam</span> <span class='ocrx_word' id='word_1_393' title='bbox 2026 3713 2156 3781; x_wconf 89' lang='lat' dir='ltr'>ipse</span> 
     </span>
    </p>
   </div>
   <div class='ocr_carea' id='block_1_60' title="bbox 503 3802 2155 3875">
    <p class='ocr_par' dir='ltr' id='par_1_60' title="bbox 503 3802 2155 3875">
     <span class='ocr_line' id='line_1_60' title="bbox 503 3802 2155 3875; baseline 0.001 -20"><span class='ocrx_word' id='word_1_394' title='bbox 503 3817 743 3873; x_wconf 90' lang='lat' dir='ltr'>quoque</span> <span class='ocrx_word' id='word_1_395' title='bbox 784 3802 1117 3871; x_wconf 86' lang='lat' dir='ltr'>ignisvisus</span> <span class='ocrx_word' id='word_1_396' title='bbox 1166 3809 1253 3859; x_wconf 90' lang='lat' dir='ltr'>est</span> <span class='ocrx_word' id='word_1_397' title='bbox 1293 3806 1568 3867; x_wconf 90' lang='lat' dir='ltr'>revereri,</span> <span class='ocrx_word' id='word_1_398' title='bbox 1602 3805 1771 3875; x_wconf 91' lang='lat' dir='ltr'>jubet</span> <span class='ocrx_word' id='word_1_399' title='bbox 1818 3820 1950 3859; x_wconf 91' lang='lat' dir='ltr'>eam</span> <span class='ocrx_word' id='word_1_400' title='bbox 1995 3802 2155 3872; x_wconf 88' lang='lat' dir='ltr'>ligno</span> 
     </span>
    </p>
   </div>
   <div class='ocr_carea' id='block_1_61' title="bbox 494 3890 2156 3960">
    <p class='ocr_par' dir='ltr' id='par_1_61' title="bbox 494 3890 2156 3960">
     <span class='ocr_line' id='line_1_61' title="bbox 494 3890 2156 3960; baseline 0.003 -18"><span class='ocrx_word' id='word_1_401' title='bbox 494 3890 799 3960; x_wconf 88' lang='lat' dir='ltr'>suspendi.</span> <span class='ocrx_word' id='word_1_402' title='bbox 851 3896 908 3946; x_wconf 92' lang='lat' dir='ltr'>et</span> <span class='ocrx_word' id='word_1_403' title='bbox 974 3891 1170 3947; x_wconf 84' lang='lat' dir='ltr'>ferreis</span> <span class='ocrx_word' id='word_1_404' title='bbox 1212 3893 1417 3948; x_wconf 88' lang='lat' dir='ltr'>laniari</span> <span class='ocrx_word' id='word_1_405' title='bbox 1476 3893 1733 3959; x_wconf 79' lang='lat' dir='ltr'>ungulis.</span> <span class='ocrx_word' id='word_1_406' title='bbox 1796 3892 1899 3947; x_wconf 84' lang='lat' dir='ltr'>Illa</span> <span class='ocrx_word' id='word_1_407' title='bbox 1956 3898 2156 3947; x_wconf 88' lang='lat' dir='ltr'>autem</span> 
     </span>
    </p>
   </div>
   <div class='ocr_carea' id='block_1_62' title="bbox 497 3980 2157 4052">
    <p class='ocr_par' dir='ltr' id='par_1_62' title="bbox 497 3980 2157 4052">
     <span class='ocr_line' id='line_1_62' title="bbox 497 3980 2157 4052; baseline 0.001 -19"><span class='ocrx_word' id='word_1_408' title='bbox 497 3986 635 4034; x_wconf 92' lang='lat' dir='ltr'>tunc</span> <span class='ocrx_word' id='word_1_409' title='bbox 666 3996 908 4051; x_wconf 91' lang='lat' dir='ltr'>quoque</span> <span class='ocrx_word' id='word_1_410' title='bbox 932 3982 1206 4036; x_wconf 90' lang='lat' dir='ltr'>eamdem</span> <span class='ocrx_word' id='word_1_411' title='bbox 1231 3998 1351 4052; x_wconf 64' lang='lat' dir='ltr'>pra:</span> <span class='ocrx_word' id='word_1_412' title='bbox 1386 4000 1445 4036; x_wconf 92' lang='lat' dir='ltr'>se</span> <span class='ocrx_word' id='word_1_413' title='bbox 1483 3983 1702 4037; x_wconf 82' lang='lat' dir='ltr'>ferebat</span> <span class='ocrx_word' id='word_1_414' title='bbox 1723 3982 1899 4037; x_wconf 89' lang='lat' dir='ltr'>animi</span> <span class='ocrx_word' id='word_1_415' title='bbox 1933 3980 2157 4052; x_wconf 88' lang='lat' dir='ltr'>magni-</span> 
     </span>
    </p>
   </div>
   <div class='ocr_carea' id='block_1_63' title="bbox 501 4070 2152 4141">
    <p class='ocr_par' dir='ltr' id='par_1_63' title="bbox 501 4070 2152 4141">
     <span class='ocr_line' id='line_1_63' title="bbox 501 4070 2152 4141; baseline 0.001 -19"><span class='ocrx_word' id='word_1_416' title='bbox 501 4070 788 4133; x_wconf 86' lang='lat' dir='ltr'>tudinem,</span> <span class='ocrx_word' id='word_1_417' title='bbox 824 4085 1007 4140; x_wconf 91' lang='lat' dir='ltr'>quam</span> <span class='ocrx_word' id='word_1_418' title='bbox 1038 4070 1095 4124; x_wconf 95' lang='lat' dir='ltr'>in</span> <span class='ocrx_word' id='word_1_419' title='bbox 1125 4070 1299 4125; x_wconf 88' lang='lat' dir='ltr'>malis</span> <span class='ocrx_word' id='word_1_420' title='bbox 1323 4070 1782 4141; x_wconf 79' lang='lat' dir='ltr'>praecedentibus</span> <span class='ocrx_word' id='word_1_421' title='bbox 1800 4070 2152 4125; x_wconf 87' lang='lat' dir='ltr'>ostenderat.</span> 
     </span>
    </p>
   </div>
   <div class='ocr_carea' id='block_1_64' title="bbox 501 4154 2159 4231">
    <p class='ocr_par' dir='ltr' id='par_1_64' title="bbox 501 4154 2159 4231">
     <span class='ocr_line' id='line_1_64' title="bbox 501 4154 2159 4231; baseline 0.002 -22"><span class='ocrx_word' id='word_1_422' title='bbox 501 4154 905 4222; x_wconf 90' lang='lat' dir='ltr'>Quamobrem</span> <span class='ocrx_word' id='word_1_423' title='bbox 960 4158 1219 4213; x_wconf 90' lang='lat' dir='ltr'>liberalis</span> <span class='ocrx_word' id='word_1_424' title='bbox 1280 4160 1523 4231; x_wconf 76' lang='lat' dir='ltr'>quidem</span> <span class='ocrx_word' id='word_1_425' title='bbox 1586 4161 1771 4227; x_wconf 89' lang='lat' dir='ltr'>gratia</span> <span class='ocrx_word' id='word_1_426' title='bbox 1826 4158 2159 4213; x_wconf 86' lang='lat' dir='ltr'>illustrabat</span> 
     </span>
    </p>
   </div>
   <div class='ocr_carea' id='block_1_65' title="bbox 493 4244 2158 4318">
    <p class='ocr_par' dir='ltr' id='par_1_65' title="bbox 493 4244 2158 4318">
     <span class='ocr_line' id='line_1_65' title="bbox 493 4244 2158 4318; baseline 0.001 -19"><span class='ocrx_word' id='word_1_427' title='bbox 493 4244 717 4312; x_wconf 90' lang='lat' dir='ltr'>oculos,</span> <span class='ocrx_word' id='word_1_428' title='bbox 796 4246 1084 4301; x_wconf 90' lang='lat' dir='ltr'>membris</span> <span class='ocrx_word' id='word_1_429' title='bbox 1152 4264 1287 4303; x_wconf 92' lang='lat' dir='ltr'>vero</span> <span class='ocrx_word' id='word_1_430' title='bbox 1345 4248 1676 4303; x_wconf 87' lang='lat' dir='ltr'>dilaceratis</span> <span class='ocrx_word' id='word_1_431' title='bbox 1738 4248 1982 4318; x_wconf 89' lang='lat' dir='ltr'>quidam</span> <span class='ocrx_word' id='word_1_432' title='bbox 2009 4247 2158 4301; x_wconf 89' lang='lat' dir='ltr'>odor</span> 
     </span>
    </p>
   </div>
   <div class='ocr_carea' id='block_1_66' title="bbox 496 4333 2159 4391">
    <p class='ocr_par' dir='ltr' id='par_1_66' title="bbox 496 4333 2159 4391">
     <span class='ocr_line' id='line_1_66' title="bbox 496 4333 2159 4391; baseline 0.002 -5"><span class='ocrx_word' id='word_1_433' title='bbox 496 4333 698 4387; x_wconf 87' lang='lat' dir='ltr'>suavis</span> <span class='ocrx_word' id='word_1_434' title='bbox 729 4334 954 4389; x_wconf 87' lang='lat' dir='ltr'>aderat.</span> <span class='ocrx_word' id='word_1_435' title='bbox 986 4335 1220 4391; x_wconf 90' lang='lat' dir='ltr'>Leniter</span> <span class='ocrx_word' id='word_1_436' title='bbox 1252 4342 1447 4391; x_wconf 89' lang='lat' dir='ltr'>autem</span> <span class='ocrx_word' id='word_1_437' title='bbox 1475 4336 1924 4391; x_wconf 87' lang='lat' dir='ltr'>summislabris</span> <span class='ocrx_word' id='word_1_438' title='bbox 1970 4335 2159 4390; x_wconf 88' lang='lat' dir='ltr'>subri-</span> 
     </span>
    </p>
   </div>
   <div class='ocr_carea' id='block_1_67' title="bbox 2267 1840 3866 1915">
    <p class='ocr_par' dir='ltr' id='par_1_67' title="bbox 2267 1840 3866 1915">
     <span class='ocr_line' id='line_1_67' title="bbox 2267 1840 3866 1915; baseline 0.002 -23"><span class='ocrx_word' id='word_1_439' title='bbox 2267 1843 2510 1899; x_wconf 79' lang='grc' dir='ltr'>πείσθητι</span> <span class='ocrx_word' id='word_1_440' title='bbox 2558 1848 2646 1895; x_wconf 85' lang='grc' dir='ltr'>καὶ</span> <span class='ocrx_word' id='word_1_441' title='bbox 2678 1852 2737 1915; x_wconf 71' lang='grc' dir='ltr'>τῇ</span> <span class='ocrx_word' id='word_1_442' title='bbox 2788 1848 2966 1914; x_wconf 69' lang='grc' dir='ltr'>γνώμη</span> <span class='ocrx_word' id='word_1_443' title='bbox 3002 1850 3089 1894; x_wconf 84' lang='grc' dir='ltr'>καὶ</span> <span class='ocrx_word' id='word_1_444' title='bbox 3122 1851 3181 1914; x_wconf 75' lang='grc' dir='ltr'>τῇ</span> <span class='ocrx_word' id='word_1_445' title='bbox 3230 1841 3467 1894; x_wconf 82' lang='grc' dir='ltr'>ἔνστάσει</span> <span class='ocrx_word' id='word_1_446' title='bbox 3520 1840 3744 1915; x_wconf 71' lang='grc' dir='ltr'>ἀδελφήν</span> <span class='ocrx_word' id='word_1_447' title='bbox 3804 1863 3866 1915; x_wconf 84' lang='grc' dir='ltr'>με</span> 
     </span>
    </p>
   </div>
   <div class='ocr_carea' id='block_1_68' title="bbox 2264 1929 3865 2003">
    <p class='ocr_par' dir='ltr' id='par_1_68' title="bbox 2264 1929 3865 2003">
     <span class='ocr_line' id='line_1_68' title="bbox 2264 1929 3865 2003; baseline 0.002 -22"><span class='ocrx_word' id='word_1_448' title='bbox 2264 1934 2459 1992; x_wconf 89' lang='grc' dir='ltr'>ταύτης</span> <span class='ocrx_word' id='word_1_449' title='bbox 2538 1932 2882 2003; x_wconf 59' lang='grc' dir='ltr'>ὀφθήσεσθαι,</span> <span class='ocrx_word' id='word_1_450' title='bbox 2965 1936 3055 1983; x_wconf 81' lang='grc' dir='ltr'>καὶ</span> <span class='ocrx_word' id='word_1_451' title='bbox 3108 1929 3274 2002; x_wconf 78' lang='grc' dir='ltr'>μηδὲν</span> <span class='ocrx_word' id='word_1_452' title='bbox 3321 1930 3448 1984; x_wconf 84' lang='grc' dir='ltr'>εἶναι</span> <span class='ocrx_word' id='word_1_453' title='bbox 3518 1930 3761 1999; x_wconf 79' lang='grc' dir='ltr'>μηδόλὼς</span> <span class='ocrx_word' id='word_1_454' title='bbox 3807 1932 3865 1984; x_wconf 89' lang='grc' dir='ltr'>ού</span> 
     </span>
    </p>
   </div>
   <div class='ocr_carea' id='block_1_69' title="bbox 2266 2020 3867 2094">
    <p class='ocr_par' dir='ltr' id='par_1_69' title="bbox 2266 2020 3867 2094">
     <span class='ocr_line' id='line_1_69' title="bbox 2266 2020 3867 2094; baseline 0.002 -25"><span class='ocrx_word' id='word_1_455' title='bbox 2266 2027 2365 2070; x_wconf 81' lang='grc' dir='ltr'>τῶν</span> <span class='ocrx_word' id='word_1_456' title='bbox 2424 2020 2811 2094; x_wconf 76' lang='grc' dir='ltr'>εύφραινόντων,</span> <span class='ocrx_word' id='word_1_457' title='bbox 2887 2020 2945 2072; x_wconf 89' lang='grc' dir='ltr'>ού</span> <span class='ocrx_word' id='word_1_458' title='bbox 3009 2029 3105 2072; x_wconf 80' lang='grc' dir='ltr'>τῶν</span> <span class='ocrx_word' id='word_1_459' title='bbox 3183 2021 3494 2085; x_wconf 78' lang='grc' dir='ltr'>λυπούντων,</span> <span class='ocrx_word' id='word_1_460' title='bbox 3558 2023 3584 2072; x_wconf 86' lang='grc' dir='ltr'><em>ὅ</em></span> <span class='ocrx_word' id='word_1_461' title='bbox 3644 2040 3705 2092; x_wconf 80' lang='grc' dir='ltr'>με</span> <span class='ocrx_word' id='word_1_462' title='bbox 3772 2029 3867 2082; x_wconf 85' lang='grc' dir='ltr'>τῆς</span> 
     </span>
    </p>
   </div>
   <div class='ocr_carea' id='block_1_70' title="bbox 2266 2108 3866 2180">
    <p class='ocr_par' dir='ltr' id='par_1_70' title="bbox 2266 2108 3866 2180">
     <span class='ocr_line' id='line_1_70' title="bbox 2266 2108 3866 2180; baseline 0.001 -21"><span class='ocrx_word' id='word_1_463' title='bbox 2266 2112 2513 2171; x_wconf 77' lang='grc' dir='ltr'>τοιαύτης</span> <span class='ocrx_word' id='word_1_464' title='bbox 2591 2115 2891 2180; x_wconf 77' lang='grc' dir='ltr'>μεταπείσει</span> <span class='ocrx_word' id='word_1_465' title='bbox 2977 2108 3285 2171; x_wconf 82' lang='grc' dir='ltr'>ἐνστάσεως.</span> <span class='ocrx_word' id='word_1_466' title='bbox 3375 2113 3578 2161; x_wconf 81' lang='grc' dir='ltr'>Τούτων</span> <span class='ocrx_word' id='word_1_467' title='bbox 3680 2110 3866 2172; x_wconf 82' lang='grc' dir='ltr'>ἐκεῖνος</span> 
     </span>
    </p>
   </div>
   <div class='ocr_carea' id='block_1_71' title="bbox 2268 2196 3866 2268">
    <p class='ocr_par' dir='ltr' id='par_1_71' title="bbox 2268 2196 3866 2268">
     <span class='ocr_line' id='line_1_71' title="bbox 2268 2196 3866 2268; baseline 0.001 -21"><span class='ocrx_word' id='word_1_468' title='bbox 2268 2196 2494 2258; x_wconf 82' lang='grc' dir='ltr'>ἀκούσας</span> <span class='ocrx_word' id='word_1_469' title='bbox 2567 2198 2651 2249; x_wconf 77' lang='grc' dir='ltr'>ἐπὶ</span> <span class='ocrx_word' id='word_1_470' title='bbox 2727 2202 2782 2249; x_wconf 89' lang='grc' dir='ltr'>τό</span> <span class='ocrx_word' id='word_1_471' title='bbox 2856 2198 3091 2259; x_wconf 84' lang='grc' dir='ltr'>κολάζειν</span> <span class='ocrx_word' id='word_1_472' title='bbox 3150 2198 3297 2257; x_wconf 68' lang='grc' dir='ltr'>εὐθυς</span> <span class='ocrx_word' id='word_1_473' title='bbox 3350 2204 3612 2268; x_wconf 73' lang='grc' dir='ltr'>τρέπεται,</span> <span class='ocrx_word' id='word_1_474' title='bbox 3667 2202 3723 2249; x_wconf 80' lang='grc' dir='ltr'>τό</span> <span class='ocrx_word' id='word_1_475' title='bbox 3774 2204 3866 2256; x_wconf 81' lang='grc' dir='ltr'>την</span> 
     </span>
    </p>
   </div>
   <div class='ocr_carea' id='block_1_72' title="bbox 2266 2288 3866 2361">
    <p class='ocr_par' dir='ltr' id='par_1_72' title="bbox 2266 2288 3866 2361">
     <span class='ocr_line' id='line_1_72' title="bbox 2266 2288 3866 2361; baseline 0.001 -24"><span class='ocrx_word' id='word_1_476' title='bbox 2266 2288 2518 2359; x_wconf 78' lang='grc' dir='ltr'>ἐρώτησιν</span> <span class='ocrx_word' id='word_1_477' title='bbox 2568 2293 2886 2357; x_wconf 81' lang='grc' dir='ltr'>παρατείνειν</span> <span class='ocrx_word' id='word_1_478' title='bbox 2935 2289 2997 2345; x_wconf 81' lang='grc' dir='ltr'>ὥς</span> <span class='ocrx_word' id='word_1_479' title='bbox 3045 2307 3095 2338; x_wconf 92' lang='grc' dir='ltr'>τι</span> <span class='ocrx_word' id='word_1_480' title='bbox 3146 2290 3367 2358; x_wconf 87' lang='grc' dir='ltr'>μάταιον</span> <span class='ocrx_word' id='word_1_481' title='bbox 3416 2293 3594 2361; x_wconf 81' lang='grc' dir='ltr'>κρίνας</span> <span class='ocrx_word' id='word_1_482' title='bbox 3645 2292 3732 2338; x_wconf 81' lang='grc' dir='ltr'>καὶ</span> <span class='ocrx_word' id='word_1_483' title='bbox 3782 2306 3866 2339; x_wconf 90' lang='grc' dir='ltr'>πε-</span> 
     </span>
    </p>
   </div>
   <div class='ocr_carea' id='block_1_73' title="bbox 2266 2372 3867 2450">
    <p class='ocr_par' dir='ltr' id='par_1_73' title="bbox 2266 2372 3867 2450">
     <span class='ocr_line' id='line_1_73' title="bbox 2266 2372 3867 2450; baseline -0.001 -24"><span class='ocrx_word' id='word_1_484' title='bbox 2266 2380 2457 2450; x_wconf 89' lang='grc' dir='ltr'>ριττόν.</span> <span class='ocrx_word' id='word_1_485' title='bbox 2518 2383 2618 2435; x_wconf 84' lang='grc' dir='ltr'>Τῆς</span> <span class='ocrx_word' id='word_1_486' title='bbox 2688 2374 2905 2435; x_wconf 84' lang='grc' dir='ltr'>ἐσθῆτος</span> <span class='ocrx_word' id='word_1_487' title='bbox 2975 2372 3061 2426; x_wconf 74' lang='grc' dir='ltr'>οὖν</span> <span class='ocrx_word' id='word_1_488' title='bbox 3119 2377 3479 2447; x_wconf 71' lang='grc' dir='ltr'>γυμνωθεῐσαν</span> <span class='ocrx_word' id='word_1_489' title='bbox 3533 2375 3721 2427; x_wconf 85' lang='grc' dir='ltr'>κελεύει</span> <span class='ocrx_word' id='word_1_490' title='bbox 3776 2382 3867 2426; x_wconf 81' lang='grc' dir='ltr'>καὶ</span> 
     </span>
    </p>
   </div>
   <div class='ocr_carea' id='block_1_74' title="bbox 2269 2462 3866 2536">
    <p class='ocr_par' dir='ltr' id='par_1_74' title="bbox 2269 2462 3866 2536">
     <span class='ocr_line' id='line_1_74' title="bbox 2269 2462 3866 2536; baseline -0.001 -21"><span class='ocrx_word' id='word_1_491' title='bbox 2269 2464 2429 2521; x_wconf 78' lang='grc' dir='ltr'>αύτην</span> <span class='ocrx_word' id='word_1_492' title='bbox 2484 2466 2667 2535; x_wconf 86' lang='grc' dir='ltr'>ὁμοίως</span> <span class='ocrx_word' id='word_1_493' title='bbox 2724 2473 2782 2535; x_wconf 72' lang='grc' dir='ltr'>τῇ</span> <span class='ocrx_word' id='word_1_494' title='bbox 2854 2484 3031 2536; x_wconf 79' lang='grc' dir='ltr'>πρωτη</span> <span class='ocrx_word' id='word_1_495' title='bbox 3116 2462 3413 2536; x_wconf 78' lang='grc' dir='ltr'>βουνεύροις</span> <span class='ocrx_word' id='word_1_496' title='bbox 3465 2465 3622 2536; x_wconf 81' lang='grc' dir='ltr'>ὠμοῖς</span> <span class='ocrx_word' id='word_1_497' title='bbox 3677 2469 3866 2536; x_wconf 86' lang='grc' dir='ltr'>μαστί-</span> 
     </span>
    </p>
   </div>
   <div class='ocr_carea' id='block_1_75' title="bbox 2270 2550 2765 2615">
    <p class='ocr_par' dir='ltr' id='par_1_75' title="bbox 2270 2550 2765 2615">
     <span class='ocr_line' id='line_1_75' title="bbox 2270 2550 2765 2615; baseline -0.002 -10"><span class='ocrx_word' id='word_1_498' title='bbox 2270 2554 2470 2615; x_wconf 83' lang='grc' dir='ltr'>ξεσθαι.</span> <span class='ocrx_word' id='word_1_499' title='bbox 2522 2552 2659 2605; x_wconf 81' lang='grc' dir='ltr'>Ἐπεὶ</span> <span class='ocrx_word' id='word_1_500' title='bbox 2710 2550 2765 2604; x_wconf 80' lang='grc' dir='ltr'>δε</span> 
     </span>
    </p>
   </div>
   <div class='ocr_carea' id='block_1_76' title="bbox 2268 2638 3866 2717">
    <p class='ocr_par' dir='ltr' id='par_1_76' title="bbox 2268 2638 3866 2717">
     <span class='ocr_line' id='line_1_76' title="bbox 2268 2638 3866 2717; baseline 0 -24"><span class='ocrx_word' id='word_1_501' title='bbox 2268 2647 2360 2700; x_wconf 85' lang='grc' dir='ltr'>τὴν</span> <span class='ocrx_word' id='word_1_502' title='bbox 2420 2647 2690 2717; x_wconf 81' lang='grc' dir='ltr'>καρτερίαν</span> <span class='ocrx_word' id='word_1_503' title='bbox 2736 2646 2856 2699; x_wconf 92' lang='grc' dir='ltr'>ἴσην</span> <span class='ocrx_word' id='word_1_504' title='bbox 2894 2642 3020 2714; x_wconf 80' lang='grc' dir='ltr'>αύτῇ</span> <span class='ocrx_word' id='word_1_505' title='bbox 3078 2638 3426 2693; x_wconf 74' lang='grc' dir='ltr'>ἐπεδείκνυτοο</span> <span class='ocrx_word' id='word_1_506' title='bbox 3486 2647 3574 2693; x_wconf 86' lang='grc' dir='ltr'>καὶ</span> <span class='ocrx_word' id='word_1_507' title='bbox 3624 2644 3647 2693; x_wconf 89' lang='grc' dir='ltr'><strong><em>ὁ</em></strong></span> <span class='ocrx_word' id='word_1_508' title='bbox 3704 2645 3866 2713; x_wconf 87' lang='grc' dir='ltr'>θυμός</span> 
     </span>
    </p>
   </div>
   <div class='ocr_carea' id='block_1_77' title="bbox 2824 2553 3864 2625">
    <p class='ocr_par' dir='ltr' id='par_1_77' title="bbox 2824 2553 3864 2625">
     <span class='ocr_line' id='line_1_77' title="bbox 2824 2553 3864 2625; baseline 0.001 -22"><span class='ocrx_word' id='word_1_509' title='bbox 2824 2556 2942 2609; x_wconf 74' lang='grc' dir='ltr'>ἴσην</span> <span class='ocrx_word' id='word_1_510' title='bbox 2986 2559 3076 2610; x_wconf 78' lang='grc' dir='ltr'>την</span> <span class='ocrx_word' id='word_1_511' title='bbox 3109 2553 3321 2604; x_wconf 84' lang='grc' dir='ltr'>κόλασιν</span> <span class='ocrx_word' id='word_1_512' title='bbox 3372 2555 3721 2625; x_wconf 73' lang='grc' dir='ltr'>ὑπομένουσα,</span> <span class='ocrx_word' id='word_1_513' title='bbox 3773 2560 3864 2604; x_wconf 82' lang='grc' dir='ltr'>καὶ</span> 
     </span>
    </p>
   </div>
   <div class='ocr_carea' id='block_1_78' title="bbox 2268 2728 3864 2802">
    <p class='ocr_par' dir='ltr' id='par_1_78' title="bbox 2268 2728 3864 2802">
     <span class='ocr_line' id='line_1_78' title="bbox 2268 2728 3864 2802; baseline -0.001 -19"><span class='ocrx_word' id='word_1_514' title='bbox 2268 2731 2457 2802; x_wconf 77' lang='grc' dir='ltr'>μείζων</span> <span class='ocrx_word' id='word_1_515' title='bbox 2504 2740 2572 2801; x_wconf 71' lang='grc' dir='ltr'>τῷ</span> <span class='ocrx_word' id='word_1_516' title='bbox 2626 2729 2852 2802; x_wconf 73' lang='grc' dir='ltr'>δικαστῇ</span> <span class='ocrx_word' id='word_1_517' title='bbox 2918 2728 3250 2793; x_wconf 84' lang='grc' dir='ltr'>διανίστατο,</span> <span class='ocrx_word' id='word_1_518' title='bbox 3310 2733 3523 2801; x_wconf 77' lang='grc' dir='ltr'>κάμινον</span> <span class='ocrx_word' id='word_1_519' title='bbox 3584 2728 3729 2791; x_wconf 73' lang='grc' dir='ltr'>αὖθις</span> <span class='ocrx_word' id='word_1_520' title='bbox 3786 2750 3864 2782; x_wconf 85' lang='grc' dir='ltr'>κε-</span> 
     </span>
    </p>
   </div>
   <div class='ocr_carea' id='block_1_79' title="bbox 2267 2816 3866 2894">
    <p class='ocr_par' dir='ltr' id='par_1_79' title="bbox 2267 2816 3866 2894">
     <span class='ocr_line' id='line_1_79' title="bbox 2267 2816 3866 2894; baseline -0.004 -18"><span class='ocrx_word' id='word_1_521' title='bbox 2267 2820 2399 2872; x_wconf 71' lang='grc' dir='ltr'>λεύει</span> <span class='ocrx_word' id='word_1_522' title='bbox 2445 2825 2569 2894; x_wconf 76' lang='grc' dir='ltr'>πρὸς</span> <span class='ocrx_word' id='word_1_523' title='bbox 2619 2825 2751 2891; x_wconf 71' lang='grc' dir='ltr'>μέγα</span> <span class='ocrx_word' id='word_1_524' title='bbox 2806 2816 3183 2871; x_wconf 71' lang='grc' dir='ltr'>διακαυθεῖσαν</span> <span class='ocrx_word' id='word_1_525' title='bbox 3235 2824 3327 2876; x_wconf 77' lang='grc' dir='ltr'>τὴν</span> <span class='ocrx_word' id='word_1_526' title='bbox 3384 2826 3571 2891; x_wconf 78' lang='grc' dir='ltr'>σεμνὴν</span> <span class='ocrx_word' id='word_1_527' title='bbox 3614 2817 3866 2881; x_wconf 65' lang='grc' dir='ltr'>ὑποδέξας</span> 
     </span>
    </p>
   </div>
   <div class='ocr_carea' id='block_1_80' title="bbox 2271 2905 3868 2976">
    <p class='ocr_par' dir='ltr' id='par_1_80' title="bbox 2271 2905 3868 2976">
     <span class='ocr_line' id='line_1_80' title="bbox 2271 2905 3868 2976; baseline 0 -17"><span class='ocrx_word' id='word_1_528' title='bbox 2271 2911 2411 2962; x_wconf 75' lang='grc' dir='ltr'>σθαι.</span> <span class='ocrx_word' id='word_1_529' title='bbox 2470 2908 2606 2961; x_wconf 78' lang='grc' dir='ltr'>Ἀλλ’</span> <span class='ocrx_word' id='word_1_530' title='bbox 2656 2911 2680 2959; x_wconf 93' lang='grc' dir='ltr'>ό</span> <span class='ocrx_word' id='word_1_531' title='bbox 2725 2916 2819 2968; x_wconf 83' lang='grc' dir='ltr'>τῆς</span> <span class='ocrx_word' id='word_1_532' title='bbox 2870 2905 3091 2976; x_wconf 71' lang='grc' dir='ltr'>ἀδελφῆς</span> <span class='ocrx_word' id='word_1_533' title='bbox 3136 2912 3259 2968; x_wconf 85' lang='grc' dir='ltr'>Θεὸς</span> <span class='ocrx_word' id='word_1_534' title='bbox 3292 2912 3490 2970; x_wconf 86' lang='grc' dir='ltr'>πάντως</span> <span class='ocrx_word' id='word_1_535' title='bbox 3539 2915 3626 2960; x_wconf 85' lang='grc' dir='ltr'>καὶ</span> <span class='ocrx_word' id='word_1_536' title='bbox 3675 2913 3868 2970; x_wconf 79' lang='grc' dir='ltr'>ταύτης</span> 
     </span>
    </p>
   </div>
   <div class='ocr_carea' id='block_1_81' title="bbox 2269 2993 3861 3068">
    <p class='ocr_par' dir='ltr' id='par_1_81' title="bbox 2269 2993 3861 3068">
     <span class='ocr_line' id='line_1_81' title="bbox 2269 2993 3861 3068; baseline 0.001 -22"><span class='ocrx_word' id='word_1_537' title='bbox 2269 2993 2327 3053; x_wconf 73' lang='grc' dir='ltr'>ἦν</span> <span class='ocrx_word' id='word_1_538' title='bbox 2378 2999 2565 3067; x_wconf 68' lang='grc' dir='ltr'>ὁμοίως</span> <span class='ocrx_word' id='word_1_539' title='bbox 2617 2997 2774 3056; x_wconf 66' lang='grc' dir='ltr'>αὐτῆς</span> <span class='ocrx_word' id='word_1_540' title='bbox 2814 2993 3117 3067; x_wconf 85' lang='grc' dir='ltr'>κηδόμενος.</span> <span class='ocrx_word' id='word_1_541' title='bbox 3165 3001 3363 3047; x_wconf 84' lang='grc' dir='ltr'>Γίνεται</span> <span class='ocrx_word' id='word_1_542' title='bbox 3417 2994 3502 3048; x_wconf 79' lang='grc' dir='ltr'>οὖν</span> <span class='ocrx_word' id='word_1_543' title='bbox 3557 3002 3644 3048; x_wconf 82' lang='grc' dir='ltr'>καὶ</span> <span class='ocrx_word' id='word_1_544' title='bbox 3674 3006 3759 3048; x_wconf 65' lang='grc' dir='ltr'>νῦν</span> <span class='ocrx_word' id='word_1_545' title='bbox 3800 3005 3861 3068; x_wconf 76' lang='grc' dir='ltr'>τῇ</span> 
     </span>
    </p>
   </div>
   <div class='ocr_carea' id='block_1_82' title="bbox 2270 3084 3867 3159">
    <p class='ocr_par' dir='ltr' id='par_1_82' title="bbox 2270 3084 3867 3159">
     <span class='ocr_line' id='line_1_82' title="bbox 2270 3084 3867 3159; baseline 0.001 -23"><span class='ocrx_word' id='word_1_546' title='bbox 2270 3085 2563 3155; x_wconf 81' lang='grc' dir='ltr'>Βαϐυλωνία</span> <span class='ocrx_word' id='word_1_547' title='bbox 2641 3085 2788 3155; x_wconf 73' lang='grc' dir='ltr'>φλογὶ</span> <span class='ocrx_word' id='word_1_548' title='bbox 2844 3084 3227 3155; x_wconf 71' lang='grc' dir='ltr'>παραπλήσιον,</span> <span class='ocrx_word' id='word_1_549' title='bbox 3283 3092 3371 3135; x_wconf 82' lang='grc' dir='ltr'>καὶ</span> <span class='ocrx_word' id='word_1_550' title='bbox 3442 3093 3537 3145; x_wconf 85' lang='grc' dir='ltr'>τῆς</span> <span class='ocrx_word' id='word_1_551' title='bbox 3606 3089 3867 3159; x_wconf 85' lang='grc' dir='ltr'>μάρτυρος</span> 
     </span>
    </p>
   </div>
   <div class='ocr_carea' id='block_1_83' title="bbox 2266 3170 3867 3247">
    <p class='ocr_par' dir='ltr' id='par_1_83' title="bbox 2266 3170 3867 3247">
     <span class='ocr_line' id='line_1_83' title="bbox 2266 3170 3867 3247; baseline -0.001 -23"><span class='ocrx_word' id='word_1_552' title='bbox 2266 3174 2515 3233; x_wconf 81' lang='grc' dir='ltr'>ἐπιϐάσης</span> <span class='ocrx_word' id='word_1_553' title='bbox 2569 3171 2813 3242; x_wconf 79' lang='grc' dir='ltr'>ούδαμὼς</span> <span class='ocrx_word' id='word_1_554' title='bbox 2860 3175 3067 3230; x_wconf 71' lang='grc' dir='ltr'>ἥπτετο·</span> <span class='ocrx_word' id='word_1_555' title='bbox 3124 3170 3217 3224; x_wconf 80' lang='grc' dir='ltr'>διὰ</span> <span class='ocrx_word' id='word_1_556' title='bbox 3266 3181 3431 3224; x_wconf 78' lang='grc' dir='ltr'>ταῦτα</span> <span class='ocrx_word' id='word_1_557' title='bbox 3478 3184 3601 3244; x_wconf 72' lang='grc' dir='ltr'>γουν</span> <span class='ocrx_word' id='word_1_558' title='bbox 3650 3175 3867 3247; x_wconf 65' lang='grc' dir='ltr'>εὐχαρι-</span> 
     </span>
    </p>
   </div>
   <div class='ocr_carea' id='block_1_84' title="bbox 2267 3260 3862 3336">
    <p class='ocr_par' dir='ltr' id='par_1_84' title="bbox 2267 3260 3862 3336">
     <span class='ocr_line' id='line_1_84' title="bbox 2267 3260 3862 3336; baseline 0.001 -24"><span class='ocrx_word' id='word_1_559' title='bbox 2267 3274 2515 3336; x_wconf 82' lang='grc' dir='ltr'>στηρίους</span> <span class='ocrx_word' id='word_1_560' title='bbox 2560 3263 2587 3318; x_wconf 81' lang='grc' dir='ltr'>ἡ</span> <span class='ocrx_word' id='word_1_561' title='bbox 2640 3260 2808 3321; x_wconf 78' lang='grc' dir='ltr'>Ἐλπὶς</span> <span class='ocrx_word' id='word_1_562' title='bbox 2856 3261 2965 3332; x_wconf 76' lang='grc' dir='ltr'>ἅμα</span> <span class='ocrx_word' id='word_1_563' title='bbox 3015 3266 3103 3312; x_wconf 66' lang='grc' dir='ltr'>καὶ</span> <span class='ocrx_word' id='word_1_564' title='bbox 3147 3263 3435 3322; x_wconf 89' lang='grc' dir='ltr'>ἱκετηοίους</span> <span class='ocrx_word' id='word_1_565' title='bbox 3483 3264 3622 3333; x_wconf 63' lang='grc' dir='ltr'>ἠφίει</span> <span class='ocrx_word' id='word_1_566' title='bbox 3680 3266 3862 3334; x_wconf 61' lang='grc' dir='ltr'>φωνὰς·</span> 
     </span>
    </p>
   </div>
   <div class='ocr_carea' id='block_1_85' title="bbox 2266 3347 3866 3425">
    <p class='ocr_par' dir='ltr' id='par_1_85' title="bbox 2266 3347 3866 3425">
     <span class='ocr_line' id='line_1_85' title="bbox 2266 3347 3866 3425; baseline -0.001 -22"><span class='ocrx_word' id='word_1_567' title='bbox 2266 3351 2340 3423; x_wconf 75' lang='grc' dir='ltr'>ἐφ’</span> <span class='ocrx_word' id='word_1_568' title='bbox 2395 3354 2466 3411; x_wconf 85' lang='grc' dir='ltr'>οἷς</span> <span class='ocrx_word' id='word_1_569' title='bbox 2512 3355 2599 3421; x_wconf 75' lang='grc' dir='ltr'>μὲν</span> <span class='ocrx_word' id='word_1_570' title='bbox 2646 3347 2752 3408; x_wconf 77' lang='grc' dir='ltr'>ἤδη</span> <span class='ocrx_word' id='word_1_571' title='bbox 2807 3358 2981 3409; x_wconf 86' lang='grc' dir='ltr'>κακοῖς</span> <span class='ocrx_word' id='word_1_572' title='bbox 3024 3350 3225 3410; x_wconf 76' lang='grc' dir='ltr'>ἀπαθὴς</span> <span class='ocrx_word' id='word_1_573' title='bbox 3258 3356 3508 3424; x_wconf 78' lang='grc' dir='ltr'>τετηρητο</span> <span class='ocrx_word' id='word_1_574' title='bbox 3544 3352 3866 3425; x_wconf 68' lang='grc' dir='ltr'>εὐχαριστη-</span> 
     </span>
    </p>
   </div>
   <div class='ocr_carea' id='block_1_86' title="bbox 2264 3436 3865 3514">
    <p class='ocr_par' dir='ltr' id='par_1_86' title="bbox 2264 3436 3865 3514">
     <span class='ocr_line' id='line_1_86' title="bbox 2264 3436 3865 3514; baseline 0 -23"><span class='ocrx_word' id='word_1_575' title='bbox 2264 3445 2428 3514; x_wconf 88' lang='grc' dir='ltr'>ρίους,</span> <span class='ocrx_word' id='word_1_576' title='bbox 2479 3439 2549 3511; x_wconf 73' lang='grc' dir='ltr'>ἐφ’</span> <span class='ocrx_word' id='word_1_577' title='bbox 2598 3436 2671 3500; x_wconf 84' lang='grc' dir='ltr'>οἷς</span> <span class='ocrx_word' id='word_1_578' title='bbox 2706 3436 2762 3491; x_wconf 76' lang='grc' dir='ltr'>δὲ</span> <span class='ocrx_word' id='word_1_579' title='bbox 2808 3438 3002 3510; x_wconf 83' lang='grc' dir='ltr'>ἔμελλεν</span> <span class='ocrx_word' id='word_1_580' title='bbox 3034 3441 3429 3511; x_wconf 76' lang='grc' dir='ltr'>ὡσίκετηρίους,</span> <span class='ocrx_word' id='word_1_581' title='bbox 3468 3442 3602 3492; x_wconf 74' lang='grc' dir='ltr'>ὥστε</span> <span class='ocrx_word' id='word_1_582' title='bbox 3638 3441 3684 3491; x_wconf 83' lang='grc' dir='ltr'>ἐν</span> <span class='ocrx_word' id='word_1_583' title='bbox 3730 3447 3865 3491; x_wconf 81' lang='grc' dir='ltr'>πᾶσι</span> 
     </span>
    </p>
   </div>
   <div class='ocr_carea' id='block_1_87' title="bbox 2265 3524 3864 3601">
    <p class='ocr_par' dir='ltr' id='par_1_87' title="bbox 2265 3524 3864 3601">
     <span class='ocr_line' id='line_1_87' title="bbox 2265 3524 3864 3601; baseline 0.001 -22"><span class='ocrx_word' id='word_1_584' title='bbox 2265 3533 2320 3579; x_wconf 85' lang='grc' dir='ltr'>τό</span> <span class='ocrx_word' id='word_1_585' title='bbox 2375 3529 2567 3580; x_wconf 88' lang='grc' dir='ltr'>ἐκείνου</span> <span class='ocrx_word' id='word_1_586' title='bbox 2631 3532 2793 3599; x_wconf 79' lang='grc' dir='ltr'>ὄνομα</span> <span class='ocrx_word' id='word_1_587' title='bbox 2846 3524 3193 3593; x_wconf 78' lang='grc' dir='ltr'>δοξασθῆναι,</span> <span class='ocrx_word' id='word_1_588' title='bbox 3256 3534 3344 3579; x_wconf 81' lang='grc' dir='ltr'>καὶ</span> <span class='ocrx_word' id='word_1_589' title='bbox 3407 3532 3864 3601; x_wconf 78' lang='grc' dir='ltr'>καταισχυνθῆναι</span> 
     </span>
    </p>
   </div>
   <div class='ocr_carea' id='block_1_88' title="bbox 2263 3616 2616 3678">
    <p class='ocr_par' dir='ltr' id='par_1_88' title="bbox 2263 3616 2616 3678">
     <span class='ocr_line' id='line_1_88' title="bbox 2263 3616 2616 3678; baseline 0 -8"><span class='ocrx_word' id='word_1_590' title='bbox 2263 3622 2377 3678; x_wconf 85' lang='grc' dir='ltr'>τούς</span> <span class='ocrx_word' id='word_1_591' title='bbox 2396 3616 2616 3678; x_wconf 77' lang='grc' dir='ltr'>ἀσεϐεῖς.</span> 
     </span>
    </p>
   </div>
   <div class='ocr_carea' id='block_1_89' title="bbox 2338 3702 3864 3777">
    <p class='ocr_par' dir='ltr' id='par_1_89' title="bbox 2338 3702 3864 3777">
     <span class='ocr_line' id='line_1_89' title="bbox 2338 3702 3864 3777; baseline -0.001 -17"><span class='ocrx_word' id='word_1_592' title='bbox 2338 3706 2436 3760; x_wconf 86' lang='grc' dir='ltr'>ΙΑ’.</span> <span class='ocrx_word' id='word_1_593' title='bbox 2473 3707 2581 3759; x_wconf 90' lang='grc' dir='ltr'>Ούκ</span> <span class='ocrx_word' id='word_1_594' title='bbox 2633 3702 2897 3767; x_wconf 78' lang='grc' dir='ltr'>αἰδεσθεὶς</span> <span class='ocrx_word' id='word_1_595' title='bbox 2941 3703 3029 3757; x_wconf 74' lang='grc' dir='ltr'>οὖν</span> <span class='ocrx_word' id='word_1_596' title='bbox 3080 3707 3105 3757; x_wconf 91' lang='grc' dir='ltr'>ό</span> <span class='ocrx_word' id='word_1_597' title='bbox 3161 3708 3350 3777; x_wconf 86' lang='grc' dir='ltr'>οἴνομος</span> <span class='ocrx_word' id='word_1_598' title='bbox 3404 3707 3464 3763; x_wconf 72' lang='grc' dir='ltr'>ἢν</span> <span class='ocrx_word' id='word_1_599' title='bbox 3509 3713 3597 3759; x_wconf 82' lang='grc' dir='ltr'>καὶ</span> <span class='ocrx_word' id='word_1_600' title='bbox 3638 3708 3761 3759; x_wconf 80' lang='grc' dir='ltr'>αύτό</span> <span class='ocrx_word' id='word_1_601' title='bbox 3806 3712 3864 3759; x_wconf 85' lang='grc' dir='ltr'>τό</span> 
     </span>
    </p>
   </div>
   <div class='ocr_carea' id='block_1_90' title="bbox 2266 3792 3862 3871">
    <p class='ocr_par' dir='ltr' id='par_1_90' title="bbox 2266 3792 3862 3871">
     <span class='ocr_line' id='line_1_90' title="bbox 2266 3792 3862 3871; baseline 0 -24"><span class='ocrx_word' id='word_1_602' title='bbox 2266 3804 2366 3871; x_wconf 83' lang='grc' dir='ltr'>πυρ</span> <span class='ocrx_word' id='word_1_603' title='bbox 2422 3792 2660 3847; x_wconf 75' lang='grc' dir='ltr'>αῖδεσθὲν</span> <span class='ocrx_word' id='word_1_604' title='bbox 2721 3793 2897 3865; x_wconf 74' lang='grc' dir='ltr'>ἐφάνη,</span> <span class='ocrx_word' id='word_1_605' title='bbox 2960 3793 3283 3869; x_wconf 79' lang='grc' dir='ltr'>ἀναρτᾶσθαι</span> <span class='ocrx_word' id='word_1_606' title='bbox 3343 3796 3476 3866; x_wconf 83' lang='grc' dir='ltr'>ξύλῳ</span> <span class='ocrx_word' id='word_1_607' title='bbox 3528 3798 3862 3867; x_wconf 78' lang='grc' dir='ltr'>προστάττει,</span> 
     </span>
    </p>
   </div>
   <div class='ocr_carea' id='block_1_91' title="bbox 2267 3880 3863 3957">
    <p class='ocr_par' dir='ltr' id='par_1_91' title="bbox 2267 3880 3863 3957">
     <span class='ocr_line' id='line_1_91' title="bbox 2267 3880 3863 3957; baseline 0 -22"><span class='ocrx_word' id='word_1_608' title='bbox 2267 3886 2406 3947; x_wconf 80' lang='grc' dir='ltr'>ὅνυξί</span> <span class='ocrx_word' id='word_1_609' title='bbox 2464 3904 2515 3936; x_wconf 87' lang='grc' dir='ltr'>τε</span> <span class='ocrx_word' id='word_1_610' title='bbox 2560 3881 2803 3957; x_wconf 75' lang='grc' dir='ltr'>σιδηροῖς</span> <span class='ocrx_word' id='word_1_611' title='bbox 2856 3883 3079 3945; x_wconf 72' lang='grc' dir='ltr'>ξέεσῦαι.</span> <span class='ocrx_word' id='word_1_612' title='bbox 3127 3883 3181 3935; x_wconf 72' lang='grc' dir='ltr'>ἸΙ</span> <span class='ocrx_word' id='word_1_613' title='bbox 3228 3880 3285 3935; x_wconf 74' lang='grc' dir='ltr'>δὲ</span> <span class='ocrx_word' id='word_1_614' title='bbox 3327 3888 3417 3941; x_wconf 78' lang='grc' dir='ltr'>την</span> <span class='ocrx_word' id='word_1_615' title='bbox 3450 3888 3569 3941; x_wconf 88' lang='grc' dir='ltr'>ἴσην</span> <span class='ocrx_word' id='word_1_616' title='bbox 3603 3884 3863 3957; x_wconf 74' lang='grc' dir='ltr'>εύψύχίαν</span> 
     </span>
    </p>
   </div>
   <div class='ocr_carea' id='block_1_92' title="bbox 2267 3970 3858 4045">
    <p class='ocr_par' dir='ltr' id='par_1_92' title="bbox 2267 3970 3858 4045">
     <span class='ocr_line' id='line_1_92' title="bbox 2267 3970 3858 4045; baseline -0.002 -19"><span class='ocrx_word' id='word_1_617' title='bbox 2267 3973 2348 4026; x_wconf 82' lang='grc' dir='ltr'>ἐπὶ</span> <span class='ocrx_word' id='word_1_618' title='bbox 2400 3982 2507 4036; x_wconf 87' lang='grc' dir='ltr'>τοῖς</span> <span class='ocrx_word' id='word_1_619' title='bbox 2565 3973 2883 4044; x_wconf 71' lang='grc' dir='ltr'>προλαϐοῦσι</span> <span class='ocrx_word' id='word_1_620' title='bbox 2943 3970 3145 4035; x_wconf 79' lang='grc' dir='ltr'>δεινοῖς,</span> <span class='ocrx_word' id='word_1_621' title='bbox 3207 3982 3295 4025; x_wconf 76' lang='grc' dir='ltr'>καὶ</span> <span class='ocrx_word' id='word_1_622' title='bbox 3357 3982 3443 4024; x_wconf 75' lang='grc' dir='ltr'>νύν</span> <span class='ocrx_word' id='word_1_623' title='bbox 3498 3980 3725 4045; x_wconf 73' lang='grc' dir='ltr'>φέρουσα</span> <span class='ocrx_word' id='word_1_624' title='bbox 3780 3972 3858 4032; x_wconf 70' lang='grc' dir='ltr'>ἦν.</span> 
     </span>
    </p>
   </div>
   <div class='ocr_carea' id='block_1_93' title="bbox 2268 4062 3861 4135">
    <p class='ocr_par' dir='ltr' id='par_1_93' title="bbox 2268 4062 3861 4135">
     <span class='ocr_line' id='line_1_93' title="bbox 2268 4062 3861 4135; baseline -0.001 -20"><span class='ocrx_word' id='word_1_625' title='bbox 2268 4068 2352 4115; x_wconf 88' lang='grc' dir='ltr'>Διὸ</span> <span class='ocrx_word' id='word_1_626' title='bbox 2401 4069 2487 4115; x_wconf 84' lang='grc' dir='ltr'>καὶ</span> <span class='ocrx_word' id='word_1_627' title='bbox 2531 4066 2693 4135; x_wconf 82' lang='grc' dir='ltr'>χάρις</span> <span class='ocrx_word' id='word_1_628' title='bbox 2738 4067 2827 4132; x_wconf 79' lang='grc' dir='ltr'>μεν</span> <span class='ocrx_word' id='word_1_629' title='bbox 2876 4065 2969 4122; x_wconf 71' lang='grc' dir='ltr'>τὰς</span> <span class='ocrx_word' id='word_1_630' title='bbox 3024 4062 3163 4125; x_wconf 65' lang='grc' dir='ltr'>ἅψεις</span> <span class='ocrx_word' id='word_1_631' title='bbox 3218 4064 3519 4133; x_wconf 70' lang='grc' dir='ltr'>ύπηυγάζεν</span> <span class='ocrx_word' id='word_1_632' title='bbox 3560 4062 3861 4135; x_wconf 78' lang='grc' dir='ltr'>ἐλευθέριος,</span> 
     </span>
    </p>
   </div>
   <div class='ocr_carea' id='block_1_94' title="bbox 2266 4149 3859 4227">
    <p class='ocr_par' dir='ltr' id='par_1_94' title="bbox 2266 4149 3859 4227">
     <span class='ocr_line' id='line_1_94' title="bbox 2266 4149 3859 4227; baseline 0.001 -23"><span class='ocrx_word' id='word_1_633' title='bbox 2266 4153 2439 4224; x_wconf 75' lang='grc' dir='ltr'>μέλεσι</span> <span class='ocrx_word' id='word_1_634' title='bbox 2491 4149 2547 4204; x_wconf 77' lang='grc' dir='ltr'>δὲ</span> <span class='ocrx_word' id='word_1_635' title='bbox 2600 4161 2705 4213; x_wconf 84' lang='grc' dir='ltr'>τοῖς</span> <span class='ocrx_word' id='word_1_636' title='bbox 2748 4150 3102 4221; x_wconf 80' lang='grc' dir='ltr'>ἀποξεομένοις</span> <span class='ocrx_word' id='word_1_637' title='bbox 3144 4151 3271 4202; x_wconf 87' lang='grc' dir='ltr'>πολύ</span> <span class='ocrx_word' id='word_1_638' title='bbox 3312 4156 3368 4204; x_wconf 89' lang='grc' dir='ltr'>τό</span> <span class='ocrx_word' id='word_1_639' title='bbox 3403 4150 3586 4212; x_wconf 80' lang='grc' dir='ltr'>εύώδες</span> <span class='ocrx_word' id='word_1_640' title='bbox 3637 4161 3859 4227; x_wconf 83' lang='grc' dir='ltr'>προσῆν.</span> 
     </span>
    </p>
   </div>
   <div class='ocr_carea' id='block_1_95' title="bbox 2265 4237 3838 4315">
    <p class='ocr_par' dir='ltr' id='par_1_95' title="bbox 2265 4237 3838 4315">
     <span class='ocr_line' id='line_1_95' title="bbox 2265 4237 3838 4315; baseline -0.001 -22"><span class='ocrx_word' id='word_1_641' title='bbox 2265 4242 2437 4315; x_wconf 78' lang='grc' dir='ltr'>Ἀκρῳ</span> <span class='ocrx_word' id='word_1_642' title='bbox 2490 4239 2547 4293; x_wconf 80' lang='grc' dir='ltr'>δε</span> <span class='ocrx_word' id='word_1_643' title='bbox 2586 4237 2894 4313; x_wconf 77' lang='grc' dir='ltr'>μειδιάματι</span> <span class='ocrx_word' id='word_1_644' title='bbox 2934 4245 3021 4291; x_wconf 82' lang='grc' dir='ltr'>καὶ</span> <span class='ocrx_word' id='word_1_645' title='bbox 3070 4242 3189 4291; x_wconf 87' lang='grc' dir='ltr'>ὅσον</span> <span class='ocrx_word' id='word_1_646' title='bbox 3235 4237 3293 4297; x_wconf 71' lang='grc' dir='ltr'>ἦν</span> <span class='ocrx_word' id='word_1_647' title='bbox 3340 4248 3449 4301; x_wconf 85' lang='grc' dir='ltr'>τοῖς</span> <span class='ocrx_word' id='word_1_648' title='bbox 3479 4240 3709 4311; x_wconf 83' lang='grc' dir='ltr'>χείλεσιν</span> <span class='ocrx_word' id='word_1_649' title='bbox 3740 4243 3838 4293; x_wconf 87' lang='grc' dir='ltr'>ύπο</span> 
     </span>
    </p>
   </div>
   <div class='ocr_carea' id='block_1_96' title="bbox 2838 4330 2861 4345">
    <p class='ocr_par' dir='ltr' id='par_1_96' title="bbox 2838 4330 2861 4345">
     <span class='ocr_line' id='line_1_96' title="bbox 2838 4330 2861 4345; baseline 0 0"><span class='ocrx_word' id='word_1_650' title='bbox 2838 4330 2861 4345; x_wconf 68' lang='grc' dir='ltr'><strong><em>ν</em></strong></span> 
     </span>
    </p>
   </div>
   <div class='ocr_carea' id='block_1_97' title="bbox 2268 4329 3863 4405">
    <p class='ocr_par' dir='ltr' id='par_1_97' title="bbox 2268 4329 3863 4405">
     <span class='ocr_line' id='line_1_97' title="bbox 2268 4329 3863 4405; baseline -0.001 -22"><span class='ocrx_word' id='word_1_651' title='bbox 2268 4336 2490 4405; x_wconf 78' lang='grc' dir='ltr'>τρέχειν·</span> <span class='ocrx_word' id='word_1_652' title='bbox 2540 4334 2603 4381; x_wconf 81' lang='grc' dir='ltr'>Σύ</span> <span class='ocrx_word' id='word_1_653' title='bbox 2660 4332 2768 4401; x_wconf 74' lang='grc' dir='ltr'>μὲν,</span> <span class='ocrx_word' id='word_1_654' title='bbox 2828 4330 2867 4378; x_wconf 83' lang='grc' dir='ltr'><strong>ὦ</strong></span> <span class='ocrx_word' id='word_1_655' title='bbox 2923 4335 3179 4400; x_wconf 75' lang='grc' dir='ltr'>μιαιφόνε,</span> <span class='ocrx_word' id='word_1_656' title='bbox 3242 4329 3419 4399; x_wconf 75' lang='grc' dir='ltr'>φησὶν,</span> <span class='ocrx_word' id='word_1_657' title='bbox 3465 4334 3560 4381; x_wconf 83' lang='grc' dir='ltr'>οἴει</span> <span class='ocrx_word' id='word_1_658' title='bbox 3607 4351 3704 4397; x_wconf 83' lang='grc' dir='ltr'>μου</span> <span class='ocrx_word' id='word_1_659' title='bbox 3752 4337 3863 4390; x_wconf 84' lang='grc' dir='ltr'>ταῖς</span> 
     </span>
    </p>
   </div>
   <div class='ocr_carea' id='block_1_98' title="bbox 496 4415 2155 4513">
    <p class='ocr_par' dir='ltr' id='par_1_98' title="bbox 496 4420 2155 4497">
     <span class='ocr_line' id='line_1_98' title="bbox 496 4420 2155 4497; baseline 0.002 -22"><span class='ocrx_word' id='word_1_660' title='bbox 496 4420 689 4477; x_wconf 88' lang='lat' dir='ltr'>dens:</span> <span class='ocrx_word' id='word_1_661' title='bbox 735 4424 813 4476; x_wconf 88' lang='lat' dir='ltr'>Tu</span> <span class='ocrx_word' id='word_1_662' title='bbox 846 4423 1113 4495; x_wconf 90' lang='lat' dir='ltr'>quidem,</span> <span class='ocrx_word' id='word_1_663' title='bbox 1179 4425 1388 4497; x_wconf 89' lang='lat' dir='ltr'>inquit,</span> <span class='ocrx_word' id='word_1_664' title='bbox 1444 4442 1479 4481; x_wconf 92' lang='grc' dir='ltr'>ο</span> <span class='ocrx_word' id='word_1_665' title='bbox 1530 4426 1932 4495; x_wconf 88' lang='lat' dir='ltr'>sanguinarie,</span> <span class='ocrx_word' id='word_1_666' title='bbox 1987 4430 2155 4496; x_wconf 89' lang='lat' dir='ltr'>putas</span> 
     </span>
    </p>
   </div>
   <div class='ocr_carea' id='block_1_99' title="bbox 2268 4415 3861 4513">
    <p class='ocr_par' dir='ltr' id='par_1_99' title="bbox 2268 4415 3861 4493">
     <span class='ocr_line' id='line_1_99' title="bbox 2268 4415 3861 4493; baseline -0.002 -21"><span class='ocrx_word' id='word_1_667' title='bbox 2268 4425 2542 4493; x_wconf 81' lang='grc' dir='ltr'>τιμωρίαις</span> <span class='ocrx_word' id='word_1_668' title='bbox 2583 4423 2665 4470; x_wconf 86' lang='grc' dir='ltr'>τόν</span> <span class='ocrx_word' id='word_1_669' title='bbox 2721 4424 2859 4469; x_wconf 85' lang='grc' dir='ltr'>τόνον</span> <span class='ocrx_word' id='word_1_670' title='bbox 2901 4417 3109 4469; x_wconf 81' lang='grc' dir='ltr'>ἐκλύειν·</span> <span class='ocrx_word' id='word_1_671' title='bbox 3146 4418 3243 4487; x_wconf 71' lang='grc' dir='ltr'>ἐγὼ</span> <span class='ocrx_word' id='word_1_672' title='bbox 3291 4415 3348 4470; x_wconf 78' lang='grc' dir='ltr'>δὲ</span> <span class='ocrx_word' id='word_1_673' title='bbox 3396 4427 3467 4488; x_wconf 77' lang='grc' dir='ltr'>τῷ</span> <span class='ocrx_word' id='word_1_674' title='bbox 3512 4418 3615 4489; x_wconf 81' lang='grc' dir='ltr'>ἐμῷ</span> <span class='ocrx_word' id='word_1_675' title='bbox 3650 4427 3861 4492; x_wconf 75' lang='grc' dir='ltr'>Χριστῷ</span> 
     </span>
    </p>
   </div>
   <div class='ocr_carea' id='block_1_100' title="bbox 498 4508 2165 4587">
    <p class='ocr_par' dir='ltr' id='par_1_100' title="bbox 498 4508 2165 4587">
     <span class='ocr_line' id='line_1_100' title="bbox 498 4508 2165 4587; baseline 0.002 -23"><span class='ocrx_word' id='word_1_676' title='bbox 498 4508 684 4564; x_wconf 88' lang='lat' dir='ltr'>robur</span> <span class='ocrx_word' id='word_1_677' title='bbox 707 4527 907 4565; x_wconf 90' lang='lat' dir='ltr'>meum</span> <span class='ocrx_word' id='word_1_678' title='bbox 934 4528 1215 4568; x_wconf 90' lang='lat' dir='ltr'>enervare</span> <span class='ocrx_word' id='word_1_679' title='bbox 1245 4514 1567 4587; x_wconf 86' lang='lat' dir='ltr'>suppliciis.</span> <span class='ocrx_word' id='word_1_680' title='bbox 1596 4517 1716 4584; x_wconf 89' lang='lat' dir='ltr'>Ego</span> <span class='ocrx_word' id='word_1_681' title='bbox 1739 4520 1935 4569; x_wconf 90' lang='lat' dir='ltr'>autem</span> <span class='ocrx_word' id='word_1_682' title='bbox 1969 4530 2001 4568; x_wconf 90' lang='lat' dir='ltr'>a</span> <span class='ocrx_word' id='word_1_683' title='bbox 2022 4526 2165 4568; x_wconf 87' lang='lat' dir='ltr'>meo</span> 
     </span>
    </p>
   </div>
   <div class='ocr_carea' id='block_1_101' title="bbox 498 4597 2151 4671">
    <p class='ocr_par' dir='ltr' id='par_1_101' title="bbox 498 4597 2151 4671">
     <span class='ocr_line' id='line_1_101' title="bbox 498 4597 2151 4671; baseline 0.002 -17"><span class='ocrx_word' id='word_1_684' title='bbox 498 4597 726 4654; x_wconf 88' lang='lat' dir='ltr'>Christo</span> <span class='ocrx_word' id='word_1_685' title='bbox 759 4599 1137 4667; x_wconf 89' lang='lat' dir='ltr'>conﬁrmata,</span> <span class='ocrx_word' id='word_1_686' title='bbox 1171 4602 1410 4658; x_wconf 87' lang='lat' dir='ltr'>conﬁdo</span> <span class='ocrx_word' id='word_1_687' title='bbox 1449 4602 1591 4671; x_wconf 85' lang='lat' dir='ltr'>fore,</span> <span class='ocrx_word' id='word_1_688' title='bbox 1650 4609 1711 4658; x_wconf 90' lang='lat' dir='ltr'>ut</span> <span class='ocrx_word' id='word_1_689' title='bbox 1758 4608 1813 4659; x_wconf 88' lang='lat' dir='ltr'>te</span> <span class='ocrx_word' id='word_1_690' title='bbox 1850 4603 2151 4659; x_wconf 90' lang='lat' dir='ltr'>inﬁrmum</span> 
     </span>
    </p>
   </div>
   <div class='ocr_carea' id='block_1_102' title="bbox 500 4687 2153 4757">
    <p class='ocr_par' dir='ltr' id='par_1_102' title="bbox 500 4687 2153 4757">
     <span class='ocr_line' id='line_1_102' title="bbox 500 4687 2153 4757; baseline 0.004 -14"><span class='ocrx_word' id='word_1_691' title='bbox 500 4687 751 4743; x_wconf 89' lang='lat' dir='ltr'>reddam</span> <span class='ocrx_word' id='word_1_692' title='bbox 782 4694 837 4745; x_wconf 90' lang='lat' dir='ltr'>et</span> <span class='ocrx_word' id='word_1_693' title='bbox 864 4690 1253 4757; x_wconf 87' lang='lat' dir='ltr'>imbecillum,</span> <span class='ocrx_word' id='word_1_694' title='bbox 1279 4697 1335 4747; x_wconf 94' lang='lat' dir='ltr'>et</span> <span class='ocrx_word' id='word_1_695' title='bbox 1359 4694 1554 4748; x_wconf 82' lang='lat' dir='ltr'>irritos</span> <span class='ocrx_word' id='word_1_696' title='bbox 1590 4693 1846 4749; x_wconf 79' lang='lat' dir='ltr'>efﬁciam</span> <span class='ocrx_word' id='word_1_697' title='bbox 1881 4698 2013 4749; x_wconf 88' lang='lat' dir='ltr'>tuos</span> <span class='ocrx_word' id='word_1_698' title='bbox 2061 4709 2153 4749; x_wconf 90' lang='lat' dir='ltr'>co-</span> 
     </span>
    </p>
   </div>
   <div class='ocr_carea' id='block_1_103' title="bbox 504 4779 2157 4851">
    <p class='ocr_par' dir='ltr' id='par_1_103' title="bbox 504 4779 2157 4851">
     <span class='ocr_line' id='line_1_103' title="bbox 504 4779 2157 4851; baseline 0.001 -18"><span class='ocrx_word' id='word_1_699' title='bbox 504 4783 701 4839; x_wconf 91' lang='lat' dir='ltr'>natus.</span> <span class='ocrx_word' id='word_1_700' title='bbox 732 4779 837 4851; x_wconf 92' lang='lat' dir='ltr'>qui</span> <span class='ocrx_word' id='word_1_701' title='bbox 870 4796 1007 4835; x_wconf 93' lang='lat' dir='ltr'>cum</span> <span class='ocrx_word' id='word_1_702' title='bbox 1055 4781 1277 4837; x_wconf 86' lang='lat' dir='ltr'>femina</span> <span class='ocrx_word' id='word_1_703' title='bbox 1310 4781 1531 4837; x_wconf 88' lang='lat' dir='ltr'>bellum</span> <span class='ocrx_word' id='word_1_704' title='bbox 1561 4798 1761 4851; x_wconf 91' lang='lat' dir='ltr'>gerere</span> <span class='ocrx_word' id='word_1_705' title='bbox 1821 4783 1899 4837; x_wconf 88' lang='lat' dir='ltr'>sis</span> <span class='ocrx_word' id='word_1_706' title='bbox 1961 4798 2157 4848; x_wconf 82' lang='lat' dir='ltr'>agres-</span> 
     </span>
    </p>
   </div>
   <div class='ocr_carea' id='block_1_104' title="bbox 496 4866 2156 4943">
    <p class='ocr_par' dir='ltr' id='par_1_104' title="bbox 496 4866 2156 4943">
     <span class='ocr_line' id='line_1_104' title="bbox 496 4866 2156 4943; baseline 0.001 -21"><span class='ocrx_word' id='word_1_707' title='bbox 496 4883 617 4933; x_wconf 91' lang='lat' dir='ltr'>sus,</span> <span class='ocrx_word' id='word_1_708' title='bbox 652 4866 834 4938; x_wconf 89' lang='lat' dir='ltr'>idque</span> <span class='ocrx_word' id='word_1_709' title='bbox 884 4885 1020 4924; x_wconf 88' lang='lat' dir='ltr'>cum</span> <span class='ocrx_word' id='word_1_710' title='bbox 1055 4870 1166 4925; x_wconf 90' lang='lat' dir='ltr'>sim</span> <span class='ocrx_word' id='word_1_711' title='bbox 1198 4871 1537 4940; x_wconf 87' lang='lat' dir='ltr'>juvencnla,</span> <span class='ocrx_word' id='word_1_712' title='bbox 1569 4877 1624 4926; x_wconf 89' lang='lat' dir='ltr'>et</span> <span class='ocrx_word' id='word_1_713' title='bbox 1654 4871 1731 4925; x_wconf 87' lang='lat' dir='ltr'>ad</span> <span class='ocrx_word' id='word_1_714' title='bbox 1776 4888 1953 4943; x_wconf 91' lang='lat' dir='ltr'>opem</span> <span class='ocrx_word' id='word_1_715' title='bbox 2012 4870 2156 4925; x_wconf 88' lang='lat' dir='ltr'>mihi</span> 
     </span>
    </p>
   </div>
   <div class='ocr_carea' id='block_1_105' title="bbox 493 4954 2156 5032">
    <p class='ocr_par' dir='ltr' id='par_1_105' title="bbox 493 4954 2156 5032">
     <span class='ocr_line' id='line_1_105' title="bbox 493 4954 2156 5032; baseline 0.001 -22"><span class='ocrx_word' id='word_1_716' title='bbox 493 4954 799 5011; x_wconf 84' lang='lat' dir='ltr'>ferendam</span> <span class='ocrx_word' id='word_1_717' title='bbox 837 4956 979 5012; x_wconf 91' lang='lat' dir='ltr'>nihil</span> <span class='ocrx_word' id='word_1_718' title='bbox 1028 4958 1287 5014; x_wconf 87' lang='lat' dir='ltr'>habeam</span> <span class='ocrx_word' id='word_1_719' title='bbox 1347 4966 1648 5031; x_wconf 89' lang='lat' dir='ltr'>paratum,</span> <span class='ocrx_word' id='word_1_720' title='bbox 1704 4960 1819 5014; x_wconf 88' lang='lat' dir='ltr'>nisi</span> <span class='ocrx_word' id='word_1_721' title='bbox 1873 4960 2035 5032; x_wconf 90' lang='lat' dir='ltr'>quod</span> <span class='ocrx_word' id='word_1_722' title='bbox 2096 4958 2156 5012; x_wconf 90' lang='lat' dir='ltr'>in</span> 
     </span>
    </p>
   </div>
   <div class='ocr_carea' id='block_1_106' title="bbox 496 5044 2161 5117">
    <p class='ocr_par' dir='ltr' id='par_1_106' title="bbox 496 5044 2161 5117">
     <span class='ocr_line' id='line_1_106' title="bbox 496 5044 2161 5117; baseline 0.002 -19"><span class='ocrx_word' id='word_1_723' title='bbox 496 5044 614 5100; x_wconf 89' lang='lat' dir='ltr'>Deo</span> <span class='ocrx_word' id='word_1_724' title='bbox 641 5060 780 5099; x_wconf 89' lang='lat' dir='ltr'>vero</span> <span class='ocrx_word' id='word_1_725' title='bbox 811 5045 1069 5100; x_wconf 89' lang='lat' dir='ltr'>conﬁdo.</span> <span class='ocrx_word' id='word_1_726' title='bbox 1098 5047 1197 5101; x_wconf 89' lang='lat' dir='ltr'>His</span> <span class='ocrx_word' id='word_1_727' title='bbox 1225 5047 1301 5102; x_wconf 92' lang='lat' dir='ltr'>ad</span> <span class='ocrx_word' id='word_1_728' title='bbox 1330 5048 1593 5105; x_wconf 87' lang='lat' dir='ltr'>furorem</span> <span class='ocrx_word' id='word_1_729' title='bbox 1638 5049 1935 5115; x_wconf 89' lang='lat' dir='ltr'>incitatus,</span> <span class='ocrx_word' id='word_1_730' title='bbox 1989 5048 2161 5117; x_wconf 88' lang='lat' dir='ltr'>jubet</span> 
     </span>
    </p>
   </div>
   <div class='ocr_carea' id='block_1_107' title="bbox 489 5132 2159 5207">
    <p class='ocr_par' dir='ltr' id='par_1_107' title="bbox 489 5132 2159 5207">
     <span class='ocr_line' id='line_1_107' title="bbox 489 5132 2159 5207; baseline 0.001 -20"><span class='ocrx_word' id='word_1_731' title='bbox 489 5132 746 5189; x_wconf 89' lang='lat' dir='ltr'>lebetem</span> <span class='ocrx_word' id='word_1_732' title='bbox 778 5134 907 5205; x_wconf 90' lang='lat' dir='ltr'>pice</span> <span class='ocrx_word' id='word_1_733' title='bbox 938 5141 992 5189; x_wconf 85' lang='lat' dir='ltr'>et</span> <span class='ocrx_word' id='word_1_734' title='bbox 1021 5136 1216 5191; x_wconf 89' lang='lat' dir='ltr'>resina</span> <span class='ocrx_word' id='word_1_735' title='bbox 1245 5136 1501 5207; x_wconf 90' lang='lat' dir='ltr'>plenum,</span> <span class='ocrx_word' id='word_1_736' title='bbox 1550 5141 1605 5192; x_wconf 89' lang='lat' dir='ltr'>et</span> <span class='ocrx_word' id='word_1_737' title='bbox 1634 5136 2012 5191; x_wconf 88' lang='lat' dir='ltr'>vehementer</span> <span class='ocrx_word' id='word_1_738' title='bbox 2065 5151 2159 5189; x_wconf 86' lang='lat' dir='ltr'>ac-</span> 
     </span>
    </p>
   </div>
   <div class='ocr_carea' id='block_1_108' title="bbox 492 5224 2158 5295">
    <p class='ocr_par' dir='ltr' id='par_1_108' title="bbox 492 5224 2158 5295">
     <span class='ocr_line' id='line_1_108' title="bbox 492 5224 2158 5295; baseline 0.002 -19"><span class='ocrx_word' id='word_1_739' title='bbox 492 5237 740 5277; x_wconf 88' lang='lat' dir='ltr'>censum</span> <span class='ocrx_word' id='word_1_740' title='bbox 767 5228 989 5278; x_wconf 74' lang='lat' dir='ltr'>sancta:</span> <span class='ocrx_word' id='word_1_741' title='bbox 1016 5224 1249 5295; x_wconf 89' lang='lat' dir='ltr'>subjici,</span> <span class='ocrx_word' id='word_1_742' title='bbox 1285 5226 1403 5280; x_wconf 92' lang='lat' dir='ltr'>Deo</span> <span class='ocrx_word' id='word_1_743' title='bbox 1435 5231 1632 5281; x_wconf 91' lang='lat' dir='ltr'>autem</span> <span class='ocrx_word' id='word_1_744' title='bbox 1682 5226 1755 5280; x_wconf 93' lang='lat' dir='ltr'>de</span> <span class='ocrx_word' id='word_1_745' title='bbox 1813 5240 1977 5280; x_wconf 86' lang='lat' dir='ltr'>more</span> <span class='ocrx_word' id='word_1_746' title='bbox 2018 5240 2158 5295; x_wconf 92' lang='lat' dir='ltr'>ope-</span> 
     </span>
    </p>
   </div>
   <div class='ocr_carea' id='block_1_109' title="bbox 490 5311 2159 5386">
    <p class='ocr_par' dir='ltr' id='par_1_109' title="bbox 490 5311 2159 5386">
     <span class='ocr_line' id='line_1_109' title="bbox 490 5311 2159 5386; baseline 0.002 -21"><span class='ocrx_word' id='word_1_747' title='bbox 490 5315 676 5380; x_wconf 88' lang='lat' dir='ltr'>rante,</span> <span class='ocrx_word' id='word_1_748' title='bbox 712 5311 871 5366; x_wconf 91' lang='lat' dir='ltr'>lebes</span> <span class='ocrx_word' id='word_1_749' title='bbox 899 5312 1143 5384; x_wconf 88' lang='lat' dir='ltr'>quidem</span> <span class='ocrx_word' id='word_1_750' title='bbox 1174 5313 1610 5370; x_wconf 88' lang='lat' dir='ltr'>dissolvebatnr</span> <span class='ocrx_word' id='word_1_751' title='bbox 1633 5320 1917 5386; x_wconf 90' lang='lat' dir='ltr'>tanquam</span> <span class='ocrx_word' id='word_1_752' title='bbox 1950 5329 2085 5367; x_wconf 86' lang='lat' dir='ltr'>cera</span> <span class='ocrx_word' id='word_1_753' title='bbox 2124 5329 2159 5368; x_wconf 91' lang='lat' dir='ltr'>a</span> 
     </span>
    </p>
   </div>
   <div class='ocr_carea' id='block_1_110' title="bbox 492 5396 2154 5471">
    <p class='ocr_par' dir='ltr' id='par_1_110' title="bbox 492 5396 2154 5471">
     <span class='ocr_line' id='line_1_110' title="bbox 492 5396 2154 5471; baseline 0.004 -22"><span class='ocrx_word' id='word_1_754' title='bbox 492 5396 635 5453; x_wconf 85' lang='lat' dir='ltr'>facie</span> <span class='ocrx_word' id='word_1_755' title='bbox 666 5399 859 5467; x_wconf 86' lang='lat' dir='ltr'>ignis:</span> <span class='ocrx_word' id='word_1_756' title='bbox 902 5402 1067 5471; x_wconf 91' lang='lat' dir='ltr'>quod</span> <span class='ocrx_word' id='word_1_757' title='bbox 1118 5418 1257 5457; x_wconf 89' lang='lat' dir='ltr'>vero</span> <span class='ocrx_word' id='word_1_758' title='bbox 1290 5403 1351 5458; x_wconf 92' lang='lat' dir='ltr'>in</span> <span class='ocrx_word' id='word_1_759' title='bbox 1407 5420 1467 5457; x_wconf 88' lang='lat' dir='ltr'>se</span> <span class='ocrx_word' id='word_1_760' title='bbox 1501 5403 1764 5458; x_wconf 81' lang='lat' dir='ltr'>habebat</span> <span class='ocrx_word' id='word_1_761' title='bbox 1818 5402 2154 5465; x_wconf 68' lang='lat' dir='ltr'>incensumz</span> 
     </span>
    </p>
   </div>
   <div class='ocr_carea' id='block_1_111' title="bbox 489 5473 2159 5565">
    <p class='ocr_par' dir='ltr' id='par_1_111' title="bbox 489 5473 2159 5565">
     <span class='ocr_line' id='line_1_111' title="bbox 489 5473 2159 5565; baseline 0.001 -23"><span class='ocrx_word' id='word_1_762' title='bbox 489 5492 732 5558; x_wconf 84' lang='lat' dir='ltr'>repente</span> <span class='ocrx_word' id='word_1_763' title='bbox 765 5488 1074 5555; x_wconf 76' lang='lat' dir='ltr'>diffusum,</span> <span class='ocrx_word' id='word_1_764' title='bbox 1132 5507 1251 5546; x_wconf 92' lang='lat' dir='ltr'>non</span> <span class='ocrx_word' id='word_1_765' title='bbox 1286 5508 1509 5565; x_wconf 89' lang='lat' dir='ltr'>paucos</span> <span class='ocrx_word' id='word_1_766' title='bbox 1551 5491 1808 5564; x_wconf 89' lang='lat' dir='ltr'>perdidit</span> <span class='ocrx_word' id='word_1_767' title='bbox 1834 5506 1904 5545; x_wconf 85' lang='lat' dir='ltr'>ex</span> <span class='ocrx_word' id='word_1_768' title='bbox 1950 5490 2020 5545; x_wconf 89' lang='lat' dir='ltr'>iis</span> <span class='ocrx_word' id='word_1_769' title='bbox 2055 5473 2159 5561; x_wconf 90' lang='lat' dir='ltr'>qu1</span> 
     </span>
    </p>
   </div>
   <div class='ocr_carea' id='block_1_112' title="bbox 492 5574 2161 5655">
    <p class='ocr_par' dir='ltr' id='par_1_112' title="bbox 492 5574 2161 5655">
     <span class='ocr_line' id='line_1_112' title="bbox 492 5574 2161 5655; baseline 0.002 -23"><span class='ocrx_word' id='word_1_770' title='bbox 492 5574 1035 5647; x_wconf 74' lang='lat' dir='ltr'>circumsistebant,</span> <span class='ocrx_word' id='word_1_771' title='bbox 1079 5579 1433 5638; x_wconf 87' lang='lat' dir='ltr'>inﬁdelibus.</span> <span class='ocrx_word' id='word_1_772' title='bbox 1481 5580 1595 5638; x_wconf 91' lang='lat' dir='ltr'>Sed</span> <span class='ocrx_word' id='word_1_773' title='bbox 1647 5594 1723 5637; x_wconf 90' lang='lat' dir='ltr'>ne</span> <span class='ocrx_word' id='word_1_774' title='bbox 1777 5580 1861 5636; x_wconf 87' lang='lat' dir='ltr'>sic</span> <span class='ocrx_word' id='word_1_775' title='bbox 1915 5578 2161 5655; x_wconf 90' lang='lat' dir='ltr'>quidem</span> 
     </span>
    </p>
   </div>
   <div class='ocr_carea' id='block_1_113' title="bbox 2265 4507 3862 4583">
    <p class='ocr_par' dir='ltr' id='par_1_113' title="bbox 2265 4507 3862 4583">
     <span class='ocr_line' id='line_1_113' title="bbox 2265 4507 3862 4583; baseline -0.002 -23"><span class='ocrx_word' id='word_1_776' title='bbox 2265 4511 2555 4583; x_wconf 71' lang='grc' dir='ltr'>ῥωννυμένη</span> <span class='ocrx_word' id='word_1_777' title='bbox 2617 4510 2838 4559; x_wconf 84' lang='grc' dir='ltr'>πέποιθα</span> <span class='ocrx_word' id='word_1_778' title='bbox 2889 4507 3077 4579; x_wconf 77' lang='grc' dir='ltr'>μᾶλλον</span> <span class='ocrx_word' id='word_1_779' title='bbox 3122 4509 3299 4559; x_wconf 87' lang='grc' dir='ltr'>οἴτονόν</span> <span class='ocrx_word' id='word_1_780' title='bbox 3352 4528 3406 4559; x_wconf 90' lang='grc' dir='ltr'>σε</span> <span class='ocrx_word' id='word_1_781' title='bbox 3456 4514 3544 4559; x_wconf 87' lang='grc' dir='ltr'>καὶ</span> <span class='ocrx_word' id='word_1_782' title='bbox 3599 4509 3862 4581; x_wconf 78' lang='grc' dir='ltr'>ἄπρακτον</span> 
     </span>
    </p>
   </div>
   <div class='ocr_carea' id='block_1_114' title="bbox 2269 4595 3863 4667">
    <p class='ocr_par' dir='ltr' id='par_1_114' title="bbox 2269 4595 3863 4667">
     <span class='ocr_line' id='line_1_114' title="bbox 2269 4595 3863 4667; baseline -0.001 -19"><span class='ocrx_word' id='word_1_783' title='bbox 2269 4596 2560 4663; x_wconf 74' lang='grc' dir='ltr'>ἀποδεῖξαι,</span> <span class='ocrx_word' id='word_1_784' title='bbox 2614 4601 2823 4666; x_wconf 74' lang='grc' dir='ltr'>γυναικὶ</span> <span class='ocrx_word' id='word_1_785' title='bbox 2876 4595 3237 4667; x_wconf 82' lang='grc' dir='ltr'>προσϐαλόντα</span> <span class='ocrx_word' id='word_1_786' title='bbox 3274 4596 3513 4667; x_wconf 78' lang='grc' dir='ltr'>πόλεμον,</span> <span class='ocrx_word' id='word_1_787' title='bbox 3555 4602 3643 4648; x_wconf 85' lang='grc' dir='ltr'>καὶ</span> <span class='ocrx_word' id='word_1_788' title='bbox 3698 4606 3863 4648; x_wconf 85' lang='grc' dir='ltr'>ταύτα</span> 
     </span>
    </p>
   </div>
   <div class='ocr_carea' id='block_1_115' title="bbox 2267 4682 3861 4760">
    <p class='ocr_par' dir='ltr' id='par_1_115' title="bbox 2267 4682 3861 4760">
     <span class='ocr_line' id='line_1_115' title="bbox 2267 4682 3861 4760; baseline -0.003 -21"><span class='ocrx_word' id='word_1_789' title='bbox 2267 4694 2423 4760; x_wconf 78' lang='grc' dir='ltr'>νεαρᾷ</span> <span class='ocrx_word' id='word_1_790' title='bbox 2476 4690 2605 4757; x_wconf 71' lang='grc' dir='ltr'>οὕση</span> <span class='ocrx_word' id='word_1_791' title='bbox 2647 4691 2736 4736; x_wconf 83' lang='grc' dir='ltr'>καὶ</span> <span class='ocrx_word' id='word_1_792' title='bbox 2784 4682 2949 4755; x_wconf 81' lang='grc' dir='ltr'>μηδεν</span> <span class='ocrx_word' id='word_1_793' title='bbox 3005 4683 3204 4756; x_wconf 74' lang='grc' dir='ltr'>ἐχούσῃ</span> <span class='ocrx_word' id='word_1_794' title='bbox 3261 4688 3389 4757; x_wconf 83' lang='grc' dir='ltr'>πρὸς</span> <span class='ocrx_word' id='word_1_795' title='bbox 3450 4684 3677 4757; x_wconf 78' lang='grc' dir='ltr'>ἀρωγὴν,</span> <span class='ocrx_word' id='word_1_796' title='bbox 3729 4685 3861 4742; x_wconf 80' lang='grc' dir='ltr'>πλὴν</span> 
     </span>
    </p>
   </div>
   <div class='ocr_carea' id='block_1_116' title="bbox 2270 4770 3861 4847">
    <p class='ocr_par' dir='ltr' id='par_1_116' title="bbox 2270 4770 3861 4847">
     <span class='ocr_line' id='line_1_116' title="bbox 2270 4770 3861 4847; baseline -0.003 -19"><span class='ocrx_word' id='word_1_797' title='bbox 2270 4776 2351 4828; x_wconf 79' lang='grc' dir='ltr'>ἐπὶ</span> <span class='ocrx_word' id='word_1_798' title='bbox 2401 4783 2514 4845; x_wconf 81' lang='grc' dir='ltr'>Θεῷ</span> <span class='ocrx_word' id='word_1_799' title='bbox 2562 4780 2697 4845; x_wconf 81' lang='grc' dir='ltr'>μόνῳ</span> <span class='ocrx_word' id='word_1_800' title='bbox 2753 4770 2973 4844; x_wconf 69' lang='grc' dir='ltr'>ἀψευδεῖ</span> <span class='ocrx_word' id='word_1_801' title='bbox 3024 4772 3310 4847; x_wconf 66' lang='grc' dir='ltr'>θαρρούσῃ.</span> <span class='ocrx_word' id='word_1_802' title='bbox 3358 4777 3569 4833; x_wconf 87' lang='grc' dir='ltr'>Τούτοις</span> <span class='ocrx_word' id='word_1_803' title='bbox 3623 4777 3696 4825; x_wconf 81' lang='grc' dir='ltr'>ἔτι</span> <span class='ocrx_word' id='word_1_804' title='bbox 3738 4778 3861 4845; x_wconf 85' lang='grc' dir='ltr'>πρὸς</span> 
     </span>
    </p>
   </div>
   <div class='ocr_carea' id='block_1_117' title="bbox 2268 4861 3862 4936">
    <p class='ocr_par' dir='ltr' id='par_1_117' title="bbox 2268 4861 3862 4936">
     <span class='ocr_line' id='line_1_117' title="bbox 2268 4861 3862 4936; baseline -0.002 -21"><span class='ocrx_word' id='word_1_805' title='bbox 2268 4870 2452 4935; x_wconf 86' lang='grc' dir='ltr'>μανίαν</span> <span class='ocrx_word' id='word_1_806' title='bbox 2512 4863 2864 4936; x_wconf 75' lang='grc' dir='ltr'>παροξυνθεὶς,</span> <span class='ocrx_word' id='word_1_807' title='bbox 2926 4861 3113 4919; x_wconf 82' lang='grc' dir='ltr'>λέϐητα</span> <span class='ocrx_word' id='word_1_808' title='bbox 3168 4862 3357 4914; x_wconf 83' lang='grc' dir='ltr'>κελεύει</span> <span class='ocrx_word' id='word_1_809' title='bbox 3411 4869 3607 4922; x_wconf 85' lang='grc' dir='ltr'>πίσσης</span> <span class='ocrx_word' id='word_1_810' title='bbox 3664 4882 3718 4914; x_wconf 89' lang='grc' dir='ltr'>τε</span> <span class='ocrx_word' id='word_1_811' title='bbox 3774 4868 3862 4913; x_wconf 83' lang='grc' dir='ltr'>καὶ</span> 
     </span>
    </p>
   </div>
   <div class='ocr_carea' id='block_1_118' title="bbox 2267 4950 3860 5027">
    <p class='ocr_par' dir='ltr' id='par_1_118' title="bbox 2267 4950 3860 5027">
     <span class='ocr_line' id='line_1_118' title="bbox 2267 4950 3860 5027; baseline -0.003 -21"><span class='ocrx_word' id='word_1_812' title='bbox 2267 4956 2477 5027; x_wconf 80' lang='grc' dir='ltr'>ῥητίνης</span> <span class='ocrx_word' id='word_1_813' title='bbox 2538 4951 2935 5007; x_wconf 73' lang='grc' dir='ltr'>ύποπλησθέντα</span> <span class='ocrx_word' id='word_1_814' title='bbox 3008 4956 3096 5003; x_wconf 87' lang='grc' dir='ltr'>καὶ</span> <span class='ocrx_word' id='word_1_815' title='bbox 3163 4950 3365 5025; x_wconf 77' lang='grc' dir='ltr'>λάϐροις</span> <span class='ocrx_word' id='word_1_816' title='bbox 3445 4951 3689 5003; x_wconf 81' lang='grc' dir='ltr'>ἐκκαέντα</span> <span class='ocrx_word' id='word_1_817' title='bbox 3769 4956 3860 5008; x_wconf 81' lang='grc' dir='ltr'>τήν</span> 
     </span>
    </p>
   </div>
   <div class='ocr_carea' id='block_1_119' title="bbox 2270 5038 3863 5113">
    <p class='ocr_par' dir='ltr' id='par_1_119' title="bbox 2270 5038 3863 5113">
     <span class='ocr_line' id='line_1_119' title="bbox 2270 5038 3863 5113; baseline -0.002 -19"><span class='ocrx_word' id='word_1_818' title='bbox 2270 5044 2421 5113; x_wconf 75' lang='grc' dir='ltr'>ἁγίαν</span> <span class='ocrx_word' id='word_1_819' title='bbox 2504 5040 2795 5093; x_wconf 70' lang='grc' dir='ltr'>ὑπολαϐεῖν.</span> <span class='ocrx_word' id='word_1_820' title='bbox 2854 5048 2987 5091; x_wconf 75' lang='grc' dir='ltr'>Θεού</span> <span class='ocrx_word' id='word_1_821' title='bbox 3034 5038 3092 5091; x_wconf 72' lang='grc' dir='ltr'>δε</span> <span class='ocrx_word' id='word_1_822' title='bbox 3147 5044 3280 5091; x_wconf 76' lang='grc' dir='ltr'>κατα</span> <span class='ocrx_word' id='word_1_823' title='bbox 3336 5044 3392 5091; x_wconf 84' lang='grc' dir='ltr'>τό</span> <span class='ocrx_word' id='word_1_824' title='bbox 3456 5043 3675 5101; x_wconf 86' lang='grc' dir='ltr'>σύνηθες</span> <span class='ocrx_word' id='word_1_825' title='bbox 3733 5039 3863 5111; x_wconf 87' lang='grc' dir='ltr'>ἐνερ-</span> 
     </span>
    </p>
   </div>
   <div class='ocr_carea' id='block_1_120' title="bbox 2268 5128 3861 5202">
    <p class='ocr_par' dir='ltr' id='par_1_120' title="bbox 2268 5128 3861 5202">
     <span class='ocr_line' id='line_1_120' title="bbox 2268 5128 3861 5202; baseline -0.003 -19"><span class='ocrx_word' id='word_1_826' title='bbox 2268 5139 2499 5202; x_wconf 73' lang='grc' dir='ltr'>γοῦντος,</span> <span class='ocrx_word' id='word_1_827' title='bbox 2552 5132 2575 5181; x_wconf 93' lang='grc' dir='ltr'>ό</span> <span class='ocrx_word' id='word_1_828' title='bbox 2617 5134 2704 5202; x_wconf 77' lang='grc' dir='ltr'>μεν</span> <span class='ocrx_word' id='word_1_829' title='bbox 2754 5128 2905 5190; x_wconf 82' lang='grc' dir='ltr'>λέϐης</span> <span class='ocrx_word' id='word_1_830' title='bbox 2948 5130 3177 5200; x_wconf 69' lang='grc' dir='ltr'>καῦάπερ</span> <span class='ocrx_word' id='word_1_831' title='bbox 3215 5132 3376 5200; x_wconf 85' lang='grc' dir='ltr'>κηρός</span> <span class='ocrx_word' id='word_1_832' title='bbox 3430 5128 3529 5179; x_wconf 77' lang='grc' dir='ltr'>ἀπὸ</span> <span class='ocrx_word' id='word_1_833' title='bbox 3580 5138 3861 5202; x_wconf 79' lang='grc' dir='ltr'>πρόσωπον</span> 
     </span>
    </p>
   </div>
   <div class='ocr_carea' id='block_1_121' title="bbox 2269 5214 3863 5295">
    <p class='ocr_par' dir='ltr' id='par_1_121' title="bbox 2269 5214 3863 5295">
     <span class='ocr_line' id='line_1_121' title="bbox 2269 5214 3863 5295; baseline -0.003 -23"><span class='ocrx_word' id='word_1_834' title='bbox 2269 5224 2431 5295; x_wconf 87' lang='grc' dir='ltr'>πυρός</span> <span class='ocrx_word' id='word_1_835' title='bbox 2476 5218 2721 5271; x_wconf 66' lang='grc' dir='ltr'>διελύετοσ</span> <span class='ocrx_word' id='word_1_836' title='bbox 2783 5220 2904 5287; x_wconf 79' lang='grc' dir='ltr'>ὅπερ</span> <span class='ocrx_word' id='word_1_837' title='bbox 2972 5214 3029 5268; x_wconf 80' lang='grc' dir='ltr'>δε</span> <span class='ocrx_word' id='word_1_838' title='bbox 3083 5222 3350 5287; x_wconf 87' lang='grc' dir='ltr'>καιόμενον</span> <span class='ocrx_word' id='word_1_839' title='bbox 3406 5219 3542 5288; x_wconf 78' lang='grc' dir='ltr'>εἶχεν</span> <span class='ocrx_word' id='word_1_840' title='bbox 3600 5221 3647 5268; x_wconf 79' lang='grc' dir='ltr'>ἐν</span> <span class='ocrx_word' id='word_1_841' title='bbox 3700 5218 3863 5286; x_wconf 82' lang='grc' dir='ltr'>ἑαυτῴ</span> 
     </span>
    </p>
   </div>
   <div class='ocr_carea' id='block_1_122' title="bbox 2270 5306 3861 5379">
    <p class='ocr_par' dir='ltr' id='par_1_122' title="bbox 2270 5306 3861 5379">
     <span class='ocr_line' id='line_1_122' title="bbox 2270 5306 3861 5379; baseline -0.003 -17"><span class='ocrx_word' id='word_1_842' title='bbox 2270 5310 2508 5372; x_wconf 81' lang='grc' dir='ltr'>ἐξαπίνης</span> <span class='ocrx_word' id='word_1_843' title='bbox 2566 5306 2832 5379; x_wconf 74' lang='grc' dir='ltr'>διαχεθεν,</span> <span class='ocrx_word' id='word_1_844' title='bbox 2901 5306 2995 5357; x_wconf 87' lang='grc' dir='ltr'>ούκ</span> <span class='ocrx_word' id='word_1_845' title='bbox 3071 5306 3275 5375; x_wconf 73' lang='grc' dir='ltr'>ὀλίγους</span> <span class='ocrx_word' id='word_1_846' title='bbox 3339 5316 3435 5358; x_wconf 79' lang='grc' dir='ltr'>τῶν</span> <span class='ocrx_word' id='word_1_847' title='bbox 3514 5315 3861 5377; x_wconf 77' lang='grc' dir='ltr'>περιεστώτων</span> 
     </span>
    </p>
   </div>
   <div class='ocr_carea' id='block_1_123' title="bbox 2272 5391 3371 5467">
    <p class='ocr_par' dir='ltr' id='par_1_123' title="bbox 2272 5391 3371 5467">
     <span class='ocr_line' id='line_1_123' title="bbox 2272 5391 3371 5467; baseline -0.005 -16"><span class='ocrx_word' id='word_1_848' title='bbox 2272 5399 2500 5451; x_wconf 83' lang='grc' dir='ltr'>ἀπίστων</span> <span class='ocrx_word' id='word_1_849' title='bbox 2577 5394 2942 5467; x_wconf 75' lang='grc' dir='ltr'>διελυμήνατο.</span> <span class='ocrx_word' id='word_1_850' title='bbox 3028 5394 3162 5446; x_wconf 76' lang='grc' dir='ltr'>Ἀλλ’</span> <span class='ocrx_word' id='word_1_851' title='bbox 3248 5391 3371 5447; x_wconf 73' lang='grc' dir='ltr'>ούδζε</span> 
     </span>
    </p>
   </div>
   <div class='ocr_carea' id='block_1_124' title="bbox 2272 5480 3858 5560">
    <p class='ocr_par' dir='ltr' id='par_1_124' title="bbox 2272 5480 3858 5560">
     <span class='ocr_line' id='line_1_124' title="bbox 2272 5480 3858 5560; baseline 0.001 -22"><span class='ocrx_word' id='word_1_852' title='bbox 2272 5486 2408 5560; x_wconf 75' lang='grc' dir='ltr'>εἶχεν</span> <span class='ocrx_word' id='word_1_853' title='bbox 2456 5489 2480 5538; x_wconf 91' lang='lat'>6</span> <span class='ocrx_word' id='word_1_854' title='bbox 2556 5486 2857 5557; x_wconf 74' lang='grc' dir='ltr'>τυφλώττων</span> <span class='ocrx_word' id='word_1_855' title='bbox 2915 5482 3137 5555; x_wconf 77' lang='grc' dir='ltr'>ἀκριϐῶς</span> <span class='ocrx_word' id='word_1_856' title='bbox 3197 5487 3288 5540; x_wconf 79' lang='grc' dir='ltr'>την</span> <span class='ocrx_word' id='word_1_857' title='bbox 3349 5480 3608 5548; x_wconf 80' lang='grc' dir='ltr'>διάνοιαν,</span> <span class='ocrx_word' id='word_1_858' title='bbox 3684 5489 3755 5543; x_wconf 88' lang='grc' dir='ltr'>τίς</span> <span class='ocrx_word' id='word_1_859' title='bbox 3830 5485 3858 5540; x_wconf 78' lang='grc' dir='ltr'>ἡ</span> 
     </span>
    </p>
   </div>
   <div class='ocr_carea' id='block_1_125' title="bbox 2274 5568 3863 5652">
    <p class='ocr_par' dir='ltr' id='par_1_125' title="bbox 2274 5568 3863 5652">
     <span class='ocr_line' id='line_1_125' title="bbox 2274 5568 3863 5652; baseline -0.004 -21"><span class='ocrx_word' id='word_1_860' title='bbox 2274 5580 2749 5652; x_wconf 70' lang='grc' dir='ltr'>θαυματουργοῦσα</span> <span class='ocrx_word' id='word_1_861' title='bbox 2789 5580 2955 5628; x_wconf 77' lang='grc' dir='ltr'>ταῦτα</span> <span class='ocrx_word' id='word_1_862' title='bbox 3000 5569 3217 5645; x_wconf 84' lang='grc' dir='ltr'>δύναμις</span> <span class='ocrx_word' id='word_1_863' title='bbox 3260 5568 3339 5631; x_wconf 79' lang='grc' dir='ltr'>ἧν.</span> <span class='ocrx_word' id='word_1_864' title='bbox 3385 5572 3540 5626; x_wconf 81' lang='grc' dir='ltr'>Ὀθιν</span> <span class='ocrx_word' id='word_1_865' title='bbox 3575 5577 3664 5625; x_wconf 83' lang='grc' dir='ltr'>καὶ</span> <span class='ocrx_word' id='word_1_866' title='bbox 3703 5578 3863 5625; x_wconf 88' lang='grc' dir='ltr'>πᾶσιν</span> 
     </span>
    </p>
   </div>
   <div class='ocr_carea' id='block_1_126' title="bbox 3440 5391 3862 5446">
    <p class='ocr_par' dir='ltr' id='par_1_126' title="bbox 3440 5391 3862 5446">
     <span class='ocr_line' id='line_1_126' title="bbox 3440 5391 3862 5446; baseline -0.002 -1"><span class='ocrx_word' id='word_1_867' title='bbox 3440 5394 3574 5446; x_wconf 84' lang='grc' dir='ltr'>ούτω</span> <span class='ocrx_word' id='word_1_868' title='bbox 3634 5391 3862 5446; x_wconf 80' lang='grc' dir='ltr'>συνιδεῖν</span> 
     </span>
    </p>
   </div>
  </div>
