4142 6196
234 286 351 342 509

239 413 318 472 οἷς
374 408 566 480 ἔδρασε
617 415 710 469 τὴν
764 411 925 469 ἧτταν
1001 409 1413 482 ἀπενεγκάμενος,
1477 412 1566 459 καὶ
1638 405 1845 479 ἀπόρως
1878 407 1923 458 Α

240 505 382 572 ἔχων
436 503 608 573 ὥσπερ
660 503 722 551 τὰ
769 502 905 550 κατά
951 505 1156 570 γνώμην
1210 499 1335 570 αὐτῇ
1385 505 1563 562 ποιῶν,
1620 498 1705 546 τὸν
1754 489 1848 545 διὰ

243 592 427 663 ξίφους
488 593 702 642 Θάνατον
757 588 939 648 ἐπίσης
999 597 1060 660 τῇ
1117 585 1334 660 ἀδελφῇ,
1387 592 1478 638 καὶ
1525 585 1640 637 κατ’
1690 583 1848 642 αὐτῆς

244 679 604 751 ἀποφαίνεται.
660 676 818 730 Πάλιν
870 675 929 730 δε
983 683 1072 729 καὶ
1122 677 1250 734 αὕτη
1307 682 1399 735 τὴν
1452 677 1706 746 μητρικὴν
1760 675 1848 742 μὲν

242 769 503 840 ἐξιτηριον
559 767 852 819 ἐπεκαλεῖτο
911 767 1114 837 εὐχήν·
1153 771 1246 824 τὴν
1302 765 1595 817 τελευταίαν
1654 759 1712 813 δε
1761 765 1849 810 καὶ

239 858 355 930 μετ’
412 857 574 914 αὐτὴν
651 853 876 928 ἀδελφὴν
958 852 1200 912 διανίστη
1283 861 1412 928 πρός
1470 858 1589 914 τοὺς
1649 850 1851 921 ἀγῶνας

241 943 549 1017 ὑπόδειγμα
625 945 810 1002 ἑαυτὴν
884 944 1103 1016 ἀσφαλὲς
1164 941 1416 1011 διδοῦσα,
1476 947 1564 993 καὶ
1634 942 1850 997 πιστοὺς

244 1034 350 1086 ἀπὸ
409 1043 498 1085 τοῦ
557 1033 736 1086 παθεῖν
795 1037 911 1093 τοὺς
971 1033 1158 1104 λόγους
1216 1037 1542 1104 παρέχουσα.
1601 1025 1726 1079 Εἶτα
1779 1033 1849 1095 τῷ

241 1129 460 1197 κειμένῳ
514 1131 796 1196 προσφῦσα
848 1123 1073 1194 λειψάνῳ
1119 1131 1207 1182 τῆς
1256 1119 1481 1194 ἀδελφῆς
1532 1121 1848 1192 περιείχετο,

241 1213 526 1284 κατεφίλει,
587 1213 1033 1286 περιεπτύσσετο”
1091 1218 1244 1262 τοῦτο
1297 1214 1385 1280 μεν
1443 1211 1510 1269 ὡς
1567 1207 1720 1275 ἁγίας
1776 1223 1852 1254 τι·

240 1309 426 1371 μῶσα,
459 1309 611 1352 τοῦτο
644 1297 701 1352 δὲ
745 1305 833 1352 καὶ
885 1299 1152 1374 θαρροῦσα
1197 1303 1265 1360 ὡς
1309 1295 1537 1369 ἀδελφῆς
1587 1291 1851 1365 δακρῦσαι

244 1392 393 1462 παρὰ
472 1397 563 1450 τῆς
623 1393 928 1461 συγγενείας
998 1388 1250 1461 ἐφέλκετο,
1310 1392 1394 1438 καὶ
1467 1389 1593 1457 πρὸς
1662 1380 1850 1439 ἡδονὴν

244 1476 539 1530 ἀνθείλκετο
597 1479 770 1542 πάλιν,
832 1487 902 1550 τῷ
964 1475 1255 1530 συνειδέναι
1308 1479 1550 1550 μάρτυρα
1600 1477 1692 1530 τὴν
1748 1490 1850 1522 κει·

244 1572 406 1639 μένην
438 1566 588 1622 εἶναι.
625 1575 740 1630 Πῶς
781 1571 878 1640 γὰρ
932 1567 990 1619 ἂν
1034 1574 1122 1620 καὶ
1169 1564 1428 1640 ἐδάκρυσε
1465 1568 1593 1638 πρὸς
1638 1560 1698 1619 ἣν
1742 1556 1848 1618 ἤδη

245 1655 439 1730 ἐχώρει
490 1653 583 1708 διὰ
628 1665 718 1709 τοῦ
764 1661 885 1708 ἴσου
933 1663 1128 1732 τρόπου
1175 1665 1266 1716 τῆς
1313 1655 1584 1718 τελευτῆς;
1635 1647 1852 1720 δέχεται

246 1754 525 1818 τοιγαροῦν
557 1751 641 1797 καῖ
677 1746 806 1804 αὑτὴ
837 1750 922 1796 τὸν
955 1743 1047 1798 διὰ
1073 1747 1249 1818 ξίφους
1283 1747 1519 1806 θάνατον,
1553 1745 1641 1792 καὶ
1671 1740 1852 1789 ἄπεισι

244 1841 343 1892 τὴν
369 1835 529 1893 καλὴν
560 1842 790 1908 πορείαν,
822 1840 914 1893 τὴν
946 1840 1206 1908 μακαρίαν
1239 1839 1394 1894 ὅντως
1421 1829 1566 1894 ὁδόν,
1599 1835 1687 1880 καὶ
1720 1833 1851 1878 πᾶσι

245 1927 339 1996 μὲν
367 1922 700 1999 Χριστιανοῖς
736 1924 1082 1996 ἐπιθυμητὴν,
1114 1924 1304 1994 ὀλίγοις
1333 1919 1391 1974 δὲ
1424 1921 1677 1993 βάσιμον.

1126 283 1560 340 MARTYBIUM
1598 282 1657 338 S.
1703 277 1990 336 SOPHUE
2025 278 2114 335 ET
2155 282 2506 344 FILIABUM
2546 290 2730 346 EJUS.

3504 292 3612 347 διο
3661 265 3666 272 ’

1959 405 2148 476 potuit
2183 408 2280 465 ille
2315 418 2512 469 mente
2550 431 2741 470 caecus
2780 414 3123 484 intelligere,
3149 432 3424 486 quasnam
3456 423 3612 474 esset

1956 493 2083 549 haec
2128 497 2330 563 virtus,
2362 518 2496 573 quae
2544 503 2796 559 faciebat
2841 503 3148 559 miracula.
3212 504 3374 560 Unde
3407 509 3510 562 etsi
3549 509 3609 562 in

1957 584 2258 650 omnibus,
2320 605 2454 661 quae
2489 592 2638 657 fecit,
2697 599 3014 665 superatus
3064 594 3286 658 fuisset,
3341 596 3610 650 nesciens

1959 675 2154 728 tamen
2187 677 2334 746 quid
2378 687 2594 751 ageret,
2629 684 2689 737 in
2741 699 2875 738 eam
2934 683 3139 738 mortis
3198 699 3301 754 per
3347 684 3611 753 gladium

1959 759 2296 830 inferenda,
2331 783 2500 840 mque
2540 777 2716 842 atque
2745 773 2801 828 in
2852 773 2979 844 ejus
3013 789 3299 835 sororem,
3355 788 3613 843 pronun-

1960 850 2063 904 tiat
2101 857 2482 915 sententiam.
2522 862 2742 915 Rursus
2786 867 2984 917 autem
3018 878 3087 916 ea
3140 878 3381 934 quoque
3424 862 3483 916 in
3515 863 3612 915 de-

1960 953 2133 994 cessu
2163 957 2330 1011 prece
2360 946 2723 1018 implorabat
2751 956 3048 1006 maternas
3074 968 3085 1004 ε
3120 956 3484 1022 postremam
3512 966 3614 1006 au-

1963 1031 2079 1082 tem
2114 1037 2242 1099 post
2273 1033 2459 1105 ipsam
2494 1055 2759 1094 sororem
2805 1041 3100 1096 excitabat
3150 1039 3227 1096 ad
3260 1040 3610 1105 certamina,

1961 1115 2227 1188 seipsam
2254 1123 2569 1192 pulchrum
2603 1135 2658 1184 et
2687 1135 2913 1185 certum
2971 1131 3276 1201 exemplar
3316 1130 3610 1200 praebens,

1959 1210 2016 1260 et
2041 1221 2110 1260 ex
2144 1224 2262 1264 uno
2292 1217 2452 1283 quod
2480 1232 2661 1287 passa
2698 1219 2787 1283 sit,
2849 1219 3180 1275 orationem
3227 1219 3450 1274 faciens
3497 1218 3615 1274 ﬁde

1960 1293 2222 1362 dignam
2258 1301 2474 1358 Deinde
2523 1307 2862 1377 adjacentes
2902 1309 3118 1364 sororis
3157 1309 3449 1364 accedens
3489 1307 3616 1362 reli-

1959 1383 2152 1454 quias,
2187 1402 2291 1442 eas
2323 1393 2790 1464 amplectebatur
2814 1414 2826 1452 :
2852 1403 2909 1452 et
2939 1398 3153 1467 partim
3185 1397 3426 1468 quidem
3453 1412 3521 1451 ex
3545 1411 3614 1451 eo

1961 1480 2285 1541 commota,
2309 1483 2473 1551 quod
2492 1490 2642 1540 esset
2664 1501 2850 1550 soror,
2871 1486 2947 1541 ad
2966 1485 3425 1558 lacrymandum
3444 1489 3616 1540 attra-

1958 1558 2188 1617 hebata
2213 1571 2594 1639 cognatione:
2616 1575 2834 1645 partim
2857 1581 3059 1631 autem
3087 1574 3424 1643 intelligens
3458 1589 3612 1630 mar-

1963 1653 2152 1719 tyrem
2177 1669 2304 1711 eam
2335 1674 2482 1726 esse,
2512 1678 2646 1734 quas
2667 1662 2925 1731 jacebat,
2952 1664 3236 1736 reliquias
3254 1662 3611 1726 honorabat,

1962 1743 2250 1810 tanquam
2305 1755 2561 1818 sanctas,
2613 1757 2669 1808 et
2718 1754 2794 1809 ad
2849 1754 3133 1823 gaudium
3179 1751 3612 1808 retrahebatur.

1963 1826 2278 1890 Quomodo
2300 1839 2458 1895 enim
2490 1848 2731 1912 propter
2761 1848 3031 1898 sanctam
3058 1843 3502 1913 lacrymaretur,
3537 1839 3614 1894 ad

1966 1929 2148 1984 quam
2189 1919 2439 1982 libenter
2468 1932 2592 2000 pari
2645 1933 2824 1986 modo
2876 1931 3079 1986 mortis
3130 1932 3256 2001 jam
3311 1929 3614 1984 tendebat.

249 2013 509 2083 Suscipit
554 2029 696 2083 ergo
730 2013 858 2083 ipsa
889 2029 1130 2084 quoque
1182 2019 1435 2067 mortem
1472 2008 1692 2078 gladio,
1728 2008 1784 2058 et
1816 1999 2128 2072 pulchram
2163 2009 2320 2068 viam
2352 1999 2696 2085 ingreditur,
2735 2021 2888 2076 viam
2940 2035 3072 2075 vere
3102 1999 3361 2083 beatam,
3397 2023 3452 2074 et
3481 2033 3616 2090 quas

250 2108 339 2156 est
365 2101 698 2174 expetenda
731 2102 972 2174 quidem
1006 2102 1288 2157 omnibus
1321 2097 1685 2159 Christianis,
1720 2092 1822 2147 sed
1855 2103 2041 2162 quam
2074 2101 2247 2164 pauci
2282 2103 2504 2161 ineunt.

324 2189 426 2243 IB'.
458 2191 516 2242 Ὀ
575 2195 745 2242 τοίνυν
799 2193 989 2262 ἄνομος
1036 2188 1297 2252 δικαστὴς
1335 2190 1406 2252 εἰς
1458 2191 1685 2259 ἔσχατον
1735 2181 1855 2234 ἀπο-

248 2285 372 2355 ρίας
422 2279 576 2331 ἐλθὼν
631 2285 720 2331 καὶ
772 2285 830 2332 τό
888 2289 976 2340 τῆς
1023 2281 1290 2352 αἰσχύνης
1336 2282 1601 2353 περιφανὲς
1651 2277 1857 2342 ὑπενεγ-

249 2377 358 2421 κεῖν
416 2368 474 2420 οὐ
535 2365 836 2440 δυνάμενος,
886 2372 1023 2440 ὅμως
1077 2369 1158 2421 ἐπὶ
1206 2379 1267 2441 τῇ
1319 2369 1521 2440 ἐσχάτη
1569 2375 1664 2418 τῶν
1711 2359 1856 2414 ἁδελ-

253 2466 360 2528 φῶν
417 2456 625 2508 ἐσάλευε
689 2460 783 2517 τὰς
851 2453 1085 2518 ἐλπίδας.
1148 2454 1370 2509 Ἐδακνε
1417 2459 1517 2528 γὰρ
1594 2454 1747 2505 αὑτὸν
1799 2454 1857 2502 τό

253 2542 452 2617 κομιδῆ
509 2549 616 2596 νέον
667 2554 758 2607 τῆς
821 2548 1105 2620 μάρτυρος,
1154 2549 1223 2608 ως
1270 2546 1659 2617 εὐεπιχείρητον
1718 2541 1857 2608 αὐτῷ

254 2636 578 2706 γενήσεσθαι
637 2631 1088 2708 προσδοκώμενον.
1147 2636 1286 2688 Ἐπεὶ
1340 2633 1398 2687 δὲ
1469 2639 1556 2684 καὶ
1624 2637 1860 2704 προτῆγε

255 2728 352 2785 τὰς
403 2723 705 2798 ἐρωτήσεις,
756 2731 846 2776 καὶ
905 2725 1089 2797 λόγους
1145 2725 1298 2777 ἐκίνει
1367 2726 1558 2776 πείθειν
1629 2717 1856 2790 δυναμέ-

251 2833 410 2875 νους·
449 2818 532 2871 Μὴ
590 2811 839 2865 ἀπατάτω
890 2833 966 2880 σε,
1002 2820 1158 2885 φησὶν
1213 2817 1241 2872 ἡ
1295 2813 1525 2883 Ἀγάπη,
1576 2813 1632 2862 τὸ
1683 2813 1858 2878 νεαρόν

251 2923 356 2974 μου
408 2911 499 2963 τῆς
550 2903 771 2967 ἡλικίας,
807 2905 875 2964 ὡς
923 2904 1300 2966 εὖεξαπάτητον
1352 2905 1518 2971 ἔσται,
1553 2905 1640 2951 καὶ
1692 2898 1859 2968 λόγοις

252 3000 361 3052 τοῖς
423 2999 532 3052 σοῖς
586 2992 805 3052 εὐκόλως
861 2989 1183 3064 δολῶμενον·
1220 2989 1429 3054 διδάξει
1483 2992 1584 3062 γάρ
1641 3007 1696 3040 σε
1748 2987 1855 3058 μετ’

257 3081 434 3152 ὀλίγον
490 3083 516 3138 η
575 3088 728 3150 πεῖρα
785 3082 864 3132 ὅτι
934 3089 1027 3142 τῆς
1101 3081 1261 3142 αὐτῆς
1312 3081 1463 3154 ῥίζης
1514 3078 1682 3151 όρπηξ
1736 3076 1854 3147 ἐγὼ,

253 3175 346 3220 καὶ
401 3174 527 3240 μίας
601 3169 799 3230 ἐκείνης
871 3173 1102 3241 γαστρός
1151 3174 1400 3241 γέννημα,
1461 3169 1528 3219 ὧν
1594 3165 1700 3226 ἤδη
1761 3151 1929 3218 δύο(ἶ

261 3256 510 3326 βλαστῶν
566 3265 654 3310 καὶ
711 3262 896 3310 τέκνων
955 3278 1020 3318 εις
1075 3268 1254 3332 πεῖραν
1303 3259 1570 3318 ἐλήλυθας.
1629 3257 1704 3309 Οὔ
1755 3259 1856 3328 γὰρ

253 3344 336 3397 ἐπ’
392 3345 506 3418 ἐμοὶ
561 3349 627 3397 τὰ
679 3354 776 3397 τῶν
836 3345 1206 3416 προλαϐουσῶν
1255 3347 1698 3418 αἰσχυνθήσεται,
1735 3341 1858 3397 οὐδὲ

252 3440 350 3493 τὴν
419 3435 586 3486 αὐτῶν
645 3435 896 3506 εὐγένειαν
947 3435 1045 3507 ἐγὼ
1102 3435 1387 3507 ψεύσομαι,
1445 3435 1572 3487 ἀλλὰ
1623 3438 1857 3504 τοσούτῳ

253 3524 450 3596 μᾶλλον
500 3521 770 3596 ὑπερϐαλῶ
848 3530 937 3575 καὶ
1011 3533 1072 3596 τῇ
1150 3529 1414 3598 καρτερίᾳ,
1471 3527 1575 3595 ὅσῳ
1629 3529 1718 3576 καὶ
1793 3531 1852 3594 τῇ

254 3619 413 3684 πείρᾳ
463 3613 764 3678 πλεονεκτώ,
842 3618 928 3670 τὴν
998 3621 1088 3665 tot)
1166 3621 1397 3685 Χριστοῦ
1471 3612 1717 3686 βοήθειαν
1777 3611 1857 3663 ἐπὶ

253 3706 475 3764 ταύταις
529 3699 911 3773 δεδιδαγμένη.
974 3701 1084 3754 Οὐκ
1139 3707 1319 3774 ἤνεγκε
1392 3708 1485 3760 τὴν
1560 3701 1856 3775 παρρησίαν

252 3794 452 3848 ταύτην
508 3793 532 3842 ό
613 3794 815 3864 μιαρὸς,
877 3790 982 3842 ἀλλ’
1043 3792 1191 3865 ἱκρίῳ
1261 3797 1353 3849 τὴν
1411 3793 1646 3862 Ἀγάπην
1707 3789 1857 3862 ἀναρ-

253 3881 454 3931 τᾱισθαι
518 3879 727 3944 κελεύει,
787 3884 877 3930 καὶ
951 3881 1101 3950 ἱμᾶσι
1173 3882 1428 3930 τείνεσθαι
1506 3880 1851 3949 πανταχόθεν,

253 3970 326 4028 ὡς
374 3971 460 4028 τὰς
504 3976 600 4019 τῶν
649 3967 812 4038 μελῶν
865 3967 1110 4040 ἁρμονίας
1154 3977 1222 4037 τῷ
1274 3963 1485 4042 σφοδρῴ
1535 3977 1626 4028 τῆς
1680 3966 1854 4018 ἐνστά-

257 4075 388 4118 σεως
442 4063 532 4116 τῆς
584 4058 715 4106 κατά
769 4059 922 4128 φύσιν
976 4057 1259 4117 συνθέσεως
1306 4053 1657 4111 διασπᾶσθαι.
1705 4053 1858 4108 Ἀλλὰ

254 4146 284 4202 ἠ
345 4152 438 4196 τοῦ
488 4152 620 4196 Θεοῦ
694 4141 912 4216 δύναμις
966 4146 995 4202 ἠ
1058 4153 1157 4196 τῶν
1227 4144 1387 4195 οἰλλων
1451 4142 1681 4217 ἀδελφῶν
1734 4163 1857 4218 προο

256 4239 453 4300 στᾶσα,
486 4239 575 4284 καὶ
605 4233 717 4305 μετ’
748 4233 911 4293 αὐτῆς
943 4230 1027 4301 ἦν,
1057 4232 1230 4291 ἀπαθῆ
1282 4243 1450 4285 κακῶν
1498 4242 1850 4306 συντηρουσα.

253 4323 567 4376 Ἀνάπτεται
617 4331 892 4396 τοιγαροῦν
950 4328 1038 4374 καὶ
1116 4322 1244 4394 αὐτῇ
1317 4326 1526 4394 κάμινος
1601 4322 1654 4374 ἐκ
1731 4343 1854 4375 παν-

252 4409 496 4472 τοδαπῆς
545 4411 686 4476 ὕλης,
743 4416 984 4485 πρότερον
1034 4419 1125 4462 τοῦ
1177 4412 1557 4484 προστάξαντος
1617 4413 1854 4484 ἰσχυρῶς

252 4500 384 4573 ἀργῇ

250 4591 498 4661 μάρτυρι,
561 4591 618 4639 τὸ
694 4591 828 4640 κατὰ

475 4497 879 4559 διακαυθέντοςο
941 4501 1096 4571 Ὀρᾲς
1176 4497 1284 4564 οὖν,
1341 4500 1522 4561 ἐκεῖνός
1591 4521 1721 4573 φησι
1787 4509 1848 4573 τῇ
1887 4496 1927 4549 D

929 4609 1022 4640 σου
1093 4594 1360 4660 καιόμενον
1445 4598 1588 4662 πῡρ;
1648 4591 1852 4662 Ἑτέρως

253 4675 344 4729 οὖν
390 4677 483 4729 οὐκ
537 4676 595 4727 ἂν
651 4673 834 4729 δύναιο
888 4683 980 4735 τὴν
1035 4677 1245 4736 ἀπειλὴν
1299 4678 1457 4729 αὐτοῦ
1511 4678 1765 4750 ἐκφυγεῖν,
1812 4679 1851 4730 εἰ

251 4773 324 4840 μὴ
383 4771 438 4818 τό
504 4772 955 4840 προσταττόμενον
1013 4763 1161 4819 οὐδὲν
1227 4768 1594 4840 ὑπερτιθεμένη
1652 4767 1854 4820 τελέσαι

255 4851 604 4926 σπουδάσῃς·
647 4855 749 4925 ἐγὼ
810 4851 868 4906 δέ
923 4875 1005 4907 σοι
1053 4861 1140 4906 καὶ
1198 4854 1669 4928 φιλανθρωπότερον
1720 4863 1856 4930 χρή-

256 4963 454 5015 σομοιι⁹
512 4945 617 4996 εἰπε
687 4947 786 5017 γὰρ
862 4947 996 4996 κατὰ
1074 4949 1372 5017 πρόσχημα
1439 4945 1637 5017 ῥήματι
1693 4952 1851 5016 μόνῳ,

249 5034 463 5105 Μεγάλη
544 5037 571 5090 ἠ

249 5124 441 5183 αἰτίας.
489 5123 548 5174 Ἠ
603 5120 681 5190 δὲ,
736 5128 818 5180 Μὴ
867 5125 1061 5193 γένοιτό
1113 5142 1223 5193 μοι,
1271 5126 1416 5192 φησὶ,
1462 5118 1602 5193 μηδὲ
1655 5124 1856 5197 ῥήματι

659 5033 928 5107 Ἄρτεμις,
1004 5039 1092 5085 καὶ
1169 5033 1318 5094 εὐθὺς
1396 5031 1591 5105 ἀπολύῃ
1683 5038 1856 5097 πάσης

2037 2185 2150 2242 Xll.
2187 2190 2428 2262 Iniquus
2485 2202 2683 2252 autem
2731 2197 2903 2267 judex
2953 2213 3092 2252 cum
3149 2197 3227 2252 ad
3289 2201 3617 2252 extremam

1969 2276 2224 2334 venisset
2251 2281 2766 2350 dubitationem,et
2794 2303 2910 2342 non
2939 2293 3139 2358 posset
3168 2291 3438 2358 apertam
3467 2284 3618 2340 ferre

1967 2365 2377 2436 ignominiam,
2412 2373 2468 2428 in
2512 2382 2777 2431 extrema
2808 2383 3006 2431 tamen
3044 2392 3245 2431 sorore
3284 2377 3482 2431 adhuc
3513 2390 3617 2446 spe

1967 2456 2297 2513 tenebatur.
2333 2460 2480 2516 Eum
2508 2464 2663 2518 enim
2696 2463 2978 2519 movebat
3010 2464 3181 2519 valde
3224 2469 3427 2519 tenera
3458 2463 3614 2518 illius

1966 2549 2128 2608 aetas,
2151 2562 2287 2618 quae
2318 2549 2369 2603 ei
2397 2550 2840 2607 existimabatur
2869 2551 2991 2608 fore
3023 2556 3370 2622 expugnatu
3403 2551 3612 2607 facilis.

1970 2635 2290 2706 Postquam
2316 2643 2516 2694 autem
2538 2639 2806 2696 adhibuit
2827 2641 3333 2708 interrogationes,
3361 2644 3419 2694 et
3436 2641 3618 2694 movit

1972 2723 2168 2787 verba,
2200 2742 2335 2797 quas
2368 2733 2642 2798 poterant
2672 2729 3030 2800 persuadere
3065 2746 3077 2784 :
3115 2733 3195 2784 Ne
3238 2735 3288 2783 te
3338 2728 3612 2798 decipiat,

1970 2811 2158 2883 inquit
2188 2815 2475 2880 Charitas,
2529 2823 2674 2873 astas
2722 2834 2852 2873 mea
2893 2822 3114 2882 tenera,
3152 2822 3215 2872 ut
3261 2833 3395 2888 quia
3446 2816 3614 2871 facile

1971 2902 2156 2972 possit
2207 2903 2419 2976 decipi,
2476 2910 2534 2961 et
2565 2922 2601 2961 a
2631 2909 2744 2961 tuis
2797 2907 2994 2961 verbis
3045 2907 3217 2962 allici.
3251 2907 3328 2961 Te
3381 2904 3617 2960 docebit

1971 3006 2110 3046 mox
2137 2993 2511 3064 experientia,
2547 3011 2640 3050 me
2666 3011 2801 3051 esse
2825 3012 3060 3050 ramum
3085 2995 3355 3066 ejusdem
3378 2993 3613 3057 radicis,

1967 3085 2024 3136 et
2075 3080 2255 3136 fetum
2308 3082 2462 3138 illius
2515 3085 2687 3139 unius
2733 3084 2898 3149 uteri,
2959 3085 3132 3154 cujus
3178 3084 3306 3154 jam
3355 3083 3612 3138 duorum

1968 3169 2308 3240 germinum
2334 3177 2389 3226 et
2413 3172 2667 3228 filiarum
2695 3173 2876 3228 fecisti
2908 3173 3258 3245 periculum.
3296 3173 3422 3227 Non
3455 3172 3616 3227 enim

1967 3265 2257 3331 quantum
2291 3260 2347 3314 in
2379 3278 2474 3316 me
2505 3263 2630 3327 erit,
2675 3262 2903 3333 priores
2959 3263 3186 3334 pudore
3217 3261 3475 3318 afﬁciam
3520 3276 3617 3315 ne-

1967 3364 2084 3419 que
2111 3349 2488 3419 degenerabo
2537 3351 2614 3406 ab
2667 3352 2876 3406 eadem
2927 3351 3273 3406 nobilitate:
3335 3350 3438 3406 sed
3490 3353 3618 3405 tan-

1969 3443 2093 3492 tum
2144 3440 2435 3510 superabo
2467 3439 2817 3502 fortitudine,
2851 3446 3075 3511 quanto
3108 3441 3396 3510 majorem
3428 3439 3619 3494 habeo

1968 3527 2415 3597 experientiam,
2447 3533 2508 3583 ut
2537 3545 2671 3599 quas
2703 3528 2908 3584 Christi
2938 3529 3226 3584 auxilium
3256 3530 3313 3584 in
3341 3530 3423 3583 eis
3470 3528 3620 3583 didi-

1968 3616 2170 3670 cerim!
2198 3616 2360 3669 Hanc
2392 3616 2724 3672 libertatem
2765 3633 2886 3671 non
2929 3617 3057 3672 tulit
3115 3617 3454 3680 sceleratus,
3514 3617 3620 3671 sed

1962 3705 2134 3776 jubet
2165 3705 2446 3774 suspendi
2481 3705 2859 3773 Charitatem,
2905 3711 2960 3760 et
2990 3706 3152 3761 oinni
3188 3722 3259 3759 ex
3301 3710 3467 3775 parte
3519 3721 3618 3759 ex-

1969 3792 2130 3848 tendi
2157 3792 2298 3847 loris
2329 3794 2480 3848 adeo
2520 3799 2582 3848 ut
2635 3793 3046 3848 membrorum
3103 3808 3426 3864 compages
3453 3793 3621 3848 vehe-

1969 3882 2148 3936 menti
2180 3881 2275 3936 illa
2304 3881 2681 3936 contentione
2713 3881 3126 3936 divellerentur
3152 3897 3187 3936 a
3215 3879 3470 3935 naturali
3512 3897 3621 3935 sua

1967 3970 2414 4042 compositione;
2441 3971 2545 4024 sed
2566 3970 2666 4024 Dei
2691 3970 2894 4033 virtus,
2917 3986 3053 4041 quae
3071 3969 3324 4024 aliarum
3347 3983 3621 4023 sororum

1967 4076 2172 4116 curam
2205 4064 2487 4129 gesserat,
2520 4075 2657 4115 cum
2691 4060 2820 4130 ipsa
2849 4075 3087 4131 quoque
3113 4064 3256 4122 erat,
3292 4057 3455 4112 illam
3483 4057 3622 4113 illaa—

1967 4166 2095 4206 sam
2128 4165 2369 4204 servans
2416 4166 2452 4204 a
2497 4147 2687 4203 malis.
2721 4147 3072 4203 Accenditur
3102 4163 3246 4217 ergo
3293 4147 3343 4202 ei
3376 4162 3620 4218 quoque

1969 4238 2174 4294 fornax
2205 4255 2274 4294 ex
2303 4238 2498 4294 omnis
2523 4237 2753 4306 generis
2780 4236 3048 4307 materia,
3070 4253 3207 4291 cum
3235 4237 3284 4290 is
3309 4237 3406 4308 qui
3436 4236 3620 4306 jusse-

1965 4333 2075 4392 rat,
2107 4328 2270 4398 prius
2330 4327 2659 4382 vehementi
2691 4326 2777 4381 ira
2824 4326 3025 4381 fuisset
3078 4327 3395 4390 incensus;
3426 4325 3614 4390 Vides,

1964 4418 2104 4473 dicit
2135 4417 2228 4471 ille
2263 4416 2526 4488 martyri,
2579 4416 2779 4485 ignem
2833 4416 2935 4487 qui
2988 4420 3194 4470 contra
3227 4420 3279 4470 te
3331 4419 3618 4470 movetur.

1965 4510 2091 4563 Non
2142 4506 2362 4578 poteris
2396 4505 2562 4560 aliter
2595 4505 2784 4560 minas
2827 4505 2957 4575 ejus
2989 4503 3268 4572 effugere,
3303 4505 3416 4559 nisi
3463 4503 3624 4576 quod

1965 4597 2292 4666 imperatur
2325 4594 2566 4650 minime
2608 4593 3026 4664 tergiversans,
3061 4591 3336 4648 effectum
3377 4593 3623 4648 reddere

1965 4684 2281 4739 studueris.
2316 4685 2464 4752 Ergo
2496 4689 2696 4738 autem
2725 4688 2775 4738 te
2800 4688 2931 4737 utar
2961 4683 3139 4738 etiam
3170 4681 3501 4750 benignius.
3528 4683 3623 4737 Dic

1965 4774 2124 4828 enim
2155 4771 2349 4826 solum
2385 4787 2395 4824 :
2433 4774 2641 4840 Magna
2677 4772 2882 4837 Diana,
2910 4777 2966 4826 et
2999 4771 3200 4826 statim
3227 4771 3304 4826 ab
3331 4770 3494 4826 omni
3517 4771 3626 4826 cri-

1967 4862 2294 4916 minatione
2349 4859 2713 4914 liberaberis.
2748 4858 2850 4914 llla
2901 4863 3102 4914 autem
3137 4875 3149 4913 :
3186 4859 3364 4922 Absit,
3409 4859 3621 4930 inquit,

1971 4956 2032 5005 ut
2057 4949 2144 5004 vel
2168 4949 2291 5003 solo
2323 4950 2499 5003 verbo
2526 4947 2742 5002 faciam
2767 4948 2969 5019 alquid
3005 4949 3258 5019 impium
3293 4953 3348 5002 et
3380 4947 3620 5002 indeco-

1969 5053 2121 5103 rum,
2147 5042 2202 5092 et
2236 5037 2498 5106 linguam
2553 5036 2649 5091 tali
2678 5036 2940 5106 polluam
2993 5036 3310 5103 locutione,
3365 5051 3498 5108 qua;
3535 5041 3626 5092 est

1971 5126 2160 5182 aliena
2187 5141 2223 5181 a
2253 5124 2469 5196 pietate
2495 5124 2552 5178 in
2585 5139 2744 5188 eum,
2773 5122 2878 5195 qui
2910 5123 3151 5179 creavit.

247 5216 389 5285 μόνῳ
445 5210 649 5263 ἀνόσιόν
693 5231 744 5262 τι
803 5208 1000 5283 δρᾶσαι
1051 5215 1135 5263 καὶ
1194 5209 1436 5283 ἀπρεπὲς,
1468 5216 1556 5262 καὶ
1615 5211 1860 5282 γλῶσσαν
1907 5217 2151 5291 ῥυπῶσαι
2197 5216 2412 5284 τοιούτῳ
2458 5215 2736 5285 φθέγματι,
2779 5211 3027 5286 ἀλλοτρίῳ
3079 5217 3186 5265 ὅντι
3219 5221 3310 5273 τῆς
3357 5217 3487 5286 πρὸς
3536 5215 3624 5265 τὸν

250 5305 576 5356 πεποιηκότα
607 5298 916 5361 θεοσεϐείας.

323 5387 416 5442 II”.
454 5393 518 5441 Τί
560 5393 617 5441 τό
669 5388 766 5440 ἀπό
818 5386 1012 5456 roads;
1041 5392 1171 5452 Τοὺς
1220 5389 1406 5461 λόγους
1453 5389 1612 5461 ἀφεὶς,
1653 5393 1711 5442 τὸ
1757 5393 1856 5444 ὑπὸ

246 5487 343 5533 τοῦ
377 5481 542 5551 θυμοῦ
581 5477 846 5530 κελευσθὲν
891 5478 1068 5543 ἐποίει,
1101 5483 1190 5531 καὶ
1239 5477 1608 5539 ἀκοντίζεσθαι
1662 5483 1855 5539 ταύτην

245 5576 319 5642 τῷ
350 5572 480 5642 πυρὶ
525 5572 888 5642 προσέταττεν.
921 5567 1007 5623 Ἠν
1054 5565 1113 5621 δὲ
1155 5567 1214 5621 οὗ
1265 5571 1386 5630 τοὺς
1430 5567 1852 5642 συλληψομένους

2045 5394 2180 5449 Xlll.
2217 5391 2369 5459 Quid
2406 5389 2670 5446 deinde?
2702 5390 2903 5446 Verbis
2935 5390 3150 5446 relictis
3187 5391 3338 5457 fecit,
3375 5391 3528 5464 quod
3572 5398 3630 5450 et

1963 5481 2219 5553 jubebat
2237 5482 2343 5547 ira,
2373 5487 2430 5537 et
2451 5481 2630 5552 jussit
2657 5495 2789 5535 eam
2812 5479 2930 5550 jaci
2950 5479 3012 5536 in
3035 5481 3256 5551 ignem.
3288 5481 3390 5538 Illa
3424 5487 3627 5538 autem

1968 5584 2092 5628 non
2122 5570 2320 5628 solum
2361 5585 2466 5626 eos
2499 5570 2603 5643 qui
2631 5569 2828 5642 ipsam
2879 5574 3048 5629 erant
3091 5570 3624 5644 comprehensum,
