  <div class='ocr_page' id='page_1' title='image "/cluster/home/n/w/nwhite01/storage/ocr_20150623/115/hvd.32044073502262/261.png"; bbox 0 0 4142 6196; ppageno 0'>
   <div class='ocr_carea' id='block_1_1' title="bbox 516 298 2152 360">
    <p class='ocr_par' dir='ltr' id='par_1_1' title="bbox 516 300 2152 358">
     <span class='ocr_line' id='line_1_1' title="bbox 516 300 2152 358; baseline -0.001 -2"><span class='ocrx_word' id='word_1_1' title='bbox 516 300 617 357; x_wconf 88' lang='grc'>511</span> <span class='ocrx_word' id='word_1_2' title='bbox 1846 300 2108 358; x_wconf 88' lang='lat' dir='ltr'>MENSIS</span> <span class='ocrx_word' id='word_1_3' title='bbox 2146 342 2152 353; x_wconf 55' lang='grc' dir='ltr'>ι</span> 
     </span>
    </p>
   </div>
   <div class='ocr_carea' id='block_1_2' title="bbox 2267 298 3903 360">
    <p class='ocr_par' dir='ltr' id='par_1_2' title="bbox 2267 299 3903 360">
     <span class='ocr_line' id='line_1_2' title="bbox 2267 299 3903 360; baseline -0.001 -4"><span class='ocrx_word' id='word_1_4' title='bbox 2267 299 2545 360; x_wconf 69' lang='grc' dir='ltr'>ΞΠΞΤΗΞ.</span> <span class='ocrx_word' id='word_1_5' title='bbox 3768 301 3903 356; x_wconf 85' lang='grc'>512</span> 
     </span>
    </p>
   </div>
   <div class='ocr_carea' id='block_1_3' title="bbox 520 424 2156 501">
    <p class='ocr_par' dir='ltr' id='par_1_3' title="bbox 520 424 2156 500">
     <span class='ocr_line' id='line_1_3' title="bbox 520 424 2156 500; baseline -0.001 -20"><span class='ocrx_word' id='word_1_6' title='bbox 520 424 623 481; x_wconf 90' lang='lat' dir='ltr'>sed</span> <span class='ocrx_word' id='word_1_7' title='bbox 647 426 1087 497; x_wconf 81' lang='lat' dir='ltr'>propemodum</span> <span class='ocrx_word' id='word_1_8' title='bbox 1108 429 1304 500; x_wconf 89' lang='lat' dir='ltr'>ipsum</span> <span class='ocrx_word' id='word_1_9' title='bbox 1333 429 1504 484; x_wconf 89' lang='lat' dir='ltr'>etiam</span> <span class='ocrx_word' id='word_1_10' title='bbox 1524 429 1757 499; x_wconf 89' lang='lat' dir='ltr'>jussum</span> <span class='ocrx_word' id='word_1_11' title='bbox 1782 425 2156 498; x_wconf 69' lang='lat' dir='ltr'>praeveniens,</span> 
     </span>
    </p>
   </div>
   <div class='ocr_carea' id='block_1_4' title="bbox 2267 424 3903 501">
    <p class='ocr_par' dir='ltr' id='par_1_4' title="bbox 2276 426 3903 501">
     <span class='ocr_line' id='line_1_4' title="bbox 2276 426 3903 501; baseline 0.002 -25"><span class='ocrx_word' id='word_1_12' title='bbox 2276 430 2448 496; x_wconf 85' lang='grc' dir='ltr'>μόνον,</span> <span class='ocrx_word' id='word_1_13' title='bbox 2509 426 2637 480; x_wconf 86' lang='grc' dir='ltr'>ἀλλά</span> <span class='ocrx_word' id='word_1_14' title='bbox 2691 436 2882 501; x_wconf 83' lang='grc' dir='ltr'>μικροῦ</span> <span class='ocrx_word' id='word_1_15' title='bbox 2934 433 3022 480; x_wconf 82' lang='grc' dir='ltr'>καὶ</span> <span class='ocrx_word' id='word_1_16' title='bbox 3082 428 3207 480; x_wconf 71' lang='grc' dir='ltr'>αὑτό</span> <span class='ocrx_word' id='word_1_17' title='bbox 3264 432 3321 480; x_wconf 88' lang='grc' dir='ltr'>τὸ</span> <span class='ocrx_word' id='word_1_18' title='bbox 3379 431 3694 500; x_wconf 72' lang='grc' dir='ltr'>πρόσταγμα</span> <span class='ocrx_word' id='word_1_19' title='bbox 3748 428 3903 499; x_wconf 63' lang='lat'>9602-</span> 
     </span>
    </p>
   </div>
   <div class='ocr_carea' id='block_1_5' title="bbox 519 514 2155 589">
    <p class='ocr_par' dir='ltr' id='par_1_5' title="bbox 519 514 2155 589">
     <span class='ocr_line' id='line_1_5' title="bbox 519 514 2155 589; baseline -0.002 -19"><span class='ocrx_word' id='word_1_20' title='bbox 519 514 579 570; x_wconf 89' lang='lat' dir='ltr'>in</span> <span class='ocrx_word' id='word_1_21' title='bbox 626 515 887 572; x_wconf 90' lang='lat' dir='ltr'>mediam</span> <span class='ocrx_word' id='word_1_22' title='bbox 933 516 1243 572; x_wconf 90' lang='lat' dir='ltr'>ﬂammam</span> <span class='ocrx_word' id='word_1_23' title='bbox 1276 518 1517 581; x_wconf 85' lang='lat' dir='ltr'>insiluit,</span> <span class='ocrx_word' id='word_1_24' title='bbox 1551 523 1843 589; x_wconf 84' lang='lat' dir='ltr'>tanquam</span> <span class='ocrx_word' id='word_1_25' title='bbox 1874 516 1931 570; x_wconf 91' lang='lat' dir='ltr'>in</span> <span class='ocrx_word' id='word_1_26' title='bbox 1983 530 2155 586; x_wconf 68' lang='lat' dir='ltr'>aqua:</span> 
     </span>
    </p>
   </div>
   <div class='ocr_carea' id='block_1_6' title="bbox 2260 514 3896 589">
    <p class='ocr_par' dir='ltr' id='par_1_6' title="bbox 2277 515 3896 589">
     <span class='ocr_line' id='line_1_6' title="bbox 2277 515 3896 589; baseline 0.001 -24"><span class='ocrx_word' id='word_1_27' title='bbox 2277 534 2459 583; x_wconf 82' lang='grc' dir='ltr'>νουσα,</span> <span class='ocrx_word' id='word_1_28' title='bbox 2520 515 2601 568; x_wconf 83' lang='grc' dir='ltr'>ἐπὶ</span> <span class='ocrx_word' id='word_1_29' title='bbox 2673 522 2838 589; x_wconf 82' lang='grc' dir='ltr'>μέσης</span> <span class='ocrx_word' id='word_1_30' title='bbox 2910 518 3068 576; x_wconf 74' lang='grc' dir='ltr'>ἥλατο</span> <span class='ocrx_word' id='word_1_31' title='bbox 3140 526 3234 578; x_wconf 87' lang='grc' dir='ltr'>τῆς</span> <span class='ocrx_word' id='word_1_32' title='bbox 3299 516 3504 587; x_wconf 79' lang='grc' dir='ltr'>φλογὸς,</span> <span class='ocrx_word' id='word_1_33' title='bbox 3561 518 3732 589; x_wconf 81' lang='grc' dir='ltr'>ὥσπερ</span> <span class='ocrx_word' id='word_1_34' title='bbox 3788 516 3896 567; x_wconf 80' lang='grc' dir='ltr'>ἐπὶ</span> 
     </span>
    </p>
   </div>
   <div class='ocr_carea' id='block_1_7' title="bbox 523 603 2159 679">
    <p class='ocr_par' dir='ltr' id='par_1_7' title="bbox 523 605 2159 675">
     <span class='ocr_line' id='line_1_7' title="bbox 523 605 2159 675; baseline 0.001 -16"><span class='ocrx_word' id='word_1_35' title='bbox 523 605 742 660; x_wconf 89' lang='lat' dir='ltr'>calidas</span> <span class='ocrx_word' id='word_1_36' title='bbox 774 612 827 660; x_wconf 89' lang='lat' dir='ltr'>et</span> <span class='ocrx_word' id='word_1_37' title='bbox 862 607 1095 661; x_wconf 82' lang='lat' dir='ltr'>lavacra</span> <span class='ocrx_word' id='word_1_38' title='bbox 1123 607 1507 661; x_wconf 89' lang='lat' dir='ltr'>suavissima.</span> <span class='ocrx_word' id='word_1_39' title='bbox 1536 608 1809 663; x_wconf 86' lang='lat' dir='ltr'>Protinus</span> <span class='ocrx_word' id='word_1_40' title='bbox 1837 624 1977 675; x_wconf 78' lang='lat' dir='ltr'>ergo</span> <span class='ocrx_word' id='word_1_41' title='bbox 2008 607 2159 661; x_wconf 88' lang='lat' dir='ltr'>ﬂam-</span> 
     </span>
    </p>
   </div>
   <div class='ocr_carea' id='block_1_8' title="bbox 2270 603 3906 679">
    <p class='ocr_par' dir='ltr' id='par_1_8' title="bbox 2283 603 3906 679">
     <span class='ocr_line' id='line_1_8' title="bbox 2283 603 3906 679; baseline -0.001 -24"><span class='ocrx_word' id='word_1_42' title='bbox 2283 605 2477 678; x_wconf 86' lang='grc' dir='ltr'>θερμῶν</span> <span class='ocrx_word' id='word_1_43' title='bbox 2553 603 2759 658; x_wconf 79' lang='grc' dir='ltr'>ὑδάτων</span> <span class='ocrx_word' id='word_1_44' title='bbox 2816 613 2905 659; x_wconf 84' lang='grc' dir='ltr'>καὶ</span> <span class='ocrx_word' id='word_1_45' title='bbox 2981 606 3204 679; x_wconf 79' lang='grc' dir='ltr'>λουτρῶν</span> <span class='ocrx_word' id='word_1_46' title='bbox 3271 605 3491 665; x_wconf 74' lang='grc' dir='ltr'>ἣδιστα.</span> <span class='ocrx_word' id='word_1_47' title='bbox 3575 609 3906 679; x_wconf 78' lang='grc' dir='ltr'>Παραυτίκα</span> 
     </span>
    </p>
   </div>
   <div class='ocr_carea' id='block_1_9' title="bbox 525 692 2161 767">
    <p class='ocr_par' dir='ltr' id='par_1_9' title="bbox 525 694 2161 767">
     <span class='ocr_line' id='line_1_9' title="bbox 525 694 2161 767; baseline 0 -18"><span class='ocrx_word' id='word_1_48' title='bbox 525 711 623 749; x_wconf 90' lang='lat' dir='ltr'>ma</span> <span class='ocrx_word' id='word_1_49' title='bbox 666 696 907 765; x_wconf 79' lang='lat' dir='ltr'>quidem</span> <span class='ocrx_word' id='word_1_50' title='bbox 939 694 1408 759; x_wconf 80' lang='lat' dir='ltr'>diffundebatur,</span> <span class='ocrx_word' id='word_1_51' title='bbox 1442 702 1496 751; x_wconf 91' lang='lat' dir='ltr'>et</span> <span class='ocrx_word' id='word_1_52' title='bbox 1527 696 2020 767; x_wconf 90' lang='lat' dir='ltr'>apprehendebat</span> <span class='ocrx_word' id='word_1_53' title='bbox 2073 711 2161 750; x_wconf 76' lang='lat' dir='ltr'>eos</span> 
     </span>
    </p>
   </div>
   <div class='ocr_carea' id='block_1_10' title="bbox 2266 692 3902 767">
    <p class='ocr_par' dir='ltr' id='par_1_10' title="bbox 2278 692 3902 767">
     <span class='ocr_line' id='line_1_10' title="bbox 2278 692 3902 767; baseline -0.001 -23"><span class='ocrx_word' id='word_1_54' title='bbox 2278 702 2403 764; x_wconf 74' lang='grc' dir='ltr'>γοῦν</span> <span class='ocrx_word' id='word_1_55' title='bbox 2453 696 2481 752; x_wconf 84' lang='grc' dir='ltr'>ἡ</span> <span class='ocrx_word' id='word_1_56' title='bbox 2543 698 2631 766; x_wconf 76' lang='grc' dir='ltr'>μὲν</span> <span class='ocrx_word' id='word_1_57' title='bbox 2687 695 2812 767; x_wconf 84' lang='grc' dir='ltr'>φλόξ</span> <span class='ocrx_word' id='word_1_58' title='bbox 2881 692 3133 767; x_wconf 81' lang='grc' dir='ltr'>διεχεῖτο,</span> <span class='ocrx_word' id='word_1_59' title='bbox 3193 701 3282 747; x_wconf 87' lang='grc' dir='ltr'>καὶ</span> <span class='ocrx_word' id='word_1_60' title='bbox 3351 704 3449 745; x_wconf 87' lang='grc' dir='ltr'>τῶν</span> <span class='ocrx_word' id='word_1_61' title='bbox 3523 700 3902 767; x_wconf 76' lang='grc' dir='ltr'>περιεστώτων</span> 
     </span>
    </p>
   </div>
   <div class='ocr_carea' id='block_1_11' title="bbox 525 780 2161 858">
    <p class='ocr_par' dir='ltr' id='par_1_11' title="bbox 525 783 2161 858">
     <span class='ocr_line' id='line_1_11' title="bbox 525 783 2161 858; baseline 0.001 -20"><span class='ocrx_word' id='word_1_62' title='bbox 525 784 617 853; x_wconf 89' lang='lat' dir='ltr'>qui</span> <span class='ocrx_word' id='word_1_63' title='bbox 631 783 1537 854; x_wconf 85' lang='lat' dir='ltr'>circumstabant.Tetigitautem</span> <span class='ocrx_word' id='word_1_64' title='bbox 1554 786 1914 856; x_wconf 88' lang='lat' dir='ltr'>ignisipsum</span> <span class='ocrx_word' id='word_1_65' title='bbox 1931 800 2161 858; x_wconf 74' lang='lat' dir='ltr'>quoque</span> 
     </span>
    </p>
   </div>
   <div class='ocr_carea' id='block_1_12' title="bbox 2264 780 3900 858">
    <p class='ocr_par' dir='ltr' id='par_1_12' title="bbox 2283 780 3900 855">
     <span class='ocr_line' id='line_1_12' title="bbox 2283 780 3900 855; baseline 0 -22"><span class='ocrx_word' id='word_1_66' title='bbox 2283 782 2690 855; x_wconf 75' lang='grc' dir='ltr'>ἐπελαμϐάνετο·</span> <span class='ocrx_word' id='word_1_67' title='bbox 2725 788 2913 843; x_wconf 76' lang='grc' dir='ltr'>ἧπτετο</span> <span class='ocrx_word' id='word_1_68' title='bbox 2964 782 3021 837; x_wconf 75' lang='grc' dir='ltr'>δὲ</span> <span class='ocrx_word' id='word_1_69' title='bbox 3065 790 3153 837; x_wconf 86' lang='grc' dir='ltr'>καὶ</span> <span class='ocrx_word' id='word_1_70' title='bbox 3203 785 3358 835; x_wconf 67' lang='grc' dir='ltr'>αὐτοῦ</span> <span class='ocrx_word' id='word_1_71' title='bbox 3406 791 3496 835; x_wconf 80' lang='grc' dir='ltr'>τοῦ</span> <span class='ocrx_word' id='word_1_72' title='bbox 3548 780 3900 845; x_wconf 78' lang='grc' dir='ltr'>δικάζοντος,</span> 
     </span>
    </p>
   </div>
   <div class='ocr_carea' id='block_1_13' title="bbox 517 871 2153 945">
    <p class='ocr_par' dir='ltr' id='par_1_13' title="bbox 517 872 2153 945">
     <span class='ocr_line' id='line_1_13' title="bbox 517 872 2153 945; baseline -0.001 -19"><span class='ocrx_word' id='word_1_73' title='bbox 517 873 932 942; x_wconf 88' lang='lat' dir='ltr'>judicem,tum</span> <span class='ocrx_word' id='word_1_74' title='bbox 960 877 1021 927; x_wconf 86' lang='lat' dir='ltr'>ut</span> <span class='ocrx_word' id='word_1_75' title='bbox 1038 872 1410 929; x_wconf 81' lang='lat' dir='ltr'>ulcisceretur</span> <span class='ocrx_word' id='word_1_76' title='bbox 1431 875 1950 945; x_wconf 89' lang='lat' dir='ltr'>impietatem,tum</span> <span class='ocrx_word' id='word_1_77' title='bbox 1972 881 2029 928; x_wconf 92' lang='lat' dir='ltr'>ut</span> <span class='ocrx_word' id='word_1_78' title='bbox 2048 874 2153 944; x_wconf 65' lang='lat' dir='ltr'>ipse</span> 
     </span>
    </p>
   </div>
   <div class='ocr_carea' id='block_1_14' title="bbox 2263 871 3899 945">
    <p class='ocr_par' dir='ltr' id='par_1_14' title="bbox 2283 871 3899 945">
     <span class='ocr_line' id='line_1_14' title="bbox 2283 871 3899 945; baseline 0 -24"><span class='ocrx_word' id='word_1_79' title='bbox 2283 871 2393 943; x_wconf 82' lang='grc' dir='ltr'>οἶμα</span> <span class='ocrx_word' id='word_1_80' title='bbox 2450 876 2540 943; x_wconf 74' lang='grc' dir='ltr'>μὲν</span> <span class='ocrx_word' id='word_1_81' title='bbox 2594 878 2685 931; x_wconf 74' lang='grc' dir='ltr'>τὴν</span> <span class='ocrx_word' id='word_1_82' title='bbox 2754 873 2988 925; x_wconf 77' lang='grc' dir='ltr'>ἀσέϐειαν</span> <span class='ocrx_word' id='word_1_83' title='bbox 3072 873 3404 945; x_wconf 84' lang='grc' dir='ltr'>ἀμυνόμενον,</span> <span class='ocrx_word' id='word_1_84' title='bbox 3460 877 3549 923; x_wconf 89' lang='grc' dir='ltr'>καὶ</span> <span class='ocrx_word' id='word_1_85' title='bbox 3620 877 3745 945; x_wconf 87' lang='grc' dir='ltr'>πρὸς</span> <span class='ocrx_word' id='word_1_86' title='bbox 3823 872 3899 922; x_wconf 80' lang='grc' dir='ltr'>τὸ</span> 
     </span>
    </p>
   </div>
   <div class='ocr_carea' id='block_1_15' title="bbox 527 956 2163 1036">
    <p class='ocr_par' dir='ltr' id='par_1_15' title="bbox 527 961 2163 1036">
     <span class='ocr_line' id='line_1_15' title="bbox 527 961 2163 1036; baseline 0.001 -21"><span class='ocrx_word' id='word_1_87' title='bbox 527 961 771 1017; x_wconf 91' lang='lat' dir='ltr'>minime</span> <span class='ocrx_word' id='word_1_88' title='bbox 801 963 1118 1027; x_wconf 71' lang='lat' dir='ltr'>dubitaret,</span> <span class='ocrx_word' id='word_1_89' title='bbox 1154 965 1256 1019; x_wconf 91' lang='lat' dir='ltr'>sed</span> <span class='ocrx_word' id='word_1_90' title='bbox 1280 968 1538 1019; x_wconf 84' lang='lat' dir='ltr'>uteretur</span> <span class='ocrx_word' id='word_1_91' title='bbox 1568 965 1764 1036; x_wconf 87' lang='lat' dir='ltr'>seipso</span> <span class='ocrx_word' id='word_1_92' title='bbox 1792 969 1934 1019; x_wconf 89' lang='lat' dir='ltr'>teste</span> <span class='ocrx_word' id='word_1_93' title='bbox 1957 963 2163 1017; x_wconf 73' lang='lat' dir='ltr'>divina:</span> 
     </span>
    </p>
   </div>
   <div class='ocr_carea' id='block_1_16' title="bbox 2264 956 3900 1036">
    <p class='ocr_par' dir='ltr' id='par_1_16' title="bbox 2283 956 3900 1034">
     <span class='ocr_line' id='line_1_16' title="bbox 2283 956 3900 1034; baseline -0.001 -22"><span class='ocrx_word' id='word_1_94' title='bbox 2283 956 2449 1031; x_wconf 73' lang='grc' dir='ltr'>μηδὲν</span> <span class='ocrx_word' id='word_1_95' title='bbox 2504 962 2657 1013; x_wconf 75' lang='grc' dir='ltr'>αὐτὸν</span> <span class='ocrx_word' id='word_1_96' title='bbox 2714 960 2995 1034; x_wconf 78' lang='grc' dir='ltr'>ἀμφίϐολον</span> <span class='ocrx_word' id='word_1_97' title='bbox 3051 966 3211 1033; x_wconf 83' lang='grc' dir='ltr'>ἔχειν,</span> <span class='ocrx_word' id='word_1_98' title='bbox 3268 960 3373 1013; x_wconf 85' lang='grc' dir='ltr'>ἀλλ’</span> <span class='ocrx_word' id='word_1_99' title='bbox 3436 961 3600 1029; x_wconf 81' lang='grc' dir='ltr'>ἐαυτῷ</span> <span class='ocrx_word' id='word_1_100' title='bbox 3652 962 3900 1033; x_wconf 77' lang='grc' dir='ltr'>μάρτυρι</span> 
     </span>
    </p>
   </div>
   <div class='ocr_carea' id='block_1_17' title="bbox 528 1046 2164 1125">
    <p class='ocr_par' dir='ltr' id='par_1_17' title="bbox 528 1050 2164 1125">
     <span class='ocr_line' id='line_1_17' title="bbox 528 1050 2164 1125; baseline 0.001 -20"><span class='ocrx_word' id='word_1_101' title='bbox 528 1051 827 1121; x_wconf 82' lang='lat' dir='ltr'>potentiae.</span> <span class='ocrx_word' id='word_1_102' title='bbox 862 1053 951 1108; x_wconf 91' lang='lat' dir='ltr'>Sic</span> <span class='ocrx_word' id='word_1_103' title='bbox 983 1068 1121 1123; x_wconf 91' lang='lat' dir='ltr'>ergo</span> <span class='ocrx_word' id='word_1_104' title='bbox 1160 1070 1253 1107; x_wconf 89' lang='lat' dir='ltr'>res</span> <span class='ocrx_word' id='word_1_105' title='bbox 1308 1053 1553 1125; x_wconf 88' lang='lat' dir='ltr'>quidem</span> <span class='ocrx_word' id='word_1_106' title='bbox 1584 1052 1908 1125; x_wconf 90' lang='lat' dir='ltr'>impiorum</span> <span class='ocrx_word' id='word_1_107' title='bbox 1954 1050 2164 1107; x_wconf 82' lang='lat' dir='ltr'>afﬁcie-</span> 
     </span>
    </p>
   </div>
   <div class='ocr_carea' id='block_1_18' title="bbox 2265 1046 3901 1125">
    <p class='ocr_par' dir='ltr' id='par_1_18' title="bbox 2284 1046 3901 1122">
     <span class='ocr_line' id='line_1_18' title="bbox 2284 1046 3901 1122; baseline -0.001 -20"><span class='ocrx_word' id='word_1_108' title='bbox 2284 1052 2526 1122; x_wconf 82' lang='grc' dir='ltr'>χρῆσθαι</span> <span class='ocrx_word' id='word_1_109' title='bbox 2565 1059 2660 1113; x_wconf 83' lang='grc' dir='ltr'>τῆς</span> <span class='ocrx_word' id='word_1_110' title='bbox 2704 1060 2796 1103; x_wconf 79' lang='grc' dir='ltr'>τοῦ</span> <span class='ocrx_word' id='word_1_111' title='bbox 2842 1059 2975 1103; x_wconf 75' lang='grc' dir='ltr'>Θεοῦ</span> <span class='ocrx_word' id='word_1_112' title='bbox 3025 1049 3311 1122; x_wconf 81' lang='grc' dir='ltr'>δυνάμεως.</span> <span class='ocrx_word' id='word_1_113' title='bbox 3347 1050 3526 1112; x_wconf 74' lang='grc' dir='ltr'>Οὕτως</span> <span class='ocrx_word' id='word_1_114' title='bbox 3570 1046 3655 1101; x_wconf 76' lang='grc' dir='ltr'>οὖν</span> <span class='ocrx_word' id='word_1_115' title='bbox 3698 1052 3763 1101; x_wconf 82' lang='grc' dir='ltr'>τὰ</span> <span class='ocrx_word' id='word_1_116' title='bbox 3793 1052 3901 1118; x_wconf 69' lang='grc' dir='ltr'>μὲν</span> 
     </span>
    </p>
   </div>
   <div class='ocr_carea' id='block_1_19' title="bbox 527 1126 2163 1213">
    <p class='ocr_par' dir='ltr' id='par_1_19' title="bbox 527 1140 2163 1213">
     <span class='ocr_line' id='line_1_19' title="bbox 527 1140 2163 1213; baseline 0.001 -18"><span class='ocrx_word' id='word_1_117' title='bbox 527 1140 745 1196; x_wconf 89' lang='lat' dir='ltr'>bantur</span> <span class='ocrx_word' id='word_1_118' title='bbox 782 1141 1113 1209; x_wconf 88' lang='lat' dir='ltr'>dedecore;</span> <span class='ocrx_word' id='word_1_119' title='bbox 1157 1142 1596 1212; x_wconf 86' lang='lat' dir='ltr'>gloriﬁcabatnr</span> <span class='ocrx_word' id='word_1_120' title='bbox 1634 1149 1833 1199; x_wconf 88' lang='lat' dir='ltr'>autem</span> <span class='ocrx_word' id='word_1_121' title='bbox 1877 1145 2030 1197; x_wconf 87' lang='lat' dir='ltr'>Deus</span> <span class='ocrx_word' id='word_1_122' title='bbox 2075 1157 2163 1213; x_wconf 77' lang='lat' dir='ltr'>pel</span> 
     </span>
    </p>
   </div>
   <div class='ocr_carea' id='block_1_20' title="bbox 2264 1126 3900 1213">
    <p class='ocr_par' dir='ltr' id='par_1_20' title="bbox 2284 1135 3900 1213">
     <span class='ocr_line' id='line_1_20' title="bbox 2284 1135 3900 1213; baseline 0 -24"><span class='ocrx_word' id='word_1_123' title='bbox 2284 1147 2383 1189; x_wconf 87' lang='grc' dir='ltr'>τῶν</span> <span class='ocrx_word' id='word_1_124' title='bbox 2443 1138 2640 1191; x_wconf 78' lang='grc' dir='ltr'>ἀσεϐῶν</span> <span class='ocrx_word' id='word_1_125' title='bbox 2694 1144 3079 1213; x_wconf 76' lang='grc' dir='ltr'>κατῃσχύνετο,</span> <span class='ocrx_word' id='word_1_126' title='bbox 3136 1145 3266 1200; x_wconf 96' lang='grc' dir='ltr'>Θεὸς</span> <span class='ocrx_word' id='word_1_127' title='bbox 3317 1136 3374 1191; x_wconf 73' lang='grc' dir='ltr'>δὲ</span> <span class='ocrx_word' id='word_1_128' title='bbox 3429 1135 3523 1191; x_wconf 81' lang='grc' dir='ltr'>διὰ</span> <span class='ocrx_word' id='word_1_129' title='bbox 3577 1146 3671 1200; x_wconf 84' lang='grc' dir='ltr'>τῆς</span> <span class='ocrx_word' id='word_1_130' title='bbox 3722 1138 3900 1189; x_wconf 69' lang='grc' dir='ltr'>αὐτοῦ</span> 
     </span>
    </p>
   </div>
   <div class='ocr_carea' id='block_1_21' title="bbox 529 1225 2165 1303">
    <p class='ocr_par' dir='ltr' id='par_1_21' title="bbox 529 1230 2165 1303">
     <span class='ocr_line' id='line_1_21' title="bbox 529 1230 2165 1303; baseline 0.001 -19"><span class='ocrx_word' id='word_1_131' title='bbox 529 1246 699 1285; x_wconf 88' lang='lat' dir='ltr'>suam</span> <span class='ocrx_word' id='word_1_132' title='bbox 759 1235 1107 1303; x_wconf 83' lang='lat' dir='ltr'>martyrem.</span> <span class='ocrx_word' id='word_1_133' title='bbox 1152 1232 1340 1287; x_wconf 85' lang='lat' dir='ltr'>Judici</span> <span class='ocrx_word' id='word_1_134' title='bbox 1382 1237 1580 1287; x_wconf 88' lang='lat' dir='ltr'>autem</span> <span class='ocrx_word' id='word_1_135' title='bbox 1624 1232 1779 1287; x_wconf 85' lang='lat' dir='ltr'>male</span> <span class='ocrx_word' id='word_1_136' title='bbox 1807 1248 1868 1286; x_wconf 86' lang='lat' dir='ltr'>se</span> <span class='ocrx_word' id='word_1_137' title='bbox 1918 1230 2165 1287; x_wconf 86' lang='lat' dir='ltr'>habebat</span> 
     </span>
    </p>
   </div>
   <div class='ocr_carea' id='block_1_22' title="bbox 2268 1225 3904 1303">
    <p class='ocr_par' dir='ltr' id='par_1_22' title="bbox 2286 1225 3904 1301">
     <span class='ocr_line' id='line_1_22' title="bbox 2286 1225 3904 1301; baseline 0 -22"><span class='ocrx_word' id='word_1_138' title='bbox 2286 1230 2548 1300; x_wconf 87' lang='grc' dir='ltr'>μάρτυρος</span> <span class='ocrx_word' id='word_1_139' title='bbox 2598 1226 2903 1292; x_wconf 71' lang='grc' dir='ltr'>ἐδοξάζετο·</span> <span class='ocrx_word' id='word_1_140' title='bbox 2936 1228 3047 1301; x_wconf 78' lang='grc' dir='ltr'>εἶχε</span> <span class='ocrx_word' id='word_1_141' title='bbox 3097 1226 3156 1281; x_wconf 71' lang='grc' dir='ltr'>δε</span> <span class='ocrx_word' id='word_1_142' title='bbox 3201 1234 3289 1281; x_wconf 86' lang='grc' dir='ltr'>καὶ</span> <span class='ocrx_word' id='word_1_143' title='bbox 3337 1238 3408 1299; x_wconf 83' lang='grc' dir='ltr'>τῷ</span> <span class='ocrx_word' id='word_1_144' title='bbox 3459 1225 3686 1300; x_wconf 71' lang='grc' dir='ltr'>δικαστῇ</span> <span class='ocrx_word' id='word_1_145' title='bbox 3728 1232 3904 1284; x_wconf 75' lang='grc' dir='ltr'>πονή-</span> 
     </span>
    </p>
   </div>
   <div class='ocr_carea' id='block_1_23' title="bbox 531 1318 2167 1393">
    <p class='ocr_par' dir='ltr' id='par_1_23' title="bbox 531 1319 2167 1393">
     <span class='ocr_line' id='line_1_23' title="bbox 531 1319 2167 1393; baseline -0.002 -19"><span class='ocrx_word' id='word_1_146' title='bbox 531 1335 595 1374; x_wconf 84' lang='lat' dir='ltr'>ea</span> <span class='ocrx_word' id='word_1_147' title='bbox 628 1335 766 1390; x_wconf 90' lang='lat' dir='ltr'>pars</span> <span class='ocrx_word' id='word_1_148' title='bbox 799 1320 1084 1393; x_wconf 88' lang='lat' dir='ltr'>corporis,</span> <span class='ocrx_word' id='word_1_149' title='bbox 1117 1336 1302 1392; x_wconf 91' lang='lat' dir='ltr'>quam</span> <span class='ocrx_word' id='word_1_150' title='bbox 1344 1321 1592 1376; x_wconf 88' lang='lat' dir='ltr'>ﬂamma</span> <span class='ocrx_word' id='word_1_151' title='bbox 1614 1324 1901 1390; x_wconf 85' lang='lat' dir='ltr'>tetigerat,</span> <span class='ocrx_word' id='word_1_152' title='bbox 1924 1327 1978 1375; x_wconf 91' lang='lat' dir='ltr'>et</span> <span class='ocrx_word' id='word_1_153' title='bbox 2007 1319 2167 1375; x_wconf 89' lang='lat' dir='ltr'>mittit</span> 
     </span>
    </p>
   </div>
   <div class='ocr_carea' id='block_1_24' title="bbox 2273 1318 3909 1393">
    <p class='ocr_par' dir='ltr' id='par_1_24' title="bbox 2287 1318 3909 1392">
     <span class='ocr_line' id='line_1_24' title="bbox 2287 1318 3909 1392; baseline -0.001 -24"><span class='ocrx_word' id='word_1_154' title='bbox 2287 1336 2387 1391; x_wconf 91' lang='grc' dir='ltr'>ρως</span> <span class='ocrx_word' id='word_1_155' title='bbox 2436 1321 2494 1369; x_wconf 88' lang='grc' dir='ltr'>τὸ</span> <span class='ocrx_word' id='word_1_156' title='bbox 2549 1318 2958 1392; x_wconf 81' lang='grc' dir='ltr'>παραπολαῦσαν</span> <span class='ocrx_word' id='word_1_157' title='bbox 3001 1328 3097 1381; x_wconf 81' lang='grc' dir='ltr'>τῆς</span> <span class='ocrx_word' id='word_1_158' title='bbox 3142 1319 3323 1391; x_wconf 86' lang='grc' dir='ltr'>φλογὸς</span> <span class='ocrx_word' id='word_1_159' title='bbox 3370 1322 3521 1390; x_wconf 81' lang='grc' dir='ltr'>μέρος</span> <span class='ocrx_word' id='word_1_160' title='bbox 3563 1325 3659 1369; x_wconf 71' lang='grc' dir='ltr'>ταῦ</span> <span class='ocrx_word' id='word_1_161' title='bbox 3711 1323 3909 1388; x_wconf 80' lang='grc' dir='ltr'>σῶμα-</span> 
     </span>
    </p>
   </div>
   <div class='ocr_carea' id='block_1_25' title="bbox 529 1402 2165 1480">
    <p class='ocr_par' dir='ltr' id='par_1_25' title="bbox 529 1408 2159 1480">
     <span class='ocr_line' id='line_1_25' title="bbox 529 1408 2159 1480; baseline 0.001 -18"><span class='ocrx_word' id='word_1_162' title='bbox 529 1409 1243 1480; x_wconf 89' lang='lat' dir='ltr'>quosdam,quisanctam</span> <span class='ocrx_word' id='word_1_163' title='bbox 1258 1410 1641 1465; x_wconf 88' lang='lat' dir='ltr'>adducerent.</span> <span class='ocrx_word' id='word_1_164' title='bbox 1659 1410 1768 1474; x_wconf 88' lang='lat' dir='ltr'>Qui</span> <span class='ocrx_word' id='word_1_165' title='bbox 1790 1414 1986 1464; x_wconf 90' lang='lat' dir='ltr'>autem</span> <span class='ocrx_word' id='word_1_166' title='bbox 2016 1408 2159 1463; x_wconf 87' lang='lat' dir='ltr'>miss</span> 
     </span>
    </p>
   </div>
   <div class='ocr_carea' id='block_1_26' title="bbox 2270 1402 3906 1480">
    <p class='ocr_par' dir='ltr' id='par_1_26' title="bbox 2288 1402 3906 1480">
     <span class='ocr_line' id='line_1_26' title="bbox 2288 1402 3906 1480; baseline 0 -22"><span class='ocrx_word' id='word_1_167' title='bbox 2288 1426 2396 1473; x_wconf 85' lang='grc' dir='ltr'>τος,</span> <span class='ocrx_word' id='word_1_168' title='bbox 2456 1412 2545 1459; x_wconf 82' lang='grc' dir='ltr'>καὶ</span> <span class='ocrx_word' id='word_1_169' title='bbox 2595 1412 2781 1480; x_wconf 84' lang='grc' dir='ltr'>πέμπει</span> <span class='ocrx_word' id='word_1_170' title='bbox 2839 1410 2981 1469; x_wconf 88' lang='grc' dir='ltr'>τινάς</span> <span class='ocrx_word' id='word_1_171' title='bbox 3037 1408 3254 1470; x_wconf 77' lang='grc' dir='ltr'>ἄξοντας</span> <span class='ocrx_word' id='word_1_172' title='bbox 3305 1412 3398 1465; x_wconf 82' lang='grc' dir='ltr'>τὴν</span> <span class='ocrx_word' id='word_1_173' title='bbox 3477 1407 3649 1477; x_wconf 80' lang='grc' dir='ltr'>ἁγίαν.</span> <span class='ocrx_word' id='word_1_174' title='bbox 3706 1409 3771 1458; x_wconf 75' lang='lat' dir='ltr'>Oi.</span> <span class='ocrx_word' id='word_1_175' title='bbox 3830 1402 3906 1458; x_wconf 69' lang='grc' dir='ltr'>δὲ</span> 
     </span>
    </p>
   </div>
   <div class='ocr_carea' id='block_1_27' title="bbox 532 1495 2168 1570">
    <p class='ocr_par' dir='ltr' id='par_1_27' title="bbox 532 1496 2168 1570">
     <span class='ocr_line' id='line_1_27' title="bbox 532 1496 2168 1570; baseline 0.001 -18"><span class='ocrx_word' id='word_1_176' title='bbox 532 1496 784 1561; x_wconf 87' lang='lat' dir='ltr'>fuerant,</span> <span class='ocrx_word' id='word_1_177' title='bbox 804 1498 1001 1553; x_wconf 89' lang='lat' dir='ltr'>vident</span> <span class='ocrx_word' id='word_1_178' title='bbox 1016 1499 1314 1570; x_wconf 88' lang='lat' dir='ltr'>quosdam</span> <span class='ocrx_word' id='word_1_179' title='bbox 1332 1499 1605 1555; x_wconf 87' lang='lat' dir='ltr'>candidis</span> <span class='ocrx_word' id='word_1_180' title='bbox 1626 1499 1864 1553; x_wconf 88' lang='lat' dir='ltr'>indutos</span> <span class='ocrx_word' id='word_1_181' title='bbox 1895 1497 2168 1561; x_wconf 88' lang='lat' dir='ltr'>vestibus</span> 
     </span>
    </p>
   </div>
   <div class='ocr_carea' id='block_1_28' title="bbox 2271 1495 3907 1570">
    <p class='ocr_par' dir='ltr' id='par_1_28' title="bbox 2289 1495 3907 1569">
     <span class='ocr_line' id='line_1_28' title="bbox 2289 1495 3907 1569; baseline -0.001 -21"><span class='ocrx_word' id='word_1_182' title='bbox 2289 1499 2599 1569; x_wconf 79' lang='grc' dir='ltr'>πεμφθέντες</span> <span class='ocrx_word' id='word_1_183' title='bbox 2659 1498 3099 1569; x_wconf 75' lang='grc' dir='ltr'>λευκημονοῡντας</span> <span class='ocrx_word' id='word_1_184' title='bbox 3177 1498 3342 1569; x_wconf 82' lang='grc' dir='ltr'>ἐώρων</span> <span class='ocrx_word' id='word_1_185' title='bbox 3412 1500 3552 1557; x_wconf 81' lang='grc' dir='ltr'>τινὰς</span> <span class='ocrx_word' id='word_1_186' title='bbox 3628 1495 3907 1568; x_wconf 67' lang='grc' dir='ltr'>εὐπροσὼ-</span> 
     </span>
    </p>
   </div>
   <div class='ocr_carea' id='block_1_29' title="bbox 534 1584 2170 1662">
    <p class='ocr_par' dir='ltr' id='par_1_29' title="bbox 534 1587 2170 1660">
     <span class='ocr_line' id='line_1_29' title="bbox 534 1587 2170 1660; baseline 0.001 -19"><span class='ocrx_word' id='word_1_187' title='bbox 534 1587 789 1655; x_wconf 88' lang='lat' dir='ltr'>eleganti</span> <span class='ocrx_word' id='word_1_188' title='bbox 819 1593 872 1643; x_wconf 91' lang='lat' dir='ltr'>et</span> <span class='ocrx_word' id='word_1_189' title='bbox 901 1588 1152 1643; x_wconf 88' lang='lat' dir='ltr'>honesta</span> <span class='ocrx_word' id='word_1_190' title='bbox 1182 1589 1396 1660; x_wconf 83' lang='lat' dir='ltr'>specie,</span> <span class='ocrx_word' id='word_1_191' title='bbox 1430 1588 1532 1660; x_wconf 89' lang='lat' dir='ltr'>qui</span> <span class='ocrx_word' id='word_1_192' title='bbox 1561 1587 1653 1643; x_wconf 90' lang='lat' dir='ltr'>vel</span> <span class='ocrx_word' id='word_1_193' title='bbox 1681 1587 1807 1643; x_wconf 90' lang='lat' dir='ltr'>sola</span> <span class='ocrx_word' id='word_1_194' title='bbox 1854 1587 2049 1641; x_wconf 85' lang='lat' dir='ltr'>forma</span> <span class='ocrx_word' id='word_1_195' title='bbox 2082 1603 2170 1658; x_wconf 93' lang='lat' dir='ltr'>po-</span> 
     </span>
    </p>
   </div>
   <div class='ocr_carea' id='block_1_30' title="bbox 2270 1584 3906 1662">
    <p class='ocr_par' dir='ltr' id='par_1_30' title="bbox 2292 1584 3906 1662">
     <span class='ocr_line' id='line_1_30' title="bbox 2292 1584 3906 1662; baseline -0.001 -25"><span class='ocrx_word' id='word_1_196' title='bbox 2292 1606 2421 1647; x_wconf 88' lang='grc' dir='ltr'>πους</span> <span class='ocrx_word' id='word_1_197' title='bbox 2472 1589 2551 1638; x_wconf 85' lang='grc' dir='ltr'>ὅτι</span> <span class='ocrx_word' id='word_1_198' title='bbox 2603 1586 2832 1658; x_wconf 88' lang='grc' dir='ltr'>μάλιστα</span> <span class='ocrx_word' id='word_1_199' title='bbox 2881 1592 2970 1639; x_wconf 87' lang='grc' dir='ltr'>καὶ</span> <span class='ocrx_word' id='word_1_200' title='bbox 3019 1592 3289 1662; x_wconf 85' lang='grc' dir='ltr'>χαρίεντας</span> <span class='ocrx_word' id='word_1_201' title='bbox 3347 1585 3590 1648; x_wconf 75' lang='grc' dir='ltr'>ἔκπληξιν</span> <span class='ocrx_word' id='word_1_202' title='bbox 3645 1584 3743 1637; x_wconf 84' lang='grc' dir='ltr'>ἀπὸ</span> <span class='ocrx_word' id='word_1_203' title='bbox 3798 1593 3906 1646; x_wconf 80' lang='grc' dir='ltr'>τῆς</span> 
     </span>
    </p>
   </div>
   <div class='ocr_carea' id='block_1_31' title="bbox 534 1671 2170 1749">
    <p class='ocr_par' dir='ltr' id='par_1_31' title="bbox 534 1676 2170 1749">
     <span class='ocr_line' id='line_1_31' title="bbox 534 1676 2170 1749; baseline 0.001 -19"><span class='ocrx_word' id='word_1_204' title='bbox 534 1680 724 1731; x_wconf 86' lang='lat' dir='ltr'>terant</span> <span class='ocrx_word' id='word_1_205' title='bbox 749 1677 1045 1732; x_wconf 87' lang='lat' dir='ltr'>adducere</span> <span class='ocrx_word' id='word_1_206' title='bbox 1076 1679 1135 1733; x_wconf 91' lang='lat' dir='ltr'>in</span> <span class='ocrx_word' id='word_1_207' title='bbox 1169 1678 1649 1743; x_wconf 88' lang='lat' dir='ltr'>admirationem;</span> <span class='ocrx_word' id='word_1_208' title='bbox 1683 1677 1782 1749; x_wconf 89' lang='lat' dir='ltr'>qui</span> <span class='ocrx_word' id='word_1_209' title='bbox 1817 1676 1993 1731; x_wconf 91' lang='lat' dir='ltr'>etiam</span> <span class='ocrx_word' id='word_1_210' title='bbox 2028 1691 2170 1747; x_wconf 69' lang='lat' dir='ltr'>stept</span> 
     </span>
    </p>
   </div>
   <div class='ocr_carea' id='block_1_32' title="bbox 2268 1671 3904 1749">
    <p class='ocr_par' dir='ltr' id='par_1_32' title="bbox 2293 1671 3904 1748">
     <span class='ocr_line' id='line_1_32' title="bbox 2293 1671 3904 1748; baseline -0.001 -22"><span class='ocrx_word' id='word_1_211' title='bbox 2293 1682 2495 1748; x_wconf 83' lang='grc' dir='ltr'>μορφῆς</span> <span class='ocrx_word' id='word_1_212' title='bbox 2576 1674 2802 1747; x_wconf 79' lang='grc' dir='ltr'>ἐμποιεῖν</span> <span class='ocrx_word' id='word_1_213' title='bbox 2874 1673 3218 1747; x_wconf 80' lang='grc' dir='ltr'>δυναμένους·</span> <span class='ocrx_word' id='word_1_214' title='bbox 3281 1674 3328 1726; x_wconf 76' lang='grc' dir='ltr'>οἳ</span> <span class='ocrx_word' id='word_1_215' title='bbox 3399 1679 3488 1726; x_wconf 85' lang='grc' dir='ltr'>καὶ</span> <span class='ocrx_word' id='word_1_216' title='bbox 3542 1673 3785 1733; x_wconf 77' lang='grc' dir='ltr'>πολλάκις</span> <span class='ocrx_word' id='word_1_217' title='bbox 3842 1671 3904 1724; x_wconf 81' lang='grc' dir='ltr'>ἒν</span> 
     </span>
    </p>
   </div>
   <div class='ocr_carea' id='block_1_33' title="bbox 534 1763 2170 1839">
    <p class='ocr_par' dir='ltr' id='par_1_33' title="bbox 534 1763 2170 1829">
     <span class='ocr_line' id='line_1_33' title="bbox 534 1763 2170 1829; baseline 0.001 -11"><span class='ocrx_word' id='word_1_218' title='bbox 534 1763 647 1819; x_wconf 87' lang='lat' dir='ltr'>visi</span> <span class='ocrx_word' id='word_1_219' title='bbox 678 1764 913 1821; x_wconf 87' lang='lat' dir='ltr'>fuerant</span> <span class='ocrx_word' id='word_1_220' title='bbox 944 1782 1080 1821; x_wconf 91' lang='lat' dir='ltr'>cum</span> <span class='ocrx_word' id='word_1_221' title='bbox 1109 1766 1287 1822; x_wconf 87' lang='lat' dir='ltr'>beata</span> <span class='ocrx_word' id='word_1_222' title='bbox 1319 1769 1540 1822; x_wconf 88' lang='lat' dir='ltr'>versari</span> <span class='ocrx_word' id='word_1_223' title='bbox 1566 1768 1623 1821; x_wconf 92' lang='lat' dir='ltr'>in</span> <span class='ocrx_word' id='word_1_224' title='bbox 1640 1766 1895 1829; x_wconf 87' lang='lat' dir='ltr'>fornace,</span> <span class='ocrx_word' id='word_1_225' title='bbox 1929 1769 1982 1820; x_wconf 91' lang='lat' dir='ltr'>et</span> <span class='ocrx_word' id='word_1_226' title='bbox 2007 1764 2170 1819; x_wconf 87' lang='lat' dir='ltr'>simu</span> 
     </span>
    </p>
   </div>
   <div class='ocr_carea' id='block_1_34' title="bbox 2268 1763 3904 1839">
    <p class='ocr_par' dir='ltr' id='par_1_34' title="bbox 2296 1768 3904 1839">
     <span class='ocr_line' id='line_1_34' title="bbox 2296 1768 3904 1839; baseline -0.001 -24"><span class='ocrx_word' id='word_1_227' title='bbox 2296 1771 2354 1834; x_wconf 77' lang='grc' dir='ltr'>τῇ</span> <span class='ocrx_word' id='word_1_228' title='bbox 2413 1769 2612 1835; x_wconf 78' lang='grc' dir='ltr'>καμίνῳ</span> <span class='ocrx_word' id='word_1_229' title='bbox 2663 1768 2893 1825; x_wconf 79' lang='grc' dir='ltr'>συνόντες</span> <span class='ocrx_word' id='word_1_230' title='bbox 2940 1774 2999 1837; x_wconf 74' lang='grc' dir='ltr'>τῇ</span> <span class='ocrx_word' id='word_1_231' title='bbox 3056 1768 3289 1839; x_wconf 78' lang='grc' dir='ltr'>μακαρίᾳ</span> <span class='ocrx_word' id='word_1_232' title='bbox 3336 1768 3422 1816; x_wconf 87' lang='grc' dir='ltr'>καὶ</span> <span class='ocrx_word' id='word_1_233' title='bbox 3468 1768 3904 1837; x_wconf 82' lang='grc' dir='ltr'>συναναφέροντες</span> 
     </span>
    </p>
   </div>
   <div class='ocr_carea' id='block_1_35' title="bbox 536 1848 2172 1925">
    <p class='ocr_par' dir='ltr' id='par_1_35' title="bbox 536 1854 2172 1925">
     <span class='ocr_line' id='line_1_35' title="bbox 536 1854 2172 1925; baseline 0.001 -18"><span class='ocrx_word' id='word_1_234' title='bbox 536 1869 672 1907; x_wconf 90' lang='lat' dir='ltr'>cum</span> <span class='ocrx_word' id='word_1_235' title='bbox 696 1869 765 1909; x_wconf 91' lang='lat' dir='ltr'>ea</span> <span class='ocrx_word' id='word_1_236' title='bbox 810 1870 1013 1925; x_wconf 90' lang='lat' dir='ltr'>preces</span> <span class='ocrx_word' id='word_1_237' title='bbox 1067 1854 1330 1911; x_wconf 88' lang='lat' dir='ltr'>fundere.</span> <span class='ocrx_word' id='word_1_238' title='bbox 1362 1854 1507 1910; x_wconf 87' lang='lat' dir='ltr'>Cum</span> <span class='ocrx_word' id='word_1_239' title='bbox 1560 1858 1759 1910; x_wconf 89' lang='lat' dir='ltr'>autem</span> <span class='ocrx_word' id='word_1_240' title='bbox 1790 1855 1873 1910; x_wconf 90' lang='lat' dir='ltr'>eis</span> <span class='ocrx_word' id='word_1_241' title='bbox 1918 1858 2172 1909; x_wconf 68' lang='lat' dir='ltr'>sanctam</span> 
     </span>
    </p>
   </div>
   <div class='ocr_carea' id='block_1_36' title="bbox 2266 1848 3902 1925">
    <p class='ocr_par' dir='ltr' id='par_1_36' title="bbox 2296 1848 3902 1923">
     <span class='ocr_line' id='line_1_36' title="bbox 2296 1848 3902 1923; baseline -0.001 -20"><span class='ocrx_word' id='word_1_242' title='bbox 2296 1852 2422 1923; x_wconf 69' lang='grc' dir='ltr'>αὐτῇ</span> <span class='ocrx_word' id='word_1_243' title='bbox 2484 1856 2576 1913; x_wconf 83' lang='grc' dir='ltr'>τὰς</span> <span class='ocrx_word' id='word_1_244' title='bbox 2633 1852 2797 1923; x_wconf 73' lang='grc' dir='ltr'>εὐχὰς</span> <span class='ocrx_word' id='word_1_245' title='bbox 2852 1852 3157 1910; x_wconf 82' lang='grc' dir='ltr'>ἐθεάθησαν.</span> <span class='ocrx_word' id='word_1_246' title='bbox 3223 1853 3360 1906; x_wconf 82' lang='grc' dir='ltr'>Ἐπεὶ</span> <span class='ocrx_word' id='word_1_247' title='bbox 3418 1848 3503 1904; x_wconf 77' lang='grc' dir='ltr'>οὖν</span> <span class='ocrx_word' id='word_1_248' title='bbox 3561 1851 3902 1923; x_wconf 80' lang='grc' dir='ltr'>ἐπιχειροῦσι</span> 
     </span>
    </p>
   </div>
   <div class='ocr_carea' id='block_1_37' title="bbox 536 1937 2172 2016">
    <p class='ocr_par' dir='ltr' id='par_1_37' title="bbox 536 1942 2172 2016">
     <span class='ocr_line' id='line_1_37' title="bbox 536 1942 2172 2016; baseline 0 -19"><span class='ocrx_word' id='word_1_249' title='bbox 536 1942 896 1998; x_wconf 89' lang='lat' dir='ltr'>conantibus</span> <span class='ocrx_word' id='word_1_250' title='bbox 930 1959 1139 2016; x_wconf 86' lang='lat' dir='ltr'>capere</span> <span class='ocrx_word' id='word_1_251' title='bbox 1176 1945 1385 2000; x_wconf 66' lang='lat' dir='ltr'>solutae</span> <span class='ocrx_word' id='word_1_252' title='bbox 1415 1950 1611 1999; x_wconf 87' lang='lat' dir='ltr'>essent</span> <span class='ocrx_word' id='word_1_253' title='bbox 1634 1944 1903 2007; x_wconf 62' lang='lat' dir='ltr'>dexterae,</span> <span class='ocrx_word' id='word_1_254' title='bbox 1938 1958 2054 1997; x_wconf 91' lang='lat' dir='ltr'>non</span> <span class='ocrx_word' id='word_1_255' title='bbox 2086 1958 2172 1997; x_wconf 87' lang='lat' dir='ltr'>va-</span> 
     </span>
    </p>
   </div>
   <div class='ocr_carea' id='block_1_38' title="bbox 2264 1937 3900 2016">
    <p class='ocr_par' dir='ltr' id='par_1_38' title="bbox 2296 1937 3900 2016">
     <span class='ocr_line' id='line_1_38' title="bbox 2296 1937 3900 2016; baseline -0.002 -23"><span class='ocrx_word' id='word_1_256' title='bbox 2296 1944 2502 2003; x_wconf 79' lang='grc' dir='ltr'>τούτοις</span> <span class='ocrx_word' id='word_1_257' title='bbox 2551 1946 2643 1999; x_wconf 82' lang='grc' dir='ltr'>τὴν</span> <span class='ocrx_word' id='word_1_258' title='bbox 2699 1942 2851 2013; x_wconf 81' lang='grc' dir='ltr'>ἁγίαν</span> <span class='ocrx_word' id='word_1_259' title='bbox 2921 1942 3090 1995; x_wconf 82' lang='grc' dir='ltr'>λαϐεῖν</span> <span class='ocrx_word' id='word_1_260' title='bbox 3165 1950 3407 2016; x_wconf 86' lang='grc' dir='ltr'>παρεῖντο</span> <span class='ocrx_word' id='word_1_261' title='bbox 3460 1943 3516 1993; x_wconf 85' lang='grc' dir='ltr'>αἱ</span> <span class='ocrx_word' id='word_1_262' title='bbox 3594 1937 3783 2007; x_wconf 81' lang='grc' dir='ltr'>δεξιαὶ,</span> <span class='ocrx_word' id='word_1_263' title='bbox 3833 1940 3900 1991; x_wconf 77' lang='grc' dir='ltr'>οὗ</span> 
     </span>
    </p>
   </div>
   <div class='ocr_carea' id='block_1_39' title="bbox 536 2028 2172 2104">
    <p class='ocr_par' dir='ltr' id='par_1_39' title="bbox 536 2030 2172 2104">
     <span class='ocr_line' id='line_1_39' title="bbox 536 2030 2172 2104; baseline -0.001 -17"><span class='ocrx_word' id='word_1_264' title='bbox 536 2031 724 2087; x_wconf 89' lang='lat' dir='ltr'>lentes</span> <span class='ocrx_word' id='word_1_265' title='bbox 752 2031 974 2103; x_wconf 90' lang='lat' dir='ltr'>aliquid</span> <span class='ocrx_word' id='word_1_266' title='bbox 1013 2033 1269 2104; x_wconf 86' lang='lat' dir='ltr'>amplius</span> <span class='ocrx_word' id='word_1_267' title='bbox 1319 2033 1511 2088; x_wconf 79' lang='lat' dir='ltr'>facere</span> <span class='ocrx_word' id='word_1_268' title='bbox 1546 2053 1557 2090; x_wconf 92' lang='lat'><strong>:</strong></span> <span class='ocrx_word' id='word_1_269' title='bbox 1611 2032 1918 2101; x_wconf 84' lang='lat' dir='ltr'>Egredere,</span> <span class='ocrx_word' id='word_1_270' title='bbox 1971 2030 2172 2086; x_wconf 17' lang='lat' dir='ltr'>clamat</span> 
     </span>
    </p>
   </div>
   <div class='ocr_carea' id='block_1_40' title="bbox 2266 2028 3902 2104">
    <p class='ocr_par' dir='ltr' id='par_1_40' title="bbox 2300 2028 3902 2102">
     <span class='ocr_line' id='line_1_40' title="bbox 2300 2028 3902 2102; baseline -0.001 -20"><span class='ocrx_word' id='word_1_271' title='bbox 2300 2028 2574 2102; x_wconf 84' lang='grc' dir='ltr'>δυνάμενοί</span> <span class='ocrx_word' id='word_1_272' title='bbox 2631 2051 2682 2082; x_wconf 94' lang='grc' dir='ltr'>τι</span> <span class='ocrx_word' id='word_1_273' title='bbox 2737 2028 2935 2101; x_wconf 83' lang='grc' dir='ltr'>δρᾶσαι</span> <span class='ocrx_word' id='word_1_274' title='bbox 2991 2032 3180 2083; x_wconf 85' lang='grc' dir='ltr'>πλέον·</span> <span class='ocrx_word' id='word_1_275' title='bbox 3236 2031 3429 2099; x_wconf 77' lang='grc' dir='ltr'>’⁷Εξιθι,</span> <span class='ocrx_word' id='word_1_276' title='bbox 3480 2028 3652 2095; x_wconf 82' lang='grc' dir='ltr'>ἐϐόων,</span> <span class='ocrx_word' id='word_1_277' title='bbox 3708 2032 3736 2087; x_wconf 82' lang='grc' dir='ltr'>ἡ</span> <span class='ocrx_word' id='word_1_278' title='bbox 3802 2037 3902 2081; x_wconf 78' lang='grc' dir='ltr'>τοῦ</span> 
     </span>
    </p>
   </div>
   <div class='ocr_carea' id='block_1_41' title="bbox 538 2116 2174 2191">
    <p class='ocr_par' dir='ltr' id='par_1_41' title="bbox 538 2120 2174 2191">
     <span class='ocr_line' id='line_1_41' title="bbox 538 2120 2174 2191; baseline -0.001 -16"><span class='ocrx_word' id='word_1_279' title='bbox 538 2121 706 2188; x_wconf 90' lang='lat' dir='ltr'>bant,</span> <span class='ocrx_word' id='word_1_280' title='bbox 749 2121 965 2176; x_wconf 87' lang='lat' dir='ltr'>ancilla</span> <span class='ocrx_word' id='word_1_281' title='bbox 1036 2121 1176 2179; x_wconf 89' lang='lat' dir='ltr'>Dei:</span> <span class='ocrx_word' id='word_1_282' title='bbox 1245 2126 1418 2177; x_wconf 89' lang='lat' dir='ltr'>vocat</span> <span class='ocrx_word' id='word_1_283' title='bbox 1461 2126 1513 2176; x_wconf 90' lang='lat' dir='ltr'>te</span> <span class='ocrx_word' id='word_1_284' title='bbox 1549 2121 1755 2191; x_wconf 86' lang='lat' dir='ltr'>judex.</span> <span class='ocrx_word' id='word_1_285' title='bbox 1789 2120 1930 2189; x_wconf 69' lang='lat' dir='ltr'>Qum</span> <span class='ocrx_word' id='word_1_286' title='bbox 1974 2120 2079 2175; x_wconf 87' lang='lat' dir='ltr'>etsi</span> <span class='ocrx_word' id='word_1_287' title='bbox 2119 2135 2174 2174; x_wconf 63' lang='grc' dir='ltr'>ει</span> 
     </span>
    </p>
   </div>
   <div class='ocr_carea' id='block_1_42' title="bbox 2266 2116 3902 2191">
    <p class='ocr_par' dir='ltr' id='par_1_42' title="bbox 2302 2116 3902 2187">
     <span class='ocr_line' id='line_1_42' title="bbox 2302 2116 3902 2187; baseline -0.001 -16"><span class='ocrx_word' id='word_1_288' title='bbox 2302 2126 2433 2171; x_wconf 72' lang='grc' dir='ltr'>Θεοῦ</span> <span class='ocrx_word' id='word_1_289' title='bbox 2467 2116 2707 2187; x_wconf 52' lang='lat' dir='ltr'>(redimo</span> <span class='ocrx_word' id='word_1_290' title='bbox 2755 2116 2987 2180; x_wconf 75' lang='grc' dir='ltr'>δικάζων</span> <span class='ocrx_word' id='word_1_291' title='bbox 3035 2120 3198 2175; x_wconf 88' lang='grc' dir='ltr'>καλεῖ,</span> <span class='ocrx_word' id='word_1_292' title='bbox 3253 2120 3341 2182; x_wconf 83' lang='grc' dir='ltr'>Ὠς</span> <span class='ocrx_word' id='word_1_293' title='bbox 3394 2116 3479 2171; x_wconf 77' lang='grc' dir='ltr'>οὖν</span> <span class='ocrx_word' id='word_1_294' title='bbox 3533 2121 3741 2178; x_wconf 78' lang='grc' dir='ltr'>ἄθικτος</span> <span class='ocrx_word' id='word_1_295' title='bbox 3795 2116 3902 2170; x_wconf 83' lang='grc' dir='ltr'>ἀπὸ</span> 
     </span>
    </p>
   </div>
   <div class='ocr_carea' id='block_1_43' title="bbox 539 2205 2175 2282">
    <p class='ocr_par' dir='ltr' id='par_1_43' title="bbox 539 2208 2175 2278">
     <span class='ocr_line' id='line_1_43' title="bbox 539 2208 2175 2278; baseline -0.001 -15"><span class='ocrx_word' id='word_1_296' title='bbox 539 2208 676 2278; x_wconf 85' lang='lat' dir='ltr'>igne</span> <span class='ocrx_word' id='word_1_297' title='bbox 710 2224 947 2278; x_wconf 87' lang='lat' dir='ltr'>egressa</span> <span class='ocrx_word' id='word_1_298' title='bbox 976 2215 1132 2265; x_wconf 85' lang='lat' dir='ltr'>esset</span> <span class='ocrx_word' id='word_1_299' title='bbox 1169 2210 1373 2276; x_wconf 82' lang='lat' dir='ltr'>illaesa,</span> <span class='ocrx_word' id='word_1_300' title='bbox 1408 2227 1543 2265; x_wconf 88' lang='lat' dir='ltr'>cum</span> <span class='ocrx_word' id='word_1_301' title='bbox 1575 2211 1624 2265; x_wconf 91' lang='lat' dir='ltr'>ei</span> <span class='ocrx_word' id='word_1_302' title='bbox 1654 2210 1902 2265; x_wconf 86' lang='lat' dir='ltr'>omnino</span> <span class='ocrx_word' id='word_1_303' title='bbox 1942 2225 2064 2264; x_wconf 89' lang='lat' dir='ltr'>non</span> <span class='ocrx_word' id='word_1_304' title='bbox 2096 2225 2175 2263; x_wconf 88' lang='lat' dir='ltr'>no</span> 
     </span>
    </p>
   </div>
   <div class='ocr_carea' id='block_1_44' title="bbox 2266 2205 3902 2282">
    <p class='ocr_par' dir='ltr' id='par_1_44' title="bbox 2300 2205 3902 2282">
     <span class='ocr_line' id='line_1_44' title="bbox 2300 2205 3902 2282; baseline -0.001 -23"><span class='ocrx_word' id='word_1_305' title='bbox 2300 2215 2391 2259; x_wconf 78' lang='grc' dir='ltr'>τοῦ</span> <span class='ocrx_word' id='word_1_306' title='bbox 2444 2212 2603 2282; x_wconf 88' lang='grc' dir='ltr'>πυρός</span> <span class='ocrx_word' id='word_1_307' title='bbox 2661 2206 2863 2270; x_wconf 83' lang='grc' dir='ltr'>ἐξῆλθεν</span> <span class='ocrx_word' id='word_1_308' title='bbox 2923 2206 3072 2261; x_wconf 76' lang='grc' dir='ltr'>οὐδὲν</span> <span class='ocrx_word' id='word_1_309' title='bbox 3126 2209 3286 2266; x_wconf 75' lang='grc' dir='ltr'>αὐτὴν</span> <span class='ocrx_word' id='word_1_310' title='bbox 3341 2212 3398 2259; x_wconf 86' lang='grc' dir='ltr'>τὸ</span> <span class='ocrx_word' id='word_1_311' title='bbox 3468 2210 3710 2281; x_wconf 88' lang='grc' dir='ltr'>παράπαν</span> <span class='ocrx_word' id='word_1_312' title='bbox 3769 2205 3902 2279; x_wconf 79' lang='grc' dir='ltr'>βλά-</span> 
     </span>
    </p>
   </div>
   <div class='ocr_carea' id='block_1_45' title="bbox 543 2294 2179 2371">
    <p class='ocr_par' dir='ltr' id='par_1_45' title="bbox 543 2298 2179 2371">
     <span class='ocr_line' id='line_1_45' title="bbox 543 2298 2179 2371; baseline 0.001 -19"><span class='ocrx_word' id='word_1_313' title='bbox 543 2298 763 2352; x_wconf 89' lang='lat' dir='ltr'>cuisset</span> <span class='ocrx_word' id='word_1_314' title='bbox 786 2298 958 2365; x_wconf 82' lang='lat' dir='ltr'>ignis,</span> <span class='ocrx_word' id='word_1_315' title='bbox 1002 2304 1057 2354; x_wconf 91' lang='lat' dir='ltr'>et</span> <span class='ocrx_word' id='word_1_316' title='bbox 1082 2300 1305 2371; x_wconf 91' lang='lat' dir='ltr'>impius</span> <span class='ocrx_word' id='word_1_317' title='bbox 1334 2316 1553 2370; x_wconf 88' lang='lat' dir='ltr'>corpus</span> <span class='ocrx_word' id='word_1_318' title='bbox 1586 2299 1829 2354; x_wconf 88' lang='lat' dir='ltr'>haberet</span> <span class='ocrx_word' id='word_1_319' title='bbox 1881 2299 2076 2353; x_wconf 89' lang='lat' dir='ltr'>adhuc</span> <span class='ocrx_word' id='word_1_320' title='bbox 2109 2315 2179 2353; x_wconf 89' lang='lat' dir='ltr'>se-</span> 
     </span>
    </p>
   </div>
   <div class='ocr_carea' id='block_1_46' title="bbox 2270 2294 3906 2371">
    <p class='ocr_par' dir='ltr' id='par_1_46' title="bbox 2300 2294 3906 2369">
     <span class='ocr_line' id='line_1_46' title="bbox 2300 2294 3906 2369; baseline 0 -22"><span class='ocrx_word' id='word_1_321' title='bbox 2300 2296 2514 2367; x_wconf 76' lang='grc' dir='ltr'>ψαντος,</span> <span class='ocrx_word' id='word_1_322' title='bbox 2549 2299 2573 2348; x_wconf 92' lang='grc' dir='ltr'>ό</span> <span class='ocrx_word' id='word_1_323' title='bbox 2626 2294 2890 2357; x_wconf 74' lang='grc' dir='ltr'>δυσσεϐὴς</span> <span class='ocrx_word' id='word_1_324' title='bbox 2939 2302 3109 2350; x_wconf 80' lang='grc' dir='ltr'>καίτοι</span> <span class='ocrx_word' id='word_1_325' title='bbox 3157 2297 3466 2369; x_wconf 74' lang='grc' dir='ltr'>ἡμίφλεκτον</span> <span class='ocrx_word' id='word_1_326' title='bbox 3516 2300 3586 2349; x_wconf 83' lang='grc' dir='ltr'>ἔτι</span> <span class='ocrx_word' id='word_1_327' title='bbox 3632 2300 3690 2348; x_wconf 87' lang='grc' dir='ltr'>τό</span> <span class='ocrx_word' id='word_1_328' title='bbox 3746 2305 3906 2368; x_wconf 79' lang='grc' dir='ltr'>σῶμα</span> 
     </span>
    </p>
   </div>
   <div class='ocr_carea' id='block_1_47' title="bbox 543 2383 2179 2461">
    <p class='ocr_par' dir='ltr' id='par_1_47' title="bbox 543 2386 2179 2461">
     <span class='ocr_line' id='line_1_47' title="bbox 543 2386 2179 2461; baseline 0 -20"><span class='ocrx_word' id='word_1_329' title='bbox 543 2386 975 2454; x_wconf 90' lang='lat' dir='ltr'>miustulatum,</span> <span class='ocrx_word' id='word_1_330' title='bbox 1018 2392 1073 2443; x_wconf 89' lang='lat' dir='ltr'>et</span> <span class='ocrx_word' id='word_1_331' title='bbox 1112 2405 1181 2444; x_wconf 88' lang='lat' dir='ltr'>ex</span> <span class='ocrx_word' id='word_1_332' title='bbox 1222 2390 1352 2460; x_wconf 90' lang='lat' dir='ltr'>ipso</span> <span class='ocrx_word' id='word_1_333' title='bbox 1392 2393 1597 2461; x_wconf 90' lang='lat' dir='ltr'>posset</span> <span class='ocrx_word' id='word_1_334' title='bbox 1636 2388 1999 2459; x_wconf 86' lang='lat' dir='ltr'>intelligere:</span> <span class='ocrx_word' id='word_1_335' title='bbox 2042 2403 2179 2443; x_wconf 27' lang='lat' dir='ltr'>crast</span> 
     </span>
    </p>
   </div>
   <div class='ocr_carea' id='block_1_48' title="bbox 2270 2383 3906 2461">
    <p class='ocr_par' dir='ltr' id='par_1_48' title="bbox 2302 2383 3906 2458">
     <span class='ocr_line' id='line_1_48' title="bbox 2302 2383 3906 2458; baseline 0.001 -23"><span class='ocrx_word' id='word_1_336' title='bbox 2302 2388 2459 2456; x_wconf 84' lang='grc' dir='ltr'>ἔχων,</span> <span class='ocrx_word' id='word_1_337' title='bbox 2513 2390 2601 2437; x_wconf 83' lang='grc' dir='ltr'>καὶ</span> <span class='ocrx_word' id='word_1_338' title='bbox 2673 2385 2755 2458; x_wconf 84' lang='grc' dir='ltr'>ἀφ’</span> <span class='ocrx_word' id='word_1_339' title='bbox 2811 2386 2996 2439; x_wconf 82' lang='grc' dir='ltr'>ἑαυτοῦ</span> <span class='ocrx_word' id='word_1_340' title='bbox 3077 2394 3303 2439; x_wconf 87' lang='grc' dir='ltr'>συνεῖναι</span> <span class='ocrx_word' id='word_1_341' title='bbox 3381 2383 3683 2458; x_wconf 84' lang='grc' dir='ltr'>δυνάμενος,</span> <span class='ocrx_word' id='word_1_342' title='bbox 3762 2387 3906 2457; x_wconf 82' lang='grc' dir='ltr'>ὅμως</span> 
     </span>
    </p>
   </div>
   <div class='ocr_carea' id='block_1_49' title="bbox 545 2473 2181 2549">
    <p class='ocr_par' dir='ltr' id='par_1_49' title="bbox 545 2477 2181 2549">
     <span class='ocr_line' id='line_1_49' title="bbox 545 2477 2181 2549; baseline 0.002 -20"><span class='ocrx_word' id='word_1_343' title='bbox 545 2491 676 2530; x_wconf 90' lang='lat' dir='ltr'>sam</span> <span class='ocrx_word' id='word_1_344' title='bbox 729 2478 929 2531; x_wconf 90' lang='lat' dir='ltr'>tamen</span> <span class='ocrx_word' id='word_1_345' title='bbox 987 2477 1207 2533; x_wconf 89' lang='lat' dir='ltr'>nubem</span> <span class='ocrx_word' id='word_1_346' title='bbox 1250 2479 1442 2533; x_wconf 87' lang='lat' dir='ltr'>ferens</span> <span class='ocrx_word' id='word_1_347' title='bbox 1475 2479 1534 2533; x_wconf 90' lang='lat' dir='ltr'>in</span> <span class='ocrx_word' id='word_1_348' title='bbox 1582 2477 1787 2541; x_wconf 90' lang='lat' dir='ltr'>oculis,</span> <span class='ocrx_word' id='word_1_349' title='bbox 1849 2482 1973 2532; x_wconf 91' lang='lat' dir='ltr'>erat</span> <span class='ocrx_word' id='word_1_350' title='bbox 2018 2477 2181 2549; x_wconf 68' lang='lat' dir='ltr'>plane</span> 
     </span>
    </p>
   </div>
   <div class='ocr_carea' id='block_1_50' title="bbox 2268 2473 3904 2549">
    <p class='ocr_par' dir='ltr' id='par_1_50' title="bbox 2302 2473 3904 2548">
     <span class='ocr_line' id='line_1_50' title="bbox 2302 2473 3904 2548; baseline 0.001 -24"><span class='ocrx_word' id='word_1_351' title='bbox 2302 2477 2453 2545; x_wconf 79' lang='grc' dir='ltr'>παχὺ</span> <span class='ocrx_word' id='word_1_352' title='bbox 2504 2477 2664 2548; x_wconf 87' lang='grc' dir='ltr'>φέρων</span> <span class='ocrx_word' id='word_1_353' title='bbox 2696 2477 2753 2525; x_wconf 89' lang='grc' dir='ltr'>τό</span> <span class='ocrx_word' id='word_1_354' title='bbox 2787 2473 2869 2526; x_wconf 83' lang='grc' dir='ltr'>ἐπὶ</span> <span class='ocrx_word' id='word_1_355' title='bbox 2915 2483 3014 2527; x_wconf 89' lang='grc' dir='ltr'>τῶν</span> <span class='ocrx_word' id='word_1_356' title='bbox 3056 2474 3326 2546; x_wconf 76' lang='grc' dir='ltr'>ὀφθαλμῶν</span> <span class='ocrx_word' id='word_1_357' title='bbox 3372 2482 3465 2536; x_wconf 85' lang='grc' dir='ltr'>τῆς</span> <span class='ocrx_word' id='word_1_358' title='bbox 3507 2473 3689 2545; x_wconf 77' lang='grc' dir='ltr'>ψυχῆς</span> <span class='ocrx_word' id='word_1_359' title='bbox 3733 2478 3904 2545; x_wconf 82' lang='grc' dir='ltr'>νέφος,</span> 
     </span>
    </p>
   </div>
   <div class='ocr_carea' id='block_1_51' title="bbox 545 2559 2181 2637">
    <p class='ocr_par' dir='ltr' id='par_1_51' title="bbox 545 2563 2181 2637">
     <span class='ocr_line' id='line_1_51' title="bbox 545 2563 2181 2637; baseline 0.002 -20"><span class='ocrx_word' id='word_1_360' title='bbox 545 2563 847 2635; x_wconf 87' lang='lat' dir='ltr'>insipiens.</span> <span class='ocrx_word' id='word_1_361' title='bbox 907 2565 1224 2637; x_wconf 85' lang='lat' dir='ltr'>Propterea</span> <span class='ocrx_word' id='word_1_362' title='bbox 1254 2566 1314 2621; x_wconf 91' lang='lat' dir='ltr'>in</span> <span class='ocrx_word' id='word_1_363' title='bbox 1366 2583 1499 2622; x_wconf 87' lang='lat' dir='ltr'>eam</span> <span class='ocrx_word' id='word_1_364' title='bbox 1539 2583 1747 2622; x_wconf 89' lang='lat' dir='ltr'>rursus</span> <span class='ocrx_word' id='word_1_365' title='bbox 1812 2566 1929 2622; x_wconf 90' lang='lat' dir='ltr'>alia</span> <span class='ocrx_word' id='word_1_366' title='bbox 1967 2565 2181 2621; x_wconf 83' lang='lat' dir='ltr'>induxi</span> 
     </span>
    </p>
   </div>
   <div class='ocr_carea' id='block_1_52' title="bbox 2276 2559 3912 2637">
    <p class='ocr_par' dir='ltr' id='par_1_52' title="bbox 2307 2559 3912 2633">
     <span class='ocr_line' id='line_1_52' title="bbox 2307 2559 3912 2633; baseline -0.001 -21"><span class='ocrx_word' id='word_1_367' title='bbox 2307 2561 2546 2622; x_wconf 83' lang='grc' dir='ltr'>ἀσύνετος</span> <span class='ocrx_word' id='word_1_368' title='bbox 2601 2559 2681 2620; x_wconf 63' lang='grc' dir='ltr'>ἦν.</span> <span class='ocrx_word' id='word_1_369' title='bbox 2747 2568 2844 2615; x_wconf 84' lang='grc' dir='ltr'>Καὶ</span> <span class='ocrx_word' id='word_1_370' title='bbox 2904 2560 2994 2615; x_wconf 80' lang='grc' dir='ltr'>διὰ</span> <span class='ocrx_word' id='word_1_371' title='bbox 3073 2572 3220 2615; x_wconf 78' lang='grc' dir='ltr'>τοῦτο</span> <span class='ocrx_word' id='word_1_372' title='bbox 3290 2569 3380 2615; x_wconf 88' lang='grc' dir='ltr'>καὶ</span> <span class='ocrx_word' id='word_1_373' title='bbox 3434 2560 3580 2623; x_wconf 76' lang='grc' dir='ltr'>αὖθις</span> <span class='ocrx_word' id='word_1_374' title='bbox 3650 2566 3912 2633; x_wconf 78' lang='grc' dir='ltr'>τιμωρίας</span> 
     </span>
    </p>
   </div>
   <div class='ocr_carea' id='block_1_53' title="bbox 546 2647 2182 2727">
    <p class='ocr_par' dir='ltr' id='par_1_53' title="bbox 546 2653 2175 2727">
     <span class='ocr_line' id='line_1_53' title="bbox 546 2653 2175 2727; baseline 0.002 -21"><span class='ocrx_word' id='word_1_375' title='bbox 546 2653 859 2723; x_wconf 91' lang='lat' dir='ltr'>supplicia,</span> <span class='ocrx_word' id='word_1_376' title='bbox 894 2659 949 2708; x_wconf 91' lang='lat' dir='ltr'>et</span> <span class='ocrx_word' id='word_1_377' title='bbox 971 2654 1139 2724; x_wconf 89' lang='lat' dir='ltr'>jubet</span> <span class='ocrx_word' id='word_1_378' title='bbox 1170 2655 1294 2727; x_wconf 87' lang='lat' dir='ltr'>ejus</span> <span class='ocrx_word' id='word_1_379' title='bbox 1336 2655 1606 2711; x_wconf 87' lang='lat' dir='ltr'>membra</span> <span class='ocrx_word' id='word_1_380' title='bbox 1637 2655 1899 2723; x_wconf 88' lang='lat' dir='ltr'>transfigi</span> <span class='ocrx_word' id='word_1_381' title='bbox 1933 2656 2175 2711; x_wconf 89' lang='lat' dir='ltr'>terebris</span> 
     </span>
    </p>
   </div>
   <div class='ocr_carea' id='block_1_54' title="bbox 2274 2647 3910 2727">
    <p class='ocr_par' dir='ltr' id='par_1_54' title="bbox 2305 2647 3910 2726">
     <span class='ocr_line' id='line_1_54' title="bbox 2305 2647 3910 2726; baseline -0.001 -24"><span class='ocrx_word' id='word_1_382' title='bbox 2305 2649 2490 2721; x_wconf 84' lang='grc' dir='ltr'>ἐπῆγεν</span> <span class='ocrx_word' id='word_1_383' title='bbox 2545 2652 2736 2726; x_wconf 78' lang='grc' dir='ltr'>ἕτερας,</span> <span class='ocrx_word' id='word_1_384' title='bbox 2788 2657 2876 2703; x_wconf 89' lang='lat' dir='ltr'>xui</span> <span class='ocrx_word' id='word_1_385' title='bbox 2928 2656 3207 2724; x_wconf 84' lang='grc' dir='ltr'>τρυπάνοις</span> <span class='ocrx_word' id='word_1_386' title='bbox 3262 2653 3416 2711; x_wconf 68' lang='grc' dir='ltr'>αὐτὴν</span> <span class='ocrx_word' id='word_1_387' title='bbox 3474 2651 3664 2703; x_wconf 77' lang='grc' dir='ltr'>κελεύει</span> <span class='ocrx_word' id='word_1_388' title='bbox 3724 2647 3910 2702; x_wconf 81' lang='grc' dir='ltr'>διαπε-</span> 
     </span>
    </p>
   </div>
   <div class='ocr_carea' id='block_1_55' title="bbox 545 2737 2181 2815">
    <p class='ocr_par' dir='ltr' id='par_1_55' title="bbox 545 2743 2181 2815">
     <span class='ocr_line' id='line_1_55' title="bbox 545 2743 2181 2815; baseline 0.001 -18"><span class='ocrx_word' id='word_1_389' title='bbox 545 2743 693 2797; x_wconf 89' lang='lat' dir='ltr'>Cum</span> <span class='ocrx_word' id='word_1_390' title='bbox 733 2748 933 2797; x_wconf 89' lang='lat' dir='ltr'>autem</span> <span class='ocrx_word' id='word_1_391' title='bbox 976 2750 1196 2815; x_wconf 82' lang='lat' dir='ltr'>martyr</span> <span class='ocrx_word' id='word_1_392' title='bbox 1235 2744 1461 2799; x_wconf 88' lang='lat' dir='ltr'>habens</span> <span class='ocrx_word' id='word_1_393' title='bbox 1509 2745 1755 2800; x_wconf 91' lang='lat' dir='ltr'>omnino</span> <span class='ocrx_word' id='word_1_394' title='bbox 1817 2751 2080 2799; x_wconf 89' lang='lat' dir='ltr'>mentem</span> <span class='ocrx_word' id='word_1_395' title='bbox 2122 2746 2181 2799; x_wconf 82' lang='lat' dir='ltr'>ac</span> 
     </span>
    </p>
   </div>
   <div class='ocr_carea' id='block_1_56' title="bbox 2274 2737 3910 2815">
    <p class='ocr_par' dir='ltr' id='par_1_56' title="bbox 2305 2737 3910 2812">
     <span class='ocr_line' id='line_1_56' title="bbox 2305 2737 3910 2812; baseline -0.001 -21"><span class='ocrx_word' id='word_1_396' title='bbox 2305 2742 2558 2812; x_wconf 72' lang='grc' dir='ltr'>ρονάσθαι</span> <span class='ocrx_word' id='word_1_397' title='bbox 2612 2744 2675 2791; x_wconf 80' lang='grc' dir='ltr'>τὰ</span> <span class='ocrx_word' id='word_1_398' title='bbox 2720 2741 2876 2811; x_wconf 71' lang='grc' dir='ltr'>μέλη.</span> <span class='ocrx_word' id='word_1_399' title='bbox 2922 2742 3062 2793; x_wconf 82' lang='grc' dir='ltr'>Ἐπεὶ</span> <span class='ocrx_word' id='word_1_400' title='bbox 3114 2738 3172 2793; x_wconf 76' lang='grc' dir='ltr'>δὲ</span> <span class='ocrx_word' id='word_1_401' title='bbox 3221 2746 3313 2800; x_wconf 81' lang='grc' dir='ltr'>τὴν</span> <span class='ocrx_word' id='word_1_402' title='bbox 3363 2738 3597 2793; x_wconf 86' lang='grc' dir='ltr'>διάνοιαν</span> <span class='ocrx_word' id='word_1_403' title='bbox 3644 2737 3735 2792; x_wconf 77' lang='grc' dir='ltr'>διὰ</span> <span class='ocrx_word' id='word_1_404' title='bbox 3780 2759 3910 2789; x_wconf 88' lang='grc' dir='ltr'>παν-</span> 
     </span>
    </p>
   </div>
   <div class='ocr_carea' id='block_1_57' title="bbox 549 2828 2185 2904">
    <p class='ocr_par' dir='ltr' id='par_1_57' title="bbox 549 2831 2185 2904">
     <span class='ocr_line' id='line_1_57' title="bbox 549 2831 2185 2904; baseline 0.002 -19"><span class='ocrx_word' id='word_1_405' title='bbox 549 2833 733 2886; x_wconf 90' lang='lat' dir='ltr'>Deum</span> <span class='ocrx_word' id='word_1_406' title='bbox 758 2831 1076 2899; x_wconf 89' lang='lat' dir='ltr'>sublatam,</span> <span class='ocrx_word' id='word_1_407' title='bbox 1096 2850 1313 2904; x_wconf 90' lang='lat' dir='ltr'>parum</span> <span class='ocrx_word' id='word_1_408' title='bbox 1332 2838 1433 2889; x_wconf 91' lang='lat' dir='ltr'>aut</span> <span class='ocrx_word' id='word_1_409' title='bbox 1460 2833 1607 2889; x_wconf 86' lang='lat' dir='ltr'>nihil</span> <span class='ocrx_word' id='word_1_410' title='bbox 1629 2838 1863 2889; x_wconf 86' lang='lat' dir='ltr'>curaret</span> <span class='ocrx_word' id='word_1_411' title='bbox 1882 2839 2185 2900; x_wconf 48' lang='lat' dir='ltr'>tormenta,</span> 
     </span>
    </p>
   </div>
   <div class='ocr_carea' id='block_1_58' title="bbox 2274 2828 3910 2904">
    <p class='ocr_par' dir='ltr' id='par_1_58' title="bbox 2306 2828 3910 2903">
     <span class='ocr_line' id='line_1_58' title="bbox 2306 2828 3910 2903; baseline -0.001 -23"><span class='ocrx_word' id='word_1_412' title='bbox 2306 2832 2391 2890; x_wconf 89' lang='grc' dir='ltr'>τός</span> <span class='ocrx_word' id='word_1_413' title='bbox 2430 2833 2558 2903; x_wconf 86' lang='grc' dir='ltr'>πρὸς</span> <span class='ocrx_word' id='word_1_414' title='bbox 2591 2834 2717 2882; x_wconf 82' lang='grc' dir='ltr'>Θεὸν</span> <span class='ocrx_word' id='word_1_415' title='bbox 2769 2832 2970 2900; x_wconf 70' lang='grc' dir='ltr'>ἔχουσα</span> <span class='ocrx_word' id='word_1_416' title='bbox 3015 2838 3112 2881; x_wconf 89' lang='grc' dir='ltr'>τῶν</span> <span class='ocrx_word' id='word_1_417' title='bbox 3159 2829 3482 2902; x_wconf 73' lang='grc' dir='ltr'>ἐπαγομένων</span> <span class='ocrx_word' id='word_1_418' title='bbox 3532 2830 3681 2899; x_wconf 82' lang='grc' dir='ltr'>ὀλίγα</span> <span class='ocrx_word' id='word_1_419' title='bbox 3732 2828 3910 2901; x_wconf 78' lang='grc' dir='ltr'>ἐφρόν-</span> 
     </span>
    </p>
   </div>
   <div class='ocr_carea' id='block_1_59' title="bbox 545 2915 2181 2993">
    <p class='ocr_par' dir='ltr' id='par_1_59' title="bbox 545 2921 2181 2993">
     <span class='ocr_line' id='line_1_59' title="bbox 545 2921 2181 2993; baseline 0.001 -18"><span class='ocrx_word' id='word_1_420' title='bbox 545 2935 673 2975; x_wconf 89' lang='lat' dir='ltr'>eam</span> <span class='ocrx_word' id='word_1_421' title='bbox 703 2924 889 2975; x_wconf 89' lang='lat' dir='ltr'>morte</span> <span class='ocrx_word' id='word_1_422' title='bbox 919 2921 1298 2977; x_wconf 89' lang='lat' dir='ltr'>condemnat.</span> <span class='ocrx_word' id='word_1_423' title='bbox 1333 2922 1503 2987; x_wconf 90' lang='lat' dir='ltr'>Quod</span> <span class='ocrx_word' id='word_1_424' title='bbox 1542 2923 1789 2993; x_wconf 90' lang='lat' dir='ltr'>quidem</span> <span class='ocrx_word' id='word_1_425' title='bbox 1820 2938 1956 2977; x_wconf 92' lang='lat' dir='ltr'>cum</span> <span class='ocrx_word' id='word_1_426' title='bbox 1981 2922 2181 2976; x_wconf 91' lang='lat' dir='ltr'>audiis-</span> 
     </span>
    </p>
   </div>
   <div class='ocr_carea' id='block_1_60' title="bbox 2270 2915 3906 2993">
    <p class='ocr_par' dir='ltr' id='par_1_60' title="bbox 2307 2915 3906 2991">
     <span class='ocr_line' id='line_1_60' title="bbox 2307 2915 3906 2991; baseline -0.002 -21"><span class='ocrx_word' id='word_1_427' title='bbox 2307 2919 2443 2978; x_wconf 78' lang='grc' dir='ltr'>τιζεν</span> <span class='ocrx_word' id='word_1_428' title='bbox 2495 2919 2524 2977; x_wconf 74' lang='grc' dir='ltr'><strong>ἦ</strong></span> <span class='ocrx_word' id='word_1_429' title='bbox 2588 2916 2756 2983; x_wconf 72' lang='grc' dir='ltr'>οὐδὲν,</span> <span class='ocrx_word' id='word_1_430' title='bbox 2819 2923 2903 2971; x_wconf 90' lang='grc' dir='ltr'>τὸν</span> <span class='ocrx_word' id='word_1_431' title='bbox 2959 2915 3049 2970; x_wconf 76' lang='grc' dir='ltr'>διὰ</span> <span class='ocrx_word' id='word_1_432' title='bbox 3099 2920 3274 2991; x_wconf 81' lang='grc' dir='ltr'>ξίφους</span> <span class='ocrx_word' id='word_1_433' title='bbox 3331 2922 3545 2972; x_wconf 89' lang='grc' dir='ltr'>θάνατον</span> <span class='ocrx_word' id='word_1_434' title='bbox 3598 2922 3687 2970; x_wconf 87' lang='grc' dir='ltr'>καὶ</span> <span class='ocrx_word' id='word_1_435' title='bbox 3742 2918 3906 2978; x_wconf 74' lang='grc' dir='ltr'>αὐτῆς</span> 
     </span>
    </p>
   </div>
   <div class='ocr_carea' id='block_1_61' title="bbox 550 3005 2186 3081">
    <p class='ocr_par' dir='ltr' id='par_1_61' title="bbox 550 3008 2186 3081">
     <span class='ocr_line' id='line_1_61' title="bbox 550 3008 2186 3081; baseline 0.002 -19"><span class='ocrx_word' id='word_1_436' title='bbox 550 3016 635 3062; x_wconf 89' lang='lat' dir='ltr'>set</span> <span class='ocrx_word' id='word_1_437' title='bbox 660 3008 1121 3074; x_wconf 89' lang='lat' dir='ltr'>adolescentula,</span> <span class='ocrx_word' id='word_1_438' title='bbox 1152 3011 1323 3080; x_wconf 90' lang='lat' dir='ltr'>cujus</span> <span class='ocrx_word' id='word_1_439' title='bbox 1341 3026 1458 3065; x_wconf 92' lang='lat' dir='ltr'>non</span> <span class='ocrx_word' id='word_1_440' title='bbox 1492 3013 1660 3065; x_wconf 89' lang='lat' dir='ltr'>erant</span> <span class='ocrx_word' id='word_1_441' title='bbox 1687 3009 1881 3081; x_wconf 73' lang='lat' dir='ltr'>pusxlli</span> <span class='ocrx_word' id='word_1_442' title='bbox 1915 3015 1970 3065; x_wconf 90' lang='lat' dir='ltr'>et</span> <span class='ocrx_word' id='word_1_443' title='bbox 1997 3010 2186 3066; x_wconf 39' lang='lat' dir='ltr'>mulie&#39;</span> 
     </span>
    </p>
   </div>
   <div class='ocr_carea' id='block_1_62' title="bbox 2273 3005 3909 3081">
    <p class='ocr_par' dir='ltr' id='par_1_62' title="bbox 2306 3005 3909 3081">
     <span class='ocr_line' id='line_1_62' title="bbox 2306 3005 3909 3081; baseline -0.001 -23"><span class='ocrx_word' id='word_1_444' title='bbox 2306 3013 2624 3077; x_wconf 87' lang='grc' dir='ltr'>κατακρίνει,</span> <span class='ocrx_word' id='word_1_445' title='bbox 2658 3011 2778 3081; x_wconf 85' lang='grc' dir='ltr'>ὅπερ</span> <span class='ocrx_word' id='word_1_446' title='bbox 2827 3011 2855 3067; x_wconf 82' lang='grc' dir='ltr'>ἡ</span> <span class='ocrx_word' id='word_1_447' title='bbox 2908 3005 3074 3079; x_wconf 75' lang='grc' dir='ltr'>μηδὲν</span> <span class='ocrx_word' id='word_1_448' title='bbox 3107 3008 3305 3080; x_wconf 72' lang='grc' dir='ltr'>ἀγεννὲς</span> <span class='ocrx_word' id='word_1_449' title='bbox 3348 3006 3486 3080; x_wconf 68' lang='grc' dir='ltr'>μηδὲ</span> <span class='ocrx_word' id='word_1_450' title='bbox 3536 3007 3663 3067; x_wconf 83' lang='grc' dir='ltr'>θῆλυ</span> <span class='ocrx_word' id='word_1_451' title='bbox 3696 3013 3909 3080; x_wconf 83' lang='grc' dir='ltr'>φρονοῦ-</span> 
     </span>
    </p>
   </div>
   <div class='ocr_carea' id='block_1_63' title="bbox 548 3094 2184 3174">
    <p class='ocr_par' dir='ltr' id='par_1_63' title="bbox 548 3096 2184 3168">
     <span class='ocr_line' id='line_1_63' title="bbox 548 3096 2184 3168; baseline 0.002 -17"><span class='ocrx_word' id='word_1_452' title='bbox 548 3096 684 3151; x_wconf 87' lang='lat' dir='ltr'>bres</span> <span class='ocrx_word' id='word_1_453' title='bbox 750 3098 1011 3167; x_wconf 88' lang='lat' dir='ltr'>spiritus,</span> <span class='ocrx_word' id='word_1_454' title='bbox 1053 3104 1108 3153; x_wconf 91' lang='lat' dir='ltr'>et</span> <span class='ocrx_word' id='word_1_455' title='bbox 1162 3104 1499 3168; x_wconf 80' lang='lat' dir='ltr'>reputasset</span> <span class='ocrx_word' id='word_1_456' title='bbox 1550 3099 1663 3153; x_wconf 91' lang='lat' dir='ltr'>hoc</span> <span class='ocrx_word' id='word_1_457' title='bbox 1720 3115 1849 3154; x_wconf 90' lang='lat' dir='ltr'>esse</span> <span class='ocrx_word' id='word_1_458' title='bbox 1892 3099 2065 3154; x_wconf 70' lang='lat' dir='ltr'>Veluti</span> <span class='ocrx_word' id='word_1_459' title='bbox 2129 3101 2184 3154; x_wconf 91' lang='lat' dir='ltr'>si-</span> 
     </span>
    </p>
   </div>
   <div class='ocr_carea' id='block_1_64' title="bbox 2272 3094 3908 3174">
    <p class='ocr_par' dir='ltr' id='par_1_64' title="bbox 2272 3094 3908 3173">
     <span class='ocr_line' id='line_1_64' title="bbox 2272 3094 3908 3173; baseline -0.001 -26"><span class='ocrx_word' id='word_1_460' title='bbox 2272 3120 2275 3171; x_wconf 51' lang='lat'><strong>;</strong></span> <span class='ocrx_word' id='word_1_461' title='bbox 2310 3116 2378 3147; x_wconf 90' lang='grc' dir='ltr'>σα</span> <span class='ocrx_word' id='word_1_462' title='bbox 2424 3103 2587 3159; x_wconf 83' lang='grc' dir='ltr'>νεᾶνις</span> <span class='ocrx_word' id='word_1_463' title='bbox 2638 3096 2932 3161; x_wconf 71' lang='grc' dir='ltr'>ἀκούσασα,</span> <span class='ocrx_word' id='word_1_464' title='bbox 2986 3103 3074 3149; x_wconf 84' lang='grc' dir='ltr'>καὶ</span> <span class='ocrx_word' id='word_1_465' title='bbox 3105 3100 3276 3173; x_wconf 82' lang='grc' dir='ltr'>ὥσπερ</span> <span class='ocrx_word' id='word_1_466' title='bbox 3316 3094 3587 3172; x_wconf 88' lang='grc' dir='ltr'>σφραγῖδα</span> <span class='ocrx_word' id='word_1_467' title='bbox 3638 3103 3787 3148; x_wconf 82' lang='grc' dir='ltr'>τοῦτο</span> <span class='ocrx_word' id='word_1_468' title='bbox 3819 3099 3908 3147; x_wconf 84' lang='grc' dir='ltr'>καὶ</span> 
     </span>
    </p>
   </div>
   <div class='ocr_carea' id='block_1_65' title="bbox 549 3184 2185 3259">
    <p class='ocr_par' dir='ltr' id='par_1_65' title="bbox 549 3184 2185 3255">
     <span class='ocr_line' id='line_1_65' title="bbox 549 3184 2185 3255; baseline 0.004 -19"><span class='ocrx_word' id='word_1_469' title='bbox 549 3184 873 3252; x_wconf 82' lang='lat' dir='ltr'>gnaculum</span> <span class='ocrx_word' id='word_1_470' title='bbox 905 3192 959 3241; x_wconf 90' lang='lat' dir='ltr'>et</span> <span class='ocrx_word' id='word_1_471' title='bbox 990 3186 1330 3242; x_wconf 88' lang='lat' dir='ltr'>ﬁrmitatem</span> <span class='ocrx_word' id='word_1_472' title='bbox 1345 3204 1467 3241; x_wconf 64' lang='lat' dir='ltr'>sua:</span> <span class='ocrx_word' id='word_1_473' title='bbox 1489 3188 1547 3242; x_wconf 93' lang='lat' dir='ltr'>in</span> <span class='ocrx_word' id='word_1_474' title='bbox 1579 3188 1761 3242; x_wconf 88' lang='lat' dir='ltr'>Deum</span> <span class='ocrx_word' id='word_1_475' title='bbox 1782 3188 2185 3255; x_wconf 68' lang='lat' dir='ltr'>confessionis,</span> 
     </span>
    </p>
   </div>
   <div class='ocr_carea' id='block_1_66' title="bbox 2268 3184 3904 3259">
    <p class='ocr_par' dir='ltr' id='par_1_66' title="bbox 2309 3184 3904 3259">
     <span class='ocr_line' id='line_1_66' title="bbox 2309 3184 3904 3259; baseline 0.001 -25"><span class='ocrx_word' id='word_1_476' title='bbox 2309 3184 2585 3255; x_wconf 73' lang='grc' dir='ltr'>ἀσφάλειαν</span> <span class='ocrx_word' id='word_1_477' title='bbox 2642 3193 2734 3246; x_wconf 81' lang='grc' dir='ltr'>τῆς</span> <span class='ocrx_word' id='word_1_478' title='bbox 2810 3189 2934 3258; x_wconf 87' lang='grc' dir='ltr'>πρὸς</span> <span class='ocrx_word' id='word_1_479' title='bbox 3007 3189 3134 3239; x_wconf 86' lang='grc' dir='ltr'>Θεὸν</span> <span class='ocrx_word' id='word_1_480' title='bbox 3216 3186 3489 3259; x_wconf 80' lang='grc' dir='ltr'>ὁμολογίας</span> <span class='ocrx_word' id='word_1_481' title='bbox 3567 3185 3904 3256; x_wconf 83' lang='grc' dir='ltr'>λογισαμένη,</span> 
     </span>
    </p>
   </div>
   <div class='ocr_carea' id='block_1_67' title="bbox 549 3273 2185 3349">
    <p class='ocr_par' dir='ltr' id='par_1_67' title="bbox 549 3274 2185 3345">
     <span class='ocr_line' id='line_1_67' title="bbox 549 3274 2185 3345; baseline 0.005 -20"><span class='ocrx_word' id='word_1_482' title='bbox 549 3287 807 3337; x_wconf 82' lang='lat' dir='ltr'>magnas</span> <span class='ocrx_word' id='word_1_483' title='bbox 831 3274 949 3329; x_wconf 93' lang='lat' dir='ltr'>Deo</span> <span class='ocrx_word' id='word_1_484' title='bbox 972 3276 1087 3343; x_wconf 86' lang='lat' dir='ltr'>egit</span> <span class='ocrx_word' id='word_1_485' title='bbox 1127 3277 1316 3344; x_wconf 88' lang='lat' dir='ltr'>gratia</span> <span class='ocrx_word' id='word_1_486' title='bbox 1347 3293 1358 3330; x_wconf 91' lang='lat'>:</span> <span class='ocrx_word' id='word_1_487' title='bbox 1393 3278 1519 3345; x_wconf 86' lang='lat' dir='ltr'>Ago</span> <span class='ocrx_word' id='word_1_488' title='bbox 1558 3276 1660 3331; x_wconf 88' lang='lat' dir='ltr'>tibi</span> <span class='ocrx_word' id='word_1_489' title='bbox 1695 3278 1937 3345; x_wconf 86' lang='lat' dir='ltr'>gratias,</span> <span class='ocrx_word' id='word_1_490' title='bbox 1972 3278 2185 3340; x_wconf 51' lang='lat' dir='ltr'>dicens,</span> 
     </span>
    </p>
   </div>
   <div class='ocr_carea' id='block_1_68' title="bbox 2269 3273 3905 3349">
    <p class='ocr_par' dir='ltr' id='par_1_68' title="bbox 2307 3273 3905 3349">
     <span class='ocr_line' id='line_1_68' title="bbox 2307 3273 3905 3349; baseline -0.001 -25"><span class='ocrx_word' id='word_1_491' title='bbox 2307 3273 2494 3334; x_wconf 80' lang='grc' dir='ltr'>πολλὰς</span> <span class='ocrx_word' id='word_1_492' title='bbox 2543 3276 2793 3346; x_wconf 79' lang='grc' dir='ltr'>ὡμολόγει</span> <span class='ocrx_word' id='word_1_493' title='bbox 2836 3284 2906 3345; x_wconf 83' lang='grc' dir='ltr'>τῷ</span> <span class='ocrx_word' id='word_1_494' title='bbox 2963 3284 3075 3345; x_wconf 81' lang='grc' dir='ltr'>Θεῷ</span> <span class='ocrx_word' id='word_1_495' title='bbox 3113 3278 3373 3349; x_wconf 76' lang='grc' dir='ltr'>χάριτας·</span> <span class='ocrx_word' id='word_1_496' title='bbox 3430 3274 3743 3348; x_wconf 72' lang='grc' dir='ltr'>Εὐχαριστῶ</span> <span class='ocrx_word' id='word_1_497' title='bbox 3800 3292 3905 3336; x_wconf 92' lang='grc' dir='ltr'>σοι,</span> 
     </span>
    </p>
   </div>
   <div class='ocr_carea' id='block_1_69' title="bbox 548 3359 2184 3437">
    <p class='ocr_par' dir='ltr' id='par_1_69' title="bbox 548 3359 2184 3437">
     <span class='ocr_line' id='line_1_69' title="bbox 548 3359 2184 3437; baseline 0.004 -23"><span class='ocrx_word' id='word_1_498' title='bbox 548 3359 752 3416; x_wconf 89' lang='lat' dir='ltr'>divina</span> <span class='ocrx_word' id='word_1_499' title='bbox 780 3362 1048 3429; x_wconf 89' lang='lat' dir='ltr'>Trinitas,</span> <span class='ocrx_word' id='word_1_500' title='bbox 1079 3380 1199 3419; x_wconf 87' lang='lat' dir='ltr'>una</span> <span class='ocrx_word' id='word_1_501' title='bbox 1229 3364 1525 3429; x_wconf 88' lang='lat' dir='ltr'>divinitas,</span> <span class='ocrx_word' id='word_1_502' title='bbox 1560 3382 1677 3421; x_wconf 89' lang='lat' dir='ltr'>una</span> <span class='ocrx_word' id='word_1_503' title='bbox 1708 3365 1914 3434; x_wconf 76' lang='lat' dir='ltr'>gloria,</span> <span class='ocrx_word' id='word_1_504' title='bbox 1952 3382 2071 3420; x_wconf 87' lang='lat' dir='ltr'>una</span> <span class='ocrx_word' id='word_1_505' title='bbox 2099 3382 2184 3437; x_wconf 92' lang='lat' dir='ltr'>po-</span> 
     </span>
    </p>
   </div>
   <div class='ocr_carea' id='block_1_70' title="bbox 2272 3359 3908 3437">
    <p class='ocr_par' dir='ltr' id='par_1_70' title="bbox 2304 3360 3908 3435">
     <span class='ocr_line' id='line_1_70' title="bbox 2304 3360 3908 3435; baseline -0.001 -21"><span class='ocrx_word' id='word_1_506' title='bbox 2304 3361 2547 3431; x_wconf 80' lang='grc' dir='ltr'>λέγουσα,</span> <span class='ocrx_word' id='word_1_507' title='bbox 2613 3365 2723 3415; x_wconf 88' lang='grc' dir='ltr'>θεία</span> <span class='ocrx_word' id='word_1_508' title='bbox 2777 3368 2956 3435; x_wconf 83' lang='grc' dir='ltr'>Τριάς,</span> <span class='ocrx_word' id='word_1_509' title='bbox 3017 3370 3114 3435; x_wconf 87' lang='grc' dir='ltr'>μία</span> <span class='ocrx_word' id='word_1_510' title='bbox 3173 3367 3372 3425; x_wconf 77' lang='grc' dir='ltr'>θεότης,</span> <span class='ocrx_word' id='word_1_511' title='bbox 3428 3369 3525 3435; x_wconf 83' lang='grc' dir='ltr'>μία</span> <span class='ocrx_word' id='word_1_512' title='bbox 3602 3360 3751 3426; x_wconf 79' lang='grc' dir='ltr'>δόξα,</span> <span class='ocrx_word' id='word_1_513' title='bbox 3810 3366 3908 3433; x_wconf 89' lang='grc' dir='ltr'>μία</span> 
     </span>
    </p>
   </div>
   <div class='ocr_carea' id='block_1_71' title="bbox 551 3447 2187 3525">
    <p class='ocr_par' dir='ltr' id='par_1_71' title="bbox 551 3451 2187 3525">
     <span class='ocr_line' id='line_1_71' title="bbox 551 3451 2187 3525; baseline 0.004 -22"><span class='ocrx_word' id='word_1_514' title='bbox 551 3451 748 3517; x_wconf 88' lang='lat' dir='ltr'>tentia,</span> <span class='ocrx_word' id='word_1_515' title='bbox 777 3452 938 3522; x_wconf 90' lang='lat' dir='ltr'>quod</span> <span class='ocrx_word' id='word_1_516' title='bbox 969 3456 1021 3506; x_wconf 91' lang='lat' dir='ltr'>te</span> <span class='ocrx_word' id='word_1_517' title='bbox 1051 3457 1106 3508; x_wconf 91' lang='lat' dir='ltr'>et</span> <span class='ocrx_word' id='word_1_518' title='bbox 1138 3453 1250 3508; x_wconf 86' lang='lat' dir='ltr'>tuis</span> <span class='ocrx_word' id='word_1_519' title='bbox 1282 3454 1647 3525; x_wconf 89' lang='lat' dir='ltr'>martyribus</span> <span class='ocrx_word' id='word_1_520' title='bbox 1695 3455 1841 3508; x_wconf 90' lang='lat' dir='ltr'>meis</span> <span class='ocrx_word' id='word_1_521' title='bbox 1887 3456 2187 3510; x_wconf 85' lang='lat' dir='ltr'>sororibus</span> 
     </span>
    </p>
   </div>
   <div class='ocr_carea' id='block_1_72' title="bbox 2270 3447 3906 3525">
    <p class='ocr_par' dir='ltr' id='par_1_72' title="bbox 2308 3447 3906 3525">
     <span class='ocr_line' id='line_1_72' title="bbox 2308 3447 3906 3525; baseline -0.001 -25"><span class='ocrx_word' id='word_1_522' title='bbox 2308 3447 2549 3523; x_wconf 81' lang='grc' dir='ltr'>δύναμις,</span> <span class='ocrx_word' id='word_1_523' title='bbox 2598 3455 2677 3503; x_wconf 86' lang='grc' dir='ltr'>ότι</span> <span class='ocrx_word' id='word_1_524' title='bbox 2731 3458 2819 3504; x_wconf 86' lang='grc' dir='ltr'>καί</span> <span class='ocrx_word' id='word_1_525' title='bbox 2860 3473 2922 3525; x_wconf 90' lang='grc' dir='ltr'>με</span> <span class='ocrx_word' id='word_1_526' title='bbox 2966 3462 3055 3505; x_wconf 74' lang='grc' dir='ltr'>τοῦ</span> <span class='ocrx_word' id='word_1_527' title='bbox 3104 3462 3368 3524; x_wconf 81' lang='grc' dir='ltr'>νυμφῶνος</span> <span class='ocrx_word' id='word_1_528' title='bbox 3413 3459 3503 3503; x_wconf 78' lang='grc' dir='ltr'>τοῦ</span> <span class='ocrx_word' id='word_1_529' title='bbox 3557 3460 3649 3502; x_wconf 75' lang='grc' dir='ltr'>σοῦ</span> <span class='ocrx_word' id='word_1_530' title='bbox 3690 3456 3777 3501; x_wconf 85' lang='grc' dir='ltr'>καὶ</span> <span class='ocrx_word' id='word_1_531' title='bbox 3807 3458 3906 3500; x_wconf 86' lang='grc' dir='ltr'>τῶν</span> 
     </span>
    </p>
   </div>
   <div class='ocr_carea' id='block_1_73' title="bbox 548 3538 2184 3613">
    <p class='ocr_par' dir='ltr' id='par_1_73' title="bbox 548 3538 2184 3612">
     <span class='ocr_line' id='line_1_73' title="bbox 548 3538 2184 3612; baseline 0.004 -19"><span class='ocrx_word' id='word_1_532' title='bbox 548 3538 793 3607; x_wconf 88' lang='lat' dir='ltr'>dignam</span> <span class='ocrx_word' id='word_1_533' title='bbox 816 3557 929 3605; x_wconf 92' lang='lat' dir='ltr'>me,</span> <span class='ocrx_word' id='word_1_534' title='bbox 954 3557 1080 3612; x_wconf 64' lang='lat' dir='ltr'>qua?</span> <span class='ocrx_word' id='word_1_535' title='bbox 1105 3559 1239 3598; x_wconf 86' lang='lat' dir='ltr'>sum</span> <span class='ocrx_word' id='word_1_536' title='bbox 1269 3543 1537 3611; x_wconf 87' lang='lat' dir='ltr'>minima,</span> <span class='ocrx_word' id='word_1_537' title='bbox 1571 3543 1895 3598; x_wconf 87' lang='lat' dir='ltr'>reddidisti.</span> <span class='ocrx_word' id='word_1_538' title='bbox 1928 3545 2184 3599; x_wconf 74' lang='lat' dir='ltr'>Concede</span> 
     </span>
    </p>
   </div>
   <div class='ocr_carea' id='block_1_74' title="bbox 2269 3538 3905 3613">
    <p class='ocr_par' dir='ltr' id='par_1_74' title="bbox 2310 3538 3905 3613">
     <span class='ocr_line' id='line_1_74' title="bbox 2310 3538 3905 3613; baseline -0.001 -23"><span class='ocrx_word' id='word_1_539' title='bbox 2310 3548 2410 3590; x_wconf 88' lang='grc' dir='ltr'>σῶν</span> <span class='ocrx_word' id='word_1_540' title='bbox 2487 3544 2763 3613; x_wconf 80' lang='grc' dir='ltr'>μαρτύρων</span> <span class='ocrx_word' id='word_1_541' title='bbox 2858 3551 2955 3593; x_wconf 88' lang='grc' dir='ltr'>τῶν</span> <span class='ocrx_word' id='word_1_542' title='bbox 3041 3540 3172 3613; x_wconf 85' lang='grc' dir='ltr'>ἐμῶν</span> <span class='ocrx_word' id='word_1_543' title='bbox 3266 3538 3496 3612; x_wconf 79' lang='grc' dir='ltr'>ἀδελφῶν</span> <span class='ocrx_word' id='word_1_544' title='bbox 3583 3539 3729 3602; x_wconf 76' lang='grc' dir='ltr'>ἀξίαν</span> <span class='ocrx_word' id='word_1_545' title='bbox 3810 3544 3905 3596; x_wconf 79' lang='grc' dir='ltr'>τὴν</span> 
     </span>
    </p>
   </div>
   <div class='ocr_carea' id='block_1_75' title="bbox 546 3627 2182 3702">
    <p class='ocr_par' dir='ltr' id='par_1_75' title="bbox 546 3632 2182 3702">
     <span class='ocr_line' id='line_1_75' title="bbox 546 3632 2182 3702; baseline 0.002 -19"><span class='ocrx_word' id='word_1_546' title='bbox 546 3632 767 3694; x_wconf 90' lang='lat' dir='ltr'>autem,</span> <span class='ocrx_word' id='word_1_547' title='bbox 802 3634 864 3684; x_wconf 95' lang='lat' dir='ltr'>ut</span> <span class='ocrx_word' id='word_1_548' title='bbox 887 3636 1072 3685; x_wconf 90' lang='lat' dir='ltr'>mater</span> <span class='ocrx_word' id='word_1_549' title='bbox 1102 3647 1236 3687; x_wconf 91' lang='lat' dir='ltr'>mea</span> <span class='ocrx_word' id='word_1_550' title='bbox 1259 3639 1393 3702; x_wconf 90' lang='lat' dir='ltr'>post</span> <span class='ocrx_word' id='word_1_551' title='bbox 1422 3648 1622 3687; x_wconf 90' lang='lat' dir='ltr'>meum</span> <span class='ocrx_word' id='word_1_552' title='bbox 1650 3633 1958 3688; x_wconf 88' lang='lat' dir='ltr'>decessum</span> <span class='ocrx_word' id='word_1_553' title='bbox 1990 3633 2182 3689; x_wconf 72' lang='lat' dir='ltr'>tandiu</span> 
     </span>
    </p>
   </div>
   <div class='ocr_carea' id='block_1_76' title="bbox 2271 3627 3907 3702">
    <p class='ocr_par' dir='ltr' id='par_1_76' title="bbox 2307 3627 3907 3701">
     <span class='ocr_line' id='line_1_76' title="bbox 2307 3627 3907 3701; baseline -0.001 -22"><span class='ocrx_word' id='word_1_554' title='bbox 2307 3627 2592 3699; x_wconf 74' lang='grc' dir='ltr'>ἐλαχίστην</span> <span class='ocrx_word' id='word_1_555' title='bbox 2652 3627 2865 3693; x_wconf 84' lang='grc' dir='ltr'>ἔδειξας.</span> <span class='ocrx_word' id='word_1_556' title='bbox 2932 3635 3019 3691; x_wconf 89' lang='grc' dir='ltr'>Δὸς</span> <span class='ocrx_word' id='word_1_557' title='bbox 3091 3628 3150 3683; x_wconf 70' lang='grc' dir='ltr'>δὲ</span> <span class='ocrx_word' id='word_1_558' title='bbox 3206 3635 3294 3681; x_wconf 83' lang='grc' dir='ltr'>καὶ</span> <span class='ocrx_word' id='word_1_559' title='bbox 3368 3635 3453 3687; x_wconf 79' lang='grc' dir='ltr'>τὴν</span> <span class='ocrx_word' id='word_1_560' title='bbox 3511 3629 3634 3701; x_wconf 79' lang='grc' dir='ltr'>ἐμὴν</span> <span class='ocrx_word' id='word_1_561' title='bbox 3706 3633 3907 3701; x_wconf 81' lang='grc' dir='ltr'>μητέρα</span> 
     </span>
    </p>
   </div>
   <div class='ocr_carea' id='block_1_77' title="bbox 550 3716 2186 3792">
    <p class='ocr_par' dir='ltr' id='par_1_77' title="bbox 550 3716 2186 3792">
     <span class='ocr_line' id='line_1_77' title="bbox 550 3716 2186 3792; baseline 0.004 -22"><span class='ocrx_word' id='word_1_562' title='bbox 550 3716 622 3771; x_wconf 92' lang='lat' dir='ltr'>sit</span> <span class='ocrx_word' id='word_1_563' title='bbox 660 3716 719 3771; x_wconf 89' lang='lat' dir='ltr'>in</span> <span class='ocrx_word' id='word_1_564' title='bbox 758 3717 872 3773; x_wconf 90' lang='lat' dir='ltr'>hac</span> <span class='ocrx_word' id='word_1_565' title='bbox 914 3718 1136 3775; x_wconf 89' lang='lat' dir='ltr'>misera</span> <span class='ocrx_word' id='word_1_566' title='bbox 1175 3720 1293 3776; x_wconf 90' lang='lat' dir='ltr'>vita</span> <span class='ocrx_word' id='word_1_567' title='bbox 1334 3727 1653 3792; x_wconf 84' lang='lat' dir='ltr'>superstes,</span> <span class='ocrx_word' id='word_1_568' title='bbox 1700 3728 1759 3777; x_wconf 91' lang='lat' dir='ltr'>ut</span> <span class='ocrx_word' id='word_1_569' title='bbox 1802 3722 1913 3776; x_wconf 89' lang='lat' dir='ltr'>tuis</span> <span class='ocrx_word' id='word_1_570' title='bbox 1969 3722 2186 3777; x_wconf 79' lang='lat' dir='ltr'>ancillis</span> 
     </span>
    </p>
   </div>
   <div class='ocr_carea' id='block_1_78' title="bbox 2271 3716 3907 3792">
    <p class='ocr_par' dir='ltr' id='par_1_78' title="bbox 2308 3717 3907 3791">
     <span class='ocr_line' id='line_1_78' title="bbox 2308 3717 3907 3791; baseline -0.002 -22"><span class='ocrx_word' id='word_1_571' title='bbox 2308 3721 2435 3790; x_wconf 87' lang='grc' dir='ltr'>μετά</span> <span class='ocrx_word' id='word_1_572' title='bbox 2466 3724 2558 3776; x_wconf 78' lang='grc' dir='ltr'>τὴν</span> <span class='ocrx_word' id='word_1_573' title='bbox 2604 3718 2727 3791; x_wconf 78' lang='grc' dir='ltr'>ἐμὴν</span> <span class='ocrx_word' id='word_1_574' title='bbox 2776 3720 3012 3778; x_wconf 78' lang='grc' dir='ltr'>τελευτὴν</span> <span class='ocrx_word' id='word_1_575' title='bbox 3062 3728 3132 3790; x_wconf 80' lang='grc' dir='ltr'>τῷ</span> <span class='ocrx_word' id='word_1_576' title='bbox 3180 3720 3488 3791; x_wconf 73' lang='grc' dir='ltr'>ταλαιπώρῳ</span> <span class='ocrx_word' id='word_1_577' title='bbox 3518 3722 3681 3789; x_wconf 77' lang='grc' dir='ltr'>τούτῳ</span> <span class='ocrx_word' id='word_1_578' title='bbox 3727 3717 3907 3778; x_wconf 78' lang='grc' dir='ltr'>ἐπιζῆ-</span> 
     </span>
    </p>
   </div>
   <div class='ocr_carea' id='block_1_79' title="bbox 540 3804 2176 3881">
    <p class='ocr_par' dir='ltr' id='par_1_79' title="bbox 540 3804 931 3876">
     <span class='ocr_line' id='line_1_79' title="bbox 540 3804 931 3876; baseline 0.013 -18"><span class='ocrx_word' id='word_1_579' title='bbox 540 3805 703 3876; x_wconf 89' lang='lat' dir='ltr'>justa</span> <span class='ocrx_word' id='word_1_580' title='bbox 732 3804 931 3863; x_wconf 88' lang='lat' dir='ltr'>faciat.</span> 
     </span>
    </p>
   </div>
   <div class='ocr_carea' id='block_1_80' title="bbox 2273 3804 3909 3881">
    <p class='ocr_par' dir='ltr' id='par_1_80' title="bbox 2311 3806 3909 3881">
     <span class='ocr_line' id='line_1_80' title="bbox 2311 3806 3909 3881; baseline -0.001 -23"><span class='ocrx_word' id='word_1_581' title='bbox 2311 3826 2401 3858; x_wconf 92' lang='grc' dir='ltr'>σαι</span> <span class='ocrx_word' id='word_1_582' title='bbox 2456 3806 2577 3880; x_wconf 74' lang='grc' dir='ltr'>βίῳ,</span> <span class='ocrx_word' id='word_1_583' title='bbox 2635 3810 2753 3860; x_wconf 86' lang='grc' dir='ltr'>ὅσον</span> <span class='ocrx_word' id='word_1_584' title='bbox 2812 3812 2875 3860; x_wconf 77' lang='grc' dir='ltr'>τὰ</span> <span class='ocrx_word' id='word_1_585' title='bbox 2934 3813 3270 3881; x_wconf 80' lang='grc' dir='ltr'>νενομισμένα</span> <span class='ocrx_word' id='word_1_586' title='bbox 3321 3816 3431 3868; x_wconf 83' lang='grc' dir='ltr'>ταῖς</span> <span class='ocrx_word' id='word_1_587' title='bbox 3487 3815 3603 3869; x_wconf 87' lang='grc' dir='ltr'>σαῖς</span> <span class='ocrx_word' id='word_1_588' title='bbox 3663 3810 3909 3879; x_wconf 88' lang='grc' dir='ltr'>θεραπαι-</span> 
     </span>
    </p>
   </div>
   <div class='ocr_carea' id='block_1_81' title="bbox 2307 3895 2897 3968">
    <p class='ocr_par' dir='ltr' id='par_1_81' title="bbox 2307 3895 2897 3968">
     <span class='ocr_line' id='line_1_81' title="bbox 2307 3895 2897 3968; baseline 0.007 -21"><span class='ocrx_word' id='word_1_589' title='bbox 2307 3900 2443 3947; x_wconf 91' lang='grc' dir='ltr'>νίσιν</span> <span class='ocrx_word' id='word_1_590' title='bbox 2472 3895 2897 3968; x_wconf 83' lang='grc' dir='ltr'>ἀφοσιώσασθαι.</span> 
     </span>
    </p>
   </div>
   <div class='ocr_carea' id='block_1_82' title="bbox 619 3982 2255 4059">
    <p class='ocr_par' dir='ltr' id='par_1_82' title="bbox 619 3986 2198 4057">
     <span class='ocr_line' id='line_1_82' title="bbox 619 3986 2198 4057; baseline 0.004 -18"><span class='ocrx_word' id='word_1_591' title='bbox 619 3987 749 4040; x_wconf 87' lang='lat' dir='ltr'>XIV.</span> <span class='ocrx_word' id='word_1_592' title='bbox 794 3986 937 4040; x_wconf 91' lang='lat' dir='ltr'>Cum</span> <span class='ocrx_word' id='word_1_593' title='bbox 980 3986 1063 4041; x_wconf 92' lang='lat' dir='ltr'>sic</span> <span class='ocrx_word' id='word_1_594' title='bbox 1105 3994 1335 4057; x_wconf 89' lang='lat' dir='ltr'>precata</span> <span class='ocrx_word' id='word_1_595' title='bbox 1375 3993 1527 4044; x_wconf 91' lang='lat' dir='ltr'>esset</span> <span class='ocrx_word' id='word_1_596' title='bbox 1567 3989 1741 4044; x_wconf 89' lang='lat' dir='ltr'>beata</span> <span class='ocrx_word' id='word_1_597' title='bbox 1778 3989 2046 4045; x_wconf 90' lang='lat' dir='ltr'>Charitas</span> <span class='ocrx_word' id='word_1_598' title='bbox 2096 3990 2198 4045; x_wconf 90' lang='lat' dir='ltr'>ad-</span> 
     </span>
    </p>
   </div>
   <div class='ocr_carea' id='block_1_83' title="bbox 2264 3982 3900 4059">
    <p class='ocr_par' dir='ltr' id='par_1_83' title="bbox 2380 3982 3900 4059">
     <span class='ocr_line' id='line_1_83' title="bbox 2380 3982 3900 4059; baseline -0.001 -22"><span class='ocrx_word' id='word_1_599' title='bbox 2380 3984 2473 4038; x_wconf 75' lang='lat' dir='ltr'>IA&#39;.</span> <span class='ocrx_word' id='word_1_600' title='bbox 2537 3986 2686 4038; x_wconf 75' lang='grc' dir='ltr'>Οὕτω</span> <span class='ocrx_word' id='word_1_601' title='bbox 2746 3996 2837 4049; x_wconf 82' lang='grc' dir='ltr'>τῆς</span> <span class='ocrx_word' id='word_1_602' title='bbox 2909 3991 3171 4059; x_wconf 87' lang='grc' dir='ltr'>μακαρίας</span> <span class='ocrx_word' id='word_1_603' title='bbox 3231 3982 3504 4045; x_wconf 79' lang='grc' dir='ltr'>δεηθείσης</span> <span class='ocrx_word' id='word_1_604' title='bbox 3563 3984 3815 4055; x_wconf 82' lang='grc' dir='ltr'>Ἀγάπης,</span> <span class='ocrx_word' id='word_1_605' title='bbox 3871 3987 3900 4042; x_wconf 83' lang='grc' dir='ltr'>ἡ</span> 
     </span>
    </p>
   </div>
   <div class='ocr_carea' id='block_1_84' title="bbox 550 4074 2186 4149">
    <p class='ocr_par' dir='ltr' id='par_1_84' title="bbox 550 4074 2186 4149">
     <span class='ocr_line' id='line_1_84' title="bbox 550 4074 2186 4149; baseline 0.004 -22"><span class='ocrx_word' id='word_1_606' title='bbox 550 4074 833 4129; x_wconf 68' lang='lat' dir='ltr'>mirandae</span> <span class='ocrx_word' id='word_1_607' title='bbox 872 4074 1006 4129; x_wconf 65' lang='lat' dir='ltr'>ﬁlim</span> <span class='ocrx_word' id='word_1_608' title='bbox 1030 4082 1216 4131; x_wconf 89' lang='lat' dir='ltr'>mater</span> <span class='ocrx_word' id='word_1_609' title='bbox 1247 4077 1614 4132; x_wconf 88' lang='lat' dir='ltr'>admirabilis</span> <span class='ocrx_word' id='word_1_610' title='bbox 1649 4094 1754 4148; x_wconf 91' lang='lat' dir='ltr'>pro</span> <span class='ocrx_word' id='word_1_611' title='bbox 1785 4094 1855 4133; x_wconf 89' lang='lat' dir='ltr'>ea</span> <span class='ocrx_word' id='word_1_612' title='bbox 1882 4083 1968 4132; x_wconf 89' lang='lat' dir='ltr'>est</span> <span class='ocrx_word' id='word_1_613' title='bbox 1999 4093 2186 4149; x_wconf 89' lang='lat' dir='ltr'>preca-</span> 
     </span>
    </p>
   </div>
   <div class='ocr_carea' id='block_1_85' title="bbox 2271 4074 3907 4149">
    <p class='ocr_par' dir='ltr' id='par_1_85' title="bbox 2307 4076 3907 4149">
     <span class='ocr_line' id='line_1_85' title="bbox 2307 4076 3907 4149; baseline 0 -24"><span class='ocrx_word' id='word_1_614' title='bbox 2307 4082 2402 4134; x_wconf 84' lang='grc' dir='ltr'>τῆς</span> <span class='ocrx_word' id='word_1_615' title='bbox 2480 4077 2772 4146; x_wconf 87' lang='grc' dir='ltr'>θαυμασίας</span> <span class='ocrx_word' id='word_1_616' title='bbox 2854 4077 3112 4149; x_wconf 85' lang='grc' dir='ltr'>θυγατρός</span> <span class='ocrx_word' id='word_1_617' title='bbox 3195 4076 3465 4145; x_wconf 89' lang='grc' dir='ltr'>θαυμασία</span> <span class='ocrx_word' id='word_1_618' title='bbox 3540 4080 3714 4145; x_wconf 78' lang='grc' dir='ltr'>μήτηρ</span> <span class='ocrx_word' id='word_1_619' title='bbox 3792 4076 3907 4125; x_wconf 82' lang='grc' dir='ltr'>τινὰ</span> 
     </span>
    </p>
   </div>
   <div class='ocr_carea' id='block_1_86' title="bbox 550 4161 2186 4237">
    <p class='ocr_par' dir='ltr' id='par_1_86' title="bbox 550 4165 2186 4237">
     <span class='ocr_line' id='line_1_86' title="bbox 550 4165 2186 4237; baseline 0.002 -21"><span class='ocrx_word' id='word_1_620' title='bbox 550 4167 629 4231; x_wconf 89' lang='lat' dir='ltr'>ta,</span> <span class='ocrx_word' id='word_1_621' title='bbox 673 4178 790 4217; x_wconf 91' lang='lat' dir='ltr'>non</span> <span class='ocrx_word' id='word_1_622' title='bbox 825 4171 885 4218; x_wconf 89' lang='lat' dir='ltr'>ut</span> <span class='ocrx_word' id='word_1_623' title='bbox 922 4180 1055 4219; x_wconf 88' lang='lat' dir='ltr'>eam</span> <span class='ocrx_word' id='word_1_624' title='bbox 1096 4165 1320 4220; x_wconf 89' lang='lat' dir='ltr'>videret</span> <span class='ocrx_word' id='word_1_625' title='bbox 1359 4167 1579 4233; x_wconf 88' lang='lat' dir='ltr'>vivam,</span> <span class='ocrx_word' id='word_1_626' title='bbox 1620 4174 1673 4221; x_wconf 87' lang='lat' dir='ltr'>et</span> <span class='ocrx_word' id='word_1_627' title='bbox 1709 4170 1889 4235; x_wconf 88' lang='lat' dir='ltr'>longo</span> <span class='ocrx_word' id='word_1_628' title='bbox 1931 4172 2186 4237; x_wconf 80' lang='lat' dir='ltr'>tempore</span> 
     </span>
    </p>
   </div>
   <div class='ocr_carea' id='block_1_87' title="bbox 2269 4161 3905 4237">
    <p class='ocr_par' dir='ltr' id='par_1_87' title="bbox 2307 4161 3905 4234">
     <span class='ocr_line' id='line_1_87' title="bbox 2307 4161 3905 4234; baseline -0.001 -21"><span class='ocrx_word' id='word_1_629' title='bbox 2307 4164 2431 4234; x_wconf 68' lang='grc' dir='ltr'>ὑπὲρ</span> <span class='ocrx_word' id='word_1_630' title='bbox 2485 4164 2647 4223; x_wconf 67' lang='grc' dir='ltr'>αὐτῆς</span> <span class='ocrx_word' id='word_1_631' title='bbox 2699 4161 2882 4220; x_wconf 83' lang='grc' dir='ltr'>δέησιν</span> <span class='ocrx_word' id='word_1_632' title='bbox 2931 4164 3170 4231; x_wconf 78' lang='grc' dir='ltr'>ἐποιεῖτο,</span> <span class='ocrx_word' id='word_1_633' title='bbox 3222 4163 3326 4234; x_wconf 68' lang='grc' dir='ltr'>οὐχ</span> <span class='ocrx_word' id='word_1_634' title='bbox 3385 4165 3465 4214; x_wconf 82' lang='grc' dir='ltr'>ἵνα</span> <span class='ocrx_word' id='word_1_635' title='bbox 3520 4163 3692 4223; x_wconf 80' lang='grc' dir='ltr'>ζῶσαν</span> <span class='ocrx_word' id='word_1_636' title='bbox 3744 4162 3905 4220; x_wconf 70' lang='grc' dir='ltr'>αὐτὴν</span> 
     </span>
    </p>
   </div>
   <div class='ocr_carea' id='block_1_88' title="bbox 548 4249 2184 4327">
    <p class='ocr_par' dir='ltr' id='par_1_88' title="bbox 548 4252 2184 4323">
     <span class='ocr_line' id='line_1_88' title="bbox 548 4252 2184 4323; baseline 0.002 -18"><span class='ocrx_word' id='word_1_637' title='bbox 548 4252 782 4316; x_wconf 85' lang='lat' dir='ltr'>viveret,</span> <span class='ocrx_word' id='word_1_638' title='bbox 826 4258 1075 4309; x_wconf 85' lang='lat' dir='ltr'>mortem</span> <span class='ocrx_word' id='word_1_639' title='bbox 1118 4254 1425 4323; x_wconf 76' lang='lat' dir='ltr'>effugiens,</span> <span class='ocrx_word' id='word_1_640' title='bbox 1459 4261 1514 4309; x_wconf 86' lang='lat' dir='ltr'>et</span> <span class='ocrx_word' id='word_1_641' title='bbox 1553 4272 1682 4309; x_wconf 90' lang='lat' dir='ltr'>eam</span> <span class='ocrx_word' id='word_1_642' title='bbox 1725 4256 1909 4311; x_wconf 90' lang='lat' dir='ltr'>solam</span> <span class='ocrx_word' id='word_1_643' title='bbox 1951 4256 2184 4310; x_wconf 91' lang='lat' dir='ltr'>haberet</span> 
     </span>
    </p>
   </div>
   <div class='ocr_carea' id='block_1_89' title="bbox 2268 4249 3904 4327">
    <p class='ocr_par' dir='ltr' id='par_1_89' title="bbox 2309 4249 3904 4327">
     <span class='ocr_line' id='line_1_89' title="bbox 2309 4249 3904 4327; baseline -0.002 -24"><span class='ocrx_word' id='word_1_644' title='bbox 2309 4254 2423 4324; x_wconf 76' lang='grc' dir='ltr'>ὁρᾷ,</span> <span class='ocrx_word' id='word_1_645' title='bbox 2479 4249 2591 4304; x_wconf 70' lang='grc' dir='ltr'>οὐδ’</span> <span class='ocrx_word' id='word_1_646' title='bbox 2653 4255 2733 4316; x_wconf 76' lang='grc' dir='ltr'>ῖνρι</span> <span class='ocrx_word' id='word_1_647' title='bbox 2802 4257 2998 4324; x_wconf 89' lang='grc' dir='ltr'>μακρόν</span> <span class='ocrx_word' id='word_1_648' title='bbox 3069 4258 3258 4327; x_wconf 87' lang='grc' dir='ltr'>χρόνον</span> <span class='ocrx_word' id='word_1_649' title='bbox 3332 4251 3469 4324; x_wconf 80' lang='grc' dir='ltr'>βιῴη</span> <span class='ocrx_word' id='word_1_650' title='bbox 3542 4255 3627 4303; x_wconf 78' lang='grc' dir='ltr'>τὸν</span> <span class='ocrx_word' id='word_1_651' title='bbox 3688 4252 3904 4303; x_wconf 87' lang='grc' dir='ltr'>θάνατον</span> 
     </span>
    </p>
   </div>
   <div class='ocr_carea' id='block_1_90' title="bbox 550 4340 2186 4416">
    <p class='ocr_par' dir='ltr' id='par_1_90' title="bbox 550 4340 2186 4416">
     <span class='ocr_line' id='line_1_90' title="bbox 550 4340 2186 4416; baseline 0 -20"><span class='ocrx_word' id='word_1_652' title='bbox 550 4340 1019 4398; x_wconf 90' lang='lat' dir='ltr'>consolationem</span> <span class='ocrx_word' id='word_1_653' title='bbox 1061 4348 1115 4397; x_wconf 91' lang='lat' dir='ltr'>et</span> <span class='ocrx_word' id='word_1_654' title='bbox 1173 4360 1340 4416; x_wconf 86' lang='lat' dir='ltr'>spem</span> <span class='ocrx_word' id='word_1_655' title='bbox 1389 4345 1731 4410; x_wconf 87' lang='lat' dir='ltr'>senectutis,</span> <span class='ocrx_word' id='word_1_656' title='bbox 1758 4362 1891 4399; x_wconf 91' lang='lat' dir='ltr'>cum</span> <span class='ocrx_word' id='word_1_657' title='bbox 1942 4344 2019 4400; x_wconf 90' lang='lat' dir='ltr'>ab</span> <span class='ocrx_word' id='word_1_658' title='bbox 2069 4343 2186 4399; x_wconf 82' lang='lat' dir='ltr'>aliis</span> 
     </span>
    </p>
   </div>
   <div class='ocr_carea' id='block_1_91' title="bbox 2268 4340 3904 4416">
    <p class='ocr_par' dir='ltr' id='par_1_91' title="bbox 2308 4340 3904 4415">
     <span class='ocr_line' id='line_1_91' title="bbox 2308 4340 3904 4415; baseline 0 -23"><span class='ocrx_word' id='word_1_659' title='bbox 2308 4341 2624 4412; x_wconf 75' lang='grc' dir='ltr'>ἐκφυγοῦσα,</span> <span class='ocrx_word' id='word_1_660' title='bbox 2681 4348 2768 4393; x_wconf 90' lang='grc' dir='ltr'>καὶ</span> <span class='ocrx_word' id='word_1_661' title='bbox 2822 4343 3157 4415; x_wconf 87' lang='grc' dir='ltr'>παραμυθίαν</span> <span class='ocrx_word' id='word_1_662' title='bbox 3212 4340 3372 4398; x_wconf 69' lang='grc' dir='ltr'>αὐτὴν</span> <span class='ocrx_word' id='word_1_663' title='bbox 3426 4345 3584 4411; x_wconf 86' lang='grc' dir='ltr'>μόνην</span> <span class='ocrx_word' id='word_1_664' title='bbox 3645 4343 3761 4411; x_wconf 77' lang='grc' dir='ltr'>ἔχοι</span> <span class='ocrx_word' id='word_1_665' title='bbox 3815 4345 3904 4392; x_wconf 82' lang='grc' dir='ltr'>καὶ</span> 
     </span>
    </p>
   </div>
   <div class='ocr_carea' id='block_1_92' title="bbox 550 4427 2186 4520">
    <p class='ocr_par' dir='ltr' id='par_1_92' title="bbox 550 4430 2186 4504">
     <span class='ocr_line' id='line_1_92' title="bbox 550 4430 2186 4504; baseline 0.002 -20"><span class='ocrx_word' id='word_1_666' title='bbox 550 4434 702 4484; x_wconf 89' lang='lat' dir='ltr'>esset</span> <span class='ocrx_word' id='word_1_667' title='bbox 754 4430 988 4486; x_wconf 86' lang='lat' dir='ltr'>deserta</span> <span class='ocrx_word' id='word_1_668' title='bbox 1043 4431 1314 4499; x_wconf 87' lang='lat' dir='ltr'>filiabus;</span> <span class='ocrx_word' id='word_1_669' title='bbox 1346 4432 1488 4487; x_wconf 88' lang='lat' dir='ltr'>nihil</span> <span class='ocrx_word' id='word_1_670' title='bbox 1541 4434 1756 4489; x_wconf 90' lang='lat' dir='ltr'>horum</span> <span class='ocrx_word' id='word_1_671' title='bbox 1797 4438 1882 4489; x_wconf 87' lang='lat' dir='ltr'>est</span> <span class='ocrx_word' id='word_1_672' title='bbox 1936 4439 2186 4504; x_wconf 72' lang='lat' dir='ltr'>precata,</span> 
     </span>
    </p>
   </div>
   <div class='ocr_carea' id='block_1_93' title="bbox 2266 4427 3902 4520">
    <p class='ocr_par' dir='ltr' id='par_1_93' title="bbox 2266 4427 3902 4514">
     <span class='ocr_line' id='line_1_93' title="bbox 2266 4427 3902 4514; baseline 0 -33"><span class='ocrx_word' id='word_1_673' title='bbox 2266 4436 2596 4514; x_wconf 65' lang='grc' dir='ltr'>⁵γηροκόμον</span> <span class='ocrx_word' id='word_1_674' title='bbox 2668 4427 2855 4481; x_wconf 86' lang='grc' dir='ltr'>ἐλπίδα</span> <span class='ocrx_word' id='word_1_675' title='bbox 2927 4440 3022 4481; x_wconf 84' lang='grc' dir='ltr'>τῶν</span> <span class='ocrx_word' id='word_1_676' title='bbox 3107 4430 3269 4481; x_wconf 80' lang='grc' dir='ltr'>ἄλλων</span> <span class='ocrx_word' id='word_1_677' title='bbox 3348 4431 3638 4501; x_wconf 86' lang='grc' dir='ltr'>θυγατέρων</span> <span class='ocrx_word' id='word_1_678' title='bbox 3719 4432 3902 4503; x_wconf 80' lang='grc' dir='ltr'>ἔρημος</span> 
     </span>
    </p>
   </div>
   <div class='ocr_carea' id='block_1_94' title="bbox 550 4516 2186 4591">
    <p class='ocr_par' dir='ltr' id='par_1_94' title="bbox 550 4518 2186 4591">
     <span class='ocr_line' id='line_1_94' title="bbox 550 4518 2186 4591; baseline 0.001 -18"><span class='ocrx_word' id='word_1_679' title='bbox 550 4522 650 4573; x_wconf 92' lang='lat' dir='ltr'>aut</span> <span class='ocrx_word' id='word_1_680' title='bbox 683 4518 896 4590; x_wconf 76' lang='lat' dir='ltr'>voluit;</span> <span class='ocrx_word' id='word_1_681' title='bbox 933 4520 1055 4574; x_wconf 69' lang='lat' dir='ltr'>hmo</span> <span class='ocrx_word' id='word_1_682' title='bbox 1086 4521 1245 4575; x_wconf 91' lang='lat' dir='ltr'>enim</span> <span class='ocrx_word' id='word_1_683' title='bbox 1274 4521 1589 4591; x_wconf 86' lang='lat' dir='ltr'>judicabat</span> <span class='ocrx_word' id='word_1_684' title='bbox 1619 4538 1749 4576; x_wconf 89' lang='lat' dir='ltr'>esse</span> <span class='ocrx_word' id='word_1_685' title='bbox 1783 4526 2039 4577; x_wconf 90' lang='lat' dir='ltr'>matrum</span> <span class='ocrx_word' id='word_1_686' title='bbox 2087 4520 2186 4575; x_wconf 91' lang='lat' dir='ltr'>illi-</span> 
     </span>
    </p>
   </div>
   <div class='ocr_carea' id='block_1_95' title="bbox 2268 4516 3904 4591">
    <p class='ocr_par' dir='ltr' id='par_1_95' title="bbox 2308 4516 3904 4580">
     <span class='ocr_line' id='line_1_95' title="bbox 2308 4516 3904 4580; baseline -0.001 -9"><span class='ocrx_word' id='word_1_687' title='bbox 2308 4516 2477 4571; x_wconf 77' lang='grc' dir='ltr'>οὖσα·</span> <span class='ocrx_word' id='word_1_688' title='bbox 2535 4516 2683 4571; x_wconf 72' lang='grc' dir='ltr'>οὐδὲν</span> <span class='ocrx_word' id='word_1_689' title='bbox 2738 4527 2969 4571; x_wconf 78' lang='grc' dir='ltr'>τοιοῦτον</span> <span class='ocrx_word' id='word_1_690' title='bbox 3022 4520 3051 4577; x_wconf 75' lang='grc' dir='ltr'><strong><em>ἦ</em></strong></span> <span class='ocrx_word' id='word_1_691' title='bbox 3109 4519 3302 4580; x_wconf 69' lang='grc' dir='ltr'>ηὔξατο</span> <span class='ocrx_word' id='word_1_692' title='bbox 3353 4520 3381 4577; x_wconf 77' lang='grc' dir='ltr'>ἡ</span> <span class='ocrx_word' id='word_1_693' title='bbox 3436 4518 3672 4577; x_wconf 67' lang='grc' dir='ltr'>ἠθέλησε.</span> <span class='ocrx_word' id='word_1_694' title='bbox 3730 4526 3904 4570; x_wconf 70' lang='grc' dir='ltr'>Ταϋτα</span> 
     </span>
    </p>
   </div>
   <div class='ocr_carea' id='block_1_96' title="bbox 549 4602 2185 4682">
    <p class='ocr_par' dir='ltr' id='par_1_96' title="bbox 549 4602 2185 4682">
     <span class='ocr_line' id='line_1_96' title="bbox 549 4602 2185 4682; baseline 0.002 -21"><span class='ocrx_word' id='word_1_695' title='bbox 549 4606 766 4662; x_wconf 88' lang='lat' dir='ltr'>beralis</span> <span class='ocrx_word' id='word_1_696' title='bbox 806 4613 861 4662; x_wconf 91' lang='lat' dir='ltr'>et</span> <span class='ocrx_word' id='word_1_697' title='bbox 901 4609 1100 4679; x_wconf 88' lang='lat' dir='ltr'>pusilli</span> <span class='ocrx_word' id='word_1_698' title='bbox 1132 4602 1359 4675; x_wconf 65' lang='lat' dir='ltr'>animi,</span> <span class='ocrx_word' id='word_1_699' title='bbox 1383 4616 1439 4666; x_wconf 89' lang='lat' dir='ltr'>et</span> <span class='ocrx_word' id='word_1_700' title='bbox 1477 4628 1610 4682; x_wconf 65' lang='lat' dir='ltr'>quae</span> <span class='ocrx_word' id='word_1_701' title='bbox 1643 4614 1946 4667; x_wconf 89' lang='lat' dir='ltr'>intuentur</span> <span class='ocrx_word' id='word_1_702' title='bbox 2000 4613 2185 4666; x_wconf 89' lang='lat' dir='ltr'>solum</span> 
     </span>
    </p>
   </div>
   <div class='ocr_carea' id='block_1_97' title="bbox 2268 4602 3904 4682">
    <p class='ocr_par' dir='ltr' id='par_1_97' title="bbox 2306 4608 3904 4681">
     <span class='ocr_line' id='line_1_97' title="bbox 2306 4608 3904 4681; baseline -0.002 -21"><span class='ocrx_word' id='word_1_703' title='bbox 2306 4612 2407 4681; x_wconf 79' lang='grc' dir='ltr'>γὰρ</span> <span class='ocrx_word' id='word_1_704' title='bbox 2466 4608 2681 4679; x_wconf 68' lang='grc' dir='ltr'>ἀγεννῶν</span> <span class='ocrx_word' id='word_1_705' title='bbox 2740 4610 2901 4679; x_wconf 81' lang='grc' dir='ltr'>ἔκρινε</span> <span class='ocrx_word' id='word_1_706' title='bbox 2972 4611 3204 4681; x_wconf 82' lang='grc' dir='ltr'>μητέρων</span> <span class='ocrx_word' id='word_1_707' title='bbox 3280 4613 3368 4659; x_wconf 85' lang='lat' dir='ltr'>xui</span> <span class='ocrx_word' id='word_1_708' title='bbox 3443 4611 3571 4680; x_wconf 89' lang='grc' dir='ltr'>πρὸς</span> <span class='ocrx_word' id='word_1_709' title='bbox 3628 4610 3683 4657; x_wconf 87' lang='grc' dir='ltr'>τό</span> <span class='ocrx_word' id='word_1_710' title='bbox 3741 4610 3904 4678; x_wconf 87' lang='grc' dir='ltr'>παρὸν</span> 
     </span>
    </p>
   </div>
   <div class='ocr_carea' id='block_1_98' title="bbox 552 4695 2188 4772">
    <p class='ocr_par' dir='ltr' id='par_1_98' title="bbox 552 4696 2188 4772">
     <span class='ocr_line' id='line_1_98' title="bbox 552 4696 2188 4772; baseline 0.001 -20"><span class='ocrx_word' id='word_1_711' title='bbox 552 4696 629 4752; x_wconf 90' lang='lat' dir='ltr'>ad</span> <span class='ocrx_word' id='word_1_712' title='bbox 660 4696 719 4750; x_wconf 91' lang='lat' dir='ltr'>id</span> <span class='ocrx_word' id='word_1_713' title='bbox 767 4698 931 4768; x_wconf 89' lang='lat' dir='ltr'>quod</span> <span class='ocrx_word' id='word_1_714' title='bbox 979 4699 1168 4761; x_wconf 87' lang='lat' dir='ltr'>adest,</span> <span class='ocrx_word' id='word_1_715' title='bbox 1200 4705 1253 4754; x_wconf 90' lang='lat' dir='ltr'>et</span> <span class='ocrx_word' id='word_1_716' title='bbox 1303 4700 1465 4772; x_wconf 91' lang='lat' dir='ltr'>quod</span> <span class='ocrx_word' id='word_1_717' title='bbox 1494 4700 1723 4755; x_wconf 88' lang='lat' dir='ltr'>videtur</span> <span class='ocrx_word' id='word_1_718' title='bbox 1756 4719 1768 4753; x_wconf 89' lang='lat'><strong>:</strong></span> <span class='ocrx_word' id='word_1_719' title='bbox 1804 4700 1908 4756; x_wconf 87' lang='lat' dir='ltr'>sed</span> <span class='ocrx_word' id='word_1_720' title='bbox 1942 4704 2001 4755; x_wconf 89' lang='lat' dir='ltr'>ut</span> <span class='ocrx_word' id='word_1_721' title='bbox 2048 4715 2188 4754; x_wconf 89' lang='lat' dir='ltr'>con-</span> 
     </span>
    </p>
   </div>
   <div class='ocr_carea' id='block_1_99' title="bbox 2270 4695 3906 4772">
    <p class='ocr_par' dir='ltr' id='par_1_99' title="bbox 2307 4695 3906 4770">
     <span class='ocr_line' id='line_1_99' title="bbox 2307 4695 3906 4770; baseline -0.002 -21"><span class='ocrx_word' id='word_1_722' title='bbox 2307 4703 2458 4769; x_wconf 88' lang='grc' dir='ltr'>μόνον</span> <span class='ocrx_word' id='word_1_723' title='bbox 2514 4696 2835 4770; x_wconf 79' lang='grc' dir='ltr'>βλεπουσῶν,</span> <span class='ocrx_word' id='word_1_724' title='bbox 2898 4695 3004 4747; x_wconf 84' lang='grc' dir='ltr'>ἀλλ’</span> <span class='ocrx_word' id='word_1_725' title='bbox 3058 4699 3187 4748; x_wconf 82' lang='grc' dir='ltr'>ὥστε</span> <span class='ocrx_word' id='word_1_726' title='bbox 3237 4700 3369 4747; x_wconf 86' lang='grc' dir='ltr'>κατά</span> <span class='ocrx_word' id='word_1_727' title='bbox 3426 4701 3518 4753; x_wconf 81' lang='grc' dir='ltr'>τὴν</span> <span class='ocrx_word' id='word_1_728' title='bbox 3566 4696 3723 4755; x_wconf 67' lang='grc' dir='ltr'>αὐτῆς</span> <span class='ocrx_word' id='word_1_729' title='bbox 3774 4700 3906 4768; x_wconf 85' lang='grc' dir='ltr'>πρό-</span> 
     </span>
    </p>
   </div>
   <div class='ocr_carea' id='block_1_100' title="bbox 548 4782 2184 4860">
    <p class='ocr_par' dir='ltr' id='par_1_100' title="bbox 548 4786 2184 4860">
     <span class='ocr_line' id='line_1_100' title="bbox 548 4786 2184 4860; baseline 0.002 -20"><span class='ocrx_word' id='word_1_730' title='bbox 548 4786 853 4841; x_wconf 88' lang='lat' dir='ltr'>venienter</span> <span class='ocrx_word' id='word_1_731' title='bbox 882 4788 1009 4858; x_wconf 90' lang='lat' dir='ltr'>ejus</span> <span class='ocrx_word' id='word_1_732' title='bbox 1040 4789 1342 4860; x_wconf 88' lang='lat' dir='ltr'>proposito</span> <span class='ocrx_word' id='word_1_733' title='bbox 1392 4789 1684 4860; x_wconf 89' lang='lat' dir='ltr'>acciperet</span> <span class='ocrx_word' id='word_1_734' title='bbox 1735 4789 2184 4845; x_wconf 90' lang='lat' dir='ltr'>consummatio-</span> 
     </span>
    </p>
   </div>
   <div class='ocr_carea' id='block_1_101' title="bbox 2269 4782 3905 4860">
    <p class='ocr_par' dir='ltr' id='par_1_101' title="bbox 2311 4782 3905 4857">
     <span class='ocr_line' id='line_1_101' title="bbox 2311 4782 3905 4857; baseline -0.003 -18"><span class='ocrx_word' id='word_1_735' title='bbox 2311 4789 2450 4839; x_wconf 85' lang='grc' dir='ltr'>θεσιν</span> <span class='ocrx_word' id='word_1_736' title='bbox 2509 4792 2597 4838; x_wconf 85' lang='grc' dir='ltr'>καὶ</span> <span class='ocrx_word' id='word_1_737' title='bbox 2649 4791 2742 4843; x_wconf 82' lang='grc' dir='ltr'>τὴν</span> <span class='ocrx_word' id='word_1_738' title='bbox 2790 4785 3048 4837; x_wconf 87' lang='grc' dir='ltr'>τελείωσιν</span> <span class='ocrx_word' id='word_1_739' title='bbox 3100 4782 3353 4848; x_wconf 85' lang='grc' dir='ltr'>δέξασθαι</span> <span class='ocrx_word' id='word_1_740' title='bbox 3402 4790 3490 4837; x_wconf 84' lang='grc' dir='ltr'>καὶ</span> <span class='ocrx_word' id='word_1_741' title='bbox 3543 4785 3724 4846; x_wconf 79' lang='grc' dir='ltr'>καλαῖς</span> <span class='ocrx_word' id='word_1_742' title='bbox 3775 4786 3905 4857; x_wconf 89' lang='grc' dir='ltr'>πρά-</span> 
     </span>
    </p>
   </div>
   <div class='ocr_carea' id='block_1_102' title="bbox 549 4873 2185 4948">
    <p class='ocr_par' dir='ltr' id='par_1_102' title="bbox 549 4874 2185 4948">
     <span class='ocr_line' id='line_1_102' title="bbox 549 4874 2185 4948; baseline 0.002 -19"><span class='ocrx_word' id='word_1_743' title='bbox 549 4889 686 4930; x_wconf 91' lang='lat' dir='ltr'>nem</span> <span class='ocrx_word' id='word_1_744' title='bbox 703 4880 757 4930; x_wconf 92' lang='lat' dir='ltr'>et</span> <span class='ocrx_word' id='word_1_745' title='bbox 778 4874 937 4932; x_wconf 89' lang='lat' dir='ltr'>bona</span> <span class='ocrx_word' id='word_1_746' title='bbox 968 4875 1122 4932; x_wconf 88' lang='lat' dir='ltr'>facta</span> <span class='ocrx_word' id='word_1_747' title='bbox 1152 4876 1348 4932; x_wconf 85' lang='lat' dir='ltr'>bonus</span> <span class='ocrx_word' id='word_1_748' title='bbox 1371 4883 1714 4948; x_wconf 89' lang='lat' dir='ltr'>sequeretur</span> <span class='ocrx_word' id='word_1_749' title='bbox 1744 4879 1951 4933; x_wconf 84' lang='lat' dir='ltr'>exitus.</span> <span class='ocrx_word' id='word_1_750' title='bbox 1980 4879 2185 4942; x_wconf 88' lang='lat' dir='ltr'>Quam-</span> 
     </span>
    </p>
   </div>
   <div class='ocr_carea' id='block_1_103' title="bbox 2268 4873 3904 4948">
    <p class='ocr_par' dir='ltr' id='par_1_103' title="bbox 2309 4873 3904 4947">
     <span class='ocr_line' id='line_1_103' title="bbox 2309 4873 3904 4947; baseline -0.002 -20"><span class='ocrx_word' id='word_1_751' title='bbox 2309 4876 2419 4939; x_wconf 81' lang='grc' dir='ltr'>ξεσι</span> <span class='ocrx_word' id='word_1_752' title='bbox 2478 4877 2630 4927; x_wconf 76' lang='grc' dir='ltr'>καλὸν</span> <span class='ocrx_word' id='word_1_753' title='bbox 2703 4876 3059 4932; x_wconf 76' lang='grc' dir='ltr'>ἀκολουθῆσαι</span> <span class='ocrx_word' id='word_1_754' title='bbox 3126 4879 3215 4926; x_wconf 87' lang='grc' dir='ltr'>καὶ</span> <span class='ocrx_word' id='word_1_755' title='bbox 3291 4873 3447 4934; x_wconf 81' lang='grc' dir='ltr'>τέλος.</span> <span class='ocrx_word' id='word_1_756' title='bbox 3503 4878 3588 4925; x_wconf 90' lang='grc' dir='ltr'>Διό</span> <span class='ocrx_word' id='word_1_757' title='bbox 3646 4876 3904 4947; x_wconf 80' lang='grc' dir='ltr'>καὶπρὸς</span> 
     </span>
    </p>
   </div>
   <div class='ocr_carea' id='block_1_104' title="bbox 551 4963 2187 5035">
    <p class='ocr_par' dir='ltr' id='par_1_104' title="bbox 551 4964 2187 5032">
     <span class='ocr_line' id='line_1_104' title="bbox 551 4964 2187 5032; baseline -0.001 -11"><span class='ocrx_word' id='word_1_758' title='bbox 551 4964 753 5021; x_wconf 89' lang='lat' dir='ltr'>obrem</span> <span class='ocrx_word' id='word_1_759' title='bbox 782 4964 858 5020; x_wconf 90' lang='lat' dir='ltr'>ad</span> <span class='ocrx_word' id='word_1_760' title='bbox 920 4970 1169 5021; x_wconf 91' lang='lat' dir='ltr'>mortem</span> <span class='ocrx_word' id='word_1_761' title='bbox 1203 4966 1255 5021; x_wconf 90' lang='lat' dir='ltr'>ei</span> <span class='ocrx_word' id='word_1_762' title='bbox 1299 4966 1528 5022; x_wconf 89' lang='lat' dir='ltr'>addens</span> <span class='ocrx_word' id='word_1_763' title='bbox 1580 4967 1873 5032; x_wconf 89' lang='lat' dir='ltr'>animum,</span> <span class='ocrx_word' id='word_1_764' title='bbox 1931 4972 1986 5021; x_wconf 90' lang='lat' dir='ltr'>et</span> <span class='ocrx_word' id='word_1_765' title='bbox 2026 4967 2101 5020; x_wconf 90' lang='lat' dir='ltr'>ad</span> <span class='ocrx_word' id='word_1_766' title='bbox 2135 4965 2187 5019; x_wconf 84' lang='lat' dir='ltr'>ﬁ-</span> 
     </span>
    </p>
   </div>
   <div class='ocr_carea' id='block_1_105' title="bbox 2270 4963 3906 5035">
    <p class='ocr_par' dir='ltr' id='par_1_105' title="bbox 2306 4963 3906 5035">
     <span class='ocr_line' id='line_1_105' title="bbox 2306 4963 3906 5035; baseline -0.003 -18"><span class='ocrx_word' id='word_1_767' title='bbox 2306 4970 2391 5017; x_wconf 86' lang='grc' dir='ltr'>τὸν</span> <span class='ocrx_word' id='word_1_768' title='bbox 2443 4966 2658 5016; x_wconf 82' lang='grc' dir='ltr'>θάνατον</span> <span class='ocrx_word' id='word_1_769' title='bbox 2718 4963 3065 5035; x_wconf 84' lang='grc' dir='ltr'>ἐπαλείφουσα</span> <span class='ocrx_word' id='word_1_770' title='bbox 3119 4966 3328 5025; x_wconf 78' lang='grc' dir='ltr'>ταύτην,</span> <span class='ocrx_word' id='word_1_771' title='bbox 3389 4968 3477 5014; x_wconf 85' lang='grc' dir='ltr'>καὶ</span> <span class='ocrx_word' id='word_1_772' title='bbox 3530 4966 3654 5033; x_wconf 87' lang='grc' dir='ltr'>πρὸς</span> <span class='ocrx_word' id='word_1_773' title='bbox 3706 4966 3763 5014; x_wconf 87' lang='grc' dir='ltr'>τό</span> <span class='ocrx_word' id='word_1_774' title='bbox 3816 4969 3906 5013; x_wconf 79' lang='grc' dir='ltr'>τοῦ</span> 
     </span>
    </p>
   </div>
   <div class='ocr_carea' id='block_1_106' title="bbox 552 5047 2188 5126">
    <p class='ocr_par' dir='ltr' id='par_1_106' title="bbox 552 5054 2188 5126">
     <span class='ocr_line' id='line_1_106' title="bbox 552 5054 2188 5126; baseline -0.001 -16"><span class='ocrx_word' id='word_1_775' title='bbox 552 5070 711 5123; x_wconf 91' lang='lat' dir='ltr'>nem,</span> <span class='ocrx_word' id='word_1_776' title='bbox 745 5070 953 5109; x_wconf 89' lang='lat' dir='ltr'>cursus</span> <span class='ocrx_word' id='word_1_777' title='bbox 1004 5056 1371 5111; x_wconf 87' lang='lat' dir='ltr'>conﬁrmans</span> <span class='ocrx_word' id='word_1_778' title='bbox 1407 5075 1418 5111; x_wconf 90' lang='lat'><strong>:</strong></span> <span class='ocrx_word' id='word_1_779' title='bbox 1456 5059 1635 5126; x_wconf 86' lang='lat' dir='ltr'>Euge,</span> <span class='ocrx_word' id='word_1_780' title='bbox 1684 5056 1936 5119; x_wconf 89' lang='lat' dir='ltr'>dicebat,</span> <span class='ocrx_word' id='word_1_781' title='bbox 1964 5071 1999 5110; x_wconf 90' lang='grc' dir='ltr'>ο</span> <span class='ocrx_word' id='word_1_782' title='bbox 2032 5054 2152 5109; x_wconf 83' lang='lat' dir='ltr'>ﬁlia</span> <span class='ocrx_word' id='word_1_783' title='bbox 2181 5071 2188 5119; x_wconf 83' lang='lat'>;</span> 
     </span>
    </p>
   </div>
   <div class='ocr_carea' id='block_1_107' title="bbox 2268 5047 3904 5126">
    <p class='ocr_par' dir='ltr' id='par_1_107' title="bbox 2311 5047 3904 5125">
     <span class='ocr_line' id='line_1_107' title="bbox 2311 5047 3904 5125; baseline -0.003 -20"><span class='ocrx_word' id='word_1_784' title='bbox 2311 5050 2509 5125; x_wconf 86' lang='grc' dir='ltr'>δρόμου</span> <span class='ocrx_word' id='word_1_785' title='bbox 2591 5052 2730 5113; x_wconf 82' lang='grc' dir='ltr'>τέλος</span> <span class='ocrx_word' id='word_1_786' title='bbox 2828 5051 3225 5125; x_wconf 71' lang='grc' dir='ltr'>ἐπιῤῥωννῦτα⁸</span> <span class='ocrx_word' id='word_1_787' title='bbox 3300 5047 3445 5121; x_wconf 75' lang='grc' dir='ltr'>Εὖγε,</span> <span class='ocrx_word' id='word_1_788' title='bbox 3530 5048 3568 5101; x_wconf 79' lang='grc' dir='ltr'><strong>ὦ</strong></span> <span class='ocrx_word' id='word_1_789' title='bbox 3662 5053 3904 5121; x_wconf 74' lang='grc' dir='ltr'>θύγατερ,</span> 
     </span>
    </p>
   </div>
   <div class='ocr_carea' id='block_1_108' title="bbox 553 5134 2189 5216">
    <p class='ocr_par' dir='ltr' id='par_1_108' title="bbox 553 5143 2189 5216">
     <span class='ocr_line' id='line_1_108' title="bbox 553 5143 2189 5216; baseline -0.001 -18"><span class='ocrx_word' id='word_1_790' title='bbox 553 5144 730 5199; x_wconf 91' lang='lat' dir='ltr'>omei</span> <span class='ocrx_word' id='word_1_791' title='bbox 779 5143 923 5199; x_wconf 88' lang='lat' dir='ltr'>uteri</span> <span class='ocrx_word' id='word_1_792' title='bbox 976 5160 1183 5200; x_wconf 89' lang='lat' dir='ltr'>revera</span> <span class='ocrx_word' id='word_1_793' title='bbox 1238 5145 1372 5199; x_wconf 84' lang='lat' dir='ltr'>felix</span> <span class='ocrx_word' id='word_1_794' title='bbox 1402 5144 1619 5216; x_wconf 84' lang='lat' dir='ltr'>planta!</span> <span class='ocrx_word' id='word_1_795' title='bbox 1665 5161 1701 5200; x_wconf 96' lang='lat' dir='ltr'>o</span> <span class='ocrx_word' id='word_1_796' title='bbox 1751 5160 1887 5216; x_wconf 65' lang='lat' dir='ltr'>quae</span> <span class='ocrx_word' id='word_1_797' title='bbox 1944 5144 2189 5198; x_wconf 90' lang='lat' dir='ltr'>honora-</span> 
     </span>
    </p>
   </div>
   <div class='ocr_carea' id='block_1_109' title="bbox 2272 5134 3908 5216">
    <p class='ocr_par' dir='ltr' id='par_1_109' title="bbox 2308 5134 3908 5213">
     <span class='ocr_line' id='line_1_109' title="bbox 2308 5134 3908 5213; baseline -0.003 -20"><span class='ocrx_word' id='word_1_798' title='bbox 2308 5142 2463 5213; x_wconf 71' lang='grc' dir='ltr'>ἔλεγε,</span> <span class='ocrx_word' id='word_1_799' title='bbox 2521 5140 2559 5192; x_wconf 80' lang='grc' dir='ltr'>ὦ</span> <span class='ocrx_word' id='word_1_800' title='bbox 2615 5145 2847 5213; x_wconf 83' lang='grc' dir='ltr'>γαστρός</span> <span class='ocrx_word' id='word_1_801' title='bbox 2892 5144 3019 5211; x_wconf 80' lang='grc' dir='ltr'>ἐμῆς</span> <span class='ocrx_word' id='word_1_802' title='bbox 3089 5142 3343 5213; x_wconf 88' lang='grc' dir='ltr'>μακάριον</span> <span class='ocrx_word' id='word_1_803' title='bbox 3401 5144 3555 5201; x_wconf 81' lang='grc' dir='ltr'>ὅντως</span> <span class='ocrx_word' id='word_1_804' title='bbox 3636 5142 3813 5211; x_wconf 86' lang='grc' dir='ltr'>φυτόν,</span> <span class='ocrx_word' id='word_1_805' title='bbox 3869 5134 3908 5189; x_wconf 78' lang='grc' dir='ltr'><strong><em>ὦ</em></strong></span> 
     </span>
    </p>
   </div>
   <div class='ocr_carea' id='block_1_110' title="bbox 555 5224 2191 5305">
    <p class='ocr_par' dir='ltr' id='par_1_110' title="bbox 555 5231 2191 5305">
     <span class='ocr_line' id='line_1_110' title="bbox 555 5231 2191 5305; baseline -0.001 -18"><span class='ocrx_word' id='word_1_806' title='bbox 555 5233 689 5288; x_wconf 85' lang='lat' dir='ltr'>visti</span> <span class='ocrx_word' id='word_1_807' title='bbox 741 5232 1032 5304; x_wconf 89' lang='lat' dir='ltr'>parentes!</span> <span class='ocrx_word' id='word_1_808' title='bbox 1076 5248 1111 5289; x_wconf 96' lang='lat' dir='ltr'>o</span> <span class='ocrx_word' id='word_1_809' title='bbox 1169 5248 1303 5305; x_wconf 67' lang='lat' dir='ltr'>quae</span> <span class='ocrx_word' id='word_1_810' title='bbox 1354 5234 1539 5288; x_wconf 88' lang='lat' dir='ltr'>Deum</span> <span class='ocrx_word' id='word_1_811' title='bbox 1605 5234 1661 5288; x_wconf 92' lang='lat' dir='ltr'>in</span> <span class='ocrx_word' id='word_1_812' title='bbox 1714 5235 1823 5287; x_wconf 89' lang='lat' dir='ltr'>tuis</span> <span class='ocrx_word' id='word_1_813' title='bbox 1858 5231 2191 5301; x_wconf 85' lang='lat' dir='ltr'>glorificasti</span> 
     </span>
    </p>
   </div>
   <div class='ocr_carea' id='block_1_111' title="bbox 2274 5224 3910 5305">
    <p class='ocr_par' dir='ltr' id='par_1_111' title="bbox 2308 5224 3910 5302">
     <span class='ocr_line' id='line_1_111' title="bbox 2308 5224 3910 5302; baseline -0.003 -20"><span class='ocrx_word' id='word_1_814' title='bbox 2308 5239 2468 5302; x_wconf 83' lang='grc' dir='ltr'>γονεῖς</span> <span class='ocrx_word' id='word_1_815' title='bbox 2521 5237 2815 5301; x_wconf 64' lang='grc' dir='ltr'>τιμήσασα,</span> <span class='ocrx_word' id='word_1_816' title='bbox 2873 5227 2911 5280; x_wconf 79' lang='grc' dir='ltr'>ὦ</span> <span class='ocrx_word' id='word_1_817' title='bbox 2998 5233 3125 5282; x_wconf 84' lang='grc' dir='ltr'>Θεὸν</span> <span class='ocrx_word' id='word_1_818' title='bbox 3201 5228 3247 5279; x_wconf 85' lang='grc' dir='ltr'>ἐν</span> <span class='ocrx_word' id='word_1_819' title='bbox 3302 5236 3405 5288; x_wconf 78' lang='grc' dir='ltr'>τοῖς</span> <span class='ocrx_word' id='word_1_820' title='bbox 3474 5235 3580 5287; x_wconf 86' lang='grc' dir='ltr'>σοῖς</span> <span class='ocrx_word' id='word_1_821' title='bbox 3635 5224 3910 5289; x_wconf 84' lang='grc' dir='ltr'>δοξάσασα</span> 
     </span>
    </p>
   </div>
   <div class='ocr_carea' id='block_1_112' title="bbox 556 5315 2192 5392">
    <p class='ocr_par' dir='ltr' id='par_1_112' title="bbox 556 5321 2192 5386">
     <span class='ocr_line' id='line_1_112' title="bbox 556 5321 2192 5386; baseline -0.003 -9"><span class='ocrx_word' id='word_1_822' title='bbox 556 5321 857 5377; x_wconf 73' lang='lat' dir='ltr'>membris.</span> <span class='ocrx_word' id='word_1_823' title='bbox 886 5322 1026 5386; x_wconf 89' lang='lat' dir='ltr'>Quis</span> <span class='ocrx_word' id='word_1_824' title='bbox 1072 5336 1192 5377; x_wconf 88' lang='lat' dir='ltr'>non</span> <span class='ocrx_word' id='word_1_825' title='bbox 1237 5326 1404 5377; x_wconf 89' lang='lat' dir='ltr'>tuam</span> <span class='ocrx_word' id='word_1_826' title='bbox 1455 5322 1723 5378; x_wconf 89' lang='lat' dir='ltr'>laudabit</span> <span class='ocrx_word' id='word_1_827' title='bbox 1747 5321 2192 5377; x_wconf 70' lang='lat' dir='ltr'>fortitudinem“:</span> 
     </span>
    </p>
   </div>
   <div class='ocr_carea' id='block_1_113' title="bbox 2273 5315 3909 5392">
    <p class='ocr_par' dir='ltr' id='par_1_113' title="bbox 2311 5315 3909 5392">
     <span class='ocr_line' id='line_1_113' title="bbox 2311 5315 3909 5392; baseline -0.003 -21"><span class='ocrx_word' id='word_1_828' title='bbox 2311 5320 2523 5392; x_wconf 75' lang='grc' dir='ltr'>μέλεα-ι’</span> <span class='ocrx_word' id='word_1_829' title='bbox 2554 5324 2630 5378; x_wconf 85' lang='grc' dir='ltr'>τίς</span> <span class='ocrx_word' id='word_1_830' title='bbox 2686 5339 2741 5371; x_wconf 85' lang='grc' dir='ltr'>σε</span> <span class='ocrx_word' id='word_1_831' title='bbox 2795 5326 2884 5378; x_wconf 85' lang='grc' dir='ltr'>τῆς</span> <span class='ocrx_word' id='word_1_832' title='bbox 2930 5315 3149 5389; x_wconf 83' lang='grc' dir='ltr'>ἀνδρίας</span> <span class='ocrx_word' id='word_1_833' title='bbox 3197 5317 3289 5369; x_wconf 74' lang='grc' dir='ltr'>οὐκ</span> <span class='ocrx_word' id='word_1_834' title='bbox 3338 5316 3629 5381; x_wconf 78' lang='grc' dir='ltr'>ἐπαινέσει;</span> <span class='ocrx_word' id='word_1_835' title='bbox 3687 5321 3763 5377; x_wconf 80' lang='grc' dir='ltr'>τίς</span> <span class='ocrx_word' id='word_1_836' title='bbox 3818 5324 3909 5375; x_wconf 79' lang='grc' dir='ltr'>τῆς</span> 
     </span>
    </p>
   </div>
   <div class='ocr_carea' id='block_1_114' title="bbox 556 5405 2192 5483">
    <p class='ocr_par' dir='ltr' id='par_1_114' title="bbox 556 5408 2192 5473">
     <span class='ocr_line' id='line_1_114' title="bbox 556 5408 2192 5473; baseline 0 -10"><span class='ocrx_word' id='word_1_837' title='bbox 556 5409 695 5473; x_wconf 91' lang='lat' dir='ltr'>Quis</span> <span class='ocrx_word' id='word_1_838' title='bbox 710 5425 827 5463; x_wconf 93' lang='lat' dir='ltr'>non</span> <span class='ocrx_word' id='word_1_839' title='bbox 844 5426 937 5464; x_wconf 72' lang='lat' dir='ltr'>an:</span> <span class='ocrx_word' id='word_1_840' title='bbox 952 5410 1030 5465; x_wconf 92' lang='lat' dir='ltr'>mi</span> <span class='ocrx_word' id='word_1_841' title='bbox 1054 5409 1236 5465; x_wconf 87' lang='lat' dir='ltr'>robur</span> <span class='ocrx_word' id='word_1_842' title='bbox 1253 5417 1306 5466; x_wconf 87' lang='lat' dir='ltr'>et</span> <span class='ocrx_word' id='word_1_843' title='bbox 1320 5411 1749 5466; x_wconf 85' lang='lat' dir='ltr'>constantiam?</span> <span class='ocrx_word' id='word_1_844' title='bbox 1770 5410 1931 5465; x_wconf 91' lang='lat' dir='ltr'>Vade</span> <span class='ocrx_word' id='word_1_845' title='bbox 1950 5408 2025 5464; x_wconf 93' lang='lat' dir='ltr'>ad</span> <span class='ocrx_word' id='word_1_846' title='bbox 2042 5425 2192 5464; x_wconf 89' lang='lat' dir='ltr'>com-</span> 
     </span>
    </p>
   </div>
   <div class='ocr_carea' id='block_1_115' title="bbox 2275 5405 3911 5483">
    <p class='ocr_par' dir='ltr' id='par_1_115' title="bbox 2312 5405 3911 5483">
     <span class='ocr_line' id='line_1_115' title="bbox 2312 5405 3911 5483; baseline -0.004 -23"><span class='ocrx_word' id='word_1_847' title='bbox 2312 5412 2605 5483; x_wconf 86' lang='grc' dir='ltr'>καρτερίας,</span> <span class='ocrx_word' id='word_1_848' title='bbox 2668 5412 2747 5468; x_wconf 89' lang='grc' dir='ltr'>τίς</span> <span class='ocrx_word' id='word_1_849' title='bbox 2817 5414 2911 5467; x_wconf 81' lang='grc' dir='ltr'>τῆς</span> <span class='ocrx_word' id='word_1_850' title='bbox 2986 5406 3310 5473; x_wconf 83' lang='grc' dir='ltr'>ἐνστάσεως;</span> <span class='ocrx_word' id='word_1_851' title='bbox 3364 5405 3550 5457; x_wconf 67' lang='grc' dir='ltr'>’Ἄπιθι</span> <span class='ocrx_word' id='word_1_852' title='bbox 3630 5409 3753 5477; x_wconf 86' lang='grc' dir='ltr'>πρὸς</span> <span class='ocrx_word' id='word_1_853' title='bbox 3826 5408 3911 5455; x_wconf 82' lang='grc' dir='ltr'>τὸν</span> 
     </span>
    </p>
   </div>
   <div class='ocr_carea' id='block_1_116' title="bbox 559 5496 2195 5570">
    <p class='ocr_par' dir='ltr' id='par_1_116' title="bbox 559 5498 2195 5570">
     <span class='ocr_line' id='line_1_116' title="bbox 559 5498 2195 5570; baseline 0.001 -18"><span class='ocrx_word' id='word_1_854' title='bbox 559 5513 801 5552; x_wconf 90' lang='lat' dir='ltr'>munem</span> <span class='ocrx_word' id='word_1_855' title='bbox 836 5498 1177 5563; x_wconf 90' lang='lat' dir='ltr'>Dominum,</span> <span class='ocrx_word' id='word_1_856' title='bbox 1205 5500 1277 5554; x_wconf 88' lang='lat' dir='ltr'>ad</span> <span class='ocrx_word' id='word_1_857' title='bbox 1302 5499 1657 5564; x_wconf 88' lang='lat' dir='ltr'>thalamum,</span> <span class='ocrx_word' id='word_1_858' title='bbox 1680 5499 1737 5554; x_wconf 92' lang='lat' dir='ltr'>in</span> <span class='ocrx_word' id='word_1_859' title='bbox 1760 5515 1939 5570; x_wconf 90' lang='lat' dir='ltr'>quem</span> <span class='ocrx_word' id='word_1_860' title='bbox 1965 5514 2080 5552; x_wconf 93' lang='lat' dir='ltr'>non</span> <span class='ocrx_word' id='word_1_861' title='bbox 2104 5516 2195 5554; x_wconf 91' lang='lat' dir='ltr'>ca-</span> 
     </span>
    </p>
   </div>
   <div class='ocr_carea' id='block_1_117' title="bbox 2274 5496 3910 5570">
    <p class='ocr_par' dir='ltr' id='par_1_117' title="bbox 2312 5496 3910 5568">
     <span class='ocr_line' id='line_1_117' title="bbox 2312 5496 3910 5568; baseline -0.003 -19"><span class='ocrx_word' id='word_1_862' title='bbox 2312 5502 2480 5550; x_wconf 86' lang='grc' dir='ltr'>κοινόν</span> <span class='ocrx_word' id='word_1_863' title='bbox 2540 5502 2826 5562; x_wconf 77' lang='grc' dir='ltr'>Δεσπότην,</span> <span class='ocrx_word' id='word_1_864' title='bbox 2872 5500 2995 5568; x_wconf 88' lang='grc' dir='ltr'>πρὸς</span> <span class='ocrx_word' id='word_1_865' title='bbox 3053 5500 3137 5546; x_wconf 86' lang='grc' dir='ltr'>τὸν</span> <span class='ocrx_word' id='word_1_866' title='bbox 3189 5504 3434 5567; x_wconf 85' lang='grc' dir='ltr'>νυμφῶνα</span> <span class='ocrx_word' id='word_1_867' title='bbox 3488 5498 3572 5545; x_wconf 89' lang='grc' dir='ltr'>τὸν</span> <span class='ocrx_word' id='word_1_868' title='bbox 3629 5496 3910 5566; x_wconf 79' lang='grc' dir='ltr'>ἄφθαρτον,</span> 
     </span>
    </p>
   </div>
   <div class='ocr_carea' id='block_1_118' title="bbox 553 5582 2189 5664">
    <p class='ocr_par' dir='ltr' id='par_1_118' title="bbox 553 5586 2189 5661">
     <span class='ocr_line' id='line_1_118' title="bbox 553 5586 2189 5661; baseline 0.001 -18"><span class='ocrx_word' id='word_1_869' title='bbox 553 5586 639 5644; x_wconf 86' lang='lat' dir='ltr'>dit</span> <span class='ocrx_word' id='word_1_870' title='bbox 662 5586 951 5653; x_wconf 83' lang='lat' dir='ltr'>interitus,</span> <span class='ocrx_word' id='word_1_871' title='bbox 987 5587 1065 5644; x_wconf 93' lang='lat' dir='ltr'>ad</span> <span class='ocrx_word' id='word_1_872' title='bbox 1094 5588 1354 5661; x_wconf 90' lang='lat' dir='ltr'>quietem</span> <span class='ocrx_word' id='word_1_873' title='bbox 1392 5605 1599 5646; x_wconf 87' lang='lat' dir='ltr'>revera</span> <span class='ocrx_word' id='word_1_874' title='bbox 1624 5588 1886 5654; x_wconf 80' lang='lat' dir='ltr'>beatam,</span> <span class='ocrx_word' id='word_1_875' title='bbox 1928 5587 2189 5645; x_wconf 70' lang='lat' dir='ltr'>laborum</span> 
     </span>
    </p>
   </div>
   <div class='ocr_carea' id='block_1_119' title="bbox 2272 5582 3908 5664">
    <p class='ocr_par' dir='ltr' id='par_1_119' title="bbox 2312 5582 3908 5664">
     <span class='ocr_line' id='line_1_119' title="bbox 2312 5582 3908 5664; baseline -0.004 -24"><span class='ocrx_word' id='word_1_876' title='bbox 2312 5592 2443 5664; x_wconf 81' lang='grc' dir='ltr'>πρὸς</span> <span class='ocrx_word' id='word_1_877' title='bbox 2504 5591 2590 5644; x_wconf 79' lang='grc' dir='ltr'>τὴν</span> <span class='ocrx_word' id='word_1_878' title='bbox 2638 5589 2899 5658; x_wconf 88' lang='grc' dir='ltr'>μακαρίαν</span> <span class='ocrx_word' id='word_1_879' title='bbox 2946 5588 3102 5648; x_wconf 77' lang='grc' dir='ltr'>ὅντως</span> <span class='ocrx_word' id='word_1_880' title='bbox 3154 5582 3465 5651; x_wconf 47' lang='grc' dir='ltr'>ἀνάπαυσινδ</span> <span class='ocrx_word' id='word_1_881' title='bbox 3525 5582 3908 5656; x_wconf 67' lang='grc' dir='ltr'>ἀπολειψαμένη</span> 
     </span>
    </p>
   </div>
  </div>
