4142 6196
257 246 367 309 513

1614 238 1785 301 VITA
1819 234 1887 299 Β.
1925 233 2308 302 STEPHANI.

3516 250 3621 311 514

264 386 364 431 τῶν
411 376 579 429 ἄθλων
633 376 727 436 τὰς
776 370 1016 445 ἀμοιϐάς.
1063 370 1160 433 Ὠς
1190 373 1304 423 ’σου
1337 374 1422 424 τόν
1457 373 1702 442 στέφανον
1737 389 1866 441 φαν-

1989 372 2291 439 tcceptura
2328 371 2858 427 remunerationes.
2896 370 2963 429 Ut
2992 374 3216 431 visione
3239 380 3619 450 apprehendo

260 468 494 537 τάξομαι
553 460 701 534 δεξιᾴ
756 469 1044 534 Δεσποτικῇ
1122 459 1553 535 προτεινόμενονὶ
1608 459 1699 520 Ὠς
1749 462 1868 517 τοὺς

266 555 517 627 ἀγγέλους
597 555 699 623 ὁρῶ
759 556 1061 623 χαίροντας,
1122 554 1207 600 καὶ
1274 555 1366 606 τὴν
1437 554 1533 605 σὴν
1608 547 1866 599 τελείωσιν

265 639 651 714 ἀναμένονταςὲ
717 638 782 690 Ὦ.
843 639 978 699 οἵαις
1035 640 1130 707 ἐγὼ
1210 642 1349 709 τρίσι
1429 637 1725 707 θυγατράσι
1774 637 1868 690 τὴν

264 729 476 804 Τριάὸα
532 726 833 799 τετίμηκαΙ
892 728 994 778 Οἱα
1061 723 1226 799 δῶρα,
1297 727 1382 777 οἶα
1438 727 1645 796 θύματα
1710 740 1870 795 προσ-

266 828 455 893 ἠνεγκα
509 822 671 891 ταύτῃ
705 817 719 871 Ι
752 819 1009 876 Τοιαύτας
1059 816 1242 886 εὐχὰς,
1291 817 1554 873 τοιούτους
1604 813 1785 883 λόγους
1837 813 1866 869 ἡ

266 909 399 968 καλὴ
452 914 628 980 μήτηρ
683 902 891 978 ἐφόδιον
934 913 996 976 τῇ
1052 906 1272 977 θυγατρὶ
1321 922 1703 975 παρασχουσα,
1747 904 1872 975 πρὸς

267 1004 363 1057 τὴν
416 1000 741 1068 ποθουμένην
799 991 920 1046 ὁδόν
974 993 1297 1065 παρέπεμψε⁶
1350 997 1435 1044 τόν
1477 992 1677 1063 αὐχένα
1715 987 1801 1042 οὖν
1837 992 1867 1047 ἡ

266 1093 509 1162 μακαρία
590 1089 906 1159 προτείνασα
988 1087 1075 1135 τόν
1133 1084 1259 1155 ὑπὲρ
1341 1090 1577 1155 Χριστοῦ
1655 1084 1871 1132 θάνατον

268 1181 472 1235 ὑπέστη
528 1178 828 1248 προθύμως,
874 1175 935 1235 ἧς
985 1177 1042 1225 τὸ
1078 1181 1231 1243 σῶμα
1269 1174 1299 1229 ἡ
1358 1177 1532 1243 μήτηρ
1574 1172 1871 1242 περιπαθῶς

269 1267 383 1339 οἶμα
429 1268 516 1316 καὶ
572 1261 794 1322 εὐλαϐῶς
850 1262 1237 1323 κατησπάζετο,
1292 1264 1350 1312 τό
1406 1279 1459 1311 τε
1521 1267 1617 1319 τῆς
1673 1262 1875 1329 φύσεως

268 1362 359 1407 καὶ
441 1358 499 1405 τό
557 1362 645 1412 τῆς
700 1357 909 1423 γνώμης
976 1358 1222 1416 ποιοῦσα,
1280 1346 1624 1401 εύωδιάσασοί
1676 1367 1729 1399 τε
1785 1352 1874 1398 καὶ

270 1442 665 1518 περιστείλασα,
730 1442 863 1499 ὅπως
918 1436 1025 1491 ἔδει
1074 1444 1165 1497 τὴν
1214 1444 1298 1490 καὶ
1344 1443 1545 1513 μητέρα
1587 1442 1676 1488 καὶ
1731 1437 1873 1509 φιλο·

271 1537 540 1607 μάρτυρα,
594 1529 994 1604 μεγαλοπρεπῶς
1041 1548 1094 1581 τε
1156 1534 1244 1580 καὶ
1289 1529 1589 1600 φιλοτίμως,
1640 1531 1730 1578 καὶ
1775 1528 1877 1577 ὅσα

270 1628 427 1695 νόμος
508 1622 594 1673 ἐπὶ
677 1622 933 1679 τοιούτοις
1003 1620 1237 1689 γίνεσθαι
1284 1617 1542 1688 λειψάνοις
1600 1616 1868 1680 τελέσασα,

1975 472 2283 521 coronam,
2307 474 2441 530 quae
2470 459 2713 515 dextera
2741 462 3325 535 Dominiporrigitur.
3361 470 3428 523 Ut
3451 470 3622 524 video

1975 544 2219 614 angelos
2241 546 2524 616 lretantes,
2558 555 3032 619 etexspecrantes
3062 560 3223 608 tuam
3246 571 3624 613 consumma-

1977 634 2219 688 tionem.
2272 638 2315 690 Ο
2368 637 2593 706 quibus
2647 653 2757 707 ego
2818 640 3005 694 tribus
3048 641 3283 696 ﬁliabus
3332 644 3623 700 honoravi

1978 722 2316 777 Trinitatem
2349 740 2360 777 :
2403 724 2601 794 qualia
2630 726 2809 794 dona,
2838 728 3047 798 quales
3080 731 3128 784 ei
3163 731 3623 787 obtulisutﬁtus?

1979 810 2149 865 Tales
2181 828 2402 883 preces,
2440 814 2576 870 talia
2606 817 2788 870 verba
2826 834 2962 873 cum
2994 822 3232 889 egregia
3265 827 3453 876 mater
3490 822 3625 878 tilias

1979 901 2332 970 praebuisset
2356 904 2657 971 viaticum,
2685 914 2997 976 prosecuta
3018 915 3105 964 est
3123 910 3197 965 ad
3220 911 3373 966 viam
3402 912 3631 968 deside-

1980 996 2193 1045 ratam.
2224 991 2449 1047 Collum
2492 995 2690 1066 itaque
2732 999 3040 1066 porrigens
3094 1000 3283 1064 beata,
3347 1009 3624 1073 prompto

1981 1084 2035 1132 et
2065 1080 2240 1134 alacri
2270 1083 2472 1137 animo
2504 1083 2686 1137 subiit
2724 1090 2979 1140 mortem
3013 1103 3119 1157 pro
3159 1088 3411 1144 Christo.
3448 1091 3628 1160 Cujus

1982 1182 2197 1239 corpus
2228 1178 2414 1225 mater
2441 1172 2615 1226 simul
2643 1190 2777 1227 cum
2815 1190 3030 1245 magna
3090 1176 3400 1233 affectione
3428 1186 3481 1233 et
3505 1179 3624 1249 pie-

1982 1260 2097 1311 tate
2129 1264 2215 1311 est
2239 1260 2509 1329 amplexa
2542 1280 2554 1317 :
2583 1262 2918 1332 faciensque
2950 1266 3112 1335 quod
3144 1265 3378 1321 volebat
3399 1267 3547 1321 ratio
3578 1273 3634 1321 et

1982 1352 2212 1411 natura,
2234 1363 2368 1402 cum
2389 1350 2587 1419 ipsum
2614 1351 2907 1417 suﬂiisset,
2943 1358 3001 1407 et
3030 1361 3083 1407 ut
3112 1356 3359 1410 decebat
3385 1361 3632 1411 matrem

1982 1440 2038 1489 et
2076 1443 2408 1508 martyrum
2462 1448 2786 1505 amantem,
2848 1443 3163 1513 splendide
3206 1451 3259 1499 et
3312 1447 3627 1515 magniﬁce

1983 1528 2438 1596 composuisset,
2472 1536 2528 1583 et
2580 1545 2651 1584 ea
2680 1529 2933 1599 fecisset,
2973 1548 3108 1603 quas
3162 1533 3235 1588 de
3265 1551 3431 1589 more
3482 1538 3635 1592 fiunt

1982 1616 2036 1670 in
2068 1615 2245 1670 rebus
2274 1616 2640 1686 hujusmodi,
2667 1618 2728 1672 id
2778 1637 3015 1691 quoque
3045 1621 3103 1675 in
3136 1624 3359 1693 templo
3391 1625 3637 1696 deponit

273 1720 382 1774 τοῖς
428 1720 528 1763 τῶν
578 1706 811 1781 ἀδελφῶν
851 1713 940 1759 καὶ
984 1716 1135 1758 τοῦτο
1187 1710 1455 1772 συνάπτει,
1505 1711 1595 1757 καὶ
1650 1714 1722 1776 τῷ
1771 1713 1874 1775 ναῷ

1989 1704 2162 1760 simul
2193 1721 2329 1759 cum
2358 1707 2687 1771 sororibus,
2720 1709 2887 1780 quod
2907 1709 3004 1764 illa
3038 1713 3200 1781 prius
3232 1713 3510 1783 praeclare
3540 1731 3635 1769 ex-

272 1803 593 1858 κατατὶθησι
641 1806 827 1864 ταῦτα,
885 1799 937 1849 ὃν
995 1800 1153 1867 ἔτυχε
1205 1802 1452 1869 πρότερον
1526 1795 1877 1853 ἀναστήσασα

275 1890 577 1963 φιλοκάλως,
612 1893 745 1959 μέγα
774 1907 826 1939 τι
869 1895 1059 1958 χρῆμα
1096 1890 1183 1937 καὶ
1225 1888 1490 1961 θησαυρὸν
1541 1883 1876 1941 ἀδαπάνητον

272 1983 303 2039 ἡ
389 1980 731 2053 φιλόχριστος
830 1981 987 2038 ὅντως
1072 1973 1420 2048 δωρησαμένη

276 2073 421 2122 ἰασιν
469 2068 675 2139 ψυχῆς,
732 2070 872 2118 ῖασιν
908 2071 1162 2137 σώματος,
1205 2063 1539 2138 ἀπρόσκοπον
1591 2064 1711 2137 βίου
1762 2062 1878 2116 δια-

1522 1981 1875 2050 Χριστιανοῖς,

272 2163 477 2230 γωγήν,
534 2162 662 2230 πρὸς
712 2159 833 2209 Θεὸν
888 2155 1169 2222 οὶκείωσιν,
1227 2155 1461 2226 μεγάλων
1516 2154 1725 2225 ἀγαθῶν
1782 2174 1879 2205 πα-

272 2252 447 2321 ροχὴν
500 2245 788 2321 δωρεῖσθαι
840 2242 1140 2316 δυνάμενον.
1194 2242 1319 2295 Εἶτα
1370 2247 1500 2316 μετὰ
1547 2250 1640 2301 τὴν
1686 2245 1878 2304 ἐκείνης

276 2337 561 2403 τελείωσιν,
650 2344 805 2409 τριῶν
892 2334 1016 2386 ὅλων
1088 2336 1291 2407 ἡμερῶν
1361 2331 1750 2405 διαγενομένων,
1844 2335 1874 2391 ὴ

275 2427 551 2487 καλλίπαις
616 2426 745 2483 αὕτη
812 2430 982 2498 μήτηρ
1058 2422 1333 2485 ἐξελθοῦσα
1412 2428 1505 2481 τὴν
1589 2426 1714 2498 ὑπὲρ
1779 2432 1878 2474 τῶν

275 2520 422 2591 ἱερῶν
477 2513 681 2569 παίδων
733 2515 1017 2567 τελέσουσα
1064 2518 1293 2586 μνήμην,
1348 2521 1629 2587 προσφῦσα
1678 2521 1739 2585 τῇ
1781 2522 1878 2565 τῶν

1760 2606 1876 2675 ἔφη,

273 2698 635 2766 τετελειωμένοι
686 2694 1093 2769 καλλιερὴματα,
1147 2690 1370 2755 δέξασθε
1424 2697 1515 2750 τὴν
1587 2694 1723 2764 ὃμῶν
1779 2713 1879 2765 μη-

271 2606 528 2675 λειψάνων
606 2614 762 2677 σορῷ·
842 2609 1005 2676 Τίμια
1061 2607 1199 2677 παρὰ
1273 2608 1380 2673 Θεῷ
1462 2605 1687 2675 θύματα,

275 2791 400 2858 τέρα
483 2788 744 2842 σύσκηνον
841 2792 945 2844 τοῖς
1034 2785 1297 2856 ὑμετέροις
1405 2782 1482 2843 οἷς
1588 2790 1880 2835 κατοικεῖτε

278 2880 640 2946 σκηνῶμασιν.
695 2881 871 2926 Ταῦτα
919 2872 1034 2945 ἐφη,
1088 2878 1178 2924 καὶ
1237 2874 1557 2943 συναπήχθη
1618 2880 1727 2933 τοῖς
1786 2874 1879 2946 ῥή-

278 2984 441 3035 μασιν
499 2965 529 3023 ἡ
610 2968 840 3035 γενναία,
894 2969 984 3014 καὶ
1035 2964 1190 3014 ύπνον
1244 2961 1448 3013 ὕπνωσε
1505 2964 1591 3012 τὸν
1646 2959 1880 3025 δικαίοις

1987 1795 2283 1860 citaverat,
2299 1811 2422 1849 rem
2454 1811 2739 1865 magnam
2758 1802 2816 1853 et
2843 1799 3210 1866 thesaurum,
3230 1802 3333 1871 qui
3360 1804 3636 1857 consumi

1988 1899 2106 1937 non
2159 1888 2367 1953 potest,
2428 1899 2559 1937 vere
2626 1902 2836 1941 amans
2895 1888 3105 1943 Christi
3152 1888 3374 1945 femina
3422 1891 3635 1959 largita

1989 1972 2334 2028 Christianis
2387 1974 2681 2030 medelam
2724 1978 2962 2042 animm,
3020 1979 3314 2033 medelam
3346 1983 3631 2051 corporis,

1986 2061 2343 2117 inoffensam
2387 2062 2516 2117 vitae
2564 2067 3048 2135 transactionem,
3106 2070 3221 2121 Deo
3271 2070 3638 2138 conjunctio-

1988 2167 2147 2217 nem,
2178 2160 2234 2206 et
2262 2154 2364 2224 qui
2395 2159 2591 2223 potest
2613 2169 2831 2223 magna
2885 2156 3046 2209 bona
3095 2157 3377 2226 praebere.
3416 2159 3633 2215 Deinde

1988 2257 2124 2295 cum
2158 2247 2275 2295 tres
2308 2242 2661 2311 integridies
2693 2243 3305 2316 intercessissentpost
3334 2246 3469 2300 ilius
3499 2264 3635 2303 con-

1988 2332 2473 2395 summationem,
2502 2348 2738 2403 egressa
2774 2332 2901 2386 haec
2945 2334 3318 2404 egregiarum
3377 2336 3636 2391 ﬁliarum

1990 2426 2178 2473 mater
2224 2435 2332 2490 pro
2390 2427 2780 2475 sacrosanctis
2827 2422 3065 2476 ﬁliabus
3119 2432 3430 2494 peractura
3478 2442 3637 2481 com-

1992 2508 2481 2565 memorationem
2493 2549 2506 2574 ,
2523 2510 2813 2565 accedens
2826 2511 2903 2565 ad
2925 2511 3184 2566 loculum
3209 2513 3351 2585 reliq
3365 2516 3594 2569 uiarum
3621 2532 3633 2569 :

1988 2597 2283 2661 Pretiosae,
2335 2598 2493 2663 dixit,
2539 2598 2702 2669 apud
2731 2600 2913 2653 Deum
2953 2600 3179 2666 hostiae,
3213 2611 3632 2658 consummata

1989 2693 2043 2741 et
2072 2686 2317 2758 pulchre
2360 2687 2527 2743 litata
2572 2688 2881 2752 sacriﬁcia,
2915 2690 3161 2759 accipite
3223 2698 3477 2745 vestram
3514 2708 3634 2746 ma-

1989 2779 2136 2830 trem
2201 2776 2691 2831 contubernalem
2743 2778 2800 2830 in
2860 2776 3087 2843 vestris,
3139 2794 3273 2849 quas
3328 2779 3631 2846 habitatis,

1990 2865 2399 2921 tabernaculis.
2432 2869 2563 2920 Haec
2620 2865 2783 2931 dixit,
2842 2872 2896 2920 et
2924 2866 3101 2920 simul
3148 2867 3398 2922 cumbis
3440 2870 3635 2923 verbis

1988 2956 2277 3011 abscessit
2298 2955 2507 3011 mulier
2532 2956 2786 3026 egregia,
2819 2962 2875 3010 et
2899 2972 3133 3021 somno,
3166 2956 3268 3028 qui
3295 2957 3469 3027 justis
3500 2974 3637 3014 con-

277 3054 598 3127 ἁρμόςοντα,
681 3055 710 3111 ἡ
767 3058 937 3126 μήτηρ
992 3053 1339 3120 προστεθεῖσα
1387 3058 1501 3111 ταῖς
1561 3053 1875 3125 θυγατράσι,

1990 3046 2163 3114 gruit,
2197 3046 2516 3100 obdormiit
2536 3052 2726 3099 mater
2755 3044 2955 3100 addita
2984 3046 3245 3111 ﬁliabus,
3277 3052 3332 3101 et
3370 3063 3635 3102 commu-

277 3149 369 3195 καὶ
408 3151 552 3215 κοινῇ
595 3143 749 3195 πάλιν
794 3151 865 3212 τῷ
899 3150 998 3193 τῶν
1028 3140 1186 3212 ἁγίων
1215 3148 1383 3212 χορῷ.
1425 3143 1488 3191 Αἱ
1534 3148 1656 3211 γοῦν
1708 3143 1879 3194 συνελ-

281 3233 472 3283 θοῦσαι
543 3231 852 3303 φιλευσεϐεἰς
926 3233 991 3282 τὰ
1041 3234 1380 3301 νενομισμένα
1451 3234 1539 3281 καὶ
1602 3228 1678 3282 ἐπ’
1744 3232 1876 3305 αύυῇ

277 3320 575 3385 τελέσασαι,
664 3329 726 3391 τῇ
810 3328 954 3392 κοινῇ
1014 3328 1111 3371 τῶν
1188 3320 1480 3390 θυγατέροιν
1567 3330 1705 3394 σορῷ
1759 3343 1882 3375 κατ-

278 3411 469 3464 ἐθεντο.
528 3406 674 3463 Ἔδει
716 3413 818 3484 γὰρ
872 3411 1045 3484 ὥσπερ
1098 3417 1196 3461 τῶν
1249 3407 1460 3480 ψυχῶν,
1500 3410 1633 3461 οὕτω
1680 3408 1746 3470 δὴ
1789 3418 1876 3465 καὶ

275 3507 377 3550 τῶν
435 3502 689 3570 σωμάτων
742 3504 866 3572 μίαν
920 3499 1088 3550 αὐτῶν
1148 3495 1275 3549 εἶναι
1322 3504 1414 3555 τὴν
1460 3505 1747 3572 κατοικίαν,
1812 3503 1882 3564 εἰς

281 3584 441 3650 δόξαν
496 3592 714 3662 Πατρός,
770 3592 892 3642 Υἰοῦ
941 3595 1028 3641 καὶ
1072 3589 1225 3659 ἁγίου
1268 3592 1579 3660 Πνεύματος·
1614 3600 1706 3653 τῆς
1759 3600 1884 3664 μιᾶς

283 3681 545 3744 θεότητος,
637 3684 819 3754 πρέπει
849 3686 996 3733 πᾶσα
1022 3676 1172 3745 δόξα,
1207 3684 1356 3751 τιμὴ,
1386 3685 1473 3730 καὶ
1500 3685 1879 3754 προσκύνησις,

280 3775 370 3818 νῦν
400 3772 492 3820 καὶ
517 3765 587 3831 εἰς
613 3773 731 3832 τούς
760 3770 947 3831 αἰῶνας
967 3779 1066 3822 τῶν
1093 3770 1308 3822 αἰώνων.
1342 3767 1522 3840 Ἀμήν.

1991 3134 2048 3187 ni
2092 3150 2294 3188 rursus
2353 3134 2536 3189 choro
2594 3140 2955 3189 sanctorum.
3016 3138 3163 3190 Cum
3234 3142 3435 3192 autem
3527 3138 3638 3209 pia:

1991 3225 2405 3278 convenissent
2428 3224 2682 3287 feminae,
2711 3226 2761 3278 ei
2789 3241 3024 3296 quoque
3051 3225 3219 3295 justis
3260 3226 3422 3281 factis
3462 3228 3643 3299 depo-

1991 3319 2236 3369 suerunt
2274 3315 2330 3367 in
2373 3316 2673 3369 communi
2739 3313 2930 3369 loculo
2996 3314 3275 3371 ﬁliarum.
3324 3318 3646 3388 Oportebat

1992 3404 2172 3469 enim,
2204 3404 2513 3475 quomodo
2553 3404 2912 3470 animarum,
2967 3405 3048 3459 ita
3099 3408 3275 3460 etiam
3326 3423 3645 3478 corporum

1992 3508 2118 3547 esse
2177 3509 2359 3548 unam
2411 3493 2836 3548 habitationem
2893 3495 3015 3549 :ad
3069 3495 3317 3564 gloriam
3358 3496 3543 3552 Patris
3594 3502 3649 3552 et

1999 3581 2137 3645 Filii,
2177 3587 2230 3635 et
2270 3582 2518 3652 Spiritus
2558 3584 2765 3648 sancti,
2813 3584 2986 3637 unius
3045 3583 3388 3649 divinitatis,
3457 3602 3642 3656 quam

1995 3673 2163 3727 decet
2192 3671 2387 3725 omnis
2444 3670 2653 3743 gloria,
2712 3672 2906 3726 honor
2958 3680 3012 3726 et
3061 3672 3349 3737 adoratio,
3393 3690 3551 3729 nunc
3596 3682 3651 3732 et

1998 3777 2057 3831 in
2089 3774 2307 3830 saecula
2334 3769 2709 3827 saeculorum.
2738 3768 2947 3820 Amen.

292 3950 3645 3973 Ψ

1814 4083 2173 4201 VITA

1072 4353 1757 4499 SANCTI
1917 4356 2883 4500 STEPHANI

1614 4668 1814 4723 PAPJE
1854 4669 1937 4723 ΕΤ
1976 4669 2340 4724 MARTYRIS.

1067 4841 1270 4900 (Latine
1300 4844 1441 4908 apud
1476 4844 1695 4896 Surium
1729 4845 1795 4893 ad
1829 4845 1968 4895 diem
2003 4846 2032 4893 2
2067 4847 2310 4910 Augusti.
2342 4846 2516 4898 Graece
2538 4861 2646 4898 non
2677 4852 2891 4913 exstat.)

375 5139 501 5205 Quo
523 5145 789 5210 tempore
813 5138 1164 5194 Valerianus
1188 5144 1243 5194 et
1263 5139 1559 5196 Gallienus
1589 5140 1905 5211 impietatis
1941 5139 1985 5193 D
2016 5141 2684 5211 detulisset,omnesejus
2699 5142 3664 5215 facultatesipsehaberetetquos-

298 5234 619 5283 sectatores
635 5228 1016 5298 imperabant,
1035 5228 1482 5283 Christianorum
1499 5247 1532 5301 q
1545 5230 1905 5300 uamplurimi

298 5316 709 5373 acerbissimos
726 5323 1013 5387 tyrannos
1031 5316 1412 5381 declinantes,
1437 5320 1762 5375 lalitabant.
1782 5320 1904 5375 Non

299 5404 549 5460 deerant
567 5410 755 5459 tamen
772 5404 877 5477 qui
898 5405 1033 5459 ﬁdei
1051 5412 1342 5461 certamen
1359 5405 1686 5473 subeuntes,
1704 5415 1905 5479 marty-

298 5493 370 5550 rii
391 5493 656 5565 palmam
679 5500 1162 5566 assequerentur.
1189 5494 1323 5551 Erat
1347 5495 1503 5551 enim
1522 5495 1615 5552 lex
1633 5496 1908 5569 proposi-

304 5590 366 5640 ta
390 5588 451 5638 ut
477 5584 818 5656 quicunque
841 5582 1239 5639 Christianum
1253 5583 1560 5641 hominem
1576 5586 1906 5644 latitantem

2017 5248 2085 5286 cu
2097 5248 2253 5301 nque
2269 5234 2520 5286 honores
2534 5231 2592 5284 in
2605 5230 2862 5285 exercitu
2879 5231 3424 5301 petiisset,obtinere
3435 5239 3652 5304 posset.

2017 5320 2123 5375 Illo
2154 5321 2329 5389 igitur
2384 5327 2648 5391 tempore
2683 5320 2738 5373 Β.
2800 5322 3081 5376 Romana;
3124 5321 3285 5375 urbis
3336 5323 3655 5395 episcopus

2018 5408 2374 5480 Stephanus,
2416 5424 2554 5464 cum
2593 5412 2781 5464 totum
2822 5410 3042 5465 clerum
3092 5417 3527 5481 congregasset,
3573 5412 3657 5469 sic

2016 5512 2153 5553 eum
2183 5496 2396 5553 affatus
2422 5503 2507 5553 est
2538 5513 2551 5551 :
2586 5497 2860 5563 Audistis,
2893 5498 3097 5553 fratres
3137 5504 3189 5553 et
3224 5500 3669 5558 commilitones

2015 5589 2157 5655 mei,
2208 5588 2690 5644 crudelissimum
2738 5589 2997 5645 edictum
3045 5590 3293 5659 diaboli,
3350 5597 3412 5648 ut
3456 5593 3505 5649 si
3534 5593 3671 5664 quis
