4034 6206
498 265 605 321 51ὕ

1850 258 2123 321 MENSIS‘
2154 260 2558 322 AUGUSTUS.
3800 266 3890 325 516

498 386 893 443 Christianum
923 382 1388 456 deprehenderit,
1431 403 1642 446 omnes
1675 392 1802 462 ejus
1834 390 2147 446 facultates
2179 391 2225 441 A
2254 389 2506 445 Titulum
2536 398 2815 448 vocatum
2838 391 3019 447 fuisse
3042 388 3541 461 diximus,itaque
3582 393 3894 449 Nemesium

500 477 630 549 ipse
649 475 969 548 possideat.
990 474 1202 530 Moneo
1222 474 1402 543 igitur
1419 495 1540 544 vos,
1558 479 1782 546 fratres,
1808 485 1869 535 ut
1886 485 2148 535 terrenas

502 566 732 621 divitias
751 564 1276 634 contemnatis,quo
1289 567 1541 621 cmlestis
1558 570 1725 639 regni
1739 567 2147 624 haereditatem

502 653 801 727 percipere
852 654 1130 723 possitis:
1179 652 1363 708 Nolite
1412 655 1808 725 hujusmundi
1855 656 2149 729 principes

501 744 885 798 extimescere
918 757 930 794 :
973 741 1077 795 sed
1108 742 1293 796 Deum
1325 746 1451 798 casti
1484 750 1541 799 et
1582 753 1747 801 terrae
1803 747 2145 809 Dominum,

497 832 744 902 ejusque
765 828 1135 899 unigenitum
1152 829 1355 885 Filium
1373 833 1575 888 Jesum
1594 836 1886 890 Christum
1905 834 2150 890 adorate

504 921 670 975 illum
689 918 955 983 colite,ad
970 918 1136 972 illum
1155 920 1472 989 confugite,
1489 923 1591 994 qui
1611 930 1802 995 potest
1817 940 1922 978 nos
1935 938 2147 978 omnes

503 1010 727 1082 eripere
758 1009 831 1063 de
860 1007 1135 1062 manibus
1177 1007 1554 1066 inimicorum
1605 1018 1942 1068 nostrorum
1992 1016 2046 1066 et
2076 1011 2150 1066 de

505 1098 725 1154 diaboﬁ
753 1097 982 1151 malitia
1034 1096 1313 1153 liberatos
1346 1116 1454 1154 sua
1486 1102 1679 1169 gratia
1704 1102 2112 1157 corroborare.

577 1188 639 1242 Il.
672 1190 829 1242 Tunc
863 1185 1172 1257 presbyter
1197 1188 1715 1257 quidam,nomine
1755 1193 1946 1245 Bonus
1974 1206 1986 1244 :
2014 1192 2147 1253 Nos,

502 1278 716 1350 inquit,
809 1282 1065 1331 terrenas
1146 1283 1380 1332 nostras
1463 1279 1764 1335 facultates
1820 1280 2154 1350 relinquere

500 1367 562 1423 in
589 1368 789 1422 animo
808 1365 1126 1430 habemus,
1143 1366 1415 1436 quinimo
1432 1368 1999 1439 sanguinemipsum
2020 1382 2155 1438 pro-

503 1462 634 1529 pter
660 1456 976 1511 Dominum
1036 1461 1304 1508 nostrum
1335 1458 1537 1511 Jesum
1584 1455 1903 1522 Christum,
1948 1461 2003 1512 et
2027 1457 2154 1527 ejus

504 1544 767 1600 nominis
798 1542 1230 1598 confessionem
1264 1543 1566 1600 effundere
1594 1545 1784 1616 parati
1824 1561 2058 1610 sumus,
2093 1552 2154 1599 ut

505 1634 672 1688 illum
696 1632 934 1703 assequi
953 1631 1116 1700 digni
1144 1631 1596 1689 eﬁiciamur.His
1619 1635 2031 1700 dictis,omnes
2045 1633 2155 1689 cle-

2257 478 2318 531 in
2357 494 2578 549 aquam
2622 481 2881 546 demisit,
2914 488 2969 535 et
2999 478 3321 551 baptizavit
3346 479 3408 533 in
3440 481 3681 535 nomine
3712 484 3896 546 Patris,

2256 572 2309 621 et
2340 566 2482 630 Filii,
2530 575 2585 623 et
2619 569 2873 640 Spiritus
2926 568 3136 624 sancti.
3169 570 3311 622 Cum
3370 584 3512 622 vero
3567 585 3634 624 ex
3691 571 3897 641 piscina

2256 655 2504 722 exiisset,
2529 659 2704 728 coepit
2743 659 2926 729 ipsius
2976 656 3098 712 ﬁlia
3140 656 3404 712 clamare
3449 673 3462 710 :
3496 656 3577 712 En
3611 658 3894 714 hominem

2259 744 2449 812 video,
2480 747 2585 817 qui
2614 748 2801 816 tetigit
2847 746 3054 802 oculos
3114 760 3301 813 meos,
3341 744 3405 799 in
3438 746 3615 815 cujus
3673 748 3896 802 circuitu

2260 847 2492 902 magnae
2518 835 2665 889 lucis
2697 836 2974 907 splendor
3005 840 3277 905 apparet.
3300 836 3465 888 Tunc
3488 834 3820 905 Stephanus
3846 841 3892 891 et

2258 922 2450 992 ipsam
2474 925 2722 979 Nemesii
2742 924 2926 979 filiam
2950 922 3447 995 baptizavit,quaa
3461 923 3682 979 Lucilla
3706 934 3895 980 vocata

2258 1015 2361 1065 est.
2407 1012 2487 1066 Ex
2535 1013 2648 1067 hoc
2698 1019 2964 1085 tempore
3027 1012 3196 1067 multi
3245 1018 3558 1082 coeperunt
3623 1013 3696 1068 ad
3745 1014 3896 1084 pedes

2258 1098 2415 1153 beati
2457 1100 2750 1170 pontiﬁcis
2784 1101 3060 1172 Stephani
3107 1116 3169 1154 se
3198 1104 3579 1171 prosternere
3619 1119 3632 1167 ;
3671 1107 3725 1156 et
3779 1118 3895 1157 cum

2260 1187 2543 1259 lacrymis
2574 1189 2944 1261 baptismum
2975 1190 3052 1246 ab
3083 1206 3153 1245 eo
3177 1197 3395 1260 petere.
3435 1190 3537 1245 Illo
3569 1191 3762 1262 itaque
3790 1191 3891 1254 die,

2262 1293 2379 1347 quo
2401 1278 3049 1351 Luciilabaptizataest,
3069 1294 3265 1335 mares
3278 1285 3334 1334 et
3346 1278 3591 1335 feminae
3616 1280 3899 1349 sexaginta

2262 1364 2383 1421 duo
2444 1366 2730 1438 baptizati
2779 1373 2935 1422 sunt.
2978 1368 3071 1422 Sic
3117 1366 3315 1438 igitur,
3357 1366 3571 1422 divina
3626 1368 3805 1438 gratia
3851 1374 3895 1422 et

2262 1468 2376 1525 ope
2402 1455 2499 1527 adj
2513 1461 2747 1518 uvante,
2767 1456 2935 1511 multi
2962 1456 3069 1511 viri
3100 1456 3283 1511 Deum
3317 1462 3655 1511 metuentes
3685 1473 3752 1511 ex
3781 1472 3896 1527 gen-

2263 1544 2440 1609 tibus,
2472 1544 2715 1600 beatum
2749 1545 3091 1617 pontificem
3127 1546 3495 1616 Stephanum
3523 1545 3806 1614 adierunt,
3846 1550 3894 1600 ut

2263 1634 2340 1687 ab
2371 1632 2471 1687 illo
2503 1632 2712 1688 Christi
2738 1634 3106 1705 baptismum
3135 1633 3493 1704 acciperent.
3521 1635 3651 1688 Mox
3676 1634 3764 1689 ille
3781 1650 3893 1688 san-

504 1724 609 1779 rici
639 1722 715 1777 ad
744 1722 1060 1776 beatissimi
1090 1721 1382 1791 pontiﬁcis
1425 1726 1608 1793 pedes
1639 1723 1935 1795 prostrati,
1979 1722 2156 1794 signi-
2188 1744 2232 1799 B
2263 1721 2564 1776 ctissimus
2598 1724 2881 1793 pontifex,
2917 1724 3167 1794 Spiritus
3195 1723 3389 1776 sancti
3423 1725 3615 1792 gratia
3648 1723 3888 1787 refertus,

506 1812 734 1874 ﬁcarut,
763 1811 923 1881 quod
976 1810 1232 1880 quisque
1286 1811 1531 1879 gentiles
1577 1812 1741 1866 domi
1800 1829 1922 1866 suae
1979 1811 2159 1866 habe-

506 1909 610 1966 ret,
635 1899 733 1971 qui
757 1899 1043 1970 baptizari
1064 1904 1571 1971 optarent.ltaque
1591 1916 1625 1955 a
1638 1902 1916 1972 pontiﬁce
1931 1917 2157 1973 quaere-

512 1989 657 2045 bant
704 2004 850 2043 num
902 1988 1039 2052 alio,
1082 2003 1157 2041 an
1181 1988 1257 2041 ad
1305 2004 1442 2042 eum
1500 1989 1627 2043 illos
1670 1990 1904 2044 ducturi
1935 1996 2151 2055 essent,

506 2095 628 2150 quo
666 2078 955 2148 baptizari
1011 2082 1270 2146 possent.
1314 2076 1498 2132 Jussit
1546 2077 1723 2147 igitur
1771 2078 2154 2133 beatissimus

509 2170 844 2237 episcopus,
884 2170 944 2220 ut
964 2172 1206 2236 postero
1223 2167 1317 2221 die
1330 2167 1406 2221 ad
1435 2180 1727 2237 cryptam,
1745 2183 1880 2239 quae
1896 2166 2157 2239 appella-

508 2262 601 2310 tur
630 2254 972 2325 Nepotiana,
1016 2270 1227 2308 omnes
1259 2256 1660 2310 convenirent.
1691 2259 1836 2311 Cum
1868 2256 2046 2323 igitur
2078 2256 2155 2310 ad

513 2359 647 2399 eam
680 2348 953 2414 cryptam
986 2344 1425 2410 convenissent,
1461 2344 1680 2399 inventi
1712 2350 1849 2398 sunt
1878 2344 1994 2399 illic
2035 2350 2154 2399 tam

507 2450 724 2498 mares,
771 2448 956 2503 quam
1011 2431 1267 2497 feminae,
1295 2438 1531 2487 centum
1564 2438 1617 2488 et
1656 2439 1789 2488 octo
1823 2450 1836 2500 ;
1866 2449 2020 2505 quos
2059 2433 2157 2488 illo

509 2522 641 2594 ipso
668 2522 763 2575 die
806 2521 1074 2576 Pontifex
1099 2522 1156 2574 in
1211 2522 1455 2576 nomine
1501 2522 1734 2576 Domini
1788 2522 1974 2577 nostri
2022 2524 2157 2576 Jesu

507 2611 718 2667 Christi
732 2609 1114 2664 sanctissimo
1127 2610 1486 2680 baptismate
1500 2611 1694 2665 etaliis
1708 2611 1926 2666 divinis
1942 2618 2153 2682 myste-

505 2702 606 2755 riis
646 2701 1027 2763 consecravit,
1073 2704 1128 2753 et
1158 2705 1220 2753 ut
1248 2699 1358 2753 illis
1390 2700 1693 2770 placatum
1726 2716 1796 2755 ac
1833 2702 2153 2771 propitium

505 2790 690 2843 Deum
710 2788 1001 2851 redderet,
1036 2787 1392 2842 sacriﬁcium
1433 2789 1664 2855 obtulit,
1700 2788 1904 2861 sicque
1944 2804 2156 2843 omnes

505 2884 1015 2934 sacramentorum
1048 2879 1367 2948 partiCipes
1398 2877 1535 2932 facti
1556 2884 1710 2932 sunt.

579 2968 667 3021 ilI.
700 2970 777 3022 Eo
800 2974 1000 3021 autem
1020 2966 1133 3030 die,
1160 2966 1261 3036 qui
1282 2966 1565 3038 deinceps
1585 2972 1818 3022 secutus
1832 2966 2157 3035 est,beatus

504 3057 841 3126 Stephanus
879 3054 1179 3108 ordinavit
1222 3062 1335 3108 tres
1387 3055 1788 3125 presbyteros,
1822 3063 1876 3109 et
1930 3061 2156 3126 septem

505 3146 811 3200 diaconos,
841 3160 909 3198 ac
939 3142 1233 3197 sexdecim
1267 3142 1511 3198 clericos
1542 3150 1596 3198 et
1626 3144 1839 3198 sedens
1864 3160 2072 3199 omnes
2093 3144 2154 3198 il-
2190 3131 2229 3187 Ο

505 3234 596 3290 los
634 3233 890 3287 docebat
926 3232 999 3285 de
1028 3246 1212 3301 regno
1241 3232 1361 3295 Dei,
1422 3248 1491 3287 ac
1517 3235 1591 3287 de
1646 3233 2008 3304 sempiterna
2055 3233 2155 3287 illa

504 3323 640 3390 vita,
665 3337 797 3393 quae
828 3321 1023 3375 futura
1052 3324 1298 3377 est.Mox
1326 3327 1633 3391 coeperunt
1666 3322 1863 3392 populi
1896 3338 1968 3378 ex
1999 3321 2155 3377 Grae-

506 3413 587 3466 cis
617 3419 672 3465 et
701 3410 943 3481 reliquis
975 3410 1251 3479 gentibus
1274 3410 1353 3465 ad
1375 3428 1511 3465 eum
1540 3411 1753 3477 venire,
1783 3412 1885 3482 qui
1918 3412 2155 3467 divinos

507 3516 812 3556 sermones
838 3501 1168 3557 audientes.
1198 3516 1233 3554 a
1263 3500 1563 3571 Stephano
1586 3500 1863 3572 pontiﬁce
1895 3500 2156 3571 baptiza-

504 3591 745 3647 bantur.
772 3595 994 3644 lnterea
1016 3590 1172 3644 venit
1190 3589 1438 3661 quidam
1462 3590 1734 3645 tribunus
1750 3590 2024 3656 militum,
2050 3593 2154 3645 Ne-

505 3680 731 3735 mesius
770 3680 1031 3743 nomine,
1062 3680 1155 3734 cui
1184 3685 1309 3734 erat
1334 3680 1455 3734 ﬁlia
1498 3679 1672 3734 unica
1710 3696 1845 3751 quae
1886 3680 1962 3734 ab
1992 3679 2156 3734 incu-

504 3769 778 3825 nabulis:
806 3774 1045 3840 apertos
1072 3769 1315 3840 quidem
1343 3768 1548 3823 oculos
1574 3768 1997 3837 habuerat,sed
2012 3768 2155 3823 nihil

504 3860 754 3916 omnino
782 3857 1126 3929 aspiciebat.
1161 3858 1261 3912 Ille
1289 3874 1349 3912 se
1376 3858 1453 3913 ad
1475 3858 1627 3913 beati
1652 3858 1946 3929 pontiﬁcis
1974 3858 2155 3929 pedes

504 3949 841 4020 prostravit,
887 3963 956 4002 ac
998 3947 1144 4001 dixit
1187 3965 1199 3998 :
1243 3948 1357 4002 Oro
1421 3953 1494 4012 te,
1537 3947 1823 4018 pontifex,
1867 3953 1929 4003 ut
1966 3964 2063 4003 me
2101 3952 2158 4003 et

503 4036 691 4092 ﬁliam
730 4052 929 4092 meam
982 4036 1269 4107 baptizas,
1330 4052 1445 4106 quo
1489 4041 1547 4089 et
1577 4036 1705 4107 ipsa
1770 4036 2154 4101 illuminetur,

506 4132 563 4181 et
609 4129 841 4181 animas
899 4132 1134 4180 nostras
1186 4124 1263 4179 ab
1315 4125 1547 4179 aeternis
1608 4125 1865 4180 tenebris
1919 4126 2151 4195 eripias,

505 4216 796 4287 quoniam
821 4214 899 4269 ad
924 4214 1083 4268 hanc
1111 4229 1295 4284 usque
1323 4202 1483 4268 diem
1514 4230 1751 4285 semper
1783 4214 1838 4268 in
1872 4214 2155 4268 aerumnis

507 4308 564 4360 et
591 4304 899 4358 doloribus
927 4303 1283 4374 propterhuj
1297 4320 1362 4357 us
1374 4302 1507 4357 ﬁliis
1526 4318 1675 4358 meae
1687 4305 2010 4359 caecitatem
2026 4319 2153 4358 ver-

507 4400 667 4449 satus
697 4394 799 4448 fui.
835 4393 998 4449 Tunc
1018 4393 1230 4448 beatus
1255 4396 1576 4465 episcOpus
1601 4417 1610 4446 :
1640 4395 1694 4449 Si
1720 4393 2151 4465 credis,inquit,

2265 1812 2441 1882 cmpit
2462 1810 2931 1866 Christianorum
2952 1810 3395 1865 multitudinem
3421 1811 3479 1864 in
3509 1827 3693 1865 unum
3719 1811 3889 1865 locum

2265 1918 2457 1957 convo
2470 1918 2600 1957 care
2612 1902 2929 1974 divinaque
2946 1901 3142 1957 ofﬁcia
3157 1902 3493 1956 celebrabat
3508 1901 3567 1956 in
3588 1907 3888 1973 martyrum

2265 1990 2546 2057 latibulis,
2582 2000 2975 2063 qutercryptaa
3025 1990 3405 2061 appellantur
3449 2006 3615 2062 :quo
3658 1997 3891 2061 tempore

2265 2080 2600 2135 Nemesium
2634 2084 2865 2151 patrem
2896 2080 3129 2135 Lucillm
3148 2080 3452 2135 ordinavit
3472 2079 3804 2134 diaconum.

2341 2170 2399 2221 V.
2434 2168 2755 2239 lmpietatis
2786 2184 2926 2223 vero
2973 2173 3292 2223 sectatores
3324 2168 3583 2239 quidam
3622 2183 3751 2221 cum
3789 2165 3892 2219 hac

2265 2257 2653 2326 audivissent,
2688 2257 2930 2327 insuper
2959 2264 3015 2311 et
3042 2257 3389 2311 Nemesium
3432 2256 3725 2311 tribunum
3767 2269 3881 2309 cum

2266 2348 2388 2401 tota
2417 2343 2647 2402 familia
2686 2344 2896 2399 Christi
2926 2344 3109 2399 ﬁdem
3142 2344 3374 2409 sectari,
3411 2345 3813 2416 baptismoque
3839 2346 3884 2395 et

2265 2432 2404 2489 ﬁdei
2416 2433 2639 2489 lumine
2654 2433 2750 2504 adj
2763 2432 3883 2504 utum,ca3citatempristinamabjecisse,

2267 2538 2390 2577 rem
2409 2522 2745 2577 detulerunt
2766 2524 2842 2577 ad
2860 2523 3240 2579 Glabrionem
3272 2526 3326 2577 et
3357 2524 3677 2577 Maximum
3698 2534 3884 2574 consu-

2264 2611 2369 2676 les,
2385 2613 2653 2666 homines
2671 2612 3221 2682 scilicetimpietatis
3238 2611 3411 2667 valde
3432 2608 3882 2666 studiosos.Tunc

2265 2702 2345 2755 illi
2372 2702 2445 2756 de
2467 2718 2538 2756 ea
2558 2718 2617 2755 re
2642 2702 3073 2764 consultantes,
3104 2704 3537 2773 praeceperunt,
3558 2705 3616 2754 ut
3644 2710 3882 2770 quocun-

2265 2806 2382 2861 que
2436 2791 2656 2845 inloco
2706 2791 3015 2845 Nemesius
3048 2790 3338 2845 diaconus
3393 2787 3641 2844 inveniri
3694 2787 3884 2859 posset,

2265 2879 2508 2932 omnino
2540 2878 2905 2947 gravissimis
2936 2877 3241 2950 suppliciis
3267 2877 3626 2947 afﬁgeretur.
3653 2876 3783 2929 Cum
3797 2887 3884 2926 au—

2266 2973 2385 3022 tem
2419 2968 2725 3022 Nemesius
2756 2968 2881 3038 ipse
2911 2967 3176 3038 quodam
3207 2967 3302 3022 die
3333 2982 3444 3038 per
3480 2967 3631 3022 viam
3660 2961 3881 3033 Appiam

2265 3057 2374 3111 iter
2403 3057 2640 3119 faceret,
2663 3062 2718 3111 et
2738 3062 2891 3111 esset
2912 3071 3099 3127 prope
3118 3057 3312 3111 Martis
3336 3055 3646 3127 templum,
3680 3057 3729 3106 et
3756 3047 3883 3103 Vale-

2265 3143 2502 3198 rianum
2532 3160 2601 3199 ac
2623 3144 2947 3199 Maximum
2978 3142 3198 3214 impios
3230 3143 3511 3198 homines
3542 3141 3770 3200 videret,
3796 3132 3880 3205 qui

2266 3238 2330 3287 ut
2346 3240 2522 3288 antea
2541 3232 3324 3288 consueverantfmdissima
3344 3230 3712 3287 daemonibus
3735 3220 3881 3279 sacri-

2263 3321 2400 3377 ﬁcia
2447 3322 2791 3385 offerebant,
2826 3321 2910 3376 ita
2961 3324 3143 3376 Deum
3194 3322 3397 3392 ipsum
3450 3319 3616 3375 ﬂexis
3660 3312 3877 3387 genibus

2264 3411 2453 3467 oravit
2494 3428 2506 3465 :
2544 3413 2789 3466 Domine
2808 3412 2961 3466 Deus
2984 3416 3212 3466 creator
3233 3410 3367 3466 coeli
3397 3418 3455 3466 et
3484 3415 3666 3470 terrae,
3689 3401 3878 3469 dissipa

2262 3502 2507 3557 consilia
2518 3507 2575 3555 et
2588 3502 3145 3573 machinas,quibus
3158 3500 3438 3557 diabolus
3452 3500 3733 3554 humanas
3746 3502 3881 3545 men-

2265 3598 2348 3645 tes
2365 3592 2656 3661 pervertit;
2681 3590 2909 3661 dissipa
2925 3606 3048 3653 eas,
3070 3606 3299 3661 quaeso,
3326 3606 3435 3661 per
3456 3600 3666 3644 nomen
3682 3574 3878 3635 Domini

2267 3680 2449 3735 nostri
2513 3680 2652 3734 Jesu
2712 3679 2919 3734 Christi
2974 3678 3098 3733 Filii
3138 3678 3245 3747 tui,
3322 3694 3507 3749 quem
3573 3669 3767 3730 misisti
3829 3665 3877 3718 in

2263 3767 2424 3822 hunc
2451 3768 2769 3822 mundum.
2798 3771 3042 3822 Contere
3090 3766 3395 3831 Satanam,
3433 3770 3497 3821 ut
3523 3759 3710 3819 miseri
3739 3759 3788 3810 et
3808 3752 3875 3806 in-

2266 3856 2459 3912 felices
2476 3856 2569 3911 isti
2587 3856 2664 3911 ab
2682 3856 2730 3926 ej
2745 3872 2811 3909 us
2828 3855 3058 3927 laqueis
3073 3856 3290 3927 quibus
3307 3854 3506 3911 irretiti
3520 3855 3649 3906 sunt
3663 3842 3878 3915 eripian-

2266 3951 2376 4012 tur,
2411 3961 2480 4001 ac
2510 3947 2793 4001 humanis
2834 3945 3116 4000 manibus
3148 3944 3441 4001 fabricata
3472 3937 3771 3998 simulacra
3796 3928 3876 3983 de-

2264 4035 2685 4107 relinquentes,
2718 4040 3055 4105 agnoscant
3077 4041 3128 4089 te
3155 4035 3430 4090 omnium
3468 4042 3659 4087 rerum
3683 4023 3876 4078 creato-

2264 4140 2413 4190 rem,
2440 4125 2627 4179 Deum
2658 4131 2713 4179 et
2736 4124 2972 4180 Patrem
3023 4124 3515 4194 omnipotentem,
3575 4122 3629 4171 et
3664 4109 3874 4167 unicum

2266 4214 2472 4269 Filium
2508 4219 2674 4268 tuum
2706 4213 3029 4268 Dominum
3059 4214 3267 4267 Jesum
3304 4211 3619 4267 Christum.
3651 4201 3739 4256 Illa
3768 4197 3874 4265 11³⁸³

2264 4303 2414 4359 hora
2442 4304 2665 4374 impius
2693 4303 2982 4358 Maximus
3006 4319 3042 4358 a
3079 4302 3357 4357 daemone
3409 4299 3721 4367 correptus;
3757 4292 3873 4376 Ϊ-οίῖθ

2264 4406 2491 4462 magna
2520 4371 2607 4447 cce
2615 4393 2695 4463 pit
2723 4391 2983 4447 clamare
3004 4409 3015 4443 :
3042 4391 3350 4446 Nemesius
3379 4402 3533 4444 nunc
3555 4384 3730 4438 factus
3743 4371 3873 4463 Chri-

507 4499 580 4539 ex
619 4489 741 4538 toto
780 4484 979 4548 corde,
1021 4483 1227 4537 omnia
1265 4482 1370 4537 tibi
1412 4482 1673 4537 credenti
1714 4498 1997 4538 concessa
2036 4483 2153 4538 fue-
2187 4487 2231 4541 D
2266 4483 2493 4536 stianus
2524 4497 2618 4535 me
2641 4478 3249 4536 incendit.Ecceillius
3269 4479 3459 4534 oratio
3475 4458 3872 4530 mecruciat-EI

506 4573 643 4628 rint.
660 4572 746 4627 Ad
762 4571 1491 4627 heecNemesiustribunus
1523 4589 1533 4625 :
1561 4574 1682 4641 Ego
1704 4572 1780 4626 ad
1800 4573 1953 4627 hanc
1969 4588 2155 4643 usque

507 4662 667 4716 diem
692 4668 811 4717 toto
843 4661 1047 4716 animo
1074 4661 1315 4727 credidi,
1353 4665 1410 4716 et
1440 4676 1598 4715 nunc
1630 4661 1803 4716 credo
1837 4662 2154 4717 Dominum

505 4753 710 4805 Iesum
730 4750 1019 4805 Christum
1048 4754 1232 4805 Deum
1263 4766 1389 4805 esse
1420 4751 1769 4822 quiaperuit
1794 4751 1998 4806 oculos
2016 4751 2157 4806 caeci

508 4840 630 4896 nati
661 4862 672 4894 :
700 4855 886 4911 neque
919 4840 1079 4893 enim
1111 4838 1395 4894 humanis
1423 4839 1681 4894 consiliis
1703 4840 2023 4912 impulsus,
2052 4840 2157 4895 sed

508 4929 634 5000 ejus
655 4928 842 5000 ipsius
863 4930 1198 4991 vocatione,
1221 4927 1299 4982 ad
1323 4927 1697 4983 sanctitatem
1718 4934 1881 4983 tuam
1896 4931 2046 4984 veni.

580 5019 666 5073 IV.
704 5020 800 5072 His
832 5018 1068 5082 auditis,
1098 5016 1297 5072 statim
1320 5017 1533 5072 beatus
1559 5018 1821 5087 pontifex
1852 5018 2155 5073 hominem
2180 5016 2229 5021 Ἢ

508 5109 674 5164 illum
715 5108 963 5162 adduxit
1005 5106 1081 5161 ad
1120 5107 1318 5161 locum
1360 5107 1708 5178 quemdam,
1758 5108 1861 5178 qui
1913 5115 2158 5162 vocatur

508 5198 732 5255 Titulus
767 5196 1047 5268 pastoris;
1082 5212 1337 5266 cumque
1364 5201 1419 5250 et
1472 5195 1691 5266 ipsum,
1725 5204 1781 5250 et
1819 5196 1945 5267 ejus
1975 5196 2157 5251 filiam

508 5286 871 5341 catechismo
886 5284 1798 5355 instruxisset,quemadmodum
1812 5283 2156 5338 Christianae

505 5374 645 5432 ﬁdei
663 5391 922 5430 canones
938 5383 992 5429 et
1005 5375 1153 5429 ordo
1172 5373 1487 5446 postulat,j
1501 5373 1646 5427 ussit
1660 5372 2045 5444 eosjejunare
2062 5389 2157 5427 us-

508 5480 627 5539 que
640 5464 719 5521 ad
734 5478 1067 5537 vesperam.
1085 5467 1228 5520 Cum
1243 5468 1442 5521 autem
1460 5462 1726 5519 venisset
1750 5462 1903 5520 hora
1926 5477 2161 5535 vesper-

509 5554 658 5623 tina,
698 5551 993 5610 benedixit
1023 5569 1195 5628 aquae
1234 5554 1295 5609 in
1347 5571 1418 5610 eo
1466 5554 1617 5620 loco,
1678 5569 1855 5627 quem
1903 5554 2157 5627 pastoris

2264 4570 2364 4625 illa
2376 4571 2552 4640 igitur
2564 4571 2711 4625 hora
2724 4570 2945 4638 egressi
2960 4586 2989 4625 e
3003 4569 3249 4640 templo,
3260 4570 3277 4638 j
3291 4569 3560 4623 usserunt
3572 4550 3869 4645 Νεφθεςί-υω

2265 4658 2532 4714 detineri.
2568 4662 2715 4714 Cum
2748 4674 2883 4713 vero
2906 4659 3009 4729 qui
3032 4674 3171 4712 eum
3205 4659 3530 4717 tenuerant,
3563 4635 3868 4702 verberibus

2265 4748 2595 4821 pulsarent,
2608 4754 2849 4819 repente
2864 4747 3151 4803 Maximus
3166 4746 3377 4801 consul
3395 4739 3603 4799 efﬂavit
3619 4730 3867 4821 anitnafn-

2339 4838 2431 4891 Ἦ·
2453 4815 2658 4909 Itaque
2676 4815 2988 4892 Nemesius
3007 4836 3209 4891 statim
3226 4836 3444 4891 ductus
3466 4824 3631 4887 estad
3646 4815 3867 4909 Vltiel‘m‘

2270 4944 2413 4982 num
2442 4927 2500 4981 in
2532 4904 2842 4997 palatium,
2863 4924 3029 4997 quod
3058 4924 3285 4981 Claudii
3304 4923 3541 4979 nomine
3559 4904 3866 4997 appellatur:

2269 5019 2455 5082 Quem
2489 4992 2571 5070 sic
2603 5015 2819 5071 affatus
2837 4992 2927 5070 est
2960 5014 3337 5069 Valerianus:
3375 5015 3436 5067 Et
3464 5007 3693 5064 ubinam
3721 4992 3812 5054 est,
3840 4995 3868 5034 ⁰

2268 5106 2520 5171 Nemesi,
2572 5104 2886 5177 prudentia
2917 5104 3017 5158 illa
3043 5110 3159 5168 tua,
3187 5119 3374 5175 quam
3402 5107 3626 5166 semper
3651 5087 3705 5141 in
3732 5086 3871 5177 teucri:

2270 5196 2607 5265 gnovimus,
2643 5202 2765 5248 tum
2795 5196 2851 5247 in
2877 5193 3136 5248 consiliis
3182 5192 3479 5254 ineundis,
3507 5177 3689 5240 tumin
3718 5164 3864 5265 reblli

2270 5242 2383 5265 (τ’-’ν
2405 5242 2607 5259 ”’-“”³
2646 5242 2765 5248 ””“-
2795 5242 2851 5247 “““
2882 5242 3134 5248 ""“""
3182 5242 3479 5254 '—--—-——r,
3823 5248 3829 5255 ‘

2269 5285 2544 5356 gerendis
2574 5284 2987 5338 ﬁrmissimam
3017 5282 3045 5333 ‘?
3074 5283 3162 5335 An
3201 5282 3542 5351 ignoramus
3584 5280 3717 5355 nos,
3749 5242 3869 5356 q-ulii

2269 5374 2586 5446 optimum,
2615 5373 2830 5445 quidve
2858 5372 3191 5443 pessimum
3224 5372 3313 5435 sit,
3366 5368 3577 5441 quippe
3769 5345 3867 5446 {of

2269 5432 2435 5564 aliud
2452 5467 2518 5567 te
2546 5432 2939 5563 adhortambr
2958 5460 3253 5567 utnfacias,
3280 5432 3404 5515 nisi
3418 5432 3867 5567 quod

2271 5552 2379 5612 tibi
2409 5552 2589 5612 aﬁare
2623 5552 2836 5627 possit,
2868 5556 2931 5609 ut
2959 5550 3182 5607 scilicet
3207 5524 3344 5624 quae
3377 5524 3507 5604 vera
3539 5524 3865 5593 suntample‘
