  <div class='ocr_page' id='page_1' title='image "/cluster/home/n/w/nwhite01/storage/ocr_20150623/115/hvd.32044073502262/264.png"; bbox 0 0 4142 6196; ppageno 0'>
   <div class='ocr_carea' id='block_1_1' title="bbox 240 254 359 313">
    <p class='ocr_par' dir='ltr' id='par_1_1' title="bbox 240 254 359 313">
     <span class='ocr_line' id='line_1_1' title="bbox 240 254 359 313; baseline 0 -1"><span class='ocrx_word' id='word_1_1' title='bbox 240 254 359 313; x_wconf 76' lang='lat'>517</span> 
     </span>
    </p>
   </div>
   <div class='ocr_carea' id='block_1_2' title="bbox 1639 220 2324 327">
    <p class='ocr_par' dir='ltr' id='par_1_2' title="bbox 1639 220 2324 327">
     <span class='ocr_line' id='line_1_2' title="bbox 1639 220 2324 327; baseline 0 -16"><span class='ocrx_word' id='word_1_2' title='bbox 1639 254 1803 311; x_wconf 83' lang='lat' dir='ltr'><strong>VITA</strong></span> <span class='ocrx_word' id='word_1_3' title='bbox 1842 220 1915 312; x_wconf 43' lang='lat' dir='ltr'>si</span> <span class='ocrx_word' id='word_1_4' title='bbox 1944 252 2324 327; x_wconf 62' lang='lat' dir='ltr'>STEPHANli</span> 
     </span>
    </p>
   </div>
   <div class='ocr_carea' id='block_1_3' title="bbox 3567 254 3672 311">
    <p class='ocr_par' dir='ltr' id='par_1_3' title="bbox 3567 254 3672 311">
     <span class='ocr_line' id='line_1_3' title="bbox 3567 254 3672 311; baseline 0 0"><span class='ocrx_word' id='word_1_5' title='bbox 3567 254 3672 311; x_wconf 72' lang='grc'>518</span> 
     </span>
    </p>
   </div>
   <div class='ocr_carea' id='block_1_4' title="bbox 243 376 3683 455">
    <p class='ocr_par' dir='ltr' id='par_1_4' title="bbox 243 376 3683 455">
     <span class='ocr_line' id='line_1_4' title="bbox 243 376 3683 455; baseline 0.001 -18"><span class='ocrx_word' id='word_1_6' title='bbox 243 386 439 448; x_wconf 90' lang='lat' dir='ltr'>ctens,</span> <span class='ocrx_word' id='word_1_7' title='bbox 470 380 613 436; x_wconf 89' lang='lat' dir='ltr'>deos</span> <span class='ocrx_word' id='word_1_8' title='bbox 644 380 809 452; x_wconf 90' lang='lat' dir='ltr'>ipsos</span> <span class='ocrx_word' id='word_1_9' title='bbox 839 393 961 434; x_wconf 91' lang='lat' dir='ltr'>non</span> <span class='ocrx_word' id='word_1_10' title='bbox 986 376 1250 447; x_wconf 80' lang='lat' dir='ltr'>deseras,</span> <span class='ocrx_word' id='word_1_11' title='bbox 1281 397 1435 454; x_wconf 90' lang='lat' dir='ltr'>quos</span> <span class='ocrx_word' id='word_1_12' title='bbox 1467 381 1915 452; x_wconf 82' lang='lat' dir='ltr'>omnitempore</span> <span class='ocrx_word' id='word_1_13' title='bbox 1951 384 1992 436; x_wconf 90' lang='lat' dir='ltr'><strong>A</strong></span> <span class='ocrx_word' id='word_1_14' title='bbox 2028 380 2257 435; x_wconf 80' lang='lat' dir='ltr'>miseris</span> <span class='ocrx_word' id='word_1_15' title='bbox 2299 380 2496 436; x_wconf 91' lang='lat' dir='ltr'>modis</span> <span class='ocrx_word' id='word_1_16' title='bbox 2526 384 2582 436; x_wconf 91' lang='lat' dir='ltr'>te</span> <span class='ocrx_word' id='word_1_17' title='bbox 2608 379 3135 435; x_wconf 66' lang='lat' dir='ltr'>consumamJiaac</span> <span class='ocrx_word' id='word_1_18' title='bbox 3154 379 3319 445; x_wconf 85' lang='lat' dir='ltr'>dixit,</span> <span class='ocrx_word' id='word_1_19' title='bbox 3336 386 3391 437; x_wconf 90' lang='lat' dir='ltr'>et</span> <span class='ocrx_word' id='word_1_20' title='bbox 3407 383 3683 455; x_wconf 89' lang='lat' dir='ltr'>Sempro-</span> 
     </span>
    </p>
   </div>
   <div class='ocr_carea' id='block_1_5' title="bbox 243 467 1915 542">
    <p class='ocr_par' dir='ltr' id='par_1_5' title="bbox 243 467 1915 542">
     <span class='ocr_line' id='line_1_5' title="bbox 243 467 1915 542; baseline -0.001 -17"><span class='ocrx_word' id='word_1_21' title='bbox 243 486 284 525; x_wconf 88' lang='lat' dir='ltr'>a</span> <span class='ocrx_word' id='word_1_22' title='bbox 328 469 583 542; x_wconf 80' lang='lat' dir='ltr'>pueritia</span> <span class='ocrx_word' id='word_1_23' title='bbox 614 467 843 524; x_wconf 83' lang='lat' dir='ltr'>coluisti</span> <span class='ocrx_word' id='word_1_24' title='bbox 876 474 931 523; x_wconf 92' lang='lat' dir='ltr'>et</span> <span class='ocrx_word' id='word_1_25' title='bbox 964 476 1279 524; x_wconf 81' lang='lat' dir='ltr'>veneratus</span> <span class='ocrx_word' id='word_1_26' title='bbox 1306 488 1369 525; x_wconf 90' lang='lat' dir='ltr'>es</span> <span class='ocrx_word' id='word_1_27' title='bbox 1396 471 1423 525; x_wconf 77' lang='lat' dir='ltr'><strong><em>‘I</em></strong></span> <span class='ocrx_word' id='word_1_28' title='bbox 1468 470 1555 524; x_wconf 82' lang='lat' dir='ltr'>Ad</span> <span class='ocrx_word' id='word_1_29' title='bbox 1612 470 1740 524; x_wconf 80' lang='lat' dir='ltr'>haec</span> <span class='ocrx_word' id='word_1_30' title='bbox 1807 470 1915 524; x_wconf 87' lang='lat' dir='ltr'>Ne-</span> 
     </span>
    </p>
   </div>
   <div class='ocr_carea' id='block_1_6' title="bbox 248 557 1915 628">
    <p class='ocr_par' dir='ltr' id='par_1_6' title="bbox 248 557 1915 628">
     <span class='ocr_line' id='line_1_6' title="bbox 248 557 1915 628; baseline -0.002 -14"><span class='ocrx_word' id='word_1_31' title='bbox 248 558 481 614; x_wconf 88' lang='lat' dir='ltr'>mesius</span> <span class='ocrx_word' id='word_1_32' title='bbox 494 558 786 612; x_wconf 89' lang='lat' dir='ltr'>diaconus</span> <span class='ocrx_word' id='word_1_33' title='bbox 808 575 819 614; x_wconf 92' lang='lat'>:</span> <span class='ocrx_word' id='word_1_34' title='bbox 847 558 982 627; x_wconf 84' lang='lat' dir='ltr'>Ego,</span> <span class='ocrx_word' id='word_1_35' title='bbox 1006 557 1218 628; x_wconf 92' lang='lat' dir='ltr'>inquit,</span> <span class='ocrx_word' id='word_1_36' title='bbox 1240 560 1693 613; x_wconf 91' lang='lat' dir='ltr'>scelestissimns</span> <span class='ocrx_word' id='word_1_37' title='bbox 1709 557 1915 612; x_wconf 87' lang='lat' dir='ltr'>verita-</span> 
     </span>
    </p>
   </div>
   <div class='ocr_carea' id='block_1_7' title="bbox 247 646 1913 720">
    <p class='ocr_par' dir='ltr' id='par_1_7' title="bbox 247 646 1913 720">
     <span class='ocr_line' id='line_1_7' title="bbox 247 646 1913 720; baseline -0.002 -17"><span class='ocrx_word' id='word_1_38' title='bbox 247 654 373 703; x_wconf 92' lang='lat' dir='ltr'>tem</span> <span class='ocrx_word' id='word_1_39' title='bbox 394 649 593 720; x_wconf 82' lang='lat' dir='ltr'>ipsam</span> <span class='ocrx_word' id='word_1_40' title='bbox 612 646 1068 717; x_wconf 88' lang='lat' dir='ltr'>dereliqueram,</span> <span class='ocrx_word' id='word_1_41' title='bbox 1089 652 1143 701; x_wconf 89' lang='lat' dir='ltr'>et</span> <span class='ocrx_word' id='word_1_42' title='bbox 1160 650 1521 719; x_wconf 88' lang='lat' dir='ltr'>sanguinem</span> <span class='ocrx_word' id='word_1_43' title='bbox 1541 652 1913 702; x_wconf 81' lang='lat' dir='ltr'><strong>innocentem</strong></span> 
     </span>
    </p>
   </div>
   <div class='ocr_carea' id='block_1_8' title="bbox 246 733 1913 808">
    <p class='ocr_par' dir='ltr' id='par_1_8' title="bbox 246 733 1913 808">
     <span class='ocr_line' id='line_1_8' title="bbox 246 733 1913 808; baseline -0.002 -18"><span class='ocrx_word' id='word_1_44' title='bbox 246 734 779 800; x_wconf 70' lang='lat' dir='ltr'>eﬂ‘uderam,etad</span> <span class='ocrx_word' id='word_1_45' title='bbox 805 733 919 789; x_wconf 93' lang='lat' dir='ltr'>hoc</span> <span class='ocrx_word' id='word_1_46' title='bbox 952 751 1139 806; x_wconf 89' lang='lat' dir='ltr'>usque</span> <span class='ocrx_word' id='word_1_47' title='bbox 1189 742 1422 808; x_wconf 89' lang='lat' dir='ltr'>tempus</span> <span class='ocrx_word' id='word_1_48' title='bbox 1476 735 1730 808; x_wconf 79' lang='lat' dir='ltr'>peccatis</span> <span class='ocrx_word' id='word_1_49' title='bbox 1774 749 1913 789; x_wconf 90' lang='lat' dir='ltr'>one-</span> 
     </span>
    </p>
   </div>
   <div class='ocr_carea' id='block_1_9' title="bbox 242 820 1914 889">
    <p class='ocr_par' dir='ltr' id='par_1_9' title="bbox 242 820 1914 889">
     <span class='ocr_line' id='line_1_9' title="bbox 242 820 1914 889; baseline -0.002 -10"><span class='ocrx_word' id='word_1_50' title='bbox 242 829 417 879; x_wconf 87' lang='lat' dir='ltr'>ratus</span> <span class='ocrx_word' id='word_1_51' title='bbox 440 824 668 878; x_wconf 86' lang='lat' dir='ltr'>fueram</span> <span class='ocrx_word' id='word_1_52' title='bbox 703 840 715 889; x_wconf 88' lang='lat'>;</span> <span class='ocrx_word' id='word_1_53' title='bbox 758 822 866 877; x_wconf 93' lang='lat' dir='ltr'>sed</span> <span class='ocrx_word' id='word_1_54' title='bbox 894 823 1102 879; x_wconf 86' lang='lat' dir='ltr'>Christi</span> <span class='ocrx_word' id='word_1_55' title='bbox 1162 825 1397 880; x_wconf 90' lang='lat' dir='ltr'>Domini</span> <span class='ocrx_word' id='word_1_56' title='bbox 1458 832 1513 880; x_wconf 90' lang='lat' dir='ltr'>et</span> <span class='ocrx_word' id='word_1_57' title='bbox 1553 825 1650 879; x_wconf 90' lang='lat' dir='ltr'>Dei</span> <span class='ocrx_word' id='word_1_58' title='bbox 1691 820 1914 877; x_wconf 90' lang='lat' dir='ltr'>miseri-</span> 
     </span>
    </p>
   </div>
   <div class='ocr_carea' id='block_1_10' title="bbox 244 911 1911 982">
    <p class='ocr_par' dir='ltr' id='par_1_10' title="bbox 244 911 1911 982">
     <span class='ocr_line' id='line_1_10' title="bbox 244 911 1911 982; baseline -0.002 -15"><span class='ocrx_word' id='word_1_59' title='bbox 244 912 458 968; x_wconf 85' lang='lat' dir='ltr'>cordia</span> <span class='ocrx_word' id='word_1_60' title='bbox 486 912 669 967; x_wconf 92' lang='lat' dir='ltr'>modo</span> <span class='ocrx_word' id='word_1_61' title='bbox 699 911 957 982; x_wconf 80' lang='lat' dir='ltr'>adjutus,</span> <span class='ocrx_word' id='word_1_62' title='bbox 1017 912 1261 967; x_wconf 81' lang='lat' dir='ltr'>tandem</span> <span class='ocrx_word' id='word_1_63' title='bbox 1318 917 1651 970; x_wconf 84' lang='lat' dir='ltr'>Creatorem</span> <span class='ocrx_word' id='word_1_64' title='bbox 1712 926 1911 965; x_wconf 88' lang='lat' dir='ltr'>meum</span> 
     </span>
    </p>
   </div>
   <div class='ocr_carea' id='block_1_11' title="bbox 244 999 1913 1071">
    <p class='ocr_par' dir='ltr' id='par_1_11' title="bbox 244 999 1913 1071">
     <span class='ocr_line' id='line_1_11' title="bbox 244 999 1913 1071; baseline -0.002 -16"><span class='ocrx_word' id='word_1_65' title='bbox 244 1003 527 1071; x_wconf 82' lang='lat' dir='ltr'>cognovi,</span> <span class='ocrx_word' id='word_1_66' title='bbox 561 1001 733 1069; x_wconf 88' lang='lat' dir='ltr'>cujus</span> <span class='ocrx_word' id='word_1_67' title='bbox 765 999 1061 1070; x_wconf 89' lang='lat' dir='ltr'>baptismo</span> <span class='ocrx_word' id='word_1_68' title='bbox 1094 1002 1461 1056; x_wconf 89' lang='lat' dir='ltr'>illuminatus</span> <span class='ocrx_word' id='word_1_69' title='bbox 1510 1018 1664 1066; x_wconf 90' lang='lat' dir='ltr'>sum,</span> <span class='ocrx_word' id='word_1_70' title='bbox 1725 1000 1827 1070; x_wconf 89' lang='lat' dir='ltr'>qui</span> <span class='ocrx_word' id='word_1_71' title='bbox 1858 1004 1913 1053; x_wconf 92' lang='lat' dir='ltr'>et</span> 
     </span>
    </p>
   </div>
   <div class='ocr_carea' id='block_1_12' title="bbox 244 1088 1911 1162">
    <p class='ocr_par' dir='ltr' id='par_1_12' title="bbox 244 1088 1911 1162">
     <span class='ocr_line' id='line_1_12' title="bbox 244 1088 1911 1162; baseline -0.002 -17"><span class='ocrx_word' id='word_1_72' title='bbox 244 1090 449 1145; x_wconf 86' lang='lat' dir='ltr'>cordis</span> <span class='ocrx_word' id='word_1_73' title='bbox 486 1092 600 1144; x_wconf 89' lang='lat' dir='ltr'>mei</span> <span class='ocrx_word' id='word_1_74' title='bbox 627 1088 832 1143; x_wconf 89' lang='lat' dir='ltr'>oculos</span> <span class='ocrx_word' id='word_1_75' title='bbox 866 1090 1114 1159; x_wconf 87' lang='lat' dir='ltr'>aperuit,</span> <span class='ocrx_word' id='word_1_76' title='bbox 1148 1093 1527 1162; x_wconf 84' lang='lat' dir='ltr'>etcorporeis</span> <span class='ocrx_word' id='word_1_77' title='bbox 1572 1090 1706 1144; x_wconf 79' lang='lat' dir='ltr'>ﬁliae</span> <span class='ocrx_word' id='word_1_78' title='bbox 1767 1104 1911 1143; x_wconf 73' lang='lat' dir='ltr'>mea:</span> 
     </span>
    </p>
   </div>
   <div class='ocr_carea' id='block_1_13' title="bbox 244 1178 1909 1251">
    <p class='ocr_par' dir='ltr' id='par_1_13' title="bbox 244 1178 1909 1251">
     <span class='ocr_line' id='line_1_13' title="bbox 244 1178 1909 1251; baseline -0.001 -18"><span class='ocrx_word' id='word_1_79' title='bbox 244 1180 490 1251; x_wconf 89' lang='lat' dir='ltr'>pupillis</span> <span class='ocrx_word' id='word_1_80' title='bbox 520 1179 722 1233; x_wconf 85' lang='lat' dir='ltr'>lumen</span> <span class='ocrx_word' id='word_1_81' title='bbox 756 1178 1021 1233; x_wconf 77' lang='lat' dir='ltr'>restituit.</span> <span class='ocrx_word' id='word_1_82' title='bbox 1061 1179 1224 1234; x_wconf 86' lang='lat' dir='ltr'>Hunc</span> <span class='ocrx_word' id='word_1_83' title='bbox 1255 1180 1463 1245; x_wconf 92' lang='lat' dir='ltr'>adoro,</span> <span class='ocrx_word' id='word_1_84' title='bbox 1507 1182 1665 1235; x_wconf 91' lang='lat' dir='ltr'>hunc</span> <span class='ocrx_word' id='word_1_85' title='bbox 1712 1184 1909 1243; x_wconf 89' lang='lat' dir='ltr'>timeo,</span> 
     </span>
    </p>
   </div>
   <div class='ocr_carea' id='block_1_14' title="bbox 239 1267 1913 1339">
    <p class='ocr_par' dir='ltr' id='par_1_14' title="bbox 239 1267 1913 1339">
     <span class='ocr_line' id='line_1_14' title="bbox 239 1267 1913 1339; baseline -0.002 -16"><span class='ocrx_word' id='word_1_86' title='bbox 239 1269 390 1323; x_wconf 89' lang='lat' dir='ltr'>huic</span> <span class='ocrx_word' id='word_1_87' title='bbox 440 1270 662 1322; x_wconf 89' lang='lat' dir='ltr'>cultum</span> <span class='ocrx_word' id='word_1_88' title='bbox 702 1273 756 1321; x_wconf 90' lang='lat' dir='ltr'>et</span> <span class='ocrx_word' id='word_1_89' title='bbox 782 1283 985 1338; x_wconf 88' lang='lat' dir='ltr'>preces</span> <span class='ocrx_word' id='word_1_90' title='bbox 1007 1268 1260 1339; x_wconf 81' lang='lat' dir='ltr'>supplex</span> <span class='ocrx_word' id='word_1_91' title='bbox 1300 1268 1506 1338; x_wconf 74' lang='lat' dir='ltr'>offero,</span> <span class='ocrx_word' id='word_1_92' title='bbox 1550 1268 1717 1338; x_wconf 90' lang='lat' dir='ltr'>cujus</span> <span class='ocrx_word' id='word_1_93' title='bbox 1749 1267 1913 1321; x_wconf 90' lang='lat' dir='ltr'>auxi-</span> 
     </span>
    </p>
   </div>
   <div class='ocr_carea' id='block_1_15' title="bbox 242 1355 1910 1427">
    <p class='ocr_par' dir='ltr' id='par_1_15' title="bbox 242 1355 1910 1427">
     <span class='ocr_line' id='line_1_15' title="bbox 242 1355 1910 1427; baseline 0 -18"><span class='ocrx_word' id='word_1_94' title='bbox 242 1356 401 1411; x_wconf 88' lang='lat' dir='ltr'>lium</span> <span class='ocrx_word' id='word_1_95' title='bbox 435 1372 673 1427; x_wconf 86' lang='lat' dir='ltr'>semper</span> <span class='ocrx_word' id='word_1_96' title='bbox 698 1355 1062 1426; x_wconf 88' lang='lat' dir='ltr'>implorabo,</span> <span class='ocrx_word' id='word_1_97' title='bbox 1105 1361 1162 1410; x_wconf 91' lang='lat' dir='ltr'>et</span> <span class='ocrx_word' id='word_1_98' title='bbox 1203 1357 1486 1412; x_wconf 90' lang='lat' dir='ltr'>simulcra</span> <span class='ocrx_word' id='word_1_99' title='bbox 1516 1357 1740 1421; x_wconf 84' lang='lat' dir='ltr'>omnia,</span> <span class='ocrx_word' id='word_1_100' title='bbox 1778 1372 1910 1425; x_wconf 78' lang='lat' dir='ltr'>quae</span> 
     </span>
    </p>
   </div>
   <div class='ocr_carea' id='block_1_16' title="bbox 239 1445 1909 1517">
    <p class='ocr_par' dir='ltr' id='par_1_16' title="bbox 239 1445 1909 1517">
     <span class='ocr_line' id='line_1_16' title="bbox 239 1445 1909 1517; baseline -0.001 -17"><span class='ocrx_word' id='word_1_101' title='bbox 239 1446 559 1500; x_wconf 72' lang='lat' dir='ltr'>daamones</span> <span class='ocrx_word' id='word_1_102' title='bbox 593 1461 717 1500; x_wconf 92' lang='lat' dir='ltr'>esse</span> <span class='ocrx_word' id='word_1_103' title='bbox 747 1445 1017 1512; x_wconf 83' lang='lat' dir='ltr'>cognovi,</span> <span class='ocrx_word' id='word_1_104' title='bbox 1053 1453 1106 1499; x_wconf 91' lang='lat' dir='ltr'>et</span> <span class='ocrx_word' id='word_1_105' title='bbox 1140 1447 1290 1517; x_wconf 87' lang='lat' dir='ltr'>ipsa,</span> <span class='ocrx_word' id='word_1_106' title='bbox 1340 1455 1393 1501; x_wconf 91' lang='lat' dir='ltr'>et</span> <span class='ocrx_word' id='word_1_107' title='bbox 1427 1462 1632 1501; x_wconf 91' lang='lat' dir='ltr'>eorum</span> <span class='ocrx_word' id='word_1_108' title='bbox 1656 1447 1909 1500; x_wconf 89' lang='lat' dir='ltr'>cultores</span> 
     </span>
    </p>
   </div>
   <div class='ocr_carea' id='block_1_17' title="bbox 242 1533 1910 1591">
    <p class='ocr_par' dir='ltr' id='par_1_17' title="bbox 242 1533 1910 1591">
     <span class='ocr_line' id='line_1_17' title="bbox 242 1533 1910 1591; baseline -0.002 0"><span class='ocrx_word' id='word_1_109' title='bbox 242 1550 495 1591; x_wconf 76' lang='lat' dir='ltr'>aversor</span> <span class='ocrx_word' id='word_1_110' title='bbox 512 1539 567 1589; x_wconf 92' lang='lat' dir='ltr'>et</span> <span class='ocrx_word' id='word_1_111' title='bbox 584 1549 876 1589; x_wconf 82' lang='lat' dir='ltr'>exsecror.</span> <span class='ocrx_word' id='word_1_112' title='bbox 908 1536 1068 1588; x_wconf 88' lang='lat' dir='ltr'>Tunc</span> <span class='ocrx_word' id='word_1_113' title='bbox 1094 1534 1175 1589; x_wconf 88' lang='lat' dir='ltr'>ait</span> <span class='ocrx_word' id='word_1_114' title='bbox 1200 1535 1545 1591; x_wconf 85' lang='lat' dir='ltr'>Valerianus</span> <span class='ocrx_word' id='word_1_115' title='bbox 1570 1537 1745 1589; x_wconf 86' lang='lat' dir='ltr'>:Nota</span> <span class='ocrx_word' id='word_1_116' title='bbox 1766 1533 1910 1588; x_wconf 89' lang='lat' dir='ltr'>mihi</span> 
     </span>
    </p>
   </div>
   <div class='ocr_carea' id='block_1_18' title="bbox 243 1622 1907 1694">
    <p class='ocr_par' dir='ltr' id='par_1_18' title="bbox 243 1622 1907 1694">
     <span class='ocr_line' id='line_1_18' title="bbox 243 1622 1907 1694; baseline -0.001 -15"><span class='ocrx_word' id='word_1_117' title='bbox 243 1623 690 1679; x_wconf 88' lang='lat' dir='ltr'>suntvenelicia</span> <span class='ocrx_word' id='word_1_118' title='bbox 723 1630 841 1686; x_wconf 89' lang='lat' dir='ltr'>tua,</span> <span class='ocrx_word' id='word_1_119' title='bbox 877 1622 1095 1694; x_wconf 84' lang='lat' dir='ltr'>quibus</span> <span class='ocrx_word' id='word_1_120' title='bbox 1124 1626 1424 1679; x_wconf 88' lang='lat' dir='ltr'>humanas</span> <span class='ocrx_word' id='word_1_121' title='bbox 1457 1624 1647 1678; x_wconf 67' lang='lat' dir='ltr'>caades</span> <span class='ocrx_word' id='word_1_122' title='bbox 1672 1629 1907 1694; x_wconf 90' lang='lat' dir='ltr'>patrare</span> 
     </span>
    </p>
   </div>
   <div class='ocr_carea' id='block_1_19' title="bbox 2026 467 3679 539">
    <p class='ocr_par' dir='ltr' id='par_1_19' title="bbox 2026 467 3679 539">
     <span class='ocr_line' id='line_1_19' title="bbox 2026 467 3679 539; baseline 0.004 -17"><span class='ocrx_word' id='word_1_123' title='bbox 2026 469 2191 524; x_wconf 91' lang='lat' dir='ltr'>nium</span> <span class='ocrx_word' id='word_1_124' title='bbox 2222 470 2684 525; x_wconf 89' lang='lat' dir='ltr'>custodiendum</span> <span class='ocrx_word' id='word_1_125' title='bbox 2720 468 2960 523; x_wconf 84' lang='lat' dir='ltr'>tradidit</span> <span class='ocrx_word' id='word_1_126' title='bbox 2984 467 3239 524; x_wconf 88' lang='lat' dir='ltr'>Tertullo</span> <span class='ocrx_word' id='word_1_127' title='bbox 3270 472 3522 539; x_wconf 85' lang='lat' dir='ltr'>cuidam,</span> <span class='ocrx_word' id='word_1_128' title='bbox 3575 473 3679 529; x_wconf 83' lang='lat' dir='ltr'>do-</span> 
     </span>
    </p>
   </div>
   <div class='ocr_carea' id='block_1_20' title="bbox 2023 558 3679 633">
    <p class='ocr_par' dir='ltr' id='par_1_20' title="bbox 2023 558 3679 633">
     <span class='ocr_line' id='line_1_20' title="bbox 2023 558 3679 633; baseline 0.004 -22"><span class='ocrx_word' id='word_1_129' title='bbox 2023 574 2159 611; x_wconf 90' lang='lat' dir='ltr'>mus</span> <span class='ocrx_word' id='word_1_130' title='bbox 2212 575 2333 613; x_wconf 62' lang='lat' dir='ltr'>suae</span> <span class='ocrx_word' id='word_1_131' title='bbox 2372 559 2774 628; x_wconf 84' lang='lat' dir='ltr'>gubernatori.</span> <span class='ocrx_word' id='word_1_132' title='bbox 2834 558 3137 627; x_wconf 76' lang='lat' dir='ltr'>Exuperiae</span> <span class='ocrx_word' id='word_1_133' title='bbox 3197 567 3395 613; x_wconf 89' lang='lat' dir='ltr'>autem</span> <span class='ocrx_word' id='word_1_134' title='bbox 3435 563 3679 633; x_wconf 88' lang='lat' dir='ltr'>conjugi</span> 
     </span>
    </p>
   </div>
   <div class='ocr_carea' id='block_1_21' title="bbox 2024 644 3679 720">
    <p class='ocr_par' dir='ltr' id='par_1_21' title="bbox 2024 644 3679 720">
     <span class='ocr_line' id='line_1_21' title="bbox 2024 644 3679 720; baseline 0.003 -19"><span class='ocrx_word' id='word_1_135' title='bbox 2024 645 2461 718; x_wconf 83' lang='lat' dir='ltr'>Olympiusipse</span> <span class='ocrx_word' id='word_1_136' title='bbox 2479 647 2760 708; x_wconf 90' lang='lat' dir='ltr'>narravit,</span> <span class='ocrx_word' id='word_1_137' title='bbox 2781 644 3289 717; x_wconf 82' lang='lat' dir='ltr'>quemadmodum</span> <span class='ocrx_word' id='word_1_138' title='bbox 3306 649 3679 720; x_wconf 88' lang='lat' dir='ltr'>Sempronius</span> 
     </span>
    </p>
   </div>
   <div class='ocr_carea' id='block_1_22' title="bbox 2020 735 3681 801">
    <p class='ocr_par' dir='ltr' id='par_1_22' title="bbox 2020 735 3681 801">
     <span class='ocr_line' id='line_1_22' title="bbox 2020 735 3681 801; baseline 0.004 -12"><span class='ocrx_word' id='word_1_139' title='bbox 2020 736 2154 790; x_wconf 84' lang='lat' dir='ltr'>Jesu</span> <span class='ocrx_word' id='word_1_140' title='bbox 2186 736 2391 791; x_wconf 83' lang='lat' dir='ltr'>Christi</span> <span class='ocrx_word' id='word_1_141' title='bbox 2426 738 2523 791; x_wconf 87' lang='lat' dir='ltr'>Dei</span> <span class='ocrx_word' id='word_1_142' title='bbox 2552 736 2643 790; x_wconf 90' lang='lat' dir='ltr'>sui</span> <span class='ocrx_word' id='word_1_143' title='bbox 2666 736 2907 790; x_wconf 90' lang='lat' dir='ltr'>nomine</span> <span class='ocrx_word' id='word_1_144' title='bbox 2960 735 3257 801; x_wconf 88' lang='lat' dir='ltr'>invocato,</span> <span class='ocrx_word' id='word_1_145' title='bbox 3306 738 3501 792; x_wconf 88' lang='lat' dir='ltr'>Martis</span> <span class='ocrx_word' id='word_1_146' title='bbox 3550 739 3681 795; x_wconf 91' lang='lat' dir='ltr'>ido-</span> 
     </span>
    </p>
   </div>
   <div class='ocr_carea' id='block_1_23' title="bbox 2021 825 2622 880">
    <p class='ocr_par' dir='ltr' id='par_1_23' title="bbox 2021 825 2622 880">
     <span class='ocr_line' id='line_1_23' title="bbox 2021 825 2622 880; baseline 0.002 -3"><span class='ocrx_word' id='word_1_147' title='bbox 2021 825 2147 877; x_wconf 90' lang='lat' dir='ltr'>lum</span> <span class='ocrx_word' id='word_1_148' title='bbox 2187 826 2622 880; x_wconf 87' lang='lat' dir='ltr'>comminuerit.</span> 
     </span>
    </p>
   </div>
   <div class='ocr_carea' id='block_1_24' title="bbox 2095 912 3684 987">
    <p class='ocr_par' dir='ltr' id='par_1_24' title="bbox 2095 912 3684 987">
     <span class='ocr_line' id='line_1_24' title="bbox 2095 912 3684 987; baseline 0.004 -22"><span class='ocrx_word' id='word_1_149' title='bbox 2095 912 2231 967; x_wconf 89' lang='lat' dir='ltr'>Vlll.</span> <span class='ocrx_word' id='word_1_150' title='bbox 2274 916 2433 969; x_wconf 86' lang='lat' dir='ltr'>Tunc</span> <span class='ocrx_word' id='word_1_151' title='bbox 2474 912 2765 985; x_wconf 90' lang='lat' dir='ltr'>Exuperia</span> <span class='ocrx_word' id='word_1_152' title='bbox 2790 928 2975 967; x_wconf 89' lang='lat' dir='ltr'>uxor:</span> <span class='ocrx_word' id='word_1_153' title='bbox 3012 912 3069 968; x_wconf 91' lang='lat' dir='ltr'>Si</span> <span class='ocrx_word' id='word_1_154' title='bbox 3104 917 3285 978; x_wconf 89' lang='lat' dir='ltr'>tanta,</span> <span class='ocrx_word' id='word_1_155' title='bbox 3321 914 3533 987; x_wconf 89' lang='lat' dir='ltr'>inquit,</span> <span class='ocrx_word' id='word_1_156' title='bbox 3593 921 3684 973; x_wconf 89' lang='lat' dir='ltr'>est</span> 
     </span>
    </p>
   </div>
   <div class='ocr_carea' id='block_1_25' title="bbox 2022 1001 3685 1073">
    <p class='ocr_par' dir='ltr' id='par_1_25' title="bbox 2022 1001 3685 1073">
     <span class='ocr_line' id='line_1_25' title="bbox 2022 1001 3685 1073; baseline 0.004 -19"><span class='ocrx_word' id='word_1_157' title='bbox 2022 1001 2231 1056; x_wconf 88' lang='lat' dir='ltr'>Christi</span> <span class='ocrx_word' id='word_1_158' title='bbox 2255 1003 2536 1073; x_wconf 89' lang='lat' dir='ltr'>potentia,</span> <span class='ocrx_word' id='word_1_159' title='bbox 2561 1007 2852 1073; x_wconf 86' lang='lat' dir='ltr'>quantam</span> <span class='ocrx_word' id='word_1_160' title='bbox 2879 1001 3046 1071; x_wconf 85' lang='lat' dir='ltr'>dicis,</span> <span class='ocrx_word' id='word_1_161' title='bbox 3075 1004 3260 1056; x_wconf 85' lang='lat' dir='ltr'>satius</span> <span class='ocrx_word' id='word_1_162' title='bbox 3292 1003 3466 1058; x_wconf 89' lang='lat' dir='ltr'>nobis</span> <span class='ocrx_word' id='word_1_163' title='bbox 3487 1004 3685 1061; x_wconf 88' lang='lat' dir='ltr'>estde-</span> 
     </span>
    </p>
   </div>
   <div class='ocr_carea' id='block_1_26' title="bbox 2024 1090 3683 1164">
    <p class='ocr_par' dir='ltr' id='par_1_26' title="bbox 2024 1090 3683 1164">
     <span class='ocr_line' id='line_1_26' title="bbox 2024 1090 3683 1164; baseline 0.003 -20"><span class='ocrx_word' id='word_1_164' title='bbox 2024 1091 2161 1145; x_wconf 89' lang='lat' dir='ltr'>hiiic</span> <span class='ocrx_word' id='word_1_165' title='bbox 2193 1092 2318 1145; x_wconf 85' lang='lat' dir='ltr'>illos</span> <span class='ocrx_word' id='word_1_166' title='bbox 2352 1092 2512 1161; x_wconf 89' lang='lat' dir='ltr'>ipsos</span> <span class='ocrx_word' id='word_1_167' title='bbox 2571 1092 2717 1145; x_wconf 92' lang='lat' dir='ltr'>deos</span> <span class='ocrx_word' id='word_1_168' title='bbox 2774 1090 3130 1161; x_wconf 89' lang='lat' dir='ltr'>relinquere,</span> <span class='ocrx_word' id='word_1_169' title='bbox 3176 1092 3279 1162; x_wconf 91' lang='lat' dir='ltr'>qui</span> <span class='ocrx_word' id='word_1_170' title='bbox 3321 1108 3513 1164; x_wconf 91' lang='lat' dir='ltr'>neque</span> <span class='ocrx_word' id='word_1_171' title='bbox 3574 1093 3683 1150; x_wconf 91' lang='lat' dir='ltr'>sibi</span> 
     </span>
    </p>
   </div>
   <div class='ocr_carea' id='block_1_27' title="bbox 2022 1179 3684 1251">
    <p class='ocr_par' dir='ltr' id='par_1_27' title="bbox 2022 1179 3684 1251">
     <span class='ocr_line' id='line_1_27' title="bbox 2022 1179 3684 1251; baseline 0.003 -19"><span class='ocrx_word' id='word_1_172' title='bbox 2022 1194 2216 1249; x_wconf 85' lang='lat' dir='ltr'>neque</span> <span class='ocrx_word' id='word_1_173' title='bbox 2248 1180 2421 1234; x_wconf 90' lang='lat' dir='ltr'>nobis</span> <span class='ocrx_word' id='word_1_174' title='bbox 2447 1196 2622 1250; x_wconf 87' lang='lat' dir='ltr'>Opem</span> <span class='ocrx_word' id='word_1_175' title='bbox 2656 1179 2802 1233; x_wconf 87' lang='lat' dir='ltr'>ferre</span> <span class='ocrx_word' id='word_1_176' title='bbox 2834 1189 3103 1249; x_wconf 85' lang='lat' dir='ltr'>possunt.</span> <span class='ocrx_word' id='word_1_177' title='bbox 3136 1180 3483 1244; x_wconf 65' lang='lat' dir='ltr'>Quieramus</span> <span class='ocrx_word' id='word_1_178' title='bbox 3503 1182 3684 1251; x_wconf 90' lang='lat' dir='ltr'>igitur</span> 
     </span>
    </p>
   </div>
   <div class='ocr_carea' id='block_1_28' title="bbox 2025 1268 3682 1340">
    <p class='ocr_par' dir='ltr' id='par_1_28' title="bbox 2025 1268 3682 1340">
     <span class='ocr_line' id='line_1_28' title="bbox 2025 1268 3682 1340; baseline 0.004 -19"><span class='ocrx_word' id='word_1_179' title='bbox 2025 1270 2208 1322; x_wconf 90' lang='lat' dir='ltr'>Deum</span> <span class='ocrx_word' id='word_1_180' title='bbox 2241 1270 2427 1335; x_wconf 91' lang='lat' dir='ltr'>illum,</span> <span class='ocrx_word' id='word_1_181' title='bbox 2458 1270 2561 1340; x_wconf 89' lang='lat' dir='ltr'>qui</span> <span class='ocrx_word' id='word_1_182' title='bbox 2591 1268 2844 1323; x_wconf 85' lang='lat' dir='ltr'>Nemesii</span> <span class='ocrx_word' id='word_1_183' title='bbox 2879 1268 3100 1322; x_wconf 90' lang='lat' dir='ltr'>tribuni</span> <span class='ocrx_word' id='word_1_184' title='bbox 3124 1269 3259 1323; x_wconf 68' lang='lat' dir='ltr'>ﬁliae</span> <span class='ocrx_word' id='word_1_185' title='bbox 3282 1270 3483 1325; x_wconf 91' lang='lat' dir='ltr'>lumen</span> <span class='ocrx_word' id='word_1_186' title='bbox 3518 1273 3682 1327; x_wconf 87' lang='lat' dir='ltr'>resti-</span> 
     </span>
    </p>
   </div>
   <div class='ocr_carea' id='block_1_29' title="bbox 2022 1357 3677 1429">
    <p class='ocr_par' dir='ltr' id='par_1_29' title="bbox 2022 1357 3677 1429">
     <span class='ocr_line' id='line_1_29' title="bbox 2022 1357 3677 1429; baseline 0.002 -18"><span class='ocrx_word' id='word_1_187' title='bbox 2022 1357 2149 1413; x_wconf 91' lang='lat' dir='ltr'>tuit.</span> <span class='ocrx_word' id='word_1_188' title='bbox 2177 1361 2337 1412; x_wconf 89' lang='lat' dir='ltr'>Tunc</span> <span class='ocrx_word' id='word_1_189' title='bbox 2368 1358 2679 1429; x_wconf 82' lang='lat' dir='ltr'>Olympius</span> <span class='ocrx_word' id='word_1_190' title='bbox 2706 1357 2958 1411; x_wconf 88' lang='lat' dir='ltr'>Tertullo</span> <span class='ocrx_word' id='word_1_191' title='bbox 2992 1359 3294 1429; x_wconf 70' lang='lat' dir='ltr'>praecepit,</span> <span class='ocrx_word' id='word_1_192' title='bbox 3358 1366 3418 1413; x_wconf 92' lang='lat' dir='ltr'>ut</span> <span class='ocrx_word' id='word_1_193' title='bbox 3479 1362 3677 1415; x_wconf 90' lang='lat' dir='ltr'>mitius</span> 
     </span>
    </p>
   </div>
   <div class='ocr_carea' id='block_1_30' title="bbox 2020 1445 3681 1519">
    <p class='ocr_par' dir='ltr' id='par_1_30' title="bbox 2020 1445 3681 1519">
     <span class='ocr_line' id='line_1_30' title="bbox 2020 1445 3681 1519; baseline 0.003 -21"><span class='ocrx_word' id='word_1_194' title='bbox 2020 1460 2082 1499; x_wconf 92' lang='lat' dir='ltr'>se</span> <span class='ocrx_word' id='word_1_195' title='bbox 2110 1451 2335 1517; x_wconf 89' lang='lat' dir='ltr'>gereret</span> <span class='ocrx_word' id='word_1_196' title='bbox 2357 1462 2495 1501; x_wconf 92' lang='lat' dir='ltr'>cum</span> <span class='ocrx_word' id='word_1_197' title='bbox 2521 1445 2898 1517; x_wconf 87' lang='lat' dir='ltr'>Sempronio,</span> <span class='ocrx_word' id='word_1_198' title='bbox 2925 1445 3221 1515; x_wconf 81' lang='lat' dir='ltr'>siquidem</span> <span class='ocrx_word' id='word_1_199' title='bbox 3242 1447 3681 1519; x_wconf 87' lang='lat' dir='ltr'>Nemesiipecu-</span> 
     </span>
    </p>
   </div>
   <div class='ocr_carea' id='block_1_31' title="bbox 2019 1534 3681 1608">
    <p class='ocr_par' dir='ltr' id='par_1_31' title="bbox 2019 1534 3681 1608">
     <span class='ocr_line' id='line_1_31' title="bbox 2019 1534 3681 1608; baseline 0.004 -20"><span class='ocrx_word' id='word_1_200' title='bbox 2019 1534 2135 1589; x_wconf 89' lang='lat' dir='ltr'>niis</span> <span class='ocrx_word' id='word_1_201' title='bbox 2201 1535 2569 1607; x_wconf 90' lang='lat' dir='ltr'>inquirendis</span> <span class='ocrx_word' id='word_1_202' title='bbox 2638 1537 2763 1608; x_wconf 90' lang='lat' dir='ltr'>ipse</span> <span class='ocrx_word' id='word_1_203' title='bbox 2823 1550 3068 1605; x_wconf 86' lang='lat' dir='ltr'>Operam</span> <span class='ocrx_word' id='word_1_204' title='bbox 3122 1534 3265 1591; x_wconf 92' lang='lat' dir='ltr'>dare</span> <span class='ocrx_word' id='word_1_205' title='bbox 3331 1538 3515 1592; x_wconf 87' lang='lat' dir='ltr'>vellet.</span> <span class='ocrx_word' id='word_1_206' title='bbox 3561 1541 3681 1594; x_wconf 87' lang='lat' dir='ltr'>Hoc</span> 
     </span>
    </p>
   </div>
   <div class='ocr_carea' id='block_1_32' title="bbox 2021 1622 3681 1696">
    <p class='ocr_par' dir='ltr' id='par_1_32' title="bbox 2021 1622 3681 1696">
     <span class='ocr_line' id='line_1_32' title="bbox 2021 1622 3681 1696; baseline 0.004 -21"><span class='ocrx_word' id='word_1_207' title='bbox 2021 1623 2373 1679; x_wconf 90' lang='lat' dir='ltr'>mandatum</span> <span class='ocrx_word' id='word_1_208' title='bbox 2406 1631 2721 1679; x_wconf 82' lang='lat' dir='ltr'>exsecutus</span> <span class='ocrx_word' id='word_1_209' title='bbox 2752 1629 2837 1677; x_wconf 88' lang='lat' dir='ltr'>est</span> <span class='ocrx_word' id='word_1_210' title='bbox 2866 1622 3172 1678; x_wconf 85' lang='lat' dir='ltr'>Tertullus.</span> <span class='ocrx_word' id='word_1_211' title='bbox 3211 1624 3518 1696; x_wconf 83' lang='lat' dir='ltr'>Olympius</span> <span class='ocrx_word' id='word_1_212' title='bbox 3540 1642 3681 1682; x_wconf 87' lang='lat' dir='ltr'>vero</span> 
     </span>
    </p>
   </div>
   <div class='ocr_carea' id='block_1_33' title="bbox 243 1712 3674 1792">
    <p class='ocr_par' dir='ltr' id='par_1_33' title="bbox 243 1712 3674 1792">
     <span class='ocr_line' id='line_1_33' title="bbox 243 1712 3674 1792; baseline 0.001 -24"><span class='ocrx_word' id='word_1_213' title='bbox 243 1729 434 1768; x_wconf 86' lang='lat' dir='ltr'>ausus</span> <span class='ocrx_word' id='word_1_214' title='bbox 451 1713 773 1784; x_wconf 91' lang='lat' dir='ltr'>es,quippe</span> <span class='ocrx_word' id='word_1_215' title='bbox 791 1713 1287 1783; x_wconf 82' lang='lat' dir='ltr'>quietMaximum</span> <span class='ocrx_word' id='word_1_216' title='bbox 1306 1714 1906 1783; x_wconf 66' lang='lat' dir='ltr'>consulemtuisprie-</span> <span class='ocrx_word' id='word_1_217' title='bbox 1937 1738 1981 1792; x_wconf 85' lang='lat' dir='ltr'>B</span> <span class='ocrx_word' id='word_1_218' title='bbox 2016 1727 2155 1766; x_wconf 89' lang='lat' dir='ltr'>cum</span> <span class='ocrx_word' id='word_1_219' title='bbox 2186 1712 2436 1781; x_wconf 89' lang='lat' dir='ltr'>conjuge</span> <span class='ocrx_word' id='word_1_220' title='bbox 2466 1714 2776 1783; x_wconf 82' lang='lat' dir='ltr'>Exuperia,</span> <span class='ocrx_word' id='word_1_221' title='bbox 2812 1718 2863 1765; x_wconf 92' lang='lat' dir='ltr'>et</span> <span class='ocrx_word' id='word_1_222' title='bbox 2886 1713 3059 1765; x_wconf 90' lang='lat' dir='ltr'>unico</span> <span class='ocrx_word' id='word_1_223' title='bbox 3076 1712 3195 1765; x_wconf 91' lang='lat' dir='ltr'>ﬁlio</span> <span class='ocrx_word' id='word_1_224' title='bbox 3213 1712 3539 1783; x_wconf 82' lang='lat' dir='ltr'>&#39;I‘heodulo,</span> <span class='ocrx_word' id='word_1_225' title='bbox 3572 1716 3674 1770; x_wconf 86' lang='lat' dir='ltr'>illa</span> 
     </span>
    </p>
   </div>
   <div class='ocr_carea' id='block_1_34' title="bbox 244 1800 1905 1872">
    <p class='ocr_par' dir='ltr' id='par_1_34' title="bbox 244 1800 1905 1872">
     <span class='ocr_line' id='line_1_34' title="bbox 244 1800 1905 1872; baseline 0.001 -16"><span class='ocrx_word' id='word_1_226' title='bbox 244 1801 437 1871; x_wconf 90' lang='lat' dir='ltr'>stigiis</span> <span class='ocrx_word' id='word_1_227' title='bbox 458 1802 531 1856; x_wconf 92' lang='lat' dir='ltr'>de</span> <span class='ocrx_word' id='word_1_228' title='bbox 550 1800 750 1855; x_wconf 92' lang='lat' dir='ltr'>medio</span> <span class='ocrx_word' id='word_1_229' title='bbox 770 1802 1087 1856; x_wconf 89' lang='lat' dir='ltr'>sustulisti:</span> <span class='ocrx_word' id='word_1_230' title='bbox 1110 1804 1252 1872; x_wconf 83' lang='lat' dir='ltr'>quin</span> <span class='ocrx_word' id='word_1_231' title='bbox 1278 1806 1457 1858; x_wconf 90' lang='lat' dir='ltr'>etiam</span> <span class='ocrx_word' id='word_1_232' title='bbox 1480 1803 1674 1857; x_wconf 90' lang='lat' dir='ltr'>adhuc</span> <span class='ocrx_word' id='word_1_233' title='bbox 1697 1809 1905 1857; x_wconf 90' lang='lat' dir='ltr'>contra</span> 
     </span>
    </p>
   </div>
   <div class='ocr_carea' id='block_1_35' title="bbox 241 1890 1907 1960">
    <p class='ocr_par' dir='ltr' id='par_1_35' title="bbox 241 1890 1907 1960">
     <span class='ocr_line' id='line_1_35' title="bbox 241 1890 1907 1960; baseline 0.001 -17"><span class='ocrx_word' id='word_1_234' title='bbox 241 1894 520 1944; x_wconf 88' lang='lat' dir='ltr'>nostram</span> <span class='ocrx_word' id='word_1_235' title='bbox 546 1896 602 1944; x_wconf 93' lang='lat' dir='ltr'>et</span> <span class='ocrx_word' id='word_1_236' title='bbox 628 1890 967 1960; x_wconf 79' lang='lat' dir='ltr'>reipublicae</span> <span class='ocrx_word' id='word_1_237' title='bbox 1004 1892 1257 1945; x_wconf 90' lang='lat' dir='ltr'>salutem</span> <span class='ocrx_word' id='word_1_238' title='bbox 1294 1900 1505 1945; x_wconf 88' lang='lat' dir='ltr'>temere</span> <span class='ocrx_word' id='word_1_239' title='bbox 1561 1890 1907 1945; x_wconf 90' lang='lat' dir='ltr'>christiano-</span> 
     </span>
    </p>
   </div>
   <div class='ocr_carea' id='block_1_36' title="bbox 240 1978 1831 2035">
    <p class='ocr_par' dir='ltr' id='par_1_36' title="bbox 240 1978 1831 2035">
     <span class='ocr_line' id='line_1_36' title="bbox 240 1978 1831 2035; baseline -0.001 -3"><span class='ocrx_word' id='word_1_240' title='bbox 240 1994 381 2033; x_wconf 87' lang='lat' dir='ltr'>rum</span> <span class='ocrx_word' id='word_1_241' title='bbox 414 1994 597 2034; x_wconf 90' lang='lat' dir='ltr'>causa</span> <span class='ocrx_word' id='word_1_242' title='bbox 628 1978 767 2033; x_wconf 89' lang='lat' dir='ltr'>talia</span> <span class='ocrx_word' id='word_1_243' title='bbox 795 1979 1082 2034; x_wconf 88' lang='lat' dir='ltr'>veneﬁcia</span> <span class='ocrx_word' id='word_1_244' title='bbox 1121 1996 1393 2035; x_wconf 88' lang='lat' dir='ltr'>exercere</span> <span class='ocrx_word' id='word_1_245' title='bbox 1428 1996 1544 2035; x_wconf 92' lang='lat' dir='ltr'>non</span> <span class='ocrx_word' id='word_1_246' title='bbox 1576 1980 1831 2034; x_wconf 84' lang='lat' dir='ltr'>desistis.</span> 
     </span>
    </p>
   </div>
   <div class='ocr_carea' id='block_1_37' title="bbox 319 2067 1909 2142">
    <p class='ocr_par' dir='ltr' id='par_1_37' title="bbox 319 2067 1909 2142">
     <span class='ocr_line' id='line_1_37' title="bbox 319 2067 1909 2142; baseline 0.001 -21"><span class='ocrx_word' id='word_1_247' title='bbox 319 2070 429 2122; x_wconf 90' lang='lat' dir='ltr'>Vll.</span> <span class='ocrx_word' id='word_1_248' title='bbox 464 2068 563 2121; x_wconf 69' lang='lat' dir='ltr'>His</span> <span class='ocrx_word' id='word_1_249' title='bbox 617 2067 807 2137; x_wconf 85' lang='lat' dir='ltr'>dictis,</span> <span class='ocrx_word' id='word_1_250' title='bbox 872 2067 1223 2123; x_wconf 84' lang='lat' dir='ltr'>Valerianus</span> <span class='ocrx_word' id='word_1_251' title='bbox 1274 2072 1363 2124; x_wconf 91' lang='lat' dir='ltr'>ira</span> <span class='ocrx_word' id='word_1_252' title='bbox 1419 2072 1697 2142; x_wconf 86' lang='lat' dir='ltr'>percitus.</span> <span class='ocrx_word' id='word_1_253' title='bbox 1730 2067 1909 2139; x_wconf 87' lang='lat' dir='ltr'>jussit</span> 
     </span>
    </p>
   </div>
   <div class='ocr_carea' id='block_1_38' title="bbox 240 2155 1909 2229">
    <p class='ocr_par' dir='ltr' id='par_1_38' title="bbox 240 2155 1909 2229">
     <span class='ocr_line' id='line_1_38' title="bbox 240 2155 1909 2229; baseline 0.001 -19"><span class='ocrx_word' id='word_1_254' title='bbox 240 2155 411 2210; x_wconf 84' lang='lat' dir='ltr'>illum</span> <span class='ocrx_word' id='word_1_255' title='bbox 438 2157 500 2211; x_wconf 91' lang='lat' dir='ltr'>in</span> <span class='ocrx_word' id='word_1_256' title='bbox 543 2160 773 2227; x_wconf 87' lang='lat' dir='ltr'>privato</span> <span class='ocrx_word' id='word_1_257' title='bbox 794 2173 1029 2212; x_wconf 85' lang='lat' dir='ltr'>carcere</span> <span class='ocrx_word' id='word_1_258' title='bbox 1052 2158 1322 2223; x_wconf 85' lang='lat' dir='ltr'>detineri,</span> <span class='ocrx_word' id='word_1_259' title='bbox 1351 2175 1554 2229; x_wconf 91' lang='lat' dir='ltr'>quem,</span> <span class='ocrx_word' id='word_1_260' title='bbox 1589 2175 1726 2213; x_wconf 93' lang='lat' dir='ltr'>cum</span> <span class='ocrx_word' id='word_1_261' title='bbox 1758 2175 1909 2229; x_wconf 92' lang='lat' dir='ltr'>opus</span> 
     </span>
    </p>
   </div>
   <div class='ocr_carea' id='block_1_39' title="bbox 238 2245 1906 2319">
    <p class='ocr_par' dir='ltr' id='par_1_39' title="bbox 238 2245 1906 2319">
     <span class='ocr_line' id='line_1_39' title="bbox 238 2245 1906 2319; baseline 0.002 -19"><span class='ocrx_word' id='word_1_262' title='bbox 238 2245 469 2311; x_wconf 83' lang='lat' dir='ltr'>fuisset,</span> <span class='ocrx_word' id='word_1_263' title='bbox 495 2246 832 2304; x_wconf 88' lang='lat' dir='ltr'>sistendum</span> <span class='ocrx_word' id='word_1_264' title='bbox 866 2249 1159 2318; x_wconf 71' lang='lat' dir='ltr'>praacepit.</span> <span class='ocrx_word' id='word_1_265' title='bbox 1192 2250 1369 2304; x_wconf 86' lang='lat' dir='ltr'>Jussit</span> <span class='ocrx_word' id='word_1_266' title='bbox 1407 2250 1586 2303; x_wconf 89' lang='lat' dir='ltr'>etiam</span> <span class='ocrx_word' id='word_1_267' title='bbox 1635 2247 1906 2319; x_wconf 89' lang='lat' dir='ltr'>Sempro-</span> 
     </span>
    </p>
   </div>
   <div class='ocr_carea' id='block_1_40' title="bbox 240 2334 1907 2405">
    <p class='ocr_par' dir='ltr' id='par_1_40' title="bbox 240 2334 1907 2405">
     <span class='ocr_line' id='line_1_40' title="bbox 240 2334 1907 2405; baseline 0.001 -16"><span class='ocrx_word' id='word_1_268' title='bbox 240 2336 416 2389; x_wconf 84' lang='lat' dir='ltr'>nium</span> <span class='ocrx_word' id='word_1_269' title='bbox 440 2334 695 2390; x_wconf 77' lang='lat' dir='ltr'>Nemesii</span> <span class='ocrx_word' id='word_1_270' title='bbox 718 2334 1036 2405; x_wconf 86' lang='lat' dir='ltr'>famulum,</span> <span class='ocrx_word' id='word_1_271' title='bbox 1059 2337 1305 2391; x_wconf 89' lang='lat' dir='ltr'>domino</span> <span class='ocrx_word' id='word_1_272' title='bbox 1338 2354 1446 2392; x_wconf 92' lang='lat' dir='ltr'>suo</span> <span class='ocrx_word' id='word_1_273' title='bbox 1470 2336 1907 2403; x_wconf 89' lang='lat' dir='ltr'>ﬁdelissimum,</span> 
     </span>
    </p>
   </div>
   <div class='ocr_carea' id='block_1_41' title="bbox 241 2423 1903 2496">
    <p class='ocr_par' dir='ltr' id='par_1_41' title="bbox 241 2423 1903 2496">
     <span class='ocr_line' id='line_1_41' title="bbox 241 2423 1903 2496; baseline 0.002 -19"><span class='ocrx_word' id='word_1_274' title='bbox 241 2423 361 2478; x_wconf 89' lang='lat' dir='ltr'>illic</span> <span class='ocrx_word' id='word_1_275' title='bbox 388 2430 613 2495; x_wconf 79' lang='lat' dir='ltr'>praesto</span> <span class='ocrx_word' id='word_1_276' title='bbox 642 2441 844 2489; x_wconf 86' lang='lat' dir='ltr'>esse,a</span> <span class='ocrx_word' id='word_1_277' title='bbox 869 2442 989 2496; x_wconf 80' lang='lat' dir='ltr'>quo</span> <span class='ocrx_word' id='word_1_278' title='bbox 1004 2426 1269 2496; x_wconf 87' lang='lat' dir='ltr'>ejusdem</span> <span class='ocrx_word' id='word_1_279' title='bbox 1290 2428 1544 2482; x_wconf 85' lang='lat' dir='ltr'>Nemesii</span> <span class='ocrx_word' id='word_1_280' title='bbox 1577 2433 1701 2480; x_wconf 91' lang='lat' dir='ltr'>tum</span> <span class='ocrx_word' id='word_1_281' title='bbox 1734 2426 1903 2489; x_wconf 83' lang='lat' dir='ltr'>facta,</span> 
     </span>
    </p>
   </div>
   <div class='ocr_carea' id='block_1_42' title="bbox 240 2515 1909 2586">
    <p class='ocr_par' dir='ltr' id='par_1_42' title="bbox 240 2515 1909 2586">
     <span class='ocr_line' id='line_1_42' title="bbox 240 2515 1909 2586; baseline 0.001 -19"><span class='ocrx_word' id='word_1_282' title='bbox 240 2517 371 2567; x_wconf 90' lang='lat' dir='ltr'>tum</span> <span class='ocrx_word' id='word_1_283' title='bbox 387 2516 548 2569; x_wconf 88' lang='lat' dir='ltr'>bona</span> <span class='ocrx_word' id='word_1_284' title='bbox 570 2515 777 2569; x_wconf 89' lang='lat' dir='ltr'>omnia</span> <span class='ocrx_word' id='word_1_285' title='bbox 806 2516 1241 2585; x_wconf 86' lang='lat' dir='ltr'>inquirerentur</span> <span class='ocrx_word' id='word_1_286' title='bbox 1271 2517 1475 2586; x_wconf 91' lang='lat' dir='ltr'>:cujus</span> <span class='ocrx_word' id='word_1_287' title='bbox 1496 2519 1672 2571; x_wconf 85' lang='lat' dir='ltr'>etiam</span> <span class='ocrx_word' id='word_1_288' title='bbox 1726 2516 1909 2571; x_wconf 91' lang='lat' dir='ltr'>ﬁliam</span> 
     </span>
    </p>
   </div>
   <div class='ocr_carea' id='block_1_43' title="bbox 242 2602 1906 2676">
    <p class='ocr_par' dir='ltr' id='par_1_43' title="bbox 242 2602 1906 2676">
     <span class='ocr_line' id='line_1_43' title="bbox 242 2602 1906 2676; baseline 0.002 -21"><span class='ocrx_word' id='word_1_289' title='bbox 242 2602 533 2657; x_wconf 88' lang='lat' dir='ltr'>Lucillam</span> <span class='ocrx_word' id='word_1_290' title='bbox 547 2603 830 2658; x_wconf 87' lang='lat' dir='ltr'>custodiri</span> <span class='ocrx_word' id='word_1_291' title='bbox 844 2604 1118 2675; x_wconf 77' lang='lat' dir='ltr'>przecepit</span> <span class='ocrx_word' id='word_1_292' title='bbox 1132 2605 1294 2675; x_wconf 89' lang='lat' dir='ltr'>apud</span> <span class='ocrx_word' id='word_1_293' title='bbox 1310 2606 1657 2660; x_wconf 85' lang='lat' dir='ltr'>sceleratam</span> <span class='ocrx_word' id='word_1_294' title='bbox 1697 2621 1906 2676; x_wconf 86' lang='lat' dir='ltr'>quam-</span> 
     </span>
    </p>
   </div>
   <div class='ocr_carea' id='block_1_44' title="bbox 241 2690 1906 2757">
    <p class='ocr_par' dir='ltr' id='par_1_44' title="bbox 241 2690 1906 2757">
     <span class='ocr_line' id='line_1_44' title="bbox 241 2690 1906 2757; baseline 0.001 -11"><span class='ocrx_word' id='word_1_295' title='bbox 241 2690 389 2746; x_wconf 90' lang='lat' dir='ltr'>dam</span> <span class='ocrx_word' id='word_1_296' title='bbox 431 2692 762 2757; x_wconf 90' lang='lat' dir='ltr'>mulierem,</span> <span class='ocrx_word' id='word_1_297' title='bbox 798 2696 1039 2748; x_wconf 88' lang='lat' dir='ltr'>nomine</span> <span class='ocrx_word' id='word_1_298' title='bbox 1061 2694 1395 2749; x_wconf 78' lang='lat' dir='ltr'>Maximam.</span> <span class='ocrx_word' id='word_1_299' title='bbox 1432 2695 1673 2749; x_wconf 89' lang='lat' dir='ltr'>Postero</span> <span class='ocrx_word' id='word_1_300' title='bbox 1707 2702 1906 2749; x_wconf 88' lang='lat' dir='ltr'>autem</span> 
     </span>
    </p>
   </div>
   <div class='ocr_carea' id='block_1_45' title="bbox 241 2779 1907 2855">
    <p class='ocr_par' dir='ltr' id='par_1_45' title="bbox 241 2779 1907 2855">
     <span class='ocr_line' id='line_1_45' title="bbox 241 2779 1907 2855; baseline 0.002 -22"><span class='ocrx_word' id='word_1_301' title='bbox 241 2779 340 2835; x_wconf 88' lang='lat' dir='ltr'>die</span> <span class='ocrx_word' id='word_1_302' title='bbox 390 2781 569 2851; x_wconf 89' lang='lat' dir='ltr'>jussit</span> <span class='ocrx_word' id='word_1_303' title='bbox 620 2782 1033 2854; x_wconf 87' lang='lat' dir='ltr'>iniquissimus</span> <span class='ocrx_word' id='word_1_304' title='bbox 1099 2784 1436 2838; x_wconf 87' lang='lat' dir='ltr'>Valerianus</span> <span class='ocrx_word' id='word_1_305' title='bbox 1487 2785 1907 2855; x_wconf 84' lang='lat' dir='ltr'>Sempronium</span> 
     </span>
    </p>
   </div>
   <div class='ocr_carea' id='block_1_46' title="bbox 244 2869 1910 2942">
    <p class='ocr_par' dir='ltr' id='par_1_46' title="bbox 244 2869 1910 2942">
     <span class='ocr_line' id='line_1_46' title="bbox 244 2869 1910 2942; baseline 0.001 -19"><span class='ocrx_word' id='word_1_306' title='bbox 244 2869 405 2923; x_wconf 85' lang='lat' dir='ltr'>tradi</span> <span class='ocrx_word' id='word_1_307' title='bbox 434 2869 678 2924; x_wconf 90' lang='lat' dir='ltr'>cuidam</span> <span class='ocrx_word' id='word_1_308' title='bbox 709 2869 965 2936; x_wconf 90' lang='lat' dir='ltr'>tribuno,</span> <span class='ocrx_word' id='word_1_309' title='bbox 994 2870 1097 2942; x_wconf 92' lang='lat' dir='ltr'>qui</span> <span class='ocrx_word' id='word_1_310' title='bbox 1125 2872 1453 2925; x_wconf 88' lang='lat' dir='ltr'>vocabatur</span> <span class='ocrx_word' id='word_1_311' title='bbox 1484 2870 1820 2941; x_wconf 86' lang='lat' dir='ltr'>Olympius,</span> <span class='ocrx_word' id='word_1_312' title='bbox 1849 2874 1910 2924; x_wconf 92' lang='lat' dir='ltr'>ut</span> 
     </span>
    </p>
   </div>
   <div class='ocr_carea' id='block_1_47' title="bbox 244 2959 1909 3031">
    <p class='ocr_par' dir='ltr' id='par_1_47' title="bbox 244 2959 1909 3031">
     <span class='ocr_line' id='line_1_47' title="bbox 244 2959 1909 3031; baseline 0.001 -20"><span class='ocrx_word' id='word_1_313' title='bbox 244 2964 648 3029; x_wconf 87' lang='lat' dir='ltr'>torqueretur,</span> <span class='ocrx_word' id='word_1_314' title='bbox 675 2964 725 3013; x_wconf 92' lang='lat' dir='ltr'>et</span> <span class='ocrx_word' id='word_1_315' title='bbox 768 2960 841 3013; x_wconf 91' lang='lat' dir='ltr'>de</span> <span class='ocrx_word' id='word_1_316' title='bbox 872 2960 1119 3015; x_wconf 87' lang='lat' dir='ltr'>domino</span> <span class='ocrx_word' id='word_1_317' title='bbox 1145 2960 1334 3031; x_wconf 89' lang='lat' dir='ltr'>ipsius</span> <span class='ocrx_word' id='word_1_318' title='bbox 1360 2976 1466 3031; x_wconf 91' lang='lat' dir='ltr'>per</span> <span class='ocrx_word' id='word_1_319' title='bbox 1520 2976 1660 3014; x_wconf 92' lang='lat' dir='ltr'>eum</span> <span class='ocrx_word' id='word_1_320' title='bbox 1718 2959 1909 3030; x_wconf 85' lang='lat' dir='ltr'>inqui-</span> 
     </span>
    </p>
   </div>
   <div class='ocr_carea' id='block_1_48' title="bbox 238 3047 1907 3120">
    <p class='ocr_par' dir='ltr' id='par_1_48' title="bbox 238 3047 1907 3120">
     <span class='ocr_line' id='line_1_48' title="bbox 238 3047 1907 3120; baseline 0.001 -20"><span class='ocrx_word' id='word_1_321' title='bbox 238 3051 488 3101; x_wconf 87' lang='lat' dir='ltr'>reretur.</span> <span class='ocrx_word' id='word_1_322' title='bbox 520 3048 689 3102; x_wconf 87' lang='lat' dir='ltr'>illum</span> <span class='ocrx_word' id='word_1_323' title='bbox 712 3047 886 3118; x_wconf 85' lang='lat' dir='ltr'>igitur</span> <span class='ocrx_word' id='word_1_324' title='bbox 909 3049 1220 3120; x_wconf 84' lang='lat' dir='ltr'>Olympius</span> <span class='ocrx_word' id='word_1_325' title='bbox 1244 3050 1335 3103; x_wconf 85' lang='lat' dir='ltr'>his</span> <span class='ocrx_word' id='word_1_326' title='bbox 1370 3049 1567 3104; x_wconf 90' lang='lat' dir='ltr'>verbis</span> <span class='ocrx_word' id='word_1_327' title='bbox 1586 3064 1907 3118; x_wconf 89' lang='lat' dir='ltr'>aggressus</span> 
     </span>
    </p>
   </div>
   <div class='ocr_carea' id='block_1_49' title="bbox 241 3136 1905 3209">
    <p class='ocr_par' dir='ltr' id='par_1_49' title="bbox 241 3136 1905 3209">
     <span class='ocr_line' id='line_1_49' title="bbox 241 3136 1905 3209; baseline 0.001 -18"><span class='ocrx_word' id='word_1_328' title='bbox 241 3142 366 3191; x_wconf 90' lang='lat' dir='ltr'>est:</span> <span class='ocrx_word' id='word_1_329' title='bbox 401 3136 705 3192; x_wconf 85' lang='lat' dir='ltr'>Novistine</span> <span class='ocrx_word' id='word_1_330' title='bbox 754 3153 879 3209; x_wconf 90' lang='lat' dir='ltr'>qua</span> <span class='ocrx_word' id='word_1_331' title='bbox 918 3139 991 3192; x_wconf 87' lang='lat' dir='ltr'>de</span> <span class='ocrx_word' id='word_1_332' title='bbox 1022 3154 1206 3194; x_wconf 88' lang='lat' dir='ltr'>causa</span> <span class='ocrx_word' id='word_1_333' title='bbox 1259 3141 1352 3193; x_wconf 89' lang='lat' dir='ltr'>hic</span> <span class='ocrx_word' id='word_1_334' title='bbox 1408 3147 1543 3194; x_wconf 89' lang='lat' dir='ltr'>ante</span> <span class='ocrx_word' id='word_1_335' title='bbox 1600 3155 1710 3193; x_wconf 90' lang='lat' dir='ltr'>nos</span> <span class='ocrx_word' id='word_1_336' title='bbox 1762 3154 1905 3193; x_wconf 90' lang='lat' dir='ltr'>con-</span> 
     </span>
    </p>
   </div>
   <div class='ocr_carea' id='block_1_50' title="bbox 241 3225 1907 3300">
    <p class='ocr_par' dir='ltr' id='par_1_50' title="bbox 241 3225 1907 3300">
     <span class='ocr_line' id='line_1_50' title="bbox 241 3225 1907 3300; baseline 0.002 -22"><span class='ocrx_word' id='word_1_337' title='bbox 241 3225 485 3281; x_wconf 91' lang='lat' dir='ltr'>stitutus</span> <span class='ocrx_word' id='word_1_338' title='bbox 516 3243 580 3282; x_wconf 93' lang='lat' dir='ltr'>es</span> <span class='ocrx_word' id='word_1_339' title='bbox 604 3227 631 3281; x_wconf 79' lang='lat' dir='ltr'>‘I</span> <span class='ocrx_word' id='word_1_340' title='bbox 653 3227 783 3282; x_wconf 74' lang='lat' dir='ltr'>Haec</span> <span class='ocrx_word' id='word_1_341' title='bbox 825 3228 918 3282; x_wconf 91' lang='lat' dir='ltr'>ille</span> <span class='ocrx_word' id='word_1_342' title='bbox 945 3229 1046 3282; x_wconf 89' lang='lat' dir='ltr'>ait.</span> <span class='ocrx_word' id='word_1_343' title='bbox 1080 3228 1165 3282; x_wconf 83' lang='lat' dir='ltr'>Ad</span> <span class='ocrx_word' id='word_1_344' title='bbox 1188 3244 1317 3300; x_wconf 82' lang='lat' dir='ltr'>quae</span> <span class='ocrx_word' id='word_1_345' title='bbox 1347 3228 1735 3300; x_wconf 89' lang='lat' dir='ltr'>Sempronius</span> <span class='ocrx_word' id='word_1_346' title='bbox 1765 3227 1907 3283; x_wconf 90' lang='lat' dir='ltr'>nihil</span> 
     </span>
    </p>
   </div>
   <div class='ocr_carea' id='block_1_51' title="bbox 240 3316 1902 3390">
    <p class='ocr_par' dir='ltr' id='par_1_51' title="bbox 240 3316 1902 3390">
     <span class='ocr_line' id='line_1_51' title="bbox 240 3316 1902 3390; baseline 0.002 -21"><span class='ocrx_word' id='word_1_347' title='bbox 240 3316 575 3386; x_wconf 86' lang='lat' dir='ltr'>respondit.</span> <span class='ocrx_word' id='word_1_348' title='bbox 627 3318 733 3372; x_wconf 92' lang='lat' dir='ltr'>Sed</span> <span class='ocrx_word' id='word_1_349' title='bbox 764 3317 1156 3373; x_wconf 88' lang='lat' dir='ltr'>nihilominus</span> <span class='ocrx_word' id='word_1_350' title='bbox 1218 3319 1561 3390; x_wconf 84' lang='lat' dir='ltr'>Olympius:</span> <span class='ocrx_word' id='word_1_351' title='bbox 1603 3319 1902 3384; x_wconf 88' lang='lat' dir='ltr'>Ausculta,</span> 
     </span>
    </p>
   </div>
   <div class='ocr_carea' id='block_1_52' title="bbox 240 3403 1906 3478">
    <p class='ocr_par' dir='ltr' id='par_1_52' title="bbox 240 3403 1906 3478">
     <span class='ocr_line' id='line_1_52' title="bbox 240 3403 1906 3478; baseline 0.002 -20"><span class='ocrx_word' id='word_1_352' title='bbox 240 3403 457 3476; x_wconf 83' lang='lat' dir='ltr'>inquit,</span> <span class='ocrx_word' id='word_1_353' title='bbox 490 3406 821 3475; x_wconf 84' lang='lat' dir='ltr'>Semproni,</span> <span class='ocrx_word' id='word_1_354' title='bbox 857 3413 910 3461; x_wconf 90' lang='lat' dir='ltr'>et</span> <span class='ocrx_word' id='word_1_355' title='bbox 940 3407 1031 3462; x_wconf 84' lang='lat' dir='ltr'>fac</span> <span class='ocrx_word' id='word_1_356' title='bbox 1064 3408 1229 3478; x_wconf 89' lang='lat' dir='ltr'>quod</span> <span class='ocrx_word' id='word_1_357' title='bbox 1264 3408 1480 3477; x_wconf 90' lang='lat' dir='ltr'>jubent</span> <span class='ocrx_word' id='word_1_358' title='bbox 1517 3406 1906 3478; x_wconf 88' lang='lat' dir='ltr'>imperatores</span> 
     </span>
    </p>
   </div>
   <div class='ocr_carea' id='block_1_53' title="bbox 242 3493 1904 3560">
    <p class='ocr_par' dir='ltr' id='par_1_53' title="bbox 242 3493 1904 3560">
     <span class='ocr_line' id='line_1_53' title="bbox 242 3493 1904 3560; baseline 0.003 -14"><span class='ocrx_word' id='word_1_359' title='bbox 242 3493 476 3548; x_wconf 88' lang='lat' dir='ltr'>nostri:</span> <span class='ocrx_word' id='word_1_360' title='bbox 513 3493 605 3547; x_wconf 90' lang='lat' dir='ltr'>sin</span> <span class='ocrx_word' id='word_1_361' title='bbox 636 3497 857 3560; x_wconf 91' lang='lat' dir='ltr'>minus,</span> <span class='ocrx_word' id='word_1_362' title='bbox 893 3495 1092 3549; x_wconf 90' lang='lat' dir='ltr'>multis</span> <span class='ocrx_word' id='word_1_363' title='bbox 1123 3501 1181 3549; x_wconf 92' lang='lat' dir='ltr'>et</span> <span class='ocrx_word' id='word_1_364' title='bbox 1211 3497 1383 3549; x_wconf 88' lang='lat' dir='ltr'>variis</span> <span class='ocrx_word' id='word_1_365' title='bbox 1414 3496 1719 3551; x_wconf 71' lang='lat' dir='ltr'>tormentis</span> <span class='ocrx_word' id='word_1_366' title='bbox 1773 3513 1904 3551; x_wconf 90' lang='lat' dir='ltr'>cru-</span> 
     </span>
    </p>
   </div>
   <div class='ocr_carea' id='block_1_54' title="bbox 242 3580 1903 3652">
    <p class='ocr_par' dir='ltr' id='par_1_54' title="bbox 242 3580 1903 3652">
     <span class='ocr_line' id='line_1_54' title="bbox 242 3580 1903 3652; baseline 0.001 -17"><span class='ocrx_word' id='word_1_367' title='bbox 242 3580 521 3635; x_wconf 89' lang='lat' dir='ltr'>ciaberis.</span> <span class='ocrx_word' id='word_1_368' title='bbox 556 3582 848 3637; x_wconf 89' lang='lat' dir='ltr'>Ostendas</span> <span class='ocrx_word' id='word_1_369' title='bbox 875 3584 1055 3652; x_wconf 87' lang='lat' dir='ltr'>igitur</span> <span class='ocrx_word' id='word_1_370' title='bbox 1077 3584 1253 3638; x_wconf 90' lang='lat' dir='ltr'>nobis</span> <span class='ocrx_word' id='word_1_371' title='bbox 1276 3584 1533 3638; x_wconf 86' lang='lat' dir='ltr'>Nemesii</span> <span class='ocrx_word' id='word_1_372' title='bbox 1560 3584 1787 3639; x_wconf 89' lang='lat' dir='ltr'>domini</span> <span class='ocrx_word' id='word_1_373' title='bbox 1822 3585 1903 3638; x_wconf 88' lang='lat' dir='ltr'>tui</span> 
     </span>
    </p>
   </div>
   <div class='ocr_carea' id='block_1_55' title="bbox 242 3669 1905 3743">
    <p class='ocr_par' dir='ltr' id='par_1_55' title="bbox 242 3669 1905 3743">
     <span class='ocr_line' id='line_1_55' title="bbox 242 3669 1905 3743; baseline 0.002 -19"><span class='ocrx_word' id='word_1_374' title='bbox 242 3669 580 3739; x_wconf 86' lang='lat' dir='ltr'>facultates,</span> <span class='ocrx_word' id='word_1_375' title='bbox 608 3670 818 3726; x_wconf 91' lang='lat' dir='ltr'>deinde</span> <span class='ocrx_word' id='word_1_376' title='bbox 838 3688 973 3726; x_wconf 90' lang='lat' dir='ltr'>vero</span> <span class='ocrx_word' id='word_1_377' title='bbox 993 3674 1263 3743; x_wconf 90' lang='lat' dir='ltr'>propitiis</span> <span class='ocrx_word' id='word_1_378' title='bbox 1282 3673 1534 3727; x_wconf 88' lang='lat' dir='ltr'>deorum</span> <span class='ocrx_word' id='word_1_379' title='bbox 1565 3681 1905 3727; x_wconf 86' lang='lat' dir='ltr'>nostrorum</span> 
     </span>
    </p>
   </div>
   <div class='ocr_carea' id='block_1_56' title="bbox 241 3760 1907 3833">
    <p class='ocr_par' dir='ltr' id='par_1_56' title="bbox 241 3760 1907 3833">
     <span class='ocr_line' id='line_1_56' title="bbox 241 3760 1907 3833; baseline -0.001 -19"><span class='ocrx_word' id='word_1_380' title='bbox 241 3761 596 3815; x_wconf 88' lang='lat' dir='ltr'>numinibus</span> <span class='ocrx_word' id='word_1_381' title='bbox 614 3761 931 3816; x_wconf 90' lang='lat' dir='ltr'>sacriﬁces.</span> <span class='ocrx_word' id='word_1_382' title='bbox 957 3760 1046 3815; x_wconf 83' lang='lat' dir='ltr'>Ad</span> <span class='ocrx_word' id='word_1_383' title='bbox 1063 3762 1188 3816; x_wconf 78' lang='lat' dir='ltr'>haec</span> <span class='ocrx_word' id='word_1_384' title='bbox 1213 3764 1629 3833; x_wconf 76' lang='lat' dir='ltr'>Sempronius:</span> <span class='ocrx_word' id='word_1_385' title='bbox 1651 3761 1707 3816; x_wconf 88' lang='lat' dir='ltr'>Si</span> <span class='ocrx_word' id='word_1_386' title='bbox 1728 3760 1907 3815; x_wconf 87' lang='lat' dir='ltr'>facul-</span> 
     </span>
    </p>
   </div>
   <div class='ocr_carea' id='block_1_57' title="bbox 241 3848 1905 3921">
    <p class='ocr_par' dir='ltr' id='par_1_57' title="bbox 241 3848 1905 3921">
     <span class='ocr_line' id='line_1_57' title="bbox 241 3848 1905 3921; baseline 0.001 -18"><span class='ocrx_word' id='word_1_387' title='bbox 241 3854 394 3904; x_wconf 88' lang='lat' dir='ltr'>tates</span> <span class='ocrx_word' id='word_1_388' title='bbox 425 3848 656 3904; x_wconf 90' lang='lat' dir='ltr'>domini</span> <span class='ocrx_word' id='word_1_389' title='bbox 688 3851 803 3904; x_wconf 91' lang='lat' dir='ltr'>inei</span> <span class='ocrx_word' id='word_1_390' title='bbox 830 3851 1077 3904; x_wconf 83' lang='lat' dir='ltr'>Nemesii</span> <span class='ocrx_word' id='word_1_391' title='bbox 1115 3852 1388 3921; x_wconf 89' lang='lat' dir='ltr'>requiris,</span> <span class='ocrx_word' id='word_1_392' title='bbox 1415 3853 1560 3905; x_wconf 90' lang='lat' dir='ltr'>scito</span> <span class='ocrx_word' id='word_1_393' title='bbox 1586 3850 1717 3905; x_wconf 89' lang='lat' dir='ltr'>illas</span> <span class='ocrx_word' id='word_1_394' title='bbox 1748 3866 1783 3904; x_wconf 89' lang='lat' dir='ltr'>a</span> <span class='ocrx_word' id='word_1_395' title='bbox 1810 3864 1905 3904; x_wconf 92' lang='lat' dir='ltr'>me</span> 
     </span>
    </p>
   </div>
   <div class='ocr_carea' id='block_1_58' title="bbox 242 3936 1906 4009">
    <p class='ocr_par' dir='ltr' id='par_1_58' title="bbox 242 3936 1906 4009">
     <span class='ocr_line' id='line_1_58' title="bbox 242 3936 1906 4009; baseline 0.001 -17"><span class='ocrx_word' id='word_1_396' title='bbox 242 3936 477 3993; x_wconf 90' lang='lat' dir='ltr'>Christo</span> <span class='ocrx_word' id='word_1_397' title='bbox 509 3937 689 3992; x_wconf 83' lang='lat' dir='ltr'>fuisse</span> <span class='ocrx_word' id='word_1_398' title='bbox 718 3938 951 3993; x_wconf 88' lang='lat' dir='ltr'>oblatas</span> <span class='ocrx_word' id='word_1_399' title='bbox 976 3956 995 4009; x_wconf 73' lang='lat'><strong>;</strong></span> <span class='ocrx_word' id='word_1_400' title='bbox 1029 3954 1149 3993; x_wconf 91' lang='lat' dir='ltr'>non</span> <span class='ocrx_word' id='word_1_401' title='bbox 1180 3940 1338 3993; x_wconf 90' lang='lat' dir='ltr'>enim</span> <span class='ocrx_word' id='word_1_402' title='bbox 1365 3946 1585 4003; x_wconf 88' lang='lat' dir='ltr'>nostra,</span> <span class='ocrx_word' id='word_1_403' title='bbox 1622 3938 1726 3993; x_wconf 90' lang='lat' dir='ltr'>sed</span> <span class='ocrx_word' id='word_1_404' title='bbox 1755 3939 1906 3993; x_wconf 85' lang='lat' dir='ltr'>illius</span> 
     </span>
    </p>
   </div>
   <div class='ocr_carea' id='block_1_59' title="bbox 242 4028 1904 4093">
    <p class='ocr_par' dir='ltr' id='par_1_59' title="bbox 242 4028 1904 4093">
     <span class='ocr_line' id='line_1_59' title="bbox 242 4028 1904 4093; baseline 0.001 -12"><span class='ocrx_word' id='word_1_405' title='bbox 242 4029 610 4082; x_wconf 87' lang='lat' dir='ltr'>erantbona.</span> <span class='ocrx_word' id='word_1_406' title='bbox 642 4028 814 4092; x_wconf 87' lang='lat' dir='ltr'>Quod</span> <span class='ocrx_word' id='word_1_407' title='bbox 846 4044 985 4082; x_wconf 91' lang='lat' dir='ltr'>vero</span> <span class='ocrx_word' id='word_1_408' title='bbox 1014 4028 1161 4093; x_wconf 90' lang='lat' dir='ltr'>dicis</span> <span class='ocrx_word' id='word_1_409' title='bbox 1185 4033 1241 4082; x_wconf 90' lang='lat' dir='ltr'>et</span> <span class='ocrx_word' id='word_1_410' title='bbox 1265 4046 1359 4083; x_wconf 91' lang='lat' dir='ltr'>me</span> <span class='ocrx_word' id='word_1_411' title='bbox 1391 4028 1671 4093; x_wconf 89' lang='lat' dir='ltr'>hortaris,</span> <span class='ocrx_word' id='word_1_412' title='bbox 1701 4036 1762 4083; x_wconf 91' lang='lat' dir='ltr'>ut</span> <span class='ocrx_word' id='word_1_413' title='bbox 1788 4028 1904 4082; x_wconf 90' lang='lat' dir='ltr'>diis</span> 
     </span>
    </p>
   </div>
   <div class='ocr_carea' id='block_1_60' title="bbox 241 4115 1905 4182">
    <p class='ocr_par' dir='ltr' id='par_1_60' title="bbox 241 4115 1905 4182">
     <span class='ocr_line' id='line_1_60' title="bbox 241 4115 1905 4182; baseline 0.001 -10"><span class='ocrx_word' id='word_1_414' title='bbox 241 4118 360 4172; x_wconf 89' lang='lat' dir='ltr'>tuis</span> <span class='ocrx_word' id='word_1_415' title='bbox 383 4115 731 4182; x_wconf 76' lang='lat' dir='ltr'>sacriﬁcam,</span> <span class='ocrx_word' id='word_1_416' title='bbox 774 4117 938 4171; x_wconf 93' lang='lat' dir='ltr'>nullo</span> <span class='ocrx_word' id='word_1_417' title='bbox 970 4116 1149 4172; x_wconf 84' lang='lat' dir='ltr'>modo</span> <span class='ocrx_word' id='word_1_418' title='bbox 1186 4118 1407 4173; x_wconf 85' lang='lat' dir='ltr'>faeiam</span> <span class='ocrx_word' id='word_1_419' title='bbox 1441 4136 1452 4172; x_wconf 89' lang='lat'><strong>:</strong></span> <span class='ocrx_word' id='word_1_420' title='bbox 1488 4118 1716 4173; x_wconf 90' lang='lat' dir='ltr'>Christo</span> <span class='ocrx_word' id='word_1_421' title='bbox 1746 4118 1905 4173; x_wconf 88' lang='lat' dir='ltr'>enim</span> 
     </span>
    </p>
   </div>
   <div class='ocr_carea' id='block_1_61' title="bbox 242 4205 1907 4262">
    <p class='ocr_par' dir='ltr' id='par_1_61' title="bbox 242 4205 1907 4262">
     <span class='ocr_line' id='line_1_61' title="bbox 242 4205 1907 4262; baseline 0.002 -3"><span class='ocrx_word' id='word_1_422' title='bbox 242 4207 519 4260; x_wconf 85' lang='lat' dir='ltr'>sacriﬁco</span> <span class='ocrx_word' id='word_1_423' title='bbox 552 4205 650 4260; x_wconf 91' lang='lat' dir='ltr'>Dei</span> <span class='ocrx_word' id='word_1_424' title='bbox 682 4206 930 4261; x_wconf 87' lang='lat' dir='ltr'>viventis</span> <span class='ocrx_word' id='word_1_425' title='bbox 982 4207 1127 4261; x_wconf 88' lang='lat' dir='ltr'>Filio</span> <span class='ocrx_word' id='word_1_426' title='bbox 1181 4207 1536 4262; x_wconf 86' lang='lat' dir='ltr'>sacriﬁcium</span> <span class='ocrx_word' id='word_1_427' title='bbox 1594 4207 1793 4262; x_wconf 88' lang='lat' dir='ltr'>laudis</span> <span class='ocrx_word' id='word_1_428' title='bbox 1851 4214 1907 4262; x_wconf 93' lang='lat' dir='ltr'>et</span> 
     </span>
    </p>
   </div>
   <div class='ocr_carea' id='block_1_62' title="bbox 243 4295 1902 4367">
    <p class='ocr_par' dir='ltr' id='par_1_62' title="bbox 243 4295 1902 4367">
     <span class='ocr_line' id='line_1_62' title="bbox 243 4295 1902 4367; baseline 0 -18"><span class='ocrx_word' id='word_1_429' title='bbox 243 4296 661 4361; x_wconf 82' lang='lat' dir='ltr'>confessionis,</span> <span class='ocrx_word' id='word_1_430' title='bbox 681 4296 845 4350; x_wconf 91' lang='lat' dir='ltr'>cuiet</span> <span class='ocrx_word' id='word_1_431' title='bbox 861 4296 1132 4351; x_wconf 89' lang='lat' dir='ltr'>dominus</span> <span class='ocrx_word' id='word_1_432' title='bbox 1158 4314 1315 4351; x_wconf 82' lang='lat' dir='ltr'>incus</span> <span class='ocrx_word' id='word_1_433' title='bbox 1333 4295 1631 4350; x_wconf 80' lang='lat' dir='ltr'>Nemesius</span> <span class='ocrx_word' id='word_1_434' title='bbox 1651 4298 1902 4367; x_wconf 90' lang='lat' dir='ltr'>seipsum</span> 
     </span>
    </p>
   </div>
   <div class='ocr_carea' id='block_1_63' title="bbox 242 4383 1904 4456">
    <p class='ocr_par' dir='ltr' id='par_1_63' title="bbox 242 4383 1904 4456">
     <span class='ocr_line' id='line_1_63' title="bbox 242 4383 1904 4456; baseline 0.001 -18"><span class='ocrx_word' id='word_1_435' title='bbox 242 4383 475 4438; x_wconf 89' lang='lat' dir='ltr'>obtulit.</span> <span class='ocrx_word' id='word_1_436' title='bbox 513 4386 657 4438; x_wconf 89' lang='lat' dir='ltr'>Cum</span> <span class='ocrx_word' id='word_1_437' title='bbox 695 4384 822 4438; x_wconf 77' lang='lat' dir='ltr'>haec</span> <span class='ocrx_word' id='word_1_438' title='bbox 851 4384 1101 4439; x_wconf 86' lang='lat' dir='ltr'>dixisset</span> <span class='ocrx_word' id='word_1_439' title='bbox 1131 4386 1540 4456; x_wconf 81' lang='lat' dir='ltr'>Sempronius,</span> <span class='ocrx_word' id='word_1_440' title='bbox 1575 4384 1771 4440; x_wconf 82' lang='lat' dir='ltr'>furore</span> <span class='ocrx_word' id='word_1_441' title='bbox 1806 4400 1904 4439; x_wconf 82' lang='lat' dir='ltr'>ac-</span> 
     </span>
    </p>
   </div>
   <div class='ocr_carea' id='block_1_64' title="bbox 2019 1798 3681 1874">
    <p class='ocr_par' dir='ltr' id='par_1_64' title="bbox 2019 1798 3681 1874">
     <span class='ocr_line' id='line_1_64' title="bbox 2019 1798 3681 1874; baseline 0.004 -22"><span class='ocrx_word' id='word_1_442' title='bbox 2019 1798 2150 1870; x_wconf 87' lang='lat' dir='ltr'>ipsa</span> <span class='ocrx_word' id='word_1_443' title='bbox 2182 1808 2355 1855; x_wconf 90' lang='lat' dir='ltr'>nocte</span> <span class='ocrx_word' id='word_1_444' title='bbox 2383 1808 2687 1864; x_wconf 88' lang='lat' dir='ltr'>venerunt,</span> <span class='ocrx_word' id='word_1_445' title='bbox 2724 1809 2779 1855; x_wconf 89' lang='lat' dir='ltr'>et</span> <span class='ocrx_word' id='word_1_446' title='bbox 2818 1800 2895 1854; x_wconf 90' lang='lat' dir='ltr'>ad</span> <span class='ocrx_word' id='word_1_447' title='bbox 2925 1800 3107 1871; x_wconf 87' lang='lat' dir='ltr'>pedes</span> <span class='ocrx_word' id='word_1_448' title='bbox 3164 1801 3490 1871; x_wconf 79' lang='lat' dir='ltr'>Sempronii</span> <span class='ocrx_word' id='word_1_449' title='bbox 3543 1820 3681 1874; x_wconf 89' lang='lat' dir='ltr'>pro-</span> 
     </span>
    </p>
   </div>
   <div class='ocr_carea' id='block_1_65' title="bbox 2018 1888 3677 1960">
    <p class='ocr_par' dir='ltr' id='par_1_65' title="bbox 2018 1888 3677 1960">
     <span class='ocr_line' id='line_1_65' title="bbox 2018 1888 3677 1960; baseline 0.003 -18"><span class='ocrx_word' id='word_1_450' title='bbox 2018 1890 2199 1954; x_wconf 89' lang='lat' dir='ltr'>strati,</span> <span class='ocrx_word' id='word_1_451' title='bbox 2237 1890 2542 1944; x_wconf 87' lang='lat' dir='ltr'>dixerunt:</span> <span class='ocrx_word' id='word_1_452' title='bbox 2578 1891 2693 1943; x_wconf 87' lang='lat' dir='ltr'>Nos</span> <span class='ocrx_word' id='word_1_453' title='bbox 2725 1888 2907 1959; x_wconf 91' lang='lat' dir='ltr'>paulo</span> <span class='ocrx_word' id='word_1_454' title='bbox 2947 1899 3083 1943; x_wconf 85' lang='lat' dir='ltr'>ante</span> <span class='ocrx_word' id='word_1_455' title='bbox 3110 1888 3321 1945; x_wconf 87' lang='lat' dir='ltr'>Christi</span> <span class='ocrx_word' id='word_1_456' title='bbox 3349 1894 3677 1960; x_wconf 86' lang='lat' dir='ltr'>potentiam</span> 
     </span>
    </p>
   </div>
   <div class='ocr_carea' id='block_1_66' title="bbox 2018 1977 3677 2052">
    <p class='ocr_par' dir='ltr' id='par_1_66' title="bbox 2018 1977 3677 2052">
     <span class='ocr_line' id='line_1_66' title="bbox 2018 1977 3677 2052; baseline 0.002 -21"><span class='ocrx_word' id='word_1_457' title='bbox 2018 1980 2437 2045; x_wconf 87' lang='lat' dir='ltr'>cognovimus,</span> <span class='ocrx_word' id='word_1_458' title='bbox 2474 1994 2682 2033; x_wconf 89' lang='lat' dir='ltr'>verum</span> <span class='ocrx_word' id='word_1_459' title='bbox 2711 1977 2932 2031; x_wconf 89' lang='lat' dir='ltr'>scilicet</span> <span class='ocrx_word' id='word_1_460' title='bbox 2964 1980 3148 2032; x_wconf 90' lang='lat' dir='ltr'>Deum</span> <span class='ocrx_word' id='word_1_461' title='bbox 3183 1977 3350 2032; x_wconf 92' lang='lat' dir='ltr'>illum</span> <span class='ocrx_word' id='word_1_462' title='bbox 3378 1996 3524 2044; x_wconf 89' lang='lat' dir='ltr'>esse,</span> <span class='ocrx_word' id='word_1_463' title='bbox 3573 1982 3677 2052; x_wconf 91' lang='lat' dir='ltr'>qni</span> 
     </span>
    </p>
   </div>
   <div class='ocr_carea' id='block_1_67' title="bbox 2018 2066 3677 2134">
    <p class='ocr_par' dir='ltr' id='par_1_67' title="bbox 2018 2066 3677 2134">
     <span class='ocr_line' id='line_1_67' title="bbox 2018 2066 3677 2134; baseline 0.002 -13"><span class='ocrx_word' id='word_1_464' title='bbox 2018 2068 2268 2122; x_wconf 88' lang='lat' dir='ltr'>Nemesii</span> <span class='ocrx_word' id='word_1_465' title='bbox 2294 2068 2511 2123; x_wconf 88' lang='lat' dir='ltr'>tribuni</span> <span class='ocrx_word' id='word_1_466' title='bbox 2537 2068 2667 2122; x_wconf 66' lang='lat' dir='ltr'>ﬁlias</span> <span class='ocrx_word' id='word_1_467' title='bbox 2692 2066 3003 2121; x_wconf 89' lang='lat' dir='ltr'>oculorum</span> <span class='ocrx_word' id='word_1_468' title='bbox 3019 2067 3224 2121; x_wconf 92' lang='lat' dir='ltr'>lumen</span> <span class='ocrx_word' id='word_1_469' title='bbox 3246 2068 3406 2124; x_wconf 88' lang='lat' dir='ltr'>dedit</span> <span class='ocrx_word' id='word_1_470' title='bbox 3423 2111 3435 2123; x_wconf 92' lang='lat'>.</span> <span class='ocrx_word' id='word_1_471' title='bbox 3458 2072 3677 2134; x_wconf 90' lang='lat' dir='ltr'>Quam-</span> 
     </span>
    </p>
   </div>
   <div class='ocr_carea' id='block_1_68' title="bbox 2020 2156 3678 2228">
    <p class='ocr_par' dir='ltr' id='par_1_68' title="bbox 2020 2156 3678 2228">
     <span class='ocr_line' id='line_1_68' title="bbox 2020 2156 3678 2228; baseline 0.003 -19"><span class='ocrx_word' id='word_1_472' title='bbox 2020 2156 2227 2210; x_wconf 90' lang='lat' dir='ltr'>obrem</span> <span class='ocrx_word' id='word_1_473' title='bbox 2265 2163 2315 2211; x_wconf 90' lang='lat' dir='ltr'>te</span> <span class='ocrx_word' id='word_1_474' title='bbox 2343 2172 2682 2228; x_wconf 88' lang='lat' dir='ltr'>precamur,</span> <span class='ocrx_word' id='word_1_475' title='bbox 2721 2163 2780 2209; x_wconf 92' lang='lat' dir='ltr'>ut</span> <span class='ocrx_word' id='word_1_476' title='bbox 2810 2171 2977 2209; x_wconf 88' lang='lat' dir='ltr'>cures</span> <span class='ocrx_word' id='word_1_477' title='bbox 3011 2158 3179 2210; x_wconf 88' lang='lat' dir='ltr'>nobis</span> <span class='ocrx_word' id='word_1_478' title='bbox 3232 2157 3363 2212; x_wconf 91' lang='lat' dir='ltr'>dari</span> <span class='ocrx_word' id='word_1_479' title='bbox 3421 2158 3678 2214; x_wconf 88' lang='lat' dir='ltr'>salutare</span> 
     </span>
    </p>
   </div>
   <div class='ocr_carea' id='block_1_69' title="bbox 2020 2244 3679 2318">
    <p class='ocr_par' dir='ltr' id='par_1_69' title="bbox 2020 2244 3679 2318">
     <span class='ocr_line' id='line_1_69' title="bbox 2020 2244 3679 2318; baseline 0.002 -19"><span class='ocrx_word' id='word_1_480' title='bbox 2020 2244 2320 2315; x_wconf 88' lang='lat' dir='ltr'>baptisma</span> <span class='ocrx_word' id='word_1_481' title='bbox 2346 2247 2406 2300; x_wconf 92' lang='lat' dir='ltr'>in</span> <span class='ocrx_word' id='word_1_482' title='bbox 2446 2246 2687 2300; x_wconf 90' lang='lat' dir='ltr'>nomine</span> <span class='ocrx_word' id='word_1_483' title='bbox 2718 2245 2857 2299; x_wconf 87' lang='lat' dir='ltr'>Jesu</span> <span class='ocrx_word' id='word_1_484' title='bbox 2886 2244 3121 2313; x_wconf 87' lang='lat' dir='ltr'>Christi,</span> <span class='ocrx_word' id='word_1_485' title='bbox 3156 2261 3332 2315; x_wconf 91' lang='lat' dir='ltr'>quem</span> <span class='ocrx_word' id='word_1_486' title='bbox 3367 2252 3427 2301; x_wconf 91' lang='lat' dir='ltr'>tu</span> <span class='ocrx_word' id='word_1_487' title='bbox 3467 2248 3679 2318; x_wconf 66' lang='lat' dir='ltr'>praedi-</span> 
     </span>
    </p>
   </div>
   <div class='ocr_carea' id='block_1_70' title="bbox 2022 2333 3676 2405">
    <p class='ocr_par' dir='ltr' id='par_1_70' title="bbox 2022 2333 3676 2405">
     <span class='ocr_line' id='line_1_70' title="bbox 2022 2333 3676 2405; baseline 0.004 -19"><span class='ocrx_word' id='word_1_488' title='bbox 2022 2349 2144 2388; x_wconf 87' lang='lat' dir='ltr'>cas.</span> <span class='ocrx_word' id='word_1_489' title='bbox 2177 2334 2507 2405; x_wconf 84' lang='lat' dir='ltr'>Respondit</span> <span class='ocrx_word' id='word_1_490' title='bbox 2530 2336 2919 2404; x_wconf 89' lang='lat' dir='ltr'>Sempronius</span> <span class='ocrx_word' id='word_1_491' title='bbox 2947 2349 2959 2386; x_wconf 91' lang='lat'>:</span> <span class='ocrx_word' id='word_1_492' title='bbox 2988 2333 3043 2389; x_wconf 92' lang='lat' dir='ltr'>Si</span> <span class='ocrx_word' id='word_1_493' title='bbox 3068 2336 3478 2404; x_wconf 67' lang='lat' dir='ltr'>paenitentiam</span> <span class='ocrx_word' id='word_1_494' title='bbox 3502 2337 3676 2405; x_wconf 90' lang='lat' dir='ltr'>agitis</span> 
     </span>
    </p>
   </div>
   <div class='ocr_carea' id='block_1_71' title="bbox 2022 2421 3679 2490">
    <p class='ocr_par' dir='ltr' id='par_1_71' title="bbox 2022 2421 3679 2490">
     <span class='ocr_line' id='line_1_71' title="bbox 2022 2421 3679 2490; baseline 0.003 -15"><span class='ocrx_word' id='word_1_495' title='bbox 2022 2437 2089 2476; x_wconf 82' lang='lat' dir='ltr'>ex</span> <span class='ocrx_word' id='word_1_496' title='bbox 2122 2430 2241 2478; x_wconf 92' lang='lat' dir='ltr'>toto</span> <span class='ocrx_word' id='word_1_497' title='bbox 2274 2424 2447 2478; x_wconf 91' lang='lat' dir='ltr'>corde</span> <span class='ocrx_word' id='word_1_498' title='bbox 2479 2429 2688 2487; x_wconf 90' lang='lat' dir='ltr'>vestro,</span> <span class='ocrx_word' id='word_1_499' title='bbox 2721 2421 3018 2490; x_wconf 90' lang='lat' dir='ltr'>benignus</span> <span class='ocrx_word' id='word_1_500' title='bbox 3044 2430 3131 2476; x_wconf 88' lang='lat' dir='ltr'>est</span> <span class='ocrx_word' id='word_1_501' title='bbox 3158 2426 3310 2477; x_wconf 86' lang='lat' dir='ltr'>Deus</span> <span class='ocrx_word' id='word_1_502' title='bbox 3381 2440 3570 2487; x_wconf 89' lang='lat' dir='ltr'>meus,</span> <span class='ocrx_word' id='word_1_503' title='bbox 3624 2430 3679 2481; x_wconf 88' lang='lat' dir='ltr'>et</span> 
     </span>
    </p>
   </div>
   <div class='ocr_carea' id='block_1_72' title="bbox 2020 2511 3675 2584">
    <p class='ocr_par' dir='ltr' id='par_1_72' title="bbox 2020 2511 3675 2584">
     <span class='ocr_line' id='line_1_72' title="bbox 2020 2511 3675 2584; baseline 0.002 -20"><span class='ocrx_word' id='word_1_504' title='bbox 2020 2511 2264 2582; x_wconf 88' lang='lat' dir='ltr'>accipiet</span> <span class='ocrx_word' id='word_1_505' title='bbox 2285 2528 2384 2566; x_wconf 88' lang='lat' dir='ltr'>vos</span> <span class='ocrx_word' id='word_1_506' title='bbox 2413 2511 2823 2581; x_wconf 80' lang='lat' dir='ltr'>pcen&#39;itentiain</span> <span class='ocrx_word' id='word_1_507' title='bbox 2849 2518 3110 2579; x_wconf 88' lang='lat' dir='ltr'>agentes.</span> <span class='ocrx_word' id='word_1_508' title='bbox 3138 2511 3299 2565; x_wconf 81' lang='lat' dir='ltr'>&#39;l‘unc</span> <span class='ocrx_word' id='word_1_509' title='bbox 3324 2513 3637 2584; x_wconf 80' lang='lat' dir='ltr'>Olympius</span> <span class='ocrx_word' id='word_1_510' title='bbox 3662 2534 3675 2572; x_wconf 85' lang='lat'>:</span> 
     </span>
    </p>
   </div>
   <div class='ocr_carea' id='block_1_73' title="bbox 2016 2600 3676 2672">
    <p class='ocr_par' dir='ltr' id='par_1_73' title="bbox 2016 2600 3676 2672">
     <span class='ocr_line' id='line_1_73' title="bbox 2016 2600 3676 2672; baseline 0 -16"><span class='ocrx_word' id='word_1_511' title='bbox 2016 2602 2295 2671; x_wconf 84' lang='lat' dir='ltr'>Jamjain,</span> <span class='ocrx_word' id='word_1_512' title='bbox 2330 2601 2539 2672; x_wconf 88' lang='lat' dir='ltr'>inquit,</span> <span class='ocrx_word' id='word_1_513' title='bbox 2586 2600 2821 2663; x_wconf 83' lang='lat' dir='ltr'>faciam,</span> <span class='ocrx_word' id='word_1_514' title='bbox 2860 2606 2919 2653; x_wconf 93' lang='lat' dir='ltr'>ut</span> <span class='ocrx_word' id='word_1_515' title='bbox 2951 2600 3158 2654; x_wconf 92' lang='lat' dir='ltr'>credas</span> <span class='ocrx_word' id='word_1_516' title='bbox 3188 2616 3281 2653; x_wconf 86' lang='lat' dir='ltr'>ine</span> <span class='ocrx_word' id='word_1_517' title='bbox 3339 2607 3458 2655; x_wconf 92' lang='lat' dir='ltr'>toto</span> <span class='ocrx_word' id='word_1_518' title='bbox 3498 2603 3676 2656; x_wconf 90' lang='lat' dir='ltr'>corde</span> 
     </span>
    </p>
   </div>
   <div class='ocr_carea' id='block_1_74' title="bbox 2020 2687 3676 2758">
    <p class='ocr_par' dir='ltr' id='par_1_74' title="bbox 2020 2687 3676 2758">
     <span class='ocr_line' id='line_1_74' title="bbox 2020 2687 3676 2758; baseline 0 -13"><span class='ocrx_word' id='word_1_519' title='bbox 2020 2691 2224 2746; x_wconf 82' lang='lat' dir='ltr'>Christi</span> <span class='ocrx_word' id='word_1_520' title='bbox 2256 2691 2348 2743; x_wconf 89' lang='lat' dir='ltr'>Dei</span> <span class='ocrx_word' id='word_1_521' title='bbox 2380 2691 2559 2743; x_wconf 90' lang='lat' dir='ltr'>ﬁdem</span> <span class='ocrx_word' id='word_1_522' title='bbox 2592 2689 2778 2758; x_wconf 83' lang='lat' dir='ltr'>sequi.</span> <span class='ocrx_word' id='word_1_523' title='bbox 2809 2690 2934 2741; x_wconf 66' lang='lat' dir='ltr'>Haec</span> <span class='ocrx_word' id='word_1_524' title='bbox 2962 2687 3128 2754; x_wconf 77' lang='lat' dir='ltr'>dixit,</span> <span class='ocrx_word' id='word_1_525' title='bbox 3154 2693 3211 2742; x_wconf 85' lang='lat' dir='ltr'>et</span> <span class='ocrx_word' id='word_1_526' title='bbox 3254 2695 3451 2743; x_wconf 89' lang='lat' dir='ltr'>statim</span> <span class='ocrx_word' id='word_1_527' title='bbox 3510 2690 3676 2745; x_wconf 85' lang='lat' dir='ltr'>cubi—</span> 
     </span>
    </p>
   </div>
   <div class='ocr_carea' id='block_1_75' title="bbox 2018 2776 3675 2849">
    <p class='ocr_par' dir='ltr' id='par_1_75' title="bbox 2018 2776 3675 2849">
     <span class='ocr_line' id='line_1_75' title="bbox 2018 2776 3675 2849; baseline 0.001 -16"><span class='ocrx_word' id='word_1_528' title='bbox 2018 2780 2221 2834; x_wconf 91' lang='lat' dir='ltr'>culum</span> <span class='ocrx_word' id='word_1_529' title='bbox 2253 2777 2544 2849; x_wconf 84' lang='lat' dir='ltr'>patefecit,</span> <span class='ocrx_word' id='word_1_530' title='bbox 2577 2779 2789 2848; x_wconf 91' lang='lat' dir='ltr'>inquo</span> <span class='ocrx_word' id='word_1_531' title='bbox 2851 2776 3113 2831; x_wconf 89' lang='lat' dir='ltr'>habebat</span> <span class='ocrx_word' id='word_1_532' title='bbox 3167 2778 3353 2832; x_wconf 90' lang='lat' dir='ltr'>multa</span> <span class='ocrx_word' id='word_1_533' title='bbox 3403 2786 3457 2832; x_wconf 90' lang='lat' dir='ltr'>et</span> <span class='ocrx_word' id='word_1_534' title='bbox 3513 2780 3675 2835; x_wconf 86' lang='lat' dir='ltr'>varia</span> 
     </span>
    </p>
   </div>
   <div class='ocr_carea' id='block_1_76' title="bbox 2016 2864 3677 2936">
    <p class='ocr_par' dir='ltr' id='par_1_76' title="bbox 2016 2864 3677 2936">
     <span class='ocr_line' id='line_1_76' title="bbox 2016 2864 3677 2936; baseline 0.001 -14"><span class='ocrx_word' id='word_1_535' title='bbox 2016 2868 2196 2922; x_wconf 90' lang='lat' dir='ltr'>idola.</span> <span class='ocrx_word' id='word_1_536' title='bbox 2226 2867 2449 2930; x_wconf 84' lang='lat' dir='ltr'>Quibus</span> <span class='ocrx_word' id='word_1_537' title='bbox 2475 2867 2765 2920; x_wconf 89' lang='lat' dir='ltr'>ostensis:</span> <span class='ocrx_word' id='word_1_538' title='bbox 2800 2867 2907 2933; x_wconf 87' lang='lat' dir='ltr'>En,</span> <span class='ocrx_word' id='word_1_539' title='bbox 2937 2864 3126 2936; x_wconf 89' lang='lat' dir='ltr'>inqui,</span> <span class='ocrx_word' id='word_1_540' title='bbox 3165 2865 3497 2936; x_wconf 88' lang='lat' dir='ltr'>Semproni,</span> <span class='ocrx_word' id='word_1_541' title='bbox 3549 2870 3677 2923; x_wconf 72' lang='lat' dir='ltr'>haec</span> 
     </span>
    </p>
   </div>
   <div class='ocr_carea' id='block_1_77' title="bbox 2017 2955 3674 3024">
    <p class='ocr_par' dir='ltr' id='par_1_77' title="bbox 2017 2955 3674 3024">
     <span class='ocr_line' id='line_1_77' title="bbox 2017 2955 3674 3024; baseline 0 -13"><span class='ocrx_word' id='word_1_542' title='bbox 2017 2958 2220 3011; x_wconf 89' lang='lat' dir='ltr'>omnia</span> <span class='ocrx_word' id='word_1_543' title='bbox 2260 2956 2581 3009; x_wconf 77' lang='lat' dir='ltr'>simulacra</span> <span class='ocrx_word' id='word_1_544' title='bbox 2619 2955 2679 3008; x_wconf 91' lang='lat' dir='ltr'>in</span> <span class='ocrx_word' id='word_1_545' title='bbox 2710 2960 2997 3024; x_wconf 90' lang='lat' dir='ltr'>potestate</span> <span class='ocrx_word' id='word_1_546' title='bbox 3028 2961 3127 3007; x_wconf 89' lang='lat' dir='ltr'>tua</span> <span class='ocrx_word' id='word_1_547' title='bbox 3175 2961 3316 3009; x_wconf 92' lang='lat' dir='ltr'>sunt</span> <span class='ocrx_word' id='word_1_548' title='bbox 3347 2971 3359 3009; x_wconf 90' lang='lat'>:</span> <span class='ocrx_word' id='word_1_549' title='bbox 3420 2956 3510 3010; x_wconf 87' lang='lat' dir='ltr'>fac</span> <span class='ocrx_word' id='word_1_550' title='bbox 3562 2956 3674 3011; x_wconf 90' lang='lat' dir='ltr'>illis</span> 
     </span>
    </p>
   </div>
   <div class='ocr_carea' id='block_1_78' title="bbox 2016 3042 3672 3116">
    <p class='ocr_par' dir='ltr' id='par_1_78' title="bbox 2016 3042 3672 3116">
     <span class='ocr_line' id='line_1_78' title="bbox 2016 3042 3672 3116; baseline 0.001 -18"><span class='ocrx_word' id='word_1_551' title='bbox 2016 3044 2304 3116; x_wconf 89' lang='lat' dir='ltr'>quidquid</span> <span class='ocrx_word' id='word_1_552' title='bbox 2338 3043 2495 3097; x_wconf 88' lang='lat' dir='ltr'>libet.</span> <span class='ocrx_word' id='word_1_553' title='bbox 2544 3042 2647 3096; x_wconf 89' lang='lat' dir='ltr'>Cui</span> <span class='ocrx_word' id='word_1_554' title='bbox 2691 3044 3113 3112; x_wconf 89' lang='lat' dir='ltr'>Sempronius:</span> <span class='ocrx_word' id='word_1_555' title='bbox 3161 3045 3304 3111; x_wconf 78' lang='lat' dir='ltr'>Age,</span> <span class='ocrx_word' id='word_1_556' title='bbox 3351 3043 3672 3100; x_wconf 85' lang='lat' dir='ltr'>simulacra</span> 
     </span>
    </p>
   </div>
   <div class='ocr_carea' id='block_1_79' title="bbox 2016 3130 3674 3204">
    <p class='ocr_par' dir='ltr' id='par_1_79' title="bbox 2016 3130 3674 3204">
     <span class='ocr_line' id='line_1_79' title="bbox 2016 3130 3674 3204; baseline -0.001 -17"><span class='ocrx_word' id='word_1_557' title='bbox 2016 3135 2135 3188; x_wconf 92' lang='lat' dir='ltr'>ista</span> <span class='ocrx_word' id='word_1_558' title='bbox 2162 3132 2366 3188; x_wconf 89' lang='lat' dir='ltr'>omnia</span> <span class='ocrx_word' id='word_1_559' title='bbox 2399 3131 2677 3186; x_wconf 90' lang='lat' dir='ltr'>manibus</span> <span class='ocrx_word' id='word_1_560' title='bbox 2708 3130 2964 3201; x_wconf 87' lang='lat' dir='ltr'>propriis</span> <span class='ocrx_word' id='word_1_561' title='bbox 2996 3137 3253 3196; x_wconf 89' lang='lat' dir='ltr'>contere,</span> <span class='ocrx_word' id='word_1_562' title='bbox 3289 3147 3558 3204; x_wconf 87' lang='lat' dir='ltr'>auroque</span> <span class='ocrx_word' id='word_1_563' title='bbox 3616 3137 3674 3188; x_wconf 90' lang='lat' dir='ltr'>et</span> 
     </span>
    </p>
   </div>
   <div class='ocr_carea' id='block_1_80' title="bbox 2017 3220 3668 3292">
    <p class='ocr_par' dir='ltr' id='par_1_80' title="bbox 2017 3220 3668 3292">
     <span class='ocr_line' id='line_1_80' title="bbox 2017 3220 3668 3292; baseline -0.001 -15"><span class='ocrx_word' id='word_1_564' title='bbox 2017 3230 2283 3292; x_wconf 87' lang='lat' dir='ltr'>argento,</span> <span class='ocrx_word' id='word_1_565' title='bbox 2317 3237 2387 3276; x_wconf 87' lang='lat' dir='ltr'>ex</span> <span class='ocrx_word' id='word_1_566' title='bbox 2419 3221 2640 3291; x_wconf 91' lang='lat' dir='ltr'>quibus</span> <span class='ocrx_word' id='word_1_567' title='bbox 2695 3220 2963 3274; x_wconf 82' lang='lat' dir='ltr'>confecta</span> <span class='ocrx_word' id='word_1_568' title='bbox 2989 3227 3145 3284; x_wconf 89' lang='lat' dir='ltr'>sunt,</span> <span class='ocrx_word' id='word_1_569' title='bbox 3206 3224 3340 3290; x_wconf 88' lang='lat' dir='ltr'>igne</span> <span class='ocrx_word' id='word_1_570' title='bbox 3372 3221 3668 3287; x_wconf 88' lang='lat' dir='ltr'>conﬂatis,</span> 
     </span>
    </p>
   </div>
   <div class='ocr_carea' id='block_1_81' title="bbox 2017 3308 3677 3383">
    <p class='ocr_par' dir='ltr' id='par_1_81' title="bbox 2017 3308 3677 3383">
     <span class='ocr_line' id='line_1_81' title="bbox 2017 3308 3677 3383; baseline 0 -17"><span class='ocrx_word' id='word_1_571' title='bbox 2017 3327 2311 3383; x_wconf 90' lang='lat' dir='ltr'>pauperes</span> <span class='ocrx_word' id='word_1_572' title='bbox 2359 3324 2678 3378; x_wconf 89' lang='lat' dir='ltr'>congrega,</span> <span class='ocrx_word' id='word_1_573' title='bbox 2731 3317 2786 3363; x_wconf 92' lang='lat' dir='ltr'>et</span> <span class='ocrx_word' id='word_1_574' title='bbox 2833 3308 2945 3363; x_wconf 89' lang='lat' dir='ltr'>illis</span> <span class='ocrx_word' id='word_1_575' title='bbox 2983 3309 3113 3363; x_wconf 63' lang='lat' dir='ltr'>haec</span> <span class='ocrx_word' id='word_1_576' title='bbox 3167 3310 3466 3365; x_wconf 89' lang='lat' dir='ltr'>distribue.</span> <span class='ocrx_word' id='word_1_577' title='bbox 3523 3313 3677 3366; x_wconf 81' lang='lat' dir='ltr'>Fecit</span> 
     </span>
    </p>
   </div>
   <div class='ocr_carea' id='block_1_82' title="bbox 2016 3398 3673 3471">
    <p class='ocr_par' dir='ltr' id='par_1_82' title="bbox 2016 3398 3673 3471">
     <span class='ocr_line' id='line_1_82' title="bbox 2016 3398 3673 3471; baseline 0 -15"><span class='ocrx_word' id='word_1_578' title='bbox 2016 3401 2243 3463; x_wconf 89' lang='lat' dir='ltr'>omnia,</span> <span class='ocrx_word' id='word_1_579' title='bbox 2275 3416 2409 3471; x_wconf 66' lang='lat' dir='ltr'>quas</span> <span class='ocrx_word' id='word_1_580' title='bbox 2436 3400 2824 3468; x_wconf 86' lang='lat' dir='ltr'>Sempronius</span> <span class='ocrx_word' id='word_1_581' title='bbox 2858 3398 3106 3461; x_wconf 86' lang='lat' dir='ltr'>dixerat,</span> <span class='ocrx_word' id='word_1_582' title='bbox 3142 3400 3475 3470; x_wconf 85' lang='lat' dir='ltr'>Olympius,</span> <span class='ocrx_word' id='word_1_583' title='bbox 3526 3401 3673 3456; x_wconf 88' lang='lat' dir='ltr'>nihil</span> 
     </span>
    </p>
   </div>
   <div class='ocr_carea' id='block_1_83' title="bbox 2018 3486 3675 3561">
    <p class='ocr_par' dir='ltr' id='par_1_83' title="bbox 2018 3486 3675 3561">
     <span class='ocr_line' id='line_1_83' title="bbox 2018 3486 3675 3561; baseline 0.001 -17"><span class='ocrx_word' id='word_1_584' title='bbox 2018 3506 2261 3561; x_wconf 88' lang='lat' dir='ltr'>prorsus</span> <span class='ocrx_word' id='word_1_585' title='bbox 2289 3488 2590 3543; x_wconf 86' lang='lat' dir='ltr'>dubitans.</span> <span class='ocrx_word' id='word_1_586' title='bbox 2628 3486 2889 3557; x_wconf 71' lang='lat' dir='ltr'>Repente</span> <span class='ocrx_word' id='word_1_587' title='bbox 2917 3502 3056 3542; x_wconf 91' lang='lat' dir='ltr'>vero</span> <span class='ocrx_word' id='word_1_588' title='bbox 3089 3488 3295 3543; x_wconf 88' lang='lat' dir='ltr'>audita</span> <span class='ocrx_word' id='word_1_589' title='bbox 3342 3497 3428 3544; x_wconf 90' lang='lat' dir='ltr'>est</span> <span class='ocrx_word' id='word_1_590' title='bbox 3478 3506 3593 3545; x_wconf 90' lang='lat' dir='ltr'>vox</span> <span class='ocrx_word' id='word_1_591' title='bbox 3644 3507 3675 3546; x_wconf 91' lang='lat' dir='ltr'>e</span> 
     </span>
    </p>
   </div>
   <div class='ocr_carea' id='block_1_84' title="bbox 2017 3578 3673 3650">
    <p class='ocr_par' dir='ltr' id='par_1_84' title="bbox 2017 3578 3673 3650">
     <span class='ocr_line' id='line_1_84' title="bbox 2017 3578 3673 3650; baseline 0 -15"><span class='ocrx_word' id='word_1_592' title='bbox 2017 3580 2187 3643; x_wconf 81' lang='lat' dir='ltr'>ccelo,</span> <span class='ocrx_word' id='word_1_593' title='bbox 2222 3580 2458 3632; x_wconf 88' lang='lat' dir='ltr'>dicens:</span> <span class='ocrx_word' id='word_1_594' title='bbox 2485 3578 2547 3630; x_wconf 89' lang='lat' dir='ltr'>In</span> <span class='ocrx_word' id='word_1_595' title='bbox 2582 3583 2653 3640; x_wconf 91' lang='lat' dir='ltr'>te,</span> <span class='ocrx_word' id='word_1_596' title='bbox 2710 3578 3046 3647; x_wconf 89' lang='lat' dir='ltr'>Semproni,</span> <span class='ocrx_word' id='word_1_597' title='bbox 3108 3580 3399 3648; x_wconf 88' lang='lat' dir='ltr'>requievit</span> <span class='ocrx_word' id='word_1_598' title='bbox 3438 3579 3673 3650; x_wconf 90' lang='lat' dir='ltr'>spiritus</span> 
     </span>
    </p>
   </div>
   <div class='ocr_carea' id='block_1_85' title="bbox 2019 3664 3672 3737">
    <p class='ocr_par' dir='ltr' id='par_1_85' title="bbox 2019 3664 3672 3737">
     <span class='ocr_line' id='line_1_85' title="bbox 2019 3664 3672 3737; baseline 0.001 -15"><span class='ocrx_word' id='word_1_599' title='bbox 2019 3685 2206 3722; x_wconf 90' lang='lat' dir='ltr'>meus.</span> <span class='ocrx_word' id='word_1_600' title='bbox 2240 3667 2576 3722; x_wconf 77' lang='lat' dir='ltr'>Audierunt</span> <span class='ocrx_word' id='word_1_601' title='bbox 2607 3679 2814 3718; x_wconf 90' lang='lat' dir='ltr'>vocem</span> <span class='ocrx_word' id='word_1_602' title='bbox 2842 3664 3004 3719; x_wconf 83' lang='lat' dir='ltr'>illam</span> <span class='ocrx_word' id='word_1_603' title='bbox 3052 3665 3366 3735; x_wconf 90' lang='lat' dir='ltr'>Olympius</span> <span class='ocrx_word' id='word_1_604' title='bbox 3427 3672 3483 3721; x_wconf 91' lang='lat' dir='ltr'>et</span> <span class='ocrx_word' id='word_1_605' title='bbox 3542 3669 3672 3737; x_wconf 89' lang='lat' dir='ltr'>ejus</span> 
     </span>
    </p>
   </div>
   <div class='ocr_carea' id='block_1_86' title="bbox 2020 3753 3666 3827">
    <p class='ocr_par' dir='ltr' id='par_1_86' title="bbox 2020 3753 3666 3827">
     <span class='ocr_line' id='line_1_86' title="bbox 2020 3753 3666 3827; baseline 0 -16"><span class='ocrx_word' id='word_1_606' title='bbox 2020 3772 2185 3821; x_wconf 88' lang='lat' dir='ltr'>uxor,</span> <span class='ocrx_word' id='word_1_607' title='bbox 2229 3763 2282 3809; x_wconf 90' lang='lat' dir='ltr'>et</span> <span class='ocrx_word' id='word_1_608' title='bbox 2309 3754 2369 3808; x_wconf 90' lang='lat' dir='ltr'>in</span> <span class='ocrx_word' id='word_1_609' title='bbox 2398 3754 2517 3807; x_wconf 87' lang='lat' dir='ltr'>ﬁde</span> <span class='ocrx_word' id='word_1_610' title='bbox 2547 3753 2678 3823; x_wconf 91' lang='lat' dir='ltr'>ipsa</span> <span class='ocrx_word' id='word_1_611' title='bbox 2704 3753 2840 3807; x_wconf 87' lang='lat' dir='ltr'>facti</span> <span class='ocrx_word' id='word_1_612' title='bbox 2872 3762 3010 3807; x_wconf 90' lang='lat' dir='ltr'>sunt</span> <span class='ocrx_word' id='word_1_613' title='bbox 3036 3754 3345 3819; x_wconf 89' lang='lat' dir='ltr'>ﬁrmiores,</span> <span class='ocrx_word' id='word_1_614' title='bbox 3381 3756 3459 3810; x_wconf 92' lang='lat' dir='ltr'>ob</span> <span class='ocrx_word' id='word_1_615' title='bbox 3484 3756 3666 3827; x_wconf 90' lang='lat' dir='ltr'>idque</span> 
     </span>
    </p>
   </div>
   <div class='ocr_carea' id='block_1_87' title="bbox 2017 3842 3673 3916">
    <p class='ocr_par' dir='ltr' id='par_1_87' title="bbox 2017 3842 3673 3916">
     <span class='ocr_line' id='line_1_87' title="bbox 2017 3842 3673 3916; baseline -0.001 -15"><span class='ocrx_word' id='word_1_616' title='bbox 2017 3847 2092 3901; x_wconf 90' lang='lat' dir='ltr'>ad</span> <span class='ocrx_word' id='word_1_617' title='bbox 2114 3847 2372 3900; x_wconf 88' lang='lat' dir='ltr'>salutare</span> <span class='ocrx_word' id='word_1_618' title='bbox 2389 3843 2694 3913; x_wconf 88' lang='lat' dir='ltr'>baptisma</span> <span class='ocrx_word' id='word_1_619' title='bbox 2710 3842 3135 3913; x_wconf 88' lang='lat' dir='ltr'>promptiores.</span> <span class='ocrx_word' id='word_1_620' title='bbox 3157 3844 3362 3914; x_wconf 85' lang='lat' dir='ltr'>itaque</span> <span class='ocrx_word' id='word_1_621' title='bbox 3389 3846 3673 3916; x_wconf 90' lang='lat' dir='ltr'>Sempro-</span> 
     </span>
    </p>
   </div>
   <div class='ocr_carea' id='block_1_88' title="bbox 2017 3930 3677 4003">
    <p class='ocr_par' dir='ltr' id='par_1_88' title="bbox 2017 3930 3677 4003">
     <span class='ocr_line' id='line_1_88' title="bbox 2017 3930 3677 4003; baseline 0 -14"><span class='ocrx_word' id='word_1_622' title='bbox 2017 3937 2185 3989; x_wconf 90' lang='lat' dir='ltr'>nium</span> <span class='ocrx_word' id='word_1_623' title='bbox 2201 3932 2619 4003; x_wconf 88' lang='lat' dir='ltr'>precabantur,</span> <span class='ocrx_word' id='word_1_624' title='bbox 2646 3938 2909 4001; x_wconf 91' lang='lat' dir='ltr'>petentes</span> <span class='ocrx_word' id='word_1_625' title='bbox 2944 3930 3273 4002; x_wconf 84' lang='lat' dir='ltr'>utsigillum</span> <span class='ocrx_word' id='word_1_626' title='bbox 3293 3932 3504 3987; x_wconf 88' lang='lat' dir='ltr'>Christi</span> <span class='ocrx_word' id='word_1_627' title='bbox 3524 3935 3677 3989; x_wconf 87' lang='lat' dir='ltr'>acci-</span> 
     </span>
    </p>
   </div>
   <div class='ocr_carea' id='block_1_89' title="bbox 2020 4019 3675 4096">
    <p class='ocr_par' dir='ltr' id='par_1_89' title="bbox 2020 4019 3675 4096">
     <span class='ocr_line' id='line_1_89' title="bbox 2020 4019 3675 4096; baseline 0.001 -19"><span class='ocrx_word' id='word_1_628' title='bbox 2020 4029 2242 4096; x_wconf 91' lang='lat' dir='ltr'>perent,</span> <span class='ocrx_word' id='word_1_629' title='bbox 2259 4028 2315 4075; x_wconf 91' lang='lat' dir='ltr'>et</span> <span class='ocrx_word' id='word_1_630' title='bbox 2328 4036 2431 4091; x_wconf 90' lang='lat' dir='ltr'>per</span> <span class='ocrx_word' id='word_1_631' title='bbox 2445 4036 2667 4092; x_wconf 88' lang='lat' dir='ltr'>aquain</span> <span class='ocrx_word' id='word_1_632' title='bbox 2682 4036 2751 4075; x_wconf 91' lang='lat' dir='ltr'>ac</span> <span class='ocrx_word' id='word_1_633' title='bbox 2766 4019 3038 4090; x_wconf 90' lang='lat' dir='ltr'>Spiritum</span> <span class='ocrx_word' id='word_1_634' title='bbox 3054 4020 3254 4075; x_wconf 83' lang='lat' dir='ltr'>denuo</span> <span class='ocrx_word' id='word_1_635' title='bbox 3268 4028 3675 4079; x_wconf 86' lang='lat' dir='ltr'>nascerentur.</span> 
     </span>
    </p>
   </div>
   <div class='ocr_carea' id='block_1_90' title="bbox 2090 4108 3673 4179">
    <p class='ocr_par' dir='ltr' id='par_1_90' title="bbox 2090 4108 3673 4179">
     <span class='ocr_line' id='line_1_90' title="bbox 2090 4108 3673 4179; baseline 0.001 -13"><span class='ocrx_word' id='word_1_636' title='bbox 2090 4112 2189 4166; x_wconf 82' lang='lat' dir='ltr'>1X.</span> <span class='ocrx_word' id='word_1_637' title='bbox 2224 4110 2436 4165; x_wconf 89' lang='lat' dir='ltr'>Omnia</span> <span class='ocrx_word' id='word_1_638' title='bbox 2464 4108 2589 4163; x_wconf 56' lang='lat' dir='ltr'>haec</span> <span class='ocrx_word' id='word_1_639' title='bbox 2646 4111 3030 4179; x_wconf 87' lang='lat' dir='ltr'>Sempronius</span> <span class='ocrx_word' id='word_1_640' title='bbox 3094 4110 3367 4165; x_wconf 88' lang='lat' dir='ltr'>Nemesio</span> <span class='ocrx_word' id='word_1_641' title='bbox 3423 4110 3673 4169; x_wconf 91' lang='lat' dir='ltr'>domino</span> 
     </span>
    </p>
   </div>
   <div class='ocr_carea' id='block_1_91' title="bbox 2018 4196 3671 4270">
    <p class='ocr_par' dir='ltr' id='par_1_91' title="bbox 2018 4196 3671 4270">
     <span class='ocr_line' id='line_1_91' title="bbox 2018 4196 3671 4270; baseline -0.001 -14"><span class='ocrx_word' id='word_1_642' title='bbox 2018 4216 2128 4256; x_wconf 91' lang='lat' dir='ltr'>suo</span> <span class='ocrx_word' id='word_1_643' title='bbox 2168 4197 2379 4255; x_wconf 88' lang='lat' dir='ltr'>retulit.</span> <span class='ocrx_word' id='word_1_644' title='bbox 2412 4196 2554 4264; x_wconf 68' lang='lat' dir='ltr'>Quae</span> <span class='ocrx_word' id='word_1_645' title='bbox 2583 4213 2720 4251; x_wconf 90' lang='lat' dir='ltr'>cum</span> <span class='ocrx_word' id='word_1_646' title='bbox 2750 4198 3062 4252; x_wconf 89' lang='lat' dir='ltr'>Nemesius</span> <span class='ocrx_word' id='word_1_647' title='bbox 3093 4199 3438 4270; x_wconf 90' lang='lat' dir='ltr'>accepisset,</span> <span class='ocrx_word' id='word_1_648' title='bbox 3472 4201 3671 4256; x_wconf 86' lang='lat' dir='ltr'>celeri-</span> 
     </span>
    </p>
   </div>
   <div class='ocr_carea' id='block_1_92' title="bbox 2018 4288 3669 4360">
    <p class='ocr_par' dir='ltr' id='par_1_92' title="bbox 2018 4288 3669 4360">
     <span class='ocr_line' id='line_1_92' title="bbox 2018 4288 3669 4360; baseline 0.001 -15"><span class='ocrx_word' id='word_1_649' title='bbox 2018 4296 2104 4345; x_wconf 88' lang='lat' dir='ltr'>ter</span> <span class='ocrx_word' id='word_1_650' title='bbox 2134 4289 2281 4345; x_wconf 91' lang='lat' dir='ltr'>adiit</span> <span class='ocrx_word' id='word_1_651' title='bbox 2300 4289 2377 4344; x_wconf 89' lang='lat' dir='ltr'>ad</span> <span class='ocrx_word' id='word_1_652' title='bbox 2422 4288 2837 4343; x_wconf 87' lang='lat' dir='ltr'>beatissimum</span> <span class='ocrx_word' id='word_1_653' title='bbox 2885 4288 3229 4358; x_wconf 91' lang='lat' dir='ltr'>pontiﬁcem</span> <span class='ocrx_word' id='word_1_654' title='bbox 3272 4290 3669 4360; x_wconf 89' lang='lat' dir='ltr'>Stephanum,</span> 
     </span>
    </p>
   </div>
   <div class='ocr_carea' id='block_1_93' title="bbox 2018 4376 3667 4451">
    <p class='ocr_par' dir='ltr' id='par_1_93' title="bbox 2018 4376 3667 4451">
     <span class='ocr_line' id='line_1_93' title="bbox 2018 4376 3667 4451; baseline 0.002 -18"><span class='ocrx_word' id='word_1_655' title='bbox 2018 4381 2188 4451; x_wconf 88' lang='lat' dir='ltr'>eique</span> <span class='ocrx_word' id='word_1_656' title='bbox 2216 4393 2340 4432; x_wconf 90' lang='lat' dir='ltr'>rem</span> <span class='ocrx_word' id='word_1_657' title='bbox 2369 4392 2613 4431; x_wconf 90' lang='lat' dir='ltr'>omnem</span> <span class='ocrx_word' id='word_1_658' title='bbox 2645 4377 2931 4447; x_wconf 87' lang='lat' dir='ltr'>exposuit.</span> <span class='ocrx_word' id='word_1_659' title='bbox 2969 4376 3065 4431; x_wconf 88' lang='lat' dir='ltr'>Ille</span> <span class='ocrx_word' id='word_1_660' title='bbox 3099 4394 3237 4432; x_wconf 89' lang='lat' dir='ltr'>vero</span> <span class='ocrx_word' id='word_1_661' title='bbox 3278 4378 3505 4435; x_wconf 88' lang='lat' dir='ltr'>Christo</span> <span class='ocrx_word' id='word_1_662' title='bbox 3548 4383 3667 4436; x_wconf 91' lang='lat' dir='ltr'>Deo</span> 
     </span>
    </p>
   </div>
   <div class='ocr_carea' id='block_1_94' title="bbox 242 4457 3673 4544">
    <p class='ocr_par' dir='ltr' id='par_1_94' title="bbox 242 4457 3673 4544">
     <span class='ocr_line' id='line_1_94' title="bbox 242 4457 3673 4544; baseline -0.001 -17"><span class='ocrx_word' id='word_1_663' title='bbox 242 4488 458 4527; x_wconf 85' lang='lat' dir='ltr'>census</span> <span class='ocrx_word' id='word_1_664' title='bbox 494 4479 584 4526; x_wconf 88' lang='lat' dir='ltr'>est</span> <span class='ocrx_word' id='word_1_665' title='bbox 614 4473 939 4544; x_wconf 84' lang='lat' dir='ltr'>Olympius,</span> <span class='ocrx_word' id='word_1_666' title='bbox 974 4481 1029 4529; x_wconf 92' lang='lat' dir='ltr'>et</span> <span class='ocrx_word' id='word_1_667' title='bbox 1059 4475 1408 4530; x_wconf 85' lang='lat' dir='ltr'>satellitibus</span> <span class='ocrx_word' id='word_1_668' title='bbox 1428 4475 1576 4529; x_wconf 85' lang='lat' dir='ltr'>dixit</span> <span class='ocrx_word' id='word_1_669' title='bbox 1611 4474 1906 4529; x_wconf 87' lang='lat' dir='ltr'>:Proster-</span> <span class='ocrx_word' id='word_1_670' title='bbox 1939 4457 1982 4512; x_wconf 78' lang='grc' dir='ltr'>ί)</span> <span class='ocrx_word' id='word_1_671' title='bbox 2016 4476 2222 4523; x_wconf 89' lang='lat' dir='ltr'>nostro</span> <span class='ocrx_word' id='word_1_672' title='bbox 2250 4465 2501 4537; x_wconf 88' lang='lat' dir='ltr'>gloriam</span> <span class='ocrx_word' id='word_1_673' title='bbox 2531 4465 2712 4529; x_wconf 92' lang='lat' dir='ltr'>dedit,</span> <span class='ocrx_word' id='word_1_674' title='bbox 2749 4470 2801 4519; x_wconf 89' lang='lat' dir='ltr'>et</span> <span class='ocrx_word' id='word_1_675' title='bbox 2856 4468 3133 4535; x_wconf 89' lang='lat' dir='ltr'>proxima</span> <span class='ocrx_word' id='word_1_676' title='bbox 3184 4472 3357 4522; x_wconf 91' lang='lat' dir='ltr'>nocte</span> <span class='ocrx_word' id='word_1_677' title='bbox 3410 4467 3673 4540; x_wconf 87' lang='lat' dir='ltr'>Olympii</span> 
     </span>
    </p>
   </div>
   <div class='ocr_carea' id='block_1_95' title="bbox 244 4563 1904 4636">
    <p class='ocr_par' dir='ltr' id='par_1_95' title="bbox 244 4563 1904 4636">
     <span class='ocr_line' id='line_1_95' title="bbox 244 4563 1904 4636; baseline 0.002 -20"><span class='ocrx_word' id='word_1_678' title='bbox 244 4563 362 4617; x_wconf 89' lang='lat' dir='ltr'>nite</span> <span class='ocrx_word' id='word_1_679' title='bbox 393 4563 704 4617; x_wconf 92' lang='lat' dir='ltr'>hominem</span> <span class='ocrx_word' id='word_1_680' title='bbox 734 4565 940 4627; x_wconf 91' lang='lat' dir='ltr'>istum,</span> <span class='ocrx_word' id='word_1_681' title='bbox 996 4570 1051 4618; x_wconf 93' lang='lat' dir='ltr'>et</span> <span class='ocrx_word' id='word_1_682' title='bbox 1102 4564 1280 4633; x_wconf 90' lang='lat' dir='ltr'>virgis</span> <span class='ocrx_word' id='word_1_683' title='bbox 1331 4563 1636 4636; x_wconf 89' lang='lat' dir='ltr'>percutite.</span> <span class='ocrx_word' id='word_1_684' title='bbox 1689 4563 1904 4620; x_wconf 81' lang='lat' dir='ltr'>Afferte</span> 
     </span>
    </p>
   </div>
   <div class='ocr_carea' id='block_1_96' title="bbox 243 4652 1905 4725">
    <p class='ocr_par' dir='ltr' id='par_1_96' title="bbox 243 4652 1905 4725">
     <span class='ocr_line' id='line_1_96' title="bbox 243 4652 1905 4725; baseline 0.001 -20"><span class='ocrx_word' id='word_1_685' title='bbox 243 4658 381 4706; x_wconf 88' lang='lat' dir='ltr'>ante</span> <span class='ocrx_word' id='word_1_686' title='bbox 410 4652 582 4706; x_wconf 92' lang='lat' dir='ltr'>illum</span> <span class='ocrx_word' id='word_1_687' title='bbox 608 4652 789 4707; x_wconf 88' lang='lat' dir='ltr'>deum</span> <span class='ocrx_word' id='word_1_688' title='bbox 816 4655 1055 4707; x_wconf 78' lang='lat' dir='ltr'>Martem</span> <span class='ocrx_word' id='word_1_689' title='bbox 1073 4670 1141 4708; x_wconf 86' lang='lat' dir='ltr'>ac</span> <span class='ocrx_word' id='word_1_690' title='bbox 1177 4654 1491 4725; x_wconf 86' lang='lat' dir='ltr'>tripodem,</span> <span class='ocrx_word' id='word_1_691' title='bbox 1530 4660 1589 4709; x_wconf 91' lang='lat' dir='ltr'>ut</span> <span class='ocrx_word' id='word_1_692' title='bbox 1646 4655 1735 4709; x_wconf 90' lang='lat' dir='ltr'>vel</span> <span class='ocrx_word' id='word_1_693' title='bbox 1795 4654 1905 4708; x_wconf 88' lang='lat' dir='ltr'>diis</span> 
     </span>
    </p>
   </div>
   <div class='ocr_carea' id='block_1_97' title="bbox 244 4740 1907 4814">
    <p class='ocr_par' dir='ltr' id='par_1_97' title="bbox 244 4740 1907 4814">
     <span class='ocr_line' id='line_1_97' title="bbox 244 4740 1907 4814; baseline 0.003 -21"><span class='ocrx_word' id='word_1_694' title='bbox 244 4740 390 4810; x_wconf 86' lang='lat' dir='ltr'>ipsis</span> <span class='ocrx_word' id='word_1_695' title='bbox 417 4741 594 4795; x_wconf 89' lang='lat' dir='ltr'>thura</span> <span class='ocrx_word' id='word_1_696' title='bbox 624 4740 851 4801; x_wconf 82' lang='lat' dir='ltr'>offerat.</span> <span class='ocrx_word' id='word_1_697' title='bbox 887 4746 973 4796; x_wconf 87' lang='lat' dir='ltr'>vel</span> <span class='ocrx_word' id='word_1_698' title='bbox 1034 4746 1158 4797; x_wconf 90' lang='lat' dir='ltr'>sine</span> <span class='ocrx_word' id='word_1_699' title='bbox 1203 4745 1647 4797; x_wconf 89' lang='lat' dir='ltr'>intermissione</span> <span class='ocrx_word' id='word_1_700' title='bbox 1705 4742 1907 4814; x_wconf 88' lang='lat' dir='ltr'>aliqua</span> 
     </span>
    </p>
   </div>
   <div class='ocr_carea' id='block_1_98' title="bbox 246 4830 1903 4905">
    <p class='ocr_par' dir='ltr' id='par_1_98' title="bbox 246 4830 1903 4905">
     <span class='ocr_line' id='line_1_98' title="bbox 246 4830 1903 4905; baseline 0.002 -22"><span class='ocrx_word' id='word_1_701' title='bbox 246 4830 427 4899; x_wconf 86' lang='lat' dir='ltr'>virgis</span> <span class='ocrx_word' id='word_1_702' title='bbox 458 4832 839 4900; x_wconf 87' lang='lat' dir='ltr'>percutiatur.</span> <span class='ocrx_word' id='word_1_703' title='bbox 876 4832 1133 4886; x_wconf 82' lang='lat' dir='ltr'>Allatum</span> <span class='ocrx_word' id='word_1_704' title='bbox 1154 4833 1327 4902; x_wconf 87' lang='lat' dir='ltr'>igitur</span> <span class='ocrx_word' id='word_1_705' title='bbox 1359 4849 1606 4887; x_wconf 90' lang='lat' dir='ltr'>aureum</span> <span class='ocrx_word' id='word_1_706' title='bbox 1631 4831 1903 4905; x_wconf 66' lang='lat' dir='ltr'>[cereum]</span> 
     </span>
    </p>
   </div>
   <div class='ocr_carea' id='block_1_99' title="bbox 244 4918 1907 4992">
    <p class='ocr_par' dir='ltr' id='par_1_99' title="bbox 244 4918 1907 4992">
     <span class='ocr_line' id='line_1_99' title="bbox 244 4918 1907 4992; baseline 0.002 -21"><span class='ocrx_word' id='word_1_707' title='bbox 244 4918 441 4972; x_wconf 81' lang='lat' dir='ltr'>Martis</span> <span class='ocrx_word' id='word_1_708' title='bbox 465 4918 695 4973; x_wconf 90' lang='lat' dir='ltr'>idolum</span> <span class='ocrx_word' id='word_1_709' title='bbox 716 4936 836 4975; x_wconf 89' lang='lat' dir='ltr'>una</span> <span class='ocrx_word' id='word_1_710' title='bbox 866 4936 1002 4975; x_wconf 91' lang='lat' dir='ltr'>cum</span> <span class='ocrx_word' id='word_1_711' title='bbox 1026 4922 1274 4992; x_wconf 89' lang='lat' dir='ltr'>tripode,</span> <span class='ocrx_word' id='word_1_712' title='bbox 1306 4922 1363 4974; x_wconf 90' lang='lat' dir='ltr'>in</span> <span class='ocrx_word' id='word_1_713' title='bbox 1387 4932 1711 4992; x_wconf 89' lang='lat' dir='ltr'>conspectu</span> <span class='ocrx_word' id='word_1_714' title='bbox 1743 4924 1907 4977; x_wconf 92' lang='lat' dir='ltr'>Sem-</span> 
     </span>
    </p>
   </div>
   <div class='ocr_carea' id='block_1_100' title="bbox 246 5006 1905 5081">
    <p class='ocr_par' dir='ltr' id='par_1_100' title="bbox 246 5006 1905 5081">
     <span class='ocr_line' id='line_1_100' title="bbox 246 5006 1905 5081; baseline 0.003 -21"><span class='ocrx_word' id='word_1_715' title='bbox 246 5006 721 5078; x_wconf 82' lang='lat' dir='ltr'>proniilocatum</span> <span class='ocrx_word' id='word_1_716' title='bbox 742 5009 867 5065; x_wconf 86' lang='lat' dir='ltr'>fuit.</span> <span class='ocrx_word' id='word_1_717' title='bbox 891 5012 1059 5074; x_wconf 84' lang='lat' dir='ltr'>Quod</span> <span class='ocrx_word' id='word_1_718' title='bbox 1075 5028 1211 5065; x_wconf 90' lang='lat' dir='ltr'>cum</span> <span class='ocrx_word' id='word_1_719' title='bbox 1234 5012 1615 5081; x_wconf 87' lang='lat' dir='ltr'>Sempronius</span> <span class='ocrx_word' id='word_1_720' title='bbox 1634 5012 1905 5065; x_wconf 85' lang='lat' dir='ltr'>vidisset:</span> 
     </span>
    </p>
   </div>
   <div class='ocr_carea' id='block_1_101' title="bbox 245 5092 1910 5167">
    <p class='ocr_par' dir='ltr' id='par_1_101' title="bbox 245 5092 1910 5167">
     <span class='ocr_line' id='line_1_101' title="bbox 245 5092 1910 5167; baseline 0.003 -20"><span class='ocrx_word' id='word_1_721' title='bbox 245 5092 543 5161; x_wconf 84' lang='lat' dir='ltr'>Couterat,</span> <span class='ocrx_word' id='word_1_722' title='bbox 586 5096 800 5167; x_wconf 89' lang='lat' dir='ltr'>inquit,</span> <span class='ocrx_word' id='word_1_723' title='bbox 846 5105 899 5151; x_wconf 93' lang='lat' dir='ltr'>te</span> <span class='ocrx_word' id='word_1_724' title='bbox 932 5100 1218 5152; x_wconf 90' lang='lat' dir='ltr'>Dominus</span> <span class='ocrx_word' id='word_1_725' title='bbox 1245 5099 1414 5152; x_wconf 85' lang='lat' dir='ltr'>Jesus</span> <span class='ocrx_word' id='word_1_726' title='bbox 1447 5100 1710 5153; x_wconf 82' lang='lat' dir='ltr'>Christus</span> <span class='ocrx_word' id='word_1_727' title='bbox 1738 5098 1910 5152; x_wconf 76' lang='lat' dir='ltr'>Filius</span> 
     </span>
    </p>
   </div>
   <div class='ocr_carea' id='block_1_102' title="bbox 244 5184 1909 5259">
    <p class='ocr_par' dir='ltr' id='par_1_102' title="bbox 244 5184 1909 5259">
     <span class='ocr_line' id='line_1_102' title="bbox 244 5184 1909 5259; baseline 0.002 -22"><span class='ocrx_word' id='word_1_728' title='bbox 244 5185 344 5239; x_wconf 89' lang='lat' dir='ltr'>Dei</span> <span class='ocrx_word' id='word_1_729' title='bbox 384 5184 514 5238; x_wconf 89' lang='lat' dir='ltr'>vivi.</span> <span class='ocrx_word' id='word_1_730' title='bbox 559 5186 675 5239; x_wconf 83' lang='lat' dir='ltr'>Hoc</span> <span class='ocrx_word' id='word_1_731' title='bbox 701 5186 1277 5257; x_wconf 87' lang='lat' dir='ltr'>dixitSempronius,</span> <span class='ocrx_word' id='word_1_732' title='bbox 1303 5205 1372 5243; x_wconf 89' lang='lat' dir='ltr'>ac</span> <span class='ocrx_word' id='word_1_733' title='bbox 1392 5194 1632 5259; x_wconf 89' lang='lat' dir='ltr'>repente</span> <span class='ocrx_word' id='word_1_734' title='bbox 1682 5187 1909 5242; x_wconf 91' lang='lat' dir='ltr'>idolum</span> 
     </span>
    </p>
   </div>
   <div class='ocr_carea' id='block_1_103' title="bbox 241 5272 1905 5348">
    <p class='ocr_par' dir='ltr' id='par_1_103' title="bbox 241 5272 1905 5348">
     <span class='ocr_line' id='line_1_103' title="bbox 241 5272 1905 5348; baseline 0.003 -21"><span class='ocrx_word' id='word_1_735' title='bbox 241 5272 390 5343; x_wconf 53' lang='lat' dir='ltr'>illud</span> <span class='ocrx_word' id='word_1_736' title='bbox 412 5274 499 5327; x_wconf 90' lang='lat' dir='ltr'>sic</span> <span class='ocrx_word' id='word_1_737' title='bbox 522 5273 911 5345; x_wconf 88' lang='lat' dir='ltr'>liquefactum</span> <span class='ocrx_word' id='word_1_738' title='bbox 943 5282 1051 5343; x_wconf 89' lang='lat' dir='ltr'>est,</span> <span class='ocrx_word' id='word_1_739' title='bbox 1082 5280 1254 5348; x_wconf 88' lang='lat' dir='ltr'>quasi</span> <span class='ocrx_word' id='word_1_740' title='bbox 1287 5294 1422 5332; x_wconf 86' lang='lat' dir='ltr'>cera</span> <span class='ocrx_word' id='word_1_741' title='bbox 1452 5279 1585 5346; x_wconf 88' lang='lat' dir='ltr'>igne</span> <span class='ocrx_word' id='word_1_742' title='bbox 1640 5277 1905 5333; x_wconf 88' lang='lat' dir='ltr'>admoto.</span> 
     </span>
    </p>
   </div>
   <div class='ocr_carea' id='block_1_104' title="bbox 244 5362 1907 5438">
    <p class='ocr_par' dir='ltr' id='par_1_104' title="bbox 244 5362 1907 5438">
     <span class='ocr_line' id='line_1_104' title="bbox 244 5362 1907 5438; baseline 0.003 -21"><span class='ocrx_word' id='word_1_743' title='bbox 244 5362 419 5427; x_wconf 86' lang='lat' dir='ltr'>Quod</span> <span class='ocrx_word' id='word_1_744' title='bbox 441 5377 581 5418; x_wconf 91' lang='lat' dir='ltr'>cum</span> <span class='ocrx_word' id='word_1_745' title='bbox 614 5363 855 5419; x_wconf 89' lang='lat' dir='ltr'>vidisset</span> <span class='ocrx_word' id='word_1_746' title='bbox 911 5366 1242 5438; x_wconf 86' lang='lat' dir='ltr'>Olympius,</span> <span class='ocrx_word' id='word_1_747' title='bbox 1302 5372 1537 5438; x_wconf 90' lang='lat' dir='ltr'>stupore</span> <span class='ocrx_word' id='word_1_748' title='bbox 1598 5367 1907 5438; x_wconf 88' lang='lat' dir='ltr'>perculsus</span> 
     </span>
    </p>
   </div>
   <div class='ocr_carea' id='block_1_105' title="bbox 240 5451 1908 5528">
    <p class='ocr_par' dir='ltr' id='par_1_105' title="bbox 240 5451 1908 5528">
     <span class='ocr_line' id='line_1_105' title="bbox 240 5451 1908 5528; baseline 0.001 -19"><span class='ocrx_word' id='word_1_749' title='bbox 240 5451 577 5509; x_wconf 89' lang='lat' dir='ltr'>obmutuit:</span> <span class='ocrx_word' id='word_1_750' title='bbox 598 5467 724 5510; x_wconf 88' lang='lat' dir='ltr'>mox</span> <span class='ocrx_word' id='word_1_751' title='bbox 739 5469 875 5516; x_wconf 90' lang='lat' dir='ltr'>vero</span> <span class='ocrx_word' id='word_1_752' title='bbox 892 5454 1058 5511; x_wconf 90' lang='lat' dir='ltr'>domi</span> <span class='ocrx_word' id='word_1_753' title='bbox 1078 5472 1196 5512; x_wconf 72' lang='lat' dir='ltr'>sua:</span> <span class='ocrx_word' id='word_1_754' title='bbox 1216 5456 1383 5511; x_wconf 90' lang='lat' dir='ltr'>illum</span> <span class='ocrx_word' id='word_1_755' title='bbox 1406 5456 1691 5528; x_wconf 85' lang='lat' dir='ltr'>custodiri</span> <span class='ocrx_word' id='word_1_756' title='bbox 1702 5457 1723 5528; x_wconf 87' lang='lat' dir='ltr'>j</span> <span class='ocrx_word' id='word_1_757' title='bbox 1736 5456 1908 5524; x_wconf 85' lang='lat' dir='ltr'>ussit,</span> 
     </span>
    </p>
   </div>
   <div class='ocr_carea' id='block_1_106' title="bbox 242 5526 1908 5618">
    <p class='ocr_par' dir='ltr' id='par_1_106' title="bbox 242 5526 1908 5618">
     <span class='ocr_line' id='line_1_106' title="bbox 242 5526 1908 5618; baseline 0.002 -18"><span class='ocrx_word' id='word_1_758' title='bbox 242 5541 452 5600; x_wconf 90' lang='lat' dir='ltr'>dicens</span> <span class='ocrx_word' id='word_1_759' title='bbox 473 5542 628 5600; x_wconf 83' lang='lat' dir='ltr'>:Hac</span> <span class='ocrx_word' id='word_1_760' title='bbox 658 5550 828 5603; x_wconf 89' lang='lat' dir='ltr'>nocte</span> <span class='ocrx_word' id='word_1_761' title='bbox 854 5546 1060 5602; x_wconf 91' lang='lat' dir='ltr'>omnia</span> <span class='ocrx_word' id='word_1_762' title='bbox 1089 5551 1385 5604; x_wconf 90' lang='lat' dir='ltr'>tormenta</span> <span class='ocrx_word' id='word_1_763' title='bbox 1415 5547 1520 5604; x_wconf 90' lang='lat' dir='ltr'>tibi</span> <span class='ocrx_word' id='word_1_764' title='bbox 1559 5526 1826 5618; x_wconf 70' lang='lat' dir='ltr'>afferam,</span> <span class='ocrx_word' id='word_1_765' title='bbox 1852 5552 1908 5604; x_wconf 89' lang='lat' dir='ltr'>et</span> 
     </span>
    </p>
   </div>
   <div class='ocr_carea' id='block_1_107' title="bbox 2016 4554 3675 4627">
    <p class='ocr_par' dir='ltr' id='par_1_107' title="bbox 2016 4554 3675 4627">
     <span class='ocr_line' id='line_1_107' title="bbox 2016 4554 3675 4627; baseline 0.001 -15"><span class='ocrx_word' id='word_1_766' title='bbox 2016 4557 2266 4612; x_wconf 91' lang='lat' dir='ltr'>domum</span> <span class='ocrx_word' id='word_1_767' title='bbox 2289 4555 2451 4610; x_wconf 89' lang='lat' dir='ltr'>adiit.</span> <span class='ocrx_word' id='word_1_768' title='bbox 2476 4557 2604 4619; x_wconf 90' lang='lat' dir='ltr'>Quo</span> <span class='ocrx_word' id='word_1_769' title='bbox 2636 4555 2783 4618; x_wconf 91' lang='lat' dir='ltr'>viso,</span> <span class='ocrx_word' id='word_1_770' title='bbox 2806 4555 3006 4609; x_wconf 88' lang='lat' dir='ltr'>statim</span> <span class='ocrx_word' id='word_1_771' title='bbox 3021 4554 3332 4626; x_wconf 86' lang='lat' dir='ltr'>Olympius</span> <span class='ocrx_word' id='word_1_772' title='bbox 3358 4560 3675 4627; x_wconf 90' lang='lat' dir='ltr'>prostravit</span> 
     </span>
    </p>
   </div>
   <div class='ocr_carea' id='block_1_108' title="bbox 2018 4643 3672 4717">
    <p class='ocr_par' dir='ltr' id='par_1_108' title="bbox 2018 4643 3672 4717">
     <span class='ocr_line' id='line_1_108' title="bbox 2018 4643 3672 4717; baseline 0.002 -17"><span class='ocrx_word' id='word_1_773' title='bbox 2018 4662 2080 4700; x_wconf 92' lang='lat' dir='ltr'>se</span> <span class='ocrx_word' id='word_1_774' title='bbox 2101 4646 2167 4699; x_wconf 88' lang='lat' dir='ltr'>ad</span> <span class='ocrx_word' id='word_1_775' title='bbox 2195 4643 2483 4715; x_wconf 89' lang='lat' dir='ltr'>pontiﬁcis</span> <span class='ocrx_word' id='word_1_776' title='bbox 2515 4644 2698 4715; x_wconf 89' lang='lat' dir='ltr'>pedes</span> <span class='ocrx_word' id='word_1_777' title='bbox 2739 4659 2858 4699; x_wconf 89' lang='lat' dir='ltr'>una</span> <span class='ocrx_word' id='word_1_778' title='bbox 2883 4660 3021 4698; x_wconf 90' lang='lat' dir='ltr'>cum</span> <span class='ocrx_word' id='word_1_779' title='bbox 3044 4660 3225 4700; x_wconf 85' lang='lat' dir='ltr'>uxore</span> <span class='ocrx_word' id='word_1_780' title='bbox 3258 4646 3570 4717; x_wconf 87' lang='lat' dir='ltr'>Exnperia,</span> <span class='ocrx_word' id='word_1_781' title='bbox 3616 4653 3672 4703; x_wconf 90' lang='lat' dir='ltr'>et</span> 
     </span>
    </p>
   </div>
   <div class='ocr_carea' id='block_1_109' title="bbox 2016 4732 3674 4791">
    <p class='ocr_par' dir='ltr' id='par_1_109' title="bbox 2016 4732 3674 4791">
     <span class='ocr_line' id='line_1_109' title="bbox 2016 4732 3674 4791; baseline 0.001 -2"><span class='ocrx_word' id='word_1_782' title='bbox 2016 4736 2136 4789; x_wconf 88' lang='lat' dir='ltr'>ﬁlio</span> <span class='ocrx_word' id='word_1_783' title='bbox 2208 4732 2532 4788; x_wconf 90' lang='lat' dir='ltr'>Theodulo.</span> <span class='ocrx_word' id='word_1_784' title='bbox 2597 4734 2786 4787; x_wconf 87' lang='lat' dir='ltr'>Erexit</span> <span class='ocrx_word' id='word_1_785' title='bbox 2842 4739 3044 4788; x_wconf 91' lang='lat' dir='ltr'>autem</span> <span class='ocrx_word' id='word_1_786' title='bbox 3083 4732 3215 4789; x_wconf 88' lang='lat' dir='ltr'>illos</span> <span class='ocrx_word' id='word_1_787' title='bbox 3261 4738 3674 4791; x_wconf 90' lang='lat' dir='ltr'>sanctissimus</span> 
     </span>
    </p>
   </div>
   <div class='ocr_carea' id='block_1_110' title="bbox 2017 4821 3673 4895">
    <p class='ocr_par' dir='ltr' id='par_1_110' title="bbox 2017 4821 3673 4895">
     <span class='ocr_line' id='line_1_110' title="bbox 2017 4821 3673 4895; baseline 0.001 -16"><span class='ocrx_word' id='word_1_788' title='bbox 2017 4824 2299 4895; x_wconf 85' lang='lat' dir='ltr'>pontifex,</span> <span class='ocrx_word' id='word_1_789' title='bbox 2337 4829 2515 4893; x_wconf 87' lang='lat' dir='ltr'>atque</span> <span class='ocrx_word' id='word_1_790' title='bbox 2554 4821 2955 4891; x_wconf 87' lang='lat' dir='ltr'>interrogavit,</span> <span class='ocrx_word' id='word_1_791' title='bbox 2996 4839 3073 4878; x_wconf 91' lang='lat' dir='ltr'>an</span> <span class='ocrx_word' id='word_1_792' title='bbox 3101 4831 3406 4879; x_wconf 88' lang='lat' dir='ltr'>crederent</span> <span class='ocrx_word' id='word_1_793' title='bbox 3449 4827 3511 4879; x_wconf 90' lang='lat' dir='ltr'>in</span> <span class='ocrx_word' id='word_1_794' title='bbox 3566 4830 3673 4881; x_wconf 85' lang='lat' dir='ltr'>Do-</span> 
     </span>
    </p>
   </div>
   <div class='ocr_carea' id='block_1_111' title="bbox 2016 4913 3676 4972">
    <p class='ocr_par' dir='ltr' id='par_1_111' title="bbox 2016 4913 3676 4972">
     <span class='ocr_line' id='line_1_111' title="bbox 2016 4913 3676 4972; baseline 0.001 -2"><span class='ocrx_word' id='word_1_795' title='bbox 2016 4917 2250 4971; x_wconf 89' lang='lat' dir='ltr'>minum</span> <span class='ocrx_word' id='word_1_796' title='bbox 2278 4921 2545 4969; x_wconf 89' lang='lat' dir='ltr'>nostrum</span> <span class='ocrx_word' id='word_1_797' title='bbox 2574 4913 2778 4968; x_wconf 87' lang='lat' dir='ltr'>Jesum</span> <span class='ocrx_word' id='word_1_798' title='bbox 2812 4914 3126 4969; x_wconf 82' lang='lat' dir='ltr'>Christum.</span> <span class='ocrx_word' id='word_1_799' title='bbox 3159 4913 3262 4969; x_wconf 89' lang='lat' dir='ltr'>Cui</span> <span class='ocrx_word' id='word_1_800' title='bbox 3284 4931 3495 4971; x_wconf 91' lang='lat' dir='ltr'>omnes</span> <span class='ocrx_word' id='word_1_801' title='bbox 3540 4933 3676 4972; x_wconf 91' lang='lat' dir='ltr'>con-</span> 
     </span>
    </p>
   </div>
   <div class='ocr_carea' id='block_1_112' title="bbox 2017 5003 3675 5073">
    <p class='ocr_par' dir='ltr' id='par_1_112' title="bbox 2017 5003 3675 5073">
     <span class='ocr_line' id='line_1_112' title="bbox 2017 5003 3675 5073; baseline 0.002 -13"><span class='ocrx_word' id='word_1_802' title='bbox 2017 5005 2182 5060; x_wconf 91' lang='lat' dir='ltr'>cordi</span> <span class='ocrx_word' id='word_1_803' title='bbox 2212 5004 2416 5059; x_wconf 90' lang='lat' dir='ltr'>animo</span> <span class='ocrx_word' id='word_1_804' title='bbox 2455 5003 2896 5073; x_wconf 89' lang='lat' dir='ltr'>responderunt</span> <span class='ocrx_word' id='word_1_805' title='bbox 2928 5020 2940 5057; x_wconf 93' lang='lat'><strong>:</strong></span> <span class='ocrx_word' id='word_1_806' title='bbox 2985 5005 3312 5071; x_wconf 87' lang='lat' dir='ltr'>Credimus,</span> <span class='ocrx_word' id='word_1_807' title='bbox 3340 5006 3512 5060; x_wconf 78' lang='lat' dir='ltr'>Pater</span> <span class='ocrx_word' id='word_1_808' title='bbox 3540 5023 3675 5063; x_wconf 87' lang='lat' dir='ltr'>san-</span> 
     </span>
    </p>
   </div>
   <div class='ocr_carea' id='block_1_113' title="bbox 2017 5091 3666 5164">
    <p class='ocr_par' dir='ltr' id='par_1_113' title="bbox 2017 5091 3666 5164">
     <span class='ocr_line' id='line_1_113' title="bbox 2017 5091 3666 5164; baseline 0.001 -15"><span class='ocrx_word' id='word_1_809' title='bbox 2017 5095 2294 5159; x_wconf 89' lang='lat' dir='ltr'>ctissime,</span> <span class='ocrx_word' id='word_1_810' title='bbox 2325 5093 2384 5146; x_wconf 89' lang='lat' dir='ltr'>in</span> <span class='ocrx_word' id='word_1_811' title='bbox 2402 5096 2651 5156; x_wconf 87' lang='lat' dir='ltr'>Patrem,</span> <span class='ocrx_word' id='word_1_812' title='bbox 2678 5091 2974 5156; x_wconf 84' lang='lat' dir='ltr'>etFilium,</span> <span class='ocrx_word' id='word_1_813' title='bbox 2994 5098 3051 5147; x_wconf 87' lang='lat' dir='ltr'>et</span> <span class='ocrx_word' id='word_1_814' title='bbox 3071 5094 3355 5164; x_wconf 89' lang='lat' dir='ltr'>Spiritum</span> <span class='ocrx_word' id='word_1_815' title='bbox 3370 5102 3666 5151; x_wconf 85' lang='lat' dir='ltr'>sanctum.</span> 
     </span>
    </p>
   </div>
   <div class='ocr_carea' id='block_1_114' title="bbox 2018 5182 3668 5253">
    <p class='ocr_par' dir='ltr' id='par_1_114' title="bbox 2018 5182 3668 5253">
     <span class='ocr_line' id='line_1_114' title="bbox 2018 5182 3668 5253; baseline 0.002 -15"><span class='ocrx_word' id='word_1_816' title='bbox 2018 5184 2179 5238; x_wconf 90' lang='lat' dir='ltr'>Tunc</span> <span class='ocrx_word' id='word_1_817' title='bbox 2214 5182 2473 5253; x_wconf 82' lang='lat' dir='ltr'>pontifex</span> <span class='ocrx_word' id='word_1_818' title='bbox 2506 5197 2607 5235; x_wconf 90' lang='lat' dir='ltr'>eos</span> <span class='ocrx_word' id='word_1_819' title='bbox 2638 5183 2959 5251; x_wconf 83' lang='lat' dir='ltr'>baptizavit</span> <span class='ocrx_word' id='word_1_820' title='bbox 3010 5185 3071 5236; x_wconf 91' lang='lat' dir='ltr'>in</span> <span class='ocrx_word' id='word_1_821' title='bbox 3131 5187 3373 5239; x_wconf 90' lang='lat' dir='ltr'>nomine</span> <span class='ocrx_word' id='word_1_822' title='bbox 3427 5194 3668 5253; x_wconf 71' lang='lat' dir='ltr'>sanctae,</span> 
     </span>
    </p>
   </div>
   <div class='ocr_carea' id='block_1_115' title="bbox 2017 5269 3670 5343">
    <p class='ocr_par' dir='ltr' id='par_1_115' title="bbox 2017 5269 3670 5343">
     <span class='ocr_line' id='line_1_115' title="bbox 2017 5269 3670 5343; baseline 0.002 -16"><span class='ocrx_word' id='word_1_823' title='bbox 2017 5269 2539 5327; x_wconf 89' lang='lat' dir='ltr'>consubstantialis</span> <span class='ocrx_word' id='word_1_824' title='bbox 2579 5278 2635 5325; x_wconf 90' lang='lat' dir='ltr'>et</span> <span class='ocrx_word' id='word_1_825' title='bbox 2691 5270 3015 5326; x_wconf 54' lang='lat' dir='ltr'>individua;</span> <span class='ocrx_word' id='word_1_826' title='bbox 3066 5278 3244 5343; x_wconf 88' lang='lat' dir='ltr'>atque</span> <span class='ocrx_word' id='word_1_827' title='bbox 3320 5273 3670 5332; x_wconf 88' lang='lat' dir='ltr'>viviﬁcantis</span> 
     </span>
    </p>
   </div>
   <div class='ocr_carea' id='block_1_116' title="bbox 2016 5360 3672 5438">
    <p class='ocr_par' dir='ltr' id='par_1_116' title="bbox 2016 5360 3672 5438">
     <span class='ocr_line' id='line_1_116' title="bbox 2016 5360 3672 5438; baseline 0.005 -23"><span class='ocrx_word' id='word_1_828' title='bbox 2016 5362 2329 5417; x_wconf 88' lang='lat' dir='ltr'>Trinitatis.</span> <span class='ocrx_word' id='word_1_829' title='bbox 2389 5360 2784 5415; x_wconf 89' lang='lat' dir='ltr'>Ostendernnt</span> <span class='ocrx_word' id='word_1_830' title='bbox 2814 5366 3014 5415; x_wconf 89' lang='lat' dir='ltr'>autem</span> <span class='ocrx_word' id='word_1_831' title='bbox 3046 5360 3125 5415; x_wconf 91' lang='lat' dir='ltr'>illi</span> <span class='ocrx_word' id='word_1_832' title='bbox 3162 5366 3219 5417; x_wconf 92' lang='lat' dir='ltr'>et</span> <span class='ocrx_word' id='word_1_833' title='bbox 3284 5362 3467 5430; x_wconf 89' lang='lat' dir='ltr'>idola,</span> <span class='ocrx_word' id='word_1_834' title='bbox 3536 5382 3672 5438; x_wconf 74' lang='lat' dir='ltr'>quae</span> 
     </span>
    </p>
   </div>
   <div class='ocr_carea' id='block_1_117' title="bbox 2014 5448 3674 5525">
    <p class='ocr_par' dir='ltr' id='par_1_117' title="bbox 2014 5448 3674 5525">
     <span class='ocr_line' id='line_1_117' title="bbox 2014 5448 3674 5525; baseline 0.004 -18"><span class='ocrx_word' id='word_1_835' title='bbox 2014 5451 2272 5525; x_wconf 88' lang='lat' dir='ltr'>propriis</span> <span class='ocrx_word' id='word_1_836' title='bbox 2287 5448 2570 5506; x_wconf 88' lang='lat' dir='ltr'>manibus</span> <span class='ocrx_word' id='word_1_837' title='bbox 2593 5448 3092 5507; x_wconf 88' lang='lat' dir='ltr'>comminuerant.</span> <span class='ocrx_word' id='word_1_838' title='bbox 3113 5452 3241 5517; x_wconf 83' lang='lat' dir='ltr'>Qua</span> <span class='ocrx_word' id='word_1_839' title='bbox 3251 5452 3326 5509; x_wconf 88' lang='lat' dir='ltr'>de</span> <span class='ocrx_word' id='word_1_840' title='bbox 3346 5468 3410 5510; x_wconf 90' lang='lat' dir='ltr'>re</span> <span class='ocrx_word' id='word_1_841' title='bbox 3424 5458 3674 5513; x_wconf 78' lang='lat' dir='ltr'>sanctis-</span> 
     </span>
    </p>
   </div>
   <div class='ocr_carea' id='block_1_118' title="bbox 2015 5538 3669 5617">
    <p class='ocr_par' dir='ltr' id='par_1_118' title="bbox 2015 5538 3669 5617">
     <span class='ocr_line' id='line_1_118' title="bbox 2015 5538 3669 5617; baseline 0.004 -18"><span class='ocrx_word' id='word_1_842' title='bbox 2015 5543 2206 5600; x_wconf 89' lang='lat' dir='ltr'>simus</span> <span class='ocrx_word' id='word_1_843' title='bbox 2228 5538 2496 5615; x_wconf 85' lang='lat' dir='ltr'>pontifex</span> <span class='ocrx_word' id='word_1_844' title='bbox 2535 5540 2759 5613; x_wconf 86' lang='lat' dir='ltr'>gratias</span> <span class='ocrx_word' id='word_1_845' title='bbox 2786 5540 2902 5611; x_wconf 86' lang='lat' dir='ltr'>egit</span> <span class='ocrx_word' id='word_1_846' title='bbox 2928 5542 3062 5610; x_wconf 88' lang='lat' dir='ltr'>Deo,</span> <span class='ocrx_word' id='word_1_847' title='bbox 3106 5546 3163 5599; x_wconf 90' lang='lat' dir='ltr'>et</span> <span class='ocrx_word' id='word_1_848' title='bbox 3204 5561 3311 5617; x_wconf 87' lang='lat' dir='ltr'>pro</span> <span class='ocrx_word' id='word_1_849' title='bbox 3343 5544 3457 5602; x_wconf 87' lang='lat' dir='ltr'>illis</span> <span class='ocrx_word' id='word_1_850' title='bbox 3490 5550 3669 5607; x_wconf 79' lang='lat' dir='ltr'>sacri-</span> 
     </span>
    </p>
   </div>
  </div>
