4034 6206
478 210 585 271 549
1832 214 2095 303 MpNSis
2134 210 2535 302 AUGtTSTUS.
3784 218 3885 275 520

473 340 678 395 ﬁcium
711 338 926 394 obtulit
951 337 1213 410 benigno
1262 345 1317 396 et
1369 342 1576 399 salutis
1627 350 1844 400 nostrae
1899 342 2127 399 auctori
2166 342 2207 394 Α
2244 358 2375 397 rum
2409 344 2686 414 reliquias
2716 345 3029 415 diligenter
3059 339 3343 413 inquiras.
3386 340 3534 394 Cum
3573 340 3683 396 hoc
3727 360 3884 399 man-

475 426 730 482 Domino
758 427 895 482 Jesu
947 428 1174 483 Christo
1203 446 1216 494 ;
1260 445 1482 501 eosque
1542 438 1757 488 sanctae
1811 430 2131 487 oblationis
2242 430 2447 487 datum
2472 432 3188 505 accepissetTertullinus,
3222 434 3354 500 post
3380 428 3535 483 duos
3561 429 3686 484 dies
3706 448 3880 503 quam

474 517 1184 588 participesfecit.ltaque
1202 520 1657 577 totailladomus
1672 522 1892 591 gaudio
1909 534 2132 589 magno
2243 521 2555 592 presbyter
2584 525 2892 578 ordinatus
2914 528 3024 587 est,
3061 537 3096 575 a
3128 520 3324 574 Marco
3358 517 3597 573 tribuno
3630 536 3889 592 compre-

482 612 537 660 et
563 606 852 675 hilaritate
880 606 1103 676 repleta
1125 611 1233 660 est.
2244 608 2483 673 hensus,
2503 612 2580 665 ad
2629 611 3005 665 Valerianum
3057 608 3312 662 ducitur.
3338 607 3438 660 Cui
3484 605 3826 663 Valerianus
3872 628 3882 664 :

554 696 627 747 X.
661 696 882 749 Tertius
945 694 1070 748 dies
1126 696 1505 766 praeterierat,
1576 714 1713 753 cum
1780 698 2130 753 Valerianus
2241 702 2382 766 Age,
2409 698 2621 771 inquit.
2647 701 2877 755 domini
2915 698 2994 753 tui
3019 698 3303 768 pecunias
3328 696 3444 750 huc
3471 696 3619 750 affer
3652 713 3665 761 ;
3698 714 3882 766 secus,

482 790 535 839 et
594 783 894 839 Gallienus
949 784 1337 853 imperatores
1390 786 1563 841 valde
1609 787 1775 858 impii
1842 789 1968 842 haec
2025 802 2133 840 au—
2243 785 2630 843 interficieris.
2664 790 2750 843 Ad
2784 790 2910 843 haec
2936 786 3289 843 Tertullinus
3328 783 3683 855 respondit:
3715 788 3765 841 Si
3796 803 3886 859 pe—

480 873 734 937 dierunt,
763 874 865 944 qui
896 873 1091 926 furore
1120 876 1377 938 accensi,
1426 876 1735 945 jusserunt
1793 875 2130 931 Nemesium
2242 876 2689 932 cuniasdomini
2711 880 2821 932 mei
2843 883 2975 933 ettu
2990 876 3207 930 habere
3230 874 3702 944 cupigaaternain
3719 877 3880 930 vitam

479 968 532 1017 et
562 962 689 1031 ejus
720 961 902 1015 filiam
959 961 1257 1031 Lucillam,
1319 964 1538 1019 indicta
1586 981 1790 1027 causa,
1848 966 2126 1034 torqueri.

480 1050 591 1105 Sed
624 1067 760 1105 cum
788 1050 962 1103 nullis
993 1051 1296 1105 tormentis
1326 1052 1399 1105 de
1427 1055 1717 1107 sententia
1750 1054 1970 1108 moveri
1994 1067 2129 1123 pos-

477 1145 624 1203 sent,
649 1138 778 1193 illos
803 1140 1148 1194 obtruncari
1178 1141 1495 1207 jusserunt.
1531 1144 1595 1196 Et
1624 1142 1767 1212 quia
1810 1142 2127 1212 cupiebant

476 1227 713 1282 Lucillae
744 1230 889 1298 patri
930 1229 1306 1300 persuadere,
1356 1238 1415 1283 ut
1454 1233 1806 1285 sententiam
1850 1235 2125 1292 mutaret,

473 1323 883 1389 praeceperunt
925 1317 1207 1371 Lucillain
1240 1319 1402 1388 prius
1428 1319 1785 1373 obtruncari.
1819 1321 1963 1373 Cum
1989 1334 2125 1372 vero

476 1413 530 1459 et
562 1407 814 1460 Nemesti
838 1408 1211 1477 propositum
1237 1408 1437 1461 stabile
1472 1414 1647 1479 atque
1684 1408 1996 1462 immobile
2028 1422 2125 1460 co-

480 1495 846 1565 gnovissent,
870 1494 1034 1548 illum
1061 1496 1236 1550 etiam
1261 1497 1448 1549 securi
1482 1498 1704 1565 percuti
1730 1501 2041 1565 jusserunt
2068 1498 2126 1549 in

474 1583 737 1646 locoillo,
764 1585 866 1654 qui
894 1585 1145 1638 estinter
1171 1584 1323 1637 duas
1344 1584 1740 1655 vias,Appiain
1768 1592 1821 1639 et
1843 1584 2125 1647 Latinam,

2238 967 2481 1036 assequi
2511 968 2729 1036 poteris
2759 983 2934 1025 :nam
2956 965 3050 1019 ille
3079 980 3185 1035 pro
3216 962 3447 1017 Christo
3470 961 3753 1027 moriens,
3774 967 3881 1021 Deo

2240 1052 2354 1123 ipsi
2382 1054 2692 1110 facultates
2720 1072 2858 1110 suas
2876 1055 3107 1119 obtulit,
3143 1053 3203 1106 in
3232 1052 3426 1105 futuro
3458 1050 3560 1105 illo
3615 1067 3739 1107 aevo
3783 1070 3877 1109 eas

2238 1149 2604 1213 recepturus.
2636 1144 2691 1200 Si
2731 1159 2871 1215 ergo
2894 1149 2950 1197 et
2990 1149 3047 1197 tu
3080 1158 3212 1196 vere
3244 1140 3297 1194 in
3328 1140 3518 1194 Deum
3559 1140 3883 1204 credideris,

2241 1238 2528 1302 mutaque
2546 1249 2615 1287 ac
2636 1249 2851 1287 sensus
2877 1231 3137 1303 expertia
3153 1230 3314 1284 idola
3328 1236 3669 1284 exsecratus
3693 1230 3883 1295 fueris,

2240 1320 2578 1375 misericors
2609 1329 2665 1377 et
2695 1322 2959 1376 clemens
2996 1324 3147 1375 Deus
3180 1325 3235 1373 te
3262 1318 3677 1391 paenitentiam
3719 1335 3887 1388 agen-

2242 1414 2356 1463 tem
2412 1411 2821 1481 amplectetur.
2888 1410 3051 1464 Tunc
3112 1408 3262 1463 dixit
3316 1406 3705 1461 Valerianus:
3750 1411 3885 1479 Ergo

2239 1496 2465 1553 domini
2500 1500 2578 1553 tui
2610 1500 2878 1569 pecuniae
2904 1506 3190 1553 aeternam
3224 1496 3407 1551 vitam
3457 1496 3539 1550 illi
3599 1496 3888 1552 aﬁerunt?

2239 1588 2501 1655 Maxime,
2538 1587 2731 1659 inquit
2760 1587 3134 1651 Tertullinus,
3182 1593 3236 1640 et
3295 1600 3417 1639 non
3476 1586 3673 1639 solum
3731 1593 3885 1641 aeter-

479 1688 602 1727 non
629 1672 805 1743 longe
859 1674 936 1726 ab
992 1674 1131 1726 urbe
1178 1673 1383 1727 Roma.
1443 1676 1684 1727 Postera
1722 1675 1815 1727 die
1871 1673 2128 1726 nefarius
2164 1695 2205 1749 B
2239 1690 2379 1729 nam
2402 1676 2607 1739 vitam,
2658 1677 2762 1731 sed
2803 1682 3159 1747 perpetuum
3192 1673 3368 1729 etiam
3412 1688 3666 1741 regnum
3709 1678 3887 1729 conci-

478 1761 822 1815 Valerianus
838 1762 1016 1831 jussit
1040 1762 1725 1833 Seinpronium,publice
1744 1760 2124 1824 audiendum,

2235 1765 2400 1821 liant.

2313 1854 2443 1907 Xltl.
2481 1853 2578 1908 His
2609 1854 2847 1919 auditis,
2882 1851 3226 1909 Valerianus
3258 1852 3335 1907 ad
3390 1867 3495 1906 eos
3560 1867 3878 1907 sermonem

2239 1942 2521 2011 dirigens,
2554 1946 2650 2014 qui
2676 1945 2923 1998 aderant
2958 1961 2969 1995 :
3006 1942 3241 2005 Delirat,
3270 1942 3481 2010 inquit,
3547 1940 3880 1995 Tertullinus

2239 2032 2367 2086 iste.
2398 2031 2808 2087 Prosternatur
2832 2032 3011 2102 igitur
3041 2031 3101 2085 in
3133 2036 3373 2093 terram,
3396 2036 3453 2083 et
3486 2030 3683 2083 multis
3717 2030 3878 2097 virgis

2241 2120 2621 2191 percutiatur.
2656 2122 2861 2192 Itaque
2901 2136 3034 2174 cum
3070 2120 3127 2172 Β.
3162 2118 3522 2172 Tertullinus
3557 2118 3678 2171 sine
3726 2132 3882 2171 mise-

2242 2208 2500 2264 ricordia
2518 2211 3098 2274 verberaretur,voce
3122 2222 3346 2276 magna
3370 2207 3637 2261 dicebat:
3671 2206 3879 2260 Gratias

2243 2312 2358 2365 ago
2378 2297 2500 2362 tibi,
2530 2298 2771 2353 Domine
2799 2298 2938 2352 Jesu
2980 2296 3227 2359 Christe,
3264 2296 3430 2367 quod
3463 2311 3583 2350 non
3612 2293 3880 2362 disjunxi-

2246 2385 2313 2440 sti
2358 2402 2451 2440 me
2483 2403 2518 2440 a
2542 2387 2790 2441 domino
2816 2402 2950 2441 meo
2980 2392 3036 2440 et
3068 2400 3238 2439 servo
3263 2392 3364 2439 tuo
3399 2385 3692 2456 Olympio,
3716 2385 3809 2454 qui
3835 2388 3884 2436 et

2244 2492 2338 2529 me
2370 2478 2682 2530 antecessit
2714 2476 2998 2547 martyrio
3030 2474 3289 2529 functus.
3325 2474 3475 2527 Cum
3523 2474 3719 2543 itaque
3751 2472 3883 2525 inter

2243 2564 2488 2618 verbera
2507 2570 2559 2619 et
2584 2566 2791 2634 plagas
2815 2566 2926 2619 hoc
2942 2564 3182 2628 diceret,
3210 2562 3393 2632 jussit
3426 2563 3746 2633 imperator
3770 2561 3881 2630 ejus

2242 2652 2526 2707 lateribus
2557 2653 2757 2722 ignem
2788 2653 3019 2723 subjici.
3073 2653 3172 2706 Cui
3236 2651 3446 2705 nefarii
3494 2657 3669 2721 atque
3729 2647 3878 2719 impii

2243 2741 2515 2796 homines
2528 2741 2641 2797 hoc
2655 2758 2813 2813 saepe
2830 2742 3209 2796 inculcabant
3228 2757 3240 2794 :
3258 2740 3579 2795 Tertulliue
3598 2739 3875 2807 sacrilege,

478 1851 620 1905 sisti.
657 1850 967 1905 Cuidixit:
1014 1852 1204 1914 Quare
1236 1865 1360 1907 non
1429 1851 1687 1905 consulis
1727 1850 1827 1905 tibi
1882 1851 2013 1921 ipsi,
2073 1856 2130 1903 et

472 1938 584 1993 diis
614 1945 668 1993 te
694 1940 956 2007 subjicis,
990 1955 1093 2009 per
1122 1955 1275 2009 quos
1329 1940 1605 1993 universa
1635 1945 1845 1994 natura
1906 1939 2130 2007 regitur

476 2028 947 2097 etgubernatur?
963 2028 1226 2083 Christus
1245 2044 1338 2081 me
1358 2030 1505 2096 regit
1522 2035 1576 2083 et
1595 2029 1908 2097 gubernat,
1937 2029 2130 2098 inquit

477 2116 998 2187 Sempronius,qui
1016 2126 1071 2169 et
1092 2116 1248 2169 hanc
1272 2116 1625 2171 sententiam
1645 2117 1787 2171 mihi
1810 2115 2130 2171 conﬁrma-

475 2206 576 2260 vit.
609 2209 767 2260 Tunc
794 2207 975 2276 jussit
1009 2206 1352 2261 Valerianus
1386 2208 1807 2277 Sempronium
1843 2208 1900 2261 in
1930 2208 2129 2277 ignem

478 2294 707 2365 conjici.
734 2296 941 2349 Milites
974 2294 1154 2363 igitur
1193 2311 1330 2349 cum
1354 2294 1550 2363 ignem
1609 2296 1867 2349 multum
1920 2311 2131 2350 accen-

476 2384 721 2447 dissent,
749 2390 1024 2439 sanctum
1046 2383 1209 2437 illum
1238 2384 1427 2437 virum
1456 2386 1899 2455 Sempronium,
1927 2385 2134 2438 vinctis

478 2485 611 2545 post
631 2478 794 2541 terga
826 2473 1126 2536 manibus,
1163 2473 1221 2526 in
1253 2472 1511 2527 mediam
1531 2473 1841 2527 flammam
1868 2473 2134 2544 conjece-

478 2568 634 2618 runt.
662 2565 867 2634 Itaque
884 2562 1265 2616 beatissimus
1290 2569 1501 2634 martyr
1530 2562 1912 2634 Sempronius
1935 2563 1994 2616 in
2014 2578 2133 2616 me-

479 2652 579 2708 dia
603 2654 851 2707 ﬂamma
882 2651 1109 2722 positus
1151 2667 1163 2716 ;
1198 2652 1471 2722 spiritum
1519 2651 1656 2705 Jesu
1686 2653 1917 2707 Christo
1972 2668 2130 2706 com-

480 2741 806 2796 mendavit.
845 2741 1116 2795 Pretiosaa
1145 2747 1345 2794 autem
1369 2740 1557 2811 ipsius
1595 2740 1859 2812 reliquiae
1896 2742 2131 2795 intactae

478 2834 959 2901 permanserunt.
988 2828 1156 2883 Venit
1183 2838 1381 2882 autem
1430 2831 1639 2883 beatus
1692 2827 1952 2899 pontifex
2008 2829 2129 2882 Ste-
2241 2832 2423 2884 redde
2454 2832 2740 2901 pecunias
2774 2832 2997 2886 domini
3028 2832 3129 2885 tui.
3187 2832 3401 2883 Beatus
3452 2844 3591 2883 vero
3642 2825 3872 2882 Tertulli-

479 2919 717 2990 pbanus
746 2934 881 2971 cum
915 2918 1137 2971 clericis
1187 2924 1242 2970 et
1272 2920 1412 2970 viris
1459 2918 1767 2985 religiosis,
1821 2917 2131 2987 sanctique
2243 2935 2355 2973 nus
2386 2920 2677 2975 constanti
2710 2920 2914 2975 animo
2938 2926 3115 2991 atque
3145 2918 3320 2973 hilari
3354 2920 3514 2974 vultu
3533 2918 3756 2973 dicebat
3778 2915 3870 2969 Va-

481 3006 813 3078 Sempronii
847 3007 1127 3075 reliquias
1160 3006 1413 3072 collegit,
1439 3011 1493 3059 et
1530 3005 1661 3059 illas
1693 3022 1826 3059 cum
1879 3005 2129 3076 Olympii
2163 3010 2202 3065 C
2240 3006 2464 3062 leriauo
2509 3024 2520 3061 :
2563 3016 2704 3077 Age,
2738 3010 2931 3075 miser,
2969 3009 3059 3063 fac
3091 3008 3398 3063 celerrime
3429 3006 3718 3079 quidquid
3769 3004 3863 3063 vis,

477 3101 534 3150 et
576 3096 893 3155 sociorum,
949 3093 1053 3164 qui
1113 3094 1275 3163 prius
1318 3100 1558 3164 propter
1614 3092 1907 3147 Christum
1957 3096 2129 3148 inter-
2243 3101 2425 3167 utper
2456 3096 2795 3151 incendium
2824 3098 3187 3152 etﬂammas
3238 3096 3384 3151 istas
3412 3113 3507 3151 me
3538 3095 3867 3150 sacriﬁcium

478 3183 611 3238 fecti
641 3184 893 3247 fuerant,
919 3182 1311 3236 sanctissimis
1342 3183 1606 3253 reliquiis
1638 3182 1964 3237 collocavit.
2238 3184 2355 3239 Deo
2385 3192 2617 3253 gratum
2647 3186 2857 3241 offerre
2886 3188 3131 3257 possim.
3166 3188 3327 3240 Tunc
3350 3186 3526 3256 jussit
3550 3183 3867 3239 Valerianus

549 3273 648 3326 Xl.
681 3273 816 3326 Post
892 3272 1111 3325 multos
1138 3271 1264 3325 dies
1326 3271 1668 3326 Valerianus
1724 3279 1780 3327 et
1830 3272 2127 3326 Gallienus
2236 3274 2616 3329 Tertullinum
2657 3292 2773 3329 non
2810 3276 3069 3346 amplius
3108 3275 3430 3343 verberari,
3466 3274 3569 3329 sed
3600 3273 3741 3328 tradi
3772 3274 3865 3326 Sa-

475 3368 785 3432 cmperunt
819 3361 1058 3416 beatum
1092 3361 1439 3432 episcopum
1470 3362 1839 3431 Stephanum
1890 3368 1945 3415 et
1997 3362 2126 3431 ejus
2236 3362 2406 3434 pritio
2443 3364 2606 3418 urbis
2649 3366 2907 3435 praesidi,
2944 3366 3038 3419 cui
3083 3363 3269 3419 dixit:
3325 3368 3471 3435 Age,
3528 3364 3748 3435 require
3800 3357 3868 3412 ab

475 3451 697 3505 clerum
752 3452 1089 3521 inquirere:
1133 3450 1277 3520 quin
1331 3450 1510 3504 etiam
1571 3451 1763 3505 edicto
1818 3451 2125 3521 proposito
2234 3453 2346 3506 isto
2374 3454 2661 3524 pecunias
2710 3454 2963 3524 Olympii
3022 3452 3254 3507 domini
3310 3453 3443 3522 sui;
3484 3451 3691 3507 deinde
3739 3460 3866 3515 coge

467 3542 792 3610 jusserunt,
821 3548 881 3593 ut
902 3541 1243 3609 ubicunque
1262 3538 1481 3593 inventi
1503 3539 1769 3604 fuissent,
1794 3546 1921 3609 post
1944 3539 2126 3594 multa
2237 3540 2399 3596 illum
2440 3543 2546 3595 diis
2569 3542 2795 3597 libare:
2830 3543 2995 3613 quod
3036 3543 3152 3597 nisi
3177 3542 3405 3611 fecerit,
3435 3543 3603 3598 variis
3636 3548 3867 3595 tormen-

472 3636 527 3685 et
552 3632 719 3684 varia
746 3636 1058 3693 tormenta,
1098 3635 1284 3683 morte
1315 3627 1704 3683 acerbissima
1748 3636 2119 3683 necarentur.
2235 3630 2307 3685 tis
2339 3633 2646 3686 crucietur.

469 3722 670 3791 Itaque
736 3718 953 3773 detenti
1013 3724 1149 3772 sunt
1210 3717 1403 3772 clerici
1466 3717 1804 3781 duodecim,
1865 3734 2121 3789 quorum
2308 3721 2436 3774 XlV.
2479 3723 2625 3776 Cum
2664 3720 2777 3775 hoc
2800 3721 3157 3776 mandatum
3189 3722 3520 3794 accepisset
3580 3716 3857 3789 Sapritius,

469 3810 718 3865 nomina
770 3808 894 3862 hac
934 3812 1071 3862 sunt
1103 3826 1116 3865 :
1152 3807 1421 3873 Faustus,
1477 3806 1719 3862 Maurus
1761 3807 2121 3874 Primitivus,
2234 3810 2435 3864 statim
2468 3808 2723 3865 tribunal
2758 3810 2867 3864 sibi
2904 3810 3099 3880 parari
3133 3810 3398 3881 jussitin
3452 3827 3520 3866 eo
3573 3809 3717 3872 loco,
3767 3804 3857 3876 qui

468 3896 1620 3968 Columnius[Calumniosus],.loannes,
1666 3897 2118 3967 Exuperantius,
2232 3898 2557 3953 Mamertini
2584 3900 2801 3954 domus
2829 3900 3185 3970 appellatur,
3220 3900 3619 3971 praecepitque
3660 3892 3856 3951 adduci

471 3988 735 4058 Cyrillus,
758 3987 1113 4053 Honoratus,
1132 3986 1498 4040 Theodosius
1522 3984 1935 4057 [Theodorus],
1960 3985 2124 4040 Basi-
2233 3990 2311 4043 ad
2342 4006 2402 4043 se
2434 3996 2773 4059 martyrem,
2799 4005 3068 4060 praecone
3090 3990 3171 4044 sic
3197 3990 3491 4045 indicente
3512 4006 3523 4042 :
3544 3987 3857 4042 Adducatur

466 4075 601 4142 lius,
623 4076 912 4142 Castulus,
936 4074 1219 4129 Donatus.
1247 4074 1355 4138 Qui
1379 4090 1515 4128 cum
1542 4074 1743 4129 multis
1761 4075 2121 4129 cruciatibus
2230 4077 2349 4132 huc
2376 4078 2697 4147 sacrilegus
2729 4077 3077 4133 Tertullinus
3111 4094 3128 4133 :
3160 4077 3468 4133 Adductus
3526 4079 3713 4147 itaque
3762 4069 3854 4125 fuit

468 4170 902 4236 torquerentur,
917 4180 1111 4236 neque
1128 4163 1348 4218 adduci
1364 4170 1675 4234 possentut
1692 4164 2119 4235 facerentquod
2230 4166 2604 4233 Tertullinus,
2638 4183 2819 4239 quem
2844 4182 3060 4238 praises
3086 4167 3622 4237 interrogavit,quo
3636 4161 3853 4217 nomine

461 4253 620 4324 jussi
690 4260 876 4319 erant,
950 4258 1253 4323 postremo
1337 4253 1729 4324 imperatores
1810 4253 2123 4322 jusserunt
2232 4262 2559 4311 vocaretur.
2592 4256 2691 4311 Cui
2723 4256 3103 4311 Tertullinus:
3160 4256 3457 4323 Peccator,
3507 4251 3705 4323 inquit,
3736 4262 3852 4301 sum

466 4343 597 4399 illos
628 4342 970 4398 obtruncari
1004 4343 1063 4395 in
1111 4342 1205 4396 via
1251 4358 1386 4414 quas
1441 4342 1777 4413 appellatur
1826 4343 2121 4413 Aquaadu-
2151 4364 2196 4419 ί)
2231 4361 2363 4415 ego,
2393 4360 2598 4400 servus
2631 4361 2935 4399 servorum
2977 4346 3117 4400 Jesu
3140 4346 3370 4400 Christi.
3406 4344 3561 4398 Tunc
3592 4338 3850 4411 Sapritius

465 4439 609 4488 ctus.
626 4435 877 4497 Quorum
894 4432 1232 4486 veneranda
1244 4447 1495 4502 corpora
1508 4431 2117 4497 curavitTertullinus,

464 4522 569 4594 qui
589 4522 779 4576 fuerat
795 4520 1053 4592 Olympii
1076 4537 1203 4576 serv
1216 4537 1282 4575 us
1306 4522 1583 4592 quamvis
1600 4520 1798 4575 adhuc
1812 4525 1970 4575 esset
1982 4538 2121 4592 gen-

464 4611 601 4676 tilis,
631 4618 686 4666 et
714 4626 920 4666 eorum
940 4610 1219 4681 reliquias
1236 4609 1492 4681 reposuit
1513 4625 1699 4681 prope
1720 4624 1971 4681 corpora
1988 4627 2121 4666 san-

464 4708 697 4757 ctorum
727 4700 913 4755 .Iuvini
946 4705 1002 4755 et
1022 4700 1260 4768 Dasilei,
1289 4700 1349 4753 in
1379 4699 1470 4753 via
1504 4700 1730 4754 Latina.
1759 4699 1881 4754 Cal.
1923 4707 2066 4770 Aug.

536 4791 661 4844 Xll.
730 4794 858 4845 Haec
920 4808 1057 4845 cum
1130 4788 1459 4844 audivisset
1511 4789 1724 4843 beatus
1782 4790 2117 4861 Stephanus

462 4881 744 4954 pontifex,
780 4882 963 4953 jussit
993 4880 1069 4933 ad
1093 4896 1152 4932 se
1184 4878 1459 4933 accersiri
1490 4879 1899 4948 Tertullinum,
1930 4896 2114 4952 quem

460 4972 661 5029 multis
690 4968 1124 5026 hortationibus
1138 4968 1213 5022 ad
1245 4967 1637 5023 Christianam
1663 4968 1845 5023 fidem
1869 4985 2113 5024 conver-

460 5080 593 5118 sum
609 5064 810 5116 docuit
826 5063 898 5113 de
917 5074 1100 5127 regno
1119 5059 1239 5125 Dei,
1262 5063 1317 5112 et
1337 5059 1733 5129 sempiternae,
1749 5060 1879 5113 vita:
1898 5067 2115 5130 myste-

460 5152 561 5207 riis
593 5151 863 5213 initiavit,
899 5149 1391 5219 sanctissimoque
1422 5149 1782 5219 baptismate
1817 5153 2113 5220 purgavit,

461 5248 639 5313 atque
664 5242 826 5295 illum
856 5239 1053 5293 adhuc
1085 5239 1224 5293 alba
1256 5246 1413 5293 veste
1481 5239 1778 5304 indutum,
1832 5240 2119 5294 ordinavit

460 5331 908 5403 presbyterum.
935 5332 1118 5393 Quem
1168 5344 1303 5383 cum
1349 5328 1654 5383 docuisset
1696 5328 1769 5381 de
1802 5330 1988 5384 salute
2047 5346 2115 5385 ac

457 5419 678 5478 cmlesti
700 5434 883 5491 regno
915 5428 1152 5473 sanctus
1182 5418 1443 5491 pontifex
1472 5435 1483 5473 :
1522 5421 1673 5485 Esto,
1730 5419 1937 5490 inquit,
1990 5419 2116 5486 tibi,

452 5509 649 5578 frater,
691 5508 806 5565 hoc
824 5523 976 5565 onus
1014 5509 1382 5582 impositum,
1429 5516 1486 5563 ut
1529 5508 1855 5565 multorum
1897 5514 2117 5582 marty-

2232 4450 2451 4505 praases
2483 4434 2568 4489 sic
2593 4450 2731 4488 eum
2762 4432 2978 4489 affatus
3003 4441 3124 4488 est:
3160 4434 3483 4488 Considera
3537 4446 3661 4501 quia
3711 4438 3849 4480 nunc

2232 4524 2334 4579 tibi
2377 4522 2825 4595 praecipiuntur,
2854 4530 2911 4577 et
2932 4524 3056 4577 sine
3084 4538 3255 4577 mora
3286 4522 3487 4585 facias,
3521 4518 3669 4591 quod
3709 4516 3845 4575 dico,

2231 4618 2293 4667 ut
2319 4613 2502 4667 vivas.
2540 4616 2638 4668 Eia
2667 4611 2844 4681 igitur
2896 4612 3007 4666 diis
3047 4612 3337 4679 sacriﬁca,
3393 4618 3447 4666 et
3491 4608 3682 4669 redde,
3724 4615 3843 4673 qua

2222 4700 2521 4771 jubemus,
2553 4702 2712 4755 bona
2739 4700 2995 4773 Olympii
3050 4701 3278 4756 domini
3331 4700 3446 4765 tui;
3507 4699 3594 4752 sin
3646 4693 3842 4752 minus,

2229 4797 2655 4846 tormentorum
2672 4791 2978 4861 suppliciis
3000 4797 3389 4861 consumptus
3412 4787 3600 4843 fueris.
3629 4782 3709 4836 Ad
3729 4783 3839 4834 haec

2226 4880 2533 4951 respondit
2557 4881 2907 4935 Tertullinus
2945 4898 2957 4937 :
3004 4880 3059 4935 Si
3091 4896 3301 4934 nosses
3330 4884 3558 4934 aeternae
3590 4874 3708 4926 vita:
3738 4866 3839 4921 feli-

2226 4973 2481 5036 citatem,
2514 4986 2634 5025 non
2670 4986 2831 5025 esses
2862 4969 2935 5023 de
2967 4970 3239 5040 praesenti
3274 4968 3490 5023 saeculo
3542 4962 3735 5019 anxius
3776 4970 3835 5010 ac

2226 5060 2535 5124 sollicitus,
2571 5075 2642 5114 ea
2674 5074 2893 5114 curans
2933 5074 3068 5129 quae
3100 5075 3135 5114 a
3165 5056 3558 5122 daemonibus,
3581 5065 3721 5123 quos
3747 5059 3839 5098 vos

2227 5151 2433 5213 colitis,
2470 5155 2891 5218 suggeruntur,
2923 5154 2971 5202 et
3003 5147 3103 5202 tibi
3135 5153 3190 5202 et
3236 5147 3316 5201 tui
3376 5143 3659 5200 similibus
3687 5142 3838 5191 aster-

2228 5256 2337 5295 nos
2370 5241 2665 5294 cruciatus
2693 5236 2961 5292 afferent.
3000 5237 3095 5290 His
3129 5236 3361 5301 auditis,
3391 5232 3664 5305 Sapritius
3714 5237 3839 5296 prai-

2231 5346 2323 5384 ses
2345 5328 2521 5399 jussit
2551 5327 2850 5383 Tertullini
2881 5326 3092 5381 faciem
3125 5325 3411 5397 lapidibus
3451 5318 3657 5378 collidi.
3716 5315 3837 5406 Sati-

2230 5427 2359 5475 ctus
2392 5434 2530 5474 vero
2595 5416 2966 5481 Tertullinus,
3030 5418 3147 5471 Deo
3201 5420 3418 5487 gratias
3464 5425 3679 5495 agens,
3710 5404 3836 5495 dixit

2233 5506 2505 5583 praesidi:
2534 5507 2617 5563 Tu
2660 5522 2860 5562 meum
2890 5521 2956 5561 os
2979 5505 3269 5576 confringi
3296 5501 3535 5576 jussisti,
3568 5504 3619 5555 et
3662 5494 3834 5548 Domi-
