4142 6196
196 290 289 344 521

1554 283 1714 339 .VITA
1757 282 1818 337 S.
1861 279 2233 344 STEPHANI.

3504 300 3612 352 522

195 431 306 471 nus
346 429 519 470 meus
573 414 740 468 Jesus
788 411 1076 477 Christus,
1108 428 1289 483 quem
1316 427 1426 483 ego
1475 409 1626 474 colo,
1674 412 1729 462 te
1777 423 1846 462 ac
1879 408 1925 461 Α
1956 408 2337 465 beatissimus
2402 412 2664 483 pontifex
2722 430 2759 470 a
2810 415 3157 474 satellitibus
3183 426 3349 475 extra
3382 428 3610 478 masnta

196 503 500 561 diabolum
526 501 871 557 idololatriae
890 508 1195 557 auctorem
1229 506 1504 556 conteret.
1526 500 1694 553 Tunc
1708 512 1848 568 pra:-

199 611 287 649 ses
313 592 458 647 dixit
494 591 588 645 his
616 589 719 663 qui
774 598 1094 662 praesentes
1150 596 1357 645 erant:
1411 590 1666 644 Curnam
1738 589 1846 641 iste

200 687 463 738 moratur
499 679 757 751 Olympii
790 679 1075 750 pecunias
1106 679 1353 735 reddere
1379 678 1406 732 σέ
1462 680 1525 733 Et
1577 678 1653 733 ad
1706 690 1845 730 eum

198 786 543 827 conversus:
573 774 714 838 Age,
744 768 959 840 inquit,
995 767 1142 824 aﬁ‘er
1163 769 1446 841 pecunias
1468 783 1614 838 quas
1636 765 1845 831 debes,

197 865 250 914 et
303 858 420 913 diis
473 857 765 922 sacriﬁca,
819 874 892 912 ne
945 864 1141 929 capite
1193 857 1603 916 obtruncatus,
1664 855 1848 909 vitam

198 950 452 1005 amittas.
491 946 812 1016 Respondit
851 946 1207 1001 Tertullinus
1250 963 1262 1000 :
1317 948 1435 1017 Ego
1485 948 1542 999 in
1597 944 1848 998 Domino

199 1053 329 1092 meo
392 1038 529 1091 Jesu
562 1035 804 1099 Christo,
861 1038 953 1090 cui
1017 1034 1259 1100 credidi,
1311 1033 1697 1090 conﬁrmatus
1767 1031 1849 1085 ita

196 1142 345 1190 sum,
379 1131 435 1180 et
455 1126 538 1180 ita
568 1124 734 1179 illum
758 1124 977 1181 habere
1004 1124 1202 1195 cupio,
1236 1131 1299 1179 ut
1318 1131 1674 1196 praesentem
1696 1122 1851 1176 hanc

200 1217 382 1269 vitam
416 1230 524 1285 pro
554 1213 738 1268 nihilo
768 1212 1008 1277 ducam,
1047 1214 1218 1283 cujus
1248 1212 1444 1268 nullos
1474 1216 1665 1266 certos
1703 1210 1853 1264 ﬁnes

195 1307 550 1359 constitutos
584 1302 776 1357 video.

270 1395 375 1448 XV.
425 1394 558 1447 Haec
612 1390 863 1446 audiens
922 1390 1230 1461 Sapritius,
1285 1390 1483 1446 furore
1542 1404 1852 1452 accensus,

192 1482 369 1553 jussit
394 1481 779 1536 Tertullinum
835 1478 895 1534 in
923 1478 1085 1548 ligno
1117 1479 1371 1545 extendi,
1430 1485 1487 1535 et
1529 1477 1724 1535 nervis
1754 1475 1856 1531 diu

199 1568 518 1626 verberari.
551 1568 697 1623 Cum
721 1569 895 1638 igitur
918 1569 1112 1622 nervis
1135 1568 1460 1623 caederetur
1479 1566 1856 1629 Tertullinus,

196 1659 501 1715 clamabat
534 1675 545 1711 :
570 1657 819 1713 Domine
841 1659 973 1712 Iesu
998 1657 1246 1721 Christe,
1270 1673 1343 1713 ne
1359 1659 1600 1713 deseras
1624 1671 1859 1712 servum

1955 502 2010 553 et
2040 504 2273 568 portam
2295 500 2551 572 Appiam
2582 501 2659 557 ad
2693 503 2978 575 templum
3009 506 3222 561 Martis.
3245 508 3372 572 Quo
3392 509 3451 564 in
3474 510 3607 565 loco

1955 586 2276 657 episcopus
2303 588 2449 657 ipse,
2486 589 2768 645 omnibus
2824 594 3252 662 spectantibus,
3308 596 3513 652 oculos
3547 598 3607 653 in

1955 674 2172 730 caelum
2208 676 2411 742 erexit,
2444 693 2514 733 ac
2552 677 2738 733 dixit:
2780 681 3025 737 Domine
3067 685 3239 746 Deus,
3284 686 3449 738 Pater
3499 685 3608 740 Do-

1958 764 2102 818 mini
2133 765 2320 819 nostri
2351 769 2488 821 Iesu
2519 768 2747 834 Christi,
2804 769 2905 840 qui
2952 771 3207 826 evertisti
3246 773 3455 828 turrim
3470 788 3611 828 con-

1956 851 2209 909 fusionis
2239 854 2401 924 apud
2434 855 2823 927 Babylonem,
2855 858 3111 924 destrue,
3146 876 3378 932 quasso,
3452 877 3612 917 nunc

1957 949 2013 997 et
2042 942 2242 998 locum
2281 944 2462 1008 hunc,
2495 945 2553 999 in
2580 962 2697 1016 quo
2726 945 2949 1002 diaboli
2975 948 3314 1019 superstitio
3354 966 3461 1021 per
3490 950 3613 1005 ido-

1959 1030 2153 1085 lorum
2203 1032 2427 1087 cultum
2491 1041 2810 1090 exercetur.
2840 1036 2986 1091 Cum
3028 1037 3154 1092 haec
3208 1037 3451 1094 dixisset
3477 1055 3615 1110 pon-

1962 1118 2118 1183 tifex,
2144 1126 2381 1191 repente
2412 1120 2566 1177 facto
2628 1124 2885 1179 tonitruo
2944 1133 2999 1180 et
3047 1125 3279 1196 fulgure
3322 1128 3611 1194 maximo,

1962 1208 2249 1278 templum
2286 1207 2479 1264 Martis
2530 1226 2753 1280 magna
2806 1227 2879 1267 ex
2935 1218 3100 1284 parte
3160 1217 3412 1270 corruit.
3446 1215 3618 1284 Quod

1962 1295 2233 1351 videntes
2268 1296 2500 1362 milites,
2532 1299 2927 1369 perterrefacti
2967 1300 3348 1372 aufugerunt,
3390 1320 3460 1360 ac
3492 1304 3620 1360 reli-

1962 1392 2219 1455 querunt
2259 1385 2668 1442 beatissimum
2722 1389 3097 1461 Stephanum
3142 1408 3280 1447 cum
3338 1394 3619 1449 omnibus

1966 1472 2329 1540 Christianis,
2374 1476 2479 1548 qui
2545 1493 2683 1533 eum
2727 1480 2909 1534 secuti
2965 1479 3214 1538 fuerant.
3270 1483 3473 1554 Itaque
3520 1483 3621 1539 illa

1967 1562 2093 1634 ipsa
2117 1564 2264 1618 hora
2299 1567 2334 1618 Β
2376 1566 2710 1636 Stephanus
2764 1567 2906 1623 abiit
2958 1584 3096 1625 cum
3144 1571 3426 1626 omnibus
3458 1572 3617 1627 Chri-

1970 1653 2197 1718 stianis,
2261 1668 2416 1724 quos
2480 1671 2683 1710 secum
2750 1657 3031 1727 habebat,
3072 1659 3144 1712 ad
3216 1660 3618 1716 cmmelerium

202 1756 387 1813 tuum,
420 1747 524 1819 qui
563 1746 745 1802 ﬁdem
777 1753 833 1802 et
864 1763 1034 1819 spem
1068 1763 1241 1802 suam
1274 1748 1333 1801 in
1392 1751 1448 1801 te
1500 1746 1811 1801 collocavit
1846 1754 1859 1793 :
1894 1760 1943 1819 Β
1977 1744 2032 1795 Β.
2070 1741 2298 1796 Lucillae
2323 1742 2721 1816 [al.Lucium],
2751 1745 2849 1800 ubi
2872 1746 3072 1801 multis
3100 1748 3620 1803 adhortationibus

202 1838 307 1894 sed
337 1837 415 1893 da
447 1837 616 1901 vires,
651 1841 712 1891 ut
742 1836 801 1891 in
843 1842 1047 1891 sancta
1079 1842 1135 1891 et
1164 1841 1321 1891 recta
1355 1835 1728 1892 confessione
1760 1840 1862 1888 tua

202 1941 600 1998 perseverem,
652 1926 939 1997 quoniam
991 1932 1048 1981 tu
1090 1942 1152 1981 es
1192 1941 1329 1996 spes
1382 1941 1535 1989 mea,
1598 1924 1697 1979 Fili
1761 1927 1855 1982 Dei

203 2014 335 2069 vivi.
397 2016 525 2070 Mox
583 2014 759 2085 jussit
827 2014 1112 2085 Sapritius
1178 2014 1562 2070 Tertullinum
1630 2014 1688 2068 in
1737 2018 1865 2067 rota

201 2104 505 2176 suspendi.
535 2106 684 2157 Dum
715 2102 892 2173 igitur
920 2103 980 2157 in
1020 2108 1146 2158 rota
1182 2103 1467 2174 penderet
1497 2104 1707 2158 beatus
1744 2101 1861 2169 ille,

201 2194 453 2265 Spiritus
475 2192 665 2248 sancti
722 2192 1012 2247 auxilium
1066 2192 1404 2247 invocabat.
1460 2194 1605 2247 Cum
1662 2196 1862 2246 autem

202 2283 390 2354 ipsius
423 2283 695 2336 animum
720 2298 790 2336 ac
818 2281 1193 2352 propositum
1214 2280 1294 2336 ita
1318 2280 1557 2336 ﬁrmum
1585 2278 1863 2337 etstabile

203 2370 445 2425 vidisset
471 2369 784 2440 Sapritius,
828 2374 889 2423 ut
948 2370 1172 2423 moveri
1223 2385 1339 2424 non
1406 2378 1627 2440 posset,
1672 2368 1864 2424 retulit

202 2460 508 2514 Valeriano
534 2466 806 2530 tyranno,
839 2458 1218 2513 Tertullinum
1247 2458 1428 2513 nullis
1461 2458 1659 2526 minis,
1690 2459 1861 2514 nullis

201 2547 746 2611 adhortationibus,
801 2546 978 2602 nullis
1027 2549 1289 2619 denique
1341 2548 1695 2603 cruciatibus
1762 2555 1863 2603 aut

202 2636 493 2693 machinis
519 2636 738 2693 adduci
772 2652 968 2707 posse,
994 2640 1056 2690 ut
1078 2637 1165 2691 vel
1195 2636 1310 2692 diis
1333 2636 1616 2706 immolet,
1639 2636 1727 2691 vel
1758 2638 1862 2692 do-

203 2726 348 2781 mini
380 2726 470 2780 sui
502 2726 807 2781 facultates
834 2742 901 2781 ac
934 2727 1217 2797 pecunias
1246 2726 1305 2780 in
1340 2726 1604 2781 medium
1632 2725 1859 2781 afferat.

198 2817 359 2870 'l‘unc
388 2813 732 2869 Valerianus
763 2815 1119 2869 sententiam
1148 2814 1360 2879 ferens,
1398 2816 1575 2885 jussit
1598 2814 1860 2870 Tertulli-

198 2920 340 2958 num
358 2902 718 2957 obtruncari.
738 2904 777 2956 E
794 2910 920 2957 rota
934 2903 1110 2970 igitur
1126 2903 1649 2974 depositus,ductus
1663 2908 1751 2957 est
1765 2920 1863 2974 per

200 2991 356 3046 viam
370 2990 633 3045 Latinam
650 2990 723 3045 ad
739 2990 1057 3045 secundum
1078 2990 1640 3063 urbislapidem,quo
1658 2993 1714 3046 in
1730 2992 1861 3047 loco

1975 1831 2333 1887 Christianos
2385 1832 2829 1899 consolabatur,
2884 1834 3045 1905 ipsos
3099 1838 3344 1893 hortans
3392 1843 3446 1893 et
3492 1853 3624 1893 cor-

1971 1920 2283 1984 roborans,
2313 1936 2386 1976 ne
2415 1928 2806 1991 tyrannorum
2822 1924 3015 1979 minas
3035 1930 3091 1980 et
3113 1930 3407 1982 tormenta
3420 1926 3622 1982 formi-

1971 2008 2203 2074 darent,
2235 2026 2374 2065 cum
2400 2011 2686 2065 Dominus
2720 2013 2847 2083 ipse
2876 2012 3275 2071 dicatzNotite
3304 2015 3511 2071 timere
3528 2030 3622 2072 eos

1973 2097 2072 2167 qui
2094 2104 2336 2165 possunt
2364 2100 2627 2155 occidere
2656 2116 2889 2170 corpus,
2914 2101 3179 2159 animam
3203 2118 3336 2160 vero
3352 2121 3471 2160 non
3490 2120 3626 2174 pos-

1970 2192 2107 2241 sunt
2138 2186 2404 2243 occidere
2431 2206 2442 2245 :
2476 2189 2671 2244 timete
2697 2190 2893 2256 illum,
2917 2192 3021 2263 qui
3049 2199 3239 2260 potest
3265 2198 3319 2249 et
3365 2194 3624 2249 animam

1970 2280 2025 2330 et
2047 2290 2261 2343 corpus
2288 2277 2538 2343 perdere
2564 2278 2626 2333 in
2656 2279 2986 2348 gehennam
3008 2282 3047 2336 ί.
3076 2282 3171 2336 His
3203 2281 3627 2338 adhortationi-

1972 2362 2086 2417 bus
2115 2365 2310 2419 bonus
2340 2364 2433 2419 ille
2474 2372 2676 2435 pastor
2714 2369 2987 2440 proprias
3044 2386 3187 2426 oves
3235 2370 3625 2438 conﬁrmans,

1971 2452 2186 2508 obtulit
2208 2452 2433 2509 Christo
2459 2455 2577 2509 Deo
2604 2457 2993 2527 omnipotenti
3025 2458 3410 2515 oblationem.

2044 2540 2211 2595 XVII.
2245 2545 2315 2596 At
2343 2541 2562 2613 impius
2594 2542 2961 2612 Valerianus,
2995 2563 3137 2602 cum
3160 2552 3223 2601 et
3258 2550 3450 2603 Martis
3488 2554 3628 2603 temo

1975 2628 2135 2699 plum
2166 2644 2439 2683 eversum
2489 2631 2690 2693 fuisse,
2745 2638 2801 2687 et
2861 2634 3324 2690 Christianorum
3368 2637 3628 2692 multitu-

1975 2716 2175 2772 dinem
2226 2734 2364 2772 cum
2418 2720 2696 2789 pontiﬁce
2743 2722 3037 2793 Stephano
3092 2740 3226 2779 esse
3281 2724 3627 2792 audivisset,

1974 2806 2130 2861 misit
2156 2805 2368 2861 milites
2402 2806 2575 2877 longe
2599 2808 2794 2880 plures
2819 2809 2914 2865 his
2944 2827 3098 2882 quos
3153 2819 3329 2868 antea
3364 2812 3625 2868 miserat.

1973 2895 2072 2959 Qui
2104 2911 2241 2950 cum
2272 2896 2585 2966 venissent,
2611 2896 2963 2955 invenerunt
3002 2899 3248 2956 beatum
3280 2901 3625 2973 pontiﬁcem

1972 2985 2341 3054 Stephanum
2406 2987 2522 3041 Deo
2550 2988 2906 3043 sacriﬁcium
2962 2989 3331 3046 offerentem.
3387 2991 3625 3046 Illorum

200 3078 312 3134 fuit
339 3078 533 3150 capite
555 3078 1117 3149 obtruncatus.Ejus
1142 3086 1337 3135 autem
1362 3080 1644 3152 reliquias
1684 3083 1721 3135 Β
1747 3084 1861 3138 Sle-
1893 3119 1933 3176 C
1972 3079 2170 3129 autem
2196 3073 2459 3176 ‘adventu
2482 3081 2721 3176 sanctus
2752 3079 3068 3176 episcopus
3090 3078 3629 3176 nihilperturbatus

198 3168 445 3239 phanus
476 3166 735 3236 collegit,
765 3172 819 3221 et
844 3166 1107 3238 sepelivit
1136 3168 1192 3222 in
1207 3175 1435 3240 crypta,
1463 3186 1592 3241 qua:
1609 3187 1856 3226 arenosa

197 3256 431 3320 dicitur,
453 3255 629 3326 pridie
646 3255 946 3311 Kalendas
960 3258 1204 3328 August.
1225 3256 1397 3330 [Cod.
1417 3258 1543 3314 Kal.
1560 3260 1835 3334 Augusti]
1848 3302 1860 3314 .

275 3344 411 3399 XVI.
447 3344 687 3399 Postero
726 3350 925 3400 autem
959 3344 1055 3399 die
1090 3344 1429 3402 Valerianus
1476 3349 1633 3403 misit
1660 3349 1865 3403 cohor-

198 3441 345 3499 tem,
361 3449 492 3505 qum
511 3433 751 3490 beatum
771 3433 1112 3505 pontiﬁcem
1127 3434 1491 3506 Stephanum
1509 3453 1646 3492 cum
1669 3436 1867 3492 multis

199 3522 457 3586 clericis,
493 3521 852 3592 presbyteris
892 3538 961 3577 ac
992 3521 1260 3578 diaconis
1317 3526 1864 3596 comprehenderet.

201 3610 358 3667 Cum
389 3610 568 3680 igitur
598 3610 853 3681 pontifex
881 3617 935 3666 et
961 3611 1095 3682 ejus
1127 3611 1317 3669 clerici
1342 3630 1480 3669 cum
1506 3631 1575 3670 eo
1603 3631 1869 3685 compre-

201 3701 378 3756 hensi
409 3706 629 3764 essent,
662 3699 895 3770 plurimi
928 3700 1236 3758 Christiani
1294 3702 1565 3772 lugentes
1609 3720 1645 3759 a
1698 3703 1870 3775 longe

202 3789 339 3845 illos
379 3788 804 3861 sequebantur.
830 3789 1036 3844 Postea
1064 3805 1201 3845 vero
1231 3808 1411 3861 quam
1440 3794 1500 3846 B.
1537 3793 1869 3864 Stephanus

196 3880 382 3951 jussu
410 3876 698 3933 Valeriani
727 3883 863 3932 ante
894 3877 1085 3948 ipsius
1118 3879 1374 3935 tribunal
1414 3882 1573 3936 stetit
1619 3899 1632 3935 :
1687 3882 1870 3948 Tune,

202 3962 403 4035 inquit
434 3961 888 4017 scelestissimus
922 3963 1266 4033 imperator,
1300 3981 1361 4019 es
1388 3964 1481 4020 ille
1511 3966 1869 4037 Stephanus,

205 4052 315 4124 qui
343 4050 771 4123 rempublicam
813 4055 1084 4106 nostram
1112 4052 1426 4122 pertubare
1449 4069 1517 4109 ac
1552 4054 1874 4110 dissolvere

208 4155 540 4210 aggressus
587 4154 672 4203 es,
731 4140 958 4211 quique,
996 4139 1255 4194 consiliis
1306 4148 1361 4196 et
1417 4143 1729 4213 praestigiis
1763 4145 1875 4199 tuis

211 4228 436 4284 suades
452 4226 700 4300 populo,
720 4232 781 4282 ut
802 4243 838 4282 a
859 4227 1109 4283 deorum
1130 4229 1289 4284 cultu
1306 4229 1639 4287 desciscat?
1659 4233 1743 4287 Ad
1754 4235 1876 4289 haec

214 4324 465 4372 sanctus
491 4315 810 4388 episcopUS
841 4316 1173 4386 Stephanus
1190 4319 1528 4389 respondit:
1557 4323 1675 4390 Ego
1723 4339 1877 4378 rem-

1973 3169 2082 3229 est,
2111 3164 2214 3218 sed
2263 3164 2582 3236 tranquillo
2608 3170 2660 3220 et
2715 3166 2915 3237 quieto
2962 3168 3168 3223 animo
3226 3168 3458 3224 Christo
3519 3172 3631 3225 Deo

1973 3252 2331 3308 sacriﬁcium
2358 3253 2588 3319 obtulit,
2623 3260 2803 3326 atque
2837 3256 3059 3311 ibidem
3086 3257 3279 3328 capite
3308 3257 3630 3313 obtrunca-

1977 3348 2067 3397 tus
2117 3347 2222 3408 est,
2252 3347 2468 3413 quarto
2506 3341 2705 3398 Nonas
2765 3344 3032 3414 Augusti.
3100 3347 3408 3402 Christiani
3472 3363 3629 3414 vero,

1974 3432 2078 3502 qui
2107 3438 2273 3487 erant
2291 3430 2426 3496 illic,
2456 3446 2594 3486 cum
2611 3446 2672 3485 se
2693 3432 2789 3488 tali
2806 3439 3041 3503 pastore
3057 3433 3299 3491 orbatos
3320 3435 3627 3499 vidissent,

1977 3520 2196 3575 multas
2226 3520 2526 3590 Iacrymas
2562 3518 2919 3576 effuderunt.
2960 3522 3097 3592 Ejus
3117 3530 3319 3579 autem
3352 3540 3636 3580 veneran-

1978 3609 2124 3665 dum
2165 3625 2383 3680 corpus
2416 3607 2477 3663 in
2535 3608 2633 3664 illa
2679 3609 2891 3664 eadem
2949 3617 3157 3682 crypta
3205 3612 3632 3683 deposuerunt,

1982 3698 2081 3754 ubi
2113 3704 2167 3753 et
2198 3697 2325 3767 ejus
2356 3698 2602 3766 sanguis
2640 3695 2866 3752 effusus
2918 3697 3131 3763 fuerat,
3164 3700 3225 3755 in
3274 3701 3373 3757 via
3422 3702 3633 3772 Appia,

1981 3788 2042 3843 in
2082 3802 2206 3859 qua
2246 3792 2471 3856 martyr
2499 3784 2593 3841 ille
2623 3784 2809 3842 multa
2848 3803 2986 3842 cum
3028 3803 3174 3858 pace
3218 3790 3507 3861 requievit
3537 3791 3635 3862 (1).

2050 3876 2246 3932 XVIII.
2304 3873 2525 3929 Eodem
2580 3873 2675 3928 die
2747 3874 2961 3930 milites
3033 3876 3329 3933 idolorum
3383 3878 3639 3933 cultores

1981 3965 2299 4020 diaconum
2332 3964 2408 4035 ('2)
2452 3963 2777 4035 quemdam
2830 3963 3204 4032 invenerunt,
3285 3966 3641 4022 Tharsitium

1984 4054 2248 4117 nomine,
2280 4052 2383 4123 qui
2416 4052 2802 4123 purissimum
2851 4054 3062 4109 Christi
3120 4071 3336 4127 corpus
3394 4055 3640 4111 ferebat.

1984 4140 2577 4212 Comprehenderunt
2638 4140 2816 4208 igitur
2855 4141 3022 4198 illum
3087 4143 3301 4199 milites
3345 4159 3647 4214 :cumque

1985 4230 2275 4286 curiosius
2308 4228 2386 4285 ab
2415 4244 2486 4282 eo
2508 4227 2895 4300 inquirerent,
2917 4230 3211 4301 quidnam
3226 4248 3431 4289 secum
3452 4232 3645 4296 ferret,

1987 4325 2044 4376 et
2073 4320 2198 4391 ipse
2219 4317 2531 4388 indignum
2549 4317 2841 4386 judicaret
2866 4326 3004 4375 ante
3046 4336 3258 4390 porcos
3293 4320 3650 4392 margaritas

211 4405 524 4478 publicam
564 4420 685 4459 non
742 4404 1044 4476 perturbo,
1115 4406 1219 4461 sed
1263 4406 1564 4464 admoneo
1595 4416 1650 4464 et
1674 4411 1879 4467 hortor
1912 4396 1957 4450 D
1991 4408 2297 4482 projicere,
2327 4406 2489 4461 nulla
2516 4407 2746 4461 ratione
2780 4406 3001 4462 adduci
3025 4410 3231 4477 potuit,
3261 4416 3325 4464 ut
3344 4409 3654 4465 sanctissi-

212 4510 433 4552 omnes
454 4494 749 4557 homines,
784 4499 847 4549 ut
880 4493 1173 4550 derelictis
1200 4495 1715 4570 daemonibus,qui
1739 4503 1879 4556 ado-

212 4587 429 4640 rantur
458 4584 517 4638 in
556 4582 679 4637 istis
711 4583 917 4638 vestris
961 4582 1154 4649 idolis,
1186 4585 1264 4641 ad
1311 4602 1517 4641 verum
1578 4589 1757 4644 Deum
1816 4606 1881 4645 se

213 4676 589 4729 convertant.
627 4671 796 4741 Ergo,
830 4671 1022 4745 inquit
1049 4672 1412 4743 Valerianus,
1436 4682 1495 4732 tu
1555 4679 1753 4734 statim
1799 4679 1881 4735 in-

218 4761 599 4818 terﬁciendus
630 4776 711 4824 es,
770 4766 831 4815 ut
865 4761 960 4816 alii
992 4763 1266 4835 exemplo
1314 4768 1416 4821 tuo
1464 4768 1883 4837 perterrefacti,

218 4850 576 4919 resipiscant
607 4856 661 4904 et
694 4849 910 4905 vivant.
946 4851 1046 4907 His
1084 4851 1270 4919 dictis,
1296 4854 1550 4924 jussitin
1593 4856 1885 4928 templum

219 4938 425 4994 Martis
490 4937 862 5009 Stephanum
902 4941 1245 5010 pontiﬁcem
1310 4942 1470 5008 duci,
1540 4952 1719 5016 atque
1774 4947 1889 5003 illic

218 5026 587 5084 sententiam
628 5026 703 5082 de
733 5027 831 5085 illo
861 5032 1252 5100 pronuntiari.
1311 5032 1532 5090 Ductus
1581 5039 1668 5090 est
1715 5034 1893 5105 igitur

298 5158 319 5194 ¹
368 5156 565 5212 Matth.
604 5170 669 5222 x,
711 5159 801 5212 28.

301 5280 385 5351 (1)
414 5282 537 5335 Lat.
573 5281 707 5336 cod.
742 5303 770 5331 «
797 5281 1175 5349 Sepelierunt
1206 5298 1270 5338 co

225 5423 340 5496 qui
374 5423 608 5496 dicitur
649 5423 1047 5496 Cameterium
1088 5424 1323 5480 Calisti.
1372 5447 1399 5474 ››

305 5494 393 5566 (2)
429 5496 552 5552 Lat.
582 5494 716 5551 cod.
750 5495 1127 5552 acoluthum.
1150 5498 1299 5552 Nam
1315 5512 1435 5554 non
1459 5497 1750 5554 acoluthis
1778 5505 1904 5555 tan-

552 5617 789 5673 I’ATROL.
823 5619 929 5673 Gn.
961 5618 1124 5675 CXV.

1347 5300 1412 5339 us
1443 5287 1569 5353 ejus
1613 5302 1739 5342 cum
1766 5286 1899 5353 ipsa

301 5300 385 5351 (ι)
417 5300 537 5335 nat.
573 5300 707 5336 coa.
742 5303 770 5331 «
797 5300 1175 5349 o'epeuerum
1206 5300 1412 5408 cogpus
1443 5300 1569 5353 ejus
1613 5302 1739 5342 cum
1766 5303 1899 5353 ipsa

220 5352 370 5433 sed;
386 5355 694 5434 sanguine
708 5355 848 5434 eius
868 5355 1276 5434 aspersajnea
1295 5426 1306 5434 .
1324 5370 1409 5410 em
1432 5364 1665 5426 crypta,
1688 5357 1751 5413 in
1775 5359 1901 5415 loco

1989 4514 2136 4553 num
2163 4512 2231 4551 ac
2254 4495 2646 4566 purissimum
2676 4502 3121 4551 sacramentum
3155 4498 3409 4569 impuris
3461 4499 3627 4555 homi

1992 4586 2166 4643 nibus
2195 4583 2499 4640 revelaret.
2537 4582 2722 4652 Virgis
2746 4583 2923 4652 igitur
2961 4589 3018 4640 et
3042 4584 3346 4655 lapidibus
3389 4602 3656 4659 eousque

1992 4675 2350 4732 Tharsitium
2398 4671 2816 4740 contuderunt,
2847 4674 3051 4744 quoad
3100 4674 3377 4746 spiritum
3409 4675 3654 4733 efﬂavit.

1996 4767 2141 4821 Cum
2172 4778 2311 4819 vero
2341 4761 2469 4832 ejus
2495 4776 2713 4831 corpus
2744 4762 3014 4817 exanime
3048 4779 3150 4834 per
3180 4770 3395 4820 terram
3431 4769 3665 4821 voluta-

1996 4862 2173 4924 retur,
2203 4851 2418 4907 curiosi
2448 4856 2506 4905 et
2545 4848 2816 4919 sacrilegi
2868 4851 3082 4907 milites
3115 4869 3310 4925 neque
3357 4854 3473 4911 sub
3508 4854 3663 4909 ulnis

1998 4946 2152 5001 intra
2183 4940 2470 5004 manicas,
2499 4954 2688 5008 neque
2712 4938 2823 4994 sub
2854 4939 3125 4996 vestibus
3151 4941 3381 5014 aliquid
3402 4943 3665 4998 invenire

2003 5037 2343 5107 potuerunt.
2384 5027 2604 5085 Relicto
2634 5027 2811 5098 igitur
2865 5029 2968 5095 sic,
3029 5036 3088 5088 ut
3153 5037 3279 5088 erat
3324 5032 3667 5089 venerando

2010 5293 2202 5349 tuum,
2231 5283 2337 5338 sed
2368 5287 2425 5337 et
2454 5281 2620 5336 laicis
2652 5279 2794 5335 olim
2826 5281 3237 5350 persecutione
3269 5285 3512 5350 urgente
3533 5297 3673 5337 con-

2011 5372 2251 5481 08881111;
2274 5361 2401 5410 erat
2416 5359 2721 5425 acceptam
2750 5351 2810 5407 in
2830 5351 3093 5408 Ecclesia
3117 5352 3549 5410 Eucharistiam
3571 5354 3674 5409 do-

2011 5444 2179 5481 mum
2245 5442 2393 5481 erre.

2010 5444 2179 5485 mum
2224 5442 2393 5482 terre.

3317 5620 3380 5675 17
