4142 6196
565 328 667 382 523
1893 320 2155 377 MENSIS

2296 320 2595 376 GUSTUS.
3819 317 3927 372 524

569 452 676 508 illo
700 450 973 508 Tbarsitii
1000 465 1267 521 corpore,
1303 447 1491 504 multo
1522 464 1658 504 cum
1703 452 1942 520 stupore
1986 447 2226 517 aufuge-
2257 448 2302 499 A
2336 446 2580 501 ctissimi
2600 439 3561 517 Stephanipontiﬁcisetmartyris
3586 440 3804 509 locum,
3828 444 3928 498 Xi-

568 546 724 603 runt,
755 545 810 595 et
848 541 922 595 ad
965 539 1170 610 Appia:
1200 540 1310 593 viae
1336 543 1570 609 portam
1601 537 1919 603 venientes,
1952 535 2226 592 Christia-
2337 540 2487 589 stum
2502 537 2776 590 Romanis
2796 533 2960 589 urbis
2979 533 3308 605 episcopum
3327 530 3930 587 constitueruntnono

571 645 680 685 nos
709 628 929 685 multos
953 627 1326 683 invenerunt.
1355 629 1482 683 Mox
1499 627 1812 681 Valeriano
1834 642 1956 680 rem
1980 641 2222 680 omnem
2334 624 2632 679 Kalendas
2665 623 2963 694 Septemb.
2993 622 3162 677 tertio
3179 636 3336 676 anno
3370 619 3684 686 Valeriani,
3714 627 3767 675 et
3795 619 3929 676 Gal-

569 733 916 789 exposuere.
949 716 1050 772 lllo
1090 721 1286 771 autem
1319 716 1449 787 ipso
1474 715 1571 770 die
1599 715 1908 770 Christiani
1941 729 2225 770 veneran-
2334 713 2870 783 lienisecundo(3):
2899 713 2956 767 in
2976 710 3146 767 nobis
3161 717 3360 765 autem
3375 710 3927 778 regnanteDomino

567 806 713 862 dum
746 805 987 874 gloriosi
1020 805 1293 876 martyris
1319 803 1590 860 Tharsitii
1621 819 1838 875 corpus
1877 804 1935 858 in
1961 808 2224 858 ccemete-
2335 807 2542 857 nostro
2580 803 2717 858 .lesu
2745 801 2972 857 Christo
3006 820 3018 858 :
3061 802 3153 856 cui
3183 799 3254 854 sit
3283 797 3470 868 gloria
3499 802 3558 854 et
3599 798 3922 870 imperium

566 895 652 950 rio
713 895 906 950 Calisti
954 895 1011 949 in
1053 896 1146 949 via
1193 893 1386 966 Appia
1438 893 1860 964 deposuerunt.
1910 895 2044 948 Post
2095 892 2223 947 hth
2334 907 2493 947 nunc
2521 896 2576 946 et
2605 907 2860 962 semper,
2895 895 2948 946 et
2978 891 3038 945 in
3061 888 3264 945 secula
3290 887 3668 944 saeculorum.
3700 890 3911 944 Amen.

577 983 1050 1040 Christianorum
1093 983 1350 1039 Ecclesia
1390 981 1451 1036 in
1483 997 1669 1037 unum
1701 981 1966 1046 collecta,
1998 982 2057 1036 in
2085 996 2220 1036 san-

566 1230 602 1286 l.
638 1159 709 1239 (3)
741 1157 1004 1285 {lepidum
1044 1157 1141 1214 hic
1179 1157 1487 1230 irrepsisse
1526 1158 1650 1215 vult
1679 1157 1965 1214 Baronius
1996 1170 2152 1212 anno
2177 1157 2281 1210 260
2314 1154 2782 1227 ponendumque
2803 1169 3028 1211 annum
3058 1152 3357 1210 Valeriani
3387 1158 3669 1226 quartum
3709 1161 3762 1210 et
3795 1154 3928 1212 Gal-

591 1246 707 1286 ieni
762 1246 824 1285 er
873 1247 992 1286 um.

591 1246 707 1286 lenl
741 1246 992 1286 teruum.

1795 1500 2687 1621 ΜΑΡΤΥΡΙΟΝ

1210 1695 1425 1780 ΤΟΥ
1463 1694 1816 1782 ΑΓΙΟΥ
1846 1687 2624 1782 ΠΑΝΕΝΔΟΞΟΥ
2667 1691 3253 1782 ΜΑΡΤΥΡΟΣ

1758 1854 2736 2030 ΕΥΠΛΟΥ.

1811 2324 2695 2445 ΜΑΒΤΥΒΙΠΜ

1156 2622 1525 2712 SANCTI
1610 2623 2671 2728 GLORIOSISSIMIQUE
2757 2625 3332 2712 MARTYRIS

1913 2873 2560 3061 EUPLI

1014 3179 1091 3233 (12
1126 3177 1370 3242 Augusti.
1401 3204 1462 3212 —
1498 3177 1569 3226 Ex
1595 3177 1957 3228 monumentis
1993 3178 2126 3229 Eccl.
2155 3178 2347 3230 Graecae
2379 3179 2516 3229 Joan
2537 3179 2685 3244 Bapt.
2719 3180 2979 3237 Cotelerii,
3016 3187 3144 3233 tom.
3171 3182 3207 3239 l,
3238 3197 3288 3246 p.
3325 3183 3451 3245 194).

2389 3473 2468 3529 Λ’.
2524 3478 2668 3527 Κατὰ
2711 3478 2832 3536 τοὺς
2869 3479 3075 3549 καιροὺς
3107 3474 3472 3532 Διοκλητιανοῦ
3503 3480 3592 3528 καὶ
3645 3476 3913 3548 Μαξιμια-

2311 3571 2398 3614 νοῦ
2448 3572 2543 3615 τῶν
2595 3563 2872 3636 βασιλέων,
2914 3573 3146 3626 τοιοῦτος
3194 3567 3353 3636 θυμὸς
3404 3572 3466 3636 τῇ
3509 3562 3912 3639 εἱδωλολατρείᾳ

2310 3651 2500 3722 ἐγένετο
2556 3655 2674 3706 καθ’
2724 3655 2946 3712 ἑκάστην
2978 3660 3165 3727 χώραν
3208 3660 3294 3705 καὶ
3342 3661 3519 3716 νῆσον,
3570 3657 3704 3706 ὥστε
3734 3657 3908 3708 πάντα

2305 3744 2369 3792 τὰ
2400 3739 2590 3794 εἴδωλα
2621 3743 2887 3817 ἐξεγεῖραι.
2941 3743 3273 3796 ’Λπέστειλαν
3329 3739 3386 3794 δι
3431 3745 3480 3794 οἱ
3513 3741 3751 3814 βασιλεῖς
3783 3763 3902 3796 τινα

2305 3829 2519 3902 ὀνόματι
2601 3835 2952 3905 Πεντάγουρον
3023 3833 3071 3884 ἐν
3129 3841 3236 3894 τοίς
3291 3834 3453 3905 ὁρίοις
3498 3839 3586 3892 τῆς
3644 3831 3905 3904 ἐπαρχίας

2305 3920 2550 3982 Σικελίας,
2630 3924 2798 3973 πάντα
2865 3925 2930 3973 τὰ
3009 3918 3198 3974 εἴδωλα
3272 3921 3538 3992 ἐξεγεῖραι,
3609 3926 3696 3972 καὶ
3775 3927 3901 3985 τοὺς

2303 4012 2652 4081 Χριστιανούς
2699 4008 2872 4070 ἀθώοις
2905 4009 3228 4068 ἀναλωθῆναι
3275 4014 3362 4061 καὶ
3410 4005 3600 4069 δειναῖς
3629 4015 3905 4084 τιμωρίαις

2303 4094 2709 4167 βασανισθῆναι.
2755 4099 2838 4159 Ὠς
2886 4096 2945 4151 δε
2996 4102 3211 4170 ἔφθασεν
3260 4098 3308 4150 ἐν
3356 4106 3417 4170 τῇ
3457 4105 3755 4150 Καταναίων
3803 4106 3900 4151 πόο

2299 4185 2391 4250 λει,
2452 4190 2584 4239 κατὰ
2637 4191 2694 4239 τὸ
2755 4188 2932 4249 εἰωθός
3005 4187 3259 4240 ἐκέλευσεν
3308 4190 3333 4239 ό
3391 4187 3734 4249 Καλϐισιανὸς
3784 4196 3904 4250 τοῖς

2299 4278 2480 4345 ὄχλοις
2508 4285 2599 4336 τῆς
2633 4276 2826 4337 πόλεως
2855 4275 3147 4334 ἀπάντησιν
3177 4279 3506 4333 ποιήσασθαι
3537 4283 3629 4328 τοῦ
3667 4275 3902 4328 ἀποστα-

2295 4362 2465 4424 λέντος
2515 4367 2612 4417 ὑπό
2663 4374 2758 4417 τῶν
2805 4364 3083 4438 βασιλέων,
3128 4369 3195 4426 ὡς
3239 4368 3346 4426 ἔθος
3377 4362 3436 4423 ἧν
3485 4374 3583 4416 τῶν
3613 4365 3886 4423 Ἑλλήνων,

2299 4459 2398 4506 Καὶ
2450 4454 2681 4512 εἰσῆλθεν
2727 4457 2752 4506 6
2809 4457 3160 4530 Πεντάγουρος
3213 4453 3261 4506 ἐν
3291 4462 3352 4527 τῇ
3402 4454 3564 4507 πόλει.
3619 4459 3743 4506 Τότε
3790 4453 3894 4507 ἔχει

2293 4541 2467 4594 λενσεν
2515 4545 2539 4594 6
2592 4543 2934 4604 Καλϐισιανὸς
2984 4547 3040 4595 τό
3082 4543 3415 4618 τριϐωνάλιόν
3469 4543 3629 4595 αὐτοῦ
3682 4545 3894 4600 τεθῆναι

619 3471 684 3524 ll.
708 3470 1095 3543 Temporibus
1119 3472 1458 3529 Diocletiani
1492 3479 1548 3528 et
1577 3472 1924 3529 Maximiani
1955 3471 2209 3544 impera-
2239 3473 2282 3527 Β

550 3565 765 3624 torum,
787 3565 986 3616 tantus
1004 3561 1330 3618 idololatris
1349 3562 1539 3619 fervor
1558 3563 1853 3619 insederat
1867 3579 1972 3635 per
1990 3579 2201 3618 omnes

546 3648 821 3717 regiones
840 3656 897 3704 et
927 3650 1174 3717 insulas,
1206 3657 1266 3706 ut
1291 3651 1450 3707 idola
1470 3659 1687 3708 cuncta
1707 3653 2015 3722 erigerent.
2037 3653 2202 3706 Mise-

544 3742 682 3792 runt
722 3743 922 3793 autem
954 3739 1346 3810 imperatores
1372 3741 1700 3812 quemdam
1725 3740 1966 3796 nomine
1999 3743 2200 3796 Penta-

542 3839 759 3893 gurum
786 3825 844 3880 in
877 3826 1026 3881 fines
1059 3829 1373 3899 provinciae
1415 3828 1642 3895 Sicilire,
1675 3827 1781 3900 qui
1808 3830 2011 3884 omnia
2037 3828 2199 3883 idola

538 3913 806 3983 erigeret,
835 3913 1197 3972 Christianos
1237 3933 1373 3972 vero
1401 3919 1647 3988 impune
1677 3918 2042 3988 disperderet
2068 3933 2194 3986 gra-

538 4002 828 4075 vibusque
867 4009 1166 4074 torqueret
1194 4006 1522 4077 suppliciis.
1556 4009 1622 4061 Ut
1647 4021 1789 4075 ergo
1819 4007 2083 4078 pervenit
2117 4007 2192 4062 ad

535 4091 1146 4156 Catanamcivitatem,
1166 4095 1537 4150 Calvisianus
1567 4096 1635 4150 de
1651 4111 1812 4150 more
1840 4095 1993 4166 plebi
2031 4095 2191 4150 urbis

537 4182 816 4252 praecepit
845 4181 1082 4236 obviam
1120 4183 1356 4254 prodire
1388 4185 1436 4239 ei
1469 4187 1570 4256 qui
1603 4184 1680 4239 ab
1728 4183 2189 4256 imperatoribus

533 4269 970 4326 missusfuerat.
1003 4274 1080 4327 Ea
1110 4275 1333 4344 quippe
1361 4273 1666 4342 gentilium
1690 4275 2061 4329 consuetudo
2081 4281 2187 4332 est.

533 4358 599 4410 Et
627 4356 934 4426 ingressus
967 4366 1058 4414 est
1088 4361 1455 4430 Pentagurus
1481 4361 1538 4416 in
1563 4361 1792 4416 urbem.
1813 4364 1972 4417 Tunc
2007 4364 2190 4432 jussit

531 4444 906 4501 Calvisianus
948 4448 1209 4504 tribunal
1249 4465 1425 4504 suum
1457 4450 1737 4505 constitui
1794 4450 1852 4505 in
1893 4451 2025 4506 loco
2082 4453 2186 4524 qui

527 4533 810 4589 Acbillius
863 4537 1232 4608 appellatur;
1265 4539 1340 4594 ad
1381 4539 1507 4594 haec
1539 4555 1842 4611 praacones
1898 4541 2049 4597 mitti
2081 4557 2185 4613 per

525 4628 758 4695 plateas
789 4624 1056 4694 civitatis,
1089 4643 1212 4699 quo
1242 4629 1501 4685 universi
1531 4631 1930 4686 convenirent.

595 4888 655 4944 ll.
689 4889 867 4959 igitur
890 4906 1027 4946 cum
1060 4892 1433 4962 Pentagurus
1471 4894 1531 4949 in
1561 4894 1857 4952 diabolico
1888 4912 1997 4952 suo
2028 4896 2175 4952 solio

519 4977 748 5033 sederet
778 4995 899 5034 una
946 4995 1082 5034 cum
1139 4976 1491 5048 Calvisiano,
1545 4985 1858 5040 universus
1915 4986 2173 5056 populus

517 5074 917 5136 congregatus
943 5075 1030 5123 est
1060 5075 1196 5124 ante
1228 5071 1484 5127 tribunal
1524 5089 1749 5128 eorum.
1779 5077 1938 5129 Tunc
1970 5077 2168 5131 Penta-

517 5169 700 5224 gurus
729 5155 1067 5226 postulavit,
1103 5158 1194 5212 his
1220 5159 1296 5214 ad
1335 5160 1734 5216 Calvisianum
1763 5163 1955 5217 verbis
1983 5179 2122 5218 usus
2153 5181 2164 5218 :

518 5245 689 5299 lstine
715 5262 926 5301 omnes
953 5247 1202 5303 deorum
1222 5255 1561 5306 nostrorum
1590 5251 1936 5320 religionem
1969 5253 2146 5308 obser

516 5336 658 5386 vant
683 5331 712 5386 ?
741 5335 1064 5406 Respondit
1093 5336 1458 5393 Calvisianus
1499 5339 1582 5394 sic
1615 5358 1626 5397 :
1661 5339 1864 5394 Cuncti
1897 5340 1956 5395 hi
2013 5357 2164 5413 quos

515 5419 704 5489 pietas
765 5426 862 5476 tua
911 5425 1222 5496 conspicit,
1275 5425 1522 5483 deorum
1593 5434 1931 5483 nostrorum
1981 5429 2162 5485 cultui

512 5507 694 5563 dediti
725 5516 880 5566 sunt.
912 5513 1052 5576 Qum
1106 5519 1430 5586 postquam
1478 5515 1698 5571 audivit
1745 5533 1779 5570 a
1809 5517 2159 5584 Calvisiano,

509 5595 716 5654 turbas
741 5597 918 5669 jussit
948 5600 1180 5657 dimitti.
1225 5601 1446 5660 Deinde
1507 5607 1872 5676 Pentagurus
1901 5606 2160 5664 edictum

2290 4628 2337 4681 ἓν
2390 4640 2461 4701 τῷ
2518 4651 2660 4703 τόπῳ
2712 4641 2781 4701 τῷ
2831 4633 3080 4704 λεγομένῳ
3135 4631 3411 4703 Ἀχιλλίῳ.
3483 4637 3581 4684 Καὶ
3629 4631 3891 4683 ἐκελευσεν

2287 4725 2520 4792 κήρυγας
2568 4720 2923 4781 ἀποσταλῆναι
2970 4724 3105 4773 κατὰ
3137 4724 3230 4784 τὰς
3260 4722 3500 4782 πλατείας
3531 4729 3621 4782 τῆς
3667 4720 3885 4788 πόλεως,

2209 4798 2249 4855 C
2286 4809 2420 4861 ὥστε
2447 4811 2639 4871 πάντας
2672 4812 3135 4883 συναθροισθῆναι.

2359 4898 2425 4951 Β’.
2473 4903 2599 4950 Τότε
2630 4901 2654 4949 6
2702 4902 3052 4973 Πεντάγουρος
3090 4900 3360 4959 καθεσθεὶς
3410 4898 3458 4950 ἐν
3490 4905 3562 4968 τῷ
3595 4895 3881 4968 διαϐολικῷ

2283 4985 2442 5037 αὐτοῦ
2492 4988 2653 5060 θρόνῳ
2704 4992 2797 5039 σὺν
2837 4997 2908 5058 τῷ
2959 4987 3310 5057 Καλϐισιανῷ,
3371 4989 3728 5060 συνηθροίσθη
3784 4993 3883 5047 πᾶς

2281 5077 2306 5125 ό
2355 5075 2470 5135 λαός
2519 5079 2807 5149 ἔμπροσθεν
2852 5085 2942 5130 τοῦ
2993 5077 3226 5150 βήματος
3254 5077 3440 5130 αὐτῶν.
3473 5083 3600 5129 Τότε
3626 5074 3884 5128 ἐκέλευσεν

2279 5165 2304 5214 6
2389 5167 2760 5239 Πεντάγουρος,
2842 5167 3002 5238 λέγων
3064 5169 3194 5240 πρὸς
3273 5165 3637 5219 Καλϐισιανόν·
3718 5164 3882 5219 Οὗτοι

2276 5255 2457 5314 πάντες
2513 5260 2605 5312 τὴν
2670 5264 2768 5306 τῶν
2829 5258 2951 5308 θεῶν
3010 5259 3154 5328 ἡμῶν
3213 5255 3451 5329 λατρείαν
3511 5253 3875 5321 ἱπιτελοῡσινς

2277 5341 2598 5416 Ἀποκριθεὶς
2652 5342 2710 5397 δε
2761 5345 2786 5396 ὁ
2841 5345 3188 5406 Καλϐισιανὸς
3246 5341 3399 5397 εἶπεν·
3477 5346 3701 5404 Τούτους
3755 5343 3880 5393 πάν-

2272 5451 2364 5492 τας
2395 5433 2478 5493 οὒς
2508 5435 2708 5506 καθορᾷ
2735 5435 2761 5492 ὂ
2817 5439 2881 5491 σὴ
2925 5432 3159 5486 εὐσέϐεια
3187 5437 3278 5491 τὴν
3309 5442 3406 5485 τῶν
3441 5435 3563 5486 θεῶν
3593 5434 3738 5503 ἡμῶν
3787 5429 3874 5482 λα-

2271 5526 2442 5594 τρείαν
2473 5522 2819 5578 ἐπιτελοῦσιν.
2878 5529 3056 5575 Ταῦτα
3083 5519 3140 5575 δὲ
3182 5521 3413 5582 ἀκούσας
3457 5523 3557 5573 ὑπὸ
3592 5518 3874 5573 Καλϐισια-

2269 5617 2378 5678 νοῦ,
2429 5609 2659 5664 ἕκελευσε
2711 5615 2827 5672 τοὺς
2878 5611 3066 5683 ὃχλούς
3105 5609 3446 5671 ἀπολύθῆναι.
3494 5615 3619 5664 Τότε
3667 5610 3692 5661 6
3744 5614 3872 5661 Πεν-
