4142 6196
237 282 337 335 5'25

239 410 491 480 τάγουρος
543 403 829 477 ἐνεφάνισεν
885 404 1213 478 Καλϐισιανῳ
1266 411 1323 459 τό
1373 411 1692 481 πρόσταγμα
1734 410 1833 455 τῶν
1870 404 1910 456 Α

240 495 527 568 βασιλέων·
577 500 666 546 καὶ
720 494 973 554 ζὼννυσιν
1042 496 1196 547 αὐτόν
1271 499 1501 568 ἔπαρχον
1576 502 1665 553 τῆς
1741 512 1837 544 πο-

237 586 349 645 λεως
380 587 476 655 (1),
510 590 599 636 καὶ
630 581 962 636 ἀποδίδωσιν
993 584 1133 655 αύτῷ
1165 588 1222 636 τό
1271 590 1587 658 πρόσταγμα
1631 586 1688 634 τό
1736 580 1836 653 βα-

243 675 451 743 σιλικὸν,
511 675 643 726 ὥστε
694 675 944 746 πειράσαι
997 678 1116 735 τούς
1171 678 1539 746 Χριστιανούς.
1598 672 1835 745 Παρευθύ

240 760 321 815 οὖν
373 766 397 815 6
453 765 804 832 Πεντάγουρος
852 758 1156 840 ὁδοιπορίαν
1208 762 1424 815 ἐποιεῖτο
1476 761 1556 813 ἐπὶ
1596 763 1689 822 τὰς
1738 760 1837 811 ἑτέ·-

237 873 324 928 ρας
380 852 580 913 πόλεις·
638 848 877 909 σπουδὴν
945 849 1003 903 δὲ
1056 851 1272 904 ἐποιεῖτο
1328 852 1497 911 ζητῶν
1552 855 1645 907 τήν
1696 856 1832 900 τῶνο

238 944 649 1015 Ἀκραγαντίνων
702 940 870 992 πόλιν.
929 947 1054 993 Τότε
1119 940 1341 1012 ὑψωθεὶς
1398 942 1423 991 6
1492 937 1836 998 Καλϐισιανός

238 1033 333 1084 ύπό
374 1040 467 1083 τοῦ
512 1029 782 1095 διαϐόλου,
816 1026 1162 1103 ἐνδυσάμενος
1206 1050 1258 1082 τε
1290 1034 1346 1082 τό
1392 1036 1709 1101 πρόσταγμα
1738 1036 1836 1078 τῶν

240 1119 595 1174 ἁσεϐεστάτων
671 1118 948 1192 βασιλέων,
1036 1122 1201 1190 θυμοῦ
1277 1119 1524 1179 πλησθεὶς
1610 1116 1838 1168 ἐκέλευσε

238 1218 340 1270 τοῖς
391 1211 675 1281 ὑπηρέταις
732 1208 891 1259 αὐτοῦ
942 1207 1100 1279 λέγων
1161 1224 1173 1237 ⁶
1236 1206 1489 1281 Ἀκριϐῶς
1544 1206 1838 1281 ἐρευνῶντες

240 1298 459 1362 ἐξέλθετε
518 1296 599 1349 ἐπὶ
651 1299 744 1357 τὰς
796 1296 1039 1357 πλατείας
1093 1299 1186 1358 τὰς
1236 1296 1445 1359 πόλεως,
1488 1300 1575 1347 καὶ
1626 1293 1672 1345 ἐν
1731 1298 1837 1353 τοῖς

238 1394 558 1461 περιχώροις
611 1394 721 1447 τοῖς
778 1384 1115 1456 ἐπικειμένοις
1166 1388 1310 1457 ἡμῖν,
1369 1390 1457 1437 καὶ
1514 1384 1595 1435 ἐὰν
1658 1381 1839 1453 εὕρητέ

1505 270 1944 335 MARTYBIUM
1986 279 2047 336 S.
2090 281 2318 337 EUPLI.

3496 290 3600 342 5‘26

1947 404 2377 477 imperatorum
2406 407 2680 479 patefecit
2711 408 3062 476 Calvisiano,
3095 427 3348 483 cumque
3399 413 3599 485 prmsi-

1946 494 2082 548 dem
2118 494 2278 550 urbis
2309 496 2648 562 declaravit,
2678 514 2909 554 necnon
2942 499 3177 554 tradidit
3206 500 3257 554 ei
3290 501 3599 571 imperiale

1947 582 2227 651 edictum,
2270 591 2333 639 ut
2372 585 2734 642 Christianos
2772 586 3107 659 inquireret.
3151 588 3467 643 Confestim
3499 589 3604 644 ita-

1946 686 2061 741 que
2086 671 2453 742 Pentagurus
2479 675 2551 730 ad
2588 674 2732 730 alias
2760 676 2935 731 urbes
2966 675 3073 731 iter
3089 693 3260 731 suum
3290 675 3601 745 dirigebat;

1950 758 2263 816 festinabat
2300 778 2471 834 porro
2509 770 2567 819 ut
2608 763 3128 834 Agrigentinorum
3178 765 3478 820 civitatem
3508 781 3607 836 pe-

1948 852 2109 903 teret.
2142 851 2302 905 Tunc
2351 851 2723 908 Calvisianus
2777 853 2967 909 elatus
3010 871 3046 910 a
3093 852 3354 918 diabolo,
3411 860 3466 908 et
3496 853 3605 909 im-

1948 936 2356 1007 piissimorum
2388 941 2817 1013 imperatorum
2852 942 3043 999 edicto
3073 944 3355 1007 munitus,
3392 942 3605 1014 plenus

1949 1022 2182 1091 furoris,
2214 1027 2395 1083 edixit
2441 1029 2725 1086 ministris
2778 1032 2897 1085 suis
2929 1030 2989 1086 in
3032 1030 3156 1087 haec
3211 1032 3408 1086 verba:
3444 1030 3605 1086 Exite

1948 1114 2024 1169 ad
2060 1115 2219 1170 urbis
2251 1117 2472 1188 plateas
2498 1127 2552 1175 et
2578 1120 2862 1175 ﬁnitimas
2894 1126 3108 1177 nostrae
3138 1122 3407 1194 regiones
3433 1120 3609 1177 inda-

1948 1206 2100 1272 gate,
2150 1221 2219 1259 ac
2265 1206 2312 1260 si
2345 1223 2527 1279 quem
2579 1208 2915 1265 inveneritis
2957 1211 3058 1281 qui
3092 1210 3389 1266 Christum
3421 1209 3609 1265 conﬁ-

1948 1297 2136 1346 teatur
2175 1294 2435 1351 vinctum
2468 1297 2545 1351 ad
2580 1314 2671 1351 me
2722 1297 3017 1364 adducite,
3065 1305 3126 1353 ut
3154 1298 3467 1355 adductori
3498 1313 3610 1354 an-

1949 1395 2173 1435 nonam
2208 1382 2508 1453 adjiciam,
2540 1385 2912 1458 doneturque
2945 1386 3158 1457 majori
3181 1387 3426 1443 honore.

239 1496 353 1528 τινα
396 1479 484 1527 τὸν
530 1478 756 1549 Χριστόν
800 1474 1169 1546 ὁμολογοῦντα,
1224 1471 1439 1547 δέσμιον
1490 1472 1861 1548 προσενέγκατε
1908 1486 1997 1537 μοι
2048 1469 2224 1537 αὐτόν,
2284 1473 2422 1534 ὅπως
2476 1474 2698 1537 ἁννὼνας
2752 1477 3043 1547 προσθήσω
3096 1475 3253 1547 αύτῷ,
3315 1481 3404 1529 καὶ
3453 1480 3607 1549 τιμήν

240 1570 447 1617 πλείονα
475 1563 592 1626 ἔξει.

314 1660 382 1706 Γ.

246 1748 495 1810 Δέσποτα,
551 1744 691 1794 ἔστιν
764 1736 948 1793 ἐνθάδε
1016 1761 1091 1801 τις
1171 1740 1302 1803 ξένος
1378 1739 1591 1812 ὀνόματι
1650 1734 1844 1797 Εύπλος

467 1657 605 1713 Τινὲς
686 1648 773 1704 οὖν
853 1660 955 1704 τῶν
1036 1657 1379 1723 παρεστώτων
1450 1649 1589 1703 εἷπον
1662 1648 1839 1717 αύτῷ·
1880 1645 1923 1699 Β

244 1833 377 1902 ἔχων
431 1827 764 1904 βιϐλαρίδιον
795 1830 907 1900 μεθ’
939 1830 1145 1894 ἑαυτοῦ,
1179 1834 1268 1881 καὶ
1313 1827 1360 1879 ἐν
1391 1831 1555 1899 τούτῳ
1586 1826 1761 1897 ἀπατᾷ
1786 1828 1842 1876 τό

242 1918 439 1978 πλῆθος
511 1925 600 1970 τοῦ
674 1919 819 1984 λαοῦ,
879 1918 1036 1990 λέγων
1093 1920 1172 1970 ὅτι
1247 1922 1407 1990 μέγας
1465 1919 1489 1968 6
1548 1919 1675 1975 Θεὸς
1745 1922 1844 1965 τῶν

246 2013 572 2081 Χριστιανῶν
630 2007 791 2061 ἐστιν.
842 2012 968 2059 Τότε
1013 2006 1239 2067 ἀκούσας
1290 2008 1314 2058 6
1362 2004 1706 2065 Καλϐισιανὸς
1756 2009 1844 2055 καὶ

244 2098 533 2171 ταραχθεὶς
602 2092 771 2148 εἶπεν·
834 2092 1136 2155 Σπουδαίως
1203 2093 1417 2166 δέσμιον
1487 2094 1845 2169 προσαγάγετέ

244 2205 331 2257 μοι
386 2184 561 2237 αὐτόν.
598 2184 926 2247 Ἀπελθόντες
975 2180 1033 2237 δι
1080 2186 1127 2236 οἱ
1176 2185 1447 2257 ὑπηρέται,
1484 2188 1571 2234 καὶ
1617 2178 1846 2255 διαδρα-

245 2280 420 2348 μόντες
477 2278 571 2336 τὰς
645 2274 883 2335 πλατείας
952 2284 1045 2335 τῆς
1116 2274 1325 2338 πόλεως,
1382 2273 1525 2346 εὗρον
1584 2272 1734 2323 αὐτὸν
1798 2270 1844 2322 ἐν

245 2364 425 2436 κελλίῳ
458 2360 711 2435 διάγοντα
741 2369 829 2416 καὶ
880 2360 1209 2416 διδάσκοντα
1237 2366 1357 2424 τοὺς
1397 2363 1551 2424 λαούς
1580 2364 1637 2414 τό
1672 2361 1846 2430 Εύαγ-

244 2453 410 2527 γίλιον
460 2461 552 2505 τοὺ
605 2460 758 2506 Θεοῦ.
822 2456 921 2505 Καὶ
996 2453 1323 2520 εἰσελθόντες,
1381 2448 1669 2525 ἐπέδραμον
1722 2452 1847 2520 πρός

249 2544 396 2595 αὐτόν
425 2564 436 2575 ο
496 2548 586 2594 καὶ
635 2538 892 2603 δήσαντες
942 2542 1116 2608 αύτὸν,
1154 2545 1369 2613 ἤνεγκαν
1418 2540 1706 2615 ἔμπροσθεν
1756 2545 1847 2590 τοῦ

249 2631 509 2704 βήματος.
572 2630 918 2684 Καλϐισιανού
966 2639 1057 2682 τοῦ
1110 2630 1367 2706 ἐπάρχου.
1414 2635 1540 2681 Τότε
1592 2631 1617 2680 6
1672 2627 1848 2679 ἀσεϐέ-

250 2741 438 2782 στατος
498 2726 586 2772 καὶ
659 2717 901 2782 διάϐολος
975 2720 1316 2780 Καλϐισιανός
1391 2717 1657 2780 ἑπιπλέξας
1730 2721 1846 2779 τοὺς

242 2808 436 2878 πόδας,
491 2816 579 2861 καὶ
654 2813 746 2871 τὰς
815 2816 1002 2881 χεῖρας
1060 2809 1220 2861 αὑτοῦ
1272 2805 1595 2880 ἐνδεσμήσας
1649 2807 1732 2858 ἐπὶ
1786 2808 1848 2857 τὰ

241 2904 457 2971 γόνατα,
494 2895 663 2950 εἶπεν·
700 2902 763 2950 Σύ
810 2896 905 2950 εἶό
954 2898 1238 2960 ἀπατηλὸς,
1285 2906 1382 2950 τῶν
1439 2899 1560 2949 θεῶν
1609 2900 1698 2947 καὶ
1748 2903 1845 2946 τῶν

244 2989 642 3062 αὐτοκρατόρων
700 2993 1132 3061 καταφρονητής;
1190 2988 1248 3039 Ὀ
1332 2984 1389 3040 δὲ
1447 2987 1595 3056 οἷγιος
1650 2983 1847 3046 Εύπλος
1885 2992 1925 3046 C

242 3075 423 3131 εἶπεν’
481 3082 624 3139 Τίνες
678 3077 808 3129 εἰσὶν
862 3079 909 3129 οἱ
960 3080 1063 3129 θεοὶ
1128 3078 1289 3149 ὑμῶν,
1347 3078 1428 3127 ἱνα
1491 3078 1844 3149 προσκυνήσω

242 3169 471 3233 αύτούςς
503 3166 561 3218 Ὀ
617 3162 675 3219 δὲ
732 3165 1078 3227 Καλϐισιανὸς
1128 3163 1261 3218 εἶπεν
1292 3185 1303 3196 ⁴
1361 3168 1441 3218 Διὶ
1488 3169 1575 3216 καὶ
1624 3162 1845 3219 Ἀσκλη-

239 3265 349 3326 πιῷ
406 3261 496 3307 καὶ
572 3252 845 3330 Ἀρτέμιδι
916 3261 1003 3307 καὶ
1070 3256 1300 3325 Γαληνῷ.
1358 3254 1415 3307 Ὀ
1472 3250 1529 3306 δὲ
1593 3256 1843 3325 μακάριος

245 3343 454 3404 Εὖπλος
501 3343 633 3396 εἶπεν
664 3362 675 3372 ·

240 3436 393 3507 ἡμῶν
449 3432 652 3489 Ἰησοῦν
706 3433 799 3484 ούκ
858 3430 1214 3503 ἐπιγνωσκεις,
1274 3437 1358 3483 τόν
1411 3436 1706 3487 ποιήσαντα
1758 3432 1844 3480 τόν

712 3342 793 3396 Ἐν
841 3347 1037 3404 τούτοις
1086 3342 1131 3396 εἶ
1167 3343 1370 3415 τυφλός,
1403 3345 1479 3395 ὅτι
1519 3346 1604 3394 τὸν
1655 3345 1844 3415 Κύριον

241 3523 462 3596 οὐρανὸν
506 3526 592 3573 καὶ
642 3526 735 3578 τήν
766 3528 884 3592 γῆν,
919 3527 1007 3572 καὶ
1054 3525 1139 3573 τὸν
1173 3522 1441 3593 οἰνθρωπον
1486 3519 1539 3571 ἐκ
1581 3528 1681 3590 γῆς
1730 3515 1845 3571 δια-

240 3611 540 3676 πλάσαντα,
574 3614 659 3662 τὸν
713 3608 1003 3663 ἰνδύσαντα
1048 3612 1185 3681 ἡμᾶς
1229 3615 1345 3671 τοὺς
1386 3614 1729 3686 Χριστιανούς
1774 3612 1845 3660 ἔν-

244 3697 398 3771 δυμα
429 3700 742 3773 ἀφθαρσίας,
777 3705 835 3751 τό
880 3706 1049 3771 τίμιον
1080 3705 1169 3751 καὶ
1218 3697 1554 3773 ύπερένδοξον
1598 3704 1684 3751 καὶ
1716 3719 1847 3750 παν-

241 3790 419 3859 άγιον,
452 3786 663 3862 φοϐερόν
694 3794 782 3839 καὶ
829 3792 1144 3860 φωταγωγόν
1184 3787 1483 3861 βάπτισμα.
1523 3792 1652 3861 Πρὸς
1682 3796 1847 3840 ταῦτα

244 3876 593 3936 Καλϐισιανός
642 3875 978 3948 ὑπομειδιῶν,
1013 3881 1104 3949 ἔφη
1132 3900 1143 3911 ο
1176 3879 1259 3938 Εἰς
1303 3877 1571 3951 βασάνους
1616 3883 1685 3950 μή
1738 3878 1848 3930 εἰσ-

241 3967 424 4031 ελθὼν,
458 3974 769 4041 τυραννικῶς
810 3974 977 4017 ταῦτα
1021 3966 1200 4039 λέγεις.
1232 3967 1290 4019 Ὀ
1341 3964 1399 4019 δε
1451 3969 1597 4038 ἅγιος
1649 3964 1848 4028 Εύπλος

241 4052 422 4109 εἶπεν·
468 4056 533 4106 0i
579 4052 806 4126 βάσανοί
853 4074 937 4107 σοι
981 4053 1094 4128 ἐμοὶ
1145 4060 1393 4128 στέφανός
1435 4055 1603 4107 εἰσινο
1658 4061 1741 4107 σοὶ
1790 4051 1849 4106 δέ

242 4144 381 4197 εἰσιν
414 4148 619 4204 σκότος.

318 4232 391 4287 Δ’.
430 4238 557 4286 Τότε
588 4234 613 4283 6
646 4230 984 4293 ἀσεϐέστατος
1036 4232 1379 4294 Καλϐισιανός
1424 4233 1655 4297 ἀκούσας
1685 4244 1852 4287 ταῦτα

2024 1649 2091 1703 lll
2121 1649 2376 1713 Quidam
2408 1667 2549 1721 ergo
2608 1667 2680 1707 ex
2752 1651 3125 1708 adstantibus
3165 1653 3441 1709 dixerunt
3482 1654 3606 1710 illi:

1954 1738 2221 1803 Domine,
2250 1746 2339 1795 est
2365 1741 2457 1795 hic
2486 1740 2701 1813 aliquis
2727 1743 3601 1815 peregrinus,nomineEuplus,

1952 1828 2051 1898 qui
2085 1844 2287 1884 secum
2318 1829 2588 1885 libellum
2644 1831 2840 1895 habet,
2877 1830 2937 1886 in
2968 1848 3085 1904 quo
3118 1831 3307 1905 plebis
3342 1833 3604 1889 multitu-

1953 1916 2153 1972 dinem
2179 1918 2635 1989 decipit,dicens
2665 1920 2829 1992 quod
2863 1936 3118 1992 magnus
3160 1921 3233 1977 sit
3261 1924 3410 1977 Deus
3449 1922 3606 1978 Chri-

1954 2006 2440 2073 stianorum.Quo
2468 2009 2671 2064 audito
2693 2008 3067 2065 Calvisianus
3092 2011 3471 2080 perturbatus
3488 2012 3602 2067 ait:

1953 2095 2179 2150 Festine
2204 2095 2467 2151 vinctum
2494 2097 2569 2153 ad
2586 2114 2679 2152 me
2702 2096 2977 2153 adducite
2998 2097 3327 2153 hominem.
3352 2099 3606 2155 Proinde

1954 2184 2229 2239 abierunt
2255 2184 2575 2240 satellites:
2612 2191 2667 2241 et
2698 2186 2995 2257 percursis
3030 2185 3193 2241 urbis
3254 2187 3482 2258 plateis,
3517 2186 3607 2242 in-

1954 2278 2243 2329 venerunt
2271 2290 2405 2329 eum
2438 2273 2495 2328 in
2529 2273 2740 2330 cellula
2770 2280 3129 2339 morantem,
3168 2273 3386 2347 Deique
3419 2277 3606 2332 Evan-

1955 2361 2173 2433 gelium
2202 2363 2425 2435 populo
2448 2367 2867 2435 exponentem.
2908 2364 3069 2419 Unde
3100 2363 3379 2433 ingressi,
3419 2365 3605 2437 impe-

1958 2456 2082 2506 tum
2113 2451 2398 2506 adversus
2420 2452 2585 2507 illum
2607 2451 2890 2517 fecerunt,
2915 2451 3289 2525 ligatumque
3309 2453 3606 2509 duxerunt

1958 2539 2033 2594 ad
2065 2539 2327 2595 tribunal
2356 2539 2667 2595 Calvisiani
2703 2541 2995 2612 praesidis.
3027 2541 3190 2596 Tunc
3220 2541 3604 2612 impiissimus

1957 2645 2027 2684 ac
2053 2627 2328 2684 diabolus
2352 2628 2748 2695 Calvisianus,
2775 2646 2913 2684 cum
2946 2628 3127 2700 pedes
3148 2646 3288 2685 suos
3311 2630 3605 2686 innexuis-

1957 2722 2063 2783 set,
2126 2732 2458 2789 manusque
2508 2716 2585 2773 ad
2643 2733 2839 2789 genua
2889 2716 3265 2787 colligasset:
3306 2721 3487 2783 Tunc,
3520 2720 3598 2774 in-

1954 2807 2102 2877 quit,
2168 2821 2229 2860 es
2284 2806 2583 2871 seductor,
2625 2805 2876 2861 deorum
2939 2809 3117 2878 atque
3176 2808 3600 2879 imperatorum

1956 2900 2321 2965 contemptor
2351 2896 2464 2949 ?At
2486 2901 2724 2949 sanctus
2747 2893 2969 2966 Euplus
2996 2894 3170 2951 dixit:
3199 2896 3452 2962 Quinam
3468 2902 3605 2953 sunt

1956 2983 2037 3037 dii
2065 2983 2255 3047 vestri,
2294 2989 2353 3038 ut
2395 2984 2641 3039 adorem
2695 2999 2792 3038 eos
2821 2984 2847 3039 ?
2878 2984 3115 3055 Excepit
3174 2984 3553 3041 Calvisianus
3584 3002 3598 3042 :

1955 3071 2260 3127 Adoraudi
2313 3071 2394 3127 dii
2461 3075 2599 3127 sunt
2649 3072 2892 3144 Jupiter,
2948 3073 3341 3145 IEsculapius,
3398 3077 3601 3141 Diana,

1956 3161 2228 3217 Galenus.
2258 3166 2328 3217 At
2378 3162 2587 3217 beatus
2638 3162 2852 3233 Euplus
2880 3162 2962 3217 ait
2995 3179 3006 3217 :
3041 3162 3106 3216 In
3136 3161 3231 3217 his
3279 3178 3468 3219 caecus
3518 3180 3600 3231 es,

1953 3251 2118 3324 quod
2149 3252 2463 3307 Dominum
2514 3257 2783 3306 nostrum
2841 3252 3044 3306 Jesum
3098 3267 3218 3307 non
3267 3253 3603 3321 cognoscis,

1954 3339 2323 3395 conditorem
2351 3339 2480 3394 coeli
2520 3346 2575 3393 et
2604 3344 2794 3405 terrm,
2823 3341 3040 3411 quique
3054 3339 3357 3395 hominem
3392 3357 3423 3395 e
3448 3345 3603 3398 terra

1956 3429 2246 3492 formavit,
2282 3445 2351 3483 ac
2383 3444 2491 3482 nos
2522 3428 2886 3484 Christianos
2923 3428 3115 3484 induit
3146 3435 3301 3484 veste
3362 3430 3603 3486 immor-

1957 3517 2215 3582 talitatis,
2258 3516 2517 3589 pretioso
2548 3517 2837 3580 videlicet,
2868 3516 3322 3586 gloriosissimo,
3356 3520 3602 3576 sanctis-

1955 3606 2127 3669 simo,
2153 3605 2391 3661 terribili
2423 3610 2603 3677 atque
2634 3604 3055 3661 illuminatorio
3101 3606 3486 3678 baptismate.
3516 3610 3603 3664 Ad

1955 3694 2082 3749 haec
2114 3693 2483 3749 Calvisianus
2542 3694 2861 3749 subridens
2917 3693 3263 3759 inﬁtzouia
3312 3701 3604 3753 tormenta

1957 3783 2227 3838 nondum
2256 3782 2509 3847 subiisti,
2543 3782 2694 3838 adeo
2710 3781 3017 3853 tyrannice
3046 3798 3116 3837 ac
3131 3784 3387 3855 superbe
3405 3784 3605 3857 loque-

1955 3871 2055 3927 ris.
2089 3874 2463 3942 Responsum
2496 3870 2659 3926 dedit
2712 3874 2954 3925 sanctus
3001 3871 3221 3943 Euplus
3247 3889 3259 3926 :
3289 3874 3608 3931 Tormenta

1956 3961 2057 4020 illa
2106 3966 2226 4027 tua,
2280 3960 2427 4015 mihi
2476 3975 2697 4017 corona
2750 3965 2907 4031 sunt,
2935 3960 3039 4016 tibi
3082 3976 3222 4017 vero
3272 3968 3407 4016 sunt
3449 3967 3606 4019 tene-

1958 4050 2099 4106 brae.

2030 4231 2115 4285 ιν.
2151 4232 2291 4295 Quas
2344 4234 2663 4302 postquam
2713 4229 2935 4285 audivit
2981 4229 3372 4302 impiissimus
3422 4231 3609 4288 Calvi-

239 4322 520 4397 ἐταράχθη
575 4323 673 4373 ύπό
720 4329 815 4373 τοῦ
862 4326 1056 4395 πατρὸς
1106 4323 1264 4376 αὑτοῦ
1308 4332 1400 4375 τοῦ
1447 4321 1727 4376 διαϐόλου·
1764 4330 1847 4377 καὶ

1962 4320 2191 4388 sianus,
2224 4338 2256 4375 a
2290 4322 2454 4390 patre
2502 4334 2610 4374 suo
2657 4318 2893 4374 diabolo
2932 4319 3321 4375 conturbatus
3368 4325 3495 4384 est;
3539 4338 3609 4377 ac

241 4412 511 4464 ἐκέλευσεν
567 4420 798 4482 παγῆναι
848 4409 1016 4476 ξύλον,
1070 4418 1158 4465 καὶ
1215 4415 1575 4486 κρεμασθῆναι
1630 4412 1712 4465 ἐπὶ
1761 4423 1851 4466 τοῦ

242 4500 429 4565 ξύλου,
462 4504 550 4550 καὶ
599 4507 783 4572 χεῖρας
831 4497 1058 4572 σιδηρᾶς
1101 4504 1360 4572 γενέσθαι,
1393 4508 1481 4553 καὶ
1510 4503 1854 4565 καταξέεσθαι

241 4592 344 4650 τὰς
396 4589 593 4661 σάρκας
638 4587 797 4639 αὐτοῦ
849 4588 1115 4661 ἐπιμελῶς.
1146 4589 1205 4641 Ὁ
1255 4586 1312 4642 δὲ
1356 4593 1614 4666 μακάριος
1656 4590 1856 4655 Εὖπλος

243 4672 430 4729 εἶπεν·
497 4677 651 4747 Κύριε
704 4674 881 4733 Ἰησοῦ
938 4680 1156 4751 Χριστὲ,
1217 4677 1259 4729 εἰ
1312 4674 1451 4730 οὗτοι
1509 4682 1603 4741 τὰς
1659 4683 1850 4753 σάρκα,

454 4865 713 4938 Ζώννυοὲν
766 4861 925 4938 αὐτόν
995 4865 1224 4938 ἔπαρχον
1281 4874 1369 4926 τῆς
1424 4866 1637 4927 πόλεως.
1699 4870 1840 4923 Mar-

238 4933 472 5013 tyrium
509 4934 582 5013 ‘S.
644 4934 949 5013 Eustathii,
1011 4933 1275 5013 ζώννυται-
1300 4940 1436 4989 κατὰ
1491 4942 1548 4990 τό
1597 4943 1843 5013 πρότερον

238 5003 630 5086 στρατηλάτης,
667 5006 778 5061 Ubi
808 5023 843 5061 a
874 5007 1074 5062 Niceta
1094 5009 1498 5086 Paphlagone,
1530 5003 1842 5086 πιρίζὼννυο

235 5095 333 5150 ται
379 5077 531 5150 ᾳῦθις
562 5077 726 5135 ζώνην
778 5084 1157 5150 στρατηγικὴν.
1187 5077 1565 5145 Ἠίιιορίησιι,
1592 5077 1846 5148 'praecin-

238 5147 349 5214 cli,
368 5146 599 5222 {rariore
619 5155 718 5222 aut
741 5146 972 5222 cingula“
990 5146 1215 5207 honore
1238 5153 1547 5222 pi'zcingi,
1569 5146 1669 5207 etc.
1701 5156 1846 5208 Con-

240 5223 337 5273 tra
364 5217 441 5293 in,
459 5218 754 5293 Chronico
788 5221 1219 5293 Alexandrino,
1241 5217 1308 5293 7p.
1338 5217 1847 5286 744,”Αποζωσθεὶς

234 5296 301 5364 {ri
316 5308 339 5350 ς
357 5288 508 5350 ἀξίας
525 5289 709 5364 «ira».
730 5290 883 5364 Juris
905 5288 1389 5364 Graeco-Romani
1417 5297 1471 5347 P.
1490 5311 1524 5357 ι,
1544 5311 1600 5364 p.
1623 5302 1686 5350 73
1707 5311 1718 5347 :
1743 5300 1847 5352 Τὴν

239 5360 421 5436 ςῶνην
450 5368 547 5436 τῆς
579 5357 721 5422 ἰδίας
766 5360 936 5434 ἀρχῆς
984 5362 1377 5436 ἀφαιρούμενος.
1415 5357 1599 5421 Latini
1645 5366 1851 5421 dicunt

238 5430 578 5507 Cingiliam
602 5430 891 5507 amittere,
918 5430 1161 5507 cingulo
1183 5430 1419 5492 lionoris
1442 5437 1600 5499 exui,
1622 5437 1851 5507 Cinguli

236 5502 547 5577 dignitate
559 5502 951 5577 ngdarin‘lam
963 5502 1391 5575 juxtaSuidam
1406 5512 1539 5571 ζώνη
1556 5502 1852 5577 significat

239 5573 560 5648 τὸᾶξὶωμα.
579 5573 1096 5647 thuodlegimus
1117 5579 1282 5650 apud
1304 5573 1720 5644 Sozomentim,
1746 5579 1848 5635 lib.

1959 4410 2134 4481 jussit
2165 4408 2397 4478 lignum
2438 4409 2496 4462 in
2518 4411 2672 4463 terra
2702 4407 2903 4477 deﬁgi,
2937 4406 3227 4480 illumque
3257 4409 3316 4463 in
3348 4424 3418 4464 eo
3474 4426 3607 4465 sus-

1967 4498 2166 4569 pendi,
2193 4512 2425 4552 necnon
2479 4512 2694 4552 manus
2748 4496 2965 4552 ferreas
3022 4496 3256 4562 conﬁci,
3289 4504 3345 4554 et
3402 4514 3610 4555 carnes

1967 4588 2095 4658 ejus
2125 4585 2454 4641 dilacerari.
2487 4586 2662 4640 Porro
2712 4585 2922 4641 beatus
2967 4585 3186 4657 Euplus
3245 4587 3374 4641 hinc
3433 4586 3613 4643 verba

1969 4675 2243 4749 protulit:
2272 4675 2518 4730 Domine
2542 4675 2686 4730 Jesu
2716 4674 2959 4743 Christe,
2989 4676 3036 4729 si
3075 4674 3169 4730 isti
3195 4690 3401 4731 carnes
3445 4691 3612 4731 meas

1951 4884 1994 4922 1.
2023 4877 2155 4934 cap.
2191 4867 2221 4917 6
2255 4879 2267 4916 :
2304 4864 2418 4915 Ἐπὶ
2444 4871 2533 4923 τῆς
2564 4862 2727 4923 αὐτῆς
2757 4867 2920 4933 μένειν
2962 4860 3151 4927 aliis“;
3184 4860 3286 4934 li_b.
3332 4875 3406 4914 Vll
3438 4876 3603 4934 _cap.

1952 4936 2063 4992 i3:
2102 4928 2474 5007 ’Προύτρέπετο
2525 4928 2765 5007 μείζονος
2821 4942 2979 5007 τιμῆς
3006 4930 3373 5007 ’ἐπαγγελίαις
3425 4928 3599 5007 δελεά-

1955 5012 2123 5070 ζουσα
2148 5002 2383 5062 vertitur
2411 5007 2466 5061 in
2494 5002 2734 5060 historia
2773 5002 3083 5075 'l‘i‘ipai'tita
3107 5024 3119 5057 :
3146 5002 3217 5058 In
3265 5020 3371 5059 suo
3402 5002 3611 5075 cingu-

1958 5082 2449 5157 topermqiierent.
2460 5076 2787 5157 Majorjbus
2802 5074 2927 5157 enin
2941 5076 3199 5157 cing‘uiis
3214 5074 3609 5157 invitUIil'lILUt

1959 5144 2296 5210 in'Novellis
2320 5150 2617 5219 cingulum
2641 5146 2839 5219 Graece
2868 5146 3033 5219 ἀρχή.
3060 5146 3145 5200 Ad
3176 5147 3299 5201 ὴωο
3317 5144 3607 5219 ἀποθέσθαι

1957 5230 2044 5283 τήν
2074 5226 2237 5286 ζώνην
2267 5220 2354 5275 vel
2373 5218 2594 5301 ῥίπτειν,
2628 5217 2936 5301 cingulum
2972 5218 3291 5288 deponere,
3340 5218 3605 5301 balteum

1961 5311 2200 5368 ponere,
2237 5287 2542 5368 projicere,
2575 5296 2661 5344 est
2687 5289 2961 5368 abdicare
2992 5287 3062 5342 se
3102 5287 3609 5368 potestate._Deni-

1961 5360 2077 5439 que
2098 5382 2171 5423 ex
2202 5360 2451 5419 H‘omilia
2471 5360 3400 5439 deﬂunolegislatoreutriusque._
3419 5361 3614 5439 Testa-

1965 5430 2168 5501 menti,
2222 5443 2365 5490 tom.
2428 5450 2478 5488 vr
2535 5434 2589 5486 S.
2652 5430 3076 5503 Chrysostomi,
3135 5430 3310 5503 Ἔστιν
3381 5433 3410 5488 ἠ
3474 5430 3610 5491 ζώνη

1966 5508 2236 5587 βασιλέως.
2281 5512 2554 5587 γνωρισμα
2599 5508 2689 5556 καὶ
2742 5502 2943 5577 κριτοῦ.
3002 5503 3155 5568 Quid
3202 5502 3362 5558 enim
3430 5504 3621 5559 multa

1966 5576 2041 5639 de
2076 5596 2140 5637 re
2176 5576 2440 5634 triviali?
