4142 6196
564 302 670 357 527

564 517 745 573 licum
786 534 958 573 suum
1012 517 1301 583 tribunal,
1339 518 1518 574 indue
1574 535 1667 574 me
1723 533 1903 575 carne
1958 518 2214 572 incorru-

564 607 1019 679 ptionis,neque
1046 607 1290 662 istorum
1310 613 1603 663 tormenta
1624 608 1702 665 ad
1714 623 1918 663 versus
1951 622 2045 661 me
2068 620 2217 678 pras-

561 695 816 751 valeant.
848 697 991 750 Tum
1018 711 1130 751 vox
1156 713 1185 750 e
1215 695 1365 751 caelo
1390 697 1594 751 audita
1624 703 1734 762 est,
1758 694 2104 767 hujusmodi
2137 693 2213 749 ad

562 799 695 839 eum
726 806 739 838 :
775 782 1043 853 Confide,
1070 784 1255 857 Euple
1289 801 1303 851 ;
1334 784 1466 841 forti
1500 786 1581 840 sis
1622 786 1843 841 animo.
1879 784 2026 840 Nam
2074 798 2213 838 vera

561 872 739 928 vestis
778 872 878 927 tibi
935 880 1275 945 prmparata
1330 878 1437 930 est.
1470 874 1603 928 Post
1634 873 1797 947 quod
1838 872 2211 929 Calvisianus

560 976 784 1033 praeses
816 961 956 1016 dixit
986 978 1000 1016 :
1034 961 1131 1016 Vel
1160 978 1319 1017 nunc
1368 978 1486 1017 non
1518 962 1792 1018 destitisti
1825 962 1901 1017 ab
1929 960 2055 1016 istis
2094 959 2209 1015 tuis

558 1050 729 1116 nugis
749 1050 779 1102 ?
804 1050 1133 1120 Ingredere,
1161 1050 1273 1106 diis
1305 1050 1595 1117 sacriﬁca,
1631 1057 1692 1107 ut
1721 1050 1910 1106 multa
1937 1050 2100 1105 bona
2130 1049 2207 1104 ab

559 1138 788 1194 invictis
814 1138 1275 1211 imperatoribus
1325 1140 1606 1211 accipias,
1640 1146 1954 1211 nosterque
1985 1137 2205 1194 evades

558 1227 810 1291 amicus,
839 1227 1181 1299 etingentia
1219 1229 1469 1301 praemia
1494 1245 1595 1299 per
1642 1244 1752 1285 nos
1796 1226 2201 1300 consequeris.

555 1317 806 1373 Sanctus
836 1315 1056 1387 Euplus
1082 1316 1164 1373 ita
1211 1316 1447 1373 locutus
1474 1323 1591 1373 est:
1623 1317 1685 1371 In
1741 1318 1854 1373 hoc
1886 1331 2200 1384 cognosce,

554 1405 902 1478 perditionis
932 1404 1032 1471 ﬁli,
1065 1405 1334 1477 operarie
1362 1405 1609 1471 diaboli,
1637 1404 1802 1479 quod
1823 1420 1969 1461 auro
1995 1420 2203 1474 argen-

554 1499 733 1566 toque
752 1493 865 1550 hos
880 1509 1089 1550 omnes
1118 1494 1387 1551 adducas
1414 1495 1492 1549 ad
1514 1495 1741 1550 cultum
1768 1494 2085 1549 idolorum.
2112 1493 2198 1547 Ad

551 1583 681 1639 haec
705 1583 792 1639 ira
825 1598 1119 1639 accensus
1147 1589 1439 1654 tyrannus
1472 1583 1859 1651 Calvisianus,
1883 1582 2201 1652 imperavit

553 1671 796 1727 malleos
813 1671 1114 1739 fabricari,
1137 1677 1193 1727 et
1210 1671 1506 1727 verberari
1532 1688 1708 1728 crura
1723 1671 1898 1727 illius.
1928 1671 2038 1727 Sed
2061 1671 2199 1727 bea-

1894 302 2154 359 MENSIS
2193 299 2593 357 AUGUSTUS.

565 427 1246 501 dilaniant,nudumque
1272 444 1368 485 me
1394 429 1604 486 volunt
1627 433 1822 487 astare
1853 434 1989 486 ante
2019 426 2179 483 diabc

2290 444 2427 497 ιμου
2494 426 2853 492 καταξέουσιν,
2908 432 2997 480 xui
3063 433 3257 502 γυμνόν
3332 450 3395 502 με

3819 309 3932 363 528

3477 429 3751 503 βούλονται
3822 453 3933 486 πα-

2324 523 2591 586 ραστῆσαι
2642 518 2726 567 ἐπὶ
2784 519 2843 567 τὸ
2901 513 3199 570 διαϐολικὸν
3257 518 3424 571 αύτῶν
3484 518 3656 592 βῆμα,
3703 516 3927 575 ἓνδυσόν

2323 623 2387 675 με
2432 605 2604 676 σάρκα
2642 603 2955 679 ἀφθαρσίας,
2988 611 3079 658 καὶ
3124 612 3193 679 μή
3244 611 3310 660 τὰ
3352 611 3547 661 τούτων
3593 608 3805 681 βάσανα
3851 609 3926 661 ἐνο

2327 697 2628 764 ισχύσωσιν
2659 691 2734 745 ἐπ’
2765 694 2869 766 ἐμέ.
2905 700 3004 748 Καὶ
3036 702 3171 768 φωνή
3222 697 3277 761 ἐξ
3306 698 3523 771 ούρανοῦ
3566 698 3801 757 ἠκούσθη
3833 700 3924 751 λέ-

2319 801 2495 852 γουσα
2520 785 2647 856 πρὸς
2679 782 2833 835 αύτόν
2859 800 2871 813 ’
2907 786 3126 858 Θάρσει,
3164 782 3346 851 Εὖπλε,
3380 792 3468 839 καὶ
3499 789 3660 859 ἴσχυε
3685 806 3697 819 ·
3729 792 3784 840 τό
3814 792 3922 863 γάρ

2320 869 2518 943 ἔνδυμα
2564 876 2623 924 τὸ
2674 870 2913 930 ἀληθινὸν
2963 876 3259 946 ἡτοιμάσθη
3312 895 3416 930 σοι.
3457 883 3584 929 Τοτε
3634 876 3924 930 Καλϐισια-

2316 962 2401 1021 νός
2450 961 2475 1011 6
2523 963 2754 1034 ἔπαρχος
2800 959 2932 1014 εἶπεν
2966 982 2978 993 ·
3017 961 3121 1015 Κάν
3168 970 3255 1015 νῦν
3304 964 3398 1016 οὐκ
3451 962 3672 1025 ἀπέστης
3720 965 3774 1017 ἐκ
3822 975 3922 1030 τῆς

2316 1048 2569 1121 φλυαρίας
2627 1068 2761 1117 σου;
2796 1049 3026 1118 Εἵσελθε,
3076 1056 3166 1104 καὶ
3218 1054 3375 1105 θύσον
3418 1060 3522 1113 τοῖς
3572 1055 3741 1115 θεοῖς’
3776 1056 3920 1117 ὅπως

2310 1137 2472 1189 πολλά
2523 1136 2696 1208 ἀγαθά
2748 1142 2889 1211 παρά
2939 1148 3038 1191 τῶν
3112 1139 3379 1199 ἀηττήτων
3457 1139 3715 1214 βασιλέων
3785 1145 3916 1197 ἀπο·

2312 1224 2478 1299 λήψῃ,
2541 1233 2629 1279 καὶ
2685 1229 2830 1299 ἡμῶν
2888 1227 3027 1300 φίλος
3079 1231 3194 1303 ἴση,
3243 1236 3332 1282 καὶ
3379 1229 3570 1293 πολλὰς
3614 1229 3919 1303 ἀντιλήψεις

2311 1317 2432 1388 παρ’
2501 1318 2644 1388 ήμῶν
2700 1314 2978 1389 ἀποτεύξῃ.
3036 1317 3093 1369 ’0
3147 1318 3297 1389 ἅγιος
3345 1315 3541 1381 Εὗπλος
3599 1316 3731 1372 εἶπεν
3760 1342 3771 1354 ο
3828 1320 3913 1373 Ἐν

2310 1406 2475 1475 τούτῳ
2504 1408 2683 1476 γνῶθι,
2716 1407 2793 1457 υἱὲ
2844 1414 2934 1466 τῆς
2966 1404 3239 1473 ἀπωλείας,
3274 1406 3469 1480 έργάτα
3498 1415 3589 1460 τοῦ
3637 1405 3911 1476 διαϐόλου,

2309 1493 2390 1544 ὃτι
2438 1492 2485 1544 έν
2540 1502 2733 1566 χρυσῷ
2783 1499 2873 1547 καὶ
2943 1493 3152 1569 ἀργύρῳ
3206 1498 3422 1558 τούτους
3472 1498 3664 1557 πάντας
3716 1500 3912 1560 πείθεις

2307 1590 2615 1655 προσκυνεῖν
2668 1584 2731 1635 τά
2782 1579 2989 1635 εἴδωλα.
3056 1588 3192 1657 Πρὸς
3242 1591 3405 1637 ταῦτα
3450 1586 3705 1657 θυμωθεὶς
3746 1588 3772 1638 6
3822 1589 3913 1638 τύ·-

2310 1689 2485 1733 οαννος
2538 1670 2895 1735 Καλϐισιανὸς,
2957 1672 3188 1725 ἐκέλευσε
3243 1676 3440 1748 σφύρας
3496 1677 3757 1744 γενέσθαι,
3818 1680 3911 1728 xui

551 1765 648 1815 tus
682 1761 899 1832 Euplus
924 1750 1103 1816 istum
1122 1760 1332 1816 habuit
1364 1777 1704 1817 sermonem
1734 1779 1746 1811 :
1783 1765 2015 1824 lnsane,
2046 1760 2179 1814 insi-

2307 1767 2417 1819 ταῖς
2459 1764 2682 1832 κνήμαις
2731 1763 3039 1819 τύπτεσθαι.
3082 1762 3140 1815 Ὀ
3186 1759 3244 1815 δὲ
3294 1765 3551 1836 μακάριος
3600 1760 3792 1825 Εὗπλος
3840 1762 3911 1817 εἶ-

549 1849 745 1922 piens,
773 1850 951 1906 corde
976 1866 1149 1915 caece,
1185 1866 1289 1905 cur
1314 1849 1461 1905 mihi
1491 1849 1669 1905 infers
1700 1854 1994 1905 tormenta
2044 1855 2144 1905 tua
2170 1850 2198 1905 ?

548 1938 603 1993 Si
645 1945 835 2010 potes,
863 1939 996 1994 aliis
1025 1938 1327 2010 suppliciis
1358 1954 1615 2011 propera
1636 1954 1731 1994 me
1762 1938 2016 1994 afﬁcere.

616 2204 688 2264 V.
705 2207 867 2261 Tunc
888 2204 967 2259 ad
988 2205 1137 2259 iram
1161 2204 1489 2261 concitatus
1508 2209 1798 2276 tyrannus
1811 2202 2191 2272 Calvisianus,

544 2293 719 2364 jussit
754 2292 1000 2349 beatum
1051 2292 1301 2365 Euplum
1336 2293 1640 2356 devinciri,
1666 2298 1721 2348 et
1751 2308 2040 2361 magnum
2073 2293 2188 2348 im-

541 2381 1030 2453 maculatumque
1058 2381 1444 2451 Evangelium
1467 2381 1694 2453 alligari
1716 2381 1868 2437 collo
1900 2382 2050 2452 ejus,
2081 2381 2190 2436 sic-

537 2486 655 2543 que
705 2470 882 2543 quasi
926 2485 1030 2541 per
1076 2469 1398 2525 ludibrium
1430 2470 1639 2525 abduci
1685 2470 1743 2524 in
1775 2485 2096 2525 carcerem.
2126 2471 2185 2525 In

534 2575 717 2631 quem
741 2559 1011 2630 ingresso
1041 2558 1217 2615 beato
1251 2558 1453 2630 Euplo,
1487 2559 1764 2631 praecepit
1788 2557 2181 2623 Calvisianus,

532 2648 688 2704 fores
743 2649 994 2704 carceris
1025 2648 1247 2718 signari
1289 2647 1512 2704 annulo
1543 2647 1697 2717 ejus,
1733 2653 1913 2719 utque
1968 2647 2181 2702 milites

529 2737 809 2793 eumdem
831 2752 1129 2793 carcerem
1160 2736 1365 2792 sedulo
1387 2736 1773 2792 custodirent.
1802 2739 1949 2792 Cum
1978 2740 2179 2792 autem

528 2824 740 2881 beatus
764 2825 982 2897 Euplus
1004 2825 1061 2880 in
1082 2840 1318 2881 carcere
1340 2830 1568 2896 septem
1595 2824 1718 2879 dies
1740 2840 1810 2879 ac
1829 2831 2056 2897 septem
2081 2840 2182 2879 no-

531 2920 651 2969 ctes
679 2914 1082 2983 transegisset,
1101 2914 1193 2967 siti
1224 2913 1400 2984 cmpit
1428 2912 1724 2969 laborare.
1744 2913 2063 2976 Quorcirca
2089 2930 2181 2967 ex-

534 3002 714 3056 tensis
744 3001 1020 3056 manibus
1064 3001 1253 3056 oravit
1279 3018 1291 3055 :
1324 3001 1467 3055 Here
1500 3000 1743 3055 Domine
1770 3002 1906 3055 lesu
1936 3000 2175 3067 Christe,

2306 1865 2429 1901 πεν·
2505 1848 2713 1924 ’Ἄφρων
2788 1854 2876 1902 καὶ
2956 1850 3167 1904 ἀσύνετε
3240 1857 3329 1904 καὶ
3418 1852 3569 1924 τυφλε
3642 1860 3701 1925 τῇ
3780 1874 3905 1925 καρ⁸

2307 1934 2420 2010 δίᾳ,
2466 1942 2518 1989 τί
2573 1958 2663 2010 μοι
2716 1937 2963 2012 έπιφέρεις
3014 1942 3107 2001 τὰς
3157 1938 3419 2013 βασάνους
3474 1941 3696 2005 σουςΕἰ
3743 1937 3910 1993 δυνα-

2305 2031 2391 2078 τόν
2478 2031 2562 2079 σοί
2642 2026 2803 2093 ἔστιν,
2880 2028 3049 2103 ἐτέρας
3125 2027 3386 2101 βασάνους
3470 2028 3735 2101 έπενέγκαι
3814 2050 3909 2103 μοι

2308 2134 2552 2171 σπευσον.

2374 2204 2446 2259 Ε’.
2499 2209 2625 2257 Τότε
2677 2206 2927 2277 θυμωθεὶς
2979 2206 3005 2258 6
3052 2208 3297 2280 τύραννος
3373 2205 3739 2273 Καλϐισιανός,
3792 2206 3907 2261 Exi-

2300 2291 2474 2346 λευσεν
2524 2290 2739 2352 δεθῆναι
2790 2298 2876 2346 τὸν
2929 2298 3185 2367 μακάριον
3246 2292 3463 2360 Εὖπλιν,
3517 2302 3606 2349 xui
3658 2300 3715 2349 τὸ
3764 2301 3905 2369 μέγα

2299 2382 2561 2455 ἄρχαντον
2603 2382 2908 2453 Εὐαγγέλιον
2941 2379 3157 2442 δεθῆναι
3185 2383 3268 2437 Eni
3300 2388 3386 2436 τὸν
3418 2385 3683 2459 τράχηλον
3714 2385 3898 2451 αὑτοῦ,

2296 2476 2385 2522 καὶ
2413 2473 2482 2533 ὡς
2530 2470 2613 2523 ἐπὶ
2659 2470 3014 2543 έμπαίγματος
3064 2471 3361 2544 ἀπάγεσθαι
3409 2474 3564 2526 αύτόν
3613 2474 3662 2526 έν
3692 2481 3763 2543 τῷ
3808 2470 3898 2527 δε-

2298 2564 2604 2631 σμωτηρίῳ.
2637 2560 2963 2621 Εἰσελθόντος
2995 2557 3054 2613 δε
3091 2570 3182 2613 τοῦ
3225 2567 3487 2637 μακαρίου
3520 2562 3720 2615 Εὗπλου
3751 2565 3798 2614 ἓν
3830 2572 3894 2636 τῇ

2295 2647 2519 2721 φυλακῇ,
2577 2647 2835 2701 ἐκέλευσεν
2886 2651 2910 2701 6
2967 2649 3307 2711 Καλϐισιανὸς
3358 2654 3747 2726 σφραγισθῆναι
3800 2657 3897 2711 τήν

2295 2738 2453 2811 θύραν
2509 2745 2600 2789 τού
2657 2734 3021 2811 δεσμωτηρίου
3074 2746 3146 2809 τῷ
3207 2736 3535 2811 δακτυλιδίῳ
3585 2741 3762 2805 αύτού,
3808 2746 3898 2793 καὶ

2294 2833 2617 2901 στρατιώτας
2674 2825 2911 2899 ἀσφαλῶς
2987 2828 3253 2899 φυλάττειν
3313 2833 3405 2887 τὴν
3478 2828 3731 2901 φυλακήν.
3794 2836 3895 2883 Καὶ

2289 2921 2513 2975 ποιήσας
2547 2917 2571 2967 6
2602 2918 2859 2989 μακάριος
2891 2913 3092 2979 Εύπλος
3139 2916 3186 2969 ἐν
3346 2918 3547 2991 φυλακῇ
3595 2918 3727 2971 έπτά
3768 2920 3894 2991 ἠμέ-

2288 3021 2379 3075 ρας
2404 3007 2493 3054 καὶ
2524 3003 2653 3055 ἑπτά
2698 3007 2907 3068 νύκτας,
2942 3000 3215 3075 ἑδίψησεν.
3250 3007 3510 3069 Ἐκτείνας
3558 3003 3617 3060 δε
3646 3010 3740 3069 τὰς
3768 3015 3891 3079 χεῖ-

531 3105 703 3145 verus
732 3090 885 3145 Deus
918 3090 1249 3161 noster,qui
1280 3090 1388 3145 das
1414 3106 1617 3145 escam
1644 3090 1807 3144 omni
1839 3090 2003 3145 carni
2026 3090 2176 3162 ',qui

2291 3110 2382 3153 οας
2436 3091 2596 3143 αὐτοῦ
2630 3093 2655 3143 6
2702 3094 2965 3166 μακάριος
3008 3090 3201 3155 Εὖπλος
3250 3091 3416 3147 εἶπεν·
3453 3099 3686 3149 Δέσποτα
3738 3099 3892 3168 Κύριε

533 3194 633 3249 per
650 3178 917 3251 Moysem
944 3194 1178 3234 servum
1202 3185 1367 3234 tuum
1387 3178 1521 3233 ﬁliis
1544 3178 1775 3233 lsraelis
1793 3194 1967 3251 aquae
1984 3179 2179 3235 abun-

528 3268 791 3323 dantiam
806 3268 1046 3337 largitus
1064 3283 1127 3322 es
1145 3269 1187 3333 ³,
1208 3266 1311 3339 qui
1330 3268 1725 3339 Sampsonem
1746 3284 1850 3339 per
1866 3283 2088 3340 aquam
2107 3286 2174 3324 ex

531 3355 836 3411 maxillam
855 3355 1131 3411 eductam
1146 3356 1408 3411 irrorasti
1423 3360 1463 3419 ³,
1479 3356 1584 3428 qui
1602 3356 1910 3412 ltetificasti
1924 3373 2033 3412 nos
2051 3373 2177 3429 pre-

525 3447 676 3500 tioso
729 3444 1114 3516 maximeque
1172 3445 1425 3517 glorioso
1481 3445 1862 3516 baptismate,
1896 3446 1998 3517 qui
2055 3445 2176 3501 Jor-

524 3534 737 3590 danico
757 3535 981 3589 fluento
1008 3540 1064 3589 et
1087 3533 1326 3589 lavacro
1352 3534 1483 3589 vita;
1502 3534 1853 3589 immortalis
1880 3534 2058 3590 etiam
2082 3552 2174 3590 su-

524 3638 630 3695 per
684 3628 901 3678 terram
951 3623 1275 3679 contrivisti
1319 3622 1757 3690 iuimicum;tu
1816 3624 1940 3695 ipse
1992 3640 2169 3689 nunc,

524 3711 773 3767 Domine
800 3711 935 3767 Jesu
960 3712 1207 3777 Christe,
1240 3711 1471 3783 impera
1528 3711 1751 3767 fontem
1809 3728 1983 3784 aquae
2027 3712 2172 3768 vivae

526 3800 813 3857 scaturire
870 3816 940 3856 ex
999 3817 1234 3856 carcere
1287 3800 1423 3871 hoc,
1465 3800 1538 3855 de
1596 3817 1715 3871 qua
1780 3802 2031 3858 exsatier
2063 3818 2076 3867 ;
2112 3809 2173 3856 ut

526 3894 863 3960 agnoscant
886 3891 1101 3956 cuncti,
1133 3906 1255 3945 non
1288 3906 1420 3944 esse
1444 3890 1629 3944 Deum
1656 3890 1837 3945 alium
1863 3896 2074 3961 praeter
2096 3896 2169 3955 te,

516 3980 795 4040 Domine.
826 3981 984 4034 Hanc
1037 3994 1274 4050 precem
1306 3995 1441 4033 cum
1474 3978 1569 4035 ille
1617 3978 2055 4050 complevisset,
2089 3996 2172 4035 re-

525 4076 701 4140 pente
728 4084 900 4140 aqute
930 4068 1103 4139 cOpia
1132 4069 1285 4123 intra
1313 4084 1611 4123 carcerem
1663 4070 1926 4123 manavit
1960 4091 1970 4131 ;
2000 4068 2169 4140 isque

522 4157 726 4226 gratiis
784 4157 947 4212 actiis
996 4156 1165 4221 bibit,
1194 4163 1249 4212 et
1305 4156 1644 4225 gloriﬁcans
1692 4163 1983 4221 sanctam,
2032 4173 2169 4212 con-

520 4245 995 4310 substantialem,
1027 4245 1322 4301 viviﬁcam
1378 4246 1736 4311 Trinitatem,
1770 4246 1946 4317 cmpit
2012 4246 2166 4316 psal.

514 4334 653 4400 lere,
705 4350 777 4389 ac
828 4334 1190 4390 ineffabilem
1252 4333 1347 4390 Dei
1404 4350 1546 4405 erga
1596 4334 1867 4390 homines
1898 4350 2162 4390 amorem

511 4421 784 4479 laudibus
813 4422 1132 4480 celebrare.

581 4620 668 4674 VI.
730 4619 1014 4674 Caeterum
1084 4622 1219 4691 post
1266 4622 1493 4689 septem
1558 4617 1689 4673 illos
1739 4618 1884 4684 dies,
1942 4619 2155 4675 iterum

507 4707 1223 4779 mandavitimpiissimus
1246 4706 2149 4780 Calvisianus,beatumEuplum

505 4796 767 4852 vinctum
800 4796 936 4851 duci
984 4795 1062 4851 ad
1093 4794 1371 4851 tribunal.
1406 4798 1674 4869 Cumque
1737 4796 1981 4869 profecti
2015 4797 2152 4852 fuis-

506 4892 639 4942 sent
668 4885 921 4949 lictores,
959 4890 1015 4939 et
1066 4884 1442 4956 aperuissent
1485 4900 1803 4951 carcerem,
1834 4885 2146 4941 confestim

503 4975 780 5031 viderunt
804 4989 1099 5043 aquarum
1132 4972 1524 5029 afﬂuentiam.
1559 4974 1773 5029 Verum
1798 4975 2013 5030 beatus
2046 4975 2150 5029 Eu-

500 5062 635 5135 plus
658 5077 880 5133 aquam
903 5061 1189 5131 increpuit
1210 5077 1413 5125 manu,
1439 5061 1656 5133 illaque
1676 5061 1935 5116 evanuit.
1957 5064 2147 5127 Quam

496 5166 622 5207 rem
673 5150 732 5205 in
766 5164 997 5205 carcere
1053 5156 1285 5218 gestam
1332 5149 1525 5204 intuiti
1554 5148 1847 5215 satellites,
1875 5150 2149 5205 dixerunt

494 5238 649 5294 inter
680 5255 743 5293 se
773 5254 786 5294 :
821 5240 1068 5307 Magnus
1098 5242 1183 5293 est
1213 5237 1367 5292 Deus
1402 5236 1665 5293 hominis
1696 5239 1885 5294 istius.
1916 5240 1976 5293 Et
2010 5239 2149 5292 edu-

496 5334 658 5383 ctum
690 5328 933 5383 Beatum
958 5342 989 5383 e
1016 5343 1269 5391 carcere,
1306 5327 1681 5383 adduxerunt
1707 5327 1784 5382 ad
1831 5326 2144 5384 Calvisiani

488 5414 773 5471 tribunal.
804 5416 915 5481 Qui
939 5416 999 5471 in
1051 5415 1266 5473 faciem
1294 5414 1452 5471 beati
1496 5415 1662 5487 Eupli
1719 5415 1922 5479 oculos
1963 5417 2144 5487 conji-

596 5577 611 5610 ³
641 5574 791 5632 Psal.
821 5590 1027 5643 cxxxv,
1059 5580 1149 5630 25.

2287 3181 2463 3238 Ἰησοῦ
2508 3184 2724 3255 Χριστὶ,
2758 3183 2784 3233 6
2817 3180 3057 3243 ἀληθινὸς
3088 3187 3219 3245 Θεὸς
3264 3186 3429 3255 ἡμῶν,
3466 3186 3491 3236 6
3543 3181 3724 3246 διδούς
3770 3206 3888 3260 τροο

2286 3274 2386 3341 φῆν
2413 3272 2557 3342 πάσῃ
2592 3275 2772 3344 σαρκὶ,
2806 3272 2831 3323 6
2877 3267 2971 3323 διὰ
2999 3276 3261 3334 Μωυσέως
3312 3280 3403 3325 τού
3450 3275 3755 3345 θεράποντος
3790 3295 3887 3327 σου

2286 3355 2463 3419 δωσας
2502 3358 2805 3431 πλησμονήν
2836 3357 3043 3412 ύδάτων
3075 3369 3183 3422 τοῖς
3215 3364 3349 3423 υἱοῖς
3380 3362 3614 3436 Ἰσραήλ,
3649 3365 3674 3415 6
3707 3361 3889 3438 δροσί-

2287 3465 2378 3506 σας
2407 3451 2494 3498 τὸν
2531 3446 2755 3518 Σαμψὼν
2786 3444 2945 3501 ὕδατι
2990 3448 3043 3499 ἐκ
3090 3454 3346 3521 σιαγόνος,
3381 3452 3407 3502 6
3456 3450 3706 3523 εὐφράνας
3752 3454 3887 3524 ἡμᾶς

2283 3542 2353 3603 τῷ
2378 3539 2534 3605 τιμίῳ
2564 3541 2652 3587 καὶ
2680 3534 3002 3609 ύπερενδόξῳ
3033 3536 3391 3611 βαπτίσματι,
3423 3541 3447 3590 6
3490 3548 3561 3609 τῷ
3590 3538 3884 3614 Ἰορδανείῳ

2278 3622 2467 3696 ῥείθρῳ
2514 3629 2604 3676 καὶ
2649 3624 2848 3698 λουτρῷ
2898 3634 2990 3687 τῆς
3039 3624 3296 3679 ἀθανάτου
3344 3630 3478 3690 ζωῆς
3522 3633 3610 3680 καὶ
3660 3628 3743 3681 ἐπὶ
3786 3638 3881 3701 γῆς

2280 3713 2369 3772 τὸς
2420 3710 2685 3784 ἀλλότριον
2758 3714 3076 3787 συντρίψας·
3151 3720 3239 3767 καὶ
3321 3724 3408 3767 νῦν
3484 3716 3659 3783 αὐτὸς,
3723 3721 3879 3791 Κύριε

2283 3801 2457 3857 Ἰησοῦ
2488 3805 2705 3876 Χριστέ,
2732 3802 2970 3855 κέλευσον
3020 3802 3075 3854 ἐκ
3118 3812 3208 3855 τοῦ
3254 3799 3617 3878 δεσμωτηρίου
3666 3808 3873 3875 τούτου,

2278 3886 2466 3949 ὕδατος
2520 3896 2692 3962 πηγήν
2750 3894 2938 3953 ζῶντος
2994 3890 3262 3957 ἐκϐλύσαι,
3323 3896 3411 3944 καὶ
3467 3892 3521 3956 ἐξ
3578 3894 3737 3946 αὐτοῦ
3792 3897 3878 3967 έμ-

2278 3977 2577 4037 πλησθῆναί
2619 3999 2702 4050 με,
2751 3980 2833 4031 ἵνα
2881 3988 3047 4050 γνῶσι
3090 3984 3275 4043 πάντες
3318 3984 3398 4033 ὃτι
3447 3983 3540 4033 ούκ
3589 3985 3702 4034 ἔστι
3746 3986 3878 4045 Θεὸς

2277 4066 2426 4128 (illo;
2472 4067 2604 4125 πλὴν
2651 4076 2764 4133 σου,
2802 4072 2976 4142 Κύριε.
3014 4075 3112 4122 Καὶ
3161 4069 3531 4143 πληρώσαντος
3582 4071 3741 4123 αύτού
3782 4078 3874 4130 τήν

2275 4155 2439 4226 εὐχήν
2491 4160 2703 4223 ταύτην,
2755 4159 2896 4228 ἄφνω
2952 4157 3163 4216 ἀνῆλθεν
3216 4158 3487 4231 πλησμονὴ
3546 4156 3737 4221 ὕδατος
3797 4164 3876 4214 ἔν-

2274 4241 2422 4297 δοθεν
2470 4253 2563 4306 τῆς
2619 4246 2868 4318 φυλακῆς.
2930 4252 3028 4299 Καὶ
3105 4248 3500 4319 εὐχαριστήσας
3552 4252 3722 4301 ἔπιενο
3784 4256 3874 4303 καὶ

2274 4330 2501 4396 δοξάσας
2527 4340 2620 4393 τήν
2651 4335 2800 4406 ἁγίαν
2826 4340 2914 4388 καὶ
2946 4338 3219 4407 όμοούσιον
3249 4343 3337 4390 xui
3366 4337 3614 4400 ξωοποιόν
3639 4337 3867 4412 Τριάδα,

2269 4422 2461 4496 ἤρξατο
2512 4423 2720 4493 ψάλλειν
2778 4429 2867 4476 xui
2913 4424 3068 4477 αἰνεῖν
3116 4430 3211 4484 την
3242 4428 3436 4500 ἄφατον
3488 4426 3647 4481 αὐτοῦ
3691 4428 3870 4499 φιλαν-

2270 4514 2520 4585 θρωπίαν.

2354 4611 2445 4684 ς’.
2484 4623 2583 4672 Καὶ
2627 4620 2758 4691 μετὰ
2794 4621 2889 4680 τὰς
2936 4619 3063 4672 έπτὰ
3110 4623 3325 4693 ἡμέρας,
3361 4622 3592 4677 ἐκέλευσε
3635 4624 3788 4677 πάλιν
3836 4626 3861 4677 6

2264 4704 2604 4768 ἀσεϐέστατος
2689 4706 3054 4773 Καλϐισιανός,
3141 4706 3358 4783 δέσμιον
3444 4716 3530 4764 τὸν
3603 4715 3865 4787 μακάριον

2261 4792 2456 4849 Εὗπλον
2536 4795 2768 4868 ἀχθῆναι
2825 4799 3108 4871 ἔμπροσθεν
3191 4807 3282 4851 τοῦ
3362 4797 3607 4872 βήματος
3677 4802 3861 4857 αὐτοῦ,

2260 4883 2605 4938 Ἀπελθόντων
2661 4881 2719 4937 δε
2767 4894 2866 4937 τῶν
2923 4888 3210 4960 ὑπηρετῶν,
3260 4892 3348 4939 καὶ
3407 4886 3714 4952 ἀνοιξάντων
3767 4895 3863 4949 τήν

2259 4972 2509 5045 φυλακήν,
2570 4974 2710 5045 ἄφνω
2767 4970 2905 5027 εἶδον
2978 4980 3066 5033 τὴν
3131 4979 3437 5048 πλησμονήν
3494 4986 3586 5030 τοῦ
3643 4975 3853 5040 ὕδατος.

2255 5063 2599 5134 Ἐπιτιμήσας
2629 5059 2687 5114 δε
2734 5066 2792 5115 τὸ
2826 5060 2969 5136 ὕδωρ
3020 5066 3045 5115 6
3074 5068 3327 5140 μακάριος
3373 5062 3568 5128 Εύπλος
3622 5074 3681 5139 τῇ
3714 5074 3862 5142 χειρὶ

2258 5151 2438 5217 αύτού,
2484 5150 2669 5224 ἀφανὲς
2714 5150 2922 5222 ἐγένετο.
2972 5149 3193 5214 Ἰδόντες
3238 5150 3297 5206 δε
3339 5158 3396 5205 τὸ
3444 5158 3651 5226 γεγονὸς
3694 5154 3744 5207 ἐν
3792 5164 3857 5229 τῇ

2258 5239 2455 5313 φυλακῇ
2518 5243 2566 5292 οἱ
2636 5241 2910 5313 ύπηρέται,
2973 5241 3039 5302 εἰς
3116 5241 3362 5304 ἀλλήλους
3418 5244 3621 5315 ἔλεγον·
3682 5249 3857 5311 Μέγας

2257 5326 2399 5381 ἐστὶν
2438 5330 2464 5381 6
2511 5333 2640 5389 Θεὸς
2683 5337 2774 5381 τοῦ
2818 5327 3089 5401 ἀνθρώπου
3135 5333 3340 5385 τούτου.
3390 5337 3489 5385 Καὶ
3532 5331 3858 5408 παραλαϐόνο

2256 5436 2339 5481 τες
2375 5422 2460 5470 τὸν
2490 5420 2747 5492 μακάριον
2778 5416 2833 5470 ix
2875 5426 2967 5471 τοῦ
3015 5415 3404 5493 δεσμωτηρίου,
3432 5425 3651 5494 ἤνεγκαν
3698 5422 3856 5476 αύτόν

1258 5577 1280 5609 ³
1314 5574 1496 5630 Exod.
1532 5590 1666 5638 xvu,
1696 5576 1751 5629 6.
1785 5580 1805 5610 ⁸
1831 5576 2023 5631 Judic.
2054 5590 2150 5643 xv,
2183 5581 2265 5633 l9.
