4142 6196
235 306 354 361 529

1427 302 1685 362 ORATIO
1728 300 1817 357 DE
1857 300 2136 357 SANCTA
2176 302 2427 361 MARIA.

3505 303 3612 359 530

233 433 534 504 ἔμπροσθεν
616 438 709 483 τοῦ
777 429 1020 503 βήματος
1076 427 1448 483 Καλϐισιανοῦ.
1507 433 1608 482 Καὶ
1674 425 1829 500 ἔμϐλέε

1958 425 2167 487 ciens:
2239 427 2457 485 Saltem
2514 444 2695 499 nunc,
2750 428 2958 501 inquit,
3020 428 3294 486 sacriﬁca
3352 429 3465 486 diis
3500 446 3616 487 no-

234 520 349 591 ψας
416 521 485 581 εἰς
540 524 596 573 τὸ
647 524 926 596 πρόσωπον
966 527 1057 571 τοῦ
1104 523 1365 593 μακαρίου
1427 517 1630 571 Εὗπλου
1676 514 1835 570 εἶπεν·

239 611 352 663 Κοῖν
391 617 479 661 νῦν
530 612 687 662 θῦσον
733 616 842 671 τοῖς
898 610 1030 669 θεοῖς
1077 609 1243 679 ἡμῶν,
1301 610 1399 680 πρὸ
1452 615 1542 659 τοῦ
1592 614 1663 677 τῷ
1714 604 1846 677 ξίφει

236 717 300 749 σε
332 696 681 756 ἀναλωθῆναι.
712 696 771 749 Ὁ
820 693 879 749 δε
932 696 1083 769 ἅγιος
1136 692 1329 756 Εὖπλος
1377 692 1529 749 εἶπεν.
1576 696 1845 767 Παράνομε

231 791 329 838 καὶ
360 785 515 857 τυφλε
554 794 614 858 τῇ
665 783 883 860 καρδία,
930 785 1121 858 ἐργάτα
1168 792 1260 837 τοῦ
1291 781 1561 851 διαϐόλου,
1603 788 1693 835 καὶ
1727 786 1845 835 ach

235 877 390 950 θρονε
442 874 622 940 αὐτοῦ,
690 880 769 937 τίς
826 880 993 949 παρεᾴ
1046 878 1103 926 τὸ
1161 883 1265 945 φῶς
1330 882 1421 934 τῆς
1474 875 1691 947 ἡμέρας,
1753 876 1842 924 καὶ

233 968 516 1038 πορεύεται
563 962 611 1015 ἐν
769 968 953 1035 σκοτίᾳ
986 980 1000 1028 ;
1032 969 1212 1016 Ταῦτα
1253 959 1341 1015 οὖν
1398 963 1623 1022 ἀκούσας
1657 960 1843 1014 Καλϐι-

235 1057 423 1115 σιανός
483 1054 507 1104 ό
562 1055 826 1128 τύραννος,
899 1052 1194 1125 ἐταράχθη,
1252 1058 1342 1104 καὶ
1425 1050 1654 1104 ἐκέλευσε
1733 1058 1841 1112 τοῖς

231 1144 528 1217 ὑπηρέταις
611 1142 770 1194 αὐτοῦ
824 1138 1041 1200 δεθῆναι
1107 1147 1192 1194 τὸν
1276 1143 1533 1217 μακάριον
1620 1135 1836 1205 Εὗπλον,

228 1212 638 1305 καὶνσιδηραίς
700 1230 923 1301 ὀγκίνοις
971 1234 1063 1291 τὰς
1131 1212 1321 1290 δικοόις⁸
1357 1212 1650 1289 πιέζεσθαι.
1737 1232 1837 1281 Καὶ

225 1321 458 1390 ἄγουσιν
532 1320 688 1371 αὐτὸν
746 1318 827 1371 ἰπὶ
870 1322 927 1371 τό
991 1316 1162 1391 βῆμα
1220 1323 1310 1369 καὶ
1369 1320 1612 1388 συνήχθη
1662 1324 1759 1376 πᾶς
1812 1318 1837 1367 ό

223 1408 357 1470 λαός
406 1417 507 1460 τῶν
559 1428 614 1460 τε
662 1416 863 1460 πιστῶν
915 1427 1004 1459 και
1053 1405 1308 1467 ἀπίστων,
1367 1407 1436 1466 ὡς
1491 1405 1574 1457 ἐπὶ
1604 1410 1836 1478 μεγίστῳ

228 1499 477 1569 θεάματι.
554 1496 614 1550 c0
691 1496 750 1550 δι
814 1495 1153 1556 ἀσεϐέστατος
1209 1494 1550 1554 Καλϐισιανὸς
1608 1494 1836 1546 ἐκελευσε

226 1588 449 1645 τεθῆναι
493 1590 578 1638 τόν
621 1589 795 1659 θρόνον
840 1586 997 1638 αὐτοῦ
1047 1583 1270 1641 πλησίον
1318 1591 1411 1644 τῆς
1467 1583 1697 1655 φυλακῆς
1744 1586 1837 1654 ἔμ-

225 1678 456 1749 προσθεν
516 1683 605 1727 τοῦ
659 1674 878 1747 λουτροῦ
924 1682 1014 1726 τοῦ
1062 1676 1200 1732 ὄντος
1246 1672 1469 1730 πλησίον
1501 1672 1663 1733 αὐτῆς
1700 1674 1835 1723 κατὰ

1958 516 2113 583 stris,
2129 522 2447 589 antequam
2462 518 2660 589 gladio
2676 517 3010 590 perimaris.
3030 518 3353 589 Respondit
3367 525 3607 575 sanctus

1956 604 2177 676 Euplus
2197 622 2209 661 :
2230 607 2527 679 Improbe,
2547 622 2702 663 caece
2720 604 3195 669 corde,miuister
3217 605 3435 662 diaboli
3452 608 3606 677 ejus-

1953 708 2071 764 que
2092 695 2249 750 socie
2278 695 2336 750 in
2370 694 2537 763 solio,
2575 694 2704 766 quis
2731 694 2851 750 diei
2879 694 3081 749 lumen
3112 693 3415 765 relinquit,
3452 700 3515 751 ut
3544 696 3604 751 in

1953 783 2213 838 tenebris
2228 784 2531 841 ambulet?
2551 784 2643 839 His
2662 784 2880 838 auditis
2909 782 3274 839 Calvisianus
3292 789 3602 854 tyrannus,

1952 879 2289 929 commotus
2341 879 2448 941 est,
2481 889 2551 929 ac
2582 872 2791 928 indixit
2848 872 3135 927 ministris
3180 873 3326 936 suis,
3359 872 3602 928 beatum

1951 961 2207 1033 Euplum
2245 961 2435 1031 ligari,
2470 968 2647 1035 atque
2700 961 2902 1017 ferreis
2960 961 3191 1017 uncinis
3248 977 3422 1016 aures
3474 961 3602 1032 ejus

1950 1050 2254 1106 contundi.
2282 1054 2512 1106 Ducunt
2537 1066 2676 1122 ergo
2707 1050 2872 1106 illum
2896 1051 2973 1106 ad
3001 1049 3290 1106 tribunal:
3325 1052 3604 1107 convenit

1949 1153 2089 1193 vero
2121 1141 2431 1196 universus
2458 1140 2716 1213 populus
2739 1144 2863 1196 tam
2892 1139 3161 1195 ﬁdelium
3182 1154 3367 1212 quam
3392 1139 3598 1196 intide-

1947 1226 2111 1293 lium,
2139 1230 2312 1301 quasi
2336 1229 2414 1284 ad
2446 1230 2777 1285 maximum
2810 1228 3238 1301 spectaculum.
3267 1232 3337 1284 Αι
3376 1228 3599 1301 impiis-

1947 1316 2132 1371 simus
2164 1317 2533 1374 Calvisianus
2563 1319 2745 1374 voluit
2789 1317 3003 1373 solium
3052 1334 3229 1372 suum
3263 1317 3403 1388 poni
3428 1317 3600 1388 juxta

1947 1422 2265 1472 carcerem,
2322 1423 2525 1462 coram
2572 1406 2808 1464 lavacro
2869 1407 3032 1479 quod
3089 1406 3310 1461 carceri
3366 1407 3598 1476 adjacet

1948 1511 2150 1550 versus
2182 1496 2511 1551 meridiem.
2547 1497 2816 1569 Cumque
2842 1496 3090 1551 sedisset
3129 1512 3312 1567 super
3341 1495 3595 1567 impium

1946 1584 2158 1640 solium
2184 1601 2382 1651 suum,
2406 1587 2584 1656 jussit
2612 1586 2856 1642 beatum
2890 1585 3139 1656 Euplum
3172 1586 3366 1657 capite
3429 1591 3596 1639 trun-

1945 1675 2085 1729 cari.
2122 1673 2222 1729 Hic
2246 1690 2384 1729 vero
2420 1676 2671 1747 impium
2711 1676 2966 1730 maxime
2997 1674 3307 1745 praesidem
3339 1673 3589 1743 rogavit,

224 1766 585 1838 μεσημϐρίαν.
636 1769 736 1817 Καὶ
765 1766 1102 1825 καθεσθέντος
1145 1762 1306 1813 αὐτοῦ
1346 1761 1421 1814 ἐπὶ
1470 1769 1563 1813 τοῦ
1616 1760 1829 1821 ἀσεϐοῦς

1946 1768 2007 1816 ιιι
2035 1762 2322 1832 temporis
2350 1763 2725 1818 intervallum
2754 1763 2867 1833 ipsi
2890 1762 2965 1818 ad
2993 1762 3361 1833 precandum
3386 1778 3593 1818 conce-

228 1853 396 1906 αὑτοῦ
448 1857 648 1925 θρόνου,
704 1852 959 1905 ἐκελευσεν
1012 1851 1492 1923 ἀποκεφαλισθῆναι
1522 1854 1607 1902 τόν
1655 1852 1831 1922 μακά-

222 1962 338 2017 ριον
401 1943 619 1998 Εὗπλον.
674 1940 734 1994 Ὀ
793 1938 851 1994 δέ
904 1944 1160 2013 μακάριος
1244 1936 1438 1999 Εὗπλος
1516 1938 1833 2014 παρεκάλεσε

224 2036 314 2083 τὸν
375 2031 722 2084 ἀσεϐέστατον
782 2030 1148 2093 Καλϐισιανόν,
1202 2028 1373 2080 λαϐεῖν
1429 2028 1582 2081 αὐτόν
1626 2024 1830 2099 διορίαν

222 2128 317 2173 τοῦ
358 2121 771 2195 προσεύξασθαι.
837 2125 935 2172 Καὶ
992 2119 1200 2181 ἀνοίξας
1231 2123 1288 2171 τό
1325 2118 1472 2189 ἅγιον
1520 2117 1828 2189 Εὖαγγέλιον

221 2218 316 2262 τοῦ
374 2218 527 2275 Θεοῦ,
584 2209 780 2285 ἤρξατο
860 2208 1180 2280 ἀναγγέλλειν
1254 2209 1346 2269 τὰς
1405 2209 1828 2280 θαυματουργίας

216 2308 313 2351 τοῦ
368 2305 562 2373 Κυρίου
640 2301 784 2371 ἡμῶν
844 2300 1021 2355 Ἰησοῦ
1073 2304 1323 2370 Χριστοῦ.
1383 2302 1484 2349 Καὶ
1545 2295 1723 2348 πολλοὶ
1775 2294 1829 2346 ἐκ

217 2396 314 2442 τοῦ
371 2388 533 2459 ὄχλου
582 2387 946 2460 ίφωτίσθησαν
998 2383 1071 2439 δι’
1124 2385 1309 2441 αὐτοῦ.
1366 2389 1468 2438 Καὶ
1502 2387 1632 2457 μετὰ
1664 2392 1829 2435 ταῦτα

219 2478 655 2551 προσευξάμενος,
709 2481 903 2536 ἤκουσε
948 2484 1117 2548 φωνῆς
1178 2474 1230 2538 ἐξ
1278 2474 1496 2547 οὐρανοῦ
1553 2474 1823 2544 λεγούσης⁵

1941 1848 2196 1904 deretur.
2228 1852 2443 1916 Quare,
2475 1857 2673 1923 aperto
2700 1856 2902 1907 sancto
2933 1852 3035 1905 Dei
3069 1850 3409 1920 Evangelio,
3436 1866 3591 1921 prm-

1940 1939 2138 1994 dicare
2168 1940 2347 2009 coepit
2386 1939 2613 1995 Domini
2645 1941 2825 1995 nostri
2856 1942 2991 1995 Jesu
3019 1939 3229 1995 Christi
3275 1940 3584 2003 miracula,

1939 2027 2087 2082 adeo
2109 2035 2171 2082 ut
2201 2044 2231 2083 e
2254 2028 2424 2100 plebe
2479 2028 2648 2084 multi
2680 2045 2782 2100 per
2808 2045 2944 2084 eum
2993 2028 3306 2083 illuminati
3349 2027 3585 2083 fuerint.

1938 2115 2147 2171 Postea
2162 2133 2300 2171 cum
2323 2128 2572 2182 orasset,
2593 2117 2815 2172 audivit
2837 2133 3037 2173 vocem
3056 2133 3087 2172 e
3104 2116 3248 2173 coelo
3274 2117 3542 2172 dicenten
3570 2134 3583 2172 :

1942 2205 2100 2259 Bono
2164 2205 2247 2261 sis
2280 2207 2501 2270 animo,
2537 2206 2713 2279 Euple
2744 2230 2755 2272 ;
2786 2207 2997 2262 beatus
3049 2221 3112 2261 es
3169 2211 3231 2260 tu
3262 2222 3276 2271 ;
3310 2206 3461 2270 veni,
3497 2221 3588 2261 re-

1937 2294 2174 2365 quiesce
2205 2311 2341 2350 cum
2382 2295 2454 2350 iis
2483 2296 2586 2368 qui
2610 2295 2687 2351 ab
2727 2294 2895 2351 initio
2920 2295 3229 2367 hucusque
3275 2293 3417 2348 mihi
3467 2293 3591 2364 pla-

1937 2388 2205 2438 cuerunt.
2247 2384 2512 2440 Tandem
2562 2389 2804 2456 accepta
2845 2384 3155 2447 sententia,
3188 2399 3294 2455 per
3326 2382 3589 2452 gladium

1938 2472 2224 2543 martyrio
2253 2479 2712 2529 consummatus
2746 2477 2857 2528 est.

219 2570 448 2638 Θάρσει,
482 2567 664 2621 Εὗπλε·
709 2571 797 2618 καὶ
842 2568 1094 2640 μακάριος
1125 2563 1171 2618 εἶ
1202 2567 1286 2617 σύο
1324 2561 1500 2639 δεῦρό,
1531 2562 1863 2615 ἕπαναπαύου
1894 2563 2026 2633 μετὰ
2049 2570 2147 2613 τῶν
2188 2560 2279 2614 ἀπ’
2314 2562 2492 2623 αἰῶνος
2523 2562 2971 2631 εὐαρεστητάντων
3019 2580 3130 2634 μοι.
3162 2562 3267 2615 Καὶ
3295 2560 3464 2613 λαϐὼν
3496 2566 3588 2620 τὴν

220 2654 510 2728 ἀπόφασιν,
538 2654 800 2712 ἐτελειώθη
835 2652 928 2707 διὰ
956 2662 1047 2707 τοῦ
1080 2654 1274 2726 ξίφους.

290 2743 369 2797 Z'.
417 2747 563 2807 Τινὲς
619 2741 678 2797 δε
726 2753 826 2795 τῶν
880 2744 1237 2817 φιλοχρίστων
1287 2750 1532 2815 μοναχῶν
1581 2739 1821 2799 λαϐόντες

2005 2739 2116 2793 VII.
2138 2741 2393 2805 Quidam
2414 2755 2552 2795 vero
2575 2755 2604 2794 e
2625 2739 2833 2795 Christi
2857 2738 3228 2796 amatoribus
3249 2737 3584 2811 monachis,

217 2837 277 2886 τό
332 2839 503 2905 τίμιον
565 2834 725 2886 αὐτοῦ
774 2832 1035 2904 λείψανον,
1095 2834 1365 2884 κατέθεντο
1416 2830 1542 2883 αὐτό
1600 2829 1648 2881 ἐν
1715 2828 1822 2880 ἔπι-

1941 2830 2224 2900 pretiosas
2257 2832 2385 2899 cjus
2418 2828 2699 2900 reliquias
2741 2828 3035 2892 collectas,
3069 2828 3477 2898 deposuerunt
3524 2826 3585 2881 in

217 2928 376 2995 σημῳ
442 2927 605 2995 τόπῳ,
665 2922 713 2974 ἑν
870 2922 1066 2994 ἰάματα
1119 2920 1487 2973 ἐπιτελοῦνται.
1519 2919 1818 2976 Ἐτελειώθη

218 3006 280 3064 δέ
334 3011 495 3063 αὐτοῦ
543 3014 572 3069 ἡ
627 3016 891 3085 μαρτυρία
940 3011 989 3062 ἐν
1046 3010 1175 3083 καλῇ
1235 3009 1485 3081 ὁμολογίᾳ
1536 3014 1661 3081 μηνὶ
1724 3008 1823 3061 Αὐ-

212 3104 429 3173 γούστῳ
470 3097 742 3174 δωδεκάτη
796 3099 843 3152 ἐν
897 3108 968 3170 τῷ
1030 3100 1244 3171 ὀνόματι
1300 3107 1388 3153 τοῦ
1440 3104 1633 3173 Κυρίου
1676 3100 1821 3171 ἡμῶν

214 3190 398 3248 Ἰησοῦ
450 3198 703 3263 Χριστοῦ,
816 3192 846 3248 ἠ
899 3186 1032 3253 δόξα
1087 3194 1176 3241 καὶ
1230 3194 1287 3241 τό
1335 3190 1546 3261 κράτος,
1610 3192 1702 3240 σὺν
1750 3197 1821 3259 τῷ

216 3284 389 3351 Πατρὶ
417 3284 508 3331 καὶ
533 3286 604 3349 τῷ
638 3278 769 3350 ἁγίῳ
801 3280 1080 3351 Πνεῦματι,
1113 3286 1199 3330 νῦν
1250 3282 1339 3329 καὶ
1371 3276 1448 3331 ἀεὶ
1483 3282 1572 3329 καὶ
1603 3278 1675 3339 εἰς
1708 3282 1824 3340 τοὺς

215 3369 411 3431 αἰῶνας
438 3376 536 3421 τῶν
573 3368 790 3421 αἰώνων.
815 3368 1000 3439 Ἄρην.

1932 2917 2063 2974 loco
2079 2919 2294 2987 insigni
2313 2918 2444 2973 :‘ubi
2462 2918 2809 2973 morborum
2839 2916 3174 2973 curationes
3191 2922 3580 2988 peraguntur.

1934 3009 2111 3063 Porro
2132 3008 2180 3077 ej
2194 3024 2261 3061 us
2280 3006 2631 3078 martyrium
2652 3007 2710 3062 in
2726 3006 3015 3077 praeclara
3028 3004 3403 3061 confessione
3421 3021 3582 3061 com-

1934 3097 2157 3169 pletum
2185 3096 2293 3151 fuit
2317 3096 2671 3151 duodecimo
2697 3096 2793 3152 die
2826 3096 3045 3152 mensis
3067 3096 3313 3165 Augusti
3349 3117 3360 3160 ;
3395 3096 3455 3149 in
3483 3110 3584 3150 no-

1937 3187 2095 3241 mine
2120 3184 2351 3241 Domini
2370 3184 2554 3240 nostri
2575 3186 2719 3241 Jesu
2733 3185 2963 3255 Christi,
2986 3185 3077 3239 cui
3099 3184 3285 3254 gloria
3306 3199 3375 3239 ac
3403 3183 3586 3255 impe-

1934 3274 2113 3339 rium,
2146 3290 2284 3329 cum
2312 3274 2475 3329 Patre
2504 3282 2784 3329 etsancto
2805 3274 3041 3343 Spiritu,
3078 3288 3236 3328 nunc
3262 3277 3316 3327 et
3348 3287 3585 3344 semper

1935 3372 1993 3420 et
2017 3366 2077 3420 in
2102 3363 2322 3422 saecula
2350 3364 2732 3420 steculorum.
2766 3366 2980 3421 Amen.

1699 3710 2112 3798 ORATIO

400 3947 563 4018 Quae
594 3944 1281 4005 tractataveneraudo
1308 3945 1481 4028 ortq
1489 3946 1552 4028 et
1582 3944 1969 4028 educatione
1997 3943 2433 4028 sanctissimae
2466 3942 2761 4002 Dominae
2794 3944 3054 4003 Nostrae
3087 3943 3407 4017 Deiparae,

1436 4016 1514 4073 Et
1548 4019 1697 4073 ortu
1729 4016 1969 4075 Christi
2001 4016 2117 4075 Dei
2151 4016 2378 4081 nostri,

900 4087 978 4145 Et
1012 4099 1415 4158 quaecunque
1446 4087 1865 4159 contigerunt
1901 4089 1981 4145 ad
2013 4088 2342 4145 viviﬂcum
2370 4086 2511 4159 ejus
2541 4086 2903 4159 decessum.

722 4159 803 4217 Et
835 4163 1157 4229 praeterea
1187 4159 1506 4228 quomodo
1537 4159 1600 4215 in
1634 4158 1931 4229 apertum
1960 4159 2211 4230 prolata
2242 4159 2327 4215 sit
2361 4158 2649 4230 pretiosa
2679 4158 2821 4229 ejus
2861 4158 3088 4217 vestis.

759 4231 839 4289 Et
874 4230 1413 4302 quemadmodum
1443 4230 1545 4288 hae
1571 4243 1832 4302 magnae
1861 4229 2016 4302 Opes
2048 4231 2226 4289 fuere
2253 4229 2643 4289 Christianis
2675 4230 3054 4288 reconditae.

380 4354 695 4414 Auctore
723 4352 1063 4425 Symeone
1096 4351 1598 4424 Metaphraste,
1632 4356 1746 4426 qut
1773 4356 2363 4428 gravissimorum
2394 4353 2705 4411 Patrum
2729 4352 2969 4413 utitur
3001 4354 3422 4416 testimoniis

219 4531 395 4596 (Apud
418 4531 632 4581 Surium
663 4530 732 4581 ad
754 4530 895 4580 diem
908 4531 981 4597 _l5
1010 4530 1259 4597 Augusti.
1296 4556 1357 4566 —
1376 4530 1697 4597 Fragmenta
1726 4531 1907 4597 Graeca
1922 4532 2183 4597 nonnulla
2218 4532 2545 4597 subjecimus
2580 4546 2701 4597 quae
2734 4537 2945 4597 exstant
2975 4535 3029 4583 in
3073 4534 3272 4586 Catena
3305 4537 3372 4586 ad
3429 4535 3585 4588 Lucas

904 4593 1253 4657 Evangelium
1284 4605 1446 4656 quam
1477 4593 1643 4642 edidit
1671 4594 1815 4643 card.
1847 4594 1987 4657 Aug.
2030 4595 2139 4645 Mai
2167 4594 2222 4644 in
2255 4593 2386 4649 vn.
2422 4593 2614 4650 Scam'.
2650 4599 2779 4646 tom.
2810 4597 2896 4645 IX.
2922 4596 2936 4658 )

291 4940 332 4994 Ι.
374 4937 698 5011 Oportebat
737 4953 945 4994 revera
986 4936 1302 5006 Virginem,
1357 4935 1507 4991 sicut
1560 4935 1691 5009 ipsa
1724 4936 1821 4992 Dei
1856 4937 1900 4991 D
1929 4952 2066 5010 que,
2102 4936 2221 4992 Filii
2248 4938 2467 4994 cedens
2502 4938 2751 5009 legibus,
2781 4942 3020 5009 gratum
3050 4940 3265 4997 habere
3297 4942 3377 5009 id,
3411 4946 3577 5018 quod

221 5027 587 5093 adlhomines
606 5026 835 5082 venturi
857 5026 1092 5081 inventa
1111 5029 1200 5080 est
1221 5025 1470 5095 dignum
1483 5030 1537 5081 et
1556 5027 1673 5082 Deo
1684 5041 1821 5081 con-

227 5116 470 5173 veniens
511 5114 944 5179 habitaculum,
974 5114 1056 5169 ita
1080 5128 1239 5168 nunc
1269 5112 1433 5169 illam
1457 5113 1534 5169 ad
1561 5114 1819 5170 encomii

225 5208 647 5276 argumentum
678 5203 852 5260 nobis
883 5202 1271 5274 pr0positum,
1287 5202 1532 5273 dignam
1551 5204 1816 5274 linguam

224 5311 352 5351 esse
378 5300 782 5358 consecutam,
801 5308 936 5364 quas
955 5307 1045 5347 res
1062 5293 1191 5361 ejus
1216 5291 1516 5360 eleganter
1532 5298 1817 5360 narraret,

225 5388 280 5440 et
310 5382 768 5439 convenientem
792 5380 1097 5437 eilaudem
1130 5380 1380 5436 afferret.
1398 5380 1509 5435 Sed
1532 5380 1817 5451 quoniam

224 5487 343 5546 quo
372 5471 488 5529 hoc
518 5477 605 5529 est
627 5471 845 5543 majus,
869 5485 940 5526 eo
970 5468 1267 5525 difﬁcilius
1293 5468 1578 5540 explicari
1607 5475 1815 5540 potest,

227 5576 330 5634 pro
353 5560 581 5616 viribus
603 5560 813 5616 saltem
843 5557 1024 5614 alacri
1044 5557 1246 5614 animo
1268 5556 1472 5613 danda
1501 5562 1592 5613 est
1611 5573 1815 5630 opera,

228 5654 290 5705 ut
303 5653 580 5705 texamus
600 5647 729 5719 ejus
755 5646 1186 5704 laudationem.
1206 5645 1324 5702 Scit
1344 5646 1501 5701 enim
1515 5646 1649 5718 ipsa
1670 5662 1817 5719 quo-

1928 5025 1993 5081 ﬁt
2036 5041 2144 5097 pro
2191 5026 2437 5082 viribus.
2474 5026 2798 5083 Dicendum
2845 5032 2935 5083 est
2976 5042 3137 5099 ergo,
3171 5034 3228 5084 et
3266 5031 3579 5104 diligenter

1930 5113 2314 5179 narrandum,
2334 5120 2392 5170 et
2420 5115 2580 5171 unde
2601 5120 2729 5171 orta
2751 5116 2842 5181 sit,
2874 5132 3029 5189 quos
3054 5126 3327 5188 parentes
3354 5121 3580 5182 habue-

1926 5203 2019 5268 rit,
2075 5204 2268 5275 deque
2320 5203 2674 5260 educatione
2719 5205 2868 5275 ejus,
2917 5211 2973 5261 et
3032 5206 3150 5262 ﬁne
3210 5210 3391 5266 vitm:
3434 5215 3581 5286 quin

1927 5292 2107 5348 etiam
2138 5308 2508 5365 quascunque
2536 5292 2613 5348 illi
2644 5295 3021 5364 contigerunt
3051 5311 3122 5351 ex
3151 5296 3356 5355 divina
3387 5301 3581 5360 Provi—

1926 5381 2129 5437 dentia
2153 5386 2210 5437 et
2261 5382 2495 5437 arcanis
2541 5382 2886 5438 rationibus.
2913 5383 3083 5448 Quod
3141 5385 3190 5439 si
3234 5388 3427 5445 oratio
3458 5392 3577 5451 alia

1924 5485 2167 5542 quoque
2203 5470 2673 5542 comprehendit,
2702 5476 2759 5526 et
2796 5473 3130 5529 necessario
3176 5480 3572 5551 persequitur,

1924 5573 2043 5615 non
2100 5563 2185 5613 est
2237 5575 2271 5613 a
2317 5560 2544 5615 ratione
2605 5559 2888 5626 alienum,
2943 5561 3107 5633 quod
3165 5562 3391 5623 factum
3441 5581 3566 5649 est;

1924 5647 2125 5703 omnia
2145 5648 2303 5704 enim
2321 5648 2400 5705 ad
2425 5664 2560 5706 eam
2580 5648 2932 5716 referuntur,
2952 5650 3199 5723 ejusque
3224 5659 3362 5711 sunt
3377 5647 3566 5729 gloria
