4034 6206
471 230 570 286 531
1829 216 2088 275 MENSIS
2126 215 2410 274 AUGUST
2420 219 2523 276 US.
3814 222 3911 276 ιν)θῖ

475 360 530 411 et
559 352 856 410 encomia.
893 353 1158 417 Quorum
1193 347 1457 404 narratio
1487 362 1607 403 non
1641 343 1942 402 eritnobis
1997 343 2124 397 abs-
2158 345 2199 395 A
2232 342 2369 410 Ave,
2423 347 2619 418 gratia
2666 347 2864 417 plena,
2898 347 3113 420 inquit,
3152 347 3449 405 Dominus
3506 351 3720 402 tecum.
3772 347 3917 402 Con.

476 459 593 517 que
622 442 739 498 ﬁde
768 440 966 511 dignis
995 439 1262 504 testibus,
1298 453 1406 493 nec
1438 442 1707 492 sumetur
1742 451 1813 490 ex
1852 432 2123 505 personis
2234 434 2413 490 traria
2434 434 2512 491 illi
2545 436 2751 509 primm
2774 436 2924 502 voci,
2959 452 3097 508 quae
3127 436 3281 492 facta
3320 440 3422 491 est
3467 433 3724 499 mulieri,
3759 450 3915 490 nunc

478 531 885 607 quibuslibet:
916 528 1017 584 sed
1067 544 1251 599 quam
1284 526 1408 591 viri,
1442 525 1663 597 quibus
1695 525 1826 595 jure
1877 522 2124 577 creden-
2237 522 2412 579 verba
2431 524 2581 579 fiunt
2603 524 2845 594 Virgini.
2879 524 2981 580 Illa
3002 524 3318 580 doloribus
3344 525 3411 579 in
3435 528 3623 596 partu
3640 523 3917 580 condem-

479 622 624 677 dum
646 624 799 675 estet
822 615 1268 691 quisimulcum
1284 614 1554 670 doctrina
1567 614 1866 682 egregiam
1885 624 2125 682 quoque
2234 616 2375 666 nata
2395 610 2501 668 fuit
2535 618 2773 685 propter
2798 620 3112 685 peccatum
3141 631 3152 669 :
3189 615 3248 669 in
3282 613 3408 670 hac
3426 620 3646 669 autem
3666 629 3765 683 per
3786 611 3911 669 laeti-

484 711 662 765 vitam
686 706 1025 771 attulerunt,
1046 706 1357 775 diligenter
1378 706 1840 774 composuerunt
1870 716 1887 770 ;
1915 701 2126 768 Grego-
2234 700 2378 754 tiam
2402 701 2972 773 expelliturtristitia.
3000 702 3061 758 In
3086 702 3186 757 illa
3209 707 3467 775 partum
3482 708 3915 773 praecesserunt

480 800 627 864 rius,
652 798 922 869 inquam,
946 798 1272 865 Nyssenus,
1293 790 1650 847 Athanasius
1666 787 2124 849 Alexandrinus,
2236 787 2473 844 dolores
2504 808 2517 846 :
2554 791 2652 845 hic
2704 807 2847 846 vero
2893 790 3095 847 laetitia
3125 796 3214 847 est
3239 791 3536 847 obstetrix
3579 796 3804 862 partus.
3835 792 3914 847 Ne

484 886 796 958 Dionysius
827 882 1203 955 Areopagita,
1240 886 1293 937 et
1322 879 1489 935 multi
1539 879 1656 945 alii,
1690 877 1794 949 qui
1824 893 1933 932 nec
1992 878 2129 930 sunt
2239 876 2459 946 timeas,
2491 880 3013 952 inquit.Quoniam
3032 881 3191 936 enim
3211 880 3386 936 omni
3418 879 3668 935 mulieri
3694 886 3909 936 metum

482 974 770 1045 vulgaris,
804 979 866 1029 ut
890 972 1172 1036 diximus,
1200 969 1571 1034 eruditionis,
1603 973 1658 1023 et
1687 971 1825 1021 sunt
1872 965 1994 1021 vita
2024 964 2128 1019 ad-
2238 965 2618 1038 affertpartus
2634 969 3021 1039 exspectatio,
3042 974 3267 1025 metum
3285 968 3549 1042 expellit
3576 968 3770 1023 dulcis
3787 985 3911 1041 par-

482 1062 786 1121 mirabiles
815 1059 1099 1133 :et,quod
1123 1059 1319 1128 majus
1334 1061 1437 1121 est,
1465 1072 1650 1128 quam
1670 1055 1867 1127 ipsum
1890 1067 2129 1126 quoque
2238 1059 2333 1110 tus
2355 1057 2673 1127 promissio
2699 1074 2710 1114 :
2746 1058 2813 1114 In
2846 1064 3015 1114 utero
3042 1059 3345 1128 concipies,
3378 1064 3438 1115 et
3469 1058 3675 1128 paries
3699 1058 3908 1127 ﬁlium,

485 1152 753 1209 divinum
783 1150 955 1205 refert
988 1146 1391 1218 Evangelium.
2239 1149 2292 1199 et
2324 1145 2559 1201 vocabis
2583 1161 2794 1202 nomen
2821 1148 2947 1216 ejus
2968 1146 3212 1203 Jesum'.

558 1242 625 1297 II.
652 1243 782 1297 iam
805 1239 963 1294 enim
991 1237 1230 1293 divinus
1264 1234 1571 1305 Gregorius
1601 1233 1659 1288 in
1692 1231 1957 1288 oratione
1996 1245 2131 1302 qum
2314 1235 2401 1292 IV.
2430 1235 2582 1300 Quid
2622 1240 2821 1291 autem
2852 1238 3030 1293 Maria
3051 1238 3078 1293 ‘I
3109 1236 3262 1293 Audi
3289 1253 3526 1309 puram
3563 1252 3774 1293 vocem
3799 1236 3912 1291 Vir-

488 1333 562 1388 de
587 1336 719 1387 ortu
753 1327 961 1385 Christi
992 1327 1069 1381 ab
1104 1326 1234 1397 ipso
1265 1328 1351 1379 est
1379 1322 1714 1395 composita
1744 1322 1845 1392 (a),
1880 1321 2007 1375 haec
2059 1318 2132 1373 de
2242 1323 2415 1391 ginis.
2446 1324 2702 1395 Angelus
2733 1331 2973 1397 partum
3033 1327 3372 1390 annuntiat,
3408 1332 3470 1381 et
3500 1326 3605 1381 illa
3656 1325 3909 1381 adhzeret

490 1436 561 1476 ea
588 1423 797 1475 tractat
828 1435 842 1470 :
874 1414 1106 1481 Audivi,
1148 1413 1372 1476 dicens,
1401 1426 1684 1467 arcanam
1716 1408 2047 1481 quamdam
2080 1410 2135 1461 et
2243 1412 2585 1481 virginitati,
2618 1429 2739 1468 non
2780 1414 3107 1486 corrumpi,
3134 1414 3429 1485 judicans
3462 1430 3602 1471 esse
3646 1419 3913 1487 praestan-

490 1508 784 1566 occultam
817 1504 1147 1569 historiam,
1169 1501 1242 1556 de
1264 1517 1333 1556 ea
1362 1500 1878 1555 haecnarrantem:
1905 1496 2136 1551 Eratin-
2244 1502 2378 1564 tius,
2410 1516 2596 1569 quam
2650 1502 3093 1575 apparitionem
3125 1503 3345 1574 angeli.
3386 1506 3455 1559 Et
3485 1519 3691 1576 neque
3731 1509 3911 1575 potest

493 1598 675 1669 signis
705 1596 766 1651 in
791 1597 1071 1650 accurata
1096 1592 1405 1661 vitm,quas
1434 1594 1521 1644 est
1555 1605 1623 1643 ex
1662 1587 1809 1657 lege,
1829 1584 2139 1641 institutio-
2245 1591 2463 1659 angelo
2514 1606 2634 1646 non
2693 1592 2954 1657 credere,
2980 1608 3174 1665 neque
3232 1592 3501 1648 discedit
3535 1592 3616 1648 ab
3662 1592 3733 1647 iis
3788 1606 3909 1663 qua:

492 1704 587 1752 ne,
616 1693 671 1742 et
719 1684 867 1740 inter
893 1683 1151 1754 optimos
1181 1679 1454 1751 apprime
1505 1683 1702 1742 notus,
1746 1682 1914 1748 pater
1956 1673 2139 1743 Virgi-
2168 1684 2213 1740 Β
2250 1684 2553 1736 statuerat.
2588 1682 2701 1745 Est,
2767 1681 2979 1752 inquit,
3038 1680 3178 1737 mihi
3239 1682 3551 1754 prohibita
3604 1696 3743 1737 cum
3801 1680 3908 1735 viro

492 1776 607 1834 nis.
659 1776 1062 1831 Consenuerat
1097 1774 1297 1824 autem
1351 1768 1477 1822 sine
1529 1765 1751 1832 liberis,
1807 1764 1972 1837 quod
2017 1779 2138 1818 non
2249 1768 2636 1824 consuetudo.
2680 1770 2996 1834 Quomodo
3055 1771 3163 1826 erit
3215 1771 3362 1827 mihi
3436 1770 3577 1836 hoc,
3633 1770 3907 1843 quoniam

496 1872 620 1922 erat
646 1864 775 1935 ejus
804 1861 1020 1931 conjux
1054 1863 1195 1930 apta
1238 1857 1316 1913 ad
1348 1854 1751 1929 procreandos
1794 1853 1970 1909 ﬁlios.
2006 1855 2137 1907 Erat
2251 1858 2440 1912 virum
2466 1873 2585 1912 non
2615 1873 2911 1929 cognosco
2939 1860 2967 1915 ?
2999 1862 3130 1915 Haec
3151 1876 3269 1915 vox
3300 1860 3521 1926 Mariae,
3555 1866 3646 1915 est
3675 1858 3907 1914 demon-

494 1971 633 2011 νει-ο
671 1969 744 2007 ex
777 1951 905 2020 lege
935 1946 1184 2020 quidam
1236 1946 1426 2000 honor
1456 1943 1763 2009 matribus,
1803 1958 1984 2015 quem
2018 1956 2137 1997 non
2251 1945 2458 2001 stratio
2483 1962 2690 2001 eorum
2723 1963 2858 2019 qum
2888 1963 3105 2004 arcane
3131 1954 3187 2004 et
3214 1948 3456 2005 occulte
3482 1952 3821 2005 narrantur.
3861 1946 3909 2001 Si

498 2039 1002 2115 adipiscebantur,
1038 2051 1172 2108 quae
1205 2034 1487 2090 carebant
1515 2032 1669 2087 ﬁliis.
1704 2032 1971 2087 Imitatur
2000 2046 2141 2100 ergo
2252 2034 2411 2089 enim
2465 2051 2597 2091 eam
2662 2037 2885 2108 Joseph
2941 2042 3255 2110 acceperat
3312 2037 3379 2093 in
3436 2036 3902 2096 matrimonium,

498 2150 569 2189 ea
592 2144 834 2204 quoque
864 2127 982 2189 illa,
1011 2142 1146 2196 quas
1174 2131 1443 2179 narratur
1472 2122 1545 2176 de
1575 2128 1760 2176 matre
1789 2120 2080 2177 Samuelis
2097 2122 2139 2174 ί.
2252 2123 2764 2196 quemadmodum
2782 2126 2832 2181 ei
2860 2127 3057 2181 visum
3084 2131 3172 2182 est
3193 2125 3664 2199 alienam,quod
3686 2130 3904 2197 partum

501 2224 564 2276 Et
592 2234 729 2275 cum
759 2216 965 2271 fuisset
985 2215 1137 2269 intra
1167 2212 1385 2282 templa
1407 2216 1773 2275 sanctorum,
1806 2210 1873 2265 ﬁt
1894 2208 2145 2281 supplex
2254 2217 2389 2268 ante
2404 2212 2847 2284 significaret,si
2866 2215 2998 2286 ipsa
3018 2216 3268 2272 omnino
3293 2215 3693 2288 exspectabat
3736 2212 3847 2268 ﬁeri
3861 2211 3906 2265 ei

507 2311 643 2376 Deo,
672 2320 896 2375 rogans
920 2319 994 2358 ne
1025 2302 1315 2358 excideret
1342 2300 1418 2356 ab
1450 2316 1540 2368 ea,
1571 2315 1705 2371 quae
1736 2303 1826 2354 est
1879 2315 1950 2354 ex
1993 2298 2141 2368 lege,
2260 2309 2445 2358 mater
2474 2302 2603 2374 lege
2623 2303 2895 2358 naturae?
2928 2305 3179 2370 Quando
3219 2306 3473 2378 quidem
3500 2319 3762 2368 carnem,
3785 2315 3905 2371 quae

504 2396 929 2459 benedictione,
961 2409 1096 2448 cum
1129 2392 1187 2446 in
1218 2391 1410 2460 legem
1440 2389 1587 2445 nihil
1646 2393 1917 2460 peccaret
1947 2386 2147 2443 :ﬁeret
2262 2394 2376 2446 Deo
2421 2390 2612 2447 fuerat
2641 2399 3007 2459 consecrata,
3042 2394 3219 2449 veluti
3267 2394 3594 2466 quoddam
3654 2396 3906 2448 sanctum

504 2490 704 2542 autem
731 2488 935 2549 mater,
965 2486 1022 2536 et
1049 2482 1171 2536 Deo
1191 2483 1565 2536 consecraret
1616 2477 1676 2533 id
1708 2478 1863 2550 quod
1898 2483 2145 2550 pareret.
2259 2480 2598 2545 donarium,
2655 2482 2942 2538 intactum
2991 2485 3331 2539 conservari
3398 2483 3712 2555 oportebat
3743 2499 3756 2548 ;
3795 2493 3908 2550 pro-

506 2577 650 2632 Gum
680 2578 826 2629 nutu
857 2577 1056 2627 autem
1079 2569 1279 2625 divino
1309 2568 1662 2624 conﬁrmata
1688 2572 1844 2622 esset
1893 2566 1970 2621 ad
2023 2582 2151 2639 gra-
2263 2574 2495 2639 pterea:
2523 2570 2639 2624 Etsi
2660 2570 2739 2624 sis
2758 2571 3321 2645 angelus,inquit,et
3342 2574 3391 2628 si
3418 2572 3497 2628 de
3522 2572 3673 2627 caelo
3698 2569 3904 2633 venias,

506 2665 669 2730 tiam,
697 2678 884 2735 quam
916 2660 1182 2734 petierat,
1216 2662 1539 2730 postquam
1586 2657 1809 2728 peperit
1866 2656 2149 2727 puellam,
2263 2658 2493 2715 etiamsi
2524 2658 2594 2713 sit
2648 2674 2827 2730 super
2856 2659 3167 2716 hominem
3200 2661 3260 2716 id
3290 2662 3463 2733 quod
3503 2662 3769 2733 apparet,
3800 2669 3905 2711 non

508 2770 642 2810 eam
672 2751 915 2826 quidem
945 2749 1275 2807 nominavit
1303 2747 1548 2804 Mariam
1583 2762 1596 2802 :
1623 2750 1685 2802 ut
1717 2744 2024 2816 velipsum
2052 2760 2153 2800 no-
2263 2751 2455 2819 potest
2487 2752 2685 2802 tamen
2711 2746 2853 2813 fieri,
2886 2754 2949 2803 ut
2973 2749 3166 2804 virum
3189 2765 3590 2819 cognoscam.
3612 2743 3904 2814 Quomodo

512 2857 648 2898 men
679 2839 1057 2910 signiﬁcaret,
1092 2854 1128 2893 a
1158 2838 1278 2892 Deo
1318 2836 1523 2892 datam
1549 2851 1680 2890 esse
1707 2834 1980 2904 gratiam.
2007 2835 2151 2889 Cum
2265 2850 2407 2907 ergo
2433 2851 2534 2891 ero
2567 2840 2755 2893 mater
2780 2836 3006 2909 absque
3036 2838 3163 2894 viro
3190 2840 3217 2894 ‘f
3250 2842 3401 2895 Nam
3436 2839 3661 2910 Ioseph
3680 2833 3901 2909 quidem

510 2946 651 2986 vero
671 2930 802 3001 jam
833 2928 1109 2984 crevisset
1171 2924 1390 2997 puella,
1419 2929 1475 2981 ut
1528 2938 1649 2978 non
1690 2921 1948 2994 amplius
2005 2938 2155 2992 opus
2268 2925 2401 2980 novi
2423 2941 2729 2995 sponsum,
2758 2926 2952 2982 virum
2981 2931 3182 2983 autem
3229 2944 3353 2983 non
3415 2940 3743 2998 cognosco.
3770 2919 3900 2988 Quid

514 3020 753 3075 haberet
801 3030 1011 3085 sugere
1070 3012 1426 3077 mamillam,
1461 3028 1589 3067 eam
1640 3015 1753 3067 Deo
1808 3010 2069 3075 tradidit,
2102 3015 2158 3066 et
2194 3038 2233 3094 ρ
2266 3030 2408 3084 ergo
2464 3014 2920 3086 paranymphus
2969 3015 3227 3083 Gabriel,
3288 3018 3541 3090 qualem
3589 3013 3898 3071 thalamum

514 3107 879 3179 promissum
938 3102 1224 3174 implevit,
1283 3107 1339 3155 et
1400 3101 1476 3156 ad
1534 3100 1824 3171 templum
1887 3100 2154 3155 adduxit.
2268 3108 2435 3176 parat
2460 3119 2612 3175 puro
2641 3104 3029 3176 etimpolluto
3063 3105 3455 3163 matrimonio
3486 3105 3802 3175 ‘ISpiritus,
3832 3098 3903 3151 in-

512 3189 1316 3251 Sacerdotesauteminterim
1330 3188 1594 3261 quidem,
1613 3189 1690 3244 ad
1710 3188 2156 3244 similitudinem
2269 3193 2420 3264 quit,
2449 3199 2688 3249 sanctus
2716 3198 3086 3262 superveniet
3123 3197 3186 3250 in
3215 3202 3288 3261 te,
3316 3202 3379 3252 et
3412 3196 3600 3252 virtus
3638 3186 3903 3248 Altissimt

518 3282 828 3347 Samuelis,
852 3282 1001 3337 inter
1027 3284 1263 3336 sanctos
1290 3277 1627 3334 educabant
1663 3277 1942 3349 puellam.
2271 3281 2646 3336 obumbrabit
2698 3281 2801 3337 tibi
2845 3283 2888 3336 ⁴.
2923 3284 2967 3340 0
2998 3283 3242 3341 beatam
3296 3285 3467 3341 illam
3503 3297 3757 3348 carnem,
3787 3288 3903 3349 que

587 3372 680 3427 III.
737 3371 882 3426 Cum
922 3384 1063 3425 vero
1119 3368 1419 3433 crevisset,
1482 3366 1799 3422 consilium
1856 3372 2158 3439 ceperunt,
2272 3377 2507 3443 propter
2548 3370 2848 3440 insignem
2903 3372 3245 3443 puritatem,
3278 3376 3503 3430 animae
3530 3373 3689 3429 bona
3738 3366 3808 3423 ad
3850 3377 3901 3415 se

516 3461 809 3535 quidnam
840 3474 1013 3515 sacro
1044 3457 1124 3513 illi
1148 3456 1384 3529 corpori
1409 3455 1709 3522 facientes,
1736 3455 1798 3511 in
1825 3458 2009 3511 Deum
2041 3471 2161 3512 non
2273 3459 2523 3514 attraxit.
2548 3460 2614 3514 In
2657 3459 2787 3515 aliis
2817 3462 2977 3517 enim
3030 3462 3315 3519 omnibus
3375 3464 3476 3520 vix
3531 3461 3730 3518 anima
3772 3465 3903 3526 pura

519 3555 850 3625 peccarent.
912 3551 1055 3604 Eam
1101 3546 1259 3602 enim
1315 3546 1429 3616 legi
1459 3550 1682 3601 naturae
1710 3544 2069 3616 subjungere
2110 3551 2166 3600 et
2277 3548 2467 3604 sancti
2504 3550 2749 3620 Spiritus
2781 3548 3107 3606 adventum
3140 3553 3440 3624 acceperit
3477 3568 3492 3619 ;
3523 3550 3616 3606 hic
3644 3552 3824 3604 autem
3850 3538 3902 3595 ﬁt

518 3657 654 3698 eam
706 3640 846 3696 dare
908 3638 968 3694 in
1022 3636 1363 3693 servitutem
1420 3636 1468 3692 ei
1519 3635 1621 3708 qui
1683 3634 1843 3690 illam
1898 3634 2161 3700 duceret,
2280 3652 2419 3697 caro
2469 3638 2717 3709 Spiritus
2775 3639 3239 3710 receptaculum.
3303 3641 3462 3706 Quin
3513 3639 3685 3695 etiam
3740 3632 3902 3687 virtus

518 3730 831 3787 videbatur
859 3726 1385 3785 absurdissimum.
1421 3724 1831 3780 Existimatum
1865 3731 1953 3780 est
1996 3724 2166 3796 plane
2283 3727 2511 3783 Domini
2537 3727 2928 3783 obumbrabit
2950 3728 3070 3784 tibi.
3093 3729 3245 3794 Quid
3268 3730 3401 3787 haec
3420 3715 3901 3802 perarcanasigni-

520 3820 919 3890 sacrilegium,
949 3818 995 3871 si
1022 3813 1656 3872 divinidonariihomo
1673 3813 2165 3869 ﬁeretdominus:
2281 3816 2415 3871 ficat
2443 3817 2631 3872 oratio
2652 3815 2681 3870 ?
2713 3816 2986 3873 Christus
3015 3818 3122 3873 Dei
3161 3818 3375 3884 virtus,
3410 3825 3463 3876 et
3492 3817 3595 3873 Dei
3622 3806 3897 3883 sapientia,

518 3907 1012 3983 quandoquidem
1039 3920 1075 3960 a
1099 3905 1227 3974 lege
1261 3909 1346 3958 est
1377 3902 1781 3967 constitutum,
1822 3908 1881 3958 ut
1922 3903 2170 3958 maritus
2281 3905 2473 3977 inquit
2498 3905 2812 3976 Apostolus
2840 3908 2882 3962 ⁸.
2916 3906 3202 3963 Altissimi
3234 3924 3381 3978 ergo
3411 3907 3510 3964 Dei
3550 3906 3743 3964 virtus,
3782 3909 3898 3969 qua:

522 4004 675 4057 esset
696 3997 980 4053 dominus
1004 3992 1275 4063 conjugis
1301 3993 1341 4046 ³.
1376 3994 1445 4048 Ut
1467 3998 1663 4047 autem
1686 3992 1742 4047 in
1771 3991 2011 4064 templis
2044 4008 2168 4048 ver-
2281 4000 2363 4051 est
2398 3994 2656 4050 Christus
2680 4011 2785 4067 per
2814 3996 3136 4053 adventum
3160 4001 3346 4053 sancti
3376 3997 3620 4071 Spiritus
3641 3991 3897 4047 formatur

521 4092 795 4144 sarentur
822 4083 1098 4139 mulieres
1128 4097 1267 4136 eum
1298 4080 1723 4147 sacerdotibus,
1759 4086 1813 4135 et
1848 4081 2000 4136 inter
2031 4096 2169 4137 san-
2282 4082 2342 4139 in
2394 4083 2743 4152 virginitate.
2778 4085 3093 4149 Quomodo
3122 4087 3282 4141 enim
3332 4087 3551 4142 umbra
3608 4084 3893 4150 corporum

522 4182 646 4233 ctos
680 4174 1035 4240 viderentur,
1071 4185 1264 4243 neque
1284 4170 1413 4238 lege
1441 4169 1913 4241 permittebatur,
1945 4186 2053 4225 nec
2080 4187 2171 4225 res
2282 4171 2689 4228 conformatur
2740 4173 2945 4244 ﬁgurm
2993 4189 3202 4230 eorum
3259 4192 3400 4247 qute
3454 4170 3795 4248 praecedunt,
3824 4160 3893 4214 ίίθ

523 4270 651 4321 erat
667 4264 937 4320 honesta.
969 4260 1061 4317 Eis
1085 4275 1226 4316 vero
1248 4259 1321 4314 de
1346 4259 1437 4313 his
1468 4258 1963 4326 consultantibus,
1988 4276 2024 4317 a
2056 4263 2172 4316 Deo
2283 4262 2459 4318 etiam
2495 4262 2802 4318 character
2829 4269 2883 4319 et
2905 4264 3096 4332 signa,
3130 4264 3353 4336 quibus
3408 4264 3526 4321 Filii
3560 4260 3655 4318 Dei
3703 4263 3895 4322 cogno'

523 4354 699 4411 datur
729 4350 1065 4418 consilium,
1102 4353 1164 4404 ut
1181 4364 1311 4404 eam
1335 4347 1579 4445 quidem
1611 4347 1752 4403 dent
1777 4348 1903 4403 viro
1930 4349 2171 4405 nomine
2210 4392 2250 4445 υ
2285 4350 2466 4405 scitur
2490 4350 2792 4420 divinitas,
2825 4353 3207 4424 apparebunt
3234 4352 3295 4408 in
3337 4354 3490 4425 ejus,
3523 4348 3624 4422 qui
3675 4340 3891 4435 paritur.

525 4440 1014 4517 desponsationis
1048 4455 1060 4498 ;
1092 4439 1140 4494 is
1170 4444 1369 4494 autem
1398 4437 1529 4495 talis
1563 4442 1735 4503 esset,
1764 4438 1865 4510 qui
1892 4439 1969 4494 ad
2000 4440 2172 4512 virgi-
2210 4426 2249 4445 υ
2284 4441 2513 4505 virtute,
2545 4444 2607 4495 ut
2632 4440 2733 4512 qui
2753 4441 2955 4511 imago
2969 4449 3022 4497 et
3047 4441 3430 4511 signaculum
3452 4445 3505 4498 et
3528 4426 3892 4517 adumbratio,

525 4513 724 4590 uitatis
750 4534 1122 4603 aptusesset,
1152 4528 1509 4584 custodiam.
1547 4528 1829 4583 Inventus
1858 4529 2172 4600 estitaque
2286 4534 2340 4584 et
2391 4528 2669 4599 splendor
2730 4530 2899 4600 primi
2955 4530 3336 4602 exemplaris,
3394 4547 3499 4606 per
3549 4513 3892 4606 admirabiles

522 4616 1526 4695 Joseph,qualemquaarebatratio,
1557 4633 1626 4672 ex
1653 4617 1864 4673 eadem
1884 4618 2174 4690 tribuqua
2284 4617 2629 4673 ostendatur
2658 4620 3055 4689 operationes.
3096 4622 3160 4676 Et
3215 4620 3343 4676 haec
3398 4605 3638 4693 quidem
3689 4605 3891 4695 divinus

524 4691 861 4783 eratvirgo:
890 4715 945 4764 et
966 4725 1036 4763 ex
1060 4707 1309 4763 consilio
1328 4706 1703 4762 sacerdotum
1718 4706 1826 4761 sibi
1844 4707 2173 4779 despondet
2284 4707 2621 4776 Gregorius.
2658 4708 2780 4762 Alia
2814 4714 3013 4763 autem
3042 4714 3096 4763 et
3146 4725 3388 4766 sacrum
3425 4691 3819 4773 'Evangelium,
3843 4691 3889 4783 et

526 4802 847 4873 Virginem.
884 4796 1232 4869 Conjunctio
1263 4800 1466 4852 autem
1499 4801 2071 4870 processeratUSque
2096 4798 2173 4853 ad
2285 4796 2380 4853 alii
2417 4796 2519 4850 viri
2552 4796 2649 4867 pii,
2675 4812 2745 4851 ac
2775 4796 2870 4851 Dei
2894 4803 3185 4863 amantes,
3212 4814 3363 4871 quos
3389 4789 3822 4854 nominavimus,
3843 4779 3889 4831 εί

525 4870 1080 4963 desponsationem.
1120 4888 1281 4943 Tunc
1316 4884 1531 4955 virgini
1560 4901 1596 4942 a
1619 4885 1889 4941 Gabriele
1914 4887 2176 4958 aperitur
2284 4903 2542 4959 quorum
2573 4887 2923 4943 nominatim
2956 4903 3076 4943 non
3105 4870 3505 4951 meminimus,
3535 4896 3657 4939 vere
3683 4870 3881 4963 docent.

527 4957 894 5054 mysterium.
922 4979 1095 5033 Erant
1115 4980 1313 5032 autem
1336 4975 1516 5031 verba
1533 4975 1795 5046 mysterii
1813 4957 2170 5032 benedictio.
2305 4957 2322 4959 _
2358 4976 2419 5031 ν.
2454 4977 2531 5047 (1)
2561 4978 2692 5031 Haec
2730 4991 2872 5049 ergo
2898 4983 3221 5049 postquam
3249 4976 3429 5049 Virgo
3448 4969 3683 5034 audivit,
3714 4957 3883 5019 statim

595 5160 612 5196 ι
642 5157 664 5214 l
690 5159 888 5226 Regi,
918 5158 946 5212 1
981 5168 1148 5226 seqq.
1271 5155 1291 5189 ²
1322 5152 1469 5209 Gen.
1501 5168 1581 5218 ιιι,
1614 5154 1702 5207 16.
1821 5156 1841 5189 ³
1868 5155 2001 5210 Luc.
2036 5170 2075 5220 1,
2100 5158 2188 5212 28-

1658 5154 1702 5207 5.
1821 5156 1841 5189 ³
1868 5155 2001 5210 Luc.
2036 5170 2075 5220 1,
2100 5157 2282 5212 28-31.
2397 5157 2418 5191 ‘
2447 5154 2596 5212 ibid.
2629 5157 2718 5211 35.
2835 5153 3056 5212 “ICor.
3091 5170 3129 5220 ι,
3163 5158 3251 5211 24.

600 5337 675 5405 (1)
754 5342 857 5388 Τοῦ
909 5337 1307 5408 Μιταφραστοῦ.
1375 5331 1463 5393 Ὦς
1518 5334 1618 5404 γὰρ
1694 5332 1887 5391 ἢκουσε
1972 5335 2184 5399 τούτων,
2296 5334 2556 5404 γασθείσα
2604 5335 2690 5385 τὸν
2719 5339 2858 5394 νοῦν,
2906 5332 3141 5404 ἁσμένως
3183 5351 3237 5385 τι
3282 5328 3482 5388 duriter)
3550 5331 3615 5393 τῷ
3660 5305 3874 5408 ἑπαγγιᾏ·

530 5425 679 5485 εὐθὺς
734 5425 834 5475 ὑπὸ
907 5430 996 5475 τοῦ
1069 5427 1387 5484 ἐνοικοῦντος
1453 5422 1584 5493 αὐτῇ
1666 5424 1959 5493 Πνσύματος
2039 5418 2186 5474 διαυ-
2297 5439 2441 5493 ματι·
2505 5427 2593 5474 καὶ
2653 5418 2793 5475 Ἰδοὺ
2856 5422 2885 5479 ἡ
2946 5416 3107 5479 δούλη
3170 5425 3383 5496 Κυρίου,
3458 5420 3580 5491 φησί
3628 5408 3741 5479 πρὸς
3807 5397 3877 5446 τόν

601 5547 678 5621 (α)
707 5550 857 5620 Opp.
892 5548 1149 5617 Gregorii
1185 5546 1457 5620 Nysseni,
1488 5548 1861 5618 Patrologt'ae
1893 5552 2034 5603 tom.
2073 5545 2253 5614 XLVI,
2288 5546 2399 5602 col.
2437 5545 2575 5603 1138
2602 5549 2666 5613 D,
2704 5546 2852 5603 inter
2882 5545 3062 5603 dubia
3096 5547 3247 5603 EDIT.
