4142 6196
208 272 323 328 533

1417 267 1684 327 ORATIO
1726 266 1816 321 DE
1853 263 2127 321 SANCTA
2170 266 2417 325 MARIA.

3528 271 3635 328 534

208 401 415 454 mente
468 394 755 451 illustrata
829 409 867 450 a
921 392 1164 466 Spiritu,
1218 393 1323 466 qui
1386 392 1440 449 ei
1480 390 1875 458 inhabitabat,
1908 390 1955 447 A
1988 391 2146 449 tione
2176 393 2532 452 admirabili.
2557 397 2805 470 Virginis
2831 397 2992 455 enim
3014 397 3341 455 adventum
3369 397 3633 456 admira-

209 485 469 542 libenter
495 483 723 557 accepit
750 482 1116 555 promissum
1149 489 1241 540 :et
1270 484 1425 539 Ecce
1478 482 1707 539 ancilla
1767 481 1876 537 Do-

209 573 721 643 mini,aitfangelo,
739 573 875 629 Fiat
890 573 1040 629 mihi
1048 574 1374 630 secundum
1390 574 1625 630 verbum
1638 574 1804 626 tuum
1823 572 1844 605 ⁸
1860 588 1874 640 ;

215 663 401 721 simul
445 668 502 719 et
549 661 627 719 ad
653 663 850 732 angeli
882 678 1082 718 vocem
1112 678 1185 718 ea
1234 668 1422 729 utens,
1454 678 1572 733 qua
1601 676 1711 733 par
1767 664 1874 725 est,

214 753 513 822 cautione,
544 757 602 809 et
641 756 964 824 postquam
991 751 1109 807 ﬁde
1138 751 1324 820 digna
1372 752 1499 807 visa
1558 753 1758 806 essent
1807 764 1878 804 ea

214 858 351 916 quae
381 843 540 899 dicta
566 841 821 906 fuerant,
857 841 1047 898 noluit
1076 840 1335 913 amplius
1367 856 1495 896 esse
1525 838 1833 895 incredula
1862 852 1875 893 :

216 932 327 988 sed
357 931 459 988 illo
484 930 729 1005 quidem
755 931 947 987 evasit
974 930 1184 1002 prima:
1210 931 1416 987 matris
1438 928 1875 1002 deceptionem,

214 1023 336 1078 hoc
384 1026 583 1077 autem
633 1020 841 1076 vitavit
871 1018 1166 1076 Zacharias
1222 1019 1717 1083 incredulitatem,
1744 1032 1879 1090 quas

220 1110 397 1177 ultra,
429 1124 616 1183 quam
643 1108 897 1174 deceret,
927 1109 1240 1180 processit.

290 1199 383 1255 VI.
414 1199 491 1270 (2)
540 1204 729 1271 Atque
785 1197 1040 1270 angelus
1072 1197 1319 1270 quidem
1360 1197 1438 1253 ab
1490 1212 1563 1253 ea
1615 1195 1876 1252 recessit.

216 1292 552 1346 Consecuta
572 1293 659 1344 est
690 1293 890 1343 autem
912 1286 1098 1358 paulo
1123 1291 1258 1359 post
1284 1291 1340 1340 et
1369 1286 1569 1342 Maria:
1594 1301 1733 1342 cum
1760 1290 1878 1341 stu-

215 1378 319 1435 dio
348 1376 428 1433 ad
461 1380 748 1432 montana
777 1375 1092 1443 adventus,
1121 1379 1177 1431 et
1206 1375 1338 1448 ejus
1392 1375 1450 1430 in
1500 1374 1749 1431 domum
1784 1378 1880 1430 Za-

215 1465 435 1524 chariae
483 1465 805 1535 ingressus.
858 1467 1068 1535 Magno
1116 1466 1277 1521 enim
1331 1464 1526 1520 studio
1578 1463 1881 1520 contendit

218 1554 511 1627 gratulari
542 1553 911 1620 Elisabethas,
947 1558 1008 1610 ut
1034 1570 1163 1626 qua:
1198 1554 1277 1609 ab
1321 1554 1535 1623 angelo
1580 1553 1881 1609 didicisset

216 1661 442 1701 novam
472 1645 600 1715 ejus
633 1643 1110 1715 conceptionem.
1140 1642 1381 1699 Accedit
1432 1658 1595 1712 ergo,
1627 1647 1684 1698 et
1724 1642 1883 1698 beni-

1986 485 2102 549 tur,
2134 483 2343 555 quippe
2371 484 2474 557 qui
2496 485 2625 556 ejus
2674 492 2983 559 superaret
3012 486 3436 553 conditionem,
3467 487 3630 545 Unde

1988 569 2092 627 hoc
2114 572 2277 639 mihi,
2306 573 2509 631 dicens
2533 591 2544 630 :
2578 576 2730 631 sicut
2755 577 2934 633 etiam
2968 576 3121 632 illius
3145 576 3302 631 ﬁlius
3328 575 3403 631 de
3438 576 3633 632 Domi-

1986 660 2045 715 ni
2067 660 2329 719 adventu
2360 664 2420 719 in
2460 669 2725 736 tempore
2775 665 3072 738 baptismi.
3104 667 3234 722 iam
3286 680 3426 721 vero
3473 666 3631 722 hanc

1986 764 2229 821 quoque
2261 756 2511 808 matrem
2538 758 2593 809 et
2617 753 2929 810 dominam
2976 770 3148 810 suam
3196 754 3461 809 nominat
3494 753 3633 809 :sed

1986 838 2167 895 etiam
2195 839 2565 899 benedictam
2599 843 2740 899 dicit
2768 844 2826 899 in
2861 843 3228 910 mulieribus,
3257 848 3315 899 et
3342 858 3501 910 eum,
3532 843 3637 916 qui

1986 927 2047 983 in
2074 934 2239 986 utero
2267 931 2904 1001 gestabatur,fructum
2919 933 3146 990 ventris
3167 938 3341 990 vocat
3359 932 3627 989 admira-

1987 1017 2190 1090 biliter,
2253 1024 2314 1076 ut
2355 1021 2457 1092 qui
2501 1036 2639 1077 cum
2706 1022 2813 1078 viri
2867 1022 3097 1079 semine
3133 1021 3279 1078 nihil
3327 1021 3637 1079 habuisset

1987 1123 2330 1165 commune.

2062 1198 2527 1270 Vll.Cujusmodi
2546 1216 2687 1257 vero
2704 1200 2900 1257 estilla
2912 1217 3152 1275 quoque
3166 1217 3369 1259 rursus
3386 1199 3637 1258 admira-

1987 1286 2126 1345 bilis
2144 1288 2333 1343 Marias
2360 1289 2679 1360 praedictio,
2706 1290 2830 1347 fore
2853 1296 2915 1346 ut
2934 1291 3329 1348 celebraretur
3349 1292 3426 1347 ab
3446 1290 3636 1346 omni-

1988 1375 2103 1431 bus
2123 1376 2757 1446 generationibus.Non
2780 1379 3088 1453 enim(3)se
3105 1380 3335 1437 beatam
3351 1378 3637 1452 prasdicat

1994 1479 2145 1519 vana
2174 1469 2337 1521 mota
2358 1467 3143 1540 arrogantia,nequelingua
3171 1468 3477 1525 communi
3504 1468 3633 1524 hac

1987 1553 2251 1626 loquitur
2280 1571 2293 1608 :
2320 1556 2427 1612 sed
2447 1556 2646 1612 divino
2674 1558 2893 1629 Spiritu
2915 1558 3258 1625 serviens,et
3284 1558 3347 1614 id
3372 1557 3534 1630 quod
3570 1556 3636 1612 ﬁt

1989 1643 2048 1699 in
2078 1649 2389 1709 aeternum,
2412 1644 2709 1702 divinans.
2740 1646 3073 1719 Magniﬁcat
3092 1654 3290 1705 autem
3316 1650 3498 1704 Deum
3524 1649 3636 1704 Ma-

221 1748 339 1804 gne
368 1733 603 1790 salutat.
638 1732 722 1789 Fit
750 1739 947 1789 autem
1004 1732 1283 1789 salutatio
1333 1731 1525 1787 dulcis
1576 1731 1881 1787 exsultatio
1913 1746 1955 1801 Β
1990 1733 2095 1798 ria,
2122 1748 2184 1789 se
2212 1738 2266 1789 et
2292 1734 2532 1790 credere
2560 1735 2883 1791 ostendens
2916 1740 3159 1809 propter
3206 1753 3408 1794 vocem
3459 1737 3632 1791 Elisa-

218 1822 482 1888 infantis,
505 1821 607 1895 qui
639 1828 763 1879 erat
789 1823 848 1877 in
882 1827 1047 1878 utero
1077 1821 1446 1877 Elisabethae.
1470 1822 1605 1876 Jam
1627 1821 1787 1876 enim
1807 1835 1882 1876 ex

220 1917 427 1968 ventre
457 1912 687 1968 sciebat
716 1926 928 1967 servus
948 1911 1293 1974 Dominum,
1322 1910 1419 1983 qui
1438 1915 1563 1966 erat
1588 1909 1648 1965 in
1670 1914 1834 1966 utero
1865 1926 1878 1962 :

220 2008 279 2056 et
308 2017 447 2057 cum
482 2001 769 2057 sensisset
793 2000 924 2072 ejus
956 2001 1018 2055 in
1064 2000 1353 2056 mendum
1391 1998 1739 2067 adventum,
1772 1999 1882 2055 mi-

220 2090 490 2146 randum
522 2090 580 2146 in
641 2089 893 2145 modum
944 2088 1277 2145 laetabatur.
1307 2091 1425 2144 Hoc
1476 2088 1635 2144 enim
1683 2099 1883 2161 aperte

224 2178 607 2248 signiﬁcabat
662 2178 763 2235 illa
820 2177 1159 2234 exsultatio.
1188 2180 1315 2233 Non
1366 2181 1417 2232 te
1469 2182 1667 2233 autem
1708 2178 1885 2233 lateat

216 2267 573 2325 Elisabethte
630 2268 957 2325 reverentia
995 2272 1053 2323 et
1108 2266 1456 2336 submissio,
1494 2281 1629 2322 cum
1674 2265 1884 2338 praedi-

290 2448 311 2481 ⁸
352 2447 488 2502 Luc.
518 2462 558 2510 ι,
595 2448 682 2502 38.
797 2448 838 2482 "
865 2445 1015 2502 ibid.
1046 2445 1136 2501 45.
1249 2446 1268 2479 ⁷
1296 2442 1441 2500 ibid.
1470 2446 1557 2499 56.

243 2624 482 2696 ἄγγελον.
542 2629 742 2678 Γένοιτο
797 2644 887 2697 μοι
947 2627 1081 2677 κατά
1125 2626 1184 2675 τό
1235 2623 1381 2697 ῥῆμά
1431 2637 1546 2675 σου*
1598 2620 1709 2693 ἅμα
1752 2624 1847 2679 τὴν

242 2733 293 2766 τε
323 2712 593 2786 ἀκρίϐειαν
642 2713 713 2775 εἰς
739 2714 861 2767 ὅσον
889 2709 997 2765 ἔδει
1030 2715 1157 2787 πρός
1185 2716 1278 2770 τὴν
1308 2718 1399 2764 τοῦ
1430 2709 1646 2782 ἀγγέλου
1678 2713 1845 2781 φωνὴν

243 2803 542 2875 φυλάξασα,
591 2808 680 2855 καὶ
709 2808 781 2875 μὴ
817 2802 965 2855 πλέον
996 2804 1125 2874 μετά
1162 2807 1255 2860 τὴν
1288 2800 1616 2864 ἀξιοπιστίαν
1646 2807 1745 2851 τῶν
1776 2798 1849 2851 εἰ-

240 2897 477 2967 ρομένων
509 2892 714 2964 ἑλομένη
752 2889 1070 2945 διαπιστεῖν·
1114 2889 1241 2942 ἀλλά
1296 2910 1367 2961 τῳ
1418 2893 1528 2961 μὲν,
1580 2895 1672 2950 τῆς
1722 2906 1847 2962 προ·

242 2986 472 3054 μήτορος
505 2986 598 3039 τὴν
631 2980 832 3039 ἀπάτην
866 2976 900 3032 δ
906 2987 1223 3053 ιαφυγοῦσα⁶
1270 2987 1339 3049 τῷ
1389 2974 1447 3030 δι
1477 2981 1533 3030 τὸ
1567 2974 1847 3038 δυσπειθὲς

242 3069 529 3123 ἕκκλίνασα
551 3075 822 3142 Ζαχαρίου
852 3074 943 3122 καὶ
972 3072 1105 3144 πέρα
1132 3075 1222 3121 τοῦ
1252 3066 1416 3129 καλῶς
1446 3070 1681 3139 ἔχοντος.

318 3160 397 3230 (2)
458 3159 533 3213 Ού
589 3161 767 3231 φθάνει
813 3166 939 3231 γοῦν
969 3161 1315 3230 ἀσπασαμένη
1365 3161 1458 3215 τὴν
1492 3155 1759 3208 Ἐλισάϐετ
1811 3156 1840 3213 ἡ

242 3249 604 3319 πολυύμνητος
676 3252 945 3301 Δέσποινα’
989 3252 1079 3299 καὶ
1127 3248 1152 3299 ὁ
1219 3245 1521 3318 ἀσπασμὸς,
1583 3249 1846 3319 σκίρτημα

240 3345 338 3391 τοῦ
393 3336 442 3390 έν
489 3343 682 3411 γαστρὶ
728 3338 894 3399 αύτῆς
925 3336 1151 3411 βρέφους
1198 3333 1303 3395 ἡδύ
1332 3340 1553 3407 γίνεται.
1617 3340 1716 3388 Καὶ
1744 3337 1843 3407 γάρ

242 3426 348 3480 ἀπὸ
379 3430 610 3501 γαστρὸς
653 3426 938 3499 ἐμάνθασεν
972 3422 1045 3484 ἧδ
1050 3446 1080 3484 η
1112 3429 1198 3478 τὸν
1230 3424 1276 3477 ἐν
1306 3430 1499 3500 γαστρὶ
1529 3429 1792 3482 Δεσπότην
1818 3425 1843 3476 ὁ

242 3514 454 3584 δοῦλος,
485 3520 575 3568 xui
615 3520 706 3574 τὴν
753 3516 824 3579 εἰς
853 3519 940 3569 τόν
990 3519 1185 3588 κόσμον
1214 3514 1374 3567 αύτοῦ
1400 3510 1629 3587 πάροδον
1670 3514 1845 3587 ᾐσθη-

240 3611 415 3681 μένος,
443 3607 712 3679 ὑπερφυῶς
742 3602 922 3664 ἥδετο.
975 3612 1139 3658 Τοῦτο
1188 3606 1289 3676 γάρ
1338 3607 1396 3656 τὸ
1451 3602 1499 3655 ἐν
1543 3602 1843 3674 ἀγαλλιάσει

243 3701 515 3771 σκίρτημα
541 3704 770 3770 φανερῶς
816 3692 1026 3755 έδήλου.
1074 3698 1158 3753 Μὴ
1210 3694 1358 3746 λάθοι
1406 3689 1465 3746 δέ
1514 3711 1571 3745 σε
1598 3689 1738 3765 μηδὲ
1786 3696 1842 3744 τό

239 3785 357 3839 λίαν
410 3788 621 3857 μέτριόν
687 3803 741 3837 τε
797 3789 888 3837 xui
940 3785 1340 3858 ύποχωρητικὸν
1390 3780 1657 3835 Ἐλισάϐετ
1717 3784 1845 3853 μετά

239 3879 333 3927 καὶ
383 3876 692 3946 θαυμαστῆς
743 3881 838 3936 τῆς
876 3872 1233 3948 προρρήσεως·
1294 3868 1472 3944 ᾐδεῖτο
1502 3873 1600 3945 γὰρ
1631 3874 1724 3929 τὴν
1756 3879 1846 3932 τῆς

241 3966 510 4036 Παρθένου
557 3961 891 4028 έπιστασίαν,
942 3965 1011 4024 ὡς
1057 3963 1183 4034 ύπερ
1244 3960 1389 4024 ἀξίαν
1446 3957 1607 4013 οὖσαν
1661 3959 1844 4021 αύτῆςθ

239 4058 334 4106 καὶ
366 4049 463 4105 διὰ
512 4059 680 4105 ταῦτα
732 4049 1086 4127 διαποροῦσα,
1143 4052 1301 4104 Πόθεν
1331 4070 1421 4122 μοι
1459 4057 1631 4120 τοῦτο,
1660 4048 1795 4122 λέγει
1827 4067 1841 4117 ;

240 4144 477 4218 καθάπερ
533 4146 623 4195 καὶ
677 4143 703 4195 ό
759 4148 881 4204 παῖς
930 4143 1127 4201 ἐκείνης
1175 4143 1299 4214 πρὸς
1328 4144 1445 4198 ετὴν
1524 4144 1845 4199 Δεσποτικην

240 4237 406 4287 ἐποίει
460 4231 820 4306 προσέλευσιν,
882 4235 983 4284 Καὶ
1032 4233 1097 4282 σύ
1155 4232 1288 4303 ἔρχῃ
1344 4233 1476 4301 πρὸς
1529 4248 1612 4299 με,
1662 4229 1842 4301 λέγων,

239 4326 380 4375 κοιτά
409 4324 496 4375 τόν
526 4325 708 4395 καιρόν
740 4328 833 4372 τοῦ
887 4318 1276 4392 βαπτίσματος.
1317 4317 1456 4391 Ὀρα
1504 4315 1564 4371 δὲ
1616 4326 1725 4380 πῶς
1756 4322 1845 4371 καὶ

238 4414 603 4486 προαγορεύει,
687 4414 776 4463 καὶ
835 4411 1035 4483 μητέρα
1091 4411 1287 4466 ταύτην
1340 4404 1448 4466 ἤδη
1502 4411 1593 4459 καὶ
1660 4412 1845 4479 κυρίαν

240 4502 431 4561 εαυτῆς
477 4500 741 4573 ὀνομάζει·
805 4497 933 4551 ἀλλά
987 4503 1072 4549 καὶ
1134 4496 1479 4569 εύλογημένην
1538 4495 1585 4547 ἕν
1635 4496 1845 4567 γυναιξὶ

238 4592 398 4663 λέγει·
428 4594 633 4644 καὶτὸν
671 4589 1079 4663 κυοφορούμενον
1128 4585 1176 4639 έν
1227 4586 1356 4659 αὐτῇ
1408 4589 1603 4659 καρπόν
1652 4586 1846 4647 κοιλίας

239 4676 555 4755 παραδόξως
585 4677 853 4732 ἀποκαλεῖ.
886 4681 948 4729 Τί
976 4683 1129 4728 τοῦτο
1162 4680 1496 4749 σημαίνουσα
1528 4692 1542 4742 ;
1571 4679 1650 4728 ὅτι
1693 4679 1847 4748 σπέρο

241 4790 406 4845 ματος
432 4766 621 4844 ἀνδρὸς
653 4763 900 4839 οὐδαμῶς
926 4764 1202 4821 ἐκοινώνει.

318 4861 396 4932 (3)
442 4866 546 4913 Τοῦ
589 4862 991 4930 Μεταφραστοῦ.
1053 4853 1128 4907 Ού
1189 4852 1472 4927 μακαρίζει
1531 4848 1589 4906 δὲ
1637 4853 1841 4919 ἑαυτὴν,

240 4952 387 5021 τύφῳ
440 4954 566 5016 κενῴ
609 4946 902 5007 κινηθεῖσα,
950 4939 1073 4996 ούδὲ
1118 4942 1332 5016 γλώσσῃ
1379 4950 1522 5015 κοινῇ
1571 4944 1848 5014 φθέγγεται

240 5046 432 5102 ταῦτα,
462 5034 592 5088 ἀλλά
623 5036 741 5106 θείῳ
774 5032 1431 5106 Πνεύματιλειτουργοῦσα,
1477 5032 1604 5084 αύτό
1648 5035 1705 5085 τό
1737 5032 1846 5085 εἱσι-

239 5133 323 5181 αεὶ
366 5125 664 5196 τελούμενον
714 5124 1071 5195 προθεσπίζει,
1128 5126 1218 5174 καὶ
1272 5121 1330 5173 ού
1388 5124 1453 5174 τὰ
1496 5117 1614 5174 ἴδια
1672 5126 1845 5194 μόνον,

243 5216 376 5269 ἀλλά
427 5216 635 5268 καὶ-τά
686 5214 854 5266 κοινά.
904 5218 1011 5264 Ποῦ
1039 5213 1141 5284 γάρ
1183 5213 1240 5262 τό
1277 5208 1679 5271 ἀλαζονεύεσθαι
1727 5211 1848 5283 παρ’

244 5304 405 5376 αὐτῇ,
441 5307 553 5365 ἣτις
592 5308 682 5355 καὶ
730 5297 922 5357 δούλην
973 5299 1158 5358 ἑαυτὴν
1206 5298 1369 5364 καλεῖ,
1420 5304 1508 5352 καὶ
1556 5304 1641 5357 τὴν
1673 5304 1849 5352 ταπεί-

244 5412 409 5447 νωσιν
459 5394 715 5465 ὁμολογεῖ,
771 5396 860 5443 καὶ
913 5388 1096 5463 ἀπορεῖ
1140 5393 1230 5447 τὴν
1275 5387 1351 5442 ἐπ’
1402 5387 1531 5460 αὐτῇ
1576 5390 1713 5441 θείαν
1748 5388 1853 5442 έπί-

249 5482 433 5555 ϐλεψίν
463 5500 477 5550 ;
508 5483 767 5553 Πνεύματι
815 5482 983 5531 τοίνυν
1014 5479 1130 5550 θείῳ
1177 5480 1470 5550 κινουμένη,
1506 5478 1564 5530 ού
1595 5481 1713 5531 κενά
1741 5498 1859 5531 τινα

259 5578 353 5628 καὶ
405 5573 734 5648 ύπέρκομπα,
789 5566 897 5621 ἀλλ’
956 5567 1092 5620 αύτά
1142 5574 1307 5620 ταῦτα
1360 5570 1737 5642 προσαγορεύει
1792 5572 1859 5623 τά

1886 4382 1934 4438 D

1987 1821 2220 1877 bethaa:
2256 1824 2438 1879 Beata
2469 1825 2649 1890 enim,
2684 1826 2895 1897 inquit,
2926 1841 3055 1897 quae
3104 1826 3351 1882 credidit
3376 1826 3528 1895 fore,
3572 1830 3637 1880 ut

1988 1925 2056 1967 ea
2081 1912 2494 1980 perﬁciantur,
2522 1928 2657 1985 qua
2670 1914 2720 1969 si
2736 1914 2898 1970 dicta
2915 1921 3053 1970 sunt
3076 1930 3113 1971 a
3134 1916 3381 1971 Domino
3405 1916 3447 1951 "
3465 1931 3480 1982 ;
3499 1920 3553 1970 et
3568 1929 3634 1969 se

1988 1999 2040 2055 ei
2062 2004 2187 2056 tam
2210 2016 2443 2070 magna)
2466 2003 2545 2057 rei
2568 2002 2864 2059 inservire.
2891 2005 3004 2059 Sed
3030 2004 3158 2060 haec
3173 2004 3408 2076 quidem
3425 2005 3507 2060 sic
3535 2004 3635 2060 ha-

1990 2089 2224 2145 bent.In
2238 2089 2421 2146 domo
2452 2094 2651 2146 autem
2681 2092 3022 2149 Elisabethw
3044 2093 3297 2165 (laicirca
3324 2098 3441 2148 tres
3475 2108 3637 2150 men-

1990 2193 2081 2233 ses
2104 2178 2397 2235 habitavit
2420 2181 2841 2237 Maria.Deinde
2868 2181 3433 2255 sic,inquit,reversa
3461 2190 3543 2240 εει
3570 2183 3636 2238 in

1988 2266 2227 2323 domum
2239 2269 2529 2325 suamSic
2550 2270 2709 2326 enim
2732 2285 2827 2325 me
2843 2270 3017 2327 docet
3036 2270 3634 2342 Evangelinm7.Quid

1986 2619 2220 2693 έσόμενα.
2279 2623 2561 2695 Μεγαλύνει
2623 2621 2680 2676 δὲ
2732 2626 2818 2676 τόν
2870 2627 2991 2677 Θεὸν
3045 2625 3074 2680 ἡ
3148 2626 3347 2699 Μάρια,
3431 2628 3508 2677 ὅτι
3576 2644 3631 2677 τε

1944 2714 2215 2763 ,πιστεύει
2299 2709 2551 2765 δεικνῦσα
2610 2709 2703 2765 διὰ
2779 2717 2871 2771 τὴν
2938 2722 3031 2775 τῆς
3084 2713 3352 2766 Ἐλισάϐετ
3433 2719 3624 2786 φωνήνο

1984 2805 2233 2871 Μακαρία
2277 2804 2400 2875 γὰρ,
2443 2806 2593 2873 φησὶ,
2653 2804 2682 2860 ἠ
2724 2804 3061 2855 πιστεύσασα
3115 2810 3220 2863 τοῖς
3274 2801 3630 2875 λελαλημένοις

1982 2888 2112 2961 αὐτῇ
2161 2882 2303 2962 παρά
2352 2894 2565 2963 Κυρίουο
2626 2896 2714 2943 καὶ
2749 2893 2819 2954 ὡς
2865 2890 3071 2963 μεγάλῳ
3113 2894 3333 2963 τοιούτῳ
3381 2893 3627 2964 ὑπηρετεῖ

1981 2980 2268 3051 πράγματι’
2326 2979 2453 3031 ἀλλά
2524 2984 2624 3033 Καὶ
2684 2980 2964 3052 ὴγαλλίασε
3022 2984 3079 3034 τό
3132 2983 3332 3053 πνεῦμά
3388 3000 3487 3053 μου
3542 2979 3627 3034 ἐπὶ

1981 3075 2052 3138 τῷ
2085 3076 2218 3139 Θεῷ·

2051 3156 2127 3221 (4)
2181 3165 2283 3211 Τοῦ
2354 3165 2754 3232 Μεταφραστοῦ.

1981 3247 2065 3299 ϐετ
2116 3247 2257 3299 οἰκία
2306 3252 2399 3307 τὴν
2468 3250 2723 3322 Παρθένον

2835 3155 2964 3231 Εἶχε
3030 3161 3119 3231 μεν
3185 3159 3215 3217 ἡ
3276 3167 3369 3220 τῆς
3415 3156 3624 3210 Ἐλισά-

2799 3251 2989 3301 ἕνοικον
3058 3252 3172 3321 περὶ
3246 3256 3418 3320 μῆνας
3472 3254 3623 3322 τρεῖς

1980 3334 2212 3389 ἐϐούλετο
2278 3333 2337 3390 δὲ
2393 3337 2523 3410 αὐτῇ
2581 3340 2611 3396 ἡ
2668 3342 2963 3413 παραμονὴ,
3025 3341 3187 3411 τυχόν
3241 3341 3330 3410 μεν
3383 3342 3472 3390 xui
3530 3344 3622 3389 τοῦ

1980 3423 2283 3499 παραδόξου
2357 3434 2680 3486 κατανοῆσαι
2758 3432 2852 3487 τὴν
2908 3427 3139 3480 ἔκϐασιν*
3200 3428 3443 3500 ἠπορεῖτο
3492 3430 3616 3501 γὰρ,

1980 3517 2044 3577 ὡς
2086 3515 2237 3581 εἰκός,
2292 3522 2399 3577 τοῖς
2464 3517 2579 3568 καθ’
2630 3516 2834 3575 ἑαυτήν·
2895 3522 2985 3570 xui
3041 3516 3281 3580 ἔκπληξις
3330 3518 3444 3589 εἶχε
3497 3519 3624 3569 ταύ-

1978 3624 2072 3663 την
2121 3606 2248 3678 ούχὶ
2289 3610 2493 3679 μετρία·
2544 3610 2709 3678 τυχόν
2760 3603 2819 3660 δὲ
2865 3612 2955 3659 καὶ
3002 3609 3331 3666 συνησθῆναι
3379 3615 3440 3679 τῇ
3490 3606 3626 3659 Ἐλι-

1982 3693 2139 3747 σάϐετ
2191 3698 2255 3747 τά
2305 3704 2523 3748 τοιαῦτα
2597 3695 2842 3767 μεγαλεῖα
2905 3702 2994 3749 καὶ
3044 3695 3333 3767 εὐαγγέλια·
3393 3697 3515 3748 ὅτου
3565 3692 3625 3747 δὲ

1979 3784 2141 3856 χάριν
2192 3782 2276 3836 έπὶ
2332 3792 2469 3855 τρεῖς
2519 3791 2682 3856 μῆνας
2733 3789 2821 3837 καὶ
2876 3789 2946 3856 μὴ
2998 3784 3146 3838 πλέον
3191 3786 3221 3843 ἡ
3279 3787 3539 3851 συνοικία,
3590 3786 3621 3842 ἦ

1981 3873 2186 3934 πάντως
2253 3875 2317 3933 ὡς
2380 3877 2570 3926 τίκτειν
2637 3873 2925 3946 μελλούσης
2979 3878 3095 3927 τότε
3149 3881 3244 3933 τῆς
3297 3871 3615 3939 Ἐλισάϐετς

1983 3960 2042 4014 Εἰ
2084 3962 2185 4036 γάρ
2214 3966 2333 4036 περὶ
2384 3965 2469 4014 τόν
2511 3964 2655 4016 ἕκτον
2704 3970 2843 4035 μῆνα
2870 3970 2962 4017 τοῦ
3009 3964 3203 4022 ταύτην
3251 3959 3318 4020 δή
3355 3960 3626 4013 συλλαϐεῖν

1980 4052 2010 4109 ἡ
2066 4058 2157 4103 τοῦ
2210 4048 2426 4122 ἀγγέλου
2480 4056 2658 4123 γέγονε
2701 4056 2830 4127 πρὸς
2886 4056 2980 4111 τὴν
3039 4053 3291 4125 Παρθένον
3332 4049 3617 4117 ἀποστολὴ,

1980 4137 2111 4197 αύτή
2172 4135 2230 4191 δε
2284 4144 2527 4211 γενομένη
2577 4143 2703 4215 πρὸς
2762 4139 3028 4194 Ἐλισάϐετ
3079 4148 3247 4213 μῆνας
3299 4146 3437 4211 τρεῖς
3491 4136 3619 4211 παρ’

1982 4227 2110 4300 αὐτῇ
2147 4224 2389 4302 διαμένῃ,
2428 4226 2645 4286 εὔδηλον
2676 4234 2757 4281 ὅτι
2801 4238 2891 4282 τοῦ
2932 4234 3128 4302 χρόνου
3172 4237 3263 4289 τῆς
3294 4226 3616 4298 συλλήψεως.

1981 4318 2034 4370 ὃν
2086 4318 2112 4369 ὀ
2167 4320 2339 4379 ἔνατος
2413 4321 2714 4392 περιγράφει
2760 4323 2879 4390 μὴν,
2934 4323 3088 4387 πέρας
3134 4321 3366 4390 ἔχοντος,
3417 4318 3484 4380 εἰς
3535 4319 3623 4370 τὸν

1982 4407 2138 4468 αὐτῆς
2180 4403 2317 4460 οἶκον
2357 4406 2613 4460 ἐπάνεισιν
2657 4410 2687 4466 ἠ
2744 4409 3019 4482 Παρθένοςο
3071 4413 3161 4460 καὶ
3198 4410 3382 4460 τούτου
3436 4410 3625 4480 τυχὸν,

1984 4495 2078 4551 διά
2122 4500 2180 4550 τό
2236 4495 2413 4569 μελλον
2462 4495 2691 4567 ἀπαντῷ
2742 4496 2938 4559 πλῆθος
2976 4497 3049 4558 εἰς
3094 4500 3179 4549 τόν
3224 4500 3497 4572 Ζαχαρίου
3553 4493 3628 4550 οἶ-

1981 4606 2090 4656 κον,
2137 4591 2292 4639 τόκου
2340 4588 2428 4657 μεν
2476 4587 2611 4659 ὥραν
2667 4594 2757 4647 τῆς
2802 4584 3073 4639 Ἐλισάϐετ
3122 4585 3371 4658 ἐχούσης·
3424 4594 3514 4647 τῆς
3564 4582 3624 4639 δε

1982 4677 2295 4752 παρθενικῆς
2340 4682 2504 4726 ταῦτα
2556 4670 2738 4735 αἰδοῦς
2790 4675 2883 4727 οὐκ
2933 4674 3273 4747 ἀνεχομένης’
3326 4676 3501 4747 ἔθιμον
3552 4671 3620 4735 δὴ

1983 4767 2035 4819 ὃν
2091 4766 2384 4838 ὑποχωρεῖν
2441 4767 2533 4824 τάς
2603 4766 2904 4837 παρθένους,
2960 4761 3169 4817 έπειδάν
3222 4763 3376 4837 μέλλῃ
3430 4770 3620 4818 τίκτειν

1982 4853 2030 4907 ἐν
2080 4859 2274 4929 γαστρὶ
2324 4856 2545 4924 ἔχουσα·
2600 4850 2683 4907 δεῖ
2734 4857 2834 4928 γὰρ
2892 4860 2981 4907 καὶ
3033 4862 3185 4907 τοῦτο
3234 4862 3460 4907 σκοπεῖν·
3511 4851 3619 4913 ἤδη

1982 4950 2072 4999 καὶ
2112 4952 2208 5004 τῆς
2236 4942 2507 4996 Ἐλισάϐετ
2538 4948 2691 4996 τόκου
2722 4945 2858 5017 ὤραν
2906 4945 3160 5016 ἐχούσης,
3212 4946 3241 5003 ἡ
3294 4948 3476 5018 Μαρία
3509 4949 3626 4996 καί-

1984 5054 2065 5088 τοι
2108 5033 2339 5105 ἀτεχνῶς
2390 5028 2523 5085 οὖσα
2569 5035 2773 5104 ἔγκυος,
2818 5032 2923 5085 ἀλλ’
2973 5029 3083 5102 οὖν,
3130 5036 3199 5095 ὡς
3250 5034 3500 5106 παρθένος
3547 5032 3631 5096 ἐξ·

1989 5130 2218 5177 ίσταται.
2276 5123 2418 5176 Ἐπεὶ
2468 5118 2527 5175 δε
2572 5126 2662 5174 καὶ
2707 5122 2776 5185 εἰς
2828 5126 2912 5175 τόν
2969 5121 3105 5175 οἷκον
3162 5126 3246 5175 τόν
3300 5123 3487 5183 ἑαυτῆς
3546 5121 3631 5175 ἕπ-

1988 5212 2218 5277 ανῆλθεν,
2272 5210 2503 5282 ἀλλαχοῦ
2545 5214 2654 5283 μὶν,
2702 5207 2956 5283 ούδαμοῦ·
2996 5208 3103 5264 ἐκεῖ
3130 5208 3189 5265 δέ
3230 5215 3289 5263 τό
3320 5213 3449 5283 μετά
3476 5219 3629 5265 τοῦτο

1991 5299 2258 5373 διάγουσα
2301 5301 2383 5366 ἧν,
2439 5302 2531 5360 ἕως
2601 5300 2820 5371 ἒγγίζειν
2895 5296 3000 5358 ἤδη
3054 5304 3142 5353 τόν
3198 5308 3293 5362 τῆς
3343 5305 3627 5374 κυοφορίας

1990 5396 2171 5464 καιρόν
2248 5392 2482 5461 ἔγνωκεν.
2536 5388 2698 5442 Ἀλλά
2749 5398 2822 5459 τῷ
2887 5388 3081 5461 Ἰωσὴφ
3126 5391 3155 5447 ἠ
3218 5398 3306 5450 τῆς
3364 5392 3626 5462 Παρθένου

1990 5482 2194 5551 γαστὴρ
2250 5478 2321 5539 εἰς
2378 5481 2529 5548 ὄγκον
2580 5475 2801 5548 ἀρθεῖσα
2852 5478 3050 5548 (ἠγνόει
3101 5480 3201 5551 γὰρ
3259 5480 3340 5532 ὅτι
3399 5481 3635 5551 Πνεύμα-

1994 5589 2080 5631 τος
2160 5565 2221 5627 ἧν
2303 5566 2477 5640 ἁγίου)
2564 5566 2845 5639 λογισμούς
2922 5566 3093 5626 ἐνῆκεν
3167 5567 3263 5620 ούκ
3367 5568 3636 5643 εὐπρεπεῖς
