4142 6196
446 254 557 308 535

1824 246 2084 303 MENSlS
2124 241 2531 306 AUGUSTUS.

3775 251 3887 322 536

448 385 651 434 autem
682 373 792 431 sibi
817 372 1002 430 voluit
1017 372 1210 430 Mariae
1239 372 1369 430 haec
1388 376 1621 431 mensio
1646 379 1674 433 ?
1692 371 2100 444 Fortassequi-
2145 371 2188 426 Α
2231 370 2376 425 lium
2405 371 2591 427 David
2603 371 3028 437 illumvocans,
3050 369 3341 444 quidnam
3360 373 3486 429 vult
3502 374 3683 442 aliud,
3702 392 3889 447 quam

448 465 675 530 dem,ut
703 466 830 537 ejus
846 464 928 519 rei
948 461 1316 518 admirabilis
1338 462 1556 520 videret
1592 466 1834 529 exitum,
1850 463 1924 518 de
1952 476 2100 532 qua-

446 570 569 611 non
597 553 887 610 mediocri
906 551 1209 607 tenebatur
1245 552 1768 609 admiratione.Est
1802 558 1998 608 autem
2037 552 2095 605 in

447 659 613 699 more
634 642 920 716 positum,
945 647 1007 697 ut
1032 640 1292 711 virgines
1314 642 1612 709 secedant,
1642 658 1800 709 cum,
1826 656 1962 713 quae
1992 639 2098 695 fert

448 738 705 799 uterum,
738 736 830 787 est
879 730 1166 803 paritura.
1200 730 1443 800 Oportet
1470 732 1627 786 enim
1678 731 1793 786 hoc
1851 743 2094 801 quoque

449 821 853 876 considerare.
882 822 957 875 Ea
977 819 1051 874 de
1076 833 1262 874 causa
1278 835 1411 874 cum
1434 819 1559 890 jam
1581 820 1826 875 instaret
1856 824 2092 888 tempus

446 915 511 966 ut
533 915 762 982 pareret
779 907 1100 973 Elisaheth,
1121 913 1177 963 et
1200 907 1247 962 si
1272 922 1476 963 revera
1496 912 1646 963 esset
1670 921 2092 980 praegnans,re-

446 998 844 1065 cedit,tamen,
875 1003 1166 1069 tanquam
1222 996 1409 1067 virgo,
1434 1001 1490 1051 et
1542 997 1602 1051 in
1634 996 1885 1052 domum
1920 1010 2091 1049 suam

443 1086 768 1142 revertitur.
804 1088 1129 1159 Postquam
1162 1091 1361 1141 autem
1387 1102 1625 1141 reversa
1654 1092 1763 1151 est,
1797 1099 2093 1156 nusquam

443 1176 684 1249 quidem
713 1175 987 1241 alibi,sed
1016 1175 1184 1230 domi
1205 1175 1484 1246 deinceps
1509 1174 1981 1245 degebat,donec
1998 1188 2093 1228 co-

445 1265 648 1336 gnovit
670 1265 795 1335 jam
830 1269 1065 1336 tempus
1104 1264 1315 1319 adesse
1342 1269 1570 1336 partus.

516 1353 663 1409 YIII.
700 1355 985 1409 Caeterum
1012 1353 1585 1425 Josephumtumens
1617 1352 1865 1424 Virginis
1892 1355 2092 1407 uterus

445 1443 773 1516 (nesciebat
800 1442 960 1498 enim
990 1443 1049 1497 id
1100 1458 1231 1498 esse
1274 1458 1429 1513 opus
1486 1442 1673 1497 sancti
1724 1442 1998 1513 Spiritus)
2031 1441 2089 1495 in

446 1532 658 1591 dubias
684 1532 916 1588 induxit
935 1532 1343 1603 cogitationes,
1364 1536 1421 1587 et
1439 1531 1573 1586 ideo
1595 1546 1726 1587 eam
1749 1529 2089 1585 clanculum

445 1619 739 1675 dimittere
763 1619 1030 1674 habebat
1053 1620 1111 1673 in
1146 1618 1351 1675 animo
1380 1620 1470 1676 :Ut
1498 1619 1754 1691 quiesset
1774 1618 2093 1688 justus,in-

446 1710 588 1780 quit,
622 1717 674 1765 et
696 1724 823 1766 eam
851 1710 1032 1765 nollet
1051 1708 1432 1775 traducere“;
1456 1708 1608 1763 adeo
1633 1709 1850 1778 justus,
1880 1712 1945 1762 ut
1968 1723 2087 1763 non

448 1798 643 1853 solum
668 1798 1099 1870 nolletpunire,
1127 1799 1304 1853 etiam
1336 1799 1383 1852 si
1404 1797 1517 1852 hoc
1544 1797 1633 1852 lex
1657 1796 1959 1867 juberet’:
1985 1796 2089 1851 sed

445 1903 641 1961 neque
670 1903 796 1943 rem
830 1886 1002 1943 vellet
1033 1886 1366 1959 propalare,
1400 1891 1456 1942 et
1494 1885 1554 1940 in
1600 1885 1907 1957 publicum
1956 1900 2090 1956 pro-

443 1981 615 2033 terre.
668 1980 786 2033 Hoc
823 1977 980 2032 enim
1027 1976 1135 2031 sibi
1186 1975 1310 2031 vult
1339 1975 1504 2039 illud,
1554 1974 1908 2031 Traducere.
1944 1976 2089 2029 Cum

444 2065 572 2123 haec
632 2071 852 2131 autem,
913 2066 1126 2137 inquit,
1185 2066 1520 2132 cogitasset,
1584 2063 1742 2118 venit
1815 2062 2086 2133 angelus,

378 2162 381 2163 ⁷
444 2158 720 2227 prompte
761 2154 999 2209 solvens
1037 2152 1492 2207 dubitationem.
1525 2149 1673 2207 Nihil
1696 2151 1854 2205 enim
1888 2149 2089 2222 probri

445 2258 555 2299 nec
573 2243 948 2299 contumeliae
965 2240 1312 2297 eamsubire
1330 2243 1662 2312 oportebat,
1679 2256 1817 2312 quae
1835 2239 1912 2295 ab
1924 2241 2088 2295 omni

446 2332 667 2404 probro
719 2337 777 2387 et
822 2332 1113 2387 dedecore
1143 2333 1266 2385 erat
1312 2328 1488 2400 longe
1513 2329 1857 2401 purissima.
1889 2328 2088 2394 Qualis

444 2424 643 2477 autem
669 2420 775 2477 fuit
794 2436 909 2476 vox
929 2419 1123 2491 angeli
1142 2419 1215 2474 ad
1232 2419 1558 2491 Josephum
1572 2418 1599 2473 ?
1616 2418 1828 2487 Ioseph
1840 2418 1954 2476 ﬁlii
1974 2420 2089 2472 Da-

448 2510 567 2575 vid,
583 2526 656 2567 ne
681 2511 886 2567 timeas
906 2510 1174 2579 accipere
1197 2509 1453 2565 Mariam
1471 2523 1708 2564 uxorem
1728 2513 1891 2563 tuam
1914 2510 1977 2561 ¹⁰.
1999 2507 2087 2563 Fi-

525 2687 546 2721 ε
580 2687 784 2744 Matth.
826 2702 864 2754 ι,
894 2687 983 2743 19.
1097 2688 1117 2721 ³
1146 2684 1324 2741 Levit.
1359 2701 1450 2745 xx,
1486 2685 1574 2739 iO.

460 2886 637 2955 Ταύτῃ
686 2902 768 2935 τοι
819 2887 907 2935 καὶ
963 2884 1210 2957 λαθραίαν
1266 2886 1397 2950 αὐτῇ
1453 2885 1547 2939 τὴν
1615 2880 1867 2932 ἀπόλυσιν
1917 2879 2100 2949 ᾠκονό-

458 2989 561 3043 μει·
599 2972 689 3023 ἄτε
732 2972 865 3023 οὕτω
916 2967 1117 3030 δίκαιος
1171 2975 1258 3034 ῶν,
1313 2972 1382 3030 ὡς
1433 2975 1503 3040 μὴ
1563 2974 1715 3040 μόνον
1763 2972 1831 3039 μὴ
1884 2967 2105 3018 κολάσαι

461 3060 767 3133 βούλεσθαι,
843 3065 1012 3110 καίτοι
1089 3077 1148 3129 γε
1199 3065 1291 3109 τοῦ
1371 3063 1529 3128 νόμου
1585 3065 1738 3109 τοῦτο
1792 3056 2100 3115 κελεύοντος,
2155 3037 2194 3092 C

461 3149 589 3201 ἀλλά
666 3144 805 3219 μηδέ
884 3144 1390 3221 παραδειγματίσαι,
1469 3150 1710 3197 τουτέστι

459 3243 680 3310 πρᾶγμα
729 3238 911 3289 θέσθαι
981 3240 1070 3286 καὶ
1147 3234 1523 3305 έκπομπεῦσαι.
1583 3240 1762 3285 Ταῦτα
1818 3230 1876 3285 δὲ
1948 3232 2107 3284 αὐτοῦ

1782 3148 1993 3218 φανερὸν
2048 3147 2106 3195 τὸ

464 3326 855 3398 ἐνθυμηθέντος,
936 3323 1226 3395 ἀφικνεῖται
1288 3324 1314 3374 6
1383 3321 1618 3394 ἄγγελος,
1694 3325 1822 3374 λύων
1898 3321 2109 3393 ἑτοίμως

464 3420 558 3475 τὴν
619 3414 857 3488 ἀπορίαν⁸
924 3410 1027 3466 ἔδει
1084 3418 1184 3487 γὰρ
1242 3409 1407 3485 μηδεν
1465 3412 1588 3473 ὅλως
1645 3411 1946 3484 ὑϐριστικὸν
1999 3410 2106 3463 ἐπί-

464 3523 642 3577 μωμον
697 3505 1015 3569 ὑποστῆναι,
1086 3506 1178 3561 τὴν
1234 3506 1422 3563 παντὸς
1474 3507 1657 3574 μώμου
1712 3501 2106 3573 καθαρωτάτην

465 3593 523 3646 ού
573 3595 673 3665 γὰρ
727 3597 879 3665 μόνον
952 3596 1110 3664 φησὶν
1188 3593 1406 3652 ἄθικτος
1461 3595 1762 3665 παρανόμοῦ
1839 3588 2021 3661 μίξεως
2076 3590 2107 3645 ἡ

467 3684 746 3756 Παρθένος,
804 3680 931 3733 ἀλλὰ
984 3686 1074 3733 καὶ
1132 3684 1329 3752 φύσεως
1381 3684 1647 3754 κρείττων,
1705 3684 1795 3731 καὶ
1849 3680 1974 3752 ὑπὲρ
2030 3676 2113 3728 ἀν-

469 3774 670 3845 θρωπον
726 3774 755 3829 ἡ
808 3774 1082 3842 κυοφορία,
1137 3771 1271 3821 ὥστε
1345 3770 1404 3821 ού
1460 3768 1618 3840 φόϐου
1674 3774 1827 3840 μόνον
1883 3766 2112 3824 ἀπηλλά-

466 3863 600 3932 χθαι
672 3858 773 3927 δεῖ,
849 3859 977 3911 ἀλλὰ
1034 3863 1123 3910 καὶ
1170 3859 1489 3931 εὐφροσύνης
1564 3857 1984 3915 ύποπεπλῆσθαι.
2047 3857 2117 3907 Σὰ

466 3956 628 4002 ταῦτα
671 3948 936 4020 μεγαλεῖα,
980 3950 1222 4020 Παρθένε·
1277 3950 1364 3998 καὶ
1413 3950 1470 3999 σε
1516 3942 1752 4008 δόξαζων
1805 3946 1831 3996 ό
1871 3946 2112 4005 Δυνατὸς,

468 4038 737 4110 ὑπερφυῶν
764 4037 1084 4109 πραγμάτων
1107 4035 1400 4107 οἰκονομίας
1427 4039 1721 4092 πεποίηκεν.

542 4127 616 4195 (5)
718 4132 821 4177 Τοῦ
924 4130 1301 4196 Μεταφραστοῦ
1380 4128 1467 4174 καὶ
1542 4118 1882 4194 Ἀλεξάνδρου
1954 4140 2116 4192 μονα-

470 4221 600 4287 χοῦ.
668 4215 923 4267 Ἐνταῦθα
973 4215 998 4265 6
1044 4213 1197 4283 λόγος
1248 4210 1524 4284 διασαφεῖν
1572 4214 1811 4284 ὥρμηται
1863 4215 1981 4286 περὶ
2028 4217 2118 4270 τῆς

471 4308 804 4375 προφητείας,
886 4305 1019 4362 ὅπως
1091 4302 1260 4374 εἴληφε
1325 4304 1501 4373 πέρας,
1574 4309 1663 4361 τῆς
1718 4305 1790 4373 μὴ
1871 4299 2117 4370 ἐκλείψειν

472 4395 711 4469 ἄρχοντα
761 4390 813 4455 ἐξ
866 4387 1047 4445 Ἰούδα
1101 4392 1473 4453 θεσπιζούσης,
1532 4387 1671 4462 μηδὲ
1722 4392 2005 4461 ἡγούμενον
2063 4388 2117 4440 ἐκ

474 4490 574 4534 τῶν
627 4489 805 4556 μηρῶν
858 4480 1070 4545 ἐκείνου,
1126 4481 1217 4541 ἕως
1260 4479 1319 4532 ἂν
1373 4480 1490 4552 ἔλθῃ
1535 4480 1574 4549 ᾧ
1620 4477 1910 4543 ἀπόκειται,
1965 4479 2116 4529 αὑτὸν

475 4567 535 4623 δὲ
568 4566 696 4622 εἶναι
744 4566 1067 4645 προσδοκίαν
1113 4568 1281 4621 ἐθνῶν·
1330 4573 1447 4641 περὶ
1493 4576 1585 4620 τοῦ
1626 4573 1858 4641 Χριστοῦ
1905 4564 2115 4625 δηλαδὴ

476 4664 567 4711 καὶ
624 4666 773 4711 τοῦτο
829 4658 1103 4729 λεγούσης.
1156 4663 1282 4710 Τότε
1328 4660 1428 4729 γὰρ
1482 4656 1668 4718 ἐκεῖνος
1724 4658 1983 4728 ἐπιφοιτᾷ,
2038 4658 2119 4708 ὅτε

1512 4742 1796 4800 Ἰουδαῑκοί
1861 4748 2118 4818 ἄρχοντες

474 4844 561 4891 καὶ
634 4840 733 4890 ὑπὸ
790 4841 856 4889 τὰ
927 4844 1171 4911 σκῆπτρα
1237 4833 1345 4894 ἤδη
1424 4837 1491 4888 τὰ
1562 4844 1662 4887 τῶν
1719 4836 1983 4907 Ῥωμαίων
2028 4842 2119 4887 τοῦ

474 4948 577 4984 νοι.
647 4928 809 4999 Ὀμοῦ
855 4946 909 4979 τε
950 4930 1050 5000 γὰρ
1104 4928 1129 4978 6
1182 4929 1411 4999 Χριστὸς
1451 4930 1666 4996 γίνεται,
1709 4931 1798 4977 καὶ
1846 4925 2119 4997 ἀπογραφὴ

474 5018 654 5092 πρώτη
710 5016 871 5074 ἐκείνη
921 5021 1140 5085 γίνεται,
1185 5016 1557 5089 κρατησάντων
1598 5013 1861 5086 Ῥωμαίων
1911 5021 2118 5087 γενόμε-

480 5103 753 5160 Ἰουδαίων
805 5107 997 5174 ἔθνους,
1047 5108 1138 5156 καὶ
1180 5105 1279 5155 ύπό
1334 5104 1494 5174 ζυγὸν
1552 5110 1647 5164 τῆς
1698 5104 1886 5163 οἰκείας
1963 5102 2117 5175 βασι·

474 5194 610 5256 λείας
661 5195 847 5255 αύτούς
894 5196 1215 5265 ἐνεγκόντων·
1272 5194 1612 5264 Ἀντίπατρος
1653 5194 1753 5264 γὰρ
1803 5194 1828 5244 6
1881 5189 2118 5266 Ἡρώδου

473 5288 662 5358 πατὴρ,
748 5292 839 5336 τοῦ
920 5279 1188 5336 Ἰουδαίων
1262 5281 1509 5355 ἄρξαντος
1569 5281 1805 5346 ὕστερον,
1857 5279 1910 5344 ἕξ
1969 5281 2120 5354 Ἀρα-

475 5371 592 5433 ϐίας
675 5374 854 5443 ἄγεται
920 5378 1164 5443 γυναῖκα,
1226 5374 1424 5444 Κύπριν
1473 5375 1650 5443 ὄνομα,
1732 5373 1849 5431 ἣτις
1912 5367 2117 5423 παίδων

479 4748 657 4802 λοιπον
739 4747 1112 4809 ἐπιλελοιποτες
1162 4744 1295 4805 ἦσαν
1382 4749 1431 4799 οἱ

476 5461 631 5514 αὐτόν
680 5464 948 5536 τεσσάρων
986 5466 1186 5531 πατέρα
1241 5468 1397 5523 ποιεῖ,
1454 5456 1521 5511 ὧν
1576 5461 1642 5520 εἷς
1695 5460 1844 5522 οὗτος
1888 5462 1913 5512 6
1960 5460 2123 5534 Ἥρωι

475 5548 576 5613 δης
629 5548 710 5610 ἦν.
766 5550 969 5605 Μᾶλλον
1022 5547 1082 5602 δε
1134 5554 1454 5623 τρανότερον,
1515 5551 1581 5610 ὡς
1639 5545 1744 5601 οἷόν
1790 5568 1864 5618 τε,
1918 5552 1984 5602 τὰ
2030 5558 2123 5602 τοῦ

1690 2683 1737 2719 ¹⁰
1766 2683 1968 2742 Matth.
2000 2700 2039 2751 ι,
2072 2686 2163 2740 20.

2233 460 2284 515 ei
2322 476 2603 518 revocare
2652 462 2710 517 in
2753 461 3128 531 memoriam,
3159 462 3462 519 undenam
3495 465 3569 521 sit
3619 466 3887 523 Christus

2230 564 2616 621 processurus
2641 552 2669 606 ?
2693 551 2954 606 Dicendo
2976 553 3198 614 autem,
3246 552 3336 608 Ne
3366 552 3593 623 timeas,
3625 556 3886 611 ostendit

2231 654 2368 693 eum
2399 640 2669 695 timuisse
2721 654 2796 695 ne
2852 642 3035 695 Deum
3088 639 3434 706 offenderet,
3469 643 3515 697 si
3544 644 3879 701 adulteram

2229 726 2385 782 domi
2408 744 2529 783 sua;
2549 728 2814 784 haberet.
2839 730 2919 783 Ea
2935 728 3009 784 de
3026 744 3228 793 causa,
3260 730 3516 788 Uxorem
3537 738 3881 805 luam,pure

2229 815 2520 881 nominat,
2543 816 2753 872 tollens
2805 816 3225 888 suspicionem.
3263 820 3463 891 Neque
3514 822 3675 877 enim
3726 824 3772 877 si
3828 823 3882 878 ei

2228 907 2473 961 omnino
2490 906 2694 962 fuisset
2716 906 2958 963 allatum
2974 908 3203 971 vitium,
3227 924 3375 964 uxor
3390 909 3545 965 illius
3560 911 3878 967 diceretur.

2228 995 2396 1059 Quod
2424 1001 2626 1051 autem
2655 1011 2901 1051 uxorem
2944 996 3040 1051 hic
3085 996 3245 1052 dicat
3288 1013 3598 1069 sponsam,
3622 1000 3722 1055 tibi
3757 1017 3884 1073 per-

2230 1083 2481 1139 suadeat
2494 1082 2818 1155 Scriptura,
2839 1100 2975 1157 quae
2988 1091 3123 1140 ante
3138 1086 3587 1143 matrimonium
3628 1104 3883 1159 generos

2228 1177 2397 1227 vocat
2442 1188 2717 1244 sponsos.
2767 1173 3083 1242 Quomodo
3124 1190 3264 1229 vero
3294 1177 3562 1249 praecipit
3609 1179 3882 1251 accipere

2227 1278 2525 1334 eam,quae
2542 1262 2668 1333 jam
2691 1270 2816 1319 erat
2832 1269 3160 1335 accepta,et
3183 1280 3320 1336 qua:
3351 1265 3511 1322 intus
3544 1269 3880 1325 manebat?

2228 1350 2465 1407 Clarum
2489 1357 2595 1417 est,
2611 1352 2777 1425 quod
2795 1352 2854 1407 in
2886 1353 3090 1407 animo
3116 1369 3225 1408 suo
3246 1354 3380 1424 jam
3397 1355 3648 1413 dimissa
3677 1357 3875 1416 fuerat

2226 1444 2285 1495 et
2311 1448 2436 1496 erat
2466 1448 2629 1497 extra
2654 1441 2834 1497 fores.
2869 1442 3042 1497 Visus
3067 1448 3155 1497 est
3183 1458 3323 1513 ergo
3355 1444 3449 1500 ille
3500 1460 3634 1501 eam
3678 1448 3876 1515 angeli

2226 1544 2371 1584 voce
2400 1529 2659 1602 Jesepho
2688 1530 2868 1586 modo
2896 1530 3145 1594 tradere,
3177 1533 3281 1603 qui
3304 1533 3483 1588 etiam
3508 1550 3641 1590 eam
3666 1542 3877 1607 postea

2225 1617 2284 1673 in
2312 1633 2483 1673 cruce
2521 1618 2761 1674 tradidit
2778 1619 3090 1690 discipulo.
3128 1619 3296 1687 Quod
3324 1623 3499 1687 enim,
3535 1624 3680 1696 (ait),
3710 1626 3772 1679 in
3806 1642 3878 1682 ea

2222 1712 2305 1763 est
2343 1708 2607 1777 genitum
2637 1724 2708 1765 ex
2764 1709 2991 1780 Spiritu
3019 1715 3226 1765 sancto
3275 1716 3379 1767 est.
3407 1714 3481 1766 Ex
3516 1713 3876 1771 redundanti

2223 1797 2489 1867 quadam
2546 1797 2723 1869 copia
2761 1797 2933 1852 solvit
2989 1798 3119 1868 ejus
3160 1813 3467 1868 angorem.
3504 1804 3630 1857 Non
3677 1804 3875 1860 solum

2222 1884 2433 1958 inquit,
2451 1886 2618 1955 virgo
2632 1893 2716 1942 est
2738 1887 2957 1943 intacta
2972 1903 3008 1942 a
3028 1887 3186 1943 coitu
3210 1888 3539 1959 illegitimo,
3566 1892 3670 1948 sed
3692 1893 3876 1949 etiam

2224 1979 2437 2030 natura
2457 1981 2545 2031 est
2569 1976 2963 2048 praestantior,
2993 1981 3050 2031 et
3070 1977 3376 2033 hominem
3404 1985 3646 2051 superat
3665 1997 3881 2039 conce-

2223 2063 2779 2135 ptio.Quamobrem
2808 2080 2927 2120 non
2957 2070 3049 2121 est
3074 2065 3269 2121 solum
3298 2067 3620 2125 solvendus
3655 2077 3881 2134 metus,

2225 2152 2329 2207 sed
2353 2152 2537 2210 etiam
2590 2160 2823 2226 oportet
2851 2170 2983 2211 esse
3013 2155 3277 2228 planum
3310 2157 3529 2213 laetitia.
3558 2162 3681 2215 Tua
3736 2167 3883 2218 sunt

2220 2240 2353 2297 haec
2376 2243 2693 2315 magnalia,
2721 2244 2934 2314 ovirgo
2969 2250 3057 2310 ;et
3078 2250 3131 2301 te
3145 2245 3502 2316 gloriﬁcans,
3529 2248 3634 2320 qui
3663 2254 3882 2321 potens

2223 2336 2328 2395 est,
2360 2331 2492 2386 fecit
2543 2333 3058 2405 dispensationem
3096 2351 3296 2391 rerum
3325 2336 3761 2393 admirabilium
3815 2347 3877 2396 et

2222 2422 2776 2491 supernaturalium.

2292 2509 2377 2565 IX.
2415 2512 2625 2566 Verum
2646 2511 2950 2568 enimvero
2980 2512 3059 2584 (5)
3088 2516 3395 2584 quomodo
3409 2514 3634 2571 exitum
3659 2516 3873 2572 habuit

2244 2880 2549 2950 πράγματος
2630 2882 2819 2934 ἄνωθεν
2902 2879 3173 2940 δηλωτέον.

2244 2963 2468 3039 ἀδελφοῦ
2540 2970 2940 3040 Ἀριστοϐούλου

3255 2884 3500 2959 Ὑρκανοῦ
3548 2889 3670 2960 γὰρ,
3755 2896 3847 2939 τοῦ

3038 2980 3129 3024 τοῦ
3217 2971 3525 3045 ἀρχιερέως.
3614 2978 3669 3035 ὃς
3758 2982 3848 3028 καὶ

2244 3052 2492 3129 διάδημα
2537 3062 2627 3129 μὲν
2678 3058 2954 3131 βασιλικόν
3007 3064 3290 3133 περιέθετο,
3344 3060 3563 3136 δέσμιος
3631 3062 3689 3117 δὲ
3745 3067 3845 3117 ὑπὸ

2246 3149 2524 3217 Πομπηίου
2578 3157 2877 3220 στρατηγοῦ
2936 3159 3035 3201 τῶν
3087 3150 3348 3223 Ῥωμαίων
3404 3158 3496 3204 σύν
3562 3153 3672 3225 ἄμα
3728 3174 3847 3205 παι-

2248 3238 2329 3285 σὶν
2390 3234 2459 3295 εἰς
2527 3235 2725 3307 Ῥώμην
2785 3237 3027 3311 αἰσχρῶς
3087 3242 3453 3313 παρεπέμφθη,
3538 3243 3692 3299 ἡνίκα
3757 3247 3848 3294 καὶ

2244 3322 2400 3374 τελεῖν
2450 3328 2633 3398 φόρους
2680 3324 2881 3397 ἐτάχθη
2928 3334 3037 3389 τοῖς
3086 3326 3381 3389 Ἰουδαίοις.
3428 3333 3625 3382 Τούτου
3655 3326 3722 3389 δη
3758 3339 3848 3383 τοῦ

2243 3410 2491 3482 Ὑρκανοῦ
2542 3416 2826 3486 ἀρχιερέως
2890 3416 2989 3467 ὑπὸ
3068 3420 3344 3488 Πομπηΐου
3424 3416 3845 3490 ἀναδειχθέντος,

2247 3502 2422 3552 ἔπειτὰ
2479 3498 2539 3554 δὲ
2584 3508 2670 3554 καὶ
2730 3505 2829 3555 ὑπὸ
2884 3507 3102 3577 Πάρθων
3142 3505 3445 3571 ἑαλωκότος,
3504 3508 3846 3583 Ἀντιπάτρου

2247 3607 2301 3639 τε
2351 3593 2477 3663 πρὸς
2534 3587 2698 3642 δόλων
2742 3591 3110 3664 ὼαιρεθὰτςο,
3144 3596 3196 3646 ὃν
3242 3596 3516 3670 ἐπίτροπον
3560 3598 3712 3658 αύτός
3752 3607 3847 3660 τῆς

2248 3682 2427 3748 χώρας
2469 3684 2799 3747 κατέστησεν,
2858 3685 2913 3744 ὃς
2960 3688 3049 3734 καὶ
3087 3681 3326 3755 Ἡρώδου
3370 3693 3463 3738 τοῦ
3506 3690 3634 3758 μετὰ
3681 3695 3850 3739 ταῦτα

2253 3765 2684 3839 βεϐασιλευκότος
2728 3780 2823 3833 τῆς
2854 3769 3118 3833 Ἰουδαίας
3148 3778 3317 3846 πατὴρ
3358 3770 3435 3838 ἦν,
3490 3780 3581 3828 καὶ
3623 3773 3850 3848 μηδενὸς

2252 3859 2396 3917 ὄντος
2440 3864 2530 3908 τοῦ
2576 3867 2673 3910 τῶν
2733 3858 2780 3911 ἐν
2828 3857 3066 3932 Ἰουδαίᾳ
3112 3863 3430 3934 πραγμάτων
3480 3862 3847 3936 ἀντεχομένου,

2248 3941 2487 4016 Ἡρώδης
2576 3948 2721 4007 οὗτος
2790 3950 2815 4000 6
2892 3956 2981 4001 τοῦ
3056 3950 3409 4023 Ἀντιπάτρου
3488 3954 3597 4013 υἱὸς
3662 3956 3853 4025 πέμπει

2252 4033 2412 4085 πολλά
2461 4054 2575 4086 τινα
2620 4042 2877 4108 χρήματα
2933 4034 3062 4101 δούς
3102 4044 3213 4101 τόῖς
3257 4039 3541 4112 Ῥωμαίοις,
3592 4048 3681 4094 καὶ
3729 4044 3855 4094 ύπόο

2256 4119 2478 4183 σπονδος
2529 4125 2706 4185 αὐτοῖς
2759 4132 2998 4197 γεγονὼς,
3053 4129 3307 4202 ἐγκρατὴς
3363 4135 3562 4199 γίνεται
3606 4139 3703 4192 τῆς
3758 4130 3852 4204 ἀρ-

2252 4219 2380 4282 χῆς.
2413 4209 2566 4264 ’Ὁθεν
2620 4210 2679 4265 δε
2725 4222 2817 4265 τοῦ
2871 4216 3177 4286 πράγματος
3213 4219 3343 4286 ἔσχε
3372 4220 3466 4279 τὰς
3516 4216 3773 4290 ἀφορμὰς,
3829 4220 3855 4270 6

2252 4300 2401 4370 λόγος
2448 4302 2513 4361 ὡς
2555 4303 2659 4354 οἶόν
2708 4322 2762 4355 τε
2807 4300 2900 4355 διὰ
2939 4302 3186 4375 βραχέων
3238 4303 3358 4376 ἐρεῖ.
3410 4308 3715 4377 Αὐγούστου
3753 4310 3853 4379 γὰρ

2256 4395 2520 4465 Καίσαρος
2569 4391 2640 4453 εἰς
2678 4392 2748 4453 εἰς
2797 4395 3053 4463 Αἴγυπτον
3106 4392 3346 4455 ἀπιόντος
3394 4399 3523 4466 μετὰ
3562 4399 3741 4470 χειρὸς
3789 4399 3856 4457 ὡς

2254 4478 2484 4550 μάλιστα
2548 4480 2814 4547 πλείστης,
2875 4485 3003 4555 πρός
3053 4501 3105 4534 τε
3177 4486 3263 4534 τὸν
3328 4483 3660 4559 Κλεοπάτρας
3718 4491 3854 4556 φημὶ

2253 4567 2492 4639 πόλεμον,
2535 4569 2604 4630 εἰς
2645 4572 2705 4627 ἦν
2736 4574 2979 4641 περιέστη
3033 4574 3099 4623 τὰ
3141 4580 3236 4631 τῆς
3268 4572 3444 4645 ἀρχῆς
3476 4574 3764 4643 Αἰγύπτου,
3796 4573 3854 4626 ἐκ

2254 4664 2352 4707 τῶν
2408 4657 2732 4729 Πτολεμαίων
2781 4658 3028 4711 ἕλκουσαν
3072 4664 3129 4711 τό
3182 4665 3344 4731 γένος,
3400 4664 3574 4735 ὥσπερ
3622 4664 3725 4735 ἄρα
3761 4668 3854 4715 καὶ

2253 4745 2494 4817 Ἰωσήπῳ
2545 4743 2707 4811 δοκεῖ,
2754 4753 3026 4821 πρόσεισιν
3056 4749 3194 4819 αὐτῷ
3234 4746 3477 4823 Ἡρώδης
3508 4750 3669 4817 οὗτος,
3719 4751 3851 4803 λειτ-

2255 4839 2469 4907 ουργίαν
2526 4839 2640 4887 οὔτι
2690 4842 2897 4909 μετρίαν
2954 4836 3002 4889 ἐν
3060 4841 3416 4911 στρατεύμασι
3469 4858 3523 4891 τε
3579 4844 3669 4892 καὶ
3724 4838 3855 4893 ἁνα-

2254 4923 2459 4995 λώμασι
2497 4934 2760 4997 χορηγῶν.
2809 4927 2950 4979 Ἐπεὶ
3011 4922 3070 4979 δὲ
3121 4932 3210 4979 καὶ
3265 4927 3568 5001 Κλεοπάτρα
3621 4934 3710 4981 καὶ
3766 4932 3855 4983 Δῖ·

2254 5033 2451 5083 γυπτος
2482 5013 2527 5065 ἐν
2581 5019 2768 5087 χερσὶν
2816 5012 2875 5073 ἧν
2923 5016 3227 5087 Αὐγούστῳ,
3267 5013 3567 5069 δωδέκατον
3601 5020 3711 5080 ἔτος
3739 5015 3852 5077 ἤδη

2254 5110 2347 5162 τῆς
2392 5102 2567 5175 ἀρχης
2609 5107 2805 5174 ἔχοντι,
2857 5107 3074 5156 ἐπανιὼν
3114 5105 3271 5166 αὐτὸς
3318 5106 3387 5167 εἰς
3426 5106 3646 5179 Ῥώμην,
3698 5107 3859 5181 Ἡρώ-

2257 5188 2352 5243 δου
2423 5200 2518 5253 τῆς
2598 5194 2870 5263 θεραπείας
2945 5196 3118 5266 ὥσπερ
3188 5194 3323 5254 εἰκὸς
3399 5194 3857 5269 ἀπομνημονεύων,

2258 5279 2420 5353 βουλῇ
2467 5289 2560 5343 τῆς
2604 5281 2866 5354 Ῥωμαίων
2915 5282 3233 5351 συγκλήτου,
3268 5282 3491 5355 βασιλέα
3540 5293 3719 5337 τοῦτον
3767 5294 3861 5346 τῆς

2257 5367 2520 5433 Ἰουδαίας
2570 5379 2874 5444 χειροτονεῖ,
2931 5373 3156 5444 περιθεὶς
3197 5368 3460 5444 διάδημα.
3503 5372 3702 5444 Ὀσπερ
3748 5374 3858 5425 έπε-

2260 5460 2351 5521 ϐὰς
2400 5460 2780 5533 Ἰεροοολύμων,
2861 5461 2968 5514 ἐπεὶ
3037 5466 3156 5523 τοὺς
3237 5458 3528 5523 Ἰουδαίους
3601 5465 3729 5534 ἔγνω
3783 5466 3855 5534 μὴ

2260 5552 2396 5603 κατὰ
2419 5556 2630 5622 γνώμην
2679 5550 2818 5621 αύτῷ
2861 5547 3239 5623 διακειμένους,
3291 5550 3419 5603 ἀλλὰ
3460 5559 3532 5623 τῷ
3581 5551 3857 5624 ἀλλόφυλον
