4034 6206
128 311 222 365 537
1296 308 1563 366 ORATIO
1605 309 1694 364 DE
1733 309 2009 367 SANCTA
2050 313 2306 369 MARIA.

3423 318 3529 373 538

130 434 433 507 prophetia,
458 449 591 506 qua:
609 449 729 490 non
751 434 1124 492 defecturum
1148 436 1479 508 principem
1510 451 1579 490 ex
1601 434 1757 490 Juda
1789 435 1834 489 A
1865 436 2147 510 Josepho)
2176 438 2404 496 accedit
2427 439 2505 495 ad
2536 455 2673 495 eum
2703 440 2799 496 hic
2832 440 3118 507 Herodes,
3154 445 3209 498 et
3235 444 3525 499 exercitus

128 540 295 596 neque
332 524 548 580 ducem
586 540 657 581 ex
688 524 1018 582 femoribus
1051 527 1227 593 illius,
1254 528 1448 583 donec
1506 526 1750 589 venerit,

128 615 201 669 cui
214 620 294 669 est
306 613 857 684 repositumzipsum
878 621 1078 671 autem
1106 632 1236 672 esse
1249 615 1754 687 exspectationem

128 702 366 771 gentium
386 704 428 738 ¹¹
447 703 545 773 (de
573 703 802 759 Christo
817 704 1086 761 videlicet
1106 706 1222 762 hoc
1238 705 1424 775 dicit),
1458 703 1755 774 explicare

125 791 667 862 aggredimur.'l‘unc
681 792 837 848 enim
852 793 944 849 ille
957 793 1470 866 advenit,quando
1487 793 1756 864 deinceps

126 881 435 937 defecerant
491 882 725 937 Judaici
765 883 1088 955 principes,
1147 889 1202 939 et
1247 882 1532 940 Romanis
1589 887 1758 938 erant

123 971 339 1042 sceptris
369 971 640 1040 subjecti.
675 972 863 1027 Simul
886 975 1047 1028 enim
1079 978 1136 1029 et
1166 973 1429 1029 Christus
1468 972 1752 1037 nascitur,

124 1067 166 1114 et
189 1058 348 1115 ﬁtilla
390 1077 404 1127 ι
433 1058 591 1115 rima
620 1059 937 1132 descriptio
963 1078 1133 1117 :cum
1152 1060 1755 1117 RomaniscilicetdO'

124 1148 391 1203 minatum
424 1148 764 1204 obtinerent
813 1151 873 1204 in
904 1157 1139 1221 gentem
1169 1151 1534 1214 Iudaeorum,
1564 1154 1621 1205 et
1649 1164 1753 1205 eos

122 1252 214 1291 suo
228 1237 957 1309 subjunxissentimperio.
978 1240 1288 1312 Antipater
1298 1240 1457 1294 enim
1472 1243 1639 1311 pater
1654 1241 1756 1293 He-

120 1324 279 1389 rodis,
319 1326 422 1397 qui
464 1332 675 1396 postea
712 1326 991 1399 princeps
1021 1327 1213 1383 fuitin
1243 1328 1472 1391 Judaea,
1507 1341 1754 1381 uxorem

120 1414 266 1468 duxit
282 1429 348 1468 ex
365 1413 606 1480 Arabia,
627 1416 870 1486 Cyprim
889 1416 1132 1471 nomine
1160 1436 1173 1475 :
1208 1432 1339 1489 quae
1361 1432 1495 1471 eum
1521 1419 1751 1485 patrem

119 1500 287 1557 effecit
313 1508 575 1574 quatuor
594 1504 871 1567 ﬁliorum,
900 1520 1156 1575 quorum
1189 1511 1315 1561 erat
1344 1505 1439 1559 hic
1466 1520 1622 1559 unus
1642 1504 1751 1559 He-

120 1592 292 1645 rodes.
324 1593 519 1648 Satius
545 1598 633 1648 est
659 1599 879 1663 autem,
908 1600 969 1649 ut
997 1610 1181 1666 quam
1210 1594 1583 1666 apertissime
1611 1608 1750 1664 pos-

119 1696 321 1745 sumus,
346 1696 473 1736 rem
487 1682 885 1738 declaramus.
909 1686 1054 1740 Cum
1073 1685 1231 1739 enim
1252 1686 1554 1755 Hyrcanus
1572 1682 1749 1737 frater

1867 527 2246 599 etimpensas
2259 530 2308 583 ei
2333 528 2799 601 suppeditando,
2815 545 2932 585 non
2956 531 3239 587 mediocri
3269 533 3526 603 fungens

1867 613 2031 683 apud
2079 630 2216 669 eum
2269 631 2534 671 munere.
2581 615 2729 671 Cum
2771 624 2971 672 autem
3025 622 3078 673 et
3121 618 3427 690 Cleopatra
3474 625 3531 677 et

1867 703 2153 775 Egyptus
2174 711 2375 760 essent
2398 706 2457 760 in
2486 705 2766 761 manibus
2796 707 3063 777 Augusti,
3092 708 3195 779 qui
3219 708 3349 780 jam
3382 709 3530 764 duo-

1867 791 2059 847 decim
2091 810 2284 850 annos
2312 796 2731 866 imperaverat,
2768 796 2893 866 ipse
2918 798 3168 851 Romam
3204 803 3523 864 revertens,

1867 896 2119 947 memor,
2162 890 2225 939 ut
2249 889 2333 939 est
2360 889 2854 951 consentaneum,
2896 884 3095 949 ofﬁcii,
3132 901 3256 957 quo
3301 886 3359 941 in
3393 901 3530 942 eum

1870 985 2012 1024 usus
2043 970 2231 1027 fuerat
2262 972 2537 1038 Herodes,
2572 972 3092 1029 senatusconsulto
3121 974 3343 1030 Illde
3390 989 3529 1030 eum

1867 1073 2068 1127 regem
2098 1061 2289 1131 elegit,
2319 1064 2369 1117 ei
2400 1078 2643 1135 quoque
2673 1063 2955 1134 imposito
2995 1062 3357 1118 diademate.
3417 1063 3529 1128 Qui

1870 1163 2000 1204 cum
2020 1151 3056 1224 venissetHierosolymam,quoniam
3079 1151 3299 1208 sciebat
3315 1152 3530 1208 Judaeos

1867 1252 1987 1292 non
2017 1254 2145 1294 esse
2163 1240 2314 1295 bene
2340 1241 2399 1295 in
2427 1257 2563 1296 eum
2592 1240 2859 1309 aﬂ‘ectos,
2896 1242 3001 1296 sed
3019 1242 3183 1313 quod
3209 1247 3369 1297 esset
3394 1242 3532 1297 alie-

1864 1328 2103 1396 nigena,
2136 1334 2191 1384 et
2228 1329 2454 1401 alioqui
2519 1346 2693 1402 asper
2744 1335 2799 1385 et
2851 1329 3127 1396 difﬁcilis,
3187 1332 3313 1402 ejus
3368 1347 3527 1401 aegre

1868 1417 2017 1471 ferre
2081 1416 2408 1489 imperium,
2471 1434 2677 1475 eorum
2727 1418 2973 1490 quidem
3036 1420 3358 1475 nonnullos
3430 1436 3535 1476 oc-

1862 1505 2020 1572 cidit,
2041 1506 2313 1577 plurimis
2335 1512 2532 1563 autem
2557 1507 2870 1572 malefecit,
2893 1508 3312 1581 civitatemque
3342 1516 3399 1563 et
3425 1508 3529 1565 Dei

1860 1594 2150 1665 templum
2182 1596 2391 1651 stolide
2418 1602 2473 1652 et
2495 1597 2766 1668 improbe
2800 1597 3028 1666 redegit
3060 1598 3118 1652 in
3150 1599 3524 1653 servitutem.

1860 1680 1955 1736 Ille
1984 1698 2125 1752 ergo
2154 1684 2307 1740 male
2339 1690 2508 1740 utens
2537 1690 2848 1756 potestate,
2882 1686 3171 1757 quiddam
3216 1686 3531 1758 insigniter

118 1770 426 1836 Aristobuli,
455 1777 596 1843 post
626 1773 1047 1845 interemptum
1078 1774 1478 1830 Aristobulum
1508 1772 1748 1845 pontiﬁ-
1776 1783 1823 1836 Β
1857 1771 2208 1828 sceleratum
2254 1774 2471 1844 adjicit,
2506 1784 2561 1828 et
2590 1774 2756 1845 quod
2785 1781 2906 1830 erat
2938 1774 3032 1829 sui
3079 1775 3200 1830 vitii
3247 1782 3519 1847 apertum

117 1874 244 1922 cem,
274 1860 375 1931 qui
415 1860 601 1916 etiam
634 1860 917 1917 diadema
955 1862 1183 1932 regium
1217 1863 1328 1918 sibi
1355 1863 1742 1933 imposuerat,

119 1946 321 2004 vinctus
350 1965 386 2003 a
426 1950 715 2021 Pompeio
767 1950 919 2006 duce
968 1954 1373 2007 Romanorum
1431 1967 1570 2006 cum
1615 1950 1747 2005 ﬁliis

118 2035 341 2093 Romam
372 2040 628 2110 turpiter
656 2045 806 2095 esset
845 2041 1234 2095 transmissus
1275 2042 1423 2111 (quo
1478 2048 1746 2111 tempore

118 2128 475 2185 constitutum
494 2145 742 2202 quoque
756 2135 840 2186 est
869 2130 965 2185 utJ
976 2131 1130 2186 udaei
1146 2131 1365 2186 tributa
1396 2130 1747 2201 penderent)

117 2227 345 2287 cumque
376 2224 591 2289 postea
618 2219 924 2289 Hyrcanus
951 2220 1077 2291 ipse
1107 2226 1340 2274 creatus
1368 2219 1632 2290 pontifex
1670 2218 1749 2274 ab

114 2303 297 2360 eodem
330 2309 637 2379 Pompeio,
660 2323 696 2363 a
712 2308 943 2363 Parthis
966 2308 1173 2363 fuisset
1193 2313 1496 2379 postremo
1509 2314 1742 2379 captus,

116 2399 160 2445 et
188 2394 636 2467 Antipaterdolo
650 2396 1275 2469 fuissetinteremptus,
1308 2398 1410 2470 qui
1433 2402 1560 2453 erat
1582 2402 1752 2470 pater

123 2482 357 2548 Herodis,
383 2486 491 2555 qui
519 2485 630 2540 fuit
673 2490 880 2557 postea
902 2501 1003 2541 rex
1026 2486 1269 2554 Iudaea,
1293 2492 1350 2542 et
1372 2502 1549 2542 nemo
1570 2492 1746 2553 esset,

118 2570 204 2640 qui
230 2588 318 2627 res
349 2575 698 2630 Iudaeorum
716 2574 1028 2639 obtineret,
1057 2575 1153 2631 hic
1185 2576 1440 2631 Herodes
1460 2561 1751 2647 Antipatri

116 2657 269 2727 ﬁlius,
290 2678 425 2719 cum
450 2664 711 2720 dedisset
730 2664 1022 2736 plurimas
1050 2664 1333 2721 Romanis
1363 2666 1669 2738 pecunias,
1693 2674 1749 2720 et

119 2747 285 2806 fmdus
315 2769 451 2809 cum
496 2754 582 2809 eis
614 2754 893 2820 inivisset,
928 2754 1156 2810 obtinet
1202 2755 1538 2825 imperium.
1584 2756 1747 2821 Quaa-

117 2851 233 2893 nam
263 2848 459 2898 autem
492 2842 676 2914 hujus
702 2843 784 2898 rei
810 2843 951 2899 data
981 2844 1056 2898 sit
1098 2844 1149 2898 ei
1188 2844 1446 2914 occasio,
1478 2844 1748 2899 dicemus

115 2941 273 2997 quam
295 2930 417 2986 ﬁeri
459 2937 657 3004 potest
684 2932 1051 2987 brevissime.

170 3018 223 3072 Χ.
256 3018 396 3075 Cum
435 3022 741 3090 Augustus
774 3023 970 3079 Caesar
1000 3021 1059 3076 in
1109 3020 1424 3093 Egyptum
1458 3037 1596 3077 cum
1624 3036 1748 3076 ma-

1868 1856 2175 1917 indicium.
2202 1862 2486 1918 Tribuum
2513 1864 2675 1919 enim
2706 1869 2760 1918 et
2785 1862 3170 1931 familiarum,
3197 1880 3330 1935 quae
3362 1870 3534 1919 erant

1867 1952 1927 2006 in
1976 1950 2201 2016 Judaea,
2237 1952 2503 2023 publicas
2558 1953 2876 2024 scripturas
2915 1968 2951 2008 a
2991 1959 3253 2024 tempore
3309 1954 3528 2018 Esdraa,

1864 2054 1988 2095 rem
2017 2040 2239 2096 faciens
2276 2041 2501 2096 invidia
2526 2041 2761 2113 plenam
2804 2046 2858 2097 et
2883 2041 3137 2107 insania,
3174 2042 3293 2111 igni
3329 2042 3529 2098 tradit.

1863 2133 2090 2201 Scopus
2128 2136 2327 2186 autem
2387 2136 2515 2186 erat
2566 2131 3034 2203 inprobissimus
3082 2146 3094 2183 :
3152 2146 3391 2202 nempe,
3451 2146 3527 2186 ne

1861 2225 2070 2275 notum
2103 2224 2255 2274 esset
2291 2220 2532 2285 Judaeis,
2563 2236 2635 2276 ex
2685 2236 2953 2292 quanam
3007 2220 3043 2274 ii
3084 2225 3223 2275 sunt
3265 2219 3435 2285 tribu,
3469 2224 3525 2275 et

1861 2309 2109 2380 quinam
2132 2324 2199 2364 ex
2230 2308 2314 2363 eis
2340 2309 2886 2381 suntindigenm.et
2906 2312 3156 2381 quinam
3185 2324 3259 2365 ex
3280 2309 3351 2364 iis
3379 2325 3535 2381 quos

1871 2400 1998 2470 ipse
2051 2398 2282 2454 solebat
2325 2399 2628 2471 appellare
2681 2405 2917 2471 γειώρας,
2960 2398 3021 2453 id
3075 2404 3182 2463 est,
3241 2398 3529 2455 advenas.

1866 2486 2074 2542 Praeter
2099 2487 2215 2543 alia
2248 2493 2467 2551 autem,
2502 2504 2639 2542 cum
2705 2486 3139 2542 sacerdotalem
3184 2493 3415 2542 vestem
3469 2487 3530 2542 in

1861 2576 2127 2646 quodam
2169 2593 2307 2631 vase
2338 2578 2719 2647 reposuisset,
2767 2577 2905 2630 viris
2951 2574 3227 2644 indignis,
3262 2577 3527 2646 pecuniis

1859 2664 2032 2741 (proh
2097 2664 2266 2719 dolor
2289 2664 2327 2735 l)
2382 2670 2650 2736 emptum
2705 2663 3037 2720 mandabat
3094 2662 3527 2734 pontiﬁcatum.

1860 2753 1926 2808 Et
1953 2753 2081 2809 haec
2102 2753 2346 2824 quidem
2374 2754 2500 2808 iste.

1930 2843 2028 2898 Xl.
2054 2842 2201 2898 Cum
2220 2848 2420 2898 autem
2443 2842 2955 2910 CaesarAugustus
2986 2841 3526 2912 quadragesimum

1860 2932 2193 2987 secundum
2232 2933 2322 2986 sui
2351 2931 2581 3004 imperii
2609 2935 2811 3000 ageret
2841 2945 3089 2995 annum,
3132 2931 3254 2986 exit
3318 2931 3397 2987 ab
3455 2947 3529 2988 eo

1857 3022 2139 3085 edictum,
2175 3027 2235 3077 ut
2266 3020 2367 3076 ﬁat
2393 3021 2711 3093 descriptio
2746 3020 3005 3075 universi
3034 3020 3198 3075 orbis
3232 3025 3399 3076 terrte
3448 3022 3521 3074 ¹².

118 3104 269 3195 rimis
296 3111 480 3180 copiis
509 3109 633 3175 iret,
658 3109 736 3165 ad
783 3110 1033 3174 bellum,
1092 3112 1366 3182 inquam,
1423 3111 1748 3182 Cleopatra
1786 3138 1827 3195 α
1857 3111 2013 3167 Abiit
2039 3112 2234 3183 itaque
2261 3110 2678 3182 unusquisque
2706 3109 2767 3163 in
2795 3124 2967 3164 suam
3001 3109 3318 3176 civitatem,
3352 3115 3415 3164 ut
3440 3109 3521 3164 ibi

121 3192 287 3261 (erant
314 3199 475 3253 enim
508 3198 563 3253 in
597 3198 728 3268 ejus
760 3203 1051 3268 potestate
1083 3214 1176 3253 res
1209 3197 1467 3272 Egypti,
1512 3204 1574 3255 ut
1610 3214 1747 3271 quas

124 3295 287 3349 genus
312 3286 565 3343 traheret
612 3301 684 3342 ex
734 3286 1083 3353 Ptolemaeis,
1124 3288 1275 3344 sicut
1304 3289 1485 3345 etiam
1521 3288 1751 3346 videtur

183 3461 219 3496 ¹¹
257 3463 393 3520 Gen.
426 3480 494 3530 ιι,
540 3468 625 3521 t0.
706 3467 751 3499 ¹¹
794 3468 930 3520 Luc.
972 3481 1033 3530 ιι,
1070 3471 1115 3520 t.

150 3636 259 3691 εἶναι
302 3649 387 3697 καὶ
420 3643 590 3705 ἄλλως
636 3639 1005 3718 δύσχρηστον,
1039 3642 1424 3717 βαρυνομένους
1454 3643 1613 3695 αὑτοῦ
1642 3647 1735 3701 τήν

151 3725 323 3801 ἀρχὴν,
372 3732 540 3794 ἐνίους
598 3736 687 3804 μὲν
742 3733 912 3785 αὐτῶν
963 3738 1053 3785 καὶ
1102 3732 1385 3800 ἀπέκτεινε,
1433 3737 1553 3794 τοὺς
1598 3732 1738 3784 πλεί-

154 3834 290 3881 στους
317 3819 374 3875 δὲ
424 3831 599 3883 κακῶς
630 3818 848 3894 ἰδρασεν
876 3839 887 3851 ⁸
922 3818 1357 3893 ἠνδραποδίσατο
1405 3841 1459 3874 τε
1500 3826 1593 3879 τὴν
1642 3828 1734 3873 πό-

152 3903 237 3969 λιν,
279 3916 362 3961 καὶ
404 3914 466 3963 τό
517 3918 607 3962 τοῦ
659 3917 794 3963 Θεοῦ
844 3913 975 3981 ἱερὸν
1026 3910 1251 3972 ἀνοήτως
1300 3916 1389 3963 καὶ
1430 3912 1732 3984 μοχθηρῶς.

158 3998 317 4058 Κακῶς
372 3997 463 4051 ούν
513 3997 701 4059 ἐκεῖνος
753 4006 815 4072 τῇ
870 3999 1082 4071 ἐξουσίᾳ
1134 4005 1424 4074 χρώμενος,
1484 3996 1593 4051 εἶτα
1645 4003 1734 4051 καὶ

155 4088 448 4160 παράσημον
507 4107 557 4140 τι
623 4090 970 4163 προστίθησι,
1024 4094 1113 4141 καὶ
1171 4085 1364 4161 δεῖγμα
1423 4092 1574 4162 σαφὲς
1645 4096 1736 4147 τῆς

160 4180 379 4249 σφετέρας
439 4182 648 4238 κακίας.
707 4178 888 4239 Πάσας
936 4180 1037 4249 γὰρ
1092 4181 1177 4238 τάς
1240 4187 1339 4229 τῶν
1397 4177 1444 4229 ἐν
1503 4173 1737 4249 Ἰουδαίᾳ

159 4261 303 4329 φυλῶν
348 4272 438 4318 καὶ
486 4274 642 4335 γενῶν
698 4262 992 4337 δημοσίους
1036 4265 1351 4341 ἀναγραφὰς,
1400 4271 1451 4318 αἱ
1496 4266 1597 4319 ἀπό
1644 4275 1735 4318 τοῦ

160 4346 343 4426 Ἐσδρα
392 4358 683 4427 ἐτύγχανον
737 4352 914 4420 οὖσαι,
969 4358 1154 4428 φθόνου
1212 4362 1301 4408 καὶ
1348 4362 1531 4429 μανίας
1589 4360 1734 4430 ἔργον

161 4450 317 4511 ποιῶν,
364 4451 493 4517 πυρὶ
545 4441 762 4498 δίδωσι.
817 4450 917 4497 Καὶ
959 4447 985 4496 ὁ
1037 4448 1246 4511 σκοπὸς,
1293 4447 1362 4506 ὡς
1404 4443 1598 4516 κομιδῆ
1647 4464 1736 4497 πο-

1858 3200 2306 3257 describeretur.
2358 3200 2683 3271 Oportebat
2712 3200 2866 3253 enim
2915 3199 2975 3253 in
3030 3198 3323 3253 descensu
3372 3199 3525 3268 ejus,

1858 3291 1961 3362 qui
2006 3293 2217 3360 regnat
2250 3289 2308 3344 in
2342 3289 2524 3355 ccelis,
2557 3294 2727 3344 terra:
2760 3303 3003 3361 quoque
3035 3288 3336 3360 principes
3376 3302 3532 3343 con-

1872 3648 1987 3715 ρίας
2066 3646 2179 3701 ἦτοι
2252 3649 2346 3703 τῆς
2399 3637 2687 3702 Ἰουδαίας.
2748 3640 2931 3713 Ἀπήει
2985 3647 3257 3714 τοιγαροῦν
3314 3642 3532 3701 ἕκαστος

1874 3731 1942 3792 εἰς
1998 3736 2090 3789 τὴν
2155 3727 2294 3783 ἰδίαν
2352 3729 2769 3803 ἀπογράψασθαι
2844 3731 3018 3785 πόλιν.
3093 3726 3241 3780 Ἔδει
3288 3731 3389 3801 γὰρ
3459 3736 3523 3800 τῇ

1871 3823 2001 3893 πρός
2052 3827 2152 3890 γῆν
2204 3816 2414 3890 καθόδῳ
2462 3826 2555 3870 τοῦ
2620 3820 2668 3870 ἐν
2718 3818 2957 3889 οὐρανοῖς
3018 3816 3382 3889 βασιλεύοντος
3430 3821 3521 3868 καὶ

1871 3912 1995 3970 τοὺς
2046 3916 2142 3969 τῆς
2194 3917 2291 3979 γῆς
2343 3910 2609 3981 ἄρχοντας
2672 3907 2997 3980 λειτουργίας
3055 3906 3375 3976 εἰσενεγκεῖν.
3428 3912 3529 3963 Καὶ

1872 3996 1981 4050 ἐπεὶ
2056 4001 2113 4049 τό
2197 3994 2372 4069 δόγμα
2439 3993 2646 4055 δηλαδὴ
2726 4004 2822 4057 τῆς
2888 3994 3189 4069 ἀπογραφῆς
3248 3998 3372 4069 πρὸς
3434 3998 3528 4052 τὴν

1874 4091 2115 4160 σφετέραν
2165 4088 2381 4140 ἕκαστον
2430 4089 2650 4139 συνώθει
2705 4081 2943 4158 πατρίδα
2998 4104 3009 4117 ο
3063 4087 3230 4155 τούτῳ
3291 4087 3376 4135 καὶ
3420 4083 3527 4137 Ἰωο

1874 4181 1979 4247 σήφ
2035 4178 2353 4246 πειθόμενος,
2422 4174 2476 4226 ἐκ
2529 4183 2621 4234 τῆς
2679 4174 2971 4236 Γαλιλαίας,
3037 4172 3091 4224 ἐκ
3143 4172 3335 4233 πόλεώς
3397 4191 3531 4243 φημι

1870 4266 2129 4339 Ναζαρὲτ,
2185 4266 2251 4325 εἰς
2307 4269 2401 4323 τήν
2455 4261 2714 4318 Ἰουδαίαν
2768 4263 3058 4335 ἀφικνεῖται
3121 4266 3247 4335 πρὸς
3304 4262 3531 4320 Βηθλεὲμ

1870 4354 2037 4418 πόλιν,
2069 4353 2099 4411 ἢ
2131 4353 2275 4413 πόλις
2328 4352 2440 4405 ἐστὶ
2473 4349 2657 4407 Δαϐίδ.
2717 4357 2816 4405 Καὶ
2863 4353 2890 4410 ὴ
2935 4352 3098 4415 αἰτία,
3152 4355 3210 4403 τὸ
3258 4347 3386 4402 εἶναι
3430 4350 3528 4402 αύ-

1870 4447 1956 4495 τόν
1998 4441 2050 4504 ἐξ
2107 4445 2250 4494 οἴκου
2307 4447 2437 4513 φησί
2490 4446 2580 4493 καὶ
2656 4448 2897 4512 πατριᾶς,
2958 4443 2983 4492 ὀ
3052 4441 3165 4493 ἐστι
3235 4443 3530 4511 συγγενείας

161 4535 334 4602 νηρὸς’
391 4535 475 4586 ἶνα
529 4537 717 4605 μηκέτι
774 4541 881 4593 τοῖς
942 4530 1221 4595 Ἰουδαίοις
1277 4540 1534 4608 γνώριμον
1681 4532 1736 4585 ἐκ
1795 4563 1839 4617 D
1873 4528 2057 4585 Δαϐίδ.
2094 4531 2413 4602 Ἀφικνεῖται
2463 4527 2521 4582 δὲ
2576 4534 2705 4604 πρὸς
2753 4529 3083 4601 ἀπογραφήν,
3140 4532 3231 4581 σὺν
3288 4536 3351 4601 τῇ
3403 4530 3531 4580 θαυ-

164 4623 295 4681 ποίας
334 4624 477 4675 οὗτοι
524 4625 858 4694 τυγχάνουσι
904 4630 1147 4697 πατριᾶς,
1197 4627 1286 4674 καὶ
1334 4629 1462 4685 τίνες
1511 4627 1600 4695 μεν
1647 4624 1729 4674 αύ-

165 4714 247 4757 τῶν
274 4713 317 4761 οἱ
360 4708 628 4784 ἡμεδαποὶ
669 4717 759 4763 καὶ
809 4713 1145 4783 αὐτόχθονες,
1175 4716 1304 4772 τίνες
1355 4708 1413 4764 δὲ
1456 4712 1541 4773 οὓς
1588 4719 1736 4784 γειώ-

164 4809 243 4863 ρας
287 4802 477 4853 εἴθιστο
518 4800 708 4855 καλεῖν.
767 4805 895 4873 Πρὸς
943 4808 1048 4861 τοῖς
1087 4801 1279 4869 ἄλλοις,
1322 4807 1412 4854 καὶ
1455 4807 1549 4860 τὴν
1598 4805 1733 4875 ἱερα-

165 4889 288 4942 τικὴν
315 4890 499 4947 στολήν
545 4889 593 4941 ἐν
642 4893 812 4942 σκεύει
845 4887 913 4948 δή
960 4910 1061 4942 τινι
1093 4890 1417 4961 ἀποθέμενος,
1450 4896 1539 4943 καὶ
1573 4911 1734 4966 σφρα-

164 4969 300 5039 γῖδας
349 4979 623 5043 ἐπιϐαλὼν,
686 4978 912 5051 ἀσήμοις
990 4976 1222 5054 ἀνδράσι
1292 4987 1383 5051 φεῦ
1445 4983 1734 5053 χρημάτων

166 5062 290 5115 ὤνιον
332 5074 423 5126 τήν
475 5068 874 5142 ἀρχιερωσύνην
921 5067 1091 5122 ἐτίθει.
1148 5074 1247 5122 Kal
1304 5077 1467 5121 ταῦτα
1516 5073 1606 5140 μεν
1654 5070 1737 5121 ού-

166 5166 261 5211 τως.
314 5155 452 5216 Ἤδη
506 5155 564 5210 δε
626 5163 891 5229 Καίσαρος
945 5158 1276 5227 Αὐγούστου,
1336 5154 1574 5232 δεύτερον
1631 5162 1735 5219 ἔτος

166 5244 239 5292 καὶ
286 5252 698 5319 τεσσαρακοστὸν
756 5245 1144 5319 βασιλεύοντος,
1200 5246 1359 5308 ἔξεισι
1401 5248 1524 5319 παρ’
1574 5247 1733 5299 αὐτοῦ

167 5322 335 5402 δόγμα,
366 5335 675 5409 ἀπογραφὴν
702 5338 847 5408 πάσῃ
898 5344 960 5407 τῇ
1008 5336 1281 5407 οἰκουμένῃ
1329 5334 1731 5406 ἐγκελευόμενον,

167 5418 302 5485 ἤγουν
342 5426 675 5497 φοριλογίαν’
709 5430 799 5477 καὶ
845 5428 1038 5482 ταύτην
1090 5429 1328 5498 Κυρηνίῳ
1376 5429 1500 5490 τινὶ,
1547 5426 1611 5484 ὡς
1655 5424 1734 5476 εύ-

165 5515 401 5586 νουστάτῳ
442 5520 533 5567 καὶ
582 5521 769 5588 πρώτῳ
808 5522 899 5574 τῆς
946 5513 1239 5585 συγκλήτου
1291 5512 1502 5585 βουλῆς,
1537 5514 1563 5564 ὁ
1610 5520 1733 5567 Καῖ-

169 5611 250 5668 σαρ
301 5601 624 5678 ἐνεχείρισεν,
680 5604 734 5657 ὃν
785 5609 876 5657 καὶ
925 5608 1244 5661 κατέστησεν
1293 5605 1579 5675 ἡγούμενον
1638 5609 1729 5655 Συ-

1872 4623 2175 4694 μασιωτάτῃ
2232 4628 2488 4690 γυναικῶν
2542 4624 2741 4693 Μαρίᾳ,
2801 4622 2931 4691 οὔσῃ
3002 4618 3194 4689 ἐγκύῳ,
3269 4622 3368 4670 Καὶ
3426 4619 3527 4690 γὰρ

1872 4712 1902 4768 ἡ
1956 4713 2044 4781 μὲν
2090 4709 2357 4769 Γαλιλαία,
2405 4715 2561 4782 χώρα
2614 4714 2688 4768 τίς
2755 4706 2869 4759 ἐστι
2928 4707 3279 4766 Παλαιστίνης
3341 4724 3352 4736 ⁸
3401 4707 3432 4763 ἠ
3470 4702 3529 4758 δὲ

1871 4800 2112 4870 Ναζαρετ
2190 4799 2334 4859 πόλις
2408 4806 2498 4857 τῆς
2569 4796 2863 4859 Γαλιλαίας.
2953 4796 3112 4849 Πάλιν
3178 4798 3208 4853 ἡ
3272 4791 3525 4853 Ἰουδαία,

1871 4894 2024 4961 χώρα
2076 4895 2157 4949 τῖς
2213 4888 2346 4939 οὕτω
2402 4890 2889 4959 προσαγορευομένη
2950 4904 2963 4915 ’
2994 4885 3223 4957 Βηθλεεμ
3277 4880 3335 4936 δὲ
3378 4883 3525 4943 πόλις

1872 4985 1966 5038 τῆς
2015 4973 2300 5038 Ἰουδαίας.
2375 4980 2472 5028 Τὸν
2530 4980 2619 5047 μέν
2689 4995 2770 5028 τοι
2842 4978 3065 5048 Χριστὸν
3135 4976 3183 5025 οἱ
3262 4980 3529 5045 προφῆται

1869 5069 2054 5128 πάντες
2107 5066 2199 5118 ούκ
2244 5064 2344 5117 ἀπὸ
2398 5073 2490 5126 τῆς
2538 5064 2801 5137 Ναζαρὲτ,
2859 5063 2966 5115 ἀλλ’
3023 5062 3123 5115 ἀπὸ
3171 5070 3264 5123 τῆς
3302 5060 3529 5133 Βηθλεὲμ

1871 5158 2092 5228 ἔφασκον
2158 5154 2317 5219 ἧξειν,
2376 5152 2525 5205 κάκεῖ
2578 5155 2955 5224 τεχθήσεσθαι.
3026 5154 3164 5206 Ἐπεὶ
3237 5148 3323 5203 οὖν
3377 5169 3524 5222 φανε-

1869 5248 1958 5317 ρὸν
2011 5244 2205 5296 ἅπασιν
2253 5240 2332 5306 ἦν,
2378 5243 2479 5296 ἀπὸ
2510 5251 2604 5302 τῆς
2642 5243 2864 5313 Βηθλεὲμ
2898 5246 2983 5293 τὸν
3014 5244 3200 5313 Κύριον
3246 5241 3526 5312 ἔρχεσθαι,

1870 5338 2159 5407 γέγραπται
2205 5335 2328 5407 γὰρ,
2363 5335 2431 5393 ὡς
2462 5334 2668 5403 ἔφημεν.
2729 5335 2828 5384 Καὶ
2878 5334 2963 5393 σὺ,
3017 5329 3242 5397 Βηθλεὲμ
3273 5324 3413 5390 οἶκος
3438 5335 3527 5381 τοῦ

1871 5424 2119 5495 Ἐφραθά,
2175 5421 2444 5491 ὀλιγοστὸς
2493 5417 2540 5472 εἷ
2588 5428 2679 5471 τοῦ
2744 5415 2873 5472 εἶναι
2930 5416 2978 5469 ἐν
3033 5418 3273 5489 χίλιάσιν
3326 5413 3524 5481 Ἰούδα,

1872 5509 1927 5563 έκ
1986 5518 2080 5562 σού
2137 5531 2226 5582 μοι
2272 5509 2589 5573 ἐξελεύσεται
2634 5515 2726 5561 τοῦ
2779 5505 2907 5560 εἶναι
2960 5508 3031 5569 εἰς
3077 5508 3317 5581 ἄρχοντα
3360 5506 3408 5559 έν
3452 5514 3524 5576 τῷ

2569 4796 2863 4859 Γαλιλαίας.

1874 5600 2108 5674 Ἰσραήλ.
