4142 6196
473 270 577 328 539

1825 267 2091 326 MENSIS
2132 265 2530 325 AUGUSTUS.

3774 267 3883 323 540

471 396 623 453 ferre
654 412 923 452 munera.
958 398 1254 463 Quoniam
1285 401 1486 454 autem
1541 398 1826 463 edictum,
1902 395 2121 452 scilicet
2150 392 2200 447 Α
2234 408 2455 450 arcana
2488 396 2716 453 ratione
2741 401 2993 471 ceperat.
3029 400 3175 455 Cum
3198 395 3358 451 enim
3389 391 3560 449 multi
3580 408 3651 449 ex
3680 390 3884 448 multis

472 484 903 558 descriptionis,
935 488 1499 560 unumquemquein
1520 504 1695 545 suam
1724 486 2121 558 compellebat

471 574 747 646 patriam,
772 575 988 646 Joseph
1027 591 1271 648 quoque
1301 577 1352 631 ei
1384 592 1621 648 parens,
1656 594 1726 633 ex
1753 576 2014 644 Galilaea,
2046 590 2120 630 ex

471 663 724 729 civitate,
752 664 1022 736 inquam,
1053 666 1357 729 Nazareth,
1391 668 1549 723 venit
1596 668 1654 722 in
1707 666 1999 728 Judaaam,
2056 664 2118 721 in

476 752 766 807 Bethleem
797 754 1119 819 civitatem,
1152 770 1287 825 quae
1319 764 1407 810 est
1442 755 1646 811 civitas
1682 754 1885 810 David.
1925 756 2117 809 Causa

473 855 613 896 vero
652 848 795 906 erat,
828 858 897 897 eo
928 843 1093 914 quod
1123 850 1281 899 esset
1304 845 1539 916 (inquit)
1595 844 1668 899 de
1698 845 1882 899 domo
1913 848 1969 897 et
2029 841 2114 897 fa-

475 930 638 985 milia
661 932 864 997 David,
898 932 1012 988 hoc
1040 938 1127 988 est
1160 933 1534 1001 cognatione.
1580 934 1748 989 Venit
1798 938 1999 989 autem
2038 930 2117 987 ad

469 1020 927 1092 descriptionem
968 1038 1106 1078 cum
1151 1022 1261 1079 hac
1292 1038 1364 1078 ex
1439 1023 1793 1079 mulieribus
1857 1023 2118 1079 maxime

471 1109 810 1166 admirabili
830 1112 1025 1177 Maria,
1058 1129 1194 1183 quas
1217 1119 1341 1168 erat
1368 1114 1635 1181 gravida.
1692 1113 1919 1168 Etenim
1966 1110 2117 1167 Gali-

472 1197 582 1254 laaa
605 1198 844 1267 quidem
875 1204 964 1255 est
981 1202 1263 1273 quaedam
1278 1203 1439 1273 regio
1454 1202 1808 1258 Palaestina:
1838 1200 2118 1257 Nazareth

473 1291 672 1343 autem
701 1294 787 1343 est
816 1288 1020 1344 civitas
1050 1289 1319 1346 Galilaaae.
1382 1294 1606 1346 Rursus
1663 1295 1862 1347 autem
1916 1290 2123 1347 Judaea

472 1383 561 1431 est
589 1377 1386 1451 quaadam.quzesicdiuitur,
1419 1380 1580 1452 regio
1612 1396 1625 1446 ;
1664 1379 1951 1436 Bethleem
1982 1396 2121 1435 vero

472 1464 672 1521 civitas
732 1466 965 1521 Judreaa.
1039 1470 1229 1539 Atque
1268 1468 1568 1523 Christum
1612 1469 1859 1541 quidem
1911 1484 2122 1524 omnes

474 1554 795 1625 prophetae,
816 1571 927 1611 non
960 1572 1029 1611 ex
1061 1557 1109 1610 N
1116 1558 1349 1613 azareth
1366 1563 1678 1613 venturum
1692 1557 1988 1623 dicebant,
2015 1557 2120 1613 sed

473 1658 544 1698 ex
574 1643 898 1709 Bethleem,
930 1652 984 1700 et
1006 1645 1127 1701 fore
1154 1652 1215 1701 ut
1240 1646 1356 1701 illic
1414 1652 1736 1717 pareretur.
1771 1647 1915 1703 Ecce
1964 1649 2121 1702 enim

2227 482 2371 539 locis
2384 485 2461 540 ad
2486 485 2943 559 descriptionem
2970 484 3438 554 conﬁuerent(ut
3466 484 3881 537 estconsenta-

2227 574 2430 645 neum)
2462 580 2516 628 et
2544 574 2678 631 loca
2710 576 2932 632 scilicet
2963 576 3469 647 prasoccuparent,
3503 578 3558 627 et
3594 587 3662 626 ex
3685 586 3755 625 eo
3777 585 3883 625 eos

2224 662 2324 733 qui
2380 665 2663 735 postremi
2680 665 3013 735 veniebant,
3038 665 3096 719 in
3122 678 3375 733 magnas
3394 660 3763 717 abducerent
3778 674 3885 715 an-

2224 753 2477 822 gustias,
2504 752 2692 823 illum,
2725 756 2954 810 siccum
2973 753 3102 809 aliis
3127 753 3258 808 loco
3286 755 3581 820 egentem,
3614 763 3883 821 prmsepe

2225 842 2508 913 suscipit:
2542 842 2733 912 illum,
2760 842 3150 915 inquam,qui
3184 844 3595 913 paupertatem
3612 838 3787 908 elegit
3802 836 3883 892 ab

2224 931 2410 998 initio,
2446 936 2503 988 et
2526 948 2660 988 eam
2692 932 3010 988 honoravit
3037 933 3097 987 in
3155 932 3376 1002 seipso.
3444 927 3559 985 Sed
3613 933 3884 998 pastores

2225 1037 2487 1093 quoque,
2521 1021 2729 1093 inquit,
2770 1028 2939 1078 erant
2966 1021 3026 1077 in
3064 1021 3178 1076 hac
3228 1019 3488 1089 regione,
3521 1019 3766 1089 agentes
3819 1015 3884 1070 in

2229 1116 2399 1167 nocte
2423 1111 2742 1167 custodias.
2774 1110 2863 1166 Ad
2892 1126 3046 1183 quos
3075 1110 3171 1165 Dei
3198 1123 3439 1182 quoque
3481 1104 3722 1163 advenit
3771 1119 3885 1161 an-

2229 1200 2394 1271 gelus
2423 1206 2479 1255 et
2502 1217 2601 1257 eos
2637 1200 2867 1256 Domini
2890 1196 3495 1270 gloriacircumfulsit.
3521 1195 3666 1251 Cum
3681 1199 3886 1251 autem

2230 1289 2488 1346 exterriti
2502 1290 3115 1362 fuissentspectaculo:
3137 1289 3477 1344 Timuerunt
3489 1284 3883 1355 enim,inquit,

2230 1380 2671 1451 limoremagno,
2692 1378 2937 1450 angelus
2957 1378 3256 1441 timorem,
3279 1381 3340 1431 ut
3353 1375 3453 1447 qui
3467 1389 3588 1430 non
3606 1374 3891 1429 decenter

2230 1487 2332 1527 eos
2369 1472 2699 1535 invasisset,
2722 1470 2995 1537 expellit:
3020 1470 3458 1530 Nolitelimere,
3489 1465 3728 1529 dicens;
3757 1478 3898 1520 ecce

2229 1562 2383 1616 enim
2397 1561 2690 1616 annuntio
2704 1561 2863 1616 vobis
2880 1560 3447 1630 gaudiummagnum
3462 1555 3619 1626 quod
3635 1553 3747 1610 erit
3760 1552 3871 1608 uni
3878 1583 3895 1593 -

2233 1665 2397 1706 verso
2421 1651 2788 1719 populo,non
2818 1647 3039 1703 Judasis
3053 1647 3211 1712 solis,
3240 1645 3346 1701 sed
3365 1643 3666 1700 omnibus.
3682 1642 3893 1713 Adjice

472 1732 575 1788 tibi
601 1734 883 1803 evestigio
908 1736 1212 1805 proposita
1240 1742 1328 1791 est
1356 1736 1699 1806 prophetia:
1737 1738 1809 1791 El
1851 1744 1915 1792 tu
1952 1736 2124 1793 Belh-
2158 1749 2199 1803 Β
2232 1738 2431 1794 adhuc
2455 1739 2806 1810 apertiorem
2826 1737 3027 1807 gaudii
3048 1731 3890 1806 signiﬁcationem:0uoniam,

475 1823 615 1877 leem
639 1829 801 1878 terra
822 1822 1001 1889 Iuda,
1034 1840 1402 1896 nequaquam
1424 1840 1479 1879 es
1495 1826 1737 1881 minima
1763 1826 1824 1881 in
1834 1827 2123 1894 principi-

473 1912 577 1966 bus
600 1911 755 1967 Juda
786 1913 851 1966 ¹³.
889 1914 951 1967 Et
971 1930 1097 1984 quae
1117 1919 1448 1985 sequuntur
1464 1914 1764 1986 deinceps,
1798 1915 1897 1970 tibi
1919 1915 2121 1970 decla-

470 2006 558 2056 ret
584 2000 971 2071 Evangelium
991 2004 1057 2056 1‘.
1093 2004 1389 2068 Quoniam
1416 2019 1557 2074 ergo
1589 2004 1970 2060 manifestum
1996 2010 2123 2060 erat

472 2090 757 2146 omnibus
781 2092 1074 2147 Christum
1103 2097 1417 2148 venturum
1451 2110 1516 2149 ex
1548 2093 1866 2158 Bethleem,
1898 2094 2120 2149 idcirco

470 2179 795 2250 Josepbum
811 2185 864 2235 et
878 2181 1245 2254 Mariam,qui
1260 2189 1314 2237 et
1330 2184 1375 2237 si
1393 2182 1551 2237 cives
1567 2189 1765 2238 essent
1783 2184 2118 2239 Bethleemi-

476 2273 567 2335 ιω,
597 2284 666 2324 ea
695 2274 847 2324 terra
867 2269 1112 2325 dimissa
1168 2271 1350 2343 (quod
1373 2271 1571 2327 multis
1603 2288 1762 2343 saepe
1787 2273 2021 2340 accidit,
2058 2278 2121 2329 ut

473 2356 734 2413 dimissis
759 2358 827 2412 iis
865 2374 1000 2430 qua;
1035 2360 1197 2430 ipsos
1247 2359 1525 2421 tulerunt.
1576 2361 1786 2418 malint
1813 2362 1871 2418 in
1925 2363 2121 2419 aliena

472 2446 743 2503 habitare
769 2447 1044 2517 civitate),
1070 2450 1182 2520 ipsi
1207 2466 1450 2522 quoque
1471 2450 1823 2508 habitabant
1855 2453 1911 2508 in
1939 2454 2120 2509 Naza-

473 2536 620 2601 reth,
653 2536 1062 2608 compellebat,
1095 2543 1152 2592 ut
1186 2539 1409 2595 dictum
1440 2545 1545 2607 est,
1580 2556 1681 2597 eos
1731 2542 1821 2597 vel
1878 2543 2117 2609 invitos,

472 2625 532 2681 in
563 2625 849 2681 Bethleem
873 2625 1155 2693 edictum,
1194 2630 1307 2684 Deo
1336 2628 1757 2687 admirabiliter
1808 2636 1863 2687 et
1910 2638 2122 2704 praeter

474 2715 818 2787 opinionem
852 2716 978 2771 haec
1008 2715 1401 2789 dispensante
1422 2724 1478 2773 et
1505 2725 1797 2775 versante.

546 2806 653 2858 ΧΠ.
680 2806 823 2860 Cum
837 2804 952 2861 illic
969 2820 1111 2874 ergo
1128 2804 1379 2861 fuissent
1409 2814 1650 2879 propter
1667 2809 2121 2880 descriptionem

469 2892 707 2961 Impleti
716 2901 871 2959 sunt,
892 2894 1161 2966 inquit“,
1180 2896 1299 2950 dies
1319 2902 1381 2950 ut
1414 2896 1590 2965 Virgo
1606 2904 1842 2965 pareret
1861 2916 1878 2963 ;
1897 2904 1949 2954 et
1962 2900 2121 2966 parit

473 2982 553 3053 (6)
569 2983 762 3049 ﬁlium
776 2997 946 3037 suum
958 2983 1407 3052 primogenitum
1420 2992 1472 3039 et
1486 2985 1694 3053 fasciis
1707 2986 1949 3043 involvit
1968 3004 2121 3052 eum,

2232 1828 2442 1899 inquit,
2472 1833 2649 1883 natus
2680 1833 2761 1883 est
2785 1828 2945 1883 vobis
2963 1825 3136 1881 hodie
3148 1825 3438 1881 Salvator
3457 1822 3556 1894 qui
3578 1827 3659 1878 est
3677 1820 3895 1877 Chris-

2232 1924 2324 1973 tus
2344 1919 2642 1981 Dominus,
2661 1916 2725 1971 in
2742 1916 2983 1973 civitate
3003 1912 3508 1971 David.Utautem
3528 1911 3644 1967 Deo
3658 1908 3896 1982 profec-

2230 2010 2291 2061 ta
2307 2011 2362 2061 et
2386 2022 2523 2061 vera
2536 2022 2648 2061 vox
2660 2006 2678 2076 j
2690 2003 3103 2073 udicaretur,ej
3114 2019 3183 2058 us
3202 2003 3391 2057 statim
3404 2001 3671 2069 sequitur
3681 1997 3898 2054 conﬁr-

2232 2098 2435 2153 matio.
2456 2098 2712 2166 Repente
2729 2096 2887 2149 enim
2905 2110 3044 2149 cum
3062 2092 3277 2161 angelo
3295 2091 3427 2146 laus
3447 2103 3692 2162 quoque
3712 2085 3896 2143 audi-

2232 2189 2322 2241 tur
2360 2201 2396 2240 a
2462 2184 2833 2241 multitudine
2900 2181 3151 2251 angelici
3216 2179 3504 2238 exercitus
3564 2177 3814 2233 dicentis
3877 2192 3893 2231 :

2229 2274 2434 2331 Gloria
2466 2275 2530 2329 in
2564 2274 2811 2330 excelsis
2849 2274 2987 2337 Deo,
3022 2277 3073 2327 et
3111 2271 3173 2327 in
3204 2276 3365 2326 terra
3391 2283 3520 2339 pax
3550 2266 3896 2323 hominibus

2231 2363 2397 2421 bona
2424 2364 2748 2421 voluntatis
2778 2363 2849 2417 ³⁸.

2304 2454 2432 2509 ΧΙΙΙ.
2443 2455 2730 2519 Quasnam
2745 2468 2884 2507 vero
2899 2452 2979 2523 (7)
3003 2456 3171 2507 erant
3191 2464 3263 2505 ea
3277 2463 3415 2521 qum
3432 2451 3494 2503 tu
3516 2443 3896 2503 admirabilis

2229 2543 2654 2605 conservabas,
2688 2542 2893 2610 Maria,
2925 2546 2982 2597 et
3004 2541 3064 2596 in
3079 2544 3183 2596 tuo
3212 2537 3392 2595 corde
3421 2535 3770 2593 conferebas
3792 2535 3835 2571 ⁸⁷
3861 2532 3898 2588 Ῡ

2230 2639 2380 2692 Num
2400 2633 2646 2689 omnino
2664 2637 2718 2687 et
2734 2631 2793 2687 id
2811 2630 2968 2704 quod
2990 2629 3096 2685 tibi
3111 2630 3337 2684 dixerat
3353 2626 3622 2697 angelus,
3656 2630 3712 2680 et
3728 2639 3896 2696 que-

2231 2739 2467 2796 cunque
2495 2737 2700 2777 rursus
2725 2721 3001 2776 dixerunt
3032 2724 3298 2791 pastores
3330 2716 3359 2771 ?
3389 2717 3523 2771 l-lasc
3545 2716 3674 2787 ipsa
3698 2712 3757 2768 in
3786 2718 3894 2769 tuo

2232 2813 2410 2869 corde
2423 2816 2861 2883 componens,et
2876 2826 3004 2865 cum
3020 2808 3120 2864 illo
3136 2809 3267 2881 ipso
3288 2802 3892 2870 conferens,videbas

2233 2902 2436 2957 omnia
2466 2901 2542 2956 ad
2570 2916 2756 2955 unum
2788 2898 3103 2955 convenire
3133 2896 3297 2969 quod
3330 2896 3486 2951 Deus
3508 2908 3714 2949 revera
3745 2890 3893 2946 sitis

2232 2991 2331 3063 qui
2355 2995 2441 3046 est
2462 3007 2533 3046 ex
2564 2995 2617 3046 te
2643 2994 2838 3054 natus,
2865 2994 2985 3044 ette
3002 2987 3140 3044 fecit
3159 2985 3536 3052 miraculum,
3557 2981 3723 3055 quod
3738 2980 3892 3037 caalo

473 3069 575 3141 qui
609 3069 785 3124 nullis
824 3075 1014 3141 potest
1074 3072 1341 3126 terminis
1400 3073 1841 3146 circumscribi;
1894 3083 1950 3131 et
1990 3093 2125 3145 pro-
2160 3099 2200 3156 ρ
2234 3085 2288 3135 et
2311 3086 2463 3135 terra
2480 3095 2598 3135 non
2627 3077 3194 3151 capitur.0uietiam
3223 3068 3896 3147 suscipitcircumcisio-

472 3165 674 3228 pterea
700 3158 858 3229 quod
880 3174 999 3214 non
1025 3166 1166 3215 esset
1181 3161 1261 3216 eis
1281 3162 1443 3217 locus
1463 3165 1523 3217 in
1543 3164 1884 3231 diversorio,
1903 3182 1940 3221 o
1960 3172 2121 3222 tuam

474 3246 857 3317 ineffabilem,
887 3246 1129 3314 Christe,
1165 3256 1407 3322 propter
1438 3267 1531 3307 me
1585 3260 2019 3325 paupertatem,
2063 3258 2123 3313 in

469 3337 725 3405 praesepi
742 3336 996 3393 reclinat
1013 3338 1267 3411 eum,qui
1285 3355 1464 3395 omne
1476 3341 1828 3398 alimentum
1844 3345 2125 3416 suppedi-

472 3430 742 3492 tat;eum
764 3426 1263 3499 quinequaquam
1288 3429 1421 3502 capi
1452 3436 1744 3502 potest,ea
1774 3449 1908 3505 quae
1927 3434 2125 3508 ipsum

544 3601 589 3636 ¹⁸
611 3596 779 3657 Mich.
812 3616 869 3666 v,
894 3604 948 3656 2.

1027 3603 1074 3639 ¹⁶
1104 3603 1302 3660 Matth.
1326 3620 1384 3674 ιι,
1419 3610 1469 3663 6.
1549 3610 1596 3645 ¹⁵
1625 3611 1760 3666 Luc.
1799 3629 1860 3677 ιι,
1894 3616 1946 3682 6,
1969 3618 2023 3669 7.

608 3780 679 3851 (6)
746 3787 848 3833 Τοῦ
906 3784 1305 3855 Μεταφραστοῦ.
1372 3790 1546 3838 Τίκτει
1626 3792 1711 3839 τόν
1778 3790 1889 3841 υἱόν
1966 3790 2131 3853 αὐτῆς

530 3874 615 3923 τὸν
672 3874 1017 3944 πρωτότοκον,
1072 3874 1100 3931 ἡ
1162 3872 1408 3943 ἀμίαντος
1465 3880 1614 3950 κόρη,
1684 3882 1773 3930 καὶ
1830 3890 2129 3955 σπαργανοί

529 3963 616 4012 τόν
674 3958 937 4035 ἀόριστον,
986 3966 1075 4013 καὶ
1137 3966 1279 4034 παρά
1325 3966 1382 4015 τό
1436 3969 1509 4035 μὴ
1565 3962 1695 4017 εἶναι
1749 3972 1906 4019 τόπον
1954 3970 2132 4030 αὐτοῖς

530 4048 578 4101 ἐν
628 4057 701 4118 τῷ
758 4049 1104 4121 καταλύματι,
1158 4052 1197 4102 ὦ
1244 4060 1339 4113 τῆς
1389 4051 1586 4124 ἀφάτου
1635 4074 1752 4121 σου,
1805 4060 2021 4131 Χριστε,
2057 4054 2132 4111 δι’

531 4136 616 4208 ἔμε
660 4143 927 4209 πτωχείας
991 4138 1001 4191 Ῑ
1059 4137 1106 4191 ἐν
1153 4148 1213 4212 τῇ
1263 4144 1421 4214 φάτνῃ
1473 4146 1559 4193 τόν
1602 4151 1696 4205 τῆς
1749 4154 1946 4217 τροφῆς
2002 4147 2133 4199 ἁπά-

535 4245 633 4287 σης
678 4230 914 4298 χορηγόν
961 4226 1241 4294 ἁνακλίνει,
1294 4234 1380 4282 τόν
1424 4228 1678 4303 μηδαμοῦ
1718 4238 2050 4308 χωρούμενον
2100 4238 2129 4295 ἡ

533 4313 827 4390 ἀχωρήτως
872 4323 1192 4391 χωρῆσασα.
1250 4318 1452 4371 Πολλῶν
1496 4323 1596 4394 γὰρ
1642 4321 1966 4394 πολλαχόθεν
2006 4328 2135 4398 πρὸς

532 4410 625 4463 τὴν
683 4410 882 4479 γραφὴν
958 4408 1130 4481 ὥσπερ
1203 4408 1339 4469 εἰκὸς
1412 4408 1748 4484 συρρεόντων,
1803 4418 1892 4464 καὶ
1944 4414 2133 4472 πολλὴν

535 4492 759 4546 ἐντεῦθεν
815 4502 923 4556 τοῖς
999 4497 1228 4567 ἔσχατον
1294 4496 1666 4570 ἐπιγενομένοις
1728 4505 2135 4573 περιποιούντων

532 4588 626 4641 τὴν
678 4588 939 4647 στένωσιν,
988 4584 1027 4636 ὡ
1072 4594 1161 4645 τῆς
1204 4582 1278 4637 δι’
1328 4585 1413 4657 ἔμε
1466 4594 1819 4662 στενοχωρίας
1880 4596 1961 4643 κοὶ
2012 4591 2134 4654 ξενι-

533 4676 668 4733 τείας
715 4682 806 4725 τοῦ
864 4669 956 4725 διὰ
1008 4676 1210 4726 πάντων
1256 4683 1556 4747 χωροῦντος
1603 4683 1692 4730 καὶ
1734 4685 1909 4732 πᾶσαν
1962 4686 2134 4732 κτίσιν

534 4761 932 4834 ἐμπεριέχοντος
995 4762 1006 4817 1
1064 4762 1248 4815 ἐκεῖνον
1306 4767 1437 4836 μετὰ
1500 4774 1598 4817 τῶν
1649 4766 1812 4819 ἄλλων
1865 4770 1998 4821 ούτω
2047 4773 2136 4821 καὶ

533 4855 693 4904 τόπου
727 4848 1159 4924 διαπορούμενον,
1211 4852 1333 4924 οὐχ’
1378 4854 1607 4928 εύρίσκει
1653 4859 1754 4928 γὰρ
1809 4861 1963 4909 τόπον
2012 4854 2137 4911 οὐδὲ

533 4940 827 5013 κατάλυμα,
884 4942 914 4998 ἡ
972 4942 1133 5012 φάτνη
1191 4938 1411 5013 δέχεται
1463 4950 1556 5001 τὴν
1584 4951 1855 5016 πτωχείαν
1901 4946 2135 5018 ἑλόμενον

535 5030 587 5094 ἐξ
634 5030 827 5104 ἀρχῆς,
878 5035 967 5082 καὶ
1024 5034 1217 5088 ταύτην
1267 5031 1314 5083 ἐν
1370 5032 1534 5103 ἐαυτῷ
1582 5040 1899 5106 τιμήσαντα.
1936 5036 2136 5089 Ἐντεῦ-

538 5123 617 5173 θεν
671 5122 696 5171 6
744 5118 1125 5194 ἀπερίγραπτος
1169 5119 1218 5172 ἓν
1260 5120 1521 5192 σπηλαίῳ,
1565 5124 1590 5174 6
1640 5128 1809 5193 Λόγος
1856 5123 1903 5174 ἐν
1948 5126 2134 5196 φάτνῃ,

536 5211 561 5261 ό
608 5217 700 5262 τοῦ
761 5214 963 5281 κόσμου
1006 5205 1350 5281 δημιουργός,
1401 5211 1686 5285 αὐτουργός
1718 5217 1803 5264 καὶ
1838 5220 1929 5265 τοῦ
1960 5218 2134 5277 τόκου,

536 5303 626 5350 καὶ
684 5295 878 5369 ὀδηγὸς
932 5304 1084 5351 τοῦτό
1138 5318 1237 5351 που
1286 5304 1483 5369 γίνεται
1536 5300 1687 5362 αὑτός
1750 5305 1838 5372 μὲν
1887 5304 2131 5373 μαιεύων,

541 5386 697 5448 αὐτὸς
746 5384 805 5439 δι
842 5392 1177 5460 μαιευόμενος
1218 5393 1306 5441 καὶ
1348 5397 1410 5461 τῇ
1463 5395 1625 5462 μητρὶ
1653 5395 1738 5441 τὸν
1781 5390 2006 5462 θάλαμον
2038 5411 2138 5462 χα-

545 5476 833 5548 ριζόμενος.
884 5478 1143 5530 Ἐντεῦθεν
1183 5478 1208 5529 ό
1256 5480 1460 5530 πάντων
1509 5482 1779 5550 συνοχεὺς,
1824 5478 1872 5530 iv
1906 5482 2142 5553 σπαργά-

549 5583 651 5627 νοις
702 5581 713 5593 ·
770 5566 795 5616 ό
840 5569 1043 5617 πάντων
1096 5571 1324 5640 τροφεὺς,
1380 5566 1427 5619 ἕν
1480 5575 1585 5628 τοῖς
1625 5567 2141 5641 γαλακτοτροφουμί-

2102 3614 2149 3652 ¹⁰
2180 3614 2321 3671 ibid.
2357 3620 2509 3672 8-15.

2234 3185 2368 3225 nem
2386 3168 2755 3224 conﬁrmans
2774 3183 2947 3222 suam
2966 3183 3100 3222 cum
3119 3164 3342 3220 Iudaeis
3362 3160 3893 3232 cognationem,ne

2234 3259 2345 3315 illis
2357 3260 2693 3314 ocasionem
2711 3258 3136 3329 prmhereteum
3156 3248 3894 3324 negandi.Circumciditur

2237 3353 2433 3403 autem
2450 3353 2659 3404 octavo
2686 3348 2780 3403 die
2811 3364 2916 3403 seu
2941 3347 3033 3402 die
3053 3345 3385 3411 Dominico,
3417 3357 3540 3414 quo
3572 3338 3891 3395 fuitetiam

2239 3442 2591 3494 resurrectio
2615 3455 2628 3505 ;
2648 3443 2704 3493 et
2724 3439 2896 3493 Jesus
2914 3434 3597 3503 nominatur.Signiﬁcat
3623 3443 3763 3484 vero
3779 3428 3892 3482 hoc

2587 3619 2634 3655 ¹⁷
2658 3616 2899 3677 ibid.i9.

2240 3812 2347 3855 νοις
2412 3795 2437 3845 6
2512 3797 2713 3847 πάντων
2784 3794 3130 3869 ἀπογραφεὺς,

2240 3890 2405 3958 μένοις
2420 3928 2429 3937 ,

3210 3793 3259 3846 ἐν
3337 3801 3446 3854 τοῖς
3526 3792 3831 3867 ἀπογραφο-

2315 4016 2556 4085 Ποιμένες
2596 4009 2671 4077 δὲ,
2708 4017 2885 4085 φησὶν,
2921 4011 3055 4069 ἦσαν
3108 4009 3155 4062 ἐν
3205 4019 3265 4083 τῇ
3321 4016 3477 4085 χώρᾳ
3522 4012 3708 4081 ταύτῃ,
3737 4029 3833 4080 φυ-

2240 4101 2401 4163 λακὰς
2447 4107 2563 4177 περὶ
2614 4104 2775 4153 νύκτα
2818 4103 3132 4173 ποιούμενοι,
3185 4102 3261 4162 οἷς
3311 4104 3398 4151 καὶ
3444 4098 3657 4170 ἄγγελος
3702 4105 3834 4152 Θεοῦ

2167 4206 2211 4261 D
2243 4189 2456 4258 ἐπέστη,
2485 4196 2572 4243 καὶ
2599 4187 2729 4253 δόξα
2761 4191 2956 4264 Κυρίου
2990 4189 3178 4251 αύτούς
3208 4187 3572 4260 περιελαμψεν.
3607 4190 3747 4240 Ἐπεὶ
3776 4184 3835 4239 δι

2241 4279 2526 4351 κατάφοϐοι
2555 4285 2799 4351 γεγόνασι
2824 4288 2893 4349 τῷ
2926 4281 3161 4352 θεάματι,
3194 4280 3219 4331 6
3246 4278 3483 4350 ἄγγελος,
3519 4280 3587 4339 ὡς
3617 4281 3687 4347 μὴ
3717 4277 3833 4328 καθ’

2242 4371 2376 4443 ὦραν
2408 4368 2679 4422 ἐπελθόντα
2710 4372 2794 4421 τὸν
2836 4368 2991 4441 φόϐον
3034 4368 3128 4431 ἔξω
3162 4374 3318 4433 ποιεῖ,
3353 4372 3435 4425 Μὴ
3466 4365 3725 4440 φοϐεῖσθε,
3757 4365 3833 4417 λέ·

2241 4480 2362 4529 γων,
2399 4456 2516 4511 ἰδού
2564 4462 2664 4531 γὰρ
2705 4458 3100 4529 εὐαγγελίζομαι
3144 4458 3262 4530 ὑμῖν
3295 4460 3490 4529 χαρὰν,
3522 4458 3632 4517 ἣτις
3664 4459 3834 4520 ἔσται,

2243 4548 2333 4600 ούκ
2378 4544 2662 4609 Ἰουδαίοις
2713 4552 2906 4618 μόνοις,
2970 4546 3074 4598 ἀλλ’
3132 4546 3318 4599 ἅπασι.
3366 4547 3469 4601 Καὶ
3514 4546 3839 4621 προστίθησι

2242 4643 2554 4711 τρανώτερον
2584 4642 2676 4694 τὴν
2708 4644 2801 4698 τῆς
2846 4639 3070 4708 χάριτος
3119 4631 3351 4693 δήλωσιν
3410 4652 3423 4665 ’
3475 4633 3595 4687 Ὀτι
3651 4640 3833 4706 φησὶν,

2244 4727 2431 4799 ἐτέχθη
2466 4728 2585 4799 ὑμῖν
2616 4731 2791 4801 Σωτήρ
2804 4766 2814 4777 .

2314 4854 2389 4922 (7)
2438 4859 2540 4904 Τοῦ
2592 4858 2992 4924 Μεταφραστοῦ.
3052 4857 3181 4903 Ποῖα
3233 4853 3333 4925 γὰρ
3385 4846 3447 4909 ἦν
3500 4852 3665 4923 ἕτερα,
3710 4849 3839 4923 οἷπερ

2243 4943 2272 4998 ἡ
2323 4943 2597 5012 θαυμαστὴ
2633 4946 2928 5013 συνετήρεις
2974 4945 3169 5011 Μαρία,
3217 4944 3307 4992 καὶ
3350 4939 3423 5001 εἰς
3463 4935 3688 5013 καρδίαν
3722 4957 3840 4990 συνο

2244 5029 2460 5095 rem“,
2511 5030 2539 5089 ἡ
2596 5032 2797 5090 πάντως
2844 5032 2944 5083 ὃσα
2996 5048 3048 5081 τε
3099 5029 3291 5101 εἰρήκει
3341 5033 3465 5103 πρός
3511 5032 3568 5081 σε
3618 5032 3649 5080 ὅ
3684 5030 3847 5099 ἄγγε-

2243 5119 2343 5183 λος,
2394 5124 2484 5171 καὶ
2531 5122 2632 5171 ὅσα
2670 5115 2736 5177 δὴ
2783 5118 2936 5171 πάλιν
2968 5121 3016 5171 οί
3045 5122 3275 5191 ποιμένες
3320 5116 3460 5171 εἶπον
3506 5135 3519 5184 ;
3563 5124 3742 5171 Ταῦτα
3773 5117 3845 5179 εἰς

2245 5206 2468 5281 καρδίαν
2517 5209 2644 5267 αὐτὴ
2700 5211 3020 5273 συντεθεῖσα,
3078 5213 3166 5261 καὶ
3216 5215 3366 5261 τοῦτο
3416 5206 3589 5279 ἐκείνῳ
3624 5210 3847 5279 συγκρί-

2245 5318 2427 5363 νουσα,
2476 5302 2605 5371 πρὸς
2658 5298 2706 5351 ἓν
2756 5298 2917 5371 ἑώρας
2976 5294 3273 5367 συνᾴδοντα
3328 5298 3516 5361 πάντα,
3572 5302 3663 5349 καὶ
3726 5302 3848 5367 μίαν

2248 5389 2499 5460 εὕρισκες,
2534 5385 2571 5439 ὦ
2608 5396 2769 5460 μῆτερ
2816 5392 3013 5459 σοφίας,
3061 5391 3155 5445 τὴν
3197 5392 3499 5458 συμφωνίαν
3532 5404 3543 5416 ³
3580 5388 3661 5438 ὃτι
3720 5388 3851 5447 Θεὸς

2250 5480 2377 5550 πρὸς
2444 5476 2686 5535 ἀλήθειαν
2736 5478 2761 5527 ό
2818 5478 2873 5528 ἐκ
2933 5484 3026 5529 σοῦ
3090 5477 3371 5546 γεννηθεὶς,
3430 5480 3520 5527 καὶ
3575 5478 3632 5528 σε
3677 5476 3855 5547 θαῦμα

2252 5562 2430 5629 δείξας
2470 5570 2612 5640 παρὰ
2649 5574 2817 5620 ταῦτα
2851 5568 3036 5629 πάντα,
3091 5570 3181 5618 καὶ
3223 5568 3366 5640 παρὰ
3408 5567 3612 5618 πάντων
3660 5568 3856 5619 τούτων
