4142 6196
201 290 303 346 541

1428 295 1696 351 ORATIO
1736 294 1828 350 DE
1866 294 2141 353 SANCTA
2183 299 2435 355 MARIA.

3521 294 3628 352 542

202 415 459 473 salutem
476 418 1081 490 populi.Quodetiam
1096 421 1857 496 Virginiprmdicitangelus
1890 426 1934 478 Α
1971 424 2190 481 tionem
2221 442 2232 479 :
2277 426 2354 481 Et
2376 440 2523 491 ecce,
2556 425 2783 487 dicens,
2814 424 2986 479 homo
3015 429 3143 479 erat
3179 423 3241 477 in
3294 422 3628 481 Jerusalem

203 511 343 561 ante
365 509 926 579 conceptionem,Et
942 511 1190 577 vocabis,
1206 513 1495 585 inquiens,
1511 529 1720 569 nomen
1735 516 1860 582 ejus

201 595 403 652 Jesum
420 598 489 663 ",
519 598 798 670 idemque
810 600 1074 670 Josepho
1088 608 1318 673 postea,
1339 610 1516 675 atque
1529 603 1659 672 subj
1672 603 1856 673 ungit:

203 683 337 753 Ipse
355 688 510 742 enim
538 689 771 743 salvum
804 689 988 758 faciet
1020 691 1304 759 populum
1334 708 1506 748 suum
1537 708 1574 747 a
1600 692 1860 761 peccatis

202 787 408 830 eorum
430 778 494 829 ιο.
508 774 726 832 Deinde
739 776 919 833 etiam
934 794 1139 835 rursus
1152 785 1455 852 exspectat
1468 787 1696 853 tempus
1710 781 1862 853 puri-

200 860 520 919 ﬁcationis.
548 865 873 937 Postquam
896 867 1292 937 enimimpleti
1309 876 1470 935 sunt,
1504 870 1714 942 inquit,
1741 870 1861 926 dies

198 953 573 1021 purgationis
616 957 745 1024 ejus
784 957 1111 1014 secundum
1144 959 1326 1029 legem
1358 960 1550 1030 Moysi
1581 958 1863 1032 (comple-

204 1048 463 1095 mentum
481 1047 677 1097 autem
693 1043 909 1099 dierum
924 1047 1863 1120 eratquadragesimus),tulerunt

201 1128 495 1186 infantem
558 1134 758 1188 Jesum
815 1133 873 1188 in
895 1136 1242 1201 Jerusalem,
1302 1142 1360 1191 ut
1386 1139 1655 1194 sisterent
1733 1153 1864 1193 eum

202 1218 468 1285 Domino,
498 1223 652 1277 sicut
676 1222 962 1291 scriptum
990 1231 1072 1281 est
1101 1225 1163 1281 in
1206 1226 1331 1296 lege
1378 1226 1621 1281 Domini
1653 1242 1664 1281 :
1716 1226 1866 1293 Quia

202 1322 373 1364 omne
418 1310 813 1367 masculinum
867 1312 1221 1382 adaperiens
1279 1316 1537 1380 vulvam,
1590 1323 1863 1372 sanctum

200 1397 461 1453 Domino
480 1400 780 1455 vocabitur
804 1418 816 1456 :
845 1408 899 1457 et
926 1411 991 1457 ut
1008 1404 1224 1459 darent
1244 1404 1520 1469 hostiam,
1541 1405 1865 1461 secundum

202 1487 366 1559 quod
393 1488 617 1545 dictum
642 1496 725 1544 est
750 1490 813 1546 in
847 1490 968 1561 lege
998 1493 1248 1557 Domini,
1277 1508 1393 1563 par
1408 1499 1737 1559 turturum,
1760 1500 1866 1550 aut

201 1576 356 1631 duos
380 1577 573 1645 pullos
597 1580 1007 1636 columbarum
1036 1582 1094 1633 ²⁰.

280 1663 430 1720 XIV.
457 1666 572 1723 Sed
592 1668 776 1723 satius
801 1669 1050 1725 fortasse
1073 1673 1155 1741 (8)
1183 1670 1355 1727 fuerit
1389 1672 1449 1727 id
1472 1672 1723 1737 solvere,
1749 1688 1865 1744 quo

1968 513 2066 568 cui
2090 530 2301 571 nomen
2329 514 2571 579 Simeon,
2607 520 2661 570 et
2695 514 2861 570 homo
2890 518 3019 569 erat
3036 513 3257 581 justus,
3281 516 3335 567 et
3367 512 3628 580 Spiritus

1968 604 2208 660 Domini
2237 612 2365 661 erat
2396 607 2457 659 in
2486 604 2628 672 ipso.
2660 604 2809 669 Quin
2844 601 3026 657 etiam
3059 600 3237 663 venit,
3292 599 3500 671 inquit,
3564 602 3627 656 in

1970 694 2202 762 Spiritu
2234 696 2295 750 in
2324 694 2621 762 templum,
2660 698 2715 747 et
2743 692 2792 747 ei
2828 690 3000 747 ulnas
3051 688 3305 761 prmbuit
3364 688 3439 745 ad
3489 703 3627 743 eum

1971 782 2424 853 suscipiendum
2469 785 2536 844 ²¹,
2599 782 2913 847 Quodnam
2974 784 3058 835 est
3114 783 3314 834 autem
3369 777 3630 831 salutare

1971 871 2133 943 quod
2164 887 2344 927 senex
2370 873 2489 926 suis
2518 870 2666 926 vidit
2695 869 2885 925 oculis
2914 870 2942 926 7
2990 869 3144 939 Ipse,
3176 866 3280 939 qui
3323 865 3632 921 desidera-

1971 960 2169 1023 batur,
2199 963 2384 1016 .lesus.
2416 962 2532 1016 Hoc
2557 960 2715 1015 enim
2758 974 2979 1015 nomen
3018 971 3264 1029 quoque
3306 954 3623 1023 signiﬁcat.

1974 1047 2246 1104 Paratum
2280 1066 2418 1105 vero
2441 1049 2634 1105 fuerat
2653 1050 2781 1119 ejus
2804 1048 3153 1119 mysterium
3174 1044 3422 1101 omnino
3442 1043 3518 1099 ad
3538 1058 3631 1098 sa-

1975 1139 2183 1201 lutem,
2216 1155 2335 1194 nou
2353 1138 2492 1194 solis
2512 1138 2747 1204 Iudaeis,
2770 1137 2873 1192 sed
2890 1135 3115 1191 mundo
3130 1134 3304 1189 etiam
3328 1133 3628 1188 universo.

1978 1230 2092 1282 Hoc
2144 1226 2300 1282 enim
2353 1228 2461 1282 sibi
2507 1228 2632 1282 vult
2662 1226 2849 1281 illud:
2900 1224 3175 1281 Omnium
3213 1222 3570 1293 populorum
3610 1238 3628 1291 ς

1976 1316 2125 1371 sicut
2154 1317 2334 1372 etiam
2360 1316 2505 1372 illud
2528 1334 2539 1372 :
2565 1319 2779 1371 Lumen
2801 1316 2881 1372 ad
2900 1314 3319 1371 reuelationem
3343 1313 3628 1381 gentium,

1974 1410 2026 1460 et
2056 1405 2311 1473 gloriam
2336 1406 2547 1475 populi
2586 1405 2674 1460 tui
2708 1405 2917 1460 Israel.
2961 1404 3101 1458 Vide
3136 1417 3274 1457 vero
3314 1402 3413 1472 (9),
3443 1414 3632 1472 quam

1974 1501 2248 1550 accurate
2272 1494 2529 1566 loquitur
2544 1494 3135 1563 evangelistazErant
3166 1496 3391 1556 autem,
3413 1488 3627 1561 inquit,

1972 1584 2178 1654 Joseph
2190 1591 2241 1639 et
2256 1590 2446 1640 mater
2458 1587 2584 1654 ejus
2597 1584 2948 1639 admirantes
2960 1587 3194 1651 prapter
3204 1596 3273 1637 ea
3285 1594 3416 1651 quae
3427 1578 3493 1634 de
3503 1578 3632 1648 ipso

1973 1672 2346 1729 dicebantur.
2371 1675 2418 1708 ³³
2451 1674 2689 1728 Matrem
2721 1671 2965 1743 quidem
2992 1670 3221 1733 dicens,
3246 1675 3309 1725 ut
3336 1684 3472 1740 qua:
3496 1680 3630 1723 vere

208 1753 441 1809 videtur
469 1771 799 1827 repugnare
833 1759 985 1814 inter
1022 1760 1440 1832 evangelistas.
1469 1761 1777 1817 Matthaaus
1815 1763 1859 1798 ²¹
1901 1780 1944 1835 Β
1974 1769 2143 1830 esset,
2168 1767 2223 1817 et
2248 1762 2325 1817 ab
2353 1763 2483 1833 ipsa
2511 1777 2729 1817 vocans
2756 1760 3105 1817 habitudine
3136 1776 3151 1826 ;
3206 1758 3374 1813 illum
3433 1761 3629 1812 autem

208 1857 475 1915 namque
504 1844 647 1900 dicit
671 1848 895 1912 Jesum,
924 1853 1246 1921 postquam
1271 1855 1450 1905 natus
1475 1858 1644 1917 esset,
1674 1850 1865 1922 profe-

211 1938 371 1988 ctum
388 1935 445 1990 in
460 1936 907 2008 )Egyptummic
926 1939 1392 2005 autem,divinus
1412 1940 1863 2010 scilicet,Lucas,

211 2021 410 2093 ipsum
431 2025 973 2097 postquadraginta
985 2027 1112 2083 dies
1128 2027 1353 2083 venisse
1370 2028 1861 2101 Hierosolymam.

215 2111 325 2167 Sed
352 2112 492 2168 nihil
531 2113 757 2179 dicunt,
814 2116 969 2187 quod
1021 2117 1169 2172 inter
1216 2133 1278 2172 se
1319 2117 1617 2190 discrepet
1667 2134 1863 2191 neque

209 2200 375 2271 quod
406 2200 488 2255 rei
532 2202 726 2258 obstet
780 2207 1240 2277 consequentiae.
1284 2207 1428 2261 Cum
1469 2208 1648 2274 enim,
1708 2211 1864 2277 post-

208 2303 397 2360 quam
432 2297 609 2345 natus
662 2297 831 2359 esset,
892 2294 1193 2350 secundus
1249 2310 1443 2350 annus
1484 2296 1858 2367 praeterisset,

208 2376 473 2434 Christus
520 2379 838 2437 abducitur
870 2383 931 2438 in
978 2384 1330 2456 Egyptum.
1373 2386 1560 2443 Lucas
1608 2402 1751 2456 ergo
1789 2403 1863 2443 ea

204 2482 343 2539 quas
376 2469 611 2526 interim
651 2469 807 2528 facta
838 2478 996 2539 sunt,
1036 2479 1092 2529 et
1144 2489 1281 2545 quin
1313 2476 1689 2545 praetermisit
1720 2476 1861 2532 Mat-

210 2554 423 2619 thaaus,
460 2556 976 2616 circumcisionem
1011 2561 1228 2618 scilicet
1257 2567 1467 2619 tractat
1493 2569 1551 2619 et
1592 2564 1861 2635 puriﬁca-

281 2730 327 2765 ¹⁸
352 2734 489 2788 Luc.
526 2751 562 2799 ι,
587 2737 673 2791 31.

782 2738 829 2772 '9
872 2736 1072 2794 Matth.
1120 2755 1159 2805 ι,
1193 2744 1280 2794 2t.

212 2802 262 2835 ⁸⁸
292 2800 441 2857 ibid.
481 2808 568 2860 34.

669 2809 717 2842 ³⁵
746 2809 947 2865 Matth.
980 2826 1038 2875 Il,
1076 2816 1097 2864 1
1145 2826 1316 2883 seqq.

1381 2741 1429 2776 ²⁰
1459 2740 1597 2796 Luc.
1629 2757 1690 2805 ιι,
1732 2744 1916 2797 21ο14.
1978 2742 2182 2799 Matth.
2219 2758 2276 2810 ιι,
2304 2744 2390 2810 13,
2421 2745 2505 2798 14.

1976 1851 2138 1907 nudo
2187 1852 2449 1915 nomine,
2502 1857 2562 1907 ut
2625 1851 2729 1923 qui
2792 1851 3087 1905 videretur
3133 1848 3382 1920 quidem
3462 1849 3633 1916 pater

1975 1957 2095 1997 non
2121 1946 2273 1997 esset
2302 1948 2503 1997 autem
2534 1956 2752 1997 revera.
2784 1943 2865 1996 Ea
2894 1954 3135 2011 quoque
3166 1936 3393 1993 ratione
3421 1934 3629 1990 ambo-

1974 2030 2063 2085 lus
2103 2030 2349 2103 quidem
2380 2030 2682 2086 benedixit
2713 2031 2950 2086 Simeou
2985 2046 2997 2094 ;
3041 2027 3243 2084 relicto
3284 2030 3483 2082 autem
3535 2026 3633 2079 Jo-

1973 2122 2141 2191 seph,
2183 2121 2503 2193 alloquitur
2541 2120 2782 2176 Mariam
2839 2118 3053 2180 solam,
3114 2124 3177 2171 ut
3217 2131 3354 2188 quae
3419 2111 3634 2169 fuisset

1974 2210 2248 2266 ministra
2278 2210 2460 2265 divini
2499 2208 2729 2265 consilii
2764 2225 2775 2262 :
2811 2208 2964 2264 Ecce
3030 2207 3211 2271 enim,
3282 2204 3494 2275 inquit,
3530 2202 3628 2258 hic

1969 2302 2191 2369 positus
2222 2307 2305 2357 est
2327 2302 2388 2355 in
2412 2300 2652 2356 ruinam
2682 2304 2736 2355 et
2766 2296 3253 2355 resurrectionem
3282 2293 3625 2357 multorum,

1970 2396 2025 2445 et
2056 2391 2118 2444 in
2142 2390 2399 2459 signum.
2432 2390 2526 2445 cui
2544 2387 3054 2445 contradicetur“.
3082 2382 3395 2451 Quomodo
3430 2386 3631 2437 autem

1969 2478 2085 2549 (IO)
2131 2495 2166 2533 a
2205 2494 2286 2544 re,
2346 2478 2607 2534 studiose
2664 2476 2910 2539 auditor,
2959 2474 3247 2545 accipitur
3277 2472 3420 2527 illud
3470 2488 3483 2525 :
3551 2469 3631 2525 Et

1972 2575 2133 2624 tuam
2158 2568 2343 2636 ipsius
2373 2564 3026 2635 animampertransibit
3046 2562 3289 2633 gladius
3312 2562 3358 2596 ³⁵
3398 2560 3426 2615 ‘2
3450 2558 3634 2624 Quid-

2610 2744 2656 2778 ”
2686 2744 2820 2798 Luc.
2864 2756 2926 2807 ιι,
2961 2740 3156 2807 25,27-
3270 2739 3316 2773 ³³
3356 2735 3504 2791 ibid.
3538 2736 3628 2790 33.

272 3002 687 3073 συντεθειμένων,
726 3003 925 3075 οὐρανῷ
960 3010 1049 3057 καὶ
1077 3014 1144 3078 γῇ
1177 3010 1531 3080 χωρούμενον,
1569 3006 1697 3060 ἀλλά
1734 3005 1873 3081 μηδὶ
1906 3007 1947 3063 C
1984 3006 2075 3060 εἷθ’
2141 3009 2302 3070 οὕτως
2378 3008 2564 3061 ἐκεῖθεν
2619 3006 2923 3071 ἀνελθόντες,
2990 3006 3058 3066 εἰς
3130 3004 3371 3075 Ναζαρὲτ
3425 3001 3579 3063 αὖθις

270 3088 425 3152 ἀξίως
452 3091 908 3163 ὑμνολογούμενον.

347 3179 429 3250 (8)
454 3186 561 3232 Τοῦ
588 3188 993 3254 Μεταφραστοῦ.
1042 3183 1321 3250 Ἐνταῦθα,
1367 3186 1461 3237 οὐκ
1509 3188 1699 3261 ἄχαρι,
1749 3185 1875 3237 ἀλλὰ

271 3272 365 3319 καὶ
394 3267 672 3339 ἀναγκαῖον
704 3274 760 3322 τὸ
793 3267 982 3323 δοκοῦν
1026 3271 1489 3345 ἔναντιολογεῖσθαι
1523 3284 1635 3337 τοῖς
1669 3275 1876 3346 εὐαγγε-

270 3356 503 3425 λιο-ταῖς,
529 3357 796 3417 ἐπιλῦσαι.
834 3366 951 3422 Πῶς
980 3364 1087 3434 γάρ
1120 3382 1251 3434 φησι
1282 3366 1547 3425 Ματθαῖος
1587 3368 1696 3437 μὲν,
1732 3366 1875 3418 Μετὰ

273 3450 371 3504 τὴν
414 3452 653 3517 γέννησιν
696 3448 766 3509 εἰς
798 3453 1059 3521 Αἴγυπτον
1100 3450 1292 3523 ἀπάγει
1322 3457 1408 3505 τὸν
1440 3456 1645 3512 Ἰησοῦν
1681 3472 1692 3483 ·
1725 3454 1874 3515 οὗτος

276 3532 357 3599 δε,
393 3537 418 3586 6
450 3538 576 3596 θεῖος
626 3534 867 3595 δηλονότι
919 3545 1143 3601 Λουκᾶς.
1193 3545 1335 3594 Μετά
1365 3546 1758 3618 τεσσαράκοντα
1788 3539 1873 3595 δι-

272 3624 475 3677 ἔλευσιν
518 3627 741 3698 ἡμερῶν,
797 3627 867 3690 εἰς
916 3628 1290 3703 Ἰεροσόλυμα;
1332 3629 1483 3684 οὐδὲν
1528 3629 1732 3703 ἀπᾷδον
1786 3631 1866 3684 λέ-

271 3734 445 3786 γοντες
476 3715 735 3781 ἀλληλοις,
771 3718 887 3771 οὗτε
924 3724 1026 3791 μὴν
1068 3728 1131 3792 τῇ
1178 3720 1458 3793 ἀκολουθίᾳ
1496 3731 1584 3775 τοῦ
1628 3726 1872 3794 πράγμα-

273 3824 358 3866 τος
413 3810 849 3880 προσιστάμενον.
901 3812 1140 3883 Δεύτερον
1186 3814 1286 3883 γὰρ
1318 3814 1427 3873 ἔτος
1465 3808 1572 3870 ἤδη
1623 3815 1753 3883 μετά
1782 3818 1874 3871 τὴν

274 3898 517 3964 γέννησιν
566 3896 816 3967 παρελθὸν
865 3898 933 3959 εἰς
977 3902 1240 3969 Αἴγυπτον
1274 3902 1299 3951 6
1340 3904 1567 3974 Χριστὸς
1596 3899 1871 3968 ἀπάγεται,

276 3989 485 4044 Λουκᾶς
530 3981 589 4037 δὲ
634 3988 700 4038 τὰ
747 3984 880 4047 ἐντὸς
930 3990 1116 4041 τούτου
1158 3994 1422 4060 γενόμενα,
1464 3995 1552 4042 καὶ
1594 3988 1630 4041 ἃ
1675 3998 1876 4063 παρῆκε

275 4072 567 4139 Ματθαῖος,
600 4077 665 4126 τά
715 4083 807 4136 τῆς
836 4086 1115 4147 περιτομῆς
1162 4076 1411 4149 λαμϐάνει
1454 4084 1542 4131 xui
1585 4086 1675 4131 τοῦ
1715 4081 1877 4132 καθα-

274 4170 497 4235 ρισμοῦ.
557 4164 699 4216 Ἐπεὶ
747 4170 835 4217 xui
881 4173 1033 4217 τοῦτο
1072 4173 1176 4226 τοῖς
1206 4167 1603 4238 εὐαγγελισταῖς
1634 4170 1871 4233 σύνηθες,

276 4253 364 4302 ἶνα
392 4247 579 4322 μηδεὶς
622 4253 939 4327 ᾖπεριττὸς,
973 4257 1037 4315 ὡς
1082 4251 1248 4325 μηδεν
1293 4259 1429 4327 ἔχων
1476 4256 1631 4309 εἰπεῖν
1682 4257 1829 4309 πλέον
1858 4278 1871 4290 ο

275 4344 365 4391 xui
399 4344 533 4393 οὕτω
575 4343 640 4394 τὰ
668 4348 799 4394 πᾶσι
828 4347 1129 4416 παρειμένα,
1180 4350 1313 4397 πᾶσι
1363 4350 1447 4397 καὶ
1494 4346 1871 4417 πεπλήρωνται.
1909 4364 1953 4418 D

277 4435 398 4490 Πῶς
460 4426 518 4483 δι
583 4429 787 4483 κάκεῖνο
855 4432 1115 4485 ίπιλυτέον
1179 4435 1304 4505 ἡμῖν
1374 4433 1872 4507 ἀμφιλογούμενον;

274 4522 411 4570 κατά
469 4522 558 4590 μεν
627 4522 728 4593 γάρ
804 4523 888 4572 τὸν
966 4522 1096 4573 θεῖον
1155 4524 1423 4576 Ματθαῖον
1480 4528 1876 4597 χρηματισθεὶς

274 4608 303 4659 6
331 4606 540 4680 Ἰωσὴφ,
569 4610 637 4669 εἱς
665 4610 907 4681 Ναζαρὲτ
938 4612 1151 4682 ἔρχεται
1183 4630 1195 4644 ο
1240 4613 1369 4683 ὁμοῦ
1413 4631 1467 4664 τε
1515 4616 1601 4665 τὸν
1636 4611 1874 4666 κίνδυνον

275 4700 492 4767 φεύγων,
549 4703 637 4750 καὶ
685 4706 746 4770 τῇ
806 4696 1029 4772 πατρίδι
1078 4700 1451 4776 ἐμφιλοχωρεῖν
1506 4700 1816 4774 βουλόμενος
1860 4725 1872 4737 ·

275 4787 302 4837 6
332 4782 391 4839 δε
420 4793 625 4848 Λουκᾶς
652 4791 711 4839 οὗ
759 4806 888 4857 φησι
932 4792 1069 4841 κατά
1097 4795 1348 4861 χρησμὸν
1396 4790 1536 4843 αὐτῶ
1576 4796 1668 4849 τὴν
1700 4793 1874 4863 ἄφιξιν

273 4874 441 4928 ἐκεῖσε
488 4878 750 4947 γενέσθαι,
809 4875 915 4929 ἀλλ⁹
974 4879 1055 4930 ὅτι
1106 4882 1191 4931 τὸν
1239 4881 1506 4952 καθαρμὸν
1562 4880 1873 4954 πληρώσαν-

272 4983 357 5025 τες
388 4966 577 5033 πάντα,
622 4969 752 5040 πρὸς
802 4970 1045 5040 Ναζαρὲτ
1084 4964 1235 5028 αὖθις
1282 4968 1569 5021 ἑπανελθεῖν
1618 4973 1869 5041 ἔγνωσαν,

272 5056 337 5114 ἣν
390 5060 480 5107 καὶ
534 5052 771 5129 πατρίδα
821 5056 1189 5130 ἐπεγράφοντο,
1245 5060 1312 5119 ὡς
1373 5057 1476 5110 ἐκεῖ
1530 5064 1617 5117 την
1664 5063 1871 5117 οἴκησιν

271 5144 581 5216 πηξάμενοι.
614 5144 802 5197 ’ἰστέον
836 5141 923 5197 οὖν
955 5148 1036 5198 ὅτι
1060 5149 1145 5199 τὸν
1198 5149 1297 5219 πρὸ
1346 5155 1441 5208 τῆς
1488 5148 1561 5209 εἰς
1610 5152 1870 5220 Αῖγυπτον

273 5230 505 5287 καθόδου
546 5238 737 5305 χρόνον
789 5236 1008 5307 ἱστορῶν
1039 5236 1063 5286 6
1096 5241 1319 5296 Λουκᾶς,
1367 5233 1490 5289 οὐδε
1520 5239 1620 5310 γὰρ
1653 5242 1752 5309 πρὸ
1778 5246 1870 5291 τοῦ

271 5324 548 5394 καθαρμοῦ
613 5326 903 5394 κατήγαγεν
961 5321 1019 5373 ἂν
1074 5323 1264 5385 αὐτοὺς
1316 5322 1499 5391 ἐκεῖσε,
1577 5328 1657 5377 ἱνα
1730 5324 1869 5399 μηδε

275 5414 415 5485 παρά
483 5414 569 5463 τὸν
644 5415 795 5482 νόμον
851 5431 863 5443 ·
921 5407 1051 5481 μηδ’
1130 5414 1211 5463 ὅτι
1277 5411 1365 5465 οὖν
1416 5417 1650 5485 γένηται,
1705 5418 1870 5467 ταῦτά

272 5520 432 5573 φησιν
494 5516 506 5528 ⁸
541 5503 710 5572 ἔμενον
752 5502 853 5575 γάρ
905 5503 1230 5575 καθαρθῆναι
1259 5504 1482 5573 πάντως,
1520 5500 1627 5557 εἶτα
1670 5504 1740 5565 εἰς
1764 5512 1870 5557 Να-

275 5590 432 5651 ζαρὲτ
480 5588 657 5656 έλθεῖν,
694 5594 783 5641 καὶ
832 5595 947 5642 τότε
1001 5586 1067 5649 δὴ
1110 5590 1400 5651 καταϐῆναι
1445 5592 1514 5655 εἰς
1560 5597 1820 5665 Αἴγυπτον
1847 5611 1861 5628 ·

1984 3096 2142 3150 ἐλθεῖν
2201 3097 2565 3169 ἐγκελεύονται.
2629 3100 2734 3172 Πρὸ
2782 3099 2968 3149 τούτου
3036 3092 3095 3147 δε
3150 3090 3398 3165 οὐδαμῶς
3444 3088 3578 3149 ἦσαν

1983 3190 2431 3261 χρηματισθέντες
2487 3188 2653 3240 ἐκεῖσε
2696 3193 2895 3259 φοιτᾲν,
2948 3184 3054 3237 ἀλλ’
3105 3184 3581 3257 ἐμφιλοχωροῦντες

1985 3280 2053 3336 ὡς
2094 3278 2282 3349 ἔφημεν
2332 3286 2393 3350 τῇ
2445 3274 2688 3349 πατρίδι,
2746 3276 3062 3348 αὐθαιρέτως
3109 3274 3248 3326 τοῦτ’
3308 3274 3576 3344 ἔπραττον.

1985 3363 2124 3417 Ἐπεὶ
2153 3367 2251 3437 γὰρ
2309 3365 2431 3438 παρ’
2478 3362 2628 3416 οὐδὲν
2676 3364 2843 3437 ἕτερον
2885 3365 2914 3421 ἡ
2959 3362 3026 3423 εἰς
3072 3360 3304 3432 Βηθλεὲμ
3333 3357 3583 3418 ἀνάϐασις

1982 3457 2202 3523 γέγονεν,
2238 3455 2266 3513 ἡ
2300 3450 2391 3506 διὰ
2445 3458 2538 3511 τὴν
2580 3451 2906 3526 ἀπογραφὴν,
2938 3456 3028 3503 καὶ
3055 3446 3179 3502 οὐδε
3210 3457 3397 3508 στῆναι
3422 3444 3582 3500 οὖδα-

1984 3550 2084 3613 μοῦ
2115 3539 2282 3614 εἶχον,
2311 3542 2681 3617 πληρώσαντες
2705 3538 2812 3600 ἤδη
2850 3538 2919 3593 δι’
2952 3543 3071 3613 ὅπερ
3125 3537 3364 3605 ἀνῆλθον,
3392 3536 3458 3597 εἰς
3487 3541 3581 3594 τὴν

1984 3634 2224 3703 Ναζαρέτ
2244 3636 2524 3704 κατῄεσαν.
2558 3631 2632 3683 Οὐ
2658 3636 2830 3683 τοίνυν
2854 3628 3119 3700 ἀντιλογία
3140 3630 3284 3701 παρὰ
3303 3634 3407 3687 τοῖς
3432 3626 3581 3697 εὐαγε-

1983 3719 2268 3791 γελισταῖς,
2303 3719 2430 3771 ἀλλά
2456 3716 2706 3794 διάφορος
2734 3718 3028 3790 ἀπαγγελία
3051 3735 3063 3747 ⁸
3085 3716 3203 3769 ἀλλο
3236 3712 3295 3769 δε
3326 3714 3437 3768 ἐστι
3465 3711 3582 3767 δια-

1985 3814 2152 3882 φόρως
2177 3810 2354 3875 εἰπεῖν,
2385 3814 2473 3862 καὶ
2503 3809 2624 3861 ἄλλο
2651 3808 2913 3869 ἐναντίως.

2056 3898 2138 3968 (9)
2168 3904 2270 3950 Τοῦ
2297 3904 2697 3970 Μεταφραστοῦ.
2746 3896 2881 3969 Ὀρα
2913 3893 2972 3949 δέ
3017 3914 3107 3967 μοι
3150 3899 3238 3946 καὶ
3276 3900 3367 3946 τοῦ
3421 3891 3582 3962 εὐαγ-

1983 3985 2227 4057 γελιστοῦ
2261 3992 2351 4045 τὴν
2377 3985 2641 4062 ἀκρίϐειαν
2675 3992 2689 4017 ‘
2715 3992 2806 4045 τὴν
2832 3989 2920 4058 μεν
2948 3988 3049 4060 γὰρ
3083 3988 3284 4056 μητέρα
3313 3980 3466 4043 εἶπεν,
3494 3980 3583 4032 άτε

1988 4072 2055 4134 δὴ
2089 4082 2176 4128 xui
2204 4075 2408 4138 ἀληθῶς
2436 4073 2617 4145 οὖσαν,
2651 4076 2739 4129 ἀπ’
2772 4076 2932 4136 αὐτῆς
2960 4074 3177 4134 καλέσας
3209 4081 3297 4133 τῆς
3326 4075 3576 4143 σχέσεως

1986 4169 2071 4217 τὸν
2104 4163 2163 4218 δὲ
2194 4164 2293 4217 ἀπὸ
2324 4166 2479 4236 ψιλοῦ
2509 4174 2597 4218 τοῦ
2643 4166 2913 4237 ὀνόματος,
2964 4167 3027 4226 ὡς
3078 4167 3274 4235 πατέρα
3324 4157 3582 4214 δοκοῦντα

1986 4258 2095 4326 μὲν,
2124 4259 2193 4326 μὴ
2216 4259 2337 4307 ὅντα
2362 4252 2421 4308 δε
2453 4259 2576 4329 πρὸς
2607 4255 2869 4312 ἀλήθειαν.

2058 4344 2172 4415 (10)
2225 4351 2326 4396 Τοϋ
2384 4351 2782 4416 Μεταφραστοῦ.
2869 4350 2984 4404 Πῶς
3056 4361 3141 4394 σοι
3194 4348 3264 4411 τῷ
3327 4338 3580 4413 φιλολόγῳ

1987 4431 2209 4505 ἀκροατῇ
2256 4441 2422 4485 ταῦτα
2471 4433 2796 4505 ληφθήσεται
2832 4450 2846 4499 ;
2880 4438 2968 4484 καὶ
3014 4436 3064 4485 τί
3127 4450 3248 4483 ποτε
3325 4431 3427 4504 ἄρα
3477 4432 3571 4485 τὴν

1982 4523 2241 4596 ῥομφαίαν
2302 4525 2492 4579 ταύτην
2570 4522 2945 4592 ὑποληπτέον;
3004 4523 3034 4580 ἡ
3090 4526 3184 4578 τὴν
3243 4517 3575 4591 ἀμφιϐολίαν,

1984 4616 2070 4663 τον
2115 4608 2525 4683 σκανδαλισμόν,
2562 4616 2620 4663 τὸ
2651 4617 3001 4686 πειρατήριον,
3048 4610 3175 4681 άπερ
3216 4606 3263 4660 ἐν
3303 4616 3374 4677 τῷ
3413 4612 3579 4677 καιρῷ

1983 4708 2073 4751 τοῦ
2103 4708 2351 4774 σταυροῦ,
2402 4705 2495 4758 τὴν
2528 4709 2618 4763 τῆς
2648 4703 2799 4772 άγίας
2842 4703 3100 4771 Παρθένου
3135 4695 3315 4757 διῆλθε
3344 4698 3530 4767 ψυχήν
3562 4709 3577 4759 ;

1986 4794 2085 4841 Καὶ
2144 4796 2237 4840 σοῦ
2296 4785 2381 4841 οὖν
2426 4790 2609 4853 αὐτῆς,
2678 4791 2720 4842 εἰ
2769 4794 2859 4841 καὶ
2903 4789 3066 4849 καλῶς
3120 4790 3185 4840 τά
3232 4793 3322 4838 τοῦ
3385 4787 3577 4854 Κυρίου

1982 4878 2171 4930 ἄνωθεν
2202 4874 2517 4949 ἐδιδάχθης,
2551 4878 2739 4949 ἅψεταί
2771 4898 2845 4938 τις
2885 4878 3063 4943 σάλος,
3109 4882 3196 4929 xui
3231 4874 3578 4947 διακρίνουσα

1981 4966 2097 5018 καθ’
2126 4966 2311 5025 ἑαυτὴν
2339 4970 2429 5039 ἔσῃ
2474 4986 2484 4997 ο
2529 4968 2658 5028 εἰκὸς
2704 4964 2761 5020 δι
2804 4973 2892 5019 xui
2936 4973 3028 5026 τὴν
3070 4966 3236 5025 λύπην
3278 4962 3581 5026 αἰνίξασθαι

1982 5053 2076 5108 διὰ
2104 5064 2195 5117 τῆς
2224 5058 2487 5131 ῥομφαίας
2520 5078 2531 5090 ο
2581 5060 2611 5115 ἦ
2658 5076 2714 5128 γε
2743 5060 2877 5109 κατὰ
2927 5060 3014 5109 τὸν
3045 5060 3226 5131 καιρὸν
3257 5063 3348 5107 τοῦ
3378 5055 3580 5114 πάθους

1983 5150 2234 5216 συνέσχεν
2292 5148 2471 5215 αὐτὴν,
2519 5145 2808 5217 ἀγνοοῦσαν
2878 5149 2945 5208 ὡς
2998 5151 3086 5199 καὶ
3144 5146 3304 5198 αὐτοῦ
3356 5145 3577 5197 θανάτου

1980 5237 2128 5287 ἔσται
2170 5241 2506 5309 περικρατης.
2558 5236 2699 5288 Ἐπεὶ
2749 5241 2835 5287 καὶ
2881 5244 3029 5287 τοῦτο
3084 5232 3276 5293 δηλοῦν
3335 5232 3580 5305 βούλεται

1980 5328 2060 5393 τὸ,
2116 5323 2293 5387 Ὀπως
2364 5323 2423 5375 ἆν
2479 5324 2911 5396 ἀποκαλυφθῶσιν
2971 5326 3026 5377 ἐκ
3088 5324 3284 5377 πολλῶν
3346 5319 3579 5394 καρδιῶν

1982 5409 2319 5485 διαλογισμοί
2363 5434 2373 5445 ·
2409 5415 2487 5466 ὅτι
2532 5417 2661 5485 μετα
2690 5417 2755 5465 τά
2787 5411 3057 5466 σκάνδαλα
3088 5409 3297 5471 δηλαδὴ
3332 5421 3516 5477 ταῦτα,
3546 5412 3581 5464 ἃ

1981 5508 2073 5563 την
2128 5500 2351 5578 καρδίαν
2431 5512 2530 5555 τῶν
2593 5504 2838 5575 μαθητῶν
2910 5500 3135 5556 διέσεισε
3194 5507 3285 5554 xui
3349 5507 3576 5574 Μαρίας,

1982 5592 2163 5666 βραχὺ
2209 5596 2266 5645 τὸ
2320 5591 2367 5644 ἔν
2420 5597 2581 5665 μέσῳ,
2616 5597 2705 5645 καὶ
2756 5599 2949 5666 ταχεῖα
3003 5598 3083 5655 τίς
3131 5590 3389 5665 ἐπέλαμψε
3438 5594 3581 5663 παρά
