4034 6206
447 262 554 315 543

1813 264 2075 323 MENSIS
2113 264 2512 326 AUGUSTUS.

3795 276 3897 327 544

451 400 593 443 nam
622 402 762 459 ergo
792 389 1133 447 existimare
1158 399 1385 465 oportet
1422 395 1583 452 hunc
1625 412 1753 451 esse
1785 392 2047 463 gladium
2075 391 2103 446 ‘l
2133 390 2180 445 Α
2219 394 2418 451 statim
2472 399 2680 452 testem
2756 395 3138 452 adduxerunt
3201 396 3614 469 prophetam,
3674 398 3774 471 qui
3846 406 3899 454 et

448 477 602 531 Num
621 477 1070 545 dubitationem,
1090 484 1514 550 ostensionem,
1534 485 1941 549 tentationem,
1965 496 2101 553 quae

450 564 509 618 in
568 572 833 637 tempore
887 570 1079 625 crucis
1149 575 1334 641 tuam,
1394 590 1429 629 ο
1487 572 2105 645 \'irgo,pervaserunt

450 652 711 708 animam
741 655 871 711 71‘s
896 671 1038 729 ergo
1089 658 1286 730 ipsam
1340 678 1582 735 quoque
1631 661 1862 717 etiamsi
1924 659 2103 714 desu-

449 756 547 811 per
572 742 805 798 Domini
837 745 1081 815 pulchre
1112 765 1205 803 res
1237 751 1513 815 didicisti,
1550 755 1795 822 attinget
1828 747 2044 821 aliquid
2074 747 2103 803 ‘l

451 829 909 889 Convenientius
965 841 1052 891 est
1126 844 1347 904 autem,
1438 841 1606 913 quod
1669 840 1937 895 dolorem
2016 838 2101 908 ip-

451 934 584 973 sum
663 920 843 989 gladii
895 938 1137 980 nomine
1193 927 1632 997 signiﬁcaverit,
1694 928 1799 1001 qui
1855 926 2100 999 quidem

450 1010 713 1080 tempore
766 1012 1061 1068 Passionis
1136 1032 1268 1071 eam
1322 1018 1553 1073 invasit.
1638 1017 1786 1072 Nam
1836 1016 1894 1072 id
1938 1016 2099 1088 quod

450 1098 704 1154 dicitur:
744 1102 815 1157 Ut
846 1105 1186 1161 revelentur
1224 1122 1299 1164 ex
1345 1109 1549 1164 multis
1600 1107 1877 1164 cordibus
1943 1107 2103 1175 cogi-

452 1188 717 1253 tationes,
749 1190 823 1245 ad
848 1192 1166 1264 discipulos
1199 1198 1410 1265 magis,
1452 1213 1637 1269 quam
1688 1197 1764 1251 ad
1797 1212 1930 1251 eam
1972 1210 2100 1266 per-

450 1276 635 1332 tinere
679 1278 955 1335 videtur:
1004 1298 1222 1356 nempe
1270 1285 1436 1357 quod
1490 1292 1623 1356 post
1654 1285 2007 1341 tentationes
2045 1288 2101 1338 et

450 1364 878 1431 dubitationes,
914 1386 1050 1442 quae
1091 1389 1190 1428 cor
1243 1391 1446 1429 eorum
1473 1378 1923 1437 concusserunt,
1979 1387 2099 1427 non

452 1455 707 1511 multum
763 1461 1045 1530 temporis
1089 1462 1432 1529 intercessit,
1493 1470 1547 1519 et
1602 1463 1769 1519 velox
1818 1463 2100 1535 quaedam

452 1544 644 1601 illuxit
695 1563 731 1602 a
784 1549 903 1604 Deo
956 1556 1203 1618 curatio,
1255 1570 1458 1609 eorum
1543 1556 1777 1610 animos
1866 1552 2101 1623 replens

452 1636 955 1708 tranquillitate,et
983 1642 1057 1696 ad
1083 1641 1258 1697 ﬁdem
1283 1661 1457 1699 suam
1486 1644 1851 1699 conﬁrmans
1874 1642 2099 1712 magni-

451 1724 651 1778 tudine
689 1731 1148 1785 resurrectionis.

525 1813 632 1867 XV.
673 1816 783 1869 Sed
836 1816 893 1870 id
957 1819 1119 1889 quod
1177 1820 1372 1891 cmpit,
1435 1824 1830 1891 persequatur
1886 1820 2098 1883 oratio,

450 1905 505 1954 et
530 1917 737 1957 rursus
768 1906 1021 1977 accipiat
1058 1925 1126 1964 ea
1166 1927 1301 1981 quae
1332 1910 1717 1981 praetermisit.
1751 1909 1890 1965 Cum
1918 1909 2098 1975 enini,

452 1988 660 2061 inquit,
686 2001 863 2049 natus
884 1999 1204 2054 essetJesus
1217 2001 1278 2053 in
1295 2000 1585 2056 Bethleem
1607 1999 1798 2063 Judae,
1817 1999 1881 2054 in
1898 1998 2101 2055 diebus

449 2079 704 2136 Herodis
726 2083 872 2153 regis
895 2086 979 2138 ’5'.
1014 2086 1179 2142 Vides
1207 2088 1234 2141 ‘t
1294 2092 1357 2143 Et
1424 2095 1658 2160 tempus
1718 2089 1885 2143 nobis
1923 2103 2104 2143 evan-

452 2168 678 2235 gelista,
714 2174 770 2224 et
788 2170 1009 2239 locum,
1042 2180 1100 2230 et
1130 2178 1543 2232 auctoritatem
1601 2177 1870 2232 similiter
1924 2177 2104 2246 signi-

450 2254 592 2310 ﬁcat
650 2274 662 2310 :
703 2261 1116 2319 auctoritatem
1164 2266 1430 2337 quidem,
1493 2271 1553 2321 ut
1586 2282 1723 2322 eum
1791 2266 1868 2321 ab
1919 2266 2103 2321 altero

452 2345 677 2401 Herode
728 2347 1025 2406 discernat
1086 2368 1155 2409 ac
1227 2355 1570 2425 distinguat,
1647 2356 1748 2428 qui
1809 2356 2101 2411 Joannem

449 2433 817 2491 interfecerat
844 2440 891 2473 ²⁶
916 2455 928 2504 ;
958 2439 1052 2495 ille
1071 2442 1232 2498 enim
1262 2450 1386 2499 erat
1430 2444 1744 2509 tetrarcha,
1775 2444 1872 2500 hic
1902 2451 2103 2500 autem

450 2535 589 2590 rex;
642 2523 839 2580 locum
894 2544 1034 2584 vero
1081 2537 1137 2585 et
1216 2536 1467 2604 tempus,
1524 2549 1634 2588 nos
1694 2534 2101 2589 transmittens

448 2609 524 2664 ad
557 2613 918 2684 prophetias.
945 2619 1203 2683 Quarum
1268 2622 1514 2677 alteram
1560 2622 1805 2695 quidem
1838 2622 2105 2693 praedixit

448 2698 724 2756 Michaeas
758 2704 877 2759 :Et
942 2713 1005 2761 tu
1062 2708 1374 2776 Bethleem,
1434 2710 1660 2777 dicens,
1728 2718 1891 2767 terra
1931 2712 2101 2777 Iuda,

449 2805 817 2863 nequaquam
857 2810 914 2852 es
953 2797 1198 2855 minima
1256 2801 1317 2855 in
1382 2801 1754 2869 principibus
1817 2801 1976 2857 Iuda
2034 2802 2101 2864 ³⁷,

449 2879 704 2936 Alteram
740 2899 879 2938 vero
908 2886 1093 2941 Jacob
1125 2890 1461 2959 patriarcha
1486 2907 1498 2944 :
1523 2891 1651 2945 Non
1673 2890 1894 2957 deﬁciet
1924 2890 2103 2953 enim,

449 2967 661 3039 inquit,
721 2972 997 3041 princeps
1037 2991 1112 3031 ea:
1160 2976 1332 3042 Iuda,
1404 2985 1457 3034 et
1515 2980 1639 3034 dux
1676 2980 1747 3035 de
1780 2980 2105 3046 femoribus

447 3059 573 3125 ejus
596 3060 662 3113 ³⁸.
698 3061 1013 3123 Quomodo
1051 3074 1249 3120 autem
1282 3067 1465 3134 Magis
1498 3068 1655 3122 venit
1694 3069 1750 3122 in
1820 3075 2102 3132 mentem,
2143 3095 2184 3152 ρ

450 3149 760 3203 uttantum
802 3150 909 3205 iter
947 3152 1323 3219 conficerent,
1400 3160 1457 3210 et
1512 3155 1778 3211 venirent
1828 3156 1905 3211 ad
1962 3156 2103 3211 ado-

445 3234 703 3290 randum
760 3237 1068 3305 infantem,
1136 3243 1237 3315 qui
1292 3248 1417 3299 erat
1485 3244 1683 3299 adhuc
1736 3245 1791 3299 in
1855 3244 2101 3310 fasciis;

448 3323 630 3395 idque
683 3341 821 3381 cum
861 3334 1014 3384 esset
1063 3331 1192 3401 ejus
1246 3337 1434 3389 mater
1492 3349 1717 3405 pauper
1775 3340 1829 3389 et
1886 3333 2104 3389 nullius

448 3412 728 3479 nominis,
775 3421 831 3472 et
885 3433 1021 3490 qure
1102 3420 1248 3476 nihil
1344 3420 1607 3478 habebat
1663 3428 1876 3495 praeter
1906 3423 2104 3480 solum

450 3501 753 3571 tugurium
783 3505 811 3560 ‘l
838 3508 1140 3581 Numquid
1168 3509 1417 3582 planum
1480 3516 1589 3578 est,
1652 3514 1837 3567 Deum
1895 3527 2103 3568 eorum

447 3589 685 3647 animos
718 3594 793 3649 ad
817 3594 933 3651 hoc
965 3598 1223 3654 movisse
1245 3598 1274 3654 ‘P
1297 3599 1441 3656 Vide
1466 3601 1625 3656 enim
1638 3617 1844 3657 eorum
1863 3617 2105 3674 quoque

447 3679 671 3736 claram
703 3681 880 3739 fuisse
920 3686 1213 3757 virtutem,
1246 3705 1367 3744 non
1401 3689 1597 3746 solum
1630 3706 1699 3746 eo
1729 3690 1895 3762 quod
1930 3706 2103 3746 vene-

447 3768 580 3833 rint,
611 3771 717 3826 sed
755 3775 929 3830 etiam
958 3776 1124 3847 quod
1157 3778 1438 3835 audacter
1467 3779 1723 3836 etlibere
1761 3780 2102 3853 loquantur.

448 3860 527 3913 Ne
554 3858 714 3916 enim
771 3863 1246 3921 existimarentur
1298 3867 1477 3923 fuisse
1531 3868 1841 3940 suppositi,
1882 3873 1937 3924 et
1993 3869 2106 3924 vise

446 3947 662 4005 ducem
701 3954 1069 4010 ostendunt:
1112 3957 1368 4013 Vidimus
1397 3958 1579 4025 enim,
1648 3959 1932 4025 dicentes,
1980 3961 2106 4029 ejus

446 4039 678 4094 stellam
703 4059 720 4110 ;
749 4046 806 4096 et
826 4043 936 4098 viae
954 4044 1423 4113 magnitudinem
1449 4064 1462 4101 :
1492 4049 1555 4103 in
1575 4048 1829 4116 Oriente,
1864 4048 2104 4106 scilicet.

448 4125 669 4183 Deinde
701 4128 872 4184 etiam
899 4131 1133 4189 addunt
1170 4133 1464 4204 insignem
1503 4136 1802 4201 ﬁduciam,
1859 4154 1995 4193 cum
2019 4137 2106 4192 di-

448 4220 631 4277 cunt:
700 4219 775 4273 Et
840 4221 1103 4277 venimus
1159 4224 1237 4279 ad
1290 4240 1417 4280 eum
1477 4225 1872 4281 adorandum.
1911 4229 2109 4297 Neque

450 4304 555 4362 ira-
586 4307 809 4378 populi,
854 4325 1048 4383 neque
1079 4312 1233 4383 regis
1275 4314 1609 4385 tyrannidis
1641 4314 1825 4369 ullam
1880 4315 2109 4371 ducunt

451 4396 762 4451 rationem.
785 4399 924 4463 Quae
943 4416 1079 4454 cum
1103 4402 1393 4457 audiisset
1416 4402 1695 4468 Herodes,
1721 4405 2111 4460 conturbatus

450 4491 551 4548 est,
582 4485 789 4556 inquit.
824 4486 900 4542 De
932 4489 1186 4561 imperio
1225 4491 1381 4545 enim
1425 4508 1563 4548 eum
1597 4498 1787 4548 metus
1844 4498 2107 4564 ceperat.

454 4575 519 4629 Et
570 4573 706 4630 ideo
769 4576 845 4632 ad
888 4594 951 4633 se
997 4595 1241 4652 quoque
1314 4588 1642 4654 congregat
1693 4582 2006 4655 pontiﬁces
2049 4575 2111 4638 et

454 4663 683 4720 scribas
708 4666 932 4737 populi,
966 4672 1019 4723 et
1068 4684 1168 4725 eos
1220 4670 1532 4742 diligenter
1589 4673 1927 4743 interrogat,
1987 4671 2110 4727 ubi-

452 4766 595 4808 nam
622 4753 886 4811 Christus
926 4763 1283 4815 nasceretur.

522 4841 655 4899 XVI.
683 4844 1007 4902 Considera
1038 4854 1237 4904 autem
1278 4849 1687 4906 admirabilem
1729 4866 1926 4906 rerum
1996 4849 2117 4905 dis-

451 4933 887 5005 pensationem,
921 4942 976 4991 et
995 4939 1514 5009 quemadmodum
1542 4940 1759 4996 veritas
1778 4941 1955 4995 etiam
1977 4956 2116 4994 suo-

451 5037 585 5077 rum
617 5023 994 5080 inimicorum
1040 5027 1217 5082 utitur
1245 5028 1486 5085 auxilio.
1530 5032 1675 5085 Cum
1721 5029 1883 5084 enim
1940 5028 2111 5083 inter-

451 5118 805 5180 rogarentur
827 5114 1035 5180 Judaei,
1070 5115 1313 5171 ubinam
1348 5118 1612 5173 Christus
1648 5122 2007 5182 nasceretur,
2050 5116 2110 5181 ii,

455 5199 522 5254 In
550 5202 854 5260 Bethleem
884 5204 1076 5270 Judae,
1109 5211 1170 5260 ut
1201 5222 1293 5260 res
1314 5222 1375 5261 se
1404 5206 1683 5273 habebat,
1716 5206 2024 5262 dixerunt:
2057 5210 2114 5261 et

525 5326 596 5360 π’
629 5328 827 5385 Matth.
853 5346 911 5394 ιι,
938 5337 982 5386 t.
1084 5334 1132 5367 "
1163 5330 1363 5386 Matth.
1392 5348 1513 5397 xxv,
1538 5346 1705 5404 εθίίίῖ·

1810 5332 1853 5365 ³⁷
1889 5329 2059 5385 Mich.
2094 5346 2151 5393 v,
2194 5332 2246 5382 2.

2216 482 2514 541 Bethleem
2571 486 2937 555 magnifacit,
2984 491 3040 540 et
3078 501 3148 541 ex
3197 503 3264 542 ea
3294 486 3539 543 ducem
3574 488 3897 554 exiturum,

2214 577 2270 627 et
2300 574 2592 645 populum
2633 574 3019 630 lsraeliticum
3052 574 3131 629 ab
3183 591 3253 630 eo
3311 591 3457 631 esse
3522 576 3897 647 pascendum

2214 661 2497 730 praedicit.
2554 663 2645 719 Sic
2686 663 2722 718 ii
2754 665 2855 735 qui
2887 668 3057 719 erant
3095 679 3299 719 revera
3350 664 3622 733 inimici,
3657 681 3899 720 necesse

2212 749 2519 806 habebant
2548 752 2635 807 vel
2661 754 2825 807 inviti
2875 752 3103 824 aperire
3156 754 3584 825 prophetiam,
3641 754 3748 811 etsi
3785 770 3898 811 non

2210 854 2474 895 omnem.
2505 842 2677 907 Quod
2698 846 2857 897 enim
2888 842 3167 914 deinceps
3182 845 3479 914 sequitur,
3511 846 3895 910 reticuerunt,

2210 930 2376 1000 quod
2406 935 2493 986 est
2521 949 2533 985 :
2561 932 2845 1001 Egressus
2871 935 2997 1002 ejus
3018 933 3093 988 ab
3112 933 3304 999 initio,
3338 949 3379 988 a
3428 933 3651 990 diebus
3672 934 3897 991 aeterni-

2212 1022 2369 1073 tatis.
2404 1018 2520 1076 Cur
2550 1021 2632 1076 sic
2686 1021 2950 1077 fecerunt
2994 1022 3023 1077 Ἰ
3076 1022 3246 1088 Quod
3300 1022 3438 1093 regi
3516 1023 3897 1094 loquerentur

2212 1107 2292 1162 ad
2355 1110 2637 1178 gratiam.
2688 1108 2785 1166 Ille
2846 1116 3045 1166 autem
3101 1111 3244 1183 quid
3292 1110 3445 1167 facit
3476 1114 3506 1166 ε)
3550 1111 3894 1169 Clanculum

2213 1202 2385 1252 vocat
2424 1198 2645 1268 Magos,
2688 1199 2999 1268 diligenter
3050 1205 3473 1271 perscrutatur
3507 1200 3730 1255 stultus
3756 1206 3894 1256 tem-

2212 1302 2323 1356 pus
2372 1287 2573 1358 stellae,
2626 1305 2761 1361 quae
2824 1290 3102 1360 apparuit
3149 1291 3255 1355 eis,
3331 1290 3476 1360 jam
3541 1290 3895 1362 aggrediens

2211 1374 2285 1429 de
2351 1376 2549 1432 medio
2602 1377 2803 1432 tollere
2870 1377 2930 1432 id
2981 1394 3098 1449 quo
3164 1385 3381 1433 natum
3449 1378 3672 1435 fuerat.
3732 1379 3893 1445 Quod

2211 1455 2457 1526 quidem
2478 1473 2599 1512 non
2641 1457 2837 1513 solum
2871 1464 2994 1514 erat
3041 1459 3343 1525 amentiae,
3405 1459 3519 1513 sed
3583 1458 3769 1514 etiam
3815 1459 3894 1513 in-

2212 1545 2410 1599 sanias.
2447 1546 2627 1616 Cujus
2656 1546 2819 1601 modi
2851 1547 3011 1601 enim
3041 1552 3209 1602 erant
3248 1563 3321 1603 ea
3362 1563 3513 1619 qua:
3586 1547 3742 1602 clam
3786 1550 3891 1601 Ma-

2212 1633 2303 1701 gis
2330 1633 2556 1689 vocatis
2597 1634 2905 1706 loquitur?
2934 1636 3037 1701 Ite,
3073 1642 3126 1691 et
3157 1636 3491 1706 diligenter
3504 1636 3799 1707 inquirite
3830 1636 3891 1690 de

2138 1743 2181 1797 Β
2209 1738 2393 1791 puero
2445 1730 2795 1794 :poslquam
2862 1730 3056 1780 autem
3116 1725 3492 1792 inveneritis,
3564 1726 3888 1781 renuntiate

2211 1811 2379 1876 mihi,
2410 1817 2473 1865 ut
2506 1827 2603 1881 ego
2623 1828 2850 1883 quoque
2868 1814 3121 1876 veniens,
3150 1828 3280 1869 eum
3329 1815 3612 1870 adorem.
3646 1814 3887 1868 Evidens

2213 1906 2267 1954 et
2294 1908 2501 1971 aperta
2560 1901 2813 1957 insania.
2883 1903 2939 1958 Si
3029 1903 3185 1957 enim
3245 1919 3391 1959 vera
3463 1903 3715 1976 quidem
3763 1907 3887 1957 sunt

2214 1989 2417 2053 verba,
2486 1996 2542 2045 et
2598 2006 2718 2046 non
2776 1991 3085 2057 insidiosa,
3145 2008 3251 2046 cur
3313 2009 3463 2047 cum
3523 1993 3610 2047 eis
3656 1993 3887 2047 latenter

2212 2079 2593 2148 congrederis
2650 2080 2679 2136 7
2729 2080 2828 2137 Sin
2888 2086 3087 2135 autem
3142 2080 3230 2135 vis
3288 2081 3529 2153 aliquid
3588 2080 3881 2136 sinistrum

2211 2166 2402 2223 celare
2429 2174 2484 2223 et
2507 2167 2797 2235 dolosum,
2831 2170 3140 2242 quomodo
3169 2186 3243 2225 ne
3301 2170 3428 2226 hoc
3482 2170 3731 2243 quidem
3791 2185 3883 2241 po-

2215 2255 2370 2311 tuisti
2415 2257 2769 2328 perspicere,
2803 2258 2969 2330 quod
3009 2258 3091 2314 sic
3129 2274 3165 2314 a
3194 2261 3382 2329 Magis
3424 2258 3880 2332 deprehenderis

2216 2345 2474 2415 maligne
2505 2352 2561 2401 et
2599 2347 2877 2403 scelerate
2906 2363 3127 2419 gerere,
3162 2349 3331 2420 quod
3361 2364 3610 2421 qmeras
3662 2348 3831 2403 latere
3856 2346 3879 2398 ?

2216 2435 2357 2489 Hinc
2386 2451 2523 2489 cum
2582 2435 2748 2491 stella
2806 2438 2889 2491 eis
2936 2452 3145 2492 rursus
3184 2436 3597 2508 apparuisset,
3661 2436 3743 2492 eis
3766 2435 3877 2491 dux

2213 2522 2485 2591 efﬁcitur,
2550 2525 2699 2581 sicut
2771 2524 2844 2581 ab
2894 2525 3077 2581 initio.
3147 2526 3469 2583 Absconsa
3527 2527 3687 2582 enim
3743 2531 3872 2589 erat,

2216 2618 2537 2684 postquam
2562 2620 2919 2685 apparuerat
2966 2615 3045 2669 ad
3111 2614 3438 2681 Orientem,
3504 2621 3571 2671 ut
3625 2630 3752 2671 cum
3798 2612 3872 2669 illi

2213 2700 2431 2758 ducem
2463 2702 2884 2773 perdidissent,
2940 2705 3273 2760 necessario
3326 2704 3584 2760 Judaaos
3648 2704 3874 2758 interro-

2216 2795 2440 2858 garent,
2495 2795 2551 2846 et
2594 2791 2677 2846 sic
2729 2807 2824 2847 res
2878 2793 3158 2849 evaderet
3211 2793 3543 2869 manifesta
3591 2791 3868 2848 omnibus.

2214 2878 2529 2951 Postquam
2560 2896 2702 2935 vero
2730 2880 2820 2935 vel
2846 2881 3008 2952 ipsos
3061 2881 3336 2937 inimicos
3374 2882 3644 2939 habuere
3696 2878 3870 2948 magi-

2215 2974 2385 3033 stros,
2414 2969 2499 3023 eis
2530 2986 2736 3025 rursus
2767 2976 3035 3041 apparet.

2286 3058 2445 3113 XVII.
2472 3058 2618 3114 Vide
2645 3065 2867 3124 autem,
2894 3077 2928 3115 a
2945 3076 3129 3131 quam
3153 3060 3363 3116 multis
3383 3061 3452 3116 ﬁt
3473 3061 3603 3132 ejus
3619 3059 3697 3114 rei
3711 3057 3861 3113 ﬁdes.

2215 3150 2359 3203 Nam
2395 3163 2553 3203 nunc
2573 3147 2818 3218 quidem
2843 3148 3030 3214 stella,
3050 3165 3211 3203 nunc
3235 3148 3862 3221 populusJudaaorum,

2214 3235 2429 3291 deinde
2456 3237 2630 3291 etiam
2662 3236 2913 3307 insidiae,
2970 3244 3025 3293 et
3076 3244 3380 3309 praeterea,
3414 3238 3718 3311 prophetia
3768 3232 3863 3288 do-

2215 3329 2348 3380 cent
2377 3325 2436 3380 id
2483 3325 2650 3397 quod
2696 3326 3089 3397 quaerebatur.
3117 3327 3341 3384 Deinde
3365 3344 3508 3385 cum
3547 3342 3649 3382 eos
3676 3337 3861 3380 rursus

2215 3413 2381 3469 stella
2407 3414 2730 3484 accepisset
2756 3430 2828 3470 ex
2855 3415 3295 3488 Hierosolymis,
3353 3421 3681 3489 postquam
3736 3423 3858 3466 cum

2213 3516 2352 3571 rege
2381 3501 2655 3557 collocuti
2702 3509 2918 3569 essent,
2966 3504 3202 3560 deducit
3254 3505 3315 3559 in
3379 3504 3701 3567 Bethleem,
3751 3511 3859 3554 non

2214 3589 2556 3662 simpliciter
2598 3591 2847 3658 vadens,
2908 3593 3016 3648 sed
3068 3608 3166 3648 eos
3214 3592 3484 3659 trahens,
3544 3596 3601 3647 et
3654 3590 3859 3645 ducens

2216 3679 2462 3736 meridie
2493 3697 2505 3734 :
2541 3686 2605 3736 ut
2634 3680 2719 3737 vel
2749 3698 2821 3738 ex
2846 3697 2917 3739 eo
2944 3687 3153 3738 notum
3180 3688 3341 3740 esset
3381 3681 3683 3745 omnibus,
3739 3688 3857 3732 eam

2214 3786 2335 3827 non
2366 3786 2497 3827 esse
2541 3770 2775 3826 stellam
2806 3787 2991 3827 unam
3046 3787 3076 3827 e
3132 3771 3355 3843 multis,
3409 3786 3604 3843 neque
3630 3764 3854 3824 omnino

2216 3859 2424 3916 similis
2479 3876 2616 3916 cum
2657 3860 2789 3915 aliis
2841 3860 3086 3917 ordinis.
3147 3861 3283 3917 Ideo
3342 3862 3502 3918 enim
3549 3857 3765 3914 vadens
3798 3865 3856 3905 ex

2214 3948 2564 4015 Jerusalem,
2593 3965 2715 4005 non
2744 3950 2910 4022 prius
2972 3949 3259 4016 consistit,
3315 3952 3510 4007 donec
3578 3946 3654 4003 ad
3680 3946 3853 4016 ipsum

2217 4040 2441 4094 venerit
2494 4054 2778 4111 praesepe.
2840 4040 3163 4111 Postquam
3217 4045 3423 4096 autem
3514 4036 3664 4093 stetit
3693 4042 3855 4101 supra

2218 4144 2493 4200 puerum,
2520 4128 2718 4183 statim
2749 4128 3032 4185 constitit.
3064 4130 3128 4184 Et
3157 4133 3473 4199 propterea
3502 4123 3662 4199 quod
3712 4130 3853 4174 nunc

2218 4217 2463 4289 quidem
2515 4216 2997 4281 absconderetur,
3048 4233 3209 4273 nunc
3231 4225 3435 4274 autem
3466 4212 3785 4288 appareret,
3806 4206 3855 4257 et

2219 4305 2437 4362 deinde
2459 4321 2597 4361 cum
2623 4306 3016 4377 apparuisset,
3049 4321 3253 4361 rursus
3276 4312 3477 4367 staret,
3520 4294 3853 4360 ostendebat

2220 4412 2281 4451 se
2328 4412 2457 4451 esse
2509 4396 2753 4466 majoris
2805 4395 3053 4460 virtutis,
3107 4412 3293 4467 quam
3348 4411 3485 4469 quas
3537 4394 3590 4448 in
3642 4384 3847 4443 stellam

2221 4485 2478 4553 caderet,
2508 4491 2563 4540 et
2588 4486 2671 4541 eis
2723 4484 2977 4541 faciebat
3030 4486 3437 4541 accessionem
3496 4480 3649 4568 ﬁdei.
3706 4474 3850 4568 Certe

2223 4579 2402 4646 longe
2428 4575 2684 4631 maxima
2714 4573 3045 4629 afﬁcientur
3069 4572 3292 4638 laetitia,
3339 4570 3503 4646 quod
3525 4575 3580 4626 et
3623 4566 3849 4621 invenis-

2225 4665 2434 4723 sentid
2464 4663 2630 4736 quod
2649 4663 3048 4735 quaerebatur,
3091 4667 3147 4717 et
3172 4662 3281 4719 iter
3317 4676 3441 4720 non
3472 4659 3678 4715 frustra
3730 4659 3849 4736 con:

2223 4729 2518 4819 fecissent,
2572 4752 2623 4807 ei
2668 4729 2837 4824 quod
2881 4751 3035 4807 fetus
3092 4754 3249 4807 esset
3294 4750 3551 4811 divinus,
3605 4745 3659 4799 et
3708 4729 3846 4824 (ιιιοᾷ

2223 4844 2477 4900 fuissent
2496 4821 2997 4898 nuntii'veritatis.
3023 4841 3164 4907 Quin
3195 4840 3439 4913 quidem
3492 4830 3684 4891 omnia
3731 4821 3848 4878 sunt

2224 4934 2380 4989 illius
2410 4931 2778 4989 admirabilis
2809 4930 3021 5003 puellas
3051 4930 3325 4987 encomia
3376 4929 3611 5001 propter
3649 4919 3841 5009 Deum.

2224 5024 2326 5096 qui
2377 5038 2446 5078 ex
2492 5023 2620 5094 ipsa
2663 5000 2842 5075 natus
2897 5026 2983 5075 est
3036 5035 3048 5073 :
3100 5023 3157 5075 et
3194 5000 3401 5074 eorum
3469 5000 3845 5096 magnitudine

2224 5087 2409 5177 illam,
2433 5118 2493 5166 ut
2517 5087 2909 5184 praecipuam,
2942 5109 3211 5164 eximunt
3234 5123 3270 5164 a
3300 5100 3666 5184 mulieribus.
3704 5087 3844 5184 Post-

2225 5217 2409 5273 quam
2454 5177 2655 5256 au'tem
2709 5177 2947 5254 inerunt
3000 5197 3156 5253 intra
3234 5196 3503 5257 domum,
3575 5177 3839 5243 viderunt,

2351 5327 2399 5361 ³⁸
2435 5326 2580 5382 Gen.
2611 5340 2767 5387 χιιι,
2804 5327 2885 5379 10.

457 5479 590 5525 Θεοῦ
650 5473 913 5544 Θεραπεία,
962 5477 1053 5534 τὰς
1111 5473 1292 5545 ψυχὰς
1344 5474 1511 5526 αὐτῶν
1557 5474 1784 5545 γαλήνης
1827 5472 2119 5547 πληροῦσα,
2178 5476 2267 5523 καὶ
2339 5473 2467 5545 πρὸς
2524 5473 2617 5529 τὴν
2674 5468 2833 5521 αὐτοῦ
2901 5465 3192 5536 βεϐαιοῦσα
3258 5471 3435 5519 πίστιν
3490 5464 3557 5528 τῷ
3615 5442 3838 5524 μηαλειω

455 5570 550 5624 τῆς
575 5559 933 5623 ἀναστάσεως.
