4142 6196
215 296 327 352 545

1431 279 1690 340 ORATIO
1732 278 1821 332 DE
1851 274 2122 332 SANCTA
2153 279 2408 335 MARIA.

3525 294 3629 348 546

219 422 436 496 inquit.
462 420 755 486 infantem
794 434 928 475 eum
981 416 1179 472 Maria
1227 417 1419 469 matre
1447 409 1657 496 ejus".
1716 404 1869 469 Quid
1899 402 1946 456 Α
1981 403 2350 496 tentationes,
2374 411 2431 461 et
2454 407 2535 461 sis
2555 413 2793 479 paratus
2819 410 3111 468 adversus
3157 415 3426 474 insidias.
3450 418 3632 475 Jube—

219 495 427 568 autem
461 526 749 580 magnum
786 507 1083 569 viderunt,
1115 503 1275 577 quod
1330 515 1470 556 eum
1523 495 1871 559 adorarunt,

221 617 363 657 cum
394 600 601 655 omnia
628 603 828 654 essent
856 594 1172 667 ejusmodi,
1209 597 1270 646 ut
1319 588 1463 645 nihil
1495 590 1701 659 posset
1739 597 1874 637 esse

227 689 401 745 vilius
424 688 453 744 ‘i
482 688 936 761 Speluncamne,
995 696 1283 755 praesepe,
1332 677 1587 733 fascias:
1624 689 1701 728 an
1743 686 1876 726 ma-

226 787 399 845 trem,
462 793 598 849 quas
659 779 823 831 tanta
887 779 1011 829 erat
1067 766 1493 843 simplicitate?
1525 762 1676 829 Quid
1737 775 1879 849 ergo

227 885 335 924 eos
384 848 548 923 tanta
615 863 811 920 affecit
867 860 1281 924 admiratione,
1336 863 1398 911 ut
1477 869 1598 909 non
1686 848 1877 904 solum

224 959 572 1023 adorarent,
603 954 707 1010 sed
738 954 915 1008 etiam
942 951 1107 1006 dona
1129 947 1427 1009 offerrent,
1454 958 1641 1014 eaque
1673 938 1882 1009 hujus-

228 1046 416 1111 modi,
450 1060 585 1117 quas
614 1043 810 1114 ipsum
842 1056 969 1096 esse
996 1039 1181 1094 Deum
1213 1042 1269 1091 et
1298 1038 1514 1105 Regem
1578 1027 1881 1099 significa-

228 1139 363 1191 rent
418 1134 445 1189 Ἰ
514 1135 629 1188 Hoc
696 1130 855 1186 enim
928 1128 1041 1183 sibi
1091 1125 1317 1186 volunt,
1381 1135 1595 1191 nempe
1661 1120 1877 1184 Regem

224 1223 478 1296 quidem
528 1236 766 1284 aurum,
808 1218 942 1274 thus
973 1231 1109 1271 vero
1151 1217 1359 1281 Deum,
1393 1208 1639 1281 myrrha
1678 1209 1877 1301 autem

231 1294 738 1385 praesigniﬁcabat
771 1312 1043 1373 mortem,
1075 1320 1257 1376 quam
1292 1316 1399 1373 pro
1432 1315 1525 1353 me
1551 1302 1677 1352 erat
1722 1294 1880 1385 subi:

233 1380 447 1467 turns;
495 1398 790 1465 Quidnam
845 1411 986 1466 ergo
1040 1410 1139 1449 eos
1199 1390 1434 1447 movit?
1492 1386 1658 1449 illud,
1716 1380 1880 1454 quod

229 1491 415 1547 etiam
442 1488 653 1553 effecit,
683 1492 745 1542 ut
769 1487 952 1541 domo
982 1484 1392 1546 excitarentur,
1421 1483 1477 1533 et
1507 1480 1738 1531 tantum
1778 1472 1884 1525 iter

232 1579 594 1635 conﬁcerent
626 1596 639 1635 :
670 1575 840 1631 stella
865 1572 1137 1635 omnino,
1168 1576 1226 1626 et
1251 1584 1387 1641 qua:
1427 1580 1633 1621 eorum
1665 1559 1880 1617 animis

232 1670 427 1723 inerat
450 1684 487 1723 a
527 1666 646 1720 Deo
674 1661 1049 1720 iliuminatio.

1982 495 2074 545 tur
2103 497 2302 547 autem
2339 511 2643 552 assumere
2688 515 2941 569 puerum
2998 509 3051 558 et
3085 508 3337 560 matrem
3396 507 3526 579 ejus
3577 513 3633 563 et

1982 577 2185 649 fugere
2212 581 2269 635 in
2312 584 2654 656 ngyptum,
2688 604 2809 644 non
2865 591 3014 646 sicut
3062 594 3251 663 prius.
3287 577 3439 650 Nam
3492 602 3633 653 tunc

1983 668 2229 740 quidem
2256 670 2415 740 dicit,
2449 674 2701 732 Uxorem
2733 685 2895 735 luam
2923 701 2933 743 ;
2954 696 3113 737 nunc
3131 698 3270 739 vero
3289 683 3445 739 hanc
3462 692 3636 741 vocat

1986 763 2555 823 matrem,cumesset
2572 781 2851 837 egressus
2870 778 3160 840 partus,et
3184 779 3336 829 mota
3353 773 3633 845 suspicio,

1989 848 2160 917 Fuga:
2190 855 2390 905 autem
2408 862 2707 919 causa,est
2735 862 2927 912 metus
2944 858 3469 919 insidiarum.Vide
3489 877 3632 932 ergo

1988 951 2194 991 rursus
2208 954 2335 993 cum
2354 942 2578 1011 magnis
2594 950 2650 999 et
2663 946 3054 1017 suspiciendis
3076 951 3360 1022 conjungi
3374 952 3633 1018 humilia,

1988 1030 2043 1079 et
2071 1041 2208 1081 cum
2232 1027 2519 1096 jucundis
2541 1048 2766 1105 eaquae
2800 1042 2938 1091 sunt
2984 1040 3250 1094 molesta.
3284 1044 3415 1097 Post
3475 1041 3636 1097 illam

1988 1128 2093 1184 per
2123 1114 2350 1172 stellam
2395 1118 2837 1189 deductionem,
2867 1133 3003 1196 post
3052 1125 3288 1185 illorum
3350 1136 3638 1202 tanquam

1990 1203 2147 1270 Regi,
2179 1204 2272 1259 vel
2295 1206 2493 1276 potius
2520 1213 2805 1282 tanquam
2839 1214 2958 1269 Deo
2989 1216 3303 1273 exhibitam
3345 1218 3638 1275 adoratio-

1988 1306 2147 1357 nem,
2180 1300 2235 1348 et
2263 1294 2561 1353 donorum
2614 1300 3003 1370 oblationem,
3040 1305 3096 1360 in
3155 1322 3227 1361 co
3278 1307 3388 1362 fuit
3444 1316 3638 1364 metus

1991 1381 2218 1448 mortis,
2244 1384 2453 1455 etfuga
2474 1390 2724 1446 occulta.
2749 1392 2897 1448 Etde
2911 1410 3032 1464 quo
3052 1395 3212 1467 prius
3233 1398 3635 1454 renuntiatum

1993 1470 2183 1559 fuerat
2213 1474 2335 1529 fore
2357 1482 2416 1529 ut
2444 1476 2676 1535 salvum
2704 1481 2921 1537 faceret
2943 1485 3253 1555 populum,
3286 1503 3359 1543 ne
3392 1504 3456 1543 se
3515 1489 3643 1559 qui-

1992 1558 2131 1616 dem
2179 1563 2408 1619 videtur
2464 1583 2642 1637 posse
2692 1570 2925 1626 salvum
2986 1572 3196 1629 facere.
3228 1577 3369 1641 Quae
3401 1558 3643 1648 quidem

1994 1650 2302 1719 quomodo
2334 1668 2536 1708 rursus
2561 1657 2832 1713 animum
2870 1660 3118 1730 Virginis
3170 1663 3496 1719 affecerunt
3526 1667 3552 1721 ?
3581 1668 3646 1720 Et

311 1757 492 1811 XVIII.
524 1754 633 1811 Sed
664 1753 767 1826 qui
823 1755 1296 1808 consentaneum
1350 1750 1474 1801 erat
1512 1741 1715 1798 animo
1764 1754 1886 1793 ver—
1920 1762 1961 1815 Β
1996 1738 2139 1810 quid
2168 1746 2640 1801 consentaneum
2673 1754 2756 1802 est
2778 1765 2910 1804 eam
2938 1749 3162 1808 interea
3189 1754 3528 1821 cogitasse?
3553 1757 3644 1811 Sic

236 1863 372 1903 sare
399 1851 673 1908 matrem,
691 1844 815 1897 haec
837 1845 1175 1897 cernentem
1202 1837 1229 1891 ’ἶ
1256 1836 1580 1906 Cujusnam
1606 1830 1700 1885 ﬁlii
1730 1831 1890 1884 esset

237 1942 452 2000 mater,
486 1934 560 1989 ad
593 1948 773 2005 quem
804 1930 909 1985 viri
938 1934 1062 1985 tam
1090 1926 1360 1996 insignes
1385 1924 1466 1979 sic
1492 1924 1887 1984 accesserant,

238 2024 405 2081 stella
431 2023 581 2079 duce
609 2027 837 2076 utentes
872 2036 886 2074 :
919 2020 1017 2088 qui
1054 2032 1193 2073 eum
1225 2013 1563 2071 adorabant
1593 2012 1652 2066 in
1693 2006 1890 2065 fasciis

237 2122 292 2168 et
307 2114 473 2168 dona
486 2109 839 2174 offerebant,
860 2113 1148 2179 tanquam
1164 2104 1215 2160 ei
1241 2119 1305 2158 se
1318 2100 1630 2158 conciliare
1652 2096 1890 2153 studen-

236 2208 345 2269 tes,
374 2206 432 2255 et
460 2199 572 2254 sibi
603 2196 827 2269 aliquid
862 2191 1329 2265 magnumquod
1356 2191 1495 2246 hinc
1516 2193 1643 2245 erat
1663 2190 1891 2242 secutu-

241 2306 399 2353 rum,
436 2292 821 2360 procurantes
850 2285 879 2340 ‘i
909 2283 1005 2339 Vel
1035 2287 1330 2355 quantum
1349 2296 1483 2335 eam
1506 2276 1766 2350 gaudere
1788 2290 1896 2346 par

239 2385 369 2436 erat
390 2394 459 2433 ac
481 2381 773 2449 quantum
802 2373 1101 2438 illustrari,
1121 2377 1482 2443 quantaeque
1497 2366 1619 2439 spei
1642 2365 1897 2420 fructum

238 2468 370 2541 jam
404 2467 703 2539 percipere
731 2480 849 2520 non
882 2478 954 2518 ex
982 2461 1069 2516 his
1103 2460 1423 2523 solum,sed
1456 2474 1528 2512 ex
1567 2454 1676 2510 illis
1699 2453 1899 2516 etiam,

245 2574 380 2629 quas
395 2549 1233 2628 prmeesserant,admirabilia
1246 2548 1556 2619 colligente
1575 2545 1740 2599 ‘IHaac
1761 2557 1905 2613 puer

253 2646 351 2702 ille
383 2646 489 2701 dat
514 2644 564 2700 ei
596 2643 880 2715 praemia:
912 2642 997 2696 sic
1022 2639 1273 2710 opponit
1296 2635 1620 2692 humilibus
1646 2648 1716 2687 ea
1774 2645 1905 2702 quae

256 2740 406 2790 sunt
421 2734 670 2789 illustria
697 2749 710 2799 ;
736 2749 809 2787 ne
826 2731 1011 2786 solam
1026 2729 1240 2785 videns
1262 2726 1632 2796 speluncam,
1654 2728 1707 2778 et
1729 2725 1907 2790 tugu-

256 2826 439 2888 rium,
470 2829 525 2877 et
547 2837 830 2893 praesepe,
860 2825 915 2875 et
936 2818 1081 2873 viles
1110 2817 1354 2879 fascias,
1378 2830 1584 2885 parva,
1619 2818 1681 2867 ut
1706 2826 1909 2866 conse-

257 2928 455 2985 quens
476 2911 812 2974 videbatur,
834 2908 1198 2978 opinaretur,
1222 2909 1277 2959 et
1306 2901 1729 2958 distraheretur
1754 2899 1911 2969 cogi-

254 3000 586 3058 tationibus
616 3018 627 3056 ε
657 2997 759 3053 sed
794 3003 856 3052 ut
885 2996 1011 3051 haec
1044 3010 1266 3065 magna
1286 2991 1909 3059 considerans,rursus

1996 1828 2176 1882 etiam
2203 1829 2261 1883 in
2318 1833 2601 1888 omnibus
2634 1838 2850 1892 sanctis
2881 1848 3310 1911 consequenter
3359 1842 3639 1908 invenies,

1998 1931 2137 1971 cum
2151 1917 2219 1971 iis
2235 1935 2370 1989 quae
2383 1929 2518 1977 sunt
2535 1939 2606 1977 ex
2619 1924 2802 1980 animi
2816 1928 3124 1995 sententia,
3141 1930 3373 1986 misceri
3403 1947 3646 2004 quoque

2002 2005 2273 2062 molesta.
2308 2006 2529 2066 Verum
2581 2013 2879 2070 enimvero
2928 2018 3010 2072 sic
3076 2018 3319 2090 quidem
3381 2019 3646 2076 Christus

2002 2094 2160 2149 venit
2194 2094 2253 2150 in
2285 2100 2626 2170 Aﬂgyptum.

2081 2185 2187 2241 XX.
2221 2188 2477 2244 Herodes
2507 2196 2706 2247 autem
2737 2208 2873 2249 cum
2920 2210 2955 2251 a
2986 2211 3173 2267 scopo
3210 2198 3567 2265 aberrasset,
3604 2201 3662 2255 in

2010 2274 2409 2348 infantes,qui
2467 2278 2694 2335 nullam
2746 2280 3002 2339 fecerant
3058 2284 3362 2356 injuriam,
3398 2293 3516 2343 tota
3576 2289 3665 2344 ira

2014 2366 2292 2435 erumpit,
2321 2382 2391 2420 eo
2419 2368 2601 2423 modo
2635 2385 2736 2424 eos
2766 2371 3076 2440 ulciscens,
3110 2376 3215 2446 qui
3272 2374 3439 2432 illum
3471 2377 3666 2433 illuse-

2014 2461 2147 2509 rant
2176 2470 2190 2508 :
2219 2453 2311 2508 vel
2344 2456 2535 2524 potius
2567 2462 2805 2529 propter
2843 2477 3013 2517 suam
3056 2463 3116 2516 in
3173 2464 3467 2520 Christum
3514 2465 3668 2521 insa-

2015 2545 2202 2607 niam,
2229 2558 2413 2614 quam
2447 2547 2810 2618 concepitob
2823 2556 3046 2605 metum
3062 2551 3249 2619 regni,
3269 2556 3668 2610 communiter

2017 2632 2335 2686 adversum
2351 2648 2591 2687 omnem
2608 2634 2770 2691 irruit
2786 2644 3145 2703 naturam,et
3164 2640 3438 2697 interficit
3456 2658 3665 2697 omnes

2018 2720 2277 2775 infantes
2308 2721 2409 2791 qui
2441 2729 2609 2777 erant
2637 2723 2696 2778 in
2760 2725 3072 2791 Bethleem,
3102 2728 3163 2783 in
3213 2729 3327 2783 hac
3382 2731 3661 2787 universa

2019 2808 2512 2865 caadeinfantium
2540 2811 2890 2868 existimans
2916 2821 3257 2871 seetunum
3281 2818 3451 2872 illum
3480 2820 3668 2874 omni-

2009 2915 2098 2973 po
2129 2903 2565 2965 assecuturum,
2591 2907 2646 2956 et
2697 2908 2757 2957 ut
2789 2903 2883 2958 ille
2914 2903 3141 2959 solutus
3187 2912 3347 2962 esset
3392 2924 3428 2963 a
3485 2915 3668 2977 metu,

2021 3004 2233 3044 omnes
2262 2988 2463 3059 lugere
2517 3005 2844 3060 procurans
2875 2993 3424 3051 immisericorditer
3459 3013 3471 3051 ;
3503 2998 3670 3069 quod

253 3093 320 3148 in
372 3090 559 3146 altum
611 3083 1005 3149 extollerétur,
1040 3091 1094 3139 et
1159 3087 1398 3155 propter
1460 3081 1621 3135 hunc
1686 3093 1910 3133 novum
1948 3106 1987 3160 ο
2023 3077 2116 3133 vel
2135 3077 2195 3132 in
2216 3077 2399 3132 rebus
2428 3078 2773 3135 inanimatis
2795 3080 3181 3139 abstinuisset
3200 3084 3389 3141 facere
3417 3086 3587 3153 alius,
3616 3092 3670 3143 et

257 3186 500 3253 partum
557 3196 617 3234 se
666 3181 867 3251 posset
908 3174 1147 3230 beatam
1175 3173 1410 3227 ducere.
1442 3170 1611 3236 Quod
1644 3184 1803 3224 enim
1835 3166 1913 3222 ab

257 3270 430 3327 initio
456 3267 763 3323 consuevit
790 3265 1079 3321 Dominus
1109 3263 1323 3326 facere,
1358 3267 1420 3314 ut
1446 3275 1577 3330 quae
1606 3261 1741 3312 sunt
1774 3254 1913 3310 vilia

261 3363 325 3413 et.
352 3357 630 3419 humilia,
661 3354 901 3409 extollat
927 3357 1141 3425 printer
1162 3349 1527 3420 Opinionem,
1561 3346 1713 3401 sicut
1742 3359 1915 3400 econ-

262 3452 381 3512 tra,
410 3452 698 3516 uteaquae
724 3447 861 3498 sunt
886 3438 1494 3512 superba,deprimat:
1530 3436 1641 3491 hoc
1671 3433 1915 3507 quidem

264 3542 425 3592 certe
456 3532 679 3588 videret
708 3533 884 3587 etiam
918 3530 1107 3586 facere
1134 3528 1193 3583 in
1227 3528 1444 3597 seipso.

345 3643 473 3697 XIX.
516 3639 632 3695 Sed
673 3654 777 3693 cur
820 3636 1006 3705 Magis
1057 3642 1142 3690 est
1174 3635 1552 3705 imperatum,
1587 3647 1661 3686 ne
1713 3645 1919 3683 rursus

268 3731 527 3786 redirent
566 3728 642 3784 ad
678 3727 967 3783 Herodem
990 3722 1016 3776 ?
1047 3727 1109 3779 Et
1133 3738 1416 3793 quorsum
1455 3719 1557 3776 illa
1609 3719 1839 3790 abjecta
1868 3723 1924 3773 et

269 3820 474 3874 minus
505 3818 721 3873 decora
764 3816 823 3870 in
872 3818 1195 3885 Aigyptum
1226 3810 1370 3881 fuga
1421 3808 1652 3875 Christi,
1677 3806 1922 3881 perinde

269 3924 344 3964 ac
396 3908 444 3963 si
475 3923 596 3963 non
626 3911 821 3978 posset
857 3902 1023 3958 aliter
1047 3916 1173 3955 esse
1234 3899 1437 3954 salvus
1464 3901 1491 3954 ?
1516 3899 1809 3953 Futurum
1841 3901 1926 3952 est

269 3998 454 4063 enim,
488 3996 696 4067 inquit,
730 4001 793 4048 ut
847 3990 1093 4047 Herodes
1143 3994 1374 4059 quwrat
1404 4004 1657 4056 puerum
1685 3986 1765 4041 ad
1792 4000 1927 4054 per-

271 4088 535 4143 dendum
567 4101 696 4141 eum
722 4086 787 4136 ³ο.
810 4084 959 4137 Num
989 4084 1051 4134 ut
1070 4094 1172 4149 per
1196 4078 1325 4134 huic
1348 4094 1533 4150 parva
1565 4077 1922 4139 ethumana,

272 4185 333 4233 et
359 4180 693 4232 cerneretur
723 4173 848 4242 ipse
879 4185 1121 4226 carnem
1169 4168 1521 4239 sumpsisse,
1553 4166 1929 4239 etdispensa-

274 4264 458 4320 tionis
490 4262 644 4317 illius
673 4258 1010 4315 crederetur
1044 4255 1401 4326 magnitudo
1427 4257 1455 4311 ‘I
1476 4257 1727 4311 Maxime
1755 4273 1765 4309 :
1792 4268 1931 4325 pro-

274 4360 485 4427 pterea
499 4366 606 4406 nec
621 4349 813 4421 primo
827 4346 1027 4403 statuit
1042 4346 1102 4401 in
1118 4344 1402 4401 omnibus
1417 4346 1607 4399 facere
1623 4342 1928 4398 miracula.

2026 3173 2261 3223 teneras
2289 3168 2521 3239 plantas
2551 3169 2861 3241 aspiciens,
2898 3173 3306 3230 misericordia
3329 3176 3673 3241 ductus,eas

2026 3255 2683 3313 noluissetexscindere.
2701 3258 2815 3315 Sed
2839 3261 3028 3316 videte
3059 3278 3189 3326 vos,
3212 3264 3315 3335 qui
3351 3264 3669 3335 imperium

2028 3345 2262 3413 amatis,
2293 3350 2351 3401 et
2380 3346 2514 3401 estis
2545 3363 2581 3402 a
2611 3351 3039 3421 vanasuperati
3070 3350 3274 3420 gloria,
3308 3352 3367 3407 in
3386 3360 3675 3424 quantam

2029 3450 2099 3488 ea
2129 3433 2423 3489 insaniam
2456 3434 2660 3504 adigat
2688 3443 3005 3503 amatores,
3033 3446 3372 3511 etquonam
3406 3457 3509 3496 eos
3543 3442 3676 3497 ferri

2030 3522 2373 3594 persuadet,
2390 3529 2444 3578 et
2466 3537 2676 3594 quaene
2691 3542 2745 3579 in
2764 3540 2863 3579 cos
2880 3527 3036 3596 cogit
3062 3528 3274 3585 facere.
3300 3529 3462 3585 Hanc
3478 3538 3676 3586 autem

2030 3611 2348 3667 infantium
2364 3612 2587 3667 caedem
2600 3614 2876 3669 Jeremias
2894 3632 3135 3688 quoque
3151 3618 3342 3674 multis
3357 3627 3493 3674 ante
3505 3621 3679 3675 annis

2034 3702 2412 3771 praenuntiat,
2448 3707 2502 3757 et
2542 3702 2803 3773 praedicit
2854 3706 3223 3774 tragmdiam,
3258 3714 3318 3762 et
3359 3708 3680 3764 introducit

2036 3789 2349 3844 Rachelem
2378 3789 2614 3846 ﬂentem
2642 3807 2783 3847 suos
2805 3792 2979 3858 tilios,
3000 3798 3058 3850 et
3079 3796 3549 3852 consolationem
3576 3797 3681 3853 mi-

2034 3879 2194 3933 nime
2212 3878 2621 3935 admittentem
2641 3882 3030 3947 ".Quorcirca
3052 3900 3173 3939 non
3196 3884 3507 3954 ignorante
3533 3886 3683 3942 scili-

2035 3974 2123 4021 cet
2172 3967 2291 4022 Deo
2344 3968 2473 4023 haec
2520 3969 2760 4037 ﬁebant,
2792 3972 2897 4027 sed
2950 3979 3006 4027 et
3062 3973 3302 4040 sciente,
3349 3980 3404 4031 et
3450 3975 3683 4031 volente

2034 4055 2278 4125 quidem
2309 4073 2529 4123 arcere,
2559 4060 2993 4131 permittentem
3038 4070 3238 4118 autem
3293 4065 3528 4119 arcanis
3558 4067 3687 4137 qui-

2035 4145 2293 4201 busdam
2312 4148 2668 4203 rationibus.
2686 4149 2798 4204 Sed
2813 4151 3069 4207 Herodes
3089 4152 3335 4223 quidem
3354 4154 3686 4225 percipiens

2039 4251 2267 4300 eorum,
2295 4251 2431 4307 quae
2479 4234 2630 4308 fecit,
2660 4237 2884 4292 fructus
2936 4240 3377 4309 convenientes,
3402 4240 3687 4295 divinitus

2038 4325 2311 4381 immissa
2360 4324 2559 4396 plaga,
2604 4331 2726 4381 toto
2785 4343 3029 4399 corpore
3087 4330 3409 4398 sauciatur,
3438 4337 3493 4385 et
3552 4346 3686 4386 vere

282 4412 429 4509 Quae
455 4412 887 4498 enimabinitio
914 4435 1072 4492 facta
1101 4442 1259 4503 sunt,
1279 4442 1519 4506 propter
1548 4436 1788 4488 Matrem
1805 4449 1929 4488 om-
1964 4456 2010 4511 Ι)
2044 4413 2237 4511 gaius
2290 4412 2445 4511 Ψδίίξ
2492 4414 2662 4511 Perit:
2694 4415 2821 4511 Bilis
2876 4432 3057 4511 rtigno
3104 4418 3164 4511 i_n
3221 4424 3439 4511 Quator
3494 4424 3691 4511 partes

281 4533 431 4588 nino
461 4530 614 4586 facta
645 4534 802 4592 sunt,
836 4533 1078 4598 propter
1106 4524 1349 4595 Joseph,
1380 4527 1620 4595 propter
1643 4528 1931 4593 pastores,

287 4625 529 4694 propter
556 4622 774 4689 Magos.
804 4617 928 4681 Qua
949 4613 1024 4669 de
1052 4630 1235 4669 causa
1262 4611 1439 4684 Magis
1456 4628 1699 4684 quoque
1731 4612 1935 4667 datum

288 4715 380 4766 est
407 4723 762 4779 responsum
786 4721 861 4761 ne
890 4709 1321 4759 reverterentur
1347 4703 1421 4757 ad
1452 4702 1762 4768 Herodem,
1782 4708 1845 4758 ut
1883 4706 1942 4757 et

288 4800 563 4856 doctores
594 4797 711 4851 cito
742 4795 1106 4849 mitterentur
1132 4795 1192 4849 in
1213 4796 1521 4847 Persarum
1550 4792 1942 4861 regionem,et

289 4886 519 4963 tyranni
537 4885 699 4941 furor
715 4885 1226 4954 interrumperetur
1238 4882 1529 4953 sciretque
1543 4896 1604 4936 se
1616 4896 1685 4935 ea
1698 4881 1941 4951 aggredi

288 4994 428 5050 quas
440 4974 593 5031 efﬁci
609 4988 728 5029 non
743 4973 1181 5044 possent.Quod
1196 4973 1245 5025 si
1258 4986 1373 5026 non
1390 4970 1578 5026 evasit
1591 4970 1940 5034 melior,non

288 5067 351 5122 in
365 5081 527 5127 eum,
546 5064 650 5135 qui
675 5062 800 5117 haec
818 5060 1089 5132 providit,
1110 5062 1280 5133 etqui
1292 5061 1418 5116 haec
1432 5076 1501 5115 eo
1516 5059 1652 5113 fecit
1667 5059 1937 5123 consilio,

292 5154 404 5211 sed
417 5152 479 5208 in
494 5168 766 5207 summam
781 5149 1185 5205 illiusinsania
1196 5151 1374 5220 culpa
1387 5153 1473 5204 est
1485 5147 1899 5203 conferendam
1923 5167 1935 5216 ;

290 5247 581 5315 prmterea
600 5244 664 5296 ut
694 5245 756 5295 tu
775 5253 1043 5311 quoque,
1064 5238 1169 5310 qui
1197 5255 1266 5293 ex
1301 5238 1532 5293 Christo
1585 5238 1779 5292 vivere
1828 5238 1940 5292 ele-

289 5330 445 5401 gisti,
475 5344 595 5385 non
624 5344 835 5399 parvas
867 5327 946 5382 ad
970 5326 1414 5398 philosophiam
1446 5342 1517 5381 ex
1551 5342 1621 5381 eo
1670 5326 1938 5382 invenias

288 5416 639 5476 occasiones
664 5434 675 5471 :
696 5432 913 5489 nempe
937 5423 998 5472 ut
1027 5422 1084 5471 et
1107 5415 1305 5471 statim
1332 5415 1409 5470 ab
1441 5415 1605 5471 initio
1636 5421 1938 5487 exspectes

368 5595 417 5628 ¹⁹
444 5593 641 5659 Matth.
674 5608 735 5661 ιι,
768 5597 846 5646 H.
961 5594 1007 5627 ³ο
1027 5590 1225 5647 Matth.
1270 5606 1328 5655 ιι,
1361 5592 1444 5646 13.

1560 5592 1603 5626 ⁸⁸
1638 5593 1852 5648 Jerem.
1887 5608 1947 5663 ιι,
1985 5593 2071 5648 15.

2045 4504 2236 4558 diviso
2266 4519 2278 4557 :
2312 4503 2601 4560 Archelao
2631 4505 2874 4577 quidem
2924 4507 3241 4577 imperium
3299 4509 3601 4564 obtinente
3631 4509 3692 4563 in

2048 4592 2272 4659 Judaea,
2292 4593 2521 4648 Herode
2546 4600 2830 4662 autem,et
2859 4595 3145 4668 Philippo,
3179 4603 3235 4651 et
3288 4599 3561 4669 Lysania,
3594 4597 3694 4653 illo

2050 4681 2292 4754 quidem
2323 4682 2588 4748 Galilaeae,
2618 4682 2732 4738 hoc
2752 4684 3129 4740 verolturaeae
3162 4692 3219 4741 et
3240 4686 3691 4757 Trachonitidis,

2052 4778 2351 4843 postremo
2370 4778 2588 4836 autem,
2611 4772 3030 4829 tetrarchatum
3053 4776 3259 4830 sortito
3280 4775 3528 4831 Abilinaa
3552 4777 3693 4831 ".33.

2122 4880 2254 4935 XXI.
2288 4878 2604 4950 Postquam
2653 4886 2851 4934 autem
2881 4882 3127 4936 excessit
3180 4881 3441 4937 Herodes
3488 4898 3559 4937 ex
3589 4881 3697 4937 hu-

2053 4968 2268 5032 manis,
2293 4967 2541 5036 angelus
2563 4984 2765 5023 rursus
2790 4970 2850 5023 in
2878 4971 3105 5024 somnis
3146 4970 3403 5042 Josepho
3452 4977 3701 5042 apparet

2052 5057 2109 5112 in
2137 5058 2412 5127 Egypto,
2440 5062 2495 5111 et
2518 5057 2983 5126 jubetinfantem
3019 5059 3378 5131 accipere,et
3404 5059 3699 5131 proﬁcisci

2049 5147 2110 5204 in
2146 5152 2360 5200 terram
2417 5143 2615 5199 Israel.
2649 5147 2841 5210 Quam
2896 5147 3119 5211 multae,
3149 5164 3185 5202 o
3235 5149 3442 5203 Christi
3502 5152 3699 5214 Mater,

2050 5236 2291 5290 fuerunt
2314 5232 2419 5289 tibi
2447 5248 2700 5288 casuum
2760 5234 3197 5307 inaequalitates
3218 5238 3245 5291 7
3271 5252 3453 5308 quam
3500 5236 3701 5293 multas

2050 5340 2249 5381 rerum
2283 5323 2682 5378 mutationes?
2706 5323 2848 5379 Ecce
2866 5326 3027 5380 enim
3050 5341 3259 5380 rursus
3274 5326 3521 5398 quidem
3545 5326 3702 5383 fuisti

2054 5418 2255 5470 soluta
2284 5412 2362 5469 ab
2391 5410 2618 5479 exsilio,
2642 5416 2697 5467 et
2729 5412 2805 5468 ad
2828 5414 3135 5486 propriam
3167 5417 3476 5472 reverteris
3508 5417 3703 5489 regio-

2187 5593 2458 5647 "."Luc.
2492 5605 2571 5658 Ill,
2602 5591 2626 5644 1
2660 5606 2674 5655 ;
2706 5590 2907 5648 Matth.
2935 5595 3127 5662 20,21.
