4096 6220
500 300 602 355 547

1856 288 2111 347 MENSIS
2141 288 2537 350 AUGUSTUS.
3840 300 3937 355 548

504 439 664 488 nem,
689 432 745 477 et
767 421 1034 493 eum.qui
1062 419 1166 475 tibi
1194 418 1348 474 male
1376 418 1568 475 facere
1593 432 1914 488 aggressus
1940 416 2148 481 fuerat,
2186 415 2229 470 A
2263 414 2607 490 Egyptum,
2641 436 2894 478 narrans
2935 424 3360 495 Lucastneque
3394 423 3568 479 enim
3602 428 3742 480 ante
3789 426 3938 496 puri-

503 516 630 586 ipsa
659 512 856 586 potius
885 527 1023 565 eum
1058 508 1252 564 vidisti
1280 508 1434 563 male
1457 508 1717 580 periisse.
1745 509 1889 562 Cum
1906 506 2151 561 domum

504 608 703 660 autem
734 600 1017 664 venisses,
1039 614 1239 653 rursus
1261 598 1491 652 invenis
1510 597 1799 652 malorum
1829 594 2148 650 successio-

503 706 642 747 nem
673 693 730 745 et
755 688 923 743 vides
954 686 1141 741 ﬁlium
1178 686 1436 757 tyranni,
1474 686 1575 756 qui
1609 684 1715 739 fuit
1761 684 1840 739 tui
1872 682 1990 738 Filii
2020 682 2151 753 (pro

503 779 674 836 dolor
703 778 741 848 Ξ)
770 776 1100 838 insidiator,
1120 791 1227 847 pro
1244 790 1316 830 eo
1333 779 1703 843 regnantem.
1725 772 1838 829 Sed
1856 770 2151 840 rogaverit

501 867 809 942 quispiam
841 882 907 921 ex
938 864 1242 930 studiosis,
1260 863 1569 935 quomodo
1589 861 1909 918 Archelaus
1931 860 2150 915 Judteae

501 956 849 1028 imperabat,
888 954 1086 1010 Pontio
1135 953 1318 1007 Pilato
1373 957 1511 1007 tunc
1561 950 1912 1023 praesidente
1942 950 1969 1003 ?
1996 953 2147 1005 Num

502 1044 667 1118 quod
681 1059 866 1115 nuper
878 1043 1231 1099 decessisset
1248 1041 1591 1109 Herodes,et
1606 1039 1869 1094 nondum
1888 1038 1945 1093 in
1964 1038 2150 1093 multa

502 1149 753 1203 regnum
782 1136 936 1187 esset
964 1131 1242 1191 divisum.
1274 1129 1429 1185 illius
1450 1129 1607 1184 ﬁlius
1636 1129 1855 1183 interea
1888 1125 2149 1183 habebat

501 1223 821 1295 imperium
854 1223 883 1279 ‘t
916 1225 1040 1277 Non
1071 1226 1157 1276 est
1177 1224 1376 1276 autem
1394 1216 1767 1289 evangelista;
1799 1233 2149 1290 supervaca-

500 1330 615 1370 nea
644 1312 830 1383 patris
868 1326 1110 1383 quoque
1139 1309 1411 1380 adjectio.
1442 1311 1559 1363 Pro
1593 1307 1821 1364 Herode
1850 1306 2029 1374 enim,
2064 1307 2150 1361 in-

502 1402 644 1475 quit,
671 1407 846 1471 patre
873 1402 1001 1470 ejus
1021 1400 1089 1462 ³⁸,
1114 1398 1409 1454 utscilicet
1428 1413 1615 1453 euma
1640 1396 1815 1451 fratre
1828 1395 2147 1465 distingue-

498 1496 606 1557 ret,
636 1496 699 1545 ut
724 1490 964 1561 quiipsc
980 1504 1224 1561 quoque
1258 1486 1514 1542 Herodes
1535 1490 1847 1541 vocaretur
1860 1483 2143 1540 similiter.

574 1580 732 1635 XXII.
776 1578 942 1635 Venit
1003 1593 1144 1647 ergo
1199 1577 1423 1648 Joseph
1476 1574 1779 1641 Nazareth,
1842 1578 1904 1628 ut
1944 1574 2046 1645 qui
2085 1574 2145 1628 in

500 1670 731 1726 somnis
749 1683 1104 1738 responsum
1138 1666 1459 1738 accepisset
1490 1665 1594 1735 (ita
1624 1664 1782 1719 enim
1815 1662 2049 1717 divinus
2067 1662 2147 1718 ait

2261 506 2601 564 ﬁcationem
2632 526 2733 566 eos
2752 510 2889 566 illuc
2913 511 3200 577 duxisset,
3229 519 3292 568 ut
3318 512 3479 567 nihil
3501 512 3761 568 omnino
3783 514 3939 569 ﬁeret

2260 602 2466 651 contra
2496 596 2712 669 legem)
2743 598 2871 654 haec
2902 599 3213 656 dicit.Erat
3243 601 3412 656 enim
3441 600 3708 657 omnino
3741 602 3939 672 puriﬁ-

2261 684 2509 753 candus,
2533 685 2750 742 deinde
2780 694 3065 744 venturus
3096 689 3414 754 Nazareth,
3442 693 3505 744 et
3524 694 3672 744 tunc
3699 689 3938 746 descen-

2259 788 2434 828 surus
2489 775 2548 829 in
2599 775 2942 848 Egyptum.
2974 777 3195 833 Deinde
3226 794 3367 833 cum
3400 781 3495 833 sic
3556 794 3634 833 ex
3688 779 3935 850 Egypto

2259 861 2852 934 rediissent,jubetur
2880 882 3084 921 rursus
3115 867 3175 922 in
3198 867 3501 923 Nazareth
3518 868 3935 924 venire.Antea

2257 951 2439 1014 enim,
2463 953 2627 1009 nullo
2657 960 2902 1026 accepto
2924 971 3234 1027 responso,
3260 963 3325 1012 ut
3348 956 3501 1012 illuc
3535 957 3933 1023 venirent,sed

2257 1056 2393 1095 cum
2420 1041 2669 1098 libenter
2696 1044 3054 1108 habitarent,
3092 1050 3156 1100 ut
3179 1045 3479 1111 diximus,
3508 1045 3571 1101 in
3596 1046 3792 1117 patria
3810 1063 3931 1116 sua,

2257 1136 2469 1200 sponte
2527 1132 2641 1187 hoc
2693 1131 3012 1189 faciebant.
3045 1135 3191 1189 Cum
3232 1133 3399 1190 enim
3457 1150 3761 1190 ascensus
3818 1151 3929 1191 non

2257 1217 2458 1275 fuisset
2485 1221 2915 1292 propteraliam
2946 1239 3438 1296 causam,quam
3504 1230 3757 1296 propter
3810 1225 3931 1280 des-

2256 1306 2625 1378 criptionem,
2656 1314 2712 1364 et
2740 1326 3043 1383 nusquam
3070 1318 3224 1368 stare
3250 1318 3536 1383 possent,
3564 1329 3638 1368 eo
3671 1312 3928 1384 impleto,

2257 1400 2499 1467 propter
2522 1399 2680 1469 quod
2716 1406 3019 1466 venerant,
3050 1400 3505 1457 descenderunt
3536 1402 3599 1457 in
3628 1402 3925 1457 Nazareth.

2253 1485 2513 1557 Angelus
2566 1493 2741 1554 certe,
2783 1489 2885 1561 qui
2948 1494 3154 1561 postea
3217 1506 3320 1546 eos
3376 1490 3689 1547 reddebat
3736 1489 3925 1563 quieti,

2253 1574 2415 1629 domi
2448 1576 2716 1632 restituit.
2749 1580 2861 1633 Nec
2891 1579 3005 1635 hoc
3046 1579 3123 1635 ab
3166 1595 3247 1643 re,
3273 1579 3385 1635 sed
3412 1596 3562 1635 cum
3622 1579 3926 1652 prophetia

2253 1663 2366 1718 hoc
2392 1662 2591 1734 ipsum
2622 1665 2823 1721 multis
2846 1673 2980 1722 ante
3009 1669 3183 1724 annis
3209 1667 3730 1737 signiﬁcasset.Ut
3753 1669 3922 1731 enim,

499 1758 828 1825 Mattheus)
862 1756 1041 1813 simul
1068 1761 1123 1811 et
1163 1754 1490 1827 periculum
1546 1753 1801 1822 fugiens,
1835 1757 1891 1807 et
1938 1750 2144 1806 volens
2180 1752 2222 1807 Β
2253 1752 3013 1827 inquit,impleretur,quod
3035 1758 3255 1813 dictum
3285 1758 3509 1827 fuerat
3543 1773 3582 1815 a
3600 1757 3918 1826 prophetis,

497 1847 768 1903 habitare
796 1847 857 1901 in
883 1845 1093 1918 patria.
1130 1847 1196 1901 Ut
1226 1850 1424 1900 autem
1465 1847 1665 1915 posset
1722 1840 1915 1910 magis
1962 1840 2143 1895 conti-

497 1935 655 2001 dere,
688 1950 1047 2005 responsum
1080 1932 1391 2005 accipitab
1409 1930 1639 2000 angelo.
1668 1930 1841 2001 Atqui
1863 1944 1980 1984 non
2005 1928 2147 1984 dicit

499 2026 687 2081 Lucas
719 2024 884 2079 illum
916 2023 1149 2079 venisse
1167 2038 1239 2077 ex
1260 2036 1545 2093 responso
1573 2037 1584 2074 :
1607 2018 1706 2073 sed
1740 2034 1878 2074 cum
1899 2033 2143 2073 omnem

495 2113 845 2185 implessent
872 2111 1374 2184 purificationem,
1403 2108 1681 2164 statuisse
1712 2123 1916 2162 rursus
1932 2105 2145 2162 reverti

495 2202 797 2259 Nazareth.
832 2201 1148 2267 Quomodo
1174 2215 1316 2269 ergo
1340 2204 1428 2254 est
1445 2215 1480 2254 a
1510 2197 1684 2252 nobis
1702 2195 1986 2251 solvenda
2008 2211 2147 2251 con-

496 2289 984 2358 troversiai’Quod
1000 2288 1427 2361 tempus,quod
1442 2286 1695 2342 fuitante
1715 2284 2071 2340 descensum
2084 2282 2145 2338 in

568 2424 616 2458 “
642 2423 841 2480 Matth.
863 2440 925 2492 ιι,
959 2427 1047 2478 22.
1161 2424 1208 2458 ⁸⁵
1242 2422 1380 2479 Luc.
1414 2438 1476 2491 ll,
1509 2424 1597 2477 23.
1711 2421 1758 2454 ³⁸
1786 2417 1935 2475 ibid.
1964 2420 2056 2473 40.

622 2558 737 2629 (Η)
820 2565 922 2610 Τοῦ
1007 2563 1389 2632 Μεταφραστοῦ
1468 2560 1558 2608 καὶ
1654 2560 1744 2606 τοῦ
1829 2554 2148 2623 Γεωμέτρουο

548 2644 747 2718 Ὅμως,
782 2648 863 2699 ὅτε
895 2644 1105 2699 δώδεκα
1134 2646 1256 2699 ἐτῶν
1308 2650 1528 2718 γεγονὼς
1581 2641 1662 2711 ἧν,
1715 2641 1881 2695 ἆνεισι
1923 2643 2011 2712 μεν
2042 2638 2152 2710 ἅμα

548 2742 659 2796 τοῖς
712 2744 968 2806 γονεῦσιν,
1062 2736 1128 2797 εἰς
1194 2734 1552 2808 Ἰερουσαλὴμ,
1641 2736 1734 2791 τὴν
1809 2730 1987 2805 ἑορτὴν
2058 2734 2149 2779 τοῦ

552 2828 753 2896 Πάσχα
805 2824 1151 2897 τελεσόμενος·
1226 2827 1295 2886 ὡς
1353 2821 1411 2876 δι
1472 2822 1635 2879 ἐκείνη
1695 2824 1854 2893 πέρας
1908 2825 2047 2889 εἶχεν
2100 2815 2148 2867 ἐν

549 2915 763 2985 ἡμέραις
843 2914 972 2966 ἐπτά
1028 2914 1324 2985 τελουμένη,
1408 2912 1557 2964 αὐτοὶ
1638 2913 1726 2982 μὲν
1808 2910 2147 2978 ὑπέστρεφον,

549 3003 756 3063 Ἰησους
806 3000 866 3054 δε
928 3004 1188 3074 ὑπομένει,
1237 3004 1460 3062 τούτους
1527 3000 1715 3051 λαθών.
1786 2998 1889 3052 Καὶ
1936 2998 1987 3048 οἱ
2057 2998 2146 3066 μὲν

549 3090 782 3160 ἑζητοῦν,
847 3109 872 3143 ο
923 3088 982 3143 δε
1026 3100 1181 3165 τριῶν
1230 3092 1431 3165 ἡμερῶν
1482 3085 1680 3148 ἄδηλος
1708 3083 1788 3144 ἧν.
1831 3082 1960 3138 Εἶτα
2002 3101 2144 3155 φανε-

545 3182 636 3251 ρός
670 3178 847 3241 αὐτοῖς
875 3184 1073 3249 γίνεται
1126 3177 1174 3229 ἐν
1223 3186 1294 3248 τῷ
1347 3180 1463 3251 ἱερῷ
1498 3180 1587 3249 μεν
1626 3176 1986 3246 καθεζόμενος,
2018 3174 2145 3245 όμοῦ

545 3288 600 3321 τε
648 3268 849 3321 ἀκούων
880 3277 980 3320 τῶν
1011 3264 1373 3332 διδασκάλων,
1426 3271 1516 3319 καὶ
1545 3269 1675 3340 πρὸς
1704 3264 1924 3324 ἐκείνους
1976 3259 2011 3315 δ
2017 3261 2145 3313 ιαλε-

544 3363 781 3431 γόμενος,
837 3356 1140 3416 ἐκπλήπτων
1188 3376 1242 3410 τε
1289 3360 1412 3419 τοὺς
1462 3356 1717 3431 ἀκροατὰς
1762 3353 1809 3405 έν
1856 3360 1970 3414 ταῖς
2016 3353 2147 3404 ἀπο-

544 3453 773 3522 κρίσεσι·
818 3450 955 3499 κατά
996 3454 1148 3500 τοῦτο
1187 3449 1287 3520 γὰρ
1332 3451 1421 3499 καὶ
1462 3449 1518 3497 τό
1563 3444 1950 3518 κραταιοῦσθαν
1989 3441 2144 3493 αὐτόν

544 3540 818 3609 πνεύματι,
869 3541 959 3589 καὶ
994 3541 1152 3609 σοφίᾳ
1180 3540 1490 3609 προκόπτειν
1533 3539 1623 3587 καὶ
1675 3536 1884 3606 χάριτι,
1918 3534 1981 3592 ὡς
2023 3530 2143 3583 πολ-

545 3626 648 3687 λοῖς
690 3634 923 3679 τοιοῦτον
955 3625 1371 3698 ἀναφαινόμενον.
1420 3626 1671 3678 Λανθάνει
1722 3621 1781 3675 δε
1829 3625 1944 3682 τοὺς
1973 3627 2146 3692 γυνεῖς

545 3719 680 3769 ὥστε
709 3721 780 3789 μὴ
812 3717 935 3791 παρ’
982 3716 1151 3768 αὐτῶν
1181 3714 1478 3774 κωλυθῆναι
1523 3718 1614 3772 τὴν
1659 3718 1783 3785 πρὸς
1834 3715 1952 3773 τοὺς
1990 3730 2146 3782 νομο-

543 3808 721 3878 μαθεῖς
776 3806 1000 3867 ἐκείνους
1057 3801 1303 3867 διάλεξιν·
1361 3801 1575 3857 εἰδότων
1624 3805 1797 3873 ὥσπερ
1852 3801 2011 3853 αὐτοῦ
2085 3803 2143 3851 τό

544 3894 903 3969 ἀγράμματον,
951 3899 1041 3946 καὶ
1090 3902 1180 3946 τοῦ
1212 3899 1283 3966 μὴ
1334 3898 1675 3968 προσπταίειν
1706 3899 1812 3953 τοῖς
1841 3890 2008 3961 λόγοις
2057 3888 2143 3941 εύ-

542 3984 886 4056 λαϐουμένων·
944 3988 974 4043 ἦ
1026 3992 1194 4035 ταῦτα
1223 3986 1370 4053 τάχα
1404 3988 1493 4035 καὶ
1533 3979 1849 4055 διαφεύγων,
1905 3984 1976 4052 μὴ
2012 3976 2138 4051 δόξῃ

540 4078 657 4133 τοὺς
703 4081 870 4143 γονεῖς
916 4071 1206 4144 ἀτιμάζειν,
1254 4080 1325 4142 τῷ
1375 4070 1601 4124 ἀπειθεῖν
1632 4070 2034 4142 ἐγκελευομένοις
2077 4070 2145 4120 τὰ

544 4160 838 4234 ἀνθρώποις
888 4161 1164 4214 ἀκόλουθα.
1202 4163 1296 4213 Διά
1334 4168 1501 4213 ταῦτα
1548 4161 1787 4231 ὑπομένει
1834 4158 2021 4230 λάθρα,
2052 4161 2142 4209 καὶ

542 4246 666 4303 οὐδε
720 4259 825 4311 τοῖς
862 4258 1097 4321 γονεῦσιν
1142 4250 1319 4313 αὐτοῖς
1346 4254 1673 4322 γινώσκεται·
1715 4250 1796 4301 ἱνα
1835 4244 2138 4321 μηδέτερον,

541 4344 573 4399 ἦ
626 4343 839 4412 φανερός
888 4346 1151 4412 γενόμενος
1203 4339 1434 4413 κωλυθῇ,
1483 4339 1512 4398 ἢ
1563 4344 1653 4392 καὶ
1708 4337 1892 4410 ἀπειθῇ
1944 4337 2139 4389 κωλυό-

2253 1841 2603 1898 Nazarenus
2632 1843 2939 1899 vocabitur
2969 1846 3037 1899 ³⁵,
3071 1846 3232 1902 Puer
3261 1852 3473 1902 autem
3510 1850 3576 1902 ut
3608 1846 3693 1901 ait
3727 1846 3921 1912 Lucas,

2256 1928 2552 1985 crescebat
2569 1936 2623 1986 et
2640 1932 3283 2002 invalescebat,spiritu
3302 1935 3581 2003 repletus
3600 1935 3919 2003 sapientiae,

2255 2024 2309 2073 et
2339 2018 2535 2085 gratia
2590 2020 2699 2075 Dei
2740 2022 2804 2076 in
2869 2021 2996 2091 ipso
3046 2024 3113 2077 ³⁸.
3167 2024 3296 2079 Haec
3354 2022 3727 2095 accipienda
3774 2027 3918 2089 sunt,

2256 2108 2319 2160 ut
2344 2104 2501 2162 dicta
2531 2107 2665 2173 sint,
2697 2109 2861 2180 quod
2896 2111 3102 2166 attinet
3131 2112 3209 2167 ad
3245 2112 3723 2168 humanitatem.

2326 2194 2656 2252 XXIII.Cum
2687 2202 2887 2254 autem
2915 2198 3027 2270 (li)
3057 2206 3212 2257 esset
3242 2205 3431 2256 natus
3458 2217 3660 2258 annos
3709 2199 3921 2255 duode-

2255 2283 2391 2348 cim,
2426 2284 2699 2341 ascendit
2721 2287 2963 2359 quidem
2996 2288 3173 2346 simul
3201 2305 3345 2346 cum
3376 2290 3740 2363 parentibus
3766 2290 3916 2345 Jeru-

2262 2548 2508 2615 ζήτησιν,
2540 2554 2630 2602 καὶ
2654 2553 2825 2605 πάντα
2854 2555 2982 2625 όμοῦ
3013 2574 3078 2614 ως
3106 2559 3305 2628 μήτηρ,
3339 2560 3435 2609 καὶ
3482 2554 3863 2631 παρρησιαστι-

2260 2643 2497 2711 κώτερον,
2552 2644 2641 2692 καὶ
2712 2639 3180 2716 ἀνθρωπινώτερον,
3251 2650 3343 2697 καὶ
3399 2647 3858 2721 περιπαθέστερον.

2261 2723 2577 2799 διαλέγεται·
2658 2735 2722 2783 Τί
2770 2739 2938 2796 τοῦτο,
2988 2736 3180 2799 τέκνον,
3235 2733 3496 2795 ἐποίησας
3547 2736 3719 2807 ἡμῖν;
3777 2734 3859 2783 καὶ

2260 2818 2339 2869 ὅτι
2392 2815 2533 2871 Ἰδοὺ
2586 2817 2685 2891 έγὼ
2742 2826 2831 2874 καὶ
2884 2823 2909 2873 6
2962 2828 3132 2897 πατήρ
3196 2843 3290 2876 σου
3344 2821 3691 2897 ὀδυνώμενοι,
3745 2819 3857 2881 ἔζη-

2258 2912 2442 2979 τοῦμέν
2497 2927 2573 2964 σε.
2609 2910 2769 2971 Αύτός
2818 2907 2877 2963 δε
2918 2910 3024 2964 λύει
3076 2915 3245 2965 πάντα
3292 2910 3391 2966 διὰ
3421 2921 3600 2979 τοῦτο,
3633 2916 3721 2964 καὶ
3748 2912 3858 2983 περὶ

2256 3001 2448 3071 πατρός
2497 2996 2692 3060 ἐκείνης
2738 3008 2830 3051 τοῦ
2884 2996 3163 3063 δοκοῦντος
3210 3002 3487 3079 εἰπούσης,
3551 3004 3577 3054 ό
3639 3000 3855 3074 Χριστός

2257 3086 2429 3159 ὥσπερ
2478 3091 2535 3139 τό
2584 3089 2739 3162 ῥηθὲν
2784 3085 3168 3162 διορθούμενος,
3220 3096 3338 3163 περὶ
3384 3100 3479 3145 τοῦ
3526 3095 3683 3151 ὅντως
3728 3088 3855 3158 λέγει

2259 3180 2482 3248 Πατρός,
2534 3178 2606 3240 εἰς
2658 3181 2851 3231 ἔννοιαν
2903 3178 3065 3237 αὐτὴν
3118 3179 3380 3252 ἐμϐάλλων
3438 3190 3533 3242 τῆς
3599 3180 3850 3237 ἀληθείας·

2255 3268 2345 3316 καὶ
2399 3270 2471 3337 μὴ
2520 3272 2698 3339 χαμαὶ
2749 3266 2971 3339 βαίνειν,
3031 3268 3137 3321 ἀλλ’
3183 3270 3249 3330 εἰς
3298 3270 3437 3342 ὕψος
3495 3270 3736 3343 αἴρεσθαι
3762 3284 3851 3318 πα-

2254 3355 2612 3426 ρασκευάζων·
2688 3358 2799 3409 Ούκ
2875 3355 3068 3430 ᾔδειτε,
3129 3358 3307 3430 λέγων,
3361 3362 3451 3412 ὅτι
3510 3359 3560 3411 έν
3612 3365 3719 3419 τοῖς
3767 3359 3851 3406 τοῦ

2257 3450 2460 3518 Πατρός
2514 3465 2615 3517 μου
2666 3442 2749 3499 δεῖ
2802 3443 2931 3499 εἷναί
2983 3462 3096 3519 με;
3151 3448 3303 3500 Οὕτω
3355 3444 3632 3502 δείκνυσιν
3681 3445 3849 3498 ἑαυτὸν

2256 3536 2378 3585 ὄντα
2428 3537 2580 3605 φύσει
2628 3539 2776 3600 Θεὸν,
2834 3539 2938 3607 εἴγε
2999 3544 3095 3598 τῆς
3145 3536 3311 3599 αὐτῆς
3364 3541 3570 3610 φύσεως
3633 3536 3658 3587 ό
3736 3538 3847 3591 παῖς

2254 3629 2325 3691 τῷ
2356 3627 2571 3677 τεκόντι.
2605 3624 2748 3676 Ἐπεὶ
2803 3620 2861 3677 δε
2891 3632 2984 3676 τοῦ
3015 3629 3219 3699 Πατρός
3249 3627 3276 3677 ό
3329 3645 3481 3695 ναος,
3527 3625 3578 3678 ἓν
3620 3630 3722 3683 τοῖς
3765 3624 3845 3672 τοῦ

2257 3715 2462 3779 Πατρός
2500 3709 2561 3770 ἧν
2594 3711 2796 3777 ἐκεῖνος,
2834 3714 2927 3765 κοῖν
2976 3714 3153 3775 αὐτοῖς
3185 3718 3242 3766 τὸ
3290 3715 3445 3789 ῥῆμα
3477 3716 3682 3767 συνετὸν
3712 3713 3845 3763 οὔπω

2251 3805 2473 3871 γέγονεν.
2534 3802 2788 3855 Ἐνταῦθα
2842 3807 3056 3877 πρώτως
3110 3800 3495 3880 ἀνδρικώτερον
3556 3804 3585 3861 ἦ
3666 3797 3843 3873 μᾶλλον

2254 3890 2411 3943 εἰπεῖν
2467 3893 2737 3966 θειότερον,
2791 3896 2921 3967 πρός
2967 3896 3085 3955 τοὺς
3124 3893 3340 3953 οἰκείους
3395 3891 3709 3963 διαλέγεται,
3762 3888 3844 3936 καὶ

2254 3976 2520 4033 δείκνυσιν
2562 3982 2643 4032 ότι
2684 3986 2775 4033 καὶ
2822 3983 2993 4056 ἔτερος
3040 3983 3066 4033 ό
3100 3986 3280 4055 Πατὴρ
3312 3981 3479 4053 αὐτῷ,
3508 3986 3599 4033 καὶ
3629 3981 3705 4031 ὅτι
3727 3972 3841 4044 οὐχ’

2252 4071 2317 4130 ὡς
2364 4068 2616 4143 ἀνθρώπῳ
2644 4069 2802 4141 ψιλῷ,
2844 4069 2973 4123 ἀλλά
3021 4075 3106 4122 καὶ
3137 4073 3207 4131 ὡς
3245 4079 3380 4142 Θεῷ,
3416 4076 3507 4124 καὶ
3537 4075 3625 4127 τὴν
3653 4067 3841 4140 μητέρα

2253 4159 2393 4230 αύτῷ
2477 4165 2804 4233 προσεκτέον,
2859 4166 2948 4213 καὶ
3024 4160 3103 4213 ὃτι
3155 4162 3181 4212 ό
3245 4168 3338 4213 τοῦ
3424 4164 3624 4233 Πατρός
3692 4152 3835 4213 οἶκος,

2252 4250 2277 4301 ό
2307 4253 2428 4310 ναὸς
2458 4246 2690 4316 δηλαδὴ,
2737 4256 2827 4303 καὶ
2857 4250 3015 4303 αὐτοῦ
3064 4251 3204 4311 οἶκός
3236 4248 3370 4318 ἐστι,
3405 4252 3639 4323 καθάπερ
3669 4250 3753 4297 καὶ
3778 4242 3837 4293 τὰ

2253 4338 2383 4390 ἄλλα
2427 4340 2598 4391 πάντα
2646 4343 2713 4391 τὰ
2754 4346 2846 4391 τοῦ
2898 4343 3117 4412 Πατρός·
3168 4343 3258 4391 καὶ
3306 4340 3386 4391 ὅτι
3437 4339 3623 4396 αύτούς
3668 4330 3836 4404 ἐγκληο

542 4448 711 4502 μενος.
763 4428 899 4501 Ὀρα
948 4426 1007 4481 δε
1054 4431 1187 4489 ὃπως
1233 4434 1322 4481 καὶ
1370 4429 1403 4480 ά
1450 4432 1703 4502 προσήκει
1738 4425 1936 4497 παιδίῳ
1983 4434 2138 4481 ποιεῖ.
2174 4407 2220 4463 D
2252 4432 2363 4480 τέον
2418 4428 2606 4501 μᾶλλον
2665 4427 2914 4499 ἀγνοουσι
2960 4407 3144 4493 ταῦτα,
3204 4432 3291 4479 καὶ
3339 4425 3507 4495 μηδεν
3581 4428 3707 4497 μήτε
3755 4418 3834 4470 λα·

542 4518 618 4571 Οῦ
659 4521 760 4592 γὰρ
792 4526 1057 4593 προπετῶς
1091 4515 1341 4571 διδάσκει
1370 4521 1487 4578 τοὺς
1528 4520 1838 4591 νομομαθείς
1870 4514 2143 4570 διδασκά-

540 4608 664 4670 λους
710 4613 796 4661 καὶ
854 4610 1019 4680 ἱερεῖς,
1074 4613 1247 4660 καίτοι
1294 4612 1443 4681 μόνος
1488 4608 1642 4670 αύτός
1692 4607 2009 4681 αύτόχρημα
2056 4625 2142 4659 σο-

543 4701 636 4768 φία
678 4702 767 4750 καὶ
809 4696 962 4768 λόγος
1011 4702 1078 4749 ὧν
1127 4704 1216 4750 καὶ
1257 4701 1492 4770 χορηγός
1537 4706 1634 4760 τῆς
1667 4701 1869 4770 σοφίας·
1910 4695 2035 4748 ἀλλά
2066 4693 2139 4749 δι’

542 4786 669 4838 αύτὸ
725 4790 815 4859 μεν
867 4784 954 4839 οὖν
1006 4795 1182 4853 τοῦτο,
1241 4792 1406 4859 μέτρα
1457 4791 1546 4840 καὶ
1604 4790 1808 4849 ἡλικίας
1858 4792 1947 4839 καὶ
1996 4785 2140 4849 ἀξίας

541 4876 699 4939 αὐτός
746 4896 799 4930 τε
851 4877 1017 4937 καλῶς
1064 4873 1213 4937 εἰδὼς
1263 4881 1353 4930 καὶ
1400 4884 1511 4939 τοῖς
1556 4876 1725 4938 ἄλλοις
1776 4878 1985 4949 ὁρίζων,
2031 4882 2140 4936 τοῖς

543 4968 735 5039 ἱερεῦσι
784 4970 873 5018 καὶ
930 4963 1282 5028 διδασκάλοις
1332 4973 1425 5019 τοῦ
1478 4962 1755 5019 διδάσκειν
1806 4973 2134 5041 παραχωρεῖ.

539 5056 703 5116 Αὐτός
734 5052 793 5108 δε
825 5054 1002 5109 ἀκούει
1045 5074 1097 5108 τε
1142 5061 1231 5108 καὶ
1280 5058 1512 5130 επερωτᾷ
1557 5059 1688 5128 μετὰ
1736 5056 1928 5118 πολλῆς
1976 5055 2137 5128 ἀμφό-

539 5163 682 5219 τερον
729 5154 826 5207 τῆς
885 5149 1158 5206 συνέσεως·
1226 5144 1443 5216 λογικῶς
1508 5165 1563 5197 τε
1625 5148 1726 5219 γὰρ
1803 5145 1985 5219 ἐρωτᾷ·
2046 5150 2135 5197 καὶ

540 5232 792 5309 ἀκροᾶται
839 5242 1078 5298 συνετῶς,
1122 5239 1211 5287 καὶ
1241 5232 1570 5307 ἀποκρίνεται
1604 5240 1962 5309 συνετώτερον,
1993 5238 2018 5287 6
2046 5239 2135 5287 καὶ

540 5327 597 5373 τό
626 5326 802 5395 θαῦμα
830 5324 1000 5394 πολλῷ
1029 5326 1207 5395 μεῖζον
1238 5323 1400 5376 ἐποίει
1430 5332 1523 5385 τῆς
1554 5322 1871 5394 ἀκροάσεως.

610 5420 712 5464 Τοῦ
761 5412 939 5464 αὐτοῦ.
995 5412 1057 5466 Ἠ
1105 5416 1194 5480 μεν
1244 5415 1517 5485 θαυμασία
1570 5418 1766 5485 μήτηρ,
1819 5412 2135 5484 σπλάγχνων

537 5509 805 5574 μητρικῶν
858 5503 1146 5573 ἡττωμένη,
1214 5508 1303 5554 καὶ
1374 5506 1546 5554 τέκνον
1604 5502 1758 5554 αὐτὸν
1841 5504 2135 5575 περιπαθῶς

537 5590 701 5662 καλεῖ,
757 5594 846 5642 καὶ
879 5592 948 5652 ὡς
995 5590 1307 5663 ἐγκαλοῦσα,
1362 5596 1619 5667 προτείνει
1665 5596 1759 5650 τὴν
1788 5610 1881 5664 μετ
1930 5588 2138 5654 ’ὀδύνης

2250 4516 2401 4570 λοῦσι
2458 4522 2589 4590 μήτε
2638 4525 2886 4591 φρονοῦσι
2953 4526 3053 4568 τῶν
3105 4519 3233 4589 πρὸς
3278 4516 3542 4575 ἀλήθειαν.
3595 4507 3833 4566 Ἐνταῦθα

2250 4612 2448 4679 πρώτος
2503 4602 2594 4659 τοῦ
2644 4605 2847 4667 ἀληθῶς
2888 4608 3087 4679 Πατρός
3133 4611 3477 4680 φανερώτερον
3519 4598 3826 4677 μνημονεύει,

2250 4700 2340 4747 καὶ
2393 4703 2725 4770 παραγυμνοί
2790 4696 2952 4747 αὑτοῦ
3004 4699 3097 4753 τὴν
3151 4696 3389 4753 θεότητα.
3455 4696 3663 4748 κάτεισι
3709 4684 3831 4758 μετά

2248 4794 2348 4837 τῶν
2403 4790 2589 4856 γονέων
2642 4784 2695 4847 ἐξ
2738 4783 3078 4858 Ἰερουσαλὴμ
3133 4783 3205 4844 εἰς
3255 4784 3497 4857 Ναζαρὲτ
3549 4783 3574 4833 ό
3630 4778 3823 4849 Κύριος

2248 4879 2338 4927 καὶ
2396 4872 2429 4927 δ
2437 4874 2625 4927 ιατελεῖ
2690 4876 2895 4934 τούτοις
2972 4874 3400 4945 ὑποταττόμενος,
3470 4875 3632 4943 γονεῖς
3682 4865 3825 4933 τιμᾷν

2248 4961 2510 5017 παιδεύων
2561 4963 2617 5016 ἐκ
2664 4971 2755 5016 τοῦ
2798 4964 3009 5015 οἰκείου·
3063 4967 3155 5015 καὶ
3196 4964 3316 5035 ὅπερ
3367 4964 3522 5023 αὐτὸς
3558 4953 3821 5021 ἐντειλάμ-

2246 5074 2327 5115 νος
2401 5054 2484 5119 ἦν,
2554 5061 2708 5106 τοῦτο
2763 5062 2963 5127 πρῶτος
3032 5051 3260 5125 πληρῶν,
3326 5057 3417 5105 καὶ
3481 5053 3631 5122 τιμᾷν
3701 5040 3821 5093 οὕτω

2249 5141 2523 5196 διδάσκων
2560 5150 2745 5215 γονεῖς,
2800 5148 2952 5214 τιμᾷν
2996 5138 3054 5194 δὲ
3081 5143 3286 5203 πάντως
3332 5144 3463 5213 μετά
3511 5141 3660 5192 Θεόν·
3708 5128 3818 5180 έκειο

2245 5254 2341 5285 νων
2396 5236 2499 5306 γὰρ
2559 5236 2935 5307 προτιμοτέραν
3002 5227 3131 5283 εἶναι
3199 5234 3293 5289 τὴν
3369 5227 3664 5284 θεοσέϐειαν.
3736 5214 3819 5268 Διά

2246 5340 2399 5373 τουτο
2448 5324 2539 5372 καί
2585 5321 2890 5395 παραλιπὼν
2940 5318 3143 5382 αὐτοὺς,
3174 5337 3246 5390 τῳ
3274 5326 3378 5389 ναῷ
3425 5314 3703 5391 προσμένει,
3736 5303 3814 5354 καὶ

2244 5414 2331 5463 τόν
2362 5410 2521 5462 αὐτοῦ
2553 5412 2728 5473 πόθον,
2786 5410 3129 5484 ἰσχυρότερον
3174 5403 3302 5461 εἶναι
3356 5405 3463 5462 δεῖν
3493 5410 3581 5458 τοῦ
3610 5394 3813 5472 φυσικοῦ

2245 5500 2434 5553 κελεύει
2462 5504 2551 5552 καὶ
2580 5506 2857 5573 πατρικοῦ.
