  <div class='ocr_page' id='page_1' title='image "/cluster/home/n/w/nwhite01/storage/ocr_20150623/115/hvd.32044073502262/280.png"; bbox 0 0 4142 6196; ppageno 0'>
   <div class='ocr_carea' id='block_1_1' title="bbox 200 310 319 363">
    <p class='ocr_par' dir='ltr' id='par_1_1' title="bbox 200 310 319 363">
     <span class='ocr_line' id='line_1_1' title="bbox 200 310 319 363; baseline 0 -1"><span class='ocrx_word' id='word_1_1' title='bbox 200 310 319 363; x_wconf 71' lang='grc'><strong>549</strong></span> 
     </span>
    </p>
   </div>
   <div class='ocr_carea' id='block_1_2' title="bbox 1428 306 2423 366">
    <p class='ocr_par' dir='ltr' id='par_1_2' title="bbox 1428 306 2423 366">
     <span class='ocr_line' id='line_1_2' title="bbox 1428 306 2423 366; baseline 0.003 -3"><span class='ocrx_word' id='word_1_2' title='bbox 1428 307 1693 363; x_wconf 80' lang='lat' dir='ltr'><strong>ORATIO</strong></span> <span class='ocrx_word' id='word_1_3' title='bbox 1738 308 1825 362; x_wconf 86' lang='lat' dir='ltr'><strong>DE</strong></span> <span class='ocrx_word' id='word_1_4' title='bbox 1865 306 2139 364; x_wconf 79' lang='lat' dir='ltr'><strong>SANCTA</strong></span> <span class='ocrx_word' id='word_1_5' title='bbox 2174 308 2423 366; x_wconf 77' lang='grc' dir='ltr'><strong>ΜΑΒῘΑ.</strong></span> 
     </span>
    </p>
   </div>
   <div class='ocr_carea' id='block_1_3' title="bbox 3530 316 3638 371">
    <p class='ocr_par' dir='ltr' id='par_1_3' title="bbox 3530 316 3638 371">
     <span class='ocr_line' id='line_1_3' title="bbox 3530 316 3638 371; baseline 0 0"><span class='ocrx_word' id='word_1_6' title='bbox 3530 316 3638 371; x_wconf 82' lang='grc'><strong>550</strong></span> 
     </span>
    </p>
   </div>
   <div class='ocr_carea' id='block_1_4' title="bbox 202 431 3635 512">
    <p class='ocr_par' dir='ltr' id='par_1_4' title="bbox 202 431 3635 512">
     <span class='ocr_line' id='line_1_4' title="bbox 202 431 3635 512; baseline 0.002 -23"><span class='ocrx_word' id='word_1_7' title='bbox 202 434 428 500; x_wconf 88' lang='lat' dir='ltr'><strong>salem,</strong></span> <span class='ocrx_word' id='word_1_8' title='bbox 456 433 672 489; x_wconf 86' lang='lat' dir='ltr'><strong>festum</strong></span> <span class='ocrx_word' id='word_1_9' title='bbox 696 431 1379 489; x_wconf 74' lang='lat' dir='ltr'><strong>Paschaecelebraturus.</strong></span> <span class='ocrx_word' id='word_1_10' title='bbox 1405 432 1550 489; x_wconf 89' lang='lat' dir='ltr'><strong>Cum</strong></span> <span class='ocrx_word' id='word_1_11' title='bbox 1576 433 1872 489; x_wconf 91' lang='lat' dir='ltr'><strong>veroillud</strong></span> <span class='ocrx_word' id='word_1_12' title='bbox 1906 434 1952 488; x_wconf 86' lang='lat' dir='ltr'><strong>A</strong></span> <span class='ocrx_word' id='word_1_13' title='bbox 1985 435 2271 490; x_wconf 89' lang='lat' dir='ltr'><strong>tissimam</strong></span> <span class='ocrx_word' id='word_1_14' title='bbox 2286 436 2805 501; x_wconf 89' lang='lat' dir='ltr'><strong>Mariam,Matrem</strong></span> <span class='ocrx_word' id='word_1_15' title='bbox 2818 435 3223 508; x_wconf 87' lang='lat' dir='ltr'><strong>ejus,quivere</strong></span> <span class='ocrx_word' id='word_1_16' title='bbox 3240 442 3325 494; x_wconf 87' lang='lat' dir='ltr'><strong>est</strong></span> <span class='ocrx_word' id='word_1_17' title='bbox 3343 441 3635 512; x_wconf 83' lang='lat' dir='ltr'><strong>sapientia</strong></span> 
     </span>
    </p>
   </div>
   <div class='ocr_carea' id='block_1_5' title="bbox 205 520 1875 594">
    <p class='ocr_par' dir='ltr' id='par_1_5' title="bbox 205 520 1875 594">
     <span class='ocr_line' id='line_1_5' title="bbox 205 520 1875 594; baseline -0.001 -16"><span class='ocrx_word' id='word_1_18' title='bbox 205 523 399 579; x_wconf 88' lang='lat' dir='ltr'><strong>ﬁnem</strong></span> <span class='ocrx_word' id='word_1_19' title='bbox 433 524 784 594; x_wconf 81' lang='lat' dir='ltr'><strong>accepisset,</strong></span> <span class='ocrx_word' id='word_1_20' title='bbox 820 520 933 594; x_wconf 87' lang='lat' dir='ltr'><strong>ipsi</strong></span> <span class='ocrx_word' id='word_1_21' title='bbox 967 522 1213 593; x_wconf 87' lang='lat' dir='ltr'><strong>quidem</strong></span> <span class='ocrx_word' id='word_1_22' title='bbox 1245 523 1456 578; x_wconf 81' lang='lat' dir='ltr'><strong>reversi</strong></span> <span class='ocrx_word' id='word_1_23' title='bbox 1492 528 1629 578; x_wconf 91' lang='lat' dir='ltr'><strong>sunt</strong></span> <span class='ocrx_word' id='word_1_24' title='bbox 1661 539 1673 577; x_wconf 89' lang='lat'><strong>:</strong></span> <span class='ocrx_word' id='word_1_25' title='bbox 1704 524 1875 577; x_wconf 82' lang='lat' dir='ltr'><strong>.Iesus</strong></span> 
     </span>
    </p>
   </div>
   <div class='ocr_carea' id='block_1_6' title="bbox 207 610 1872 683">
    <p class='ocr_par' dir='ltr' id='par_1_6' title="bbox 207 610 1872 683">
     <span class='ocr_line' id='line_1_6' title="bbox 207 610 1872 683; baseline -0.002 -14"><span class='ocrx_word' id='word_1_26' title='bbox 207 618 421 669; x_wconf 86' lang='lat' dir='ltr'><strong>autem</strong></span> <span class='ocrx_word' id='word_1_27' title='bbox 451 618 654 667; x_wconf 89' lang='lat' dir='ltr'><strong>manet</strong></span> <span class='ocrx_word' id='word_1_28' title='bbox 679 627 779 667; x_wconf 91' lang='lat' dir='ltr'><strong>eos</strong></span> <span class='ocrx_word' id='word_1_29' title='bbox 809 610 1017 665; x_wconf 89' lang='lat' dir='ltr'><strong>latens.</strong></span> <span class='ocrx_word' id='word_1_30' title='bbox 1049 613 1113 666; x_wconf 86' lang='lat' dir='ltr'><strong>Et</strong></span> <span class='ocrx_word' id='word_1_31' title='bbox 1134 610 1214 666; x_wconf 85' lang='lat' dir='ltr'><strong>illi</strong></span> <span class='ocrx_word' id='word_1_32' title='bbox 1236 611 1481 683; x_wconf 89' lang='lat' dir='ltr'><strong>quidem</strong></span> <span class='ocrx_word' id='word_1_33' title='bbox 1511 611 1872 683; x_wconf 67' lang='lat' dir='ltr'><strong>quaerebant,</strong></span> 
     </span>
    </p>
   </div>
   <div class='ocr_carea' id='block_1_7' title="bbox 208 699 1870 763">
    <p class='ocr_par' dir='ltr' id='par_1_7' title="bbox 208 699 1870 763">
     <span class='ocr_line' id='line_1_7' title="bbox 208 699 1870 763; baseline -0.004 -5"><span class='ocrx_word' id='word_1_34' title='bbox 208 702 310 758; x_wconf 91' lang='lat' dir='ltr'><strong>hic</strong></span> <span class='ocrx_word' id='word_1_35' title='bbox 337 716 480 757; x_wconf 81' lang='lat' dir='ltr'><strong>vero</strong></span> <span class='ocrx_word' id='word_1_36' title='bbox 507 706 625 756; x_wconf 88' lang='lat' dir='ltr'><strong>tres</strong></span> <span class='ocrx_word' id='word_1_37' title='bbox 656 700 784 755; x_wconf 90' lang='lat' dir='ltr'><strong>dies</strong></span> <span class='ocrx_word' id='word_1_38' title='bbox 815 700 1003 756; x_wconf 91' lang='lat' dir='ltr'><strong>latuit.</strong></span> <span class='ocrx_word' id='word_1_39' title='bbox 1035 699 1258 755; x_wconf 84' lang='lat' dir='ltr'><strong>Deinde</strong></span> <span class='ocrx_word' id='word_1_40' title='bbox 1285 700 1371 755; x_wconf 90' lang='lat' dir='ltr'><strong>eis</strong></span> <span class='ocrx_word' id='word_1_41' title='bbox 1404 701 1467 755; x_wconf 83' lang='lat' dir='ltr'><strong>tit</strong></span> <span class='ocrx_word' id='word_1_42' title='bbox 1501 701 1870 763; x_wconf 89' lang='lat' dir='ltr'><strong>manifestus,</strong></span> 
     </span>
    </p>
   </div>
   <div class='ocr_carea' id='block_1_8' title="bbox 210 789 1874 862">
    <p class='ocr_par' dir='ltr' id='par_1_8' title="bbox 210 789 1874 862">
     <span class='ocr_line' id='line_1_8' title="bbox 210 789 1874 862; baseline -0.002 -17"><span class='ocrx_word' id='word_1_43' title='bbox 210 791 273 845; x_wconf 90' lang='lat' dir='ltr'><strong>in</strong></span> <span class='ocrx_word' id='word_1_44' title='bbox 329 789 552 861; x_wconf 90' lang='lat' dir='ltr'><strong>templo</strong></span> <span class='ocrx_word' id='word_1_45' title='bbox 591 789 835 862; x_wconf 87' lang='lat' dir='ltr'><strong>quidem</strong></span> <span class='ocrx_word' id='word_1_46' title='bbox 898 789 1126 855; x_wconf 91' lang='lat' dir='ltr'><strong>sedens,</strong></span> <span class='ocrx_word' id='word_1_47' title='bbox 1168 789 1347 844; x_wconf 86' lang='lat' dir='ltr'><strong>simul</strong></span> <span class='ocrx_word' id='word_1_48' title='bbox 1384 795 1583 844; x_wconf 90' lang='lat' dir='ltr'><strong>autem</strong></span> <span class='ocrx_word' id='word_1_49' title='bbox 1623 789 1874 845; x_wconf 91' lang='lat' dir='ltr'><strong>audiens</strong></span> 
     </span>
    </p>
   </div>
   <div class='ocr_carea' id='block_1_9' title="bbox 209 877 1874 950">
    <p class='ocr_par' dir='ltr' id='par_1_9' title="bbox 209 877 1874 950">
     <span class='ocr_line' id='line_1_9' title="bbox 209 877 1874 950; baseline -0.001 -16"><span class='ocrx_word' id='word_1_50' title='bbox 209 880 519 944; x_wconf 88' lang='lat' dir='ltr'><strong>doctores,</strong></span> <span class='ocrx_word' id='word_1_51' title='bbox 554 884 610 934; x_wconf 91' lang='lat' dir='ltr'><strong>et</strong></span> <span class='ocrx_word' id='word_1_52' title='bbox 656 894 795 933; x_wconf 88' lang='lat' dir='ltr'><strong>cum</strong></span> <span class='ocrx_word' id='word_1_53' title='bbox 847 878 961 934; x_wconf 86' lang='lat' dir='ltr'><strong>illis</strong></span> <span class='ocrx_word' id='word_1_54' title='bbox 1007 879 1331 943; x_wconf 84' lang='lat' dir='ltr'><strong>disserens,</strong></span> <span class='ocrx_word' id='word_1_55' title='bbox 1360 884 1417 934; x_wconf 92' lang='lat' dir='ltr'><strong>et</strong></span> <span class='ocrx_word' id='word_1_56' title='bbox 1470 878 1531 933; x_wconf 93' lang='lat' dir='ltr'><strong>in</strong></span> <span class='ocrx_word' id='word_1_57' title='bbox 1573 877 1874 950; x_wconf 84' lang='lat' dir='ltr'><strong>responsis</strong></span> 
     </span>
    </p>
   </div>
   <div class='ocr_carea' id='block_1_10' title="bbox 210 966 1873 1038">
    <p class='ocr_par' dir='ltr' id='par_1_10' title="bbox 210 966 1873 1038">
     <span class='ocr_line' id='line_1_10' title="bbox 210 966 1873 1038; baseline -0.002 -15"><span class='ocrx_word' id='word_1_58' title='bbox 210 967 523 1023; x_wconf 81' lang='lat' dir='ltr'><strong>auditores</strong></span> <span class='ocrx_word' id='word_1_59' title='bbox 546 966 807 1023; x_wconf 77' lang='lat' dir='ltr'><strong>afﬁciens</strong></span> <span class='ocrx_word' id='word_1_60' title='bbox 832 967 1243 1024; x_wconf 78' lang='lat' dir='ltr'><strong>admiratione.</strong></span> <span class='ocrx_word' id='word_1_61' title='bbox 1269 970 1329 1024; x_wconf 91' lang='lat' dir='ltr'><strong>In</strong></span> <span class='ocrx_word' id='word_1_62' title='bbox 1349 968 1460 1024; x_wconf 91' lang='lat' dir='ltr'><strong>hoc</strong></span> <span class='ocrx_word' id='word_1_63' title='bbox 1486 970 1644 1023; x_wconf 90' lang='lat' dir='ltr'><strong>enim</strong></span> <span class='ocrx_word' id='word_1_64' title='bbox 1667 966 1873 1038; x_wconf 87' lang='lat' dir='ltr'><strong>imple-</strong></span> 
     </span>
    </p>
   </div>
   <div class='ocr_carea' id='block_1_11' title="bbox 211 1055 1874 1131">
    <p class='ocr_par' dir='ltr' id='par_1_11' title="bbox 211 1055 1874 1131">
     <span class='ocr_line' id='line_1_11' title="bbox 211 1055 1874 1131; baseline 0.001 -22"><span class='ocrx_word' id='word_1_65' title='bbox 211 1055 410 1125; x_wconf 88' lang='lat' dir='ltr'><strong>batur,</strong></span> <span class='ocrx_word' id='word_1_66' title='bbox 438 1056 601 1128; x_wconf 88' lang='lat' dir='ltr'><strong>quod</strong></span> <span class='ocrx_word' id='word_1_67' title='bbox 619 1057 687 1112; x_wconf 93' lang='lat' dir='ltr'><strong>de</strong></span> <span class='ocrx_word' id='word_1_68' title='bbox 709 1056 808 1111; x_wconf 91' lang='lat' dir='ltr'><strong>illo</strong></span> <span class='ocrx_word' id='word_1_69' title='bbox 835 1056 1122 1128; x_wconf 87' lang='lat' dir='ltr'><strong>scriptum</strong></span> <span class='ocrx_word' id='word_1_70' title='bbox 1144 1063 1250 1122; x_wconf 90' lang='lat' dir='ltr'><strong>est,</strong></span> <span class='ocrx_word' id='word_1_71' title='bbox 1273 1058 1437 1130; x_wconf 92' lang='lat' dir='ltr'><strong>quod</strong></span> <span class='ocrx_word' id='word_1_72' title='bbox 1466 1072 1612 1131; x_wconf 81' lang='lat' dir='ltr'><strong>puer</strong></span> <span class='ocrx_word' id='word_1_73' title='bbox 1641 1058 1874 1127; x_wconf 84' lang='lat' dir='ltr'><strong>confor-</strong></span> 
     </span>
    </p>
   </div>
   <div class='ocr_carea' id='block_1_12' title="bbox 211 1146 1873 1218">
    <p class='ocr_par' dir='ltr' id='par_1_12' title="bbox 211 1146 1873 1218">
     <span class='ocr_line' id='line_1_12' title="bbox 211 1146 1873 1218; baseline -0.002 -15"><span class='ocrx_word' id='word_1_74' title='bbox 211 1146 768 1213; x_wconf 75' lang='lat' dir='ltr'><strong>tabaturspiritu,et</strong></span> <span class='ocrx_word' id='word_1_75' title='bbox 786 1148 1127 1217; x_wconf 81' lang='lat' dir='ltr'><strong>proﬁciebat</strong></span> <span class='ocrx_word' id='word_1_76' title='bbox 1144 1148 1431 1216; x_wconf 72' lang='lat' dir='ltr'><strong>sapientia</strong></span> <span class='ocrx_word' id='word_1_77' title='bbox 1446 1154 1498 1205; x_wconf 89' lang='lat' dir='ltr'><strong>et</strong></span> <span class='ocrx_word' id='word_1_78' title='bbox 1516 1150 1709 1218; x_wconf 79' lang='lat' dir='ltr'><strong>gratia</strong></span> <span class='ocrx_word' id='word_1_79' title='bbox 1722 1146 1873 1216; x_wconf 82' lang='lat' dir='ltr'><strong>apud</strong></span> 
     </span>
    </p>
   </div>
   <div class='ocr_carea' id='block_1_13' title="bbox 216 1236 1874 1308">
    <p class='ocr_par' dir='ltr' id='par_1_13' title="bbox 216 1236 1874 1308">
     <span class='ocr_line' id='line_1_13' title="bbox 216 1236 1874 1308; baseline -0.001 -17"><span class='ocrx_word' id='word_1_80' title='bbox 216 1237 399 1292; x_wconf 84' lang='lat' dir='ltr'><strong>Deum</strong></span> <span class='ocrx_word' id='word_1_81' title='bbox 431 1242 488 1293; x_wconf 87' lang='lat' dir='ltr'><strong>et</strong></span> <span class='ocrx_word' id='word_1_82' title='bbox 521 1236 806 1303; x_wconf 79' lang='lat' dir='ltr'><strong>homines,</strong></span> <span class='ocrx_word' id='word_1_83' title='bbox 838 1251 910 1291; x_wconf 93' lang='lat' dir='ltr'><strong>eo</strong></span> <span class='ocrx_word' id='word_1_84' title='bbox 938 1236 1104 1308; x_wconf 88' lang='lat' dir='ltr'><strong>quod</strong></span> <span class='ocrx_word' id='word_1_85' title='bbox 1132 1236 1332 1291; x_wconf 92' lang='lat' dir='ltr'><strong>multis</strong></span> <span class='ocrx_word' id='word_1_86' title='bbox 1364 1236 1495 1291; x_wconf 89' lang='lat' dir='ltr'><strong>talis</strong></span> <span class='ocrx_word' id='word_1_87' title='bbox 1526 1253 1653 1291; x_wconf 86' lang='lat' dir='ltr'><strong>esse</strong></span> <span class='ocrx_word' id='word_1_88' title='bbox 1684 1236 1874 1291; x_wconf 89' lang='lat' dir='ltr'><strong>decla-</strong></span> 
     </span>
    </p>
   </div>
   <div class='ocr_carea' id='block_1_14' title="bbox 210 1324 1875 1397">
    <p class='ocr_par' dir='ltr' id='par_1_14' title="bbox 210 1324 1875 1397">
     <span class='ocr_line' id='line_1_14' title="bbox 210 1324 1875 1397; baseline -0.001 -16"><span class='ocrx_word' id='word_1_89' title='bbox 210 1330 399 1381; x_wconf 83' lang='lat' dir='ltr'><strong>retur.</strong></span> <span class='ocrx_word' id='word_1_90' title='bbox 427 1327 587 1381; x_wconf 90' lang='lat' dir='ltr'><strong>Latet</strong></span> <span class='ocrx_word' id='word_1_91' title='bbox 612 1330 812 1381; x_wconf 88' lang='lat' dir='ltr'><strong>autem</strong></span> <span class='ocrx_word' id='word_1_92' title='bbox 833 1330 1132 1396; x_wconf 88' lang='lat' dir='ltr'><strong>parentes,</strong></span> <span class='ocrx_word' id='word_1_93' title='bbox 1153 1340 1226 1379; x_wconf 91' lang='lat' dir='ltr'><strong>ne</strong></span> <span class='ocrx_word' id='word_1_94' title='bbox 1252 1325 1331 1380; x_wconf 92' lang='lat' dir='ltr'><strong>ab</strong></span> <span class='ocrx_word' id='word_1_95' title='bbox 1357 1326 1439 1379; x_wconf 93' lang='lat' dir='ltr'><strong>eis</strong></span> <span class='ocrx_word' id='word_1_96' title='bbox 1468 1324 1875 1397; x_wconf 77' lang='lat' dir='ltr'><strong>prohiberetur</strong></span> 
     </span>
    </p>
   </div>
   <div class='ocr_carea' id='block_1_15' title="bbox 210 1412 1874 1485">
    <p class='ocr_par' dir='ltr' id='par_1_15' title="bbox 210 1412 1874 1485">
     <span class='ocr_line' id='line_1_15' title="bbox 210 1412 1874 1485; baseline 0 -17"><span class='ocrx_word' id='word_1_97' title='bbox 210 1413 511 1469; x_wconf 83' lang='lat' dir='ltr'><strong>disserere</strong></span> <span class='ocrx_word' id='word_1_98' title='bbox 540 1428 678 1469; x_wconf 91' lang='lat' dir='ltr'><strong>cum</strong></span> <span class='ocrx_word' id='word_1_99' title='bbox 705 1412 1083 1484; x_wconf 90' lang='lat' dir='ltr'><strong>jurisperitis,</strong></span> <span class='ocrx_word' id='word_1_100' title='bbox 1121 1416 1183 1467; x_wconf 90' lang='lat' dir='ltr'><strong>ut</strong></span> <span class='ocrx_word' id='word_1_101' title='bbox 1206 1412 1309 1485; x_wconf 91' lang='lat' dir='ltr'><strong>qui</strong></span> <span class='ocrx_word' id='word_1_102' title='bbox 1340 1415 1553 1468; x_wconf 80' lang='lat' dir='ltr'><strong>scirent</strong></span> <span class='ocrx_word' id='word_1_103' title='bbox 1584 1429 1720 1467; x_wconf 89' lang='lat' dir='ltr'><strong>eum</strong></span> <span class='ocrx_word' id='word_1_104' title='bbox 1753 1428 1874 1468; x_wconf 92' lang='lat' dir='ltr'><strong>non</strong></span> 
     </span>
    </p>
   </div>
   <div class='ocr_carea' id='block_1_16' title="bbox 212 1502 1875 1567">
    <p class='ocr_par' dir='ltr' id='par_1_16' title="bbox 212 1502 1875 1567">
     <span class='ocr_line' id='line_1_16' title="bbox 212 1502 1875 1567; baseline -0.001 -9"><span class='ocrx_word' id='word_1_105' title='bbox 212 1502 501 1560; x_wconf 88' lang='lat' dir='ltr'><strong>didicisse</strong></span> <span class='ocrx_word' id='word_1_106' title='bbox 530 1502 775 1567; x_wconf 85' lang='lat' dir='ltr'><strong>litteras,</strong></span> <span class='ocrx_word' id='word_1_107' title='bbox 822 1508 879 1557; x_wconf 93' lang='lat' dir='ltr'><strong>et</strong></span> <span class='ocrx_word' id='word_1_108' title='bbox 918 1506 1218 1567; x_wconf 86' lang='lat' dir='ltr'><strong>caverent,</strong></span> <span class='ocrx_word' id='word_1_109' title='bbox 1250 1517 1323 1557; x_wconf 92' lang='lat' dir='ltr'><strong>ne</strong></span> <span class='ocrx_word' id='word_1_110' title='bbox 1350 1502 1647 1557; x_wconf 88' lang='lat' dir='ltr'><strong>laberetur</strong></span> <span class='ocrx_word' id='word_1_111' title='bbox 1671 1502 1727 1557; x_wconf 90' lang='lat' dir='ltr'><strong>in</strong></span> <span class='ocrx_word' id='word_1_112' title='bbox 1757 1518 1875 1557; x_wconf 87' lang='lat' dir='ltr'><strong>ser-</strong></span> 
     </span>
    </p>
   </div>
   <div class='ocr_carea' id='block_1_17' title="bbox 223 1591 1877 1662">
    <p class='ocr_par' dir='ltr' id='par_1_17' title="bbox 223 1591 1877 1662">
     <span class='ocr_line' id='line_1_17' title="bbox 223 1591 1877 1662; baseline -0.001 -15"><span class='ocrx_word' id='word_1_113' title='bbox 223 1607 408 1648; x_wconf 89' lang='lat' dir='ltr'><strong>mone</strong></span> <span class='ocrx_word' id='word_1_114' title='bbox 447 1609 461 1648; x_wconf 89' lang='lat'><strong>:</strong></span> <span class='ocrx_word' id='word_1_115' title='bbox 494 1600 597 1648; x_wconf 88' lang='lat' dir='ltr'><strong>aut</strong></span> <span class='ocrx_word' id='word_1_116' title='bbox 620 1592 869 1649; x_wconf 84' lang='lat' dir='ltr'><strong>fortasse</strong></span> <span class='ocrx_word' id='word_1_117' title='bbox 899 1606 1138 1657; x_wconf 89' lang='lat' dir='ltr'><strong>cavens,</strong></span> <span class='ocrx_word' id='word_1_118' title='bbox 1167 1607 1238 1646; x_wconf 91' lang='lat' dir='ltr'><strong>ne</strong></span> <span class='ocrx_word' id='word_1_119' title='bbox 1269 1591 1564 1647; x_wconf 90' lang='lat' dir='ltr'><strong>videretur</strong></span> <span class='ocrx_word' id='word_1_120' title='bbox 1601 1596 1877 1662; x_wconf 89' lang='lat' dir='ltr'><strong>parentes</strong></span> 
     </span>
    </p>
   </div>
   <div class='ocr_carea' id='block_1_18' title="bbox 220 1680 1880 1753">
    <p class='ocr_par' dir='ltr' id='par_1_18' title="bbox 220 1680 1880 1753">
     <span class='ocr_line' id='line_1_18' title="bbox 220 1680 1880 1753; baseline -0.001 -16"><span class='ocrx_word' id='word_1_121' title='bbox 220 1681 447 1737; x_wconf 88' lang='lat' dir='ltr'><strong>habere</strong></span> <span class='ocrx_word' id='word_1_122' title='bbox 466 1682 847 1752; x_wconf 88' lang='lat' dir='ltr'><strong>contemptui,</strong></span> <span class='ocrx_word' id='word_1_123' title='bbox 869 1697 939 1737; x_wconf 93' lang='lat' dir='ltr'><strong>eo</strong></span> <span class='ocrx_word' id='word_1_124' title='bbox 957 1680 1118 1753; x_wconf 90' lang='lat' dir='ltr'><strong>quod</strong></span> <span class='ocrx_word' id='word_1_125' title='bbox 1140 1696 1261 1736; x_wconf 91' lang='lat' dir='ltr'><strong>non</strong></span> <span class='ocrx_word' id='word_1_126' title='bbox 1288 1681 1631 1752; x_wconf 89' lang='lat' dir='ltr'><strong>parentibus</strong></span> <span class='ocrx_word' id='word_1_127' title='bbox 1649 1687 1880 1752; x_wconf 89' lang='lat' dir='ltr'><strong>pareret</strong></span> 
     </span>
    </p>
   </div>
   <div class='ocr_carea' id='block_1_19' title="bbox 1982 524 3634 597">
    <p class='ocr_par' dir='ltr' id='par_1_19' title="bbox 1982 524 3634 597">
     <span class='ocr_line' id='line_1_19' title="bbox 1982 524 3634 597; baseline 0.006 -21"><span class='ocrx_word' id='word_1_128' title='bbox 1982 527 2268 577; x_wconf 90' lang='lat' dir='ltr'><strong>etarcana</strong></span> <span class='ocrx_word' id='word_1_129' title='bbox 2295 525 2572 593; x_wconf 83' lang='lat' dir='ltr'><strong>cognitio.</strong></span> <span class='ocrx_word' id='word_1_130' title='bbox 2601 525 3005 580; x_wconf 80' lang='lat' dir='ltr'><strong>Conserrabat</strong></span> <span class='ocrx_word' id='word_1_131' title='bbox 3023 524 3417 597; x_wconf 90' lang='lat' dir='ltr'><strong>enim,inquit,</strong></span> <span class='ocrx_word' id='word_1_132' title='bbox 3434 532 3634 587; x_wconf 82' lang='lat' dir='ltr'><strong>omnia</strong></span> 
     </span>
    </p>
   </div>
   <div class='ocr_carea' id='block_1_20' title="bbox 1983 611 3634 686">
    <p class='ocr_par' dir='ltr' id='par_1_20' title="bbox 1983 611 3634 686">
     <span class='ocr_line' id='line_1_20' title="bbox 1983 611 3634 686; baseline 0.005 -19"><span class='ocrx_word' id='word_1_133' title='bbox 1983 611 2161 667; x_wconf 86' lang='lat' dir='ltr'><strong>verba</strong></span> <span class='ocrx_word' id='word_1_134' title='bbox 2194 612 2318 669; x_wconf 66' lang='lat' dir='ltr'><strong>haec</strong></span> <span class='ocrx_word' id='word_1_135' title='bbox 2344 615 2407 669; x_wconf 80' lang='lat' dir='ltr'><strong>in</strong></span> <span class='ocrx_word' id='word_1_136' title='bbox 2434 615 2609 670; x_wconf 82' lang='lat' dir='ltr'><strong>corde</strong></span> <span class='ocrx_word' id='word_1_137' title='bbox 2640 630 2743 669; x_wconf 82' lang='lat' dir='ltr'><strong>suo</strong></span> <span class='ocrx_word' id='word_1_138' title='bbox 2770 616 2815 649; x_wconf 70' lang='grc'><strong>³9</strong></span> <span class='ocrx_word' id='word_1_139' title='bbox 2845 634 2855 672; x_wconf 89' lang='lat'>:</span> <span class='ocrx_word' id='word_1_140' title='bbox 2885 615 3037 669; x_wconf 83' lang='lat' dir='ltr'><strong>sicut</strong></span> <span class='ocrx_word' id='word_1_141' title='bbox 3066 616 3246 670; x_wconf 81' lang='lat' dir='ltr'><strong>etiam</strong></span> <span class='ocrx_word' id='word_1_142' title='bbox 3271 617 3429 686; x_wconf 90' lang='lat' dir='ltr'><strong>prius</strong></span> <span class='ocrx_word' id='word_1_143' title='bbox 3449 618 3509 674; x_wconf 91' lang='lat' dir='ltr'><strong>in</strong></span> <span class='ocrx_word' id='word_1_144' title='bbox 3532 621 3634 676; x_wconf 91' lang='lat' dir='ltr'><strong>ad-</strong></span> 
     </span>
    </p>
   </div>
   <div class='ocr_carea' id='block_1_21' title="bbox 1984 702 3637 774">
    <p class='ocr_par' dir='ltr' id='par_1_21' title="bbox 1984 702 3637 774">
     <span class='ocr_line' id='line_1_21' title="bbox 1984 702 3637 774; baseline 0.006 -20"><span class='ocrx_word' id='word_1_145' title='bbox 1984 708 2163 756; x_wconf 89' lang='lat' dir='ltr'><strong>ventu</strong></span> <span class='ocrx_word' id='word_1_146' title='bbox 2218 708 2550 774; x_wconf 87' lang='lat' dir='ltr'><strong>pastorum,</strong></span> <span class='ocrx_word' id='word_1_147' title='bbox 2607 710 2660 757; x_wconf 93' lang='lat' dir='ltr'><strong>et</strong></span> <span class='ocrx_word' id='word_1_148' title='bbox 2719 703 2979 774; x_wconf 67' lang='lat' dir='ltr'><strong>iisquae</strong></span> <span class='ocrx_word' id='word_1_149' title='bbox 3029 702 3109 758; x_wconf 90' lang='lat' dir='ltr'><strong>illi</strong></span> <span class='ocrx_word' id='word_1_150' title='bbox 3164 704 3289 760; x_wconf 92' lang='lat' dir='ltr'><strong>visa</strong></span> <span class='ocrx_word' id='word_1_151' title='bbox 3347 712 3399 761; x_wconf 94' lang='lat' dir='ltr'><strong>et</strong></span> <span class='ocrx_word' id='word_1_152' title='bbox 3431 708 3637 764; x_wconf 91' lang='lat' dir='ltr'><strong>audita</strong></span> 
     </span>
    </p>
   </div>
   <div class='ocr_carea' id='block_1_22' title="bbox 1983 790 3637 851">
    <p class='ocr_par' dir='ltr' id='par_1_22' title="bbox 1983 790 3637 851">
     <span class='ocr_line' id='line_1_22' title="bbox 1983 790 3637 851; baseline 0.004 -7"><span class='ocrx_word' id='word_1_153' title='bbox 1983 790 2320 846; x_wconf 85' lang='lat' dir='ltr'><strong>narrabant.</strong></span> <span class='ocrx_word' id='word_1_154' title='bbox 2351 794 2418 847; x_wconf 91' lang='lat' dir='ltr'><strong>Et</strong></span> <span class='ocrx_word' id='word_1_155' title='bbox 2447 798 2586 847; x_wconf 92' lang='lat' dir='ltr'><strong>tunc</strong></span> <span class='ocrx_word' id='word_1_156' title='bbox 2613 791 2801 847; x_wconf 92' lang='lat' dir='ltr'><strong>Lucas</strong></span> <span class='ocrx_word' id='word_1_157' title='bbox 2831 791 3097 846; x_wconf 91' lang='lat' dir='ltr'><strong>similiter</strong></span> <span class='ocrx_word' id='word_1_158' title='bbox 3114 793 3241 847; x_wconf 61' lang='lat' dir='ltr'><strong>hinc</strong></span> <span class='ocrx_word' id='word_1_159' title='bbox 3268 795 3474 850; x_wconf 91' lang='lat' dir='ltr'><strong>omnia</strong></span> <span class='ocrx_word' id='word_1_160' title='bbox 3495 795 3637 851; x_wconf 85' lang='lat' dir='ltr'><strong>dixit</strong></span> 
     </span>
    </p>
   </div>
   <div class='ocr_carea' id='block_1_23' title="bbox 1984 878 3634 954">
    <p class='ocr_par' dir='ltr' id='par_1_23' title="bbox 1984 878 3634 954">
     <span class='ocr_line' id='line_1_23' title="bbox 1984 878 3634 954; baseline 0.005 -23"><span class='ocrx_word' id='word_1_161' title='bbox 1984 878 2233 935; x_wconf 88' lang='lat' dir='ltr'><strong>Mariam</strong></span> <span class='ocrx_word' id='word_1_162' title='bbox 2274 897 2649 938; x_wconf 86' lang='lat' dir='ltr'><strong>conservare.</strong></span> <span class='ocrx_word' id='word_1_163' title='bbox 2686 883 2811 936; x_wconf 84' lang='lat' dir='ltr'><strong>Non</strong></span> <span class='ocrx_word' id='word_1_164' title='bbox 2844 882 3001 936; x_wconf 90' lang='lat' dir='ltr'><strong>enim</strong></span> <span class='ocrx_word' id='word_1_165' title='bbox 3024 880 3098 945; x_wconf 90' lang='lat' dir='ltr'><strong>ei,</strong></span> <span class='ocrx_word' id='word_1_166' title='bbox 3134 887 3425 954; x_wconf 89' lang='lat' dir='ltr'><strong>tanquam</strong></span> <span class='ocrx_word' id='word_1_167' title='bbox 3458 883 3634 940; x_wconf 88' lang='lat' dir='ltr'><strong>alicui</strong></span> 
     </span>
    </p>
   </div>
   <div class='ocr_carea' id='block_1_24' title="bbox 1984 968 3633 1043">
    <p class='ocr_par' dir='ltr' id='par_1_24' title="bbox 1984 968 3633 1043">
     <span class='ocr_line' id='line_1_24' title="bbox 1984 968 3633 1043; baseline 0.004 -21"><span class='ocrx_word' id='word_1_168' title='bbox 1984 968 2191 1024; x_wconf 85' lang='lat' dir='ltr'><strong>infanti</strong></span> <span class='ocrx_word' id='word_1_169' title='bbox 2231 970 2599 1034; x_wconf 90' lang='lat' dir='ltr'><strong>attendebat,</strong></span> <span class='ocrx_word' id='word_1_170' title='bbox 2643 970 2747 1025; x_wconf 91' lang='lat' dir='ltr'><strong>sed</strong></span> <span class='ocrx_word' id='word_1_171' title='bbox 2787 986 2923 1041; x_wconf 63' lang='lat' dir='ltr'><strong>quae</strong></span> <span class='ocrx_word' id='word_1_172' title='bbox 2964 968 3337 1035; x_wconf 89' lang='lat' dir='ltr'><strong>dicebantur,</strong></span> <span class='ocrx_word' id='word_1_173' title='bbox 3400 972 3633 1043; x_wconf 88' lang='lat' dir='ltr'><strong>plurimi</strong></span> 
     </span>
    </p>
   </div>
   <div class='ocr_carea' id='block_1_25' title="bbox 1982 1056 3637 1130">
    <p class='ocr_par' dir='ltr' id='par_1_25' title="bbox 1982 1056 3637 1130">
     <span class='ocr_line' id='line_1_25' title="bbox 1982 1056 3637 1130; baseline 0.004 -19"><span class='ocrx_word' id='word_1_174' title='bbox 1982 1056 2240 1113; x_wconf 88' lang='lat' dir='ltr'><strong>faciebat</strong></span> <span class='ocrx_word' id='word_1_175' title='bbox 2272 1080 2283 1115; x_wconf 90' lang='lat'><strong>:</strong></span> <span class='ocrx_word' id='word_1_176' title='bbox 2313 1064 2369 1114; x_wconf 90' lang='lat' dir='ltr'><strong>et</strong></span> <span class='ocrx_word' id='word_1_177' title='bbox 2391 1059 2536 1115; x_wconf 88' lang='lat' dir='ltr'><strong>nihil</strong></span> <span class='ocrx_word' id='word_1_178' title='bbox 2565 1064 2691 1114; x_wconf 90' lang='lat' dir='ltr'><strong>erat</strong></span> <span class='ocrx_word' id='word_1_179' title='bbox 2706 1075 2778 1114; x_wconf 85' lang='lat' dir='ltr'><strong>ex</strong></span> <span class='ocrx_word' id='word_1_180' title='bbox 2802 1060 3017 1130; x_wconf 70' lang='lat' dir='ltr'><strong>iisquae</strong></span> <span class='ocrx_word' id='word_1_181' title='bbox 3040 1058 3264 1129; x_wconf 90' lang='lat' dir='ltr'><strong>abipso</strong></span> <span class='ocrx_word' id='word_1_182' title='bbox 3288 1058 3637 1118; x_wconf 89' lang='lat' dir='ltr'><strong>dicebantur</strong></span> 
     </span>
    </p>
   </div>
   <div class='ocr_carea' id='block_1_26' title="bbox 1983 1146 3635 1220">
    <p class='ocr_par' dir='ltr' id='par_1_26' title="bbox 1983 1146 3635 1220">
     <span class='ocr_line' id='line_1_26' title="bbox 1983 1146 3635 1220; baseline 0.005 -21"><span class='ocrx_word' id='word_1_183' title='bbox 1983 1152 2037 1200; x_wconf 91' lang='lat' dir='ltr'><strong>et</strong></span> <span class='ocrx_word' id='word_1_184' title='bbox 2096 1146 2339 1217; x_wconf 82' lang='lat' dir='ltr'><strong>fiebant,</strong></span> <span class='ocrx_word' id='word_1_185' title='bbox 2373 1148 2539 1219; x_wconf 89' lang='lat' dir='ltr'><strong>quod</strong></span> <span class='ocrx_word' id='word_1_186' title='bbox 2603 1163 2723 1203; x_wconf 91' lang='lat' dir='ltr'><strong>non</strong></span> <span class='ocrx_word' id='word_1_187' title='bbox 2755 1163 2827 1203; x_wconf 92' lang='lat' dir='ltr'><strong>ea</strong></span> <span class='ocrx_word' id='word_1_188' title='bbox 2868 1162 3089 1215; x_wconf 89' lang='lat' dir='ltr'><strong>magno</strong></span> <span class='ocrx_word' id='word_1_189' title='bbox 3130 1148 3330 1204; x_wconf 90' lang='lat' dir='ltr'><strong>studio</strong></span> <span class='ocrx_word' id='word_1_190' title='bbox 3384 1149 3635 1220; x_wconf 90' lang='lat' dir='ltr'><strong>dignum</strong></span> 
     </span>
    </p>
   </div>
   <div class='ocr_carea' id='block_1_27' title="bbox 1982 1234 3637 1311">
    <p class='ocr_par' dir='ltr' id='par_1_27' title="bbox 1982 1234 3637 1311">
     <span class='ocr_line' id='line_1_27' title="bbox 1982 1234 3637 1311; baseline 0.004 -22"><span class='ocrx_word' id='word_1_191' title='bbox 1982 1234 2246 1299; x_wconf 90' lang='lat' dir='ltr'><strong>duceret,</strong></span> <span class='ocrx_word' id='word_1_192' title='bbox 2270 1241 2323 1291; x_wconf 92' lang='lat' dir='ltr'><strong>et</strong></span> <span class='ocrx_word' id='word_1_193' title='bbox 2337 1236 2515 1291; x_wconf 92' lang='lat' dir='ltr'><strong>corde</strong></span> <span class='ocrx_word' id='word_1_194' title='bbox 2532 1236 2843 1307; x_wconf 83' lang='lat' dir='ltr'><strong>diligenter</strong></span> <span class='ocrx_word' id='word_1_195' title='bbox 2861 1236 3100 1300; x_wconf 86' lang='lat' dir='ltr'><strong>celaret,</strong></span> <span class='ocrx_word' id='word_1_196' title='bbox 3129 1237 3469 1294; x_wconf 89' lang='lat' dir='ltr'><strong>divinarum</strong></span> <span class='ocrx_word' id='word_1_197' title='bbox 3486 1256 3637 1311; x_wconf 89' lang='lat' dir='ltr'><strong>qua-</strong></span> 
     </span>
    </p>
   </div>
   <div class='ocr_carea' id='block_1_28' title="bbox 1981 1324 3634 1396">
    <p class='ocr_par' dir='ltr' id='par_1_28' title="bbox 1981 1324 3634 1396">
     <span class='ocr_line' id='line_1_28' title="bbox 1981 1324 3634 1396; baseline 0.004 -17"><span class='ocrx_word' id='word_1_198' title='bbox 1981 1324 2264 1380; x_wconf 89' lang='lat' dir='ltr'><strong>rumdam</strong></span> <span class='ocrx_word' id='word_1_199' title='bbox 2325 1341 2524 1381; x_wconf 91' lang='lat' dir='ltr'><strong>rerum</strong></span> <span class='ocrx_word' id='word_1_200' title='bbox 2582 1331 2638 1381; x_wconf 93' lang='lat' dir='ltr'><strong>et</strong></span> <span class='ocrx_word' id='word_1_201' title='bbox 2685 1341 3042 1382; x_wconf 87' lang='lat' dir='ltr'><strong>arcanarum</strong></span> <span class='ocrx_word' id='word_1_202' title='bbox 3092 1342 3161 1381; x_wconf 90' lang='lat' dir='ltr'><strong>ea</strong></span> <span class='ocrx_word' id='word_1_203' title='bbox 3210 1342 3337 1382; x_wconf 89' lang='lat' dir='ltr'><strong>esse</strong></span> <span class='ocrx_word' id='word_1_204' title='bbox 3379 1330 3634 1396; x_wconf 89' lang='lat' dir='ltr'><strong>semina,</strong></span> 
     </span>
    </p>
   </div>
   <div class='ocr_carea' id='block_1_29' title="bbox 1982 1414 3347 1487">
    <p class='ocr_par' dir='ltr' id='par_1_29' title="bbox 1982 1414 3347 1487">
     <span class='ocr_line' id='line_1_29' title="bbox 1982 1414 3347 1487; baseline 0 -19"><span class='ocrx_word' id='word_1_205' title='bbox 1982 1428 2203 1485; x_wconf 88' lang='lat' dir='ltr'><strong>easque</strong></span> <span class='ocrx_word' id='word_1_206' title='bbox 2242 1414 2355 1470; x_wconf 85' lang='lat' dir='ltr'><strong>illis</strong></span> <span class='ocrx_word' id='word_1_207' title='bbox 2389 1417 2828 1487; x_wconf 67' lang='lat' dir='ltr'><strong>praemonstrari</strong></span> <span class='ocrx_word' id='word_1_208' title='bbox 2867 1420 3022 1471; x_wconf 89' lang='lat' dir='ltr'><strong>recte</strong></span> <span class='ocrx_word' id='word_1_209' title='bbox 3047 1415 3347 1486; x_wconf 90' lang='lat' dir='ltr'><strong>judicans.</strong></span> 
     </span>
    </p>
   </div>
   <div class='ocr_carea' id='block_1_30' title="bbox 2058 1503 3634 1577">
    <p class='ocr_par' dir='ltr' id='par_1_30' title="bbox 2058 1503 3634 1577">
     <span class='ocr_line' id='line_1_30' title="bbox 2058 1503 3634 1577; baseline 0.003 -21"><span class='ocrx_word' id='word_1_210' title='bbox 2058 1503 2235 1557; x_wconf 84' lang='lat' dir='ltr'><strong>XXVI.</strong></span> <span class='ocrx_word' id='word_1_211' title='bbox 2265 1503 2405 1559; x_wconf 86' lang='lat' dir='ltr'><strong>Post</strong></span> <span class='ocrx_word' id='word_1_212' title='bbox 2443 1504 2569 1559; x_wconf 66' lang='lat' dir='ltr'><strong>haec</strong></span> <span class='ocrx_word' id='word_1_213' title='bbox 2611 1504 2932 1575; x_wconf 90' lang='lat' dir='ltr'><strong>baptisma,</strong></span> <span class='ocrx_word' id='word_1_214' title='bbox 2969 1509 3103 1576; x_wconf 91' lang='lat' dir='ltr'><strong>post</strong></span> <span class='ocrx_word' id='word_1_215' title='bbox 3140 1505 3305 1577; x_wconf 89' lang='lat' dir='ltr'><strong>quod</strong></span> <span class='ocrx_word' id='word_1_216' title='bbox 3348 1505 3634 1563; x_wconf 90' lang='lat' dir='ltr'><strong>miracula</strong></span> 
     </span>
    </p>
   </div>
   <div class='ocr_carea' id='block_1_31' title="bbox 1984 1592 3634 1667">
    <p class='ocr_par' dir='ltr' id='par_1_31' title="bbox 1984 1592 3634 1667">
     <span class='ocr_line' id='line_1_31' title="bbox 1984 1592 3634 1667; baseline 0.004 -22"><span class='ocrx_word' id='word_1_217' title='bbox 1984 1606 2247 1663; x_wconf 86' lang='lat' dir='ltr'><strong>quoque;</strong></span> <span class='ocrx_word' id='word_1_218' title='bbox 2284 1592 2389 1648; x_wconf 90' lang='lat' dir='ltr'><strong>sed</strong></span> <span class='ocrx_word' id='word_1_219' title='bbox 2430 1593 2519 1664; x_wconf 92' lang='lat' dir='ltr'><strong>(ut</strong></span> <span class='ocrx_word' id='word_1_220' title='bbox 2550 1594 2785 1649; x_wconf 85' lang='lat' dir='ltr'><strong>divinus</strong></span> <span class='ocrx_word' id='word_1_221' title='bbox 2815 1593 2956 1649; x_wconf 89' lang='lat' dir='ltr'><strong>dicit</strong></span> <span class='ocrx_word' id='word_1_222' title='bbox 2979 1596 3238 1649; x_wconf 83' lang='lat' dir='ltr'><strong>Joannes</strong></span> <span class='ocrx_word' id='word_1_223' title='bbox 3264 1594 3333 1665; x_wconf 79' lang='lat'><strong>‘0)</strong></span> <span class='ocrx_word' id='word_1_224' title='bbox 3367 1594 3425 1650; x_wconf 93' lang='lat' dir='ltr'><strong>id</strong></span> <span class='ocrx_word' id='word_1_225' title='bbox 3467 1596 3634 1667; x_wconf 85' lang='lat' dir='ltr'><strong>quod</strong></span> 
     </span>
    </p>
   </div>
   <div class='ocr_carea' id='block_1_32' title="bbox 1984 1679 3634 1754">
    <p class='ocr_par' dir='ltr' id='par_1_32' title="bbox 1984 1679 3634 1754">
     <span class='ocr_line' id='line_1_32' title="bbox 1984 1679 3634 1754; baseline 0.003 -20"><span class='ocrx_word' id='word_1_226' title='bbox 1984 1679 2247 1751; x_wconf 90' lang='lat' dir='ltr'><strong>primum</strong></span> <span class='ocrx_word' id='word_1_227' title='bbox 2281 1681 2415 1736; x_wconf 90' lang='lat' dir='ltr'><strong>fecit</strong></span> <span class='ocrx_word' id='word_1_228' title='bbox 2444 1682 2528 1753; x_wconf 90' lang='lat' dir='ltr'><strong>(in</strong></span> <span class='ocrx_word' id='word_1_229' title='bbox 2559 1683 2795 1753; x_wconf 88' lang='lat' dir='ltr'><strong>nuptiis,</strong></span> <span class='ocrx_word' id='word_1_230' title='bbox 2829 1682 3098 1754; x_wconf 89' lang='lat' dir='ltr'><strong>inquam,</strong></span> <span class='ocrx_word' id='word_1_231' title='bbox 3124 1698 3298 1753; x_wconf 69' lang='lat' dir='ltr'><strong>aquae</strong></span> <span class='ocrx_word' id='word_1_232' title='bbox 3326 1682 3387 1738; x_wconf 91' lang='lat' dir='ltr'><strong>in</strong></span> <span class='ocrx_word' id='word_1_233' title='bbox 3425 1684 3634 1739; x_wconf 89' lang='lat' dir='ltr'><strong>vinum</strong></span> 
     </span>
    </p>
   </div>
   <div class='ocr_carea' id='block_1_33' title="bbox 216 1761 3633 1843">
    <p class='ocr_par' dir='ltr' id='par_1_33' title="bbox 216 1761 3633 1843">
     <span class='ocr_line' id='line_1_33' title="bbox 216 1761 3633 1843; baseline 0.001 -19"><span class='ocrx_word' id='word_1_234' title='bbox 216 1770 573 1840; x_wconf 87' lang='lat' dir='ltr'><strong>jubentibus</strong></span> <span class='ocrx_word' id='word_1_235' title='bbox 600 1786 672 1827; x_wconf 91' lang='lat' dir='ltr'><strong>ea</strong></span> <span class='ocrx_word' id='word_1_236' title='bbox 700 1786 833 1841; x_wconf 68' lang='lat' dir='ltr'><strong>quas</strong></span> <span class='ocrx_word' id='word_1_237' title='bbox 864 1776 999 1825; x_wconf 91' lang='lat' dir='ltr'><strong>sunt</strong></span> <span class='ocrx_word' id='word_1_238' title='bbox 1040 1770 1386 1826; x_wconf 90' lang='lat' dir='ltr'><strong>hominibus</strong></span> <span class='ocrx_word' id='word_1_239' title='bbox 1425 1770 1872 1841; x_wconf 89' lang='lat' dir='ltr'><strong>consequentia.</strong></span> <span class='ocrx_word' id='word_1_240' title='bbox 1912 1761 1956 1816; x_wconf 92' lang='grc' dir='ltr'>Β</span> <span class='ocrx_word' id='word_1_241' title='bbox 1987 1770 2399 1836; x_wconf 86' lang='lat' dir='ltr'><strong>mutationem)</strong></span> <span class='ocrx_word' id='word_1_242' title='bbox 2418 1769 2552 1825; x_wconf 89' lang='lat' dir='ltr'><strong>fecit</strong></span> <span class='ocrx_word' id='word_1_243' title='bbox 2570 1772 2745 1826; x_wconf 86' lang='lat' dir='ltr'><strong>Matre</strong></span> <span class='ocrx_word' id='word_1_244' title='bbox 2761 1771 3191 1826; x_wconf 72' lang='lat' dir='ltr'><strong>PrassenteJlla</strong></span> <span class='ocrx_word' id='word_1_245' title='bbox 3211 1772 3457 1843; x_wconf 91' lang='lat' dir='ltr'><strong>quidem</strong></span> <span class='ocrx_word' id='word_1_246' title='bbox 3476 1777 3633 1828; x_wconf 89' lang='lat' dir='ltr'><strong>certe</strong></span> 
     </span>
    </p>
   </div>
   <div class='ocr_carea' id='block_1_34' title="bbox 221 1857 1877 1930">
    <p class='ocr_par' dir='ltr' id='par_1_34' title="bbox 221 1857 1877 1930">
     <span class='ocr_line' id='line_1_34' title="bbox 221 1857 1877 1930; baseline 0 -17"><span class='ocrx_word' id='word_1_247' title='bbox 221 1857 365 1913; x_wconf 87' lang='lat' dir='ltr'><strong>Vide</strong></span> <span class='ocrx_word' id='word_1_248' title='bbox 398 1864 621 1922; x_wconf 89' lang='lat' dir='ltr'><strong>autem,</strong></span> <span class='ocrx_word' id='word_1_249' title='bbox 662 1857 1183 1930; x_wconf 88' lang='lat' dir='ltr'><strong>quemadmodum</strong></span> <span class='ocrx_word' id='word_1_250' title='bbox 1216 1874 1287 1914; x_wconf 92' lang='lat' dir='ltr'><strong>ea</strong></span> <span class='ocrx_word' id='word_1_251' title='bbox 1324 1857 1482 1924; x_wconf 86' lang='lat' dir='ltr'><strong>facit,</strong></span> <span class='ocrx_word' id='word_1_252' title='bbox 1524 1873 1658 1929; x_wconf 68' lang='lat' dir='ltr'><strong>quae</strong></span> <span class='ocrx_word' id='word_1_253' title='bbox 1690 1873 1877 1929; x_wconf 87' lang='lat' dir='ltr'><strong>puero</strong></span> 
     </span>
    </p>
   </div>
   <div class='ocr_carea' id='block_1_35' title="bbox 228 1947 1875 2020">
    <p class='ocr_par' dir='ltr' id='par_1_35' title="bbox 228 1947 1875 2020">
     <span class='ocr_line' id='line_1_35' title="bbox 228 1947 1875 2020; baseline -0.001 -17"><span class='ocrx_word' id='word_1_254' title='bbox 228 1948 613 2004; x_wconf 88' lang='lat' dir='ltr'><strong>conveniunt.</strong></span> <span class='ocrx_word' id='word_1_255' title='bbox 653 1948 784 2002; x_wconf 93' lang='lat' dir='ltr'><strong>Non</strong></span> <span class='ocrx_word' id='word_1_256' title='bbox 816 1947 975 2003; x_wconf 91' lang='lat' dir='ltr'><strong>enim</strong></span> <span class='ocrx_word' id='word_1_257' title='bbox 1003 1947 1177 2003; x_wconf 92' lang='lat' dir='ltr'><strong>docet</strong></span> <span class='ocrx_word' id='word_1_258' title='bbox 1207 1947 1596 2020; x_wconf 89' lang='lat' dir='ltr'><strong>legisperitos,</strong></span> <span class='ocrx_word' id='word_1_259' title='bbox 1644 1947 1875 2003; x_wconf 90' lang='lat' dir='ltr'><strong>etiamsi</strong></span> 
     </span>
    </p>
   </div>
   <div class='ocr_carea' id='block_1_36' title="bbox 219 2036 1873 2109">
    <p class='ocr_par' dir='ltr' id='par_1_36' title="bbox 219 2036 1873 2109">
     <span class='ocr_line' id='line_1_36' title="bbox 219 2036 1873 2109; baseline 0.001 -17"><span class='ocrx_word' id='word_1_260' title='bbox 219 2042 376 2092; x_wconf 89' lang='lat' dir='ltr'><strong>esset</strong></span> <span class='ocrx_word' id='word_1_261' title='bbox 414 2036 826 2109; x_wconf 85' lang='lat' dir='ltr'><strong>suppeditator</strong></span> <span class='ocrx_word' id='word_1_262' title='bbox 857 2036 1185 2108; x_wconf 64' lang='lat' dir='ltr'><strong>sapientiae,</strong></span> <span class='ocrx_word' id='word_1_263' title='bbox 1215 2037 1319 2093; x_wconf 92' lang='lat' dir='ltr'><strong>sed</strong></span> <span class='ocrx_word' id='word_1_264' title='bbox 1359 2036 1522 2093; x_wconf 86' lang='lat' dir='ltr'><strong>audit</strong></span> <span class='ocrx_word' id='word_1_265' title='bbox 1553 2042 1609 2093; x_wconf 92' lang='lat' dir='ltr'><strong>et</strong></span> <span class='ocrx_word' id='word_1_266' title='bbox 1637 2038 1873 2093; x_wconf 88' lang='lat' dir='ltr'><strong>interro-</strong></span> 
     </span>
    </p>
   </div>
   <div class='ocr_carea' id='block_1_37' title="bbox 218 2126 1874 2198">
    <p class='ocr_par' dir='ltr' id='par_1_37' title="bbox 218 2126 1874 2198">
     <span class='ocr_line' id='line_1_37' title="bbox 218 2126 1874 2198; baseline -0.001 -16"><span class='ocrx_word' id='word_1_267' title='bbox 218 2132 321 2196; x_wconf 88' lang='lat' dir='ltr'><strong>gat</strong></span> <span class='ocrx_word' id='word_1_268' title='bbox 347 2147 358 2179; x_wconf 89' lang='lat'><strong>:</strong></span> <span class='ocrx_word' id='word_1_269' title='bbox 389 2130 709 2198; x_wconf 88' lang='lat' dir='ltr'><strong>utrumque</strong></span> <span class='ocrx_word' id='word_1_270' title='bbox 731 2142 869 2181; x_wconf 91' lang='lat' dir='ltr'><strong>cum</strong></span> <span class='ocrx_word' id='word_1_271' title='bbox 895 2141 1121 2195; x_wconf 89' lang='lat' dir='ltr'><strong>magna</strong></span> <span class='ocrx_word' id='word_1_272' title='bbox 1142 2126 1455 2198; x_wconf 89' lang='lat' dir='ltr'><strong>sapientia.</strong></span> <span class='ocrx_word' id='word_1_273' title='bbox 1487 2127 1602 2183; x_wconf 91' lang='lat' dir='ltr'><strong>Sed</strong></span> <span class='ocrx_word' id='word_1_274' title='bbox 1628 2143 1734 2182; x_wconf 91' lang='lat' dir='ltr'><strong>cur</strong></span> <span class='ocrx_word' id='word_1_275' title='bbox 1754 2142 1874 2181; x_wconf 92' lang='lat' dir='ltr'><strong>non</strong></span> 
     </span>
    </p>
   </div>
   <div class='ocr_carea' id='block_1_38' title="bbox 215 2214 1874 2288">
    <p class='ocr_par' dir='ltr' id='par_1_38' title="bbox 215 2214 1874 2288">
     <span class='ocr_line' id='line_1_38' title="bbox 215 2214 1874 2288; baseline -0.001 -17"><span class='ocrx_word' id='word_1_276' title='bbox 215 2215 434 2288; x_wconf 91' lang='lat' dir='ltr'><strong>primo,</strong></span> <span class='ocrx_word' id='word_1_277' title='bbox 488 2230 598 2271; x_wconf 88' lang='lat' dir='ltr'><strong>nec</strong></span> <span class='ocrx_word' id='word_1_278' title='bbox 658 2215 946 2281; x_wconf 90' lang='lat' dir='ltr'><strong>secundo,</strong></span> <span class='ocrx_word' id='word_1_279' title='bbox 1002 2214 1107 2270; x_wconf 89' lang='lat' dir='ltr'><strong>sed</strong></span> <span class='ocrx_word' id='word_1_280' title='bbox 1166 2216 1336 2270; x_wconf 89' lang='lat' dir='ltr'><strong>tertio</strong></span> <span class='ocrx_word' id='word_1_281' title='bbox 1392 2216 1703 2281; x_wconf 85' lang='lat' dir='ltr'><strong>invenitur,</strong></span> <span class='ocrx_word' id='word_1_282' title='bbox 1771 2214 1874 2287; x_wconf 90' lang='lat' dir='ltr'><strong>qui</strong></span> 
     </span>
    </p>
   </div>
   <div class='ocr_carea' id='block_1_39' title="bbox 212 2302 1872 2377">
    <p class='ocr_par' dir='ltr' id='par_1_39' title="bbox 212 2302 1872 2377">
     <span class='ocr_line' id='line_1_39' title="bbox 212 2302 1872 2377; baseline -0.001 -17"><span class='ocrx_word' id='word_1_283' title='bbox 212 2304 505 2375; x_wconf 72' lang='lat' dir='ltr'><strong>quaeritur</strong></span> <span class='ocrx_word' id='word_1_284' title='bbox 534 2319 571 2360; x_wconf 92' lang='lat' dir='ltr'><strong>a</strong></span> <span class='ocrx_word' id='word_1_285' title='bbox 601 2302 994 2375; x_wconf 81' lang='lat' dir='ltr'><strong>parentibus?</strong></span> <span class='ocrx_word' id='word_1_286' title='bbox 1025 2304 1171 2359; x_wconf 88' lang='lat' dir='ltr'><strong>Hinc</strong></span> <span class='ocrx_word' id='word_1_287' title='bbox 1200 2304 1451 2361; x_wconf 89' lang='lat' dir='ltr'><strong>fortasse</strong></span> <span class='ocrx_word' id='word_1_288' title='bbox 1481 2304 1872 2377; x_wconf 90' lang='lat' dir='ltr'><strong>sepulturam,</strong></span> 
     </span>
    </p>
   </div>
   <div class='ocr_carea' id='block_1_40' title="bbox 211 2392 1873 2466">
    <p class='ocr_par' dir='ltr' id='par_1_40' title="bbox 211 2392 1873 2466">
     <span class='ocr_line' id='line_1_40' title="bbox 211 2392 1873 2466; baseline 0 -18"><span class='ocrx_word' id='word_1_289' title='bbox 211 2399 269 2449; x_wconf 88' lang='lat' dir='ltr'><strong>et</strong></span> <span class='ocrx_word' id='word_1_290' title='bbox 304 2409 443 2466; x_wconf 60' lang='lat' dir='ltr'><strong>quas</strong></span> <span class='ocrx_word' id='word_1_291' title='bbox 476 2397 612 2465; x_wconf 90' lang='lat' dir='ltr'><strong>post</strong></span> <span class='ocrx_word' id='word_1_292' title='bbox 651 2397 765 2448; x_wconf 92' lang='lat' dir='ltr'><strong>tres</strong></span> <span class='ocrx_word' id='word_1_293' title='bbox 793 2393 920 2449; x_wconf 89' lang='lat' dir='ltr'><strong>dies</strong></span> <span class='ocrx_word' id='word_1_294' title='bbox 961 2392 1158 2449; x_wconf 84' lang='lat' dir='ltr'><strong>futura</strong></span> <span class='ocrx_word' id='word_1_295' title='bbox 1201 2398 1344 2463; x_wconf 88' lang='lat' dir='ltr'><strong>erat,</strong></span> <span class='ocrx_word' id='word_1_296' title='bbox 1382 2393 1873 2449; x_wconf 88' lang='lat' dir='ltr'><strong>resurrectionem</strong></span> 
     </span>
    </p>
   </div>
   <div class='ocr_carea' id='block_1_41' title="bbox 210 2480 1871 2553">
    <p class='ocr_par' dir='ltr' id='par_1_41' title="bbox 210 2480 1871 2553">
     <span class='ocr_line' id='line_1_41' title="bbox 210 2480 1871 2553; baseline -0.001 -17"><span class='ocrx_word' id='word_1_297' title='bbox 210 2480 708 2553; x_wconf 68' lang='lat' dir='ltr'><strong>praesignificans,</strong></span> <span class='ocrx_word' id='word_1_298' title='bbox 731 2484 892 2537; x_wconf 89' lang='lat' dir='ltr'><strong>Tunc</strong></span> <span class='ocrx_word' id='word_1_299' title='bbox 918 2482 1098 2547; x_wconf 90' lang='lat' dir='ltr'><strong>enim,</strong></span> <span class='ocrx_word' id='word_1_300' title='bbox 1114 2498 1251 2537; x_wconf 90' lang='lat' dir='ltr'><strong>cum</strong></span> <span class='ocrx_word' id='word_1_301' title='bbox 1274 2482 1545 2553; x_wconf 86' lang='lat' dir='ltr'><strong>sepulcro</strong></span> <span class='ocrx_word' id='word_1_302' title='bbox 1567 2485 1871 2537; x_wconf 89' lang='lat' dir='ltr'><strong>contectus</strong></span> 
     </span>
    </p>
   </div>
   <div class='ocr_carea' id='block_1_42' title="bbox 209 2576 677 2641">
    <p class='ocr_par' dir='ltr' id='par_1_42' title="bbox 209 2576 677 2641">
     <span class='ocr_line' id='line_1_42' title="bbox 209 2576 677 2641; baseline -0.002 -16"><span class='ocrx_word' id='word_1_303' title='bbox 209 2576 385 2635; x_wconf 88' lang='lat' dir='ltr'><strong>esset,</strong></span> <span class='ocrx_word' id='word_1_304' title='bbox 411 2576 677 2641; x_wconf 88' lang='lat' dir='ltr'><strong>apparet.</strong></span> 
     </span>
    </p>
   </div>
   <div class='ocr_carea' id='block_1_43' title="bbox 287 2658 1868 2731">
    <p class='ocr_par' dir='ltr' id='par_1_43' title="bbox 287 2658 1868 2731">
     <span class='ocr_line' id='line_1_43' title="bbox 287 2658 1868 2731; baseline -0.001 -16"><span class='ocrx_word' id='word_1_305' title='bbox 287 2660 477 2715; x_wconf 84' lang='lat' dir='ltr'><strong>XXIV.</strong></span> <span class='ocrx_word' id='word_1_306' title='bbox 510 2658 624 2715; x_wconf 93' lang='lat' dir='ltr'><strong>Sed</strong></span> <span class='ocrx_word' id='word_1_307' title='bbox 667 2659 975 2731; x_wconf 89' lang='lat' dir='ltr'><strong>quomodo</strong></span> <span class='ocrx_word' id='word_1_308' title='bbox 1020 2676 1229 2716; x_wconf 87' lang='lat' dir='ltr'><strong>rursus</strong></span> <span class='ocrx_word' id='word_1_309' title='bbox 1259 2662 1437 2717; x_wconf 82' lang='lat' dir='ltr'><strong>Mater</strong></span> <span class='ocrx_word' id='word_1_310' title='bbox 1475 2658 1868 2724; x_wconf 89' lang='lat' dir='ltr'><strong>admirabilis,</strong></span> 
     </span>
    </p>
   </div>
   <div class='ocr_carea' id='block_1_44' title="bbox 210 2747 1869 2819">
    <p class='ocr_par' dir='ltr' id='par_1_44' title="bbox 210 2747 1869 2819">
     <span class='ocr_line' id='line_1_44' title="bbox 210 2747 1869 2819; baseline -0.002 -14"><span class='ocrx_word' id='word_1_311' title='bbox 210 2765 249 2805; x_wconf 90' lang='lat' dir='ltr'><strong>a</strong></span> <span class='ocrx_word' id='word_1_312' title='bbox 265 2750 553 2805; x_wconf 90' lang='lat' dir='ltr'><strong>maternis</strong></span> <span class='ocrx_word' id='word_1_313' title='bbox 578 2750 734 2804; x_wconf 90' lang='lat' dir='ltr'><strong>victa</strong></span> <span class='ocrx_word' id='word_1_314' title='bbox 760 2750 1105 2816; x_wconf 87' lang='lat' dir='ltr'><strong>visceribus,</strong></span> <span class='ocrx_word' id='word_1_315' title='bbox 1130 2755 1343 2805; x_wconf 88' lang='lat' dir='ltr'><strong>etcum</strong></span> <span class='ocrx_word' id='word_1_316' title='bbox 1367 2764 1589 2819; x_wconf 90' lang='lat' dir='ltr'><strong>magna</strong></span> <span class='ocrx_word' id='word_1_317' title='bbox 1611 2747 1869 2803; x_wconf 77' lang='lat' dir='ltr'><strong>affectio-</strong></span> 
     </span>
    </p>
   </div>
   <div class='ocr_carea' id='block_1_45' title="bbox 209 2835 1869 2910">
    <p class='ocr_par' dir='ltr' id='par_1_45' title="bbox 209 2835 1869 2910">
     <span class='ocr_line' id='line_1_45' title="bbox 209 2835 1869 2910; baseline -0.001 -16"><span class='ocrx_word' id='word_1_318' title='bbox 209 2854 285 2894; x_wconf 90' lang='lat' dir='ltr'><strong>ne</strong></span> <span class='ocrx_word' id='word_1_319' title='bbox 316 2840 496 2894; x_wconf 90' lang='lat' dir='ltr'><strong>vocat</strong></span> <span class='ocrx_word' id='word_1_320' title='bbox 513 2837 748 2904; x_wconf 83' lang='lat' dir='ltr'><strong>Filium,</strong></span> <span class='ocrx_word' id='word_1_321' title='bbox 762 2842 816 2893; x_wconf 91' lang='lat' dir='ltr'><strong>et</strong></span> <span class='ocrx_word' id='word_1_322' title='bbox 839 2844 1131 2910; x_wconf 77' lang='lat' dir='ltr'><strong>tanquam</strong></span> <span class='ocrx_word' id='word_1_323' title='bbox 1144 2838 1606 2910; x_wconf 88' lang='lat' dir='ltr'><strong>reprehendens,</strong></span> <span class='ocrx_word' id='word_1_324' title='bbox 1624 2835 1869 2893; x_wconf 88' lang='lat' dir='ltr'><strong>adducit</strong></span> 
     </span>
    </p>
   </div>
   <div class='ocr_carea' id='block_1_46' title="bbox 214 2926 1862 2999">
    <p class='ocr_par' dir='ltr' id='par_1_46' title="bbox 214 2926 1862 2999">
     <span class='ocr_line' id='line_1_46' title="bbox 214 2926 1862 2999; baseline 0 -17"><span class='ocrx_word' id='word_1_325' title='bbox 214 2943 370 2993; x_wconf 89' lang='lat' dir='ltr'><strong>eam,</strong></span> <span class='ocrx_word' id='word_1_326' title='bbox 402 2942 541 2999; x_wconf 69' lang='lat' dir='ltr'><strong>quas</strong></span> <span class='ocrx_word' id='word_1_327' title='bbox 568 2942 706 2983; x_wconf 88' lang='lat' dir='ltr'><strong>cum</strong></span> <span class='ocrx_word' id='word_1_328' title='bbox 727 2926 933 2983; x_wconf 93' lang='lat' dir='ltr'><strong>dolore</strong></span> <span class='ocrx_word' id='word_1_329' title='bbox 962 2927 1163 2993; x_wconf 87' lang='lat' dir='ltr'><strong>ﬁebat,</strong></span> <span class='ocrx_word' id='word_1_330' title='bbox 1190 2926 1671 2999; x_wconf 85' lang='lat' dir='ltr'><strong>inquisitionem?</strong></span> <span class='ocrx_word' id='word_1_331' title='bbox 1698 2926 1862 2989; x_wconf 86' lang='lat' dir='ltr'><strong>Ecce,</strong></span> 
     </span>
    </p>
   </div>
   <div class='ocr_carea' id='block_1_47' title="bbox 209 3015 1867 3089">
    <p class='ocr_par' dir='ltr' id='par_1_47' title="bbox 209 3015 1867 3089">
     <span class='ocr_line' id='line_1_47' title="bbox 209 3015 1867 3089; baseline -0.001 -17"><span class='ocrx_word' id='word_1_332' title='bbox 209 3016 439 3083; x_wconf 91' lang='lat' dir='ltr'><strong>dicens,</strong></span> <span class='ocrx_word' id='word_1_333' title='bbox 498 3024 678 3087; x_wconf 83' lang='lat' dir='ltr'><strong>pater</strong></span> <span class='ocrx_word' id='word_1_334' title='bbox 730 3023 866 3073; x_wconf 83' lang='lat' dir='ltr'><strong>tuus</strong></span> <span class='ocrx_word' id='word_1_335' title='bbox 906 3024 958 3072; x_wconf 88' lang='lat' dir='ltr'><strong>et</strong></span> <span class='ocrx_word' id='word_1_336' title='bbox 1013 3032 1109 3087; x_wconf 88' lang='lat' dir='ltr'><strong>ego</strong></span> <span class='ocrx_word' id='word_1_337' title='bbox 1166 3017 1427 3073; x_wconf 79' lang='lat' dir='ltr'><strong>dolentes</strong></span> <span class='ocrx_word' id='word_1_338' title='bbox 1465 3015 1867 3089; x_wconf 70' lang='lat' dir='ltr'><strong>quaerebamus</strong></span> 
     </span>
    </p>
   </div>
   <div class='ocr_carea' id='block_1_48' title="bbox 1986 1857 3632 1930">
    <p class='ocr_par' dir='ltr' id='par_1_48' title="bbox 1986 1857 3632 1930">
     <span class='ocr_line' id='line_1_48' title="bbox 1986 1857 3632 1930; baseline 0.005 -20"><span class='ocrx_word' id='word_1_339' title='bbox 1986 1857 2179 1928; x_wconf 91' lang='lat' dir='ltr'><strong>prima</strong></span> <span class='ocrx_word' id='word_1_340' title='bbox 2200 1859 2485 1915; x_wconf 89' lang='lat' dir='ltr'><strong>admonet</strong></span> <span class='ocrx_word' id='word_1_341' title='bbox 2511 1859 2715 1914; x_wconf 87' lang='lat' dir='ltr'><strong>vinum</strong></span> <span class='ocrx_word' id='word_1_342' title='bbox 2742 1859 2973 1924; x_wconf 91' lang='lat' dir='ltr'><strong>deesse,</strong></span> <span class='ocrx_word' id='word_1_343' title='bbox 3008 1859 3144 1915; x_wconf 81' lang='lat' dir='ltr'><strong>Filio</strong></span> <span class='ocrx_word' id='word_1_344' title='bbox 3169 1860 3442 1930; x_wconf 67' lang='lat' dir='ltr'><strong>praebens</strong></span> <span class='ocrx_word' id='word_1_345' title='bbox 3466 1877 3632 1918; x_wconf 88' lang='lat' dir='ltr'><strong>occa-</strong></span> 
     </span>
    </p>
   </div>
   <div class='ocr_carea' id='block_1_49' title="bbox 1987 1947 3634 2007">
    <p class='ocr_par' dir='ltr' id='par_1_49' title="bbox 1987 1947 3634 2007">
     <span class='ocr_line' id='line_1_49' title="bbox 1987 1947 3634 2007; baseline 0.004 -6"><span class='ocrx_word' id='word_1_346' title='bbox 1987 1947 2216 2002; x_wconf 90' lang='lat' dir='ltr'><strong>sionem</strong></span> <span class='ocrx_word' id='word_1_347' title='bbox 2240 1955 2295 2002; x_wconf 89' lang='lat' dir='ltr'><strong>et</strong></span> <span class='ocrx_word' id='word_1_348' title='bbox 2327 1948 2635 2003; x_wconf 88' lang='lat' dir='ltr'><strong>materiam</strong></span> <span class='ocrx_word' id='word_1_349' title='bbox 2663 1947 2915 2003; x_wconf 88' lang='lat' dir='ltr'><strong>faciendi</strong></span> <span class='ocrx_word' id='word_1_350' title='bbox 2935 1948 3313 2004; x_wconf 90' lang='lat' dir='ltr'><strong>miraculum.</strong></span> <span class='ocrx_word' id='word_1_351' title='bbox 3352 1953 3400 2004; x_wconf 89' lang='lat' dir='ltr'><strong>Is</strong></span> <span class='ocrx_word' id='word_1_352' title='bbox 3432 1957 3634 2007; x_wconf 86' lang='lat' dir='ltr'><strong>autem</strong></span> 
     </span>
    </p>
   </div>
   <div class='ocr_carea' id='block_1_50' title="bbox 1984 2036 3631 2107">
    <p class='ocr_par' dir='ltr' id='par_1_50' title="bbox 1984 2036 3631 2107">
     <span class='ocr_line' id='line_1_50' title="bbox 1984 2036 3631 2107; baseline 0.002 -17"><span class='ocrx_word' id='word_1_353' title='bbox 1984 2036 2264 2107; x_wconf 85' lang='lat' dir='ltr'><strong>quamvis</strong></span> <span class='ocrx_word' id='word_1_354' title='bbox 2303 2051 2459 2106; x_wconf 83' lang='lat' dir='ltr'><strong>aegre</strong></span> <span class='ocrx_word' id='word_1_355' title='bbox 2498 2036 2646 2092; x_wconf 89' lang='lat' dir='ltr'><strong>ferre</strong></span> <span class='ocrx_word' id='word_1_356' title='bbox 2684 2036 3022 2103; x_wconf 88' lang='lat' dir='ltr'><strong>videbatur,</strong></span> <span class='ocrx_word' id='word_1_357' title='bbox 3048 2044 3102 2092; x_wconf 89' lang='lat' dir='ltr'><strong>et</strong></span> <span class='ocrx_word' id='word_1_358' title='bbox 3143 2038 3279 2093; x_wconf 89' lang='lat' dir='ltr'><strong>ideo</strong></span> <span class='ocrx_word' id='word_1_359' title='bbox 3315 2053 3631 2095; x_wconf 88' lang='lat' dir='ltr'><strong>recusare:</strong></span> 
     </span>
    </p>
   </div>
   <div class='ocr_carea' id='block_1_51' title="bbox 1984 2123 3635 2198">
    <p class='ocr_par' dir='ltr' id='par_1_51' title="bbox 1984 2123 3635 2198">
     <span class='ocr_line' id='line_1_51' title="bbox 1984 2123 3635 2198; baseline 0.004 -19"><span class='ocrx_word' id='word_1_360' title='bbox 1984 2123 2121 2180; x_wconf 88' lang='lat' dir='ltr'><strong>facit</strong></span> <span class='ocrx_word' id='word_1_361' title='bbox 2151 2130 2349 2180; x_wconf 89' lang='lat' dir='ltr'><strong>tamen</strong></span> <span class='ocrx_word' id='word_1_362' title='bbox 2381 2141 2451 2181; x_wconf 90' lang='lat' dir='ltr'><strong>ea</strong></span> <span class='ocrx_word' id='word_1_363' title='bbox 2475 2142 2611 2198; x_wconf 77' lang='lat' dir='ltr'><strong>quas</strong></span> <span class='ocrx_word' id='word_1_364' title='bbox 2651 2143 2687 2183; x_wconf 89' lang='lat' dir='ltr'><strong>a</strong></span> <span class='ocrx_word' id='word_1_365' title='bbox 2718 2129 2892 2183; x_wconf 83' lang='lat' dir='ltr'><strong>Matre</strong></span> <span class='ocrx_word' id='word_1_366' title='bbox 2921 2127 3415 2196; x_wconf 89' lang='lat' dir='ltr'><strong>suggerebantur,</strong></span> <span class='ocrx_word' id='word_1_367' title='bbox 3446 2128 3635 2185; x_wconf 86' lang='lat' dir='ltr'><strong>hono-</strong></span> 
     </span>
    </p>
   </div>
   <div class='ocr_carea' id='block_1_52' title="bbox 1983 2214 3634 2281">
    <p class='ocr_par' dir='ltr' id='par_1_52' title="bbox 1983 2214 3634 2281">
     <span class='ocr_line' id='line_1_52' title="bbox 1983 2214 3634 2281; baseline 0.004 -14"><span class='ocrx_word' id='word_1_368' title='bbox 1983 2228 2125 2268; x_wconf 87' lang='lat' dir='ltr'><strong>rans</strong></span> <span class='ocrx_word' id='word_1_369' title='bbox 2157 2214 2406 2270; x_wconf 89' lang='lat' dir='ltr'><strong>omnino</strong></span> <span class='ocrx_word' id='word_1_370' title='bbox 2439 2221 2500 2270; x_wconf 92' lang='lat' dir='ltr'><strong>ut</strong></span> <span class='ocrx_word' id='word_1_371' title='bbox 2529 2218 2790 2281; x_wconf 88' lang='lat' dir='ltr'><strong>Matrem,</strong></span> <span class='ocrx_word' id='word_1_372' title='bbox 2820 2220 2877 2270; x_wconf 89' lang='lat' dir='ltr'><strong>et</strong></span> <span class='ocrx_word' id='word_1_373' title='bbox 2906 2215 3081 2272; x_wconf 89' lang='lat' dir='ltr'><strong>veluti</strong></span> <span class='ocrx_word' id='word_1_374' title='bbox 3114 2216 3165 2272; x_wconf 91' lang='lat' dir='ltr'><strong>ei</strong></span> <span class='ocrx_word' id='word_1_375' title='bbox 3196 2215 3453 2272; x_wconf 89' lang='lat' dir='ltr'><strong>reddens</strong></span> <span class='ocrx_word' id='word_1_376' title='bbox 3480 2234 3634 2273; x_wconf 88' lang='lat' dir='ltr'><strong>mer-</strong></span> 
     </span>
    </p>
   </div>
   <div class='ocr_carea' id='block_1_53' title="bbox 1984 2301 3635 2375">
    <p class='ocr_par' dir='ltr' id='par_1_53' title="bbox 1984 2301 3635 2375">
     <span class='ocr_line' id='line_1_53' title="bbox 1984 2301 3635 2375; baseline 0.004 -19"><span class='ocrx_word' id='word_1_377' title='bbox 1984 2301 2213 2371; x_wconf 88' lang='lat' dir='ltr'><strong>cedem,</strong></span> <span class='ocrx_word' id='word_1_378' title='bbox 2236 2304 2400 2375; x_wconf 90' lang='lat' dir='ltr'><strong>quod</strong></span> <span class='ocrx_word' id='word_1_379' title='bbox 2428 2305 2624 2375; x_wconf 91' lang='lat' dir='ltr'><strong>ipsum</strong></span> <span class='ocrx_word' id='word_1_380' title='bbox 2648 2306 2706 2360; x_wconf 92' lang='lat' dir='ltr'><strong>in</strong></span> <span class='ocrx_word' id='word_1_381' title='bbox 2733 2304 2869 2360; x_wconf 89' lang='lat' dir='ltr'><strong>alvo</strong></span> <span class='ocrx_word' id='word_1_382' title='bbox 2895 2306 3231 2374; x_wconf 89' lang='lat' dir='ltr'><strong>gestaverit.</strong></span> <span class='ocrx_word' id='word_1_383' title='bbox 3261 2304 3398 2361; x_wconf 88' lang='lat' dir='ltr'><strong>Vide</strong></span> <span class='ocrx_word' id='word_1_384' title='bbox 3430 2313 3635 2362; x_wconf 91' lang='lat' dir='ltr'><strong>autem</strong></span> 
     </span>
    </p>
   </div>
   <div class='ocr_carea' id='block_1_54' title="bbox 1980 2390 3638 2463">
    <p class='ocr_par' dir='ltr' id='par_1_54' title="bbox 1980 2390 3638 2463">
     <span class='ocr_line' id='line_1_54' title="bbox 1980 2390 3638 2463; baseline 0.004 -18"><span class='ocrx_word' id='word_1_385' title='bbox 1980 2390 2077 2445; x_wconf 89' lang='lat' dir='ltr'><strong>hic</strong></span> <span class='ocrx_word' id='word_1_386' title='bbox 2105 2407 2343 2463; x_wconf 89' lang='lat' dir='ltr'><strong>quoque</strong></span> <span class='ocrx_word' id='word_1_387' title='bbox 2374 2392 2473 2447; x_wconf 90' lang='lat' dir='ltr'><strong>Dei</strong></span> <span class='ocrx_word' id='word_1_388' title='bbox 2508 2392 2706 2448; x_wconf 82' lang='lat' dir='ltr'><strong>Matris</strong></span> <span class='ocrx_word' id='word_1_389' title='bbox 2737 2394 3031 2463; x_wconf 90' lang='lat' dir='ltr'><strong>insignem</strong></span> <span class='ocrx_word' id='word_1_390' title='bbox 3067 2393 3544 2451; x_wconf 87' lang='lat' dir='ltr'><strong>moderationem</strong></span> <span class='ocrx_word' id='word_1_391' title='bbox 3579 2399 3638 2451; x_wconf 89' lang='lat' dir='ltr'><strong>et</strong></span> 
     </span>
    </p>
   </div>
   <div class='ocr_carea' id='block_1_55' title="bbox 1982 2479 3633 2556">
    <p class='ocr_par' dir='ltr' id='par_1_55' title="bbox 1982 2479 3633 2556">
     <span class='ocr_line' id='line_1_55' title="bbox 1982 2479 3633 2556; baseline 0.004 -23"><span class='ocrx_word' id='word_1_392' title='bbox 1982 2479 2385 2549; x_wconf 90' lang='lat' dir='ltr'><strong>prudentiam.</strong></span> <span class='ocrx_word' id='word_1_393' title='bbox 2426 2483 2541 2536; x_wconf 88' lang='lat' dir='ltr'><strong>Nec</strong></span> <span class='ocrx_word' id='word_1_394' title='bbox 2584 2482 2745 2538; x_wconf 91' lang='lat' dir='ltr'><strong>enim</strong></span> <span class='ocrx_word' id='word_1_395' title='bbox 2780 2482 2950 2551; x_wconf 89' lang='lat' dir='ltr'><strong>jubet</strong></span> <span class='ocrx_word' id='word_1_396' title='bbox 2991 2481 3294 2548; x_wconf 89' lang='lat' dir='ltr'><strong>audacter,</strong></span> <span class='ocrx_word' id='word_1_397' title='bbox 3339 2487 3633 2556; x_wconf 90' lang='lat' dir='ltr'><strong>tanquam</strong></span> 
     </span>
    </p>
   </div>
   <div class='ocr_carea' id='block_1_56' title="bbox 1981 2567 3634 2639">
    <p class='ocr_par' dir='ltr' id='par_1_56' title="bbox 1981 2567 3634 2639">
     <span class='ocr_line' id='line_1_56' title="bbox 1981 2567 3634 2639; baseline 0.004 -18"><span class='ocrx_word' id='word_1_398' title='bbox 1981 2569 2160 2622; x_wconf 89' lang='lat' dir='ltr'><strong>Mater</strong></span> <span class='ocrx_word' id='word_1_399' title='bbox 2192 2567 2349 2632; x_wconf 87' lang='lat' dir='ltr'><strong>Filio,</strong></span> <span class='ocrx_word' id='word_1_400' title='bbox 2382 2573 2445 2623; x_wconf 90' lang='lat' dir='ltr'><strong>ut</strong></span> <span class='ocrx_word' id='word_1_401' title='bbox 2471 2569 2647 2625; x_wconf 89' lang='lat' dir='ltr'><strong>faciat</strong></span> <span class='ocrx_word' id='word_1_402' title='bbox 2678 2570 3058 2639; x_wconf 87' lang='lat' dir='ltr'><strong>miraculum,</strong></span> <span class='ocrx_word' id='word_1_403' title='bbox 3092 2570 3196 2625; x_wconf 91' lang='lat' dir='ltr'><strong>sed</strong></span> <span class='ocrx_word' id='word_1_404' title='bbox 3236 2586 3374 2626; x_wconf 90' lang='lat' dir='ltr'><strong>eum</strong></span> <span class='ocrx_word' id='word_1_405' title='bbox 3408 2571 3634 2627; x_wconf 88' lang='lat' dir='ltr'><strong>solum-</strong></span> 
     </span>
    </p>
   </div>
   <div class='ocr_carea' id='block_1_57' title="bbox 1979 2657 3633 2731">
    <p class='ocr_par' dir='ltr' id='par_1_57' title="bbox 1979 2657 3633 2731">
     <span class='ocr_line' id='line_1_57' title="bbox 1979 2657 3633 2731; baseline 0.002 -20"><span class='ocrx_word' id='word_1_406' title='bbox 1979 2658 2163 2711; x_wconf 91' lang='lat' dir='ltr'><strong>modo</strong></span> <span class='ocrx_word' id='word_1_407' title='bbox 2177 2657 2478 2722; x_wconf 90' lang='lat' dir='ltr'><strong>admonet,</strong></span> <span class='ocrx_word' id='word_1_408' title='bbox 2496 2658 2675 2731; x_wconf 87' lang='lat' dir='ltr'><strong>idque</strong></span> <span class='ocrx_word' id='word_1_409' title='bbox 2690 2674 2825 2713; x_wconf 89' lang='lat' dir='ltr'><strong>cum</strong></span> <span class='ocrx_word' id='word_1_410' title='bbox 2840 2660 3107 2730; x_wconf 91' lang='lat' dir='ltr'><strong>quadam</strong></span> <span class='ocrx_word' id='word_1_411' title='bbox 3126 2674 3347 2729; x_wconf 92' lang='lat' dir='ltr'><strong>magna</strong></span> <span class='ocrx_word' id='word_1_412' title='bbox 3360 2675 3633 2715; x_wconf 79' lang='lat' dir='ltr'><strong>reveren-</strong></span> 
     </span>
    </p>
   </div>
   <div class='ocr_carea' id='block_1_58' title="bbox 1980 2744 3631 2818">
    <p class='ocr_par' dir='ltr' id='par_1_58' title="bbox 1980 2744 3631 2818">
     <span class='ocr_line' id='line_1_58' title="bbox 1980 2744 3631 2818; baseline 0.002 -18"><span class='ocrx_word' id='word_1_413' title='bbox 1980 2744 2059 2800; x_wconf 92' lang='lat' dir='ltr'><strong>tia</strong></span> <span class='ocrx_word' id='word_1_414' title='bbox 2088 2748 2146 2800; x_wconf 90' lang='lat' dir='ltr'><strong>et</strong></span> <span class='ocrx_word' id='word_1_415' title='bbox 2167 2745 2589 2812; x_wconf 87' lang='lat' dir='ltr'><strong>submissione,</strong></span> <span class='ocrx_word' id='word_1_416' title='bbox 2622 2752 2677 2802; x_wconf 91' lang='lat' dir='ltr'><strong>et</strong></span> <span class='ocrx_word' id='word_1_417' title='bbox 2706 2752 3000 2818; x_wconf 89' lang='lat' dir='ltr'><strong>quantum</strong></span> <span class='ocrx_word' id='word_1_418' title='bbox 3029 2745 3328 2802; x_wconf 79' lang='lat' dir='ltr'><strong>sufﬁceret</strong></span> <span class='ocrx_word' id='word_1_419' title='bbox 3354 2748 3431 2803; x_wconf 91' lang='lat' dir='ltr'><strong>ad</strong></span> <span class='ocrx_word' id='word_1_420' title='bbox 3457 2764 3631 2803; x_wconf 90' lang='lat' dir='ltr'><strong>suam</strong></span> 
     </span>
    </p>
   </div>
   <div class='ocr_carea' id='block_1_59' title="bbox 1976 2833 3637 2908">
    <p class='ocr_par' dir='ltr' id='par_1_59' title="bbox 1976 2833 3637 2908">
     <span class='ocr_line' id='line_1_59' title="bbox 1976 2833 3637 2908; baseline 0.003 -20"><span class='ocrx_word' id='word_1_421' title='bbox 1976 2833 2405 2890; x_wconf 89' lang='lat' dir='ltr'><strong>declarandam</strong></span> <span class='ocrx_word' id='word_1_422' title='bbox 2424 2834 2806 2892; x_wconf 85' lang='lat' dir='ltr'><strong>voluntatem.</strong></span> <span class='ocrx_word' id='word_1_423' title='bbox 2824 2836 2974 2901; x_wconf 88' lang='lat' dir='ltr'><strong>Quid</strong></span> <span class='ocrx_word' id='word_1_424' title='bbox 2996 2836 3158 2891; x_wconf 92' lang='lat' dir='ltr'><strong>enim</strong></span> <span class='ocrx_word' id='word_1_425' title='bbox 3181 2842 3286 2905; x_wconf 92' lang='lat' dir='ltr'><strong>est,</strong></span> <span class='ocrx_word' id='word_1_426' title='bbox 3309 2838 3471 2908; x_wconf 90' lang='lat' dir='ltr'><strong>quod</strong></span> <span class='ocrx_word' id='word_1_427' title='bbox 3494 2837 3637 2893; x_wconf 91' lang='lat' dir='ltr'><strong>dicit</strong></span> 
     </span>
    </p>
   </div>
   <div class='ocr_carea' id='block_1_60' title="bbox 1976 2922 3633 2981">
    <p class='ocr_par' dir='ltr' id='par_1_60' title="bbox 1976 2922 3633 2981">
     <span class='ocr_line' id='line_1_60' title="bbox 1976 2922 3633 2981; baseline 0.004 -6"><span class='ocrx_word' id='word_1_428' title='bbox 1976 2922 2169 2978; x_wconf 84' lang='lat' dir='ltr'><strong>Filio?</strong></span> <span class='ocrx_word' id='word_1_429' title='bbox 2206 2922 2415 2978; x_wconf 77' lang='lat' dir='ltr'><strong>Vinum</strong></span> <span class='ocrx_word' id='word_1_430' title='bbox 2454 2939 2573 2979; x_wconf 87' lang='lat' dir='ltr'><strong>non</strong></span> <span class='ocrx_word' id='word_1_431' title='bbox 2614 2925 2853 2981; x_wconf 78' lang='lat' dir='ltr'><strong>habent.</strong></span> <span class='ocrx_word' id='word_1_432' title='bbox 2881 2926 3034 2979; x_wconf 88' lang='lat' dir='ltr'><strong>Nam</strong></span> <span class='ocrx_word' id='word_1_433' title='bbox 3056 2925 3165 2980; x_wconf 89' lang='lat' dir='ltr'><strong>etsi</strong></span> <span class='ocrx_word' id='word_1_434' title='bbox 3206 2940 3277 2980; x_wconf 91' lang='lat' dir='ltr'><strong>ea</strong></span> <span class='ocrx_word' id='word_1_435' title='bbox 3304 2924 3471 2980; x_wconf 91' lang='lat' dir='ltr'><strong>illum</strong></span> <span class='ocrx_word' id='word_1_436' title='bbox 3504 2941 3633 2981; x_wconf 90' lang='lat' dir='ltr'><strong>esse</strong></span> 
     </span>
    </p>
   </div>
   <div class='ocr_carea' id='block_1_61' title="bbox 1978 3013 3632 3085">
    <p class='ocr_par' dir='ltr' id='par_1_61' title="bbox 1978 3013 3632 3085">
     <span class='ocr_line' id='line_1_61' title="bbox 1978 3013 3632 3085; baseline 0.002 -19"><span class='ocrx_word' id='word_1_437' title='bbox 1978 3028 2154 3067; x_wconf 91' lang='lat' dir='ltr'><strong>suum</strong></span> <span class='ocrx_word' id='word_1_438' title='bbox 2212 3013 2620 3082; x_wconf 87' lang='lat' dir='ltr'><strong>cognoscebat</strong></span> <span class='ocrx_word' id='word_1_439' title='bbox 2651 3013 2880 3081; x_wconf 82' lang='lat' dir='ltr'><strong>Filium,</strong></span> <span class='ocrx_word' id='word_1_440' title='bbox 2910 3030 3031 3070; x_wconf 92' lang='lat' dir='ltr'><strong>non</strong></span> <span class='ocrx_word' id='word_1_441' title='bbox 3080 3015 3397 3085; x_wconf 87' lang='lat' dir='ltr'><strong>ignorabat</strong></span> <span class='ocrx_word' id='word_1_442' title='bbox 3428 3020 3632 3071; x_wconf 88' lang='lat' dir='ltr'><strong>tamen</strong></span> 
     </span>
    </p>
   </div>
   <div class='ocr_carea' id='block_1_62' title="bbox 211 3103 3635 3177">
    <p class='ocr_par' dir='ltr' id='par_1_62' title="bbox 211 3103 3635 3177">
     <span class='ocr_line' id='line_1_62' title="bbox 211 3103 3635 3177; baseline -0.001 -16"><span class='ocrx_word' id='word_1_443' title='bbox 211 3112 269 3163; x_wconf 88' lang='lat' dir='ltr'><strong>te</strong></span> <span class='ocrx_word' id='word_1_444' title='bbox 299 3107 367 3161; x_wconf 77' lang='grc'><strong>³⁷.</strong></span> <span class='ocrx_word' id='word_1_445' title='bbox 415 3108 478 3162; x_wconf 88' lang='lat' dir='ltr'><strong>Et</strong></span> <span class='ocrx_word' id='word_1_446' title='bbox 506 3106 641 3161; x_wconf 89' lang='lat' dir='ltr'><strong>ideo</strong></span> <span class='ocrx_word' id='word_1_447' title='bbox 675 3121 807 3160; x_wconf 89' lang='lat' dir='ltr'><strong>cum</strong></span> <span class='ocrx_word' id='word_1_448' title='bbox 840 3104 939 3160; x_wconf 90' lang='lat' dir='ltr'><strong>illa</strong></span> <span class='ocrx_word' id='word_1_449' title='bbox 969 3104 1213 3161; x_wconf 82' lang='lat' dir='ltr'><strong>dixisset</strong></span> <span class='ocrx_word' id='word_1_450' title='bbox 1250 3106 1324 3160; x_wconf 90' lang='lat' dir='ltr'><strong>de</strong></span> <span class='ocrx_word' id='word_1_451' title='bbox 1356 3111 1543 3177; x_wconf 89' lang='lat' dir='ltr'><strong>patre,</strong></span> <span class='ocrx_word' id='word_1_452' title='bbox 1576 3111 1866 3176; x_wconf 89' lang='lat' dir='ltr'><strong>tanquam</strong></span> <span class='ocrx_word' id='word_1_453' title='bbox 1905 3113 1945 3170; x_wconf 78' lang='grc' dir='ltr'><strong>ί]</strong></span> <span class='ocrx_word' id='word_1_454' title='bbox 1977 3116 2115 3157; x_wconf 90' lang='lat' dir='ltr'><strong>eum</strong></span> <span class='ocrx_word' id='word_1_455' title='bbox 2141 3117 2273 3157; x_wconf 89' lang='lat' dir='ltr'><strong>esse</strong></span> <span class='ocrx_word' id='word_1_456' title='bbox 2300 3119 2476 3157; x_wconf 91' lang='lat' dir='ltr'><strong>suum</strong></span> <span class='ocrx_word' id='word_1_457' title='bbox 2509 3119 2749 3175; x_wconf 89' lang='lat' dir='ltr'><strong>quoque</strong></span> <span class='ocrx_word' id='word_1_458' title='bbox 2788 3103 3147 3159; x_wconf 82' lang='lat' dir='ltr'><strong>effectorem.</strong></span> <span class='ocrx_word' id='word_1_459' title='bbox 3194 3106 3261 3161; x_wconf 82' lang='lat' dir='ltr'><strong>Et</strong></span> <span class='ocrx_word' id='word_1_460' title='bbox 3292 3104 3428 3159; x_wconf 90' lang='lat' dir='ltr'><strong>ideo</strong></span> <span class='ocrx_word' id='word_1_461' title='bbox 3455 3103 3635 3159; x_wconf 89' lang='lat' dir='ltr'><strong>simul</strong></span> 
     </span>
    </p>
   </div>
   <div class='ocr_carea' id='block_1_63' title="bbox 210 3193 1867 3268">
    <p class='ocr_par' dir='ltr' id='par_1_63' title="bbox 210 3193 1867 3268">
     <span class='ocr_line' id='line_1_63' title="bbox 210 3193 1867 3268; baseline -0.002 -16"><span class='ocrx_word' id='word_1_462' title='bbox 210 3195 286 3252; x_wconf 90' lang='lat' dir='ltr'><strong>de</strong></span> <span class='ocrx_word' id='word_1_463' title='bbox 317 3212 388 3252; x_wconf 91' lang='lat' dir='ltr'><strong>eo</strong></span> <span class='ocrx_word' id='word_1_464' title='bbox 444 3195 549 3268; x_wconf 90' lang='lat' dir='ltr'><strong>qui</strong></span> <span class='ocrx_word' id='word_1_465' title='bbox 575 3194 911 3265; x_wconf 87' lang='lat' dir='ltr'><strong>videbatur,</strong></span> <span class='ocrx_word' id='word_1_466' title='bbox 945 3193 1208 3250; x_wconf 86' lang='lat' dir='ltr'><strong>Christus</strong></span> <span class='ocrx_word' id='word_1_467' title='bbox 1253 3193 1433 3250; x_wconf 88' lang='lat' dir='ltr'><strong>veluti</strong></span> <span class='ocrx_word' id='word_1_468' title='bbox 1480 3194 1774 3263; x_wconf 89' lang='lat' dir='ltr'><strong>corrigens</strong></span> <span class='ocrx_word' id='word_1_469' title='bbox 1806 3193 1867 3249; x_wconf 92' lang='lat' dir='ltr'><strong>id</strong></span> 
     </span>
    </p>
   </div>
   <div class='ocr_carea' id='block_1_64' title="bbox 209 3282 1862 3358">
    <p class='ocr_par' dir='ltr' id='par_1_64' title="bbox 209 3282 1862 3358">
     <span class='ocr_line' id='line_1_64' title="bbox 209 3282 1862 3358; baseline -0.001 -19"><span class='ocrx_word' id='word_1_470' title='bbox 209 3284 377 3358; x_wconf 89' lang='lat' dir='ltr'><strong>quod</strong></span> <span class='ocrx_word' id='word_1_471' title='bbox 407 3285 633 3341; x_wconf 89' lang='lat' dir='ltr'><strong>dictum</strong></span> <span class='ocrx_word' id='word_1_472' title='bbox 662 3283 872 3349; x_wconf 87' lang='lat' dir='ltr'><strong>fuerat,</strong></span> <span class='ocrx_word' id='word_1_473' title='bbox 900 3282 1040 3339; x_wconf 89' lang='lat' dir='ltr'><strong>dicit</strong></span> <span class='ocrx_word' id='word_1_474' title='bbox 1061 3282 1135 3339; x_wconf 89' lang='lat' dir='ltr'><strong>de</strong></span> <span class='ocrx_word' id='word_1_475' title='bbox 1159 3299 1249 3349; x_wconf 93' lang='lat' dir='ltr'><strong>eo,</strong></span> <span class='ocrx_word' id='word_1_476' title='bbox 1283 3282 1389 3355; x_wconf 91' lang='lat' dir='ltr'><strong>qui</strong></span> <span class='ocrx_word' id='word_1_477' title='bbox 1411 3289 1499 3339; x_wconf 89' lang='lat' dir='ltr'><strong>est</strong></span> <span class='ocrx_word' id='word_1_478' title='bbox 1520 3298 1654 3338; x_wconf 89' lang='lat' dir='ltr'><strong>vere</strong></span> <span class='ocrx_word' id='word_1_479' title='bbox 1678 3288 1862 3353; x_wconf 89' lang='lat' dir='ltr'><strong>pater,</strong></span> 
     </span>
    </p>
   </div>
   <div class='ocr_carea' id='block_1_65' title="bbox 212 3371 1863 3444">
    <p class='ocr_par' dir='ltr' id='par_1_65' title="bbox 212 3371 1863 3444">
     <span class='ocr_line' id='line_1_65' title="bbox 212 3371 1863 3444; baseline -0.002 -14"><span class='ocrx_word' id='word_1_480' title='bbox 212 3375 265 3430; x_wconf 90' lang='lat' dir='ltr'><strong>ei</strong></span> <span class='ocrx_word' id='word_1_481' title='bbox 299 3374 601 3429; x_wconf 86' lang='lat' dir='ltr'><strong>veritatem</strong></span> <span class='ocrx_word' id='word_1_482' title='bbox 632 3388 923 3428; x_wconf 85' lang='lat' dir='ltr'><strong>revocans</strong></span> <span class='ocrx_word' id='word_1_483' title='bbox 952 3373 1011 3428; x_wconf 91' lang='lat' dir='ltr'><strong>in</strong></span> <span class='ocrx_word' id='word_1_484' title='bbox 1041 3372 1419 3437; x_wconf 89' lang='lat' dir='ltr'><strong>memoriam,</strong></span> <span class='ocrx_word' id='word_1_485' title='bbox 1448 3378 1503 3427; x_wconf 91' lang='lat' dir='ltr'><strong>et</strong></span> <span class='ocrx_word' id='word_1_486' title='bbox 1529 3371 1863 3444; x_wconf 91' lang='lat' dir='ltr'><strong>providens,</strong></span> 
     </span>
    </p>
   </div>
   <div class='ocr_carea' id='block_1_66' title="bbox 213 3460 1865 3530">
    <p class='ocr_par' dir='ltr' id='par_1_66' title="bbox 213 3460 1865 3530">
     <span class='ocr_line' id='line_1_66' title="bbox 213 3460 1865 3530; baseline 0.001 -13"><span class='ocrx_word' id='word_1_487' title='bbox 213 3470 413 3517; x_wconf 87' lang='lat' dir='ltr'><strong>utnon</strong></span> <span class='ocrx_word' id='word_1_488' title='bbox 428 3462 595 3517; x_wconf 88' lang='lat' dir='ltr'><strong>humi</strong></span> <span class='ocrx_word' id='word_1_489' title='bbox 621 3467 832 3530; x_wconf 86' lang='lat' dir='ltr'><strong>serpat,</strong></span> <span class='ocrx_word' id='word_1_490' title='bbox 866 3461 965 3517; x_wconf 86' lang='lat' dir='ltr'><strong>sed</strong></span> <span class='ocrx_word' id='word_1_491' title='bbox 987 3462 1048 3517; x_wconf 91' lang='lat' dir='ltr'><strong>in</strong></span> <span class='ocrx_word' id='word_1_492' title='bbox 1070 3462 1258 3518; x_wconf 90' lang='lat' dir='ltr'><strong>altum</strong></span> <span class='ocrx_word' id='word_1_493' title='bbox 1289 3461 1601 3518; x_wconf 83' lang='lat' dir='ltr'><strong>extollatur</strong></span> <span class='ocrx_word' id='word_1_494' title='bbox 1635 3460 1865 3518; x_wconf 79' lang='lat' dir='ltr'><strong>:Nesci-</strong></span> 
     </span>
    </p>
   </div>
   <div class='ocr_carea' id='block_1_67' title="bbox 215 3550 1865 3623">
    <p class='ocr_par' dir='ltr' id='par_1_67' title="bbox 215 3550 1865 3623">
     <span class='ocr_line' id='line_1_67' title="bbox 215 3550 1865 3623; baseline -0.001 -16"><span class='ocrx_word' id='word_1_495' title='bbox 215 3552 313 3616; x_wconf 79' lang='lat' dir='ltr'><strong>tis,</strong></span> <span class='ocrx_word' id='word_1_496' title='bbox 364 3550 591 3616; x_wconf 91' lang='lat' dir='ltr'><strong>dicens,</strong></span> <span class='ocrx_word' id='word_1_497' title='bbox 620 3551 778 3623; x_wconf 86' lang='lat' dir='ltr'><strong>quod</strong></span> <span class='ocrx_word' id='word_1_498' title='bbox 807 3566 897 3607; x_wconf 91' lang='lat' dir='ltr'><strong>me</strong></span> <span class='ocrx_word' id='word_1_499' title='bbox 927 3558 1155 3620; x_wconf 81' lang='lat' dir='ltr'><strong>oportet</strong></span> <span class='ocrx_word' id='word_1_500' title='bbox 1187 3567 1306 3608; x_wconf 86' lang='lat' dir='ltr'><strong>esse</strong></span> <span class='ocrx_word' id='word_1_501' title='bbox 1350 3552 1413 3607; x_wconf 79' lang='lat' dir='ltr'><strong>in</strong></span> <span class='ocrx_word' id='word_1_502' title='bbox 1446 3551 1515 3605; x_wconf 76' lang='lat' dir='ltr'><strong>iis</strong></span> <span class='ocrx_word' id='word_1_503' title='bbox 1565 3566 1688 3621; x_wconf 75' lang='lat' dir='ltr'><strong>quae</strong></span> <span class='ocrx_word' id='word_1_504' title='bbox 1725 3556 1865 3606; x_wconf 86' lang='lat' dir='ltr'><strong>sunt</strong></span> 
     </span>
    </p>
   </div>
   <div class='ocr_carea' id='block_1_68' title="bbox 213 3638 1862 3704">
    <p class='ocr_par' dir='ltr' id='par_1_68' title="bbox 213 3638 1862 3704">
     <span class='ocr_line' id='line_1_68' title="bbox 213 3638 1862 3704; baseline -0.001 -10"><span class='ocrx_word' id='word_1_505' title='bbox 213 3638 413 3695; x_wconf 82' lang='lat' dir='ltr'><strong>Patris</strong></span> <span class='ocrx_word' id='word_1_506' title='bbox 462 3640 575 3695; x_wconf 77' lang='lat' dir='ltr'><strong>mei</strong></span> <span class='ocrx_word' id='word_1_507' title='bbox 605 3639 686 3693; x_wconf 68' lang='grc' dir='ltr'><strong>ιη</strong></span> <span class='ocrx_word' id='word_1_508' title='bbox 727 3640 817 3695; x_wconf 90' lang='lat' dir='ltr'><strong>Sic</strong></span> <span class='ocrx_word' id='word_1_509' title='bbox 864 3655 926 3694; x_wconf 90' lang='lat' dir='ltr'><strong>se</strong></span> <span class='ocrx_word' id='word_1_510' title='bbox 952 3640 1205 3696; x_wconf 87' lang='lat' dir='ltr'><strong>ostendit</strong></span> <span class='ocrx_word' id='word_1_511' title='bbox 1233 3643 1413 3695; x_wconf 91' lang='lat' dir='ltr'><strong>Deum</strong></span> <span class='ocrx_word' id='word_1_512' title='bbox 1459 3654 1587 3694; x_wconf 91' lang='lat' dir='ltr'><strong>esse</strong></span> <span class='ocrx_word' id='word_1_513' title='bbox 1630 3645 1862 3704; x_wconf 90' lang='lat' dir='ltr'><strong>natura,</strong></span> 
     </span>
    </p>
   </div>
   <div class='ocr_carea' id='block_1_69' title="bbox 216 3727 1865 3799">
    <p class='ocr_par' dir='ltr' id='par_1_69' title="bbox 216 3727 1865 3799">
     <span class='ocr_line' id='line_1_69' title="bbox 216 3727 1865 3799; baseline 0.001 -18"><span class='ocrx_word' id='word_1_514' title='bbox 216 3727 514 3799; x_wconf 89' lang='lat' dir='ltr'><strong>siquidem</strong></span> <span class='ocrx_word' id='word_1_515' title='bbox 530 3727 708 3782; x_wconf 89' lang='lat' dir='ltr'><strong>Filius</strong></span> <span class='ocrx_word' id='word_1_516' title='bbox 721 3728 995 3798; x_wconf 88' lang='lat' dir='ltr'><strong>ejusdem</strong></span> <span class='ocrx_word' id='word_1_517' title='bbox 1012 3732 1101 3783; x_wconf 90' lang='lat' dir='ltr'><strong>est</strong></span> <span class='ocrx_word' id='word_1_518' title='bbox 1116 3735 1343 3785; x_wconf 75' lang='lat' dir='ltr'><strong>naturas</strong></span> <span class='ocrx_word' id='word_1_519' title='bbox 1360 3745 1499 3784; x_wconf 90' lang='lat' dir='ltr'><strong>cum</strong></span> <span class='ocrx_word' id='word_1_520' title='bbox 1516 3728 1865 3794; x_wconf 83' lang='lat' dir='ltr'><strong>Patre.Quo-</strong></span> 
     </span>
    </p>
   </div>
   <div class='ocr_carea' id='block_1_70' title="bbox 212 3816 1863 3888">
    <p class='ocr_par' dir='ltr' id='par_1_70' title="bbox 212 3816 1863 3888">
     <span class='ocr_line' id='line_1_70' title="bbox 212 3816 1863 3888; baseline 0 -17"><span class='ocrx_word' id='word_1_521' title='bbox 212 3816 377 3871; x_wconf 89' lang='lat' dir='ltr'><strong>niam</strong></span> <span class='ocrx_word' id='word_1_522' title='bbox 405 3822 604 3871; x_wconf 89' lang='lat' dir='ltr'><strong>autem</strong></span> <span class='ocrx_word' id='word_1_523' title='bbox 653 3816 796 3872; x_wconf 86' lang='lat' dir='ltr'><strong>illud</strong></span> <span class='ocrx_word' id='word_1_524' title='bbox 826 3816 1114 3888; x_wconf 92' lang='lat' dir='ltr'><strong>templum</strong></span> <span class='ocrx_word' id='word_1_525' title='bbox 1159 3818 1350 3874; x_wconf 83' lang='lat' dir='ltr'><strong>Patris</strong></span> <span class='ocrx_word' id='word_1_526' title='bbox 1381 3826 1526 3883; x_wconf 89' lang='lat' dir='ltr'><strong>erat,</strong></span> <span class='ocrx_word' id='word_1_527' title='bbox 1550 3816 1607 3872; x_wconf 93' lang='lat' dir='ltr'><strong>in</strong></span> <span class='ocrx_word' id='word_1_528' title='bbox 1642 3816 1710 3871; x_wconf 92' lang='lat' dir='ltr'><strong>iis</strong></span> <span class='ocrx_word' id='word_1_529' title='bbox 1736 3832 1863 3888; x_wconf 66' lang='lat' dir='ltr'><strong>quas</strong></span> 
     </span>
    </p>
   </div>
   <div class='ocr_carea' id='block_1_71' title="bbox 213 3905 1863 3973">
    <p class='ocr_par' dir='ltr' id='par_1_71' title="bbox 213 3905 1863 3973">
     <span class='ocr_line' id='line_1_71' title="bbox 213 3905 1863 3973; baseline 0.001 -14"><span class='ocrx_word' id='word_1_530' title='bbox 213 3912 353 3960; x_wconf 86' lang='lat' dir='ltr'><strong>sunt</strong></span> <span class='ocrx_word' id='word_1_531' title='bbox 380 3906 564 3961; x_wconf 89' lang='lat' dir='ltr'><strong>Patris</strong></span> <span class='ocrx_word' id='word_1_532' title='bbox 589 3906 683 3962; x_wconf 92' lang='lat' dir='ltr'><strong>ille</strong></span> <span class='ocrx_word' id='word_1_533' title='bbox 716 3905 1085 3962; x_wconf 86' lang='lat' dir='ltr'><strong>versabatur.</strong></span> <span class='ocrx_word' id='word_1_534' title='bbox 1122 3907 1293 3973; x_wconf 89' lang='lat' dir='ltr'><strong>Quod</strong></span> <span class='ocrx_word' id='word_1_535' title='bbox 1315 3907 1566 3962; x_wconf 90' lang='lat' dir='ltr'><strong>verbum</strong></span> <span class='ocrx_word' id='word_1_536' title='bbox 1592 3906 1863 3962; x_wconf 90' lang='lat' dir='ltr'><strong>nondum</strong></span> 
     </span>
    </p>
   </div>
   <div class='ocr_carea' id='block_1_72' title="bbox 211 3994 1861 4051">
    <p class='ocr_par' dir='ltr' id='par_1_72' title="bbox 211 3994 1861 4051">
     <span class='ocr_line' id='line_1_72' title="bbox 211 3994 1861 4051; baseline -0.001 -1"><span class='ocrx_word' id='word_1_537' title='bbox 211 3995 599 4051; x_wconf 88' lang='lat' dir='ltr'><strong>manifestum</strong></span> <span class='ocrx_word' id='word_1_538' title='bbox 634 3994 746 4049; x_wconf 91' lang='lat' dir='ltr'><strong>illis</strong></span> <span class='ocrx_word' id='word_1_539' title='bbox 802 4000 949 4050; x_wconf 90' lang='lat' dir='ltr'><strong>erat.</strong></span> <span class='ocrx_word' id='word_1_540' title='bbox 1007 3995 1103 4050; x_wconf 89' lang='lat' dir='ltr'><strong>Ille</strong></span> <span class='ocrx_word' id='word_1_541' title='bbox 1151 4002 1353 4051; x_wconf 89' lang='lat' dir='ltr'><strong>autem</strong></span> <span class='ocrx_word' id='word_1_542' title='bbox 1394 3995 1700 4050; x_wconf 91' lang='lat' dir='ltr'><strong>descendit</strong></span> <span class='ocrx_word' id='word_1_543' title='bbox 1725 4010 1861 4050; x_wconf 91' lang='lat' dir='ltr'><strong>cum</strong></span> 
     </span>
    </p>
   </div>
   <div class='ocr_carea' id='block_1_73' title="bbox 211 4082 1858 4154">
    <p class='ocr_par' dir='ltr' id='par_1_73' title="bbox 211 4082 1858 4154">
     <span class='ocr_line' id='line_1_73' title="bbox 211 4082 1858 4154; baseline 0 -16"><span class='ocrx_word' id='word_1_544' title='bbox 211 4084 296 4139; x_wconf 90' lang='lat' dir='ltr'><strong>eis</strong></span> <span class='ocrx_word' id='word_1_545' title='bbox 324 4084 386 4139; x_wconf 91' lang='lat' dir='ltr'><strong>in</strong></span> <span class='ocrx_word' id='word_1_546' title='bbox 419 4085 721 4151; x_wconf 85' lang='lat' dir='ltr'><strong>Nazareth,</strong></span> <span class='ocrx_word' id='word_1_547' title='bbox 752 4090 805 4138; x_wconf 90' lang='lat' dir='ltr'><strong>et</strong></span> <span class='ocrx_word' id='word_1_548' title='bbox 839 4084 1060 4139; x_wconf 90' lang='lat' dir='ltr'><strong>mansit</strong></span> <span class='ocrx_word' id='word_1_549' title='bbox 1090 4085 1175 4139; x_wconf 89' lang='lat' dir='ltr'><strong>eis</strong></span> <span class='ocrx_word' id='word_1_550' title='bbox 1202 4084 1529 4154; x_wconf 88' lang='lat' dir='ltr'><strong>subjectus,</strong></span> <span class='ocrx_word' id='word_1_551' title='bbox 1570 4100 1642 4139; x_wconf 85' lang='lat' dir='ltr'><strong>ex</strong></span> <span class='ocrx_word' id='word_1_552' title='bbox 1674 4098 1737 4138; x_wconf 91' lang='lat' dir='ltr'><strong>se</strong></span> <span class='ocrx_word' id='word_1_553' title='bbox 1763 4082 1858 4138; x_wconf 85' lang='lat' dir='ltr'><strong>do~</strong></span> 
     </span>
    </p>
   </div>
   <div class='ocr_carea' id='block_1_74' title="bbox 210 4171 1863 4244">
    <p class='ocr_par' dir='ltr' id='par_1_74' title="bbox 210 4171 1863 4244">
     <span class='ocr_line' id='line_1_74' title="bbox 210 4171 1863 4244; baseline -0.001 -16"><span class='ocrx_word' id='word_1_554' title='bbox 210 4188 351 4228; x_wconf 89' lang='lat' dir='ltr'><strong>cens</strong></span> <span class='ocrx_word' id='word_1_555' title='bbox 391 4171 686 4227; x_wconf 89' lang='lat' dir='ltr'><strong>honorare</strong></span> <span class='ocrx_word' id='word_1_556' title='bbox 714 4179 1010 4243; x_wconf 89' lang='lat' dir='ltr'><strong>parentes,</strong></span> <span class='ocrx_word' id='word_1_557' title='bbox 1043 4178 1099 4227; x_wconf 93' lang='lat' dir='ltr'><strong>et</strong></span> <span class='ocrx_word' id='word_1_558' title='bbox 1122 4172 1285 4244; x_wconf 91' lang='lat' dir='ltr'><strong>quod</strong></span> <span class='ocrx_word' id='word_1_559' title='bbox 1312 4172 1442 4243; x_wconf 90' lang='lat' dir='ltr'><strong>ipse</strong></span> <span class='ocrx_word' id='word_1_560' title='bbox 1456 4172 1735 4243; x_wconf 90' lang='lat' dir='ltr'><strong>jusserat,</strong></span> <span class='ocrx_word' id='word_1_561' title='bbox 1754 4171 1863 4227; x_wconf 91' lang='lat' dir='ltr'><strong>hoc</strong></span> 
     </span>
    </p>
   </div>
   <div class='ocr_carea' id='block_1_75' title="bbox 210 4259 1866 4333">
    <p class='ocr_par' dir='ltr' id='par_1_75' title="bbox 210 4259 1866 4333">
     <span class='ocr_line' id='line_1_75' title="bbox 210 4259 1866 4333; baseline -0.001 -17"><span class='ocrx_word' id='word_1_562' title='bbox 210 4261 442 4333; x_wconf 86' lang='lat' dir='ltr'><strong>primus</strong></span> <span class='ocrx_word' id='word_1_563' title='bbox 510 4260 800 4332; x_wconf 90' lang='lat' dir='ltr'><strong>implens;</strong></span> <span class='ocrx_word' id='word_1_564' title='bbox 845 4259 1141 4315; x_wconf 89' lang='lat' dir='ltr'><strong>honorare</strong></span> <span class='ocrx_word' id='word_1_565' title='bbox 1200 4265 1400 4315; x_wconf 90' lang='lat' dir='ltr'><strong>autem</strong></span> <span class='ocrx_word' id='word_1_566' title='bbox 1441 4260 1685 4315; x_wconf 93' lang='lat' dir='ltr'><strong>omnino</strong></span> <span class='ocrx_word' id='word_1_567' title='bbox 1732 4266 1866 4331; x_wconf 91' lang='lat' dir='ltr'><strong>post</strong></span> 
     </span>
    </p>
   </div>
   <div class='ocr_carea' id='block_1_76' title="bbox 212 4349 1860 4422">
    <p class='ocr_par' dir='ltr' id='par_1_76' title="bbox 212 4349 1860 4422">
     <span class='ocr_line' id='line_1_76' title="bbox 212 4349 1860 4422; baseline 0.001 -18"><span class='ocrx_word' id='word_1_568' title='bbox 212 4352 419 4413; x_wconf 89' lang='lat' dir='ltr'><strong>Deum,</strong></span> <span class='ocrx_word' id='word_1_569' title='bbox 500 4349 701 4421; x_wconf 87' lang='lat' dir='ltr'><strong>illique</strong></span> <span class='ocrx_word' id='word_1_570' title='bbox 780 4365 914 4405; x_wconf 91' lang='lat' dir='ltr'><strong>esse</strong></span> <span class='ocrx_word' id='word_1_571' title='bbox 975 4350 1411 4422; x_wconf 67' lang='lat' dir='ltr'><strong>praeferendum</strong></span> <span class='ocrx_word' id='word_1_572' title='bbox 1461 4350 1560 4404; x_wconf 92' lang='lat' dir='ltr'><strong>Dei</strong></span> <span class='ocrx_word' id='word_1_573' title='bbox 1614 4349 1860 4419; x_wconf 82' lang='lat' dir='ltr'><strong>cultum_</strong></span> 
     </span>
    </p>
   </div>
   <div class='ocr_carea' id='block_1_77' title="bbox 1976 3190 3632 3264">
    <p class='ocr_par' dir='ltr' id='par_1_77' title="bbox 1976 3190 3632 3264">
     <span class='ocr_line' id='line_1_77' title="bbox 1976 3190 3632 3264; baseline 0.001 -18"><span class='ocrx_word' id='word_1_574' title='bbox 1976 3190 2219 3263; x_wconf 88' lang='lat' dir='ltr'><strong>quidem</strong></span> <span class='ocrx_word' id='word_1_575' title='bbox 2260 3191 2466 3247; x_wconf 89' lang='lat' dir='ltr'><strong>volens</strong></span> <span class='ocrx_word' id='word_1_576' title='bbox 2504 3194 2836 3259; x_wconf 91' lang='lat' dir='ltr'><strong>ostendere,</strong></span> <span class='ocrx_word' id='word_1_577' title='bbox 2871 3194 3192 3264; x_wconf 89' lang='lat' dir='ltr'><strong>cujusnam</strong></span> <span class='ocrx_word' id='word_1_578' title='bbox 3232 3197 3389 3248; x_wconf 90' lang='lat' dir='ltr'><strong>esset</strong></span> <span class='ocrx_word' id='word_1_579' title='bbox 3427 3193 3632 3259; x_wconf 89' lang='lat' dir='ltr'><strong>Mater,</strong></span> 
     </span>
    </p>
   </div>
   <div class='ocr_carea' id='block_1_78' title="bbox 1975 3280 3632 3354">
    <p class='ocr_par' dir='ltr' id='par_1_78' title="bbox 1975 3280 3632 3354">
     <span class='ocr_line' id='line_1_78' title="bbox 1975 3280 3632 3354; baseline 0.001 -19"><span class='ocrx_word' id='word_1_580' title='bbox 1975 3286 2031 3336; x_wconf 94' lang='lat' dir='ltr'><strong>et</strong></span> <span class='ocrx_word' id='word_1_581' title='bbox 2060 3280 2235 3336; x_wconf 91' lang='lat' dir='ltr'><strong>simul</strong></span> <span class='ocrx_word' id='word_1_582' title='bbox 2253 3281 2431 3337; x_wconf 90' lang='lat' dir='ltr'><strong>etiam</strong></span> <span class='ocrx_word' id='word_1_583' title='bbox 2458 3281 2671 3338; x_wconf 87' lang='lat' dir='ltr'><strong>referre</strong></span> <span class='ocrx_word' id='word_1_584' title='bbox 2704 3284 2960 3351; x_wconf 88' lang='lat' dir='ltr'><strong>gratiam</strong></span> <span class='ocrx_word' id='word_1_585' title='bbox 2983 3282 3055 3337; x_wconf 92' lang='lat' dir='ltr'><strong>iis</strong></span> <span class='ocrx_word' id='word_1_586' title='bbox 3079 3283 3181 3354; x_wconf 90' lang='lat' dir='ltr'><strong>qui</strong></span> <span class='ocrx_word' id='word_1_587' title='bbox 3216 3282 3632 3348; x_wconf 89' lang='lat' dir='ltr'><strong>invitaverant,</strong></span> 
     </span>
    </p>
   </div>
   <div class='ocr_carea' id='block_1_79' title="bbox 1974 3370 3633 3442">
    <p class='ocr_par' dir='ltr' id='par_1_79' title="bbox 1974 3370 3633 3442">
     <span class='ocr_line' id='line_1_79' title="bbox 1974 3370 3633 3442; baseline 0.001 -18"><span class='ocrx_word' id='word_1_588' title='bbox 1974 3371 2295 3442; x_wconf 88' lang='lat' dir='ltr'><strong>prudenter</strong></span> <span class='ocrx_word' id='word_1_589' title='bbox 2324 3371 2371 3425; x_wconf 90' lang='lat' dir='ltr'><strong>ei</strong></span> <span class='ocrx_word' id='word_1_590' title='bbox 2399 3372 2661 3442; x_wconf 83' lang='lat' dir='ltr'><strong>suggerit</strong></span> <span class='ocrx_word' id='word_1_591' title='bbox 2686 3372 2953 3427; x_wconf 90' lang='lat' dir='ltr'><strong>miraculi</strong></span> <span class='ocrx_word' id='word_1_592' title='bbox 2986 3371 3378 3426; x_wconf 69' lang='lat' dir='ltr'><strong>eﬂectionem.</strong></span> <span class='ocrx_word' id='word_1_593' title='bbox 3410 3370 3633 3427; x_wconf 90' lang='lat' dir='ltr'><strong>Deinde</strong></span> 
     </span>
    </p>
   </div>
   <div class='ocr_carea' id='block_1_80' title="bbox 1974 3459 3636 3532">
    <p class='ocr_par' dir='ltr' id='par_1_80' title="bbox 1974 3459 3636 3532">
     <span class='ocr_line' id='line_1_80' title="bbox 1974 3459 3636 3532; baseline 0.001 -19"><span class='ocrx_word' id='word_1_594' title='bbox 1974 3460 2152 3514; x_wconf 91' lang='lat' dir='ltr'><strong>etiam</strong></span> <span class='ocrx_word' id='word_1_595' title='bbox 2186 3459 2471 3515; x_wconf 90' lang='lat' dir='ltr'><strong>ministris</strong></span> <span class='ocrx_word' id='word_1_596' title='bbox 2503 3460 2953 3531; x_wconf 84' lang='lat' dir='ltr'><strong>:Quodcumque</strong></span> <span class='ocrx_word' id='word_1_597' title='bbox 2973 3460 3217 3523; x_wconf 71' lang='lat' dir='ltr'><strong>dixerit,</strong></span> <span class='ocrx_word' id='word_1_598' title='bbox 3245 3460 3456 3532; x_wconf 89' lang='lat' dir='ltr'><strong>inquit,</strong></span> <span class='ocrx_word' id='word_1_599' title='bbox 3483 3459 3636 3516; x_wconf 79' lang='lat' dir='ltr'><strong>vobis</strong></span> 
     </span>
    </p>
   </div>
   <div class='ocr_carea' id='block_1_81' title="bbox 1967 3547 3634 3619">
    <p class='ocr_par' dir='ltr' id='par_1_81' title="bbox 1967 3547 3634 3619">
     <span class='ocr_line' id='line_1_81' title="bbox 1967 3547 3634 3619; baseline 0.001 -16"><span class='ocrx_word' id='word_1_600' title='bbox 1967 3549 2173 3617; x_wconf 79' lang='lat' dir='ltr'><strong>facite,</strong></span> <span class='ocrx_word' id='word_1_601' title='bbox 2208 3548 2322 3602; x_wconf 91' lang='lat' dir='ltr'><strong>hoc</strong></span> <span class='ocrx_word' id='word_1_602' title='bbox 2351 3550 2551 3603; x_wconf 90' lang='lat' dir='ltr'><strong>dicens</strong></span> <span class='ocrx_word' id='word_1_603' title='bbox 2593 3549 2667 3603; x_wconf 92' lang='lat' dir='ltr'><strong>de</strong></span> <span class='ocrx_word' id='word_1_604' title='bbox 2696 3548 2858 3612; x_wconf 87' lang='lat' dir='ltr'><strong>Filio;</strong></span> <span class='ocrx_word' id='word_1_605' title='bbox 2883 3549 3011 3619; x_wconf 90' lang='lat' dir='ltr'><strong>jam</strong></span> <span class='ocrx_word' id='word_1_606' title='bbox 3036 3548 3197 3604; x_wconf 91' lang='lat' dir='ltr'><strong>enim</strong></span> <span class='ocrx_word' id='word_1_607' title='bbox 3240 3550 3516 3605; x_wconf 89' lang='lat' dir='ltr'><strong>veniebat</strong></span> <span class='ocrx_word' id='word_1_608' title='bbox 3554 3547 3634 3605; x_wconf 93' lang='lat' dir='ltr'><strong>ad</strong></span> 
     </span>
    </p>
   </div>
   <div class='ocr_carea' id='block_1_82' title="bbox 1974 3637 3637 3709">
    <p class='ocr_par' dir='ltr' id='par_1_82' title="bbox 1974 3637 3637 3709">
     <span class='ocr_line' id='line_1_82' title="bbox 1974 3637 3637 3709; baseline 0.001 -18"><span class='ocrx_word' id='word_1_609' title='bbox 1974 3637 2240 3692; x_wconf 89' lang='lat' dir='ltr'><strong>notitiam</strong></span> <span class='ocrx_word' id='word_1_610' title='bbox 2261 3638 2491 3692; x_wconf 87' lang='lat' dir='ltr'><strong>virtutis</strong></span> <span class='ocrx_word' id='word_1_611' title='bbox 2510 3637 2653 3701; x_wconf 85' lang='lat' dir='ltr'><strong>Filii,</strong></span> <span class='ocrx_word' id='word_1_612' title='bbox 2683 3644 2741 3692; x_wconf 92' lang='lat' dir='ltr'><strong>ut</strong></span> <span class='ocrx_word' id='word_1_613' title='bbox 2758 3653 2893 3709; x_wconf 71' lang='lat' dir='ltr'><strong>quae</strong></span> <span class='ocrx_word' id='word_1_614' title='bbox 2908 3637 3152 3693; x_wconf 87' lang='lat' dir='ltr'><strong>vidisset</strong></span> <span class='ocrx_word' id='word_1_615' title='bbox 3168 3638 3352 3693; x_wconf 89' lang='lat' dir='ltr'><strong>multa</strong></span> <span class='ocrx_word' id='word_1_616' title='bbox 3372 3638 3637 3694; x_wconf 87' lang='lat' dir='ltr'><strong>admira-</strong></span> 
     </span>
    </p>
   </div>
   <div class='ocr_carea' id='block_1_83' title="bbox 1972 3724 3629 3797">
    <p class='ocr_par' dir='ltr' id='par_1_83' title="bbox 1972 3724 3629 3797">
     <span class='ocr_line' id='line_1_83' title="bbox 1972 3724 3629 3797; baseline 0.001 -17"><span class='ocrx_word' id='word_1_617' title='bbox 1972 3724 2134 3791; x_wconf 88' lang='lat' dir='ltr'><strong>bilia,</strong></span> <span class='ocrx_word' id='word_1_618' title='bbox 2168 3743 2298 3797; x_wconf 63' lang='lat' dir='ltr'><strong>quae</strong></span> <span class='ocrx_word' id='word_1_619' title='bbox 2330 3726 2507 3781; x_wconf 90' lang='lat' dir='ltr'><strong>etiam</strong></span> <span class='ocrx_word' id='word_1_620' title='bbox 2535 3726 2826 3797; x_wconf 87' lang='lat' dir='ltr'><strong>paulatim</strong></span> <span class='ocrx_word' id='word_1_621' title='bbox 2858 3727 2916 3781; x_wconf 89' lang='lat' dir='ltr'><strong>in</strong></span> <span class='ocrx_word' id='word_1_622' title='bbox 2946 3726 3125 3781; x_wconf 90' lang='lat' dir='ltr'><strong>corde</strong></span> <span class='ocrx_word' id='word_1_623' title='bbox 3166 3726 3533 3793; x_wconf 79' lang='lat' dir='ltr'><strong>conferebat,</strong></span> <span class='ocrx_word' id='word_1_624' title='bbox 3569 3732 3629 3782; x_wconf 88' lang='lat' dir='ltr'><strong>ut</strong></span> 
     </span>
    </p>
   </div>
   <div class='ocr_carea' id='block_1_84' title="bbox 1972 3814 3415 3887">
    <p class='ocr_par' dir='ltr' id='par_1_84' title="bbox 1972 3814 3415 3887">
     <span class='ocr_line' id='line_1_84' title="bbox 1972 3814 3415 3887; baseline -0.001 -18"><span class='ocrx_word' id='word_1_625' title='bbox 1972 3820 2127 3870; x_wconf 91' lang='lat' dir='ltr'><strong>recte</strong></span> <span class='ocrx_word' id='word_1_626' title='bbox 2157 3815 2552 3884; x_wconf 86' lang='lat' dir='ltr'><strong>cognovimus</strong></span> <span class='ocrx_word' id='word_1_627' title='bbox 2582 3831 2653 3869; x_wconf 83' lang='lat' dir='ltr'><strong>ex</strong></span> <span class='ocrx_word' id='word_1_628' title='bbox 2685 3814 2752 3868; x_wconf 92' lang='lat' dir='ltr'><strong>iis</strong></span> <span class='ocrx_word' id='word_1_629' title='bbox 2783 3830 2919 3887; x_wconf 69' lang='lat' dir='ltr'><strong>quas</strong></span> <span class='ocrx_word' id='word_1_630' title='bbox 2960 3818 3415 3886; x_wconf 65' lang='lat' dir='ltr'><strong>praecesserunt.</strong></span> 
     </span>
    </p>
   </div>
   <div class='ocr_carea' id='block_1_85' title="bbox 2046 3903 3637 3976">
    <p class='ocr_par' dir='ltr' id='par_1_85' title="bbox 2046 3903 3637 3976">
     <span class='ocr_line' id='line_1_85' title="bbox 2046 3903 3637 3976; baseline 0.001 -18"><span class='ocrx_word' id='word_1_631' title='bbox 2046 3904 2243 3959; x_wconf 85' lang='lat' dir='ltr'><strong>XXVII.</strong></span> <span class='ocrx_word' id='word_1_632' title='bbox 2304 3904 2592 3969; x_wconf 89' lang='lat' dir='ltr'><strong>Quoniam</strong></span> <span class='ocrx_word' id='word_1_633' title='bbox 2624 3909 2817 3958; x_wconf 91' lang='lat' dir='ltr'><strong>autem</strong></span> <span class='ocrx_word' id='word_1_634' title='bbox 2847 3919 2968 3958; x_wconf 92' lang='lat' dir='ltr'><strong>non</strong></span> <span class='ocrx_word' id='word_1_635' title='bbox 3000 3903 3117 3959; x_wconf 89' lang='lat' dir='ltr'><strong>alio</strong></span> <span class='ocrx_word' id='word_1_636' title='bbox 3172 3909 3401 3976; x_wconf 88' lang='lat' dir='ltr'><strong>spectat</strong></span> <span class='ocrx_word' id='word_1_637' title='bbox 3453 3919 3637 3975; x_wconf 84' lang='lat' dir='ltr'><strong>argu-</strong></span> 
     </span>
    </p>
   </div>
   <div class='ocr_carea' id='block_1_86' title="bbox 1973 3992 3635 4064">
    <p class='ocr_par' dir='ltr' id='par_1_86' title="bbox 1973 3992 3635 4064">
     <span class='ocr_line' id='line_1_86' title="bbox 1973 3992 3635 4064; baseline 0.002 -17"><span class='ocrx_word' id='word_1_638' title='bbox 1973 4000 2243 4047; x_wconf 90' lang='lat' dir='ltr'><strong>mentum</strong></span> <span class='ocrx_word' id='word_1_639' title='bbox 2280 3994 2669 4064; x_wconf 88' lang='lat' dir='ltr'><strong>propositum,</strong></span> <span class='ocrx_word' id='word_1_640' title='bbox 2713 4009 2898 4063; x_wconf 89' lang='lat' dir='ltr'><strong>quam</strong></span> <span class='ocrx_word' id='word_1_641' title='bbox 2925 3992 3118 4048; x_wconf 91' lang='lat' dir='ltr'><strong>solum</strong></span> <span class='ocrx_word' id='word_1_642' title='bbox 3149 3992 3228 4048; x_wconf 91' lang='lat' dir='ltr'><strong>ad</strong></span> <span class='ocrx_word' id='word_1_643' title='bbox 3254 3993 3635 4051; x_wconf 86' lang='lat' dir='ltr'><strong>ostendenda</strong></span> 
     </span>
    </p>
   </div>
   <div class='ocr_carea' id='block_1_87' title="bbox 1973 4080 3633 4154">
    <p class='ocr_par' dir='ltr' id='par_1_87' title="bbox 1973 4080 3633 4154">
     <span class='ocr_line' id='line_1_87' title="bbox 1973 4080 3633 4154; baseline 0.001 -18"><span class='ocrx_word' id='word_1_644' title='bbox 1973 4080 2229 4150; x_wconf 82' lang='lat' dir='ltr'><strong>Virginis</strong></span> <span class='ocrx_word' id='word_1_645' title='bbox 2259 4082 2585 4151; x_wconf 85' lang='lat' dir='ltr'><strong>magnalia,</strong></span> <span class='ocrx_word' id='word_1_646' title='bbox 2633 4081 2738 4137; x_wconf 91' lang='lat' dir='ltr'><strong>erit</strong></span> <span class='ocrx_word' id='word_1_647' title='bbox 2766 4081 2880 4138; x_wconf 87' lang='lat' dir='ltr'><strong>hoc</strong></span> <span class='ocrx_word' id='word_1_648' title='bbox 2925 4098 3166 4154; x_wconf 89' lang='lat' dir='ltr'><strong>quoque</strong></span> <span class='ocrx_word' id='word_1_649' title='bbox 3208 4098 3397 4137; x_wconf 88' lang='lat' dir='ltr'><strong>unum</strong></span> <span class='ocrx_word' id='word_1_650' title='bbox 3438 4098 3504 4138; x_wconf 83' lang='lat' dir='ltr'><strong>ex</strong></span> <span class='ocrx_word' id='word_1_651' title='bbox 3562 4083 3633 4138; x_wconf 92' lang='lat' dir='ltr'><strong>iis</strong></span> 
     </span>
    </p>
   </div>
   <div class='ocr_carea' id='block_1_88' title="bbox 1973 4170 3632 4242">
    <p class='ocr_par' dir='ltr' id='par_1_88' title="bbox 1973 4170 3632 4242">
     <span class='ocr_line' id='line_1_88' title="bbox 1973 4170 3632 4242; baseline 0.002 -18"><span class='ocrx_word' id='word_1_652' title='bbox 1973 4185 2108 4242; x_wconf 69' lang='lat' dir='ltr'><strong>quas</strong></span> <span class='ocrx_word' id='word_1_653' title='bbox 2138 4170 2293 4225; x_wconf 90' lang='lat' dir='ltr'><strong>illius</strong></span> <span class='ocrx_word' id='word_1_654' title='bbox 2319 4178 2454 4225; x_wconf 91' lang='lat' dir='ltr'><strong>sunt</strong></span> <span class='ocrx_word' id='word_1_655' title='bbox 2484 4171 2645 4227; x_wconf 91' lang='lat' dir='ltr'><strong>bona</strong></span> <span class='ocrx_word' id='word_1_656' title='bbox 2674 4177 2730 4226; x_wconf 92' lang='lat' dir='ltr'><strong>et</strong></span> <span class='ocrx_word' id='word_1_657' title='bbox 2769 4171 3075 4242; x_wconf 73' lang='lat' dir='ltr'><strong>praeclara,</strong></span> <span class='ocrx_word' id='word_1_658' title='bbox 3111 4174 3155 4227; x_wconf 91' lang='lat' dir='ltr'><strong>si</strong></span> <span class='ocrx_word' id='word_1_659' title='bbox 3197 4171 3632 4227; x_wconf 88' lang='lat' dir='ltr'><strong>ostenderimus</strong></span> 
     </span>
    </p>
   </div>
   <div class='ocr_carea' id='block_1_89' title="bbox 1974 4259 3636 4332">
    <p class='ocr_par' dir='ltr' id='par_1_89' title="bbox 1974 4259 3636 4332">
     <span class='ocr_line' id='line_1_89' title="bbox 1974 4259 3636 4332; baseline 0.002 -19"><span class='ocrx_word' id='word_1_660' title='bbox 1974 4275 2107 4314; x_wconf 90' lang='lat' dir='ltr'><strong>eam</strong></span> <span class='ocrx_word' id='word_1_661' title='bbox 2136 4259 2313 4315; x_wconf 90' lang='lat' dir='ltr'><strong>fuisse</strong></span> <span class='ocrx_word' id='word_1_662' title='bbox 2333 4265 2621 4332; x_wconf 90' lang='lat' dir='ltr'><strong>perpetuo</strong></span> <span class='ocrx_word' id='word_1_663' title='bbox 2642 4266 2936 4316; x_wconf 88' lang='lat' dir='ltr'><strong>versatam</strong></span> <span class='ocrx_word' id='word_1_664' title='bbox 2971 4277 3107 4315; x_wconf 89' lang='lat' dir='ltr'><strong>cum</strong></span> <span class='ocrx_word' id='word_1_665' title='bbox 3137 4260 3302 4325; x_wconf 89' lang='lat' dir='ltr'><strong>Filio,</strong></span> <span class='ocrx_word' id='word_1_666' title='bbox 3334 4262 3455 4315; x_wconf 90' lang='lat' dir='ltr'><strong>etei</strong></span> <span class='ocrx_word' id='word_1_667' title='bbox 3480 4276 3636 4316; x_wconf 83' lang='lat' dir='ltr'><strong>sem-</strong></span> 
     </span>
    </p>
   </div>
   <div class='ocr_carea' id='block_1_90' title="bbox 1974 4348 3632 4422">
    <p class='ocr_par' dir='ltr' id='par_1_90' title="bbox 1974 4348 3632 4422">
     <span class='ocr_line' id='line_1_90' title="bbox 1974 4348 3632 4422; baseline 0.002 -20"><span class='ocrx_word' id='word_1_668' title='bbox 1974 4363 2078 4418; x_wconf 92' lang='lat' dir='ltr'><strong>per</strong></span> <span class='ocrx_word' id='word_1_669' title='bbox 2102 4348 2414 4415; x_wconf 90' lang='lat' dir='ltr'><strong>assedisse,</strong></span> <span class='ocrx_word' id='word_1_670' title='bbox 2456 4353 2514 4403; x_wconf 89' lang='lat' dir='ltr'><strong>et</strong></span> <span class='ocrx_word' id='word_1_671' title='bbox 2572 4365 2679 4404; x_wconf 92' lang='lat' dir='ltr'><strong>nec</strong></span> <span class='ocrx_word' id='word_1_672' title='bbox 2708 4352 2769 4404; x_wconf 92' lang='lat' dir='ltr'><strong>in</strong></span> <span class='ocrx_word' id='word_1_673' title='bbox 2822 4357 3089 4422; x_wconf 90' lang='lat' dir='ltr'><strong>tempore</strong></span> <span class='ocrx_word' id='word_1_674' title='bbox 3145 4350 3391 4421; x_wconf 86' lang='lat' dir='ltr'><strong>quidem</strong></span> <span class='ocrx_word' id='word_1_675' title='bbox 3434 4366 3632 4405; x_wconf 90' lang='lat' dir='ltr'><strong>rerum</strong></span> 
     </span>
    </p>
   </div>
   <div class='ocr_carea' id='block_1_91' title="bbox 210 4436 3631 4516">
    <p class='ocr_par' dir='ltr' id='par_1_91' title="bbox 210 4436 3631 4516">
     <span class='ocr_line' id='line_1_91' title="bbox 210 4436 3631 4516; baseline 0.001 -25"><span class='ocrx_word' id='word_1_676' title='bbox 210 4436 347 4493; x_wconf 90' lang='lat' dir='ltr'><strong>Ideo</strong></span> <span class='ocrx_word' id='word_1_677' title='bbox 378 4437 540 4493; x_wconf 90' lang='lat' dir='ltr'><strong>enim</strong></span> <span class='ocrx_word' id='word_1_678' title='bbox 559 4437 640 4492; x_wconf 90' lang='lat' dir='ltr'><strong>eis</strong></span> <span class='ocrx_word' id='word_1_679' title='bbox 665 4438 897 4505; x_wconf 88' lang='lat' dir='ltr'><strong>relictis,</strong></span> <span class='ocrx_word' id='word_1_680' title='bbox 921 4438 981 4493; x_wconf 92' lang='lat' dir='ltr'><strong>in</strong></span> <span class='ocrx_word' id='word_1_681' title='bbox 1012 4438 1227 4510; x_wconf 90' lang='lat' dir='ltr'><strong>templo</strong></span> <span class='ocrx_word' id='word_1_682' title='bbox 1250 4444 1642 4500; x_wconf 87' lang='lat' dir='ltr'><strong>remanserat,</strong></span> <span class='ocrx_word' id='word_1_683' title='bbox 1670 4446 1865 4494; x_wconf 89' lang='lat' dir='ltr'><strong>osten-</strong></span> <span class='ocrx_word' id='word_1_684' title='bbox 1896 4463 1941 4516; x_wconf 74' lang='grc' dir='ltr'>υ</span> <span class='ocrx_word' id='word_1_685' title='bbox 1975 4436 2388 4505; x_wconf 85' lang='lat' dir='ltr'><strong>adversarum,</strong></span> <span class='ocrx_word' id='word_1_686' title='bbox 2421 4453 2527 4493; x_wconf 91' lang='lat' dir='ltr'><strong>nec</strong></span> <span class='ocrx_word' id='word_1_687' title='bbox 2558 4437 2618 4492; x_wconf 93' lang='lat' dir='ltr'><strong>in</strong></span> <span class='ocrx_word' id='word_1_688' title='bbox 2650 4439 2928 4492; x_wconf 89' lang='lat' dir='ltr'><strong>Passione</strong></span> <span class='ocrx_word' id='word_1_689' title='bbox 2962 4438 3140 4493; x_wconf 91' lang='lat' dir='ltr'><strong>fuisse</strong></span> <span class='ocrx_word' id='word_1_690' title='bbox 3169 4438 3247 4494; x_wconf 91' lang='lat' dir='ltr'><strong>ab</strong></span> <span class='ocrx_word' id='word_1_691' title='bbox 3279 4454 3350 4493; x_wconf 92' lang='lat' dir='ltr'><strong>eo</strong></span> <span class='ocrx_word' id='word_1_692' title='bbox 3391 4454 3631 4509; x_wconf 85' lang='lat' dir='ltr'><strong>separa-</strong></span> 
     </span>
    </p>
   </div>
   <div class='ocr_carea' id='block_1_92' title="bbox 207 4525 1863 4599">
    <p class='ocr_par' dir='ltr' id='par_1_92' title="bbox 207 4525 1863 4599">
     <span class='ocr_line' id='line_1_92' title="bbox 207 4525 1863 4599; baseline 0.001 -17"><span class='ocrx_word' id='word_1_693' title='bbox 207 4525 359 4582; x_wconf 89' lang='lat' dir='ltr'><strong>dens</strong></span> <span class='ocrx_word' id='word_1_694' title='bbox 406 4526 505 4581; x_wconf 86' lang='lat' dir='ltr'><strong>Dei</strong></span> <span class='ocrx_word' id='word_1_695' title='bbox 537 4542 806 4583; x_wconf 89' lang='lat' dir='ltr'><strong>amorem</strong></span> <span class='ocrx_word' id='word_1_696' title='bbox 837 4528 1097 4585; x_wconf 87' lang='lat' dir='ltr'><strong>naturali</strong></span> <span class='ocrx_word' id='word_1_697' title='bbox 1123 4534 1179 4584; x_wconf 91' lang='lat' dir='ltr'><strong>et</strong></span> <span class='ocrx_word' id='word_1_698' title='bbox 1226 4534 1468 4599; x_wconf 90' lang='lat' dir='ltr'><strong>paterno</strong></span> <span class='ocrx_word' id='word_1_699' title='bbox 1514 4526 1863 4583; x_wconf 89' lang='lat' dir='ltr'><strong>validiorem</strong></span> 
     </span>
    </p>
   </div>
   <div class='ocr_carea' id='block_1_93' title="bbox 207 4615 619 4672">
    <p class='ocr_par' dir='ltr' id='par_1_93' title="bbox 207 4615 619 4672">
     <span class='ocr_line' id='line_1_93' title="bbox 207 4615 619 4672; baseline 0.002 -2"><span class='ocrx_word' id='word_1_700' title='bbox 207 4631 340 4671; x_wconf 89' lang='lat' dir='ltr'><strong>esse</strong></span> <span class='ocrx_word' id='word_1_701' title='bbox 382 4615 619 4672; x_wconf 88' lang='lat' dir='ltr'><strong>debere.</strong></span> 
     </span>
    </p>
   </div>
   <div class='ocr_carea' id='block_1_94' title="bbox 280 4705 1862 4779">
    <p class='ocr_par' dir='ltr' id='par_1_94' title="bbox 280 4705 1862 4779">
     <span class='ocr_line' id='line_1_94' title="bbox 280 4705 1862 4779; baseline 0.001 -19"><span class='ocrx_word' id='word_1_702' title='bbox 280 4705 442 4760; x_wconf 85' lang='lat' dir='ltr'><strong>XXV.</strong></span> <span class='ocrx_word' id='word_1_703' title='bbox 464 4705 578 4761; x_wconf 85' lang='lat' dir='ltr'><strong>Sed</strong></span> <span class='ocrx_word' id='word_1_704' title='bbox 600 4706 746 4761; x_wconf 91' lang='lat' dir='ltr'><strong>mihi</strong></span> <span class='ocrx_word' id='word_1_705' title='bbox 772 4722 978 4761; x_wconf 87' lang='lat' dir='ltr'><strong>rursus</strong></span> <span class='ocrx_word' id='word_1_706' title='bbox 1002 4707 1115 4779; x_wconf 85' lang='lat' dir='ltr'><strong>(t2)</strong></span> <span class='ocrx_word' id='word_1_707' title='bbox 1140 4706 1263 4761; x_wconf 89' lang='lat' dir='ltr'><strong>vide</strong></span> <span class='ocrx_word' id='word_1_708' title='bbox 1284 4706 1601 4763; x_wconf 90' lang='lat' dir='ltr'><strong>mulierum</strong></span> <span class='ocrx_word' id='word_1_709' title='bbox 1629 4707 1862 4778; x_wconf 88' lang='lat' dir='ltr'><strong>sapien-</strong></span> 
     </span>
    </p>
   </div>
   <div class='ocr_carea' id='block_1_95' title="bbox 275 4828 1591 4896">
    <p class='ocr_par' dir='ltr' id='par_1_95' title="bbox 275 4828 1591 4896">
     <span class='ocr_line' id='line_1_95' title="bbox 275 4828 1591 4896; baseline 0.004 -13"><span class='ocrx_word' id='word_1_710' title='bbox 275 4831 324 4865; x_wconf 79' lang='grc'><strong>³⁷</strong></span> <span class='ocrx_word' id='word_1_711' title='bbox 365 4828 487 4886; x_wconf 92' lang='lat' dir='ltr'><strong>Luc</strong></span> <span class='ocrx_word' id='word_1_712' title='bbox 514 4845 582 4896; x_wconf 88' lang='lat'><strong>11,</strong></span> <span class='ocrx_word' id='word_1_713' title='bbox 604 4834 693 4886; x_wconf 81' lang='grc'><strong>48.</strong></span> <span class='ocrx_word' id='word_1_714' title='bbox 810 4832 856 4866; x_wconf 80' lang='grc'><strong>³⁸</strong></span> <span class='ocrx_word' id='word_1_715' title='bbox 886 4831 1030 4887; x_wconf 88' lang='lat' dir='ltr'><strong>ibid.</strong></span> <span class='ocrx_word' id='word_1_716' title='bbox 1054 4834 1142 4886; x_wconf 80' lang='grc'><strong>49.</strong></span> <span class='ocrx_word' id='word_1_717' title='bbox 1258 4834 1303 4868; x_wconf 69' lang='grc'><strong>³³</strong></span> <span class='ocrx_word' id='word_1_718' title='bbox 1332 4832 1476 4887; x_wconf 91' lang='lat' dir='ltr'><strong>ibid.</strong></span> <span class='ocrx_word' id='word_1_719' title='bbox 1505 4837 1591 4888; x_wconf 83' lang='lat' dir='ltr'><strong>5t.</strong></span> 
     </span>
    </p>
   </div>
   <div class='ocr_carea' id='block_1_96' title="bbox 275 4953 1862 5028">
    <p class='ocr_par' dir='ltr' id='par_1_96' title="bbox 275 4953 1862 5028">
     <span class='ocr_line' id='line_1_96' title="bbox 275 4953 1862 5028; baseline -0.001 -19"><span class='ocrx_word' id='word_1_720' title='bbox 275 4956 389 5025; x_wconf 83' lang='grc'><strong>(12)</strong></span> <span class='ocrx_word' id='word_1_721' title='bbox 432 4962 536 5008; x_wconf 82' lang='grc' dir='ltr'><strong>Τοῦ</strong></span> <span class='ocrx_word' id='word_1_722' title='bbox 613 4962 1013 5028; x_wconf 74' lang='grc' dir='ltr'>Μεταφραστοῡ.</span> <span class='ocrx_word' id='word_1_723' title='bbox 1072 4953 1209 5027; x_wconf 86' lang='grc' dir='ltr'>Ὀρα</span> <span class='ocrx_word' id='word_1_724' title='bbox 1273 4976 1363 5027; x_wconf 78' lang='grc' dir='ltr'><strong>μοι</strong></span> <span class='ocrx_word' id='word_1_725' title='bbox 1413 4960 1498 5008; x_wconf 78' lang='grc' dir='ltr'>καὶ</span> <span class='ocrx_word' id='word_1_726' title='bbox 1556 4954 1702 5017; x_wconf 80' lang='grc' dir='ltr'><strong>αὖθις</strong></span> <span class='ocrx_word' id='word_1_727' title='bbox 1768 4962 1862 5015; x_wconf 79' lang='grc' dir='ltr'>τὴν</span> 
     </span>
    </p>
   </div>
   <div class='ocr_carea' id='block_1_97' title="bbox 204 5047 1863 5120">
    <p class='ocr_par' dir='ltr' id='par_1_97' title="bbox 204 5047 1863 5120">
     <span class='ocr_line' id='line_1_97' title="bbox 204 5047 1863 5120; baseline 0.001 -24"><span class='ocrx_word' id='word_1_728' title='bbox 204 5047 506 5117; x_wconf 71' lang='grc' dir='ltr'><strong>σοφωτάτην</strong></span> <span class='ocrx_word' id='word_1_729' title='bbox 552 5053 809 5115; x_wconf 77' lang='grc' dir='ltr'>γυναικών</span> <span class='ocrx_word' id='word_1_730' title='bbox 864 5050 1063 5119; x_wconf 79' lang='grc' dir='ltr'><strong>Μαρίαν</strong></span> <span class='ocrx_word' id='word_1_731' title='bbox 1105 5061 1115 5071; x_wconf 95' lang='grc'>·</span> <span class='ocrx_word' id='word_1_732' title='bbox 1171 5049 1265 5103; x_wconf 84' lang='grc' dir='ltr'>τὴν</span> <span class='ocrx_word' id='word_1_733' title='bbox 1317 5049 1517 5120; x_wconf 77' lang='grc' dir='ltr'>μητέρα</span> <span class='ocrx_word' id='word_1_734' title='bbox 1569 5055 1659 5106; x_wconf 85' lang='grc' dir='ltr'><strong>τῆς</strong></span> <span class='ocrx_word' id='word_1_735' title='bbox 1708 5050 1863 5107; x_wconf 80' lang='grc' dir='ltr'>ὅντως</span> 
     </span>
    </p>
   </div>
   <div class='ocr_carea' id='block_1_98' title="bbox 202 5131 1860 5209">
    <p class='ocr_par' dir='ltr' id='par_1_98' title="bbox 202 5131 1860 5209">
     <span class='ocr_line' id='line_1_98' title="bbox 202 5131 1860 5209; baseline 0.001 -24"><span class='ocrx_word' id='word_1_736' title='bbox 202 5139 392 5205; x_wconf 76' lang='grc' dir='ltr'>σοφίας</span> <span class='ocrx_word' id='word_1_737' title='bbox 430 5139 519 5185; x_wconf 83' lang='grc' dir='ltr'>καὶ</span> <span class='ocrx_word' id='word_1_738' title='bbox 576 5131 876 5207; x_wconf 76' lang='grc' dir='ltr'>ἀπορρήτου</span> <span class='ocrx_word' id='word_1_739' title='bbox 933 5139 1186 5203; x_wconf 76' lang='grc' dir='ltr'><strong>γνώσεως.</strong></span> <span class='ocrx_word' id='word_1_740' title='bbox 1246 5139 1475 5209; x_wconf 73' lang='grc' dir='ltr'><strong>Διετήρει</strong></span> <span class='ocrx_word' id='word_1_741' title='bbox 1529 5138 1653 5207; x_wconf 70' lang='grc' dir='ltr'>γὰρ,</span> <span class='ocrx_word' id='word_1_742' title='bbox 1708 5140 1860 5207; x_wconf 72' lang='grc' dir='ltr'><strong>φησὶ,</strong></span> 
     </span>
    </p>
   </div>
   <div class='ocr_carea' id='block_1_99' title="bbox 197 5220 1859 5297">
    <p class='ocr_par' dir='ltr' id='par_1_99' title="bbox 197 5220 1859 5297">
     <span class='ocr_line' id='line_1_99' title="bbox 197 5220 1859 5297; baseline 0.002 -24"><span class='ocrx_word' id='word_1_743' title='bbox 197 5225 368 5274; x_wconf 78' lang='grc' dir='ltr'>πάντα</span> <span class='ocrx_word' id='word_1_744' title='bbox 442 5225 509 5275; x_wconf 81' lang='grc' dir='ltr'>τὰ</span> <span class='ocrx_word' id='word_1_745' title='bbox 579 5223 795 5297; x_wconf 78' lang='grc' dir='ltr'>ῥήματα</span> <span class='ocrx_word' id='word_1_746' title='bbox 878 5229 1046 5274; x_wconf 82' lang='grc' dir='ltr'>ταῦτα</span> <span class='ocrx_word' id='word_1_747' title='bbox 1131 5221 1178 5273; x_wconf 74' lang='grc' dir='ltr'>ἕν</span> <span class='ocrx_word' id='word_1_748' title='bbox 1257 5231 1318 5295; x_wconf 73' lang='grc' dir='ltr'><strong>τῇ</strong></span> <span class='ocrx_word' id='word_1_749' title='bbox 1402 5220 1600 5296; x_wconf 76' lang='grc' dir='ltr'>καρδίᾳ</span> <span class='ocrx_word' id='word_1_750' title='bbox 1680 5224 1859 5292; x_wconf 69' lang='grc' dir='ltr'>αὐτῆς,</span> 
     </span>
    </p>
   </div>
   <div class='ocr_carea' id='block_1_100' title="bbox 198 5307 1855 5386">
    <p class='ocr_par' dir='ltr' id='par_1_100' title="bbox 198 5307 1855 5386">
     <span class='ocr_line' id='line_1_100' title="bbox 198 5307 1855 5386; baseline 0.002 -24"><span class='ocrx_word' id='word_1_751' title='bbox 198 5313 373 5384; x_wconf 76' lang='grc' dir='ltr'>ὥσπερ</span> <span class='ocrx_word' id='word_1_752' title='bbox 424 5307 492 5369; x_wconf 80' lang='grc' dir='ltr'><strong>δὴ</strong></span> <span class='ocrx_word' id='word_1_753' title='bbox 534 5317 618 5363; x_wconf 76' lang='grc' dir='ltr'>καὶ</span> <span class='ocrx_word' id='word_1_754' title='bbox 674 5317 921 5386; x_wconf 82' lang='grc' dir='ltr'>πρότερον</span> <span class='ocrx_word' id='word_1_755' title='bbox 960 5309 1043 5362; x_wconf 75' lang='grc' dir='ltr'><strong>ἐπὶ</strong></span> <span class='ocrx_word' id='word_1_756' title='bbox 1088 5319 1148 5383; x_wconf 78' lang='grc' dir='ltr'>τῇ</span> <span class='ocrx_word' id='word_1_757' title='bbox 1196 5320 1294 5363; x_wconf 85' lang='grc' dir='ltr'>τῶν</span> <span class='ocrx_word' id='word_1_758' title='bbox 1347 5316 1598 5385; x_wconf 78' lang='grc' dir='ltr'><strong>ποιμένων</strong></span> <span class='ocrx_word' id='word_1_759' title='bbox 1648 5312 1855 5365; x_wconf 78' lang='grc' dir='ltr'>ἐπιστα·</span> 
     </span>
    </p>
   </div>
   <div class='ocr_carea' id='block_1_101' title="bbox 196 5399 1858 5473">
    <p class='ocr_par' dir='ltr' id='par_1_101' title="bbox 196 5399 1858 5473">
     <span class='ocr_line' id='line_1_101' title="bbox 196 5399 1858 5473; baseline 0.001 -21"><span class='ocrx_word' id='word_1_760' title='bbox 196 5405 308 5471; x_wconf 75' lang='grc' dir='ltr'>σία,</span> <span class='ocrx_word' id='word_1_761' title='bbox 388 5404 477 5452; x_wconf 83' lang='grc' dir='ltr'>καὶ</span> <span class='ocrx_word' id='word_1_762' title='bbox 534 5401 606 5460; x_wconf 82' lang='grc' dir='ltr'>οἷς</span> <span class='ocrx_word' id='word_1_763' title='bbox 663 5399 845 5452; x_wconf 74' lang='grc' dir='ltr'>ἐκεῖνοι</span> <span class='ocrx_word' id='word_1_764' title='bbox 922 5399 1201 5473; x_wconf 77' lang='grc' dir='ltr'>ἑωρακότες</span> <span class='ocrx_word' id='word_1_765' title='bbox 1243 5405 1332 5452; x_wconf 84' lang='grc' dir='ltr'>καὶ</span> <span class='ocrx_word' id='word_1_766' title='bbox 1412 5400 1727 5464; x_wconf 78' lang='grc' dir='ltr'>ἀκούσαντες</span> <span class='ocrx_word' id='word_1_767' title='bbox 1778 5402 1858 5464; x_wconf 77' lang='grc' dir='ltr'><strong>ἆξ-</strong></span> 
     </span>
    </p>
   </div>
   <div class='ocr_carea' id='block_1_102' title="bbox 194 5491 1859 5563">
    <p class='ocr_par' dir='ltr' id='par_1_102' title="bbox 194 5491 1859 5563">
     <span class='ocr_line' id='line_1_102' title="bbox 194 5491 1859 5563; baseline 0.001 -22"><span class='ocrx_word' id='word_1_768' title='bbox 194 5494 464 5563; x_wconf 74' lang='grc' dir='ltr'><strong>ηγόρευον.</strong></span> <span class='ocrx_word' id='word_1_769' title='bbox 520 5495 618 5542; x_wconf 81' lang='grc' dir='ltr'><strong>Καὶ</strong></span> <span class='ocrx_word' id='word_1_770' title='bbox 666 5493 779 5541; x_wconf 83' lang='grc' dir='ltr'>τότε</span> <span class='ocrx_word' id='word_1_771' title='bbox 829 5491 929 5562; x_wconf 76' lang='grc' dir='ltr'><strong>γὰρ</strong></span> <span class='ocrx_word' id='word_1_772' title='bbox 969 5496 1136 5542; x_wconf 79' lang='grc' dir='ltr'>ταῦτα</span> <span class='ocrx_word' id='word_1_773' title='bbox 1194 5491 1365 5541; x_wconf 77' lang='grc' dir='ltr'>πάντα</span> <span class='ocrx_word' id='word_1_774' title='bbox 1412 5492 1442 5548; x_wconf 79' lang='grc' dir='ltr'>ἡ</span> <span class='ocrx_word' id='word_1_775' title='bbox 1502 5495 1683 5563; x_wconf 83' lang='grc' dir='ltr'>Μαρία</span> <span class='ocrx_word' id='word_1_776' title='bbox 1730 5509 1859 5542; x_wconf 79' lang='grc' dir='ltr'>συν-</span> 
     </span>
    </p>
   </div>
   <div class='ocr_carea' id='block_1_103' title="bbox 1974 4526 3629 4597">
    <p class='ocr_par' dir='ltr' id='par_1_103' title="bbox 1974 4526 3629 4597">
     <span class='ocr_line' id='line_1_103' title="bbox 1974 4526 3629 4597; baseline 0.001 -18"><span class='ocrx_word' id='word_1_777' title='bbox 1974 4528 2121 4589; x_wconf 91' lang='lat' dir='ltr'><strong>tam,</strong></span> <span class='ocrx_word' id='word_1_778' title='bbox 2153 4526 2399 4597; x_wconf 86' lang='lat' dir='ltr'><strong>quando</strong></span> <span class='ocrx_word' id='word_1_779' title='bbox 2426 4531 2481 4580; x_wconf 91' lang='lat' dir='ltr'><strong>et</strong></span> <span class='ocrx_word' id='word_1_780' title='bbox 2509 4526 2808 4597; x_wconf 88' lang='lat' dir='ltr'><strong>discipuli,</strong></span> <span class='ocrx_word' id='word_1_781' title='bbox 2842 4533 2898 4581; x_wconf 91' lang='lat' dir='ltr'><strong>et</strong></span> <span class='ocrx_word' id='word_1_782' title='bbox 2925 4528 3125 4593; x_wconf 89' lang='lat' dir='ltr'><strong>amici,</strong></span> <span class='ocrx_word' id='word_1_783' title='bbox 3158 4533 3214 4581; x_wconf 90' lang='lat' dir='ltr'><strong>et</strong></span> <span class='ocrx_word' id='word_1_784' title='bbox 3238 4542 3447 4582; x_wconf 90' lang='lat' dir='ltr'><strong>omnes</strong></span> <span class='ocrx_word' id='word_1_785' title='bbox 3481 4526 3629 4596; x_wconf 89' lang='lat' dir='ltr'><strong>noti,</strong></span> 
     </span>
    </p>
   </div>
   <div class='ocr_carea' id='block_1_104' title="bbox 1974 4613 3632 4687">
    <p class='ocr_par' dir='ltr' id='par_1_104' title="bbox 1974 4613 3632 4687">
     <span class='ocr_line' id='line_1_104' title="bbox 1974 4613 3632 4687; baseline 0.001 -17"><span class='ocrx_word' id='word_1_786' title='bbox 1974 4614 2071 4671; x_wconf 91' lang='lat' dir='ltr'><strong>alii</strong></span> <span class='ocrx_word' id='word_1_787' title='bbox 2102 4613 2340 4686; x_wconf 89' lang='lat' dir='ltr'><strong>quidem</strong></span> <span class='ocrx_word' id='word_1_788' title='bbox 2367 4615 2501 4687; x_wconf 92' lang='lat' dir='ltr'><strong>ipso</strong></span> <span class='ocrx_word' id='word_1_789' title='bbox 2524 4617 2772 4671; x_wconf 87' lang='lat' dir='ltr'><strong>omnino</strong></span> <span class='ocrx_word' id='word_1_790' title='bbox 2795 4616 3015 4680; x_wconf 88' lang='lat' dir='ltr'><strong>relicto,</strong></span> <span class='ocrx_word' id='word_1_791' title='bbox 3047 4632 3108 4670; x_wconf 89' lang='lat' dir='ltr'><strong>se</strong></span> <span class='ocrx_word' id='word_1_792' title='bbox 3134 4616 3195 4670; x_wconf 92' lang='lat' dir='ltr'><strong>in</strong></span> <span class='ocrx_word' id='word_1_793' title='bbox 3220 4616 3401 4687; x_wconf 86' lang='lat' dir='ltr'><strong>pedes</strong></span> <span class='ocrx_word' id='word_1_794' title='bbox 3434 4616 3632 4686; x_wconf 90' lang='lat' dir='ltr'><strong>conje-</strong></span> 
     </span>
    </p>
   </div>
   <div class='ocr_carea' id='block_1_105' title="bbox 1975 4704 3630 4778">
    <p class='ocr_par' dir='ltr' id='par_1_105' title="bbox 1975 4704 3630 4778">
     <span class='ocr_line' id='line_1_105' title="bbox 1975 4704 3630 4778; baseline 0.001 -18"><span class='ocrx_word' id='word_1_795' title='bbox 1975 4704 2303 4761; x_wconf 82' lang='lat' dir='ltr'><strong>ceruntzalii</strong></span> <span class='ocrx_word' id='word_1_796' title='bbox 2327 4721 2629 4769; x_wconf 90' lang='lat' dir='ltr'><strong>vero,cum</strong></span> <span class='ocrx_word' id='word_1_797' title='bbox 2650 4704 2965 4778; x_wconf 90' lang='lat' dir='ltr'><strong>paululum</strong></span> <span class='ocrx_word' id='word_1_798' title='bbox 2980 4709 3630 4777; x_wconf 86' lang='lat' dir='ltr'><strong>exspectassent,nega-</strong></span> 
     </span>
    </p>
   </div>
   <div class='ocr_carea' id='block_1_106' title="bbox 1712 4830 2311 4902">
    <p class='ocr_par' dir='ltr' id='par_1_106' title="bbox 1712 4830 2311 4902">
     <span class='ocr_line' id='line_1_106' title="bbox 1712 4830 2311 4902; baseline -0.013 -14"><span class='ocrx_word' id='word_1_799' title='bbox 1712 4832 1760 4869; x_wconf 75' lang='lat'><strong>‘°</strong></span> <span class='ocrx_word' id='word_1_800' title='bbox 1787 4834 1957 4889; x_wconf 81' lang='lat' dir='ltr'><strong>Joan.</strong></span> <span class='ocrx_word' id='word_1_801' title='bbox 1992 4830 2048 4900; x_wconf 85' lang='lat' dir='ltr'><strong>ii,</strong></span> <span class='ocrx_word' id='word_1_802' title='bbox 2082 4832 2106 4884; x_wconf 90' lang='grc'><strong>1</strong></span> <span class='ocrx_word' id='word_1_803' title='bbox 2144 4845 2311 4902; x_wconf 89' lang='lat' dir='ltr'><strong>seqq.</strong></span> 
     </span>
    </p>
   </div>
   <div class='ocr_carea' id='block_1_107' title="bbox 1974 4950 3627 5029">
    <p class='ocr_par' dir='ltr' id='par_1_107' title="bbox 1974 4950 3627 5029">
     <span class='ocr_line' id='line_1_107' title="bbox 1974 4950 3627 5029; baseline -0.002 -21"><span class='ocrx_word' id='word_1_804' title='bbox 1974 4959 2145 5029; x_wconf 77' lang='grc' dir='ltr'>ετήρει</span> <span class='ocrx_word' id='word_1_805' title='bbox 2180 4972 2193 4984; x_wconf 72' lang='grc' dir='ltr'><strong>ο</strong></span> <span class='ocrx_word' id='word_1_806' title='bbox 2237 4954 2295 5006; x_wconf 75' lang='grc' dir='ltr'>οὐ</span> <span class='ocrx_word' id='word_1_807' title='bbox 2338 4956 2440 5027; x_wconf 74' lang='grc' dir='ltr'><strong>γὰρ</strong></span> <span class='ocrx_word' id='word_1_808' title='bbox 2486 4956 2549 5013; x_wconf 85' lang='grc' dir='ltr'>ὡς</span> <span class='ocrx_word' id='word_1_809' title='bbox 2592 4950 2792 5025; x_wconf 81' lang='grc' dir='ltr'><strong>παιδίῳ</strong></span> <span class='ocrx_word' id='word_1_810' title='bbox 2839 4958 2942 5005; x_wconf 84' lang='grc' dir='ltr'>τινί</span> <span class='ocrx_word' id='word_1_811' title='bbox 2989 4959 3269 5028; x_wconf 81' lang='grc' dir='ltr'><strong>προσεῖχεν</strong></span> <span class='ocrx_word' id='word_1_812' title='bbox 3300 4973 3312 4985; x_wconf 78' lang='grc' dir='ltr'><strong>ο</strong></span> <span class='ocrx_word' id='word_1_813' title='bbox 3349 4951 3475 5004; x_wconf 79' lang='grc' dir='ltr'><strong>ἀλλὰ</strong></span> <span class='ocrx_word' id='word_1_814' title='bbox 3512 4956 3627 5027; x_wconf 74' lang='grc' dir='ltr'>περὶ</span> 
     </span>
    </p>
   </div>
   <div class='ocr_carea' id='block_1_108' title="bbox 1972 5040 3624 5116">
    <p class='ocr_par' dir='ltr' id='par_1_108' title="bbox 1972 5040 3624 5116">
     <span class='ocr_line' id='line_1_108' title="bbox 1972 5040 3624 5116; baseline -0.003 -18"><span class='ocrx_word' id='word_1_815' title='bbox 1972 5046 2219 5098; x_wconf 74' lang='grc' dir='ltr'>πλείστου</span> <span class='ocrx_word' id='word_1_816' title='bbox 2271 5046 2336 5095; x_wconf 81' lang='grc' dir='ltr'><strong>τὰ</strong></span> <span class='ocrx_word' id='word_1_817' title='bbox 2387 5044 2637 5115; x_wconf 72' lang='grc' dir='ltr'><strong>λεγόμενα</strong></span> <span class='ocrx_word' id='word_1_818' title='bbox 2688 5042 2928 5109; x_wconf 80' lang='grc' dir='ltr'>ἐποιεῖτο,</span> <span class='ocrx_word' id='word_1_819' title='bbox 2965 5050 3055 5096; x_wconf 81' lang='grc' dir='ltr'>καὶ</span> <span class='ocrx_word' id='word_1_820' title='bbox 3094 5040 3242 5096; x_wconf 70' lang='grc' dir='ltr'>οὐδὲν</span> <span class='ocrx_word' id='word_1_821' title='bbox 3274 5040 3335 5101; x_wconf 72' lang='grc' dir='ltr'>ἦν</span> <span class='ocrx_word' id='word_1_822' title='bbox 3366 5050 3465 5094; x_wconf 88' lang='grc' dir='ltr'>τῶν</span> <span class='ocrx_word' id='word_1_823' title='bbox 3500 5042 3624 5116; x_wconf 81' lang='grc' dir='ltr'>παρ’</span> 
     </span>
    </p>
   </div>
   <div class='ocr_carea' id='block_1_109' title="bbox 1971 5129 3628 5206">
    <p class='ocr_par' dir='ltr' id='par_1_109' title="bbox 1971 5129 3628 5206">
     <span class='ocr_line' id='line_1_109' title="bbox 1971 5129 3628 5206; baseline -0.002 -19"><span class='ocrx_word' id='word_1_824' title='bbox 1971 5135 2129 5187; x_wconf 74' lang='grc' dir='ltr'>αὐτοῦ</span> <span class='ocrx_word' id='word_1_825' title='bbox 2155 5134 2453 5206; x_wconf 67' lang='grc' dir='ltr'><strong>λεγομένων,</strong></span> <span class='ocrx_word' id='word_1_826' title='bbox 2486 5133 2512 5184; x_wconf 89' lang='grc' dir='ltr'><strong>ὃ</strong></span> <span class='ocrx_word' id='word_1_827' title='bbox 2538 5138 2609 5205; x_wconf 80' lang='grc' dir='ltr'><em>μὴ</em></span> <span class='ocrx_word' id='word_1_828' title='bbox 2645 5134 2787 5195; x_wconf 77' lang='grc' dir='ltr'>ἀξιον</span> <span class='ocrx_word' id='word_1_829' title='bbox 2825 5134 2955 5191; x_wconf 73' lang='grc' dir='ltr'>αὐτὴ</span> <span class='ocrx_word' id='word_1_830' title='bbox 2994 5129 3169 5185; x_wconf 75' lang='grc' dir='ltr'>σπουδ</span> <span class='ocrx_word' id='word_1_831' title='bbox 3174 5140 3202 5191; x_wconf 78' lang='grc' dir='ltr'><em>ἦ</em></span> <span class='ocrx_word' id='word_1_832' title='bbox 3214 5152 3235 5193; x_wconf 92' lang='grc' dir='ltr'>ς</span> <span class='ocrx_word' id='word_1_833' title='bbox 3263 5130 3507 5199; x_wconf 76' lang='grc' dir='ltr'>ἐποιεῖτο,</span> <span class='ocrx_word' id='word_1_834' title='bbox 3537 5136 3628 5184; x_wconf 76' lang='grc' dir='ltr'>καὶ</span> 
     </span>
    </p>
   </div>
   <div class='ocr_carea' id='block_1_110' title="bbox 1972 5218 3624 5296">
    <p class='ocr_par' dir='ltr' id='par_1_110' title="bbox 1972 5218 3624 5296">
     <span class='ocr_line' id='line_1_110' title="bbox 1972 5218 3624 5296; baseline -0.003 -19"><span class='ocrx_word' id='word_1_835' title='bbox 1972 5225 2043 5286; x_wconf 74' lang='grc' dir='ltr'><strong>εἰς</strong></span> <span class='ocrx_word' id='word_1_836' title='bbox 2069 5220 2294 5296; x_wconf 75' lang='grc' dir='ltr'><strong>καρδίαν</strong></span> <span class='ocrx_word' id='word_1_837' title='bbox 2321 5225 2573 5295; x_wconf 81' lang='grc' dir='ltr'>ἔκρυππεν</span> <span class='ocrx_word' id='word_1_838' title='bbox 2614 5222 2854 5293; x_wconf 73' lang='grc' dir='ltr'><strong>ἐμμελῶς,</strong></span> <span class='ocrx_word' id='word_1_839' title='bbox 2894 5228 3167 5295; x_wconf 73' lang='grc' dir='ltr'>σπέρματα</span> <span class='ocrx_word' id='word_1_840' title='bbox 3194 5218 3322 5273; x_wconf 81' lang='grc' dir='ltr'>εἶναι</span> <span class='ocrx_word' id='word_1_841' title='bbox 3352 5227 3505 5273; x_wconf 82' lang='grc' dir='ltr'>ταυτὶ</span> <span class='ocrx_word' id='word_1_842' title='bbox 3533 5225 3624 5273; x_wconf 87' lang='grc' dir='ltr'>καὶ</span> 
     </span>
    </p>
   </div>
   <div class='ocr_carea' id='block_1_111' title="bbox 1970 5310 3625 5387">
    <p class='ocr_par' dir='ltr' id='par_1_111' title="bbox 1970 5310 3625 5387">
     <span class='ocr_line' id='line_1_111' title="bbox 1970 5310 3625 5387; baseline -0.002 -23"><span class='ocrx_word' id='word_1_843' title='bbox 1970 5316 2252 5387; x_wconf 77' lang='grc' dir='ltr'>μηνύματα</span> <span class='ocrx_word' id='word_1_844' title='bbox 2283 5313 2428 5364; x_wconf 75' lang='grc' dir='ltr'><strong>θείων</strong></span> <span class='ocrx_word' id='word_1_845' title='bbox 2460 5319 2607 5362; x_wconf 84' lang='grc' dir='ltr'>τινῶν</span> <span class='ocrx_word' id='word_1_846' title='bbox 2638 5316 2726 5362; x_wconf 83' lang='grc' dir='ltr'>καὶ</span> <span class='ocrx_word' id='word_1_847' title='bbox 2758 5310 3061 5385; x_wconf 73' lang='grc' dir='ltr'>ἀπορρήτων</span> <span class='ocrx_word' id='word_1_848' title='bbox 3082 5313 3424 5383; x_wconf 70' lang='grc' dir='ltr'>πραγμάτων,</span> <span class='ocrx_word' id='word_1_849' title='bbox 3455 5310 3625 5372; x_wconf 80' lang='grc' dir='ltr'>καλῶς</span> 
     </span>
    </p>
   </div>
   <div class='ocr_carea' id='block_1_112' title="bbox 1969 5404 2301 5476">
    <p class='ocr_par' dir='ltr' id='par_1_112' title="bbox 1969 5404 2301 5476">
     <span class='ocr_line' id='line_1_112' title="bbox 1969 5404 2301 5476; baseline 0.006 -21"><span class='ocrx_word' id='word_1_850' title='bbox 1969 5409 2225 5476; x_wconf 76' lang='grc' dir='ltr'>κρίνουσα</span> <span class='ocrx_word' id='word_1_851' title='bbox 2256 5404 2273 5424; x_wconf 79' lang='grc'><em>“</em></span> <span class='ocrx_word' id='word_1_852' title='bbox 2289 5445 2301 5457; x_wconf 93' lang='grc'><strong>.</strong></span> 
     </span>
    </p>
   </div>
   <div class='ocr_carea' id='block_1_113' title="bbox 255 5593 3622 5663">
    <p class='ocr_par' dir='ltr' id='par_1_113' title="bbox 255 5593 3622 5663">
     <span class='ocr_line' id='line_1_113' title="bbox 255 5593 3622 5663; baseline 0 -19"><span class='ocrx_word' id='word_1_853' title='bbox 255 5597 285 5628; x_wconf 75' lang='grc'><strong><em>³</em></strong></span> <span class='ocrx_word' id='word_1_854' title='bbox 310 5595 425 5645; x_wconf 85' lang='lat' dir='ltr'><strong>Huc</strong></span> <span class='ocrx_word' id='word_1_855' title='bbox 455 5608 625 5659; x_wconf 85' lang='lat' dir='ltr'><strong>usque</strong></span> <span class='ocrx_word' id='word_1_856' title='bbox 654 5594 1042 5661; x_wconf 82' lang='lat' dir='ltr'><strong>Metaphrastes</strong></span> <span class='ocrx_word' id='word_1_857' title='bbox 1073 5596 1126 5645; x_wconf 93' lang='lat' dir='ltr'><strong>in</strong></span> <span class='ocrx_word' id='word_1_858' title='bbox 1148 5596 1345 5647; x_wconf 83' lang='lat' dir='ltr'><strong>Catena</strong></span> <span class='ocrx_word' id='word_1_859' title='bbox 1364 5596 1544 5647; x_wconf 67' lang='lat' dir='ltr'><strong>Grasca</strong></span> <span class='ocrx_word' id='word_1_860' title='bbox 1556 5599 1760 5647; x_wconf 83' lang='lat' dir='ltr'><strong>textum</strong></span> <span class='ocrx_word' id='word_1_861' title='bbox 1785 5596 2037 5649; x_wconf 88' lang='lat' dir='ltr'><strong>Latinum</strong></span> <span class='ocrx_word' id='word_1_862' title='bbox 2058 5599 2255 5662; x_wconf 87' lang='lat' dir='ltr'><strong>partim</strong></span> <span class='ocrx_word' id='word_1_863' title='bbox 2275 5600 2632 5661; x_wconf 77' lang='lat' dir='ltr'><strong>repraesentat</strong></span> <span class='ocrx_word' id='word_1_864' title='bbox 2655 5610 2668 5654; x_wconf 85' lang='lat'><strong>;</strong></span> <span class='ocrx_word' id='word_1_865' title='bbox 2692 5596 2748 5646; x_wconf 90' lang='lat' dir='ltr'><strong>in</strong></span> <span class='ocrx_word' id='word_1_866' title='bbox 2779 5594 3124 5660; x_wconf 86' lang='lat' dir='ltr'><strong>sequentibus</strong></span> <span class='ocrx_word' id='word_1_867' title='bbox 3150 5595 3372 5646; x_wconf 90' lang='lat' dir='ltr'><strong>omnino</strong></span> <span class='ocrx_word' id='word_1_868' title='bbox 3393 5593 3622 5663; x_wconf 48' lang='lat' dir='ltr'><strong>abludit.</strong></span> 
     </span>
    </p>
   </div>
  </div>
