4096 6220
549 281 645 335 551
1904 275 2165 331 MENSIS
2200 276 2605 335 AUGUSTUS.
3851 297 3940 349 552
4012 262 4013 273 Ν

547 407 776 460 verunt.
808 406 1009 475 Itaque
1033 400 1321 473 quoniam
1374 401 1502 457 haec
1547 401 1623 456 ita
1666 416 1728 456 se
1757 399 2000 466 habent,
2070 400 2199 457 aliis
2233 406 2280 460 A
2310 404 2494 460 modo
2512 421 2632 461 non
2663 406 2719 463 in
2751 410 2880 482 ejus
2898 409 3095 481 potius
3112 413 3307 468 carnis
3330 414 3448 470 tela
3466 414 3942 475 immittebantur?

546 492 779 562 relictis,
814 508 923 546 nos
950 507 1022 546 ea
1060 490 1353 545 dicamus.
1399 490 1543 545 Cum
1593 489 1752 544 enim
1813 496 2046 560 tempus
2073 490 2201 560 jam

548 582 786 640 adesset
815 580 1128 645 Passionis,
1161 578 1321 635 etille
1344 579 1607 649 seipsum
1639 578 1914 642 traderet,
1944 584 1999 633 et
2027 585 2202 634 staret

548 671 607 726 in
642 671 838 726 medio
870 684 1074 726 eorum
1108 669 1211 741 qui
1263 667 1323 723 in
1354 684 1492 723 eum
1524 668 1747 722 caadem
1782 668 2113 738 spirabant,
2147 673 2204 722 et

542 760 672 831 jam
704 758 1099 815 abduceretur
1116 758 1191 812 ad
1216 756 1485 823 Pilatum,
1517 762 1726 812 etante
1741 757 2021 828 Caipham
2040 758 2199 811 siste-

548 856 725 913 retur,
760 854 813 904 et
842 848 918 903 ad
960 848 1246 902 Herodem
1291 845 1615 900 mitteretur
1647 844 2111 911 examinandus,
2144 850 2200 899 et

548 937 789 993 tandem
813 938 870 992 in
895 952 1031 991 eum
1057 936 1300 991 ferretur
1313 936 1622 997 sententia,
1645 940 1891 990 etcruce
1920 934 2201 990 condem-

549 1032 809 1095 naretur,
841 1029 1035 1090 Mater,
1068 1026 1217 1081 sicut
1255 1026 1315 1079 in
1344 1024 1474 1079 aliis
1516 1024 1839 1096 superabat
1868 1024 2197 1091 mulierem,

547 1116 631 1171 ita
661 1115 839 1171 etiam
891 1115 984 1170 hic
1036 1130 1278 1186 quoque
1328 1113 1559 1168 videtur
1598 1113 1921 1185 plusquam
1968 1112 2197 1177 mulier,

547 1221 683 1277 quae
711 1204 788 1259 ab
827 1203 927 1259 illo
960 1204 1203 1259 minime
1241 1203 1480 1267 recedit,
1508 1202 1613 1257 sed
1639 1204 1882 1273 propius
1912 1202 2203 1274 sequeba-

550 1300 661 1358 tur,
695 1293 839 1348 nihil
866 1293 1083 1348 timens
1101 1293 1263 1363 quod
1282 1299 1436 1347 esset
1456 1290 1836 1346 formidabile
1860 1308 1873 1346 :
1901 1307 2020 1346 non
2036 1290 2199 1364 quod

548 1388 776 1437 tantum
812 1382 1090 1437 maternis
1105 1382 1432 1435 vinceretur
1446 1380 1791 1443 visceribus,
1816 1396 2002 1451 quam
2037 1380 2199 1450 quod

550 1471 970 1543 potiusdivino
1000 1470 1379 1524 induceretur
1432 1468 1681 1539 judicio,
1742 1467 1890 1523 adeo
1933 1474 1993 1523 ut
2048 1468 2198 1522 alias

548 1576 791 1632 quoque
831 1560 981 1615 duas
1026 1558 1325 1621 mulieres,
1360 1559 1535 1623 duas,
1569 1558 1840 1629 inquam,
1874 1556 2103 1625 Marias,
2140 1563 2203 1611 ut

550 1650 718 1705 docet
758 1648 1145 1718 Evangelium
1179 1648 1247 1711 ⁴¹,
1282 1646 1358 1702 ad
1392 1647 1503 1702 hoc
1545 1647 1861 1701 adhortata
1908 1648 2000 1711 sit,
2042 1654 2098 1700 et
2139 1651 2201 1701 ut

2314 499 2376 548 ut
2391 495 2566 550 etiam
2585 496 2725 552 hinc
2737 496 2918 555 ﬁnem
2932 501 3245 572 acciperet,
3265 504 3431 575 quod
3445 504 3677 560 dixerat
3692 506 3763 561 ad
3773 508 3940 563 mira-

2310 582 2445 637 bilis
2462 585 2697 641 Simeon
2715 603 2728 641 :
2753 589 2937 645 Tuam
2954 606 3178 662 quoque
3188 592 3360 663 ipsius
3374 596 3640 650 animam
3658 602 3942 663 pertrans-

2308 670 2413 727 ibit
2432 675 2667 743 gladius
2690 677 2757 728 ιι.
2792 679 3108 743 Quomodo
3122 681 3437 751 sanguinis
3460 684 3643 751 guttis
3673 683 3941 741 efﬂuenti-

2309 761 2425 817 bus
2452 779 2572 820 non
2604 766 2939 822 acerbiores
2967 768 3369 841 lacrymarum
3403 771 3794 845 aquasductus
3814 774 3941 831 ﬂue-

2309 852 2456 907 bant
2485 869 2554 908 ex
2577 853 2733 910 illius
2755 856 2981 911 oculis?
3007 858 3320 923 Quomodo
3338 861 3506 916 illum
3537 862 3666 918 tulit
3688 864 3869 919 videre
3890 866 3940 921 in

2312 957 2485 997 cruce
2496 942 2838 1009 distentum,
2856 946 3248 1018 ipsam,eteos
3266 949 3371 1022 qui
3393 950 3942 1023 aderangaspicien-

2315 1036 2427 1085 tem
2489 1040 2728 1103 aspectu
2768 1034 3232 1104 benignissimo?
3270 1039 3422 1103 Quid
3466 1055 3608 1094 vero
3638 1040 3939 1110 irrisiones,

2311 1119 2457 1191 quid
2482 1120 2670 1192 impia
2709 1124 3142 1181 transeuntium
3196 1134 3555 1193 scommata,
3593 1127 3942 1199 ingratorum

2314 1209 3067 1282 subsannationes,probra
3081 1230 3290 1271 eorum
3307 1216 3453 1287 quid
3474 1216 3943 1275 circumstabant?

2313 1299 2453 1363 Quae
2470 1300 2716 1371 quidem
2741 1302 2947 1357 omnia
2967 1319 3101 1359 eam
3137 1306 3705 1363 transverberabant
3726 1309 3942 1380 profun-

2311 1388 2466 1457 dius,
2500 1404 2685 1459 quam
2719 1390 2820 1445 ulli
2850 1390 3021 1446 clavi.
3054 1395 3119 1449 Et
3146 1394 3693 1451 innumerabilibus
3716 1398 3937 1469 quidem

2311 1476 2501 1548 plagis
2528 1478 2911 1535 sauciabatur
2942 1497 2954 1533 :
2989 1482 3242 1538 stimulis
3272 1490 3478 1540 autem
3511 1484 3940 1541 confodiebatur

2309 1566 2867 1625 innumerabilibus.
2913 1573 3029 1627 Hoc
3060 1588 3200 1627 vero
3233 1580 3361 1629 erat
3392 1574 3446 1629 ei
3487 1574 3755 1631 omnium
3783 1576 3937 1631 mole-

2308 1656 2659 1724 stissimum,
2687 1659 2846 1730 quod
2865 1661 2941 1715 ad
2963 1661 3128 1717 illum
3157 1662 3402 1734 quidem
3433 1664 3936 1731 accedere,eteum

550 1757 752 1795 secum
788 1745 1140 1803 versaretur,
1168 1736 1559 1809 persuaserit:
1592 1743 1655 1790 ut
1685 1753 1820 1808 qua?
1849 1743 2047 1792 essent
2070 1735 2200 1791 forti

2318 1746 2525 1818 alloqui
2551 1747 2805 1813 sitiebat,
2846 1749 3241 1821 repellebatur
3279 1758 3486 1808 autem
3513 1769 3551 1809 a
3587 1752 3933 1809 multitudine

549 1837 602 1884 et
630 1844 918 1898 generoso
934 1828 1159 1891 animo,
1182 1833 1236 1881 et
1252 1826 1769 1881 vellentadhaarere
1791 1826 1927 1881 huic
1951 1842 2197 1896 sponso,

547 1919 649 1991 qui
680 1934 799 1973 non
816 1917 1349 1983 videtur,ettamen
1367 1932 1498 1970 cum
1529 1930 1647 1969 non
1673 1922 1969 1979 cernatur,
1987 1930 2200 1985 appro-

548 2008 821 2090 pinquat.
848 2008 1023 2061 Erant
1047 2004 1230 2069 enim,
1257 2003 1467 2075 inquit,
1496 2003 1771 2059 mulieres
1784 2019 2046 2075 quoque,
2066 2019 2202 2075 quae

547 2096 1062 2166 consequebantur
1101 2110 1137 2149 a
1167 2092 1420 2159 Galileea,
1456 2098 1511 2148 et
1550 2092 1967 2147 ministrabant
2005 2092 2077 2146 ei.
2123 2094 2203 2147 Ea

548 2186 776 2241 ratione
817 2184 1091 2238 videntur
1129 2200 1200 2236 ne
1242 2181 1505 2236 abfuisse
1557 2180 1803 2253 quidem
1844 2197 1879 2236 a
1935 2186 2203 2253 tempore

551 2273 997 2343 mysteriorum,
1032 2269 1135 2325 sed
1163 2286 1299 2324 cum
1330 2269 1651 2325 duodecim
1683 2268 1930 2342 quidem
1960 2269 2202 2325 minime

550 2360 923 2425 accubuisse,
949 2359 1343 2413 fuissetamen
1370 2358 1499 2429 ejus
1521 2358 1739 2414 domus
1769 2364 2203 2431 consequenter

549 2450 890 2524 participes.
936 2452 1080 2503 Nam
1112 2447 1405 2519 dicipulos
1437 2447 1706 2519 quidem,
1742 2464 1879 2503 cum
1918 2449 2203 2520 mysteria

550 2548 605 2597 et
630 2537 981 2596 humilitatis
1010 2554 1265 2592 summa;
1288 2537 1543 2593 traderet
1564 2537 1922 2602 doctrinam,
1960 2554 2079 2592 una
2100 2538 2204 2593 ha-

549 2630 681 2685 buit
729 2627 1173 2692 accumbentes;
1229 2627 1476 2682 Matrem
1535 2633 1733 2681 autem
1771 2628 1950 2696 jussit
1997 2643 2204 2681 curam

550 2733 752 2789 gerere
780 2719 1113 2783 mulierum,
1143 2732 1274 2788 qum
1317 2715 1754 2779 ministrabant,
1786 2720 2075 2787 tanquam
2103 2731 2207 2786 per

549 2824 683 2863 eam
717 2808 911 2878 ipsam
951 2808 1115 2878 ipsas
1150 2804 1403 2873 benigne
1430 2804 1750 2876 accipiens,
1783 2810 1840 2860 et
1870 2805 2207 2876 adimplens

549 2895 813 2952 otﬂcium
844 2894 1252 2959 humanitatis,
1283 2899 1340 2948 et
1366 2894 1546 2949 simul
1575 2910 1710 2948 cum
1738 2895 1822 2948 eis
1849 2910 2110 2959 vescens,
2154 2900 2209 2949 et

550 2986 634 3040 sic
668 3001 775 3055 pro
808 2983 1133 3038 ministerio
1166 2984 1248 3037 eis
1275 2983 1535 3037 referens
1575 2984 1848 3051 gratiam.

627 3073 867 3129 XXVIII.
891 3072 983 3126 Sic
1038 3076 1239 3126 autem
1269 3087 1388 3126 una
1426 3087 1669 3143 quoque
1710 3072 1979 3142 ingressa
2018 3079 2108 3125 est
2146 3071 2205 3126 in

551 3162 768 3217 atrium
801 3165 983 3215 Annae
1014 3165 1069 3214 et
1108 3159 1368 3229 Caiphae,
1424 3175 1672 3214 cernens
1731 3162 2207 3231 unumquodque

550 3266 760 3305 eorum
792 3265 928 3320 quas
960 3248 1337 3317 gerebantur,
1359 3254 1414 3302 et
1445 3247 1605 3318 apud
1632 3264 1770 3302 eum
1800 3248 2043 3319 quidem
2080 3264 2209 3303 ma-

552 3355 720 3405 nens,
741 3337 1257 3407 dumjudicaretur
1278 3352 1288 3391 :
1310 3353 1428 3392 una
1458 3342 1659 3392 autem
1687 3337 2027 3409 proﬁciens,
2061 3338 2206 3392 dum

550 3429 947 3485 adduceretur
999 3427 1074 3482 ad
1140 3433 1414 3491 mortem,
1482 3442 1809 3499 eorumque
1862 3426 1960 3498 qui
2027 3427 2207 3495 ibant,

549 3533 825 3589 egressus
861 3522 916 3571 et
955 3515 1258 3585 ingressus
1281 3515 1689 3581 considerans,
1724 3520 1779 3571 et
1800 3516 2075 3571 omnium
2102 3533 2209 3571 ora

550 3606 882 3674 attendens,
927 3610 986 3661 ut
1018 3605 1207 3669 sciret,
1240 3620 1522 3677 quasnam
1556 3603 1616 3659 in
1648 3620 1784 3659 eum
1814 3604 2059 3659 ferretur
2081 3620 2209 3659 sen-

550 3695 762 3751 tentia:
797 3694 1048 3766 quinam
1074 3710 1213 3749 vero
1238 3700 1406 3749 erant
1428 3693 1465 3747 ii
1493 3693 1594 3764 qui
1617 3693 1668 3748 ei
1708 3692 2206 3757 assentiebantur,

552 3791 656 3840 aut
684 3784 789 3857 qui
814 3782 1353 3854 reprehendebant.
1380 3782 1527 3837 Nulli
1557 3782 1717 3837 enim
1738 3782 2064 3837 obscurum
2095 3788 2202 3845 est,

2309 1851 2528 1891 canum
2551 1853 2684 1892 eam
2716 1838 3250 1895 circumstantium.
3285 1842 3378 1897 Sic
3404 1843 3569 1899 enim
3596 1842 3825 1899 divinus
3859 1842 3936 1897 ille

2310 1927 2479 1981 Pater
2516 1942 2618 1982 eos
2650 1927 2815 1998 prius
2844 1929 3249 1986 nominavit".

2384 2046 2533 2101 XXX.
2565 2046 2889 2118 Postquam
2903 2053 3103 2103 autem
3125 2065 3508 2123 quaecunque
3536 2051 3825 2116 volebant,
3851 2051 3940 2105 im-

2312 2133 2471 2205 pleta
2525 2133 2762 2191 fuerunt
2800 2152 2835 2190 a
2870 2136 2973 2191 Dei
3027 2137 3360 2208 parricidis,
3416 2145 3473 2194 et
3532 2155 3651 2195 non
3702 2146 3939 2211 expecta-

2313 2221 2459 2278 bant
2488 2223 2770 2295 amplius,
2805 2224 2927 2280 fore
2957 2231 3018 2280 ut
3044 2225 3122 2281 ab
3147 2227 3231 2282 eis
3261 2229 3546 2284 evaderet
3579 2246 3591 2285 :
3618 2246 3747 2284 cum
3772 2226 3940 2299 proxi.

2314 2313 2389 2368 mi
2432 2314 2678 2385 quidem
2706 2314 2881 2368 amici
2910 2313 3277 2385 effugissent,
3306 2322 3416 2373 aut
3447 2319 3644 2389 potius
3663 2318 3746 2390 (ut
3766 2317 3934 2372 dicam

2312 2417 2448 2456 cum
2474 2403 2763 2474 propheta
2790 2404 2859 2474 “)
2890 2420 2925 2459 a
2955 2403 3131 2474 longe
3163 2410 3413 2471 starent,
3439 2408 3560 2479 ipse
3592 2414 3781 2462 autem
3807 2411 3939 2461 esset

2312 2490 2490 2546 clavis
2513 2492 2798 2556 conﬁxus,
2833 2493 3106 2549 custodia
3132 2494 3209 2549 ab
3236 2498 3319 2550 eis
3349 2498 3603 2552 omnino
3632 2494 3936 2567 negligeba-

2313 2584 2430 2643 tur,
2463 2585 2602 2634 tunc
2634 2580 2953 2635 verisimile
3017 2588 3125 2647 est,
3166 2583 3508 2655 Deiparam,
3546 2584 3657 2639 sibi
3686 2584 3806 2639 data
3866 2583 3934 2637 fa-

2315 2668 2550 2733 cultate,
2611 2670 2685 2723 ad
2736 2686 2873 2724 eum
2925 2671 3270 2739 accessisse,
3303 2678 3357 2728 et
3427 2674 3798 2729 intemeratas
3833 2671 3936 2743 qui-

2316 2757 2453 2813 dem
2481 2758 2611 2828 ejus
2664 2758 2868 2830 pedes,
2902 2764 2959 2815 et
2999 2759 3328 2832 impressas
3370 2763 3461 2817 eis
3492 2764 3693 2835 plagas
3719 2763 3937 2817 libenter

2316 2863 2447 2902 esse
2461 2847 2954 2913 deosculatam,et
2968 2849 3265 2919 sanguine
3283 2851 3637 2907 miscentem
3652 2852 3934 2921 lacrymas,

2317 2936 2523 2992 oculos
2556 2942 2612 2992 et
2665 2952 2851 3006 genas
2905 2939 3223 3003 attrivisse,
3269 2956 3413 2995 cum
3474 2941 3727 2997 maximo
3765 2945 3935 2995 autem

2317 3026 2503 3081 animi
2521 3031 2684 3081 motu
2698 3042 2836 3082 eum
2855 3028 3239 3099 aspicientem
3257 3030 3657 3096 dixissezouid
3672 3031 3789 3085 htec
3802 3032 3934 3088 sunt,

2246 3120 2285 3175 Ο
2318 3131 2354 3170 ο
2385 3116 2631 3171 Domine
2661 3116 2926 3171 etDeus?
2954 3122 3171 3172 suntne
3203 3118 3293 3173 lite
3317 3121 3816 3175 remunerationes
3840 3122 3935 3171 tute

2319 3203 2751 3277 inexplicabilis
2781 3206 2839 3259 in
2898 3205 3173 3261 homines
3208 3206 3575 3265 clementiae?
3614 3208 3780 3263 Estne
3832 3206 3936 3259 haec

2319 3292 2625 3348 retributio
2673 3299 2788 3348 tuae
2818 3293 3198 3363 benignitatis
3219 3296 3247 3351 ?
3272 3296 3420 3361 line,
3449 3313 3600 3370 quos
3631 3304 3689 3351 tu
3720 3290 3935 3350 aﬁecisti

2317 3381 2628 3447 beneﬁcio,
2674 3381 2815 3437 tales
2847 3382 2951 3438 tibi
2991 3384 3212 3452 gratias
3265 3386 3550 3441 retulere?
3576 3388 3649 3441 'l‘e
3704 3394 3938 3457 purpura

2319 3470 2571 3525 induunt
2609 3470 2914 3541 irrisionis,
2975 3488 3130 3544 quos
3164 3476 3462 3545 tanquam
3498 3473 3646 3529 ﬁlios
3686 3476 3837 3529 Pater
3862 3483 3936 3523 or-

2320 3558 2474 3614 nasti
2502 3559 2651 3615 stola
2680 3559 2904 3630 glorias,
2931 3566 2986 3617 et
3039 3568 3324 3633 tanquam
3376 3564 3585 3636 aquila
3630 3562 3824 3618 nidum
3868 3573 3935 3613 re

2319 3664 2484 3720 gens,
2519 3648 2628 3703 alis
2675 3652 2957 3721 expansis
2997 3653 3383 3723 suscepisti”,
3446 3660 3499 3709 et
3543 3654 3599 3707 in
3649 3653 3814 3708 dorso
3850 3655 3934 3703 tuo

2318 3737 2587 3809 portasti.
2631 3739 3013 3795 Contumelias
3043 3756 3326 3796 coronam
3384 3743 3492 3798 tibi
3531 3740 3933 3814 imposuerunt.

2320 3844 2473 3900 quos
2501 3829 2676 3884 bona;
2717 3828 3039 3884 voluntatis
3079 3830 3262 3885 armis
3291 3831 3422 3903 ipse
3453 3831 3762 3899 coronasti,
3788 3832 3839 3884 et
3884 3830 3935 3878 ut

2321 3917 2901 3974 adversusinimicos
2924 3925 3104 3990 caput
3124 3920 3413 3988 tollerent,
3439 3920 3811 3978 conﬁrmasti.
3833 3915 3936 3970 Cla-

2325 4011 2411 4065 vis
2444 4008 2548 4064 tibi
2569 4007 2805 4063 dolores
2836 4007 3111 4073 afferunt,
3144 4008 3248 4079 qui
3277 4026 3312 4065 a
3343 4009 3651 4067 laboribus
3670 4003 3935 4079 Egyptia-

2325 4116 2407 4154 cze
2439 4093 2757 4163 servitutis,
2790 4102 2845 4151 et
2870 4097 2948 4152 ab
2979 4097 3519 4156 innumerabilibus
3551 4094 3940 4155 afﬂictionibus

2327 4192 2465 4242 sunt
2493 4186 2744 4242 liberati.
2765 4186 3070 4242 Arundine
3094 4191 3262 4242 tuum
3288 4196 3473 4260 caput
3498 4189 3725 4250 feriunt,
3746 4183 3939 4257 quibus

2329 4291 2492 4331 mare
2507 4276 2668 4345 virga
2682 4290 3031 4346 percussum
3044 4277 3213 4331 cessit
3232 4275 3617 4347 fugientibus.
3640 4274 3748 4332 Sed
3768 4276 3941 4343 loque-

2328 4382 2389 4422 re
2420 4364 2644 4436 aliquid
2691 4364 2992 4419 modicum
3015 4365 3090 4420 ad
3119 4371 3280 4421 tuam
3304 4369 3542 4422 Matrem
3564 4362 3937 4421 recreandam:

2329 4470 2451 4511 non
2482 4454 2603 4510 fero
2628 4454 2788 4509 enim
2818 4453 3079 4522 dolores,
3110 4470 3245 4526 quas
3271 4460 3327 4512 te
3354 4457 3558 4528 peperi
3589 4455 3709 4510 sine
3738 4449 3936 4507 dolore.

2330 4544 2437 4601 Ubi
2471 4550 2523 4598 te
2562 4541 2775 4598 videbo
2807 4548 3008 4614 postea
3037 4542 3066 4597 ?
3096 4545 3266 4609 Quod
3294 4546 3399 4601 erit
3466 4545 3605 4601 mihi
3662 4533 3939 4597 solatium?

2327 4634 2467 4700 Quis
2495 4633 2609 4688 mei
2640 4648 2848 4689 curam
2879 4639 3037 4702 geret
3063 4649 3133 4689 ac
3172 4633 3481 4692 defendet?

552 3890 687 3930 eam
705 3874 826 3929 haec
839 3872 1048 3928 vidisse
1060 3872 1319 3943 omnia,q
1330 3870 1775 3942 uandoquidem
1792 3871 1851 3926 in
1873 3887 2047 3927 cruce
2063 3887 2212 3942 quo-

552 3979 671 4035 que
705 3980 823 4019 una
853 3961 1077 4025 aderat,
1102 3961 1349 4032 quando
1368 3960 1445 4014 ab
1469 3959 1605 4030 ipso
1630 3959 1915 4015 cruciﬁxo
1940 3960 2080 4015 Filio
2105 3960 2213 4015 fuit

555 4051 984 4109 commendata
1022 4048 1337 4120 discipulo.
1372 4048 1437 4101 Et
1467 4048 1598 4103 ideo
1638 4047 1769 4103 licet
1809 4049 2211 4112 considerare,

556 4138 899 4211 cuiusmodi
938 4138 1036 4194 illa
1058 4143 1229 4201 esset,
1259 4152 1394 4207 quae
1419 4137 1545 4192 haec
1572 4136 1837 4191 difﬁcilia
1858 4139 2140 4192 cernebat
2161 4145 2215 4191 et

556 4228 830 4292 molesta,
862 4227 1189 4291 illusiones,
1216 4224 1474 4295 ﬂagella,
1506 4224 1733 4296 alapas,
1759 4241 2042 4296 purpurae
2067 4226 2215 4281 ami-

557 4323 739 4382 ctum,
760 4332 997 4372 coronae
1013 4315 1478 4387 impositionem,
1500 4314 1999 4369 contumeliosam
2020 4314 2146 4370 trad
2158 4331 2218 4369 u-

557 4406 1079 4476 ctionem.0portet
1095 4419 1337 4476 quoque
1354 4402 2091 4475 considerare,quemnam
2110 4403 2221 4459 ha-

559 4498 723 4553 beret
740 4494 1161 4560 animum,sive
1184 4510 1253 4548 ex
1274 4493 1416 4548 Filio
1439 4509 1570 4549 eam
1596 4491 2213 4564 simpliciterjudices,

560 4583 898 4643 naturalem
929 4582 1214 4638 ferentem
1238 4582 1359 4637 vim
1380 4582 1677 4654 passionis
1701 4596 1714 4637 :
1743 4582 1868 4635 sive
1889 4580 2051 4653 quod
2077 4598 2212 4637 eum

559 4677 947 4744 cognosceret
963 4672 1198 4727 homine
1215 4670 1915 4742 superiorem,admirans
1929 4686 2210 4725 summam
2250 4694 2294 4749 D

560 4765 691 4836 ejus
710 4762 1089 4818 tolerantiam
1120 4779 1131 4816 :
1176 4766 1275 4815 aut
1294 4760 1492 4832 potius
1535 4767 1879 4830 utrumque,
1900 4758 2050 4814 adeo
2077 4766 2138 4815 ut
2157 4766 2214 4815 et

559 4852 817 4910 naturali
836 4851 1165 4907 ﬂecteretur
1181 4849 1575 4910 aﬁ'ectione,et
1591 4848 1869 4904 miraculo
1884 4846 2215 4904 afﬁceretur

631 4942 1133 5012 XXIX.Postquam
1151 4945 1347 4994 autem
1367 4938 1632 4993 scelerati
1646 4944 1929 4993 venerunt
1942 4937 1999 4992 in
2014 4937 2214 4994 locum

562 5032 862 5095 Calvariee,
896 5035 952 5085 et
992 5030 1110 5085 ﬁxa
1166 5027 1403 5099 quidem
1461 5027 1568 5082 fuit
1620 5043 1785 5091 crux,
1850 5025 1908 5081 in
1940 5042 2011 5083 ea
2077 5042 2214 5082 vero

561 5120 858 5195 pendebat
879 5120 1007 5190 ejus
1031 5118 1231 5184 Filius,
1260 5116 1566 5188 quomodo
1593 5124 1716 5172 erat
1745 5117 1947 5172 animo
1979 5116 2211 5182 affecta,

562 5226 700 5266 eum
733 5208 938 5264 videns
969 5207 1054 5262 sic
1082 5206 1447 5278 patientem?
1468 5207 1782 5271 Quomodo
1814 5204 2055 5260 videbat
2076 5222 2215 5261 eum

563 5300 858 5354 nudatum
883 5296 1159 5362 vestibus,
1196 5296 1295 5367 qui
1325 5294 1543 5351 cmlum
1570 5293 1715 5364 tegit
1741 5292 2038 5348 nubibus?
2066 5295 2215 5359 Quo-

566 5387 748 5442 modo
770 5384 1092 5441 habentem
1113 5401 1294 5457 puras
1321 5400 1529 5440 carnes
1546 5382 1728 5439 clavis
1754 5383 2020 5438 conﬁxas
2040 5380 2068 5436 ‘i’
2089 5383 2215 5447 Quo

2399 4760 2567 4814 XXXI.
2600 4761 2744 4813 Cum
2772 4774 2904 4813 eam
2931 4758 3177 4815 vidisset
3204 4766 3325 4815 tam
3356 4759 3560 4816 acerbe
3598 4756 3872 4815 affectam,
3893 4751 3940 4801 et

2325 4853 2577 4903 stantem
2606 4863 2791 4919 prope
2809 4846 3083 4903 dilectum
3107 4848 3628 4919 discipulum,illud
3651 4845 3809 4917 (sicut
3834 4840 3940 4893 erat

2323 4938 2817 5007 consentaneum)
2840 4942 2927 4992 est
2942 4937 3188 4993 omnino
3209 4938 3497 5001 elocutus.
3517 4934 3675 5009 quod
3697 4929 3937 4987 divinum

2325 5033 2525 5082 narrat
2551 5026 2951 5095 Evangelium.
2984 5028 3128 5081 Eam
3170 5029 3327 5083 enim
3367 5027 3621 5083 Primum
3653 5017 3937 5091 aspiciens:

2323 5116 2562 5181 Mulier,
2588 5114 2801 5187 inquit,
2820 5130 2949 5172 ecce
2966 5115 3122 5185 ﬁlius
3144 5123 3280 5171 tuus
3302 5114 3689 5185 “,ostendens
3711 5104 3944 5173 discipu-

2322 5205 2471 5261 lum.
2502 5206 2593 5261 Sic
2624 5205 2716 5259 vel
2738 5202 3151 5269 cruciaﬂixus,
3186 5221 3391 5262 curam
3408 5204 3646 5274 gerebat
3664 5193 3872 5255 matris,
3895 5191 3942 5242 el

2326 5310 2460 5350 eam
2480 5292 3153 5349 commendavitdilecto
3172 5292 3602 5366 discipulo,nos
3616 5289 3822 5344 docens
3837 5288 3941 5333 non

2327 5382 2627 5453 negligere
2655 5390 2928 5455 parentes
2962 5399 3149 5455 usque
3188 5384 3266 5439 ad
3310 5390 3636 5441 extremum
3674 5371 3939 5446 spiritum,

637 5511 889 5640 “tharc.
927 5527 1022 5577 xv,
1064 5510 1157 5569 40.
1234 5511 1282 5547 ⁴²
1314 5512 1451 5567 Luc.
1482 5526 1543 5577 ll,
1573 5512 1660 5566 35.
1739 5508 1787 5542 ⁸⁸
1817 5506 1974 5564 Psal.
2005 5523 2124 5571 xxx,
2167 5507 2255 5564 17.
2335 5507 2385 5543 “
2427 5506 2582 5564 Psal.
2610 5522 2827 5575 xxxvn,
2864 5510 2952 5564 3t.
3034 5507 3081 5544 “
3113 5507 3282 5571 Deut,
3312 5520 3495 5564 xxxii.
3531 5505 3615 5559 11.
3722 5497 3766 5531 ⁸⁸
3790 5493 3938 5547 Joan.

564 5596 646 5650 ix,
678 5596 764 5640 se.

3034 5507 3081 5544 “
3113 5507 3282 5571 Deut,
3312 5520 3495 5564 xuii.
3531 5505 3615 5559 11.
