4142 6196
208 221 303 277 553

1388 216 1655 274 ORATIO
1698 216 1787 271 DE
1828 215 2103 273 SANCTA
2143 218 2391 275 MARIA.

3481 234 3587 288 554

209 360 534 417 quanquam
553 343 718 415 prius
747 342 1065 399 videbatur
1085 341 1263 397 etiam
1295 342 1598 413 repellere,
1619 348 1835 413 utquaa
1868 344 1911 397 A
1948 343 2197 407 minum,
2230 345 2335 400 sed
2373 346 2549 402 etiam
2608 347 2992 419 discipulum,
3026 366 3233 407 verum
3282 356 3587 413 occultum

209 449 314 488 non
340 433 393 488 in
427 441 695 504 tempore
724 434 773 488 ei
808 438 962 488 esset
988 431 1262 487 molesta.
1298 432 1451 499 Quid
1480 432 1634 487 enim
1689 431 1838 486 mihi

207 528 254 579 et
309 521 406 577 tibi
461 524 542 590 (in
583 522 806 593 nuptiis
862 520 1094 592 inquit),
1126 520 1533 576 mulier"?et
1589 526 1832 592 postea:

209 611 334 678 0m
352 618 429 666 est
456 617 649 667 mater
678 626 800 667 mea
831 608 861 664 ‘i
892 609 991 664 Hic
1052 615 1249 665 autem
1305 615 1574 680 apertam
1644 615 1837 664 osten-

206 700 283 755 dit
311 698 703 767 dilectionem,
731 704 787 754 et
839 698 1139 769 discipulo
1190 698 1428 770 quidem
1488 714 1621 754 eam
1678 714 1839 753 com-

207 789 453 852 mendat,
487 790 567 844 sic
598 787 938 855 consolans,
972 787 1137 842 illum
1171 795 1385 843 autem
1416 788 1614 858 magis
1644 787 1841 842 hono-

206 894 333 934 rans
357 876 895 945 commendatione,
926 883 979 931 et
1006 875 1170 949 quod
1197 876 1368 931 valde
1386 892 1523 931 eum
1550 876 1837 944 diligeret,

204 966 311 1022 hoc
328 972 490 1021 utens
524 964 860 1020 testimonio
891 964 1059 1036 (quid
1089 964 1249 1020 enim
1278 964 1438 1019 aliud
1472 964 1715 1027 faciens,
1741 966 1843 1017 aut

205 1055 412 1124 dicens,
468 1054 635 1109 illum
696 1054 793 1109 tali
840 1054 1065 1109 honore
1113 1059 1199 1109 est
1256 1053 1536 1123 dignatus
1558 1054 1627 1120 ‘2‘),
1662 1051 1841 1109 simul

204 1160 433 1216 quoque
485 1144 647 1217 quod
685 1144 1137 1215 permansisset,
1171 1142 1222 1197 ei
1283 1142 1541 1197 referens
1596 1142 1837 1210 gratias.

206 1234 411 1289 Deinde
442 1250 579 1289 cum
596 1234 775 1288 etiam
807 1233 1146 1304 aspexisset
1164 1232 1551 1303 discipulum,
1576 1232 1730 1288 Ecce
1755 1231 1842 1286 in-

202 1323 341 1393 quit,
373 1328 559 1379 mater
584 1328 689 1378 tua
706 1323 774 1376 ⁴⁹.
803 1325 919 1376 Hoc
942 1328 1138 1377 autem
1165 1326 1291 1376 erat
1312 1321 1733 1391 conjungentis
1764 1320 1839 1376 ad

204 1411 587 1477 dilectionem,
616 1417 671 1466 et
703 1410 883 1465 simul
912 1411 1089 1465 etiam
1118 1410 1489 1465 ostendentis
1524 1410 1837 1465 amborum

202 1498 731 1555 auctoritatem.Ab
752 1514 815 1554 eo
840 1514 981 1569 ergo
998 1498 1496 1571 tempore,inquit,
1523 1499 1845 1569 discipulus

204 1604 325 1645 eam
352 1589 649 1657 accepitin
674 1590 923 1657 propria
949 1588 1016 1653 “,
1038 1587 1369 1658 intelligens
1400 1603 1690 1659 quorsum
1722 1594 1847 1643 ten-

1945 431 2083 499 (hoc
2106 433 2265 488 enim
2294 433 2466 489 docet
2496 436 2879 505 Evangelium
2909 438 3001 509 Ι³⁴),
3033 442 3208 511 utqui
3233 444 3326 497 Dei
3357 444 3592 501 timeret

1949 520 2295 590 parricidas,
2323 522 2479 577 venit
2508 522 2586 578 ad
2607 540 2743 579 eum
2776 526 2966 594 Virgo,
2998 534 3054 582 et
3078 529 3271 583 verbis
3303 533 3353 586 ei
3378 534 3592 589 suadet

1946 610 2439 676 accommodatis,
2475 619 2536 667 ut
2568 614 2627 667 in
2652 630 2761 669 suo
2792 621 3511 690 monumento,tanquam
3532 623 3594 677 in

1948 698 2148 770 aliquo
2181 700 2460 763 armario.
2498 718 2783 773 magnam
2832 703 2952 758 vim
3001 721 3185 776 opum
3239 714 3507 777 reponat,
3541 712 3597 763 et

1951 789 2037 843 sic
2057 790 2307 843 domum
2330 789 2761 846 custodientem
2780 792 2943 863 apud
2974 809 3037 848 se
3056 794 3236 849 vitam
3266 794 3499 851 habeat.
3512 796 3593 852 Fi-

1950 891 2085 930 nem
2114 877 2292 940 enim,
2318 876 2538 947 inquit,
2575 886 2931 950 acceperunt
2960 896 3052 935 res
3082 882 3597 951 adversariorum,

1949 968 2005 1017 et
2032 964 2291 1018 maxime
2336 965 2688 1034 probrosam
2720 967 2779 1021 hi
2842 976 3091 1024 mortem
3125 972 3399 1039 Magistro
3448 977 3600 1027 attu-

1951 1051 2163 1117 lerunt,
2222 1052 2385 1108 nulla
2462 1055 2847 1123 quantumvis
2918 1072 3159 1128 magna,
3251 1059 3466 1131 injuria
3548 1065 3606 1115 et

1951 1140 2280 1210 ignominia
2331 1142 2389 1196 in
2432 1156 2565 1197 eum
2618 1144 2780 1213 prius
2838 1145 3260 1215 praetermissa.
3313 1151 3602 1204 Caeterum

1949 1244 2109 1284 nunc
2144 1245 2386 1301 quoque
2438 1229 2500 1285 in
2544 1231 2707 1301 ligno
2760 1232 2918 1302 jacet
2972 1240 3243 1290 mortuus
3275 1240 3331 1292 et
3382 1237 3603 1301 nudus,

1946 1316 2093 1374 mihi
2123 1323 2178 1374 et
2207 1322 2417 1373 creatie
2460 1324 2683 1375 natura;
2731 1322 3097 1378 horrendum
3176 1326 3607 1397 spectaculum,

1954 1414 2013 1461 ut
2037 1424 2218 1479 quem
2251 1408 2445 1477 potius
2467 1407 2765 1473 irrideant,
2791 1426 2981 1481 quam
3024 1412 3153 1482 ejus
3186 1415 3604 1471 misereantur.

1957 1498 2040 1552 Da
2063 1512 2204 1566 ergo
2236 1496 2380 1551 mihi
2411 1497 2682 1565 gratiam,
2716 1502 2774 1553 et
2816 1504 3142 1572 communi,
3176 1504 3443 1574 inquam,
3469 1504 3608 1560 huic

1956 1586 2248 1654 Magistro.
2275 1585 2571 1641 Audacter
2597 1591 2728 1658 pete
2782 1588 2932 1644 illius
2963 1606 3201 1663 corpus,
3227 1597 3294 1649 ut
3341 1592 3611 1665 depona-

204 1678 362 1733 deret
387 1679 597 1743 oratio,
631 1686 687 1733 et
735 1676 967 1732 Domini
1031 1677 1319 1732 voluntati
1374 1678 1604 1733 sincere
1666 1677 1845 1732 inser-
1882 1693 1928 1749 Β
1959 1680 2069 1739 tur,
2103 1679 2159 1729 et
2207 1674 2526 1729 mandetur
2580 1676 2923 1747 sepulturas,
2956 1681 3003 1734 si
3063 1697 3183 1736 non
3238 1682 3418 1737 etiam
3472 1686 3613 1752 post

209 1784 387 1823 V1808.

275 1856 463 1913 XXXII.
498 1856 823 1928 Postquam
855 1859 1051 1910 autem
1104 1855 1287 1911 ﬁnem
1333 1860 1690 1927 acceperunt
1718 1871 1848 1910 om-

210 1947 323 2011 nia,
354 1946 525 2012 Silio,
558 1946 752 2017 inquit
782 1944 1052 2001 Salvator
1069 1945 1139 2000 ⁸¹.
1175 1946 1286 2009 Qui
1318 1960 1458 2000 vero
1490 1950 1659 2000 erant
1689 1944 1853 1999 velo-

209 2051 303 2091 ces
327 2035 403 2090 ad
435 2034 684 2100 malum,
713 2039 772 2089 et
796 2036 1166 2103 ingratorum
1198 2032 1605 2103 ingratissimi,
1636 2033 1692 2087 ei
1724 2048 1853 2088 ace-

213 2130 331 2179 tum
362 2122 495 2178 felle
525 2124 930 2185 commistum,
958 2122 1065 2194 qui
1116 2138 1274 2193 aqua
1305 2122 1483 2194 (proh
1535 2122 1706 2177 dolor
1730 2120 1767 2193 l)
1791 2121 1851 2176 in

208 2214 329 2269 sitis
359 2218 505 2269 testu
536 2213 595 2267 in
636 2219 789 2268 terra
832 2212 1001 2267 arida
1026 2217 1163 2267 sunt
1192 2212 1373 2283 potati
1407 2218 1501 2277 ;et
1547 2213 1642 2283 qui
1682 2210 1855 2266 melle

207 2306 449 2358 saturati
501 2301 738 2357 fuerunt
763 2302 831 2364 ⁵³,
897 2300 973 2358 fel
1022 2301 1656 2372 porrigunt;quorum
1720 2316 1851 2364 uva,

212 2408 326 2446 uva
376 2389 547 2453 fellis,
576 2396 632 2444 et
662 2390 768 2456 ira,
802 2392 1129 2444 draconum
1173 2388 1390 2445 domus
1443 2389 1513 2446 ³⁸.
1545 2390 1658 2444 Sed
1711 2404 1859 2460 quo-

210 2480 390 2535 modo
415 2495 621 2533 rursus
651 2477 807 2533 illam
846 2477 973 2533 haec
1004 2476 1327 2543 videntem,
1359 2478 1671 2550 oportebat
1724 2493 1860 2534 cru-

210 2569 347 2624 ciari
363 2566 607 2623 animo?
625 2567 879 2632 Quando
903 2571 1102 2621 autem
1119 2573 1420 2622 mortuum
1434 2583 1678 2639 quoque
1691 2568 1854 2638 vidit,

208 2656 512 2729 quomodo
539 2655 714 2711 tulit?
744 2653 1054 2726 quomodo
1086 2670 1205 2709 non
1254 2655 1432 2710 etiam
1487 2655 1679 2725 ipsam
1743 2671 1861 2710 una

210 2745 451 2817 abrupit
481 2746 743 2799 animam
765 2743 793 2797 ?
822 2743 1133 2809 Quomodo
1186 2743 1469 2799 sustinuit
1514 2744 1725 2799 videns
1758 2744 1862 2799 ini-

212 2834 418 2898 micos,
450 2834 648 2905 quine
674 2837 810 2905 post
842 2837 1095 2887 mortem
1147 2831 1395 2903 quidem
1450 2831 1645 2886 adhuc
1694 2840 1863 2888 erant

209 2922 564 2979 reconciliati
594 2922 755 2985 Filio,
786 2921 890 2976 sed
921 2920 1147 2976 caedem
1179 2920 1377 2975 adhuc
1421 2920 1479 2975 in
1516 2937 1652 2976 eum
1681 2924 1863 2991 spira-

211 3015 375 3076 bant,
408 3018 465 3067 et
494 3010 696 3080 gladio
728 3009 855 3080 ejus
885 3008 1042 3064 latus
1072 3009 1498 3064 confodiebant
1522 3009 1549 3063 ‘I
1572 3010 1679 3064 Sed
1742 3012 1864 3067 haec

210 3101 456 3173 quidem
519 3097 787 3153 divinum
847 3103 1051 3152 narrat
1119 3097 1521 3166 Evangelium.
1586 3100 1866 3153 Dicuntur

210 3197 415 3246 autem
446 3188 572 3243 haec
597 3202 840 3258 quoque
870 3203 907 3241 a
933 3185 1172 3255 linguis,
1203 3202 1339 3258 quae
1376 3186 1615 3257 plurimi
1644 3186 1865 3242 faciunt

209 3279 537 3341 veritatem,
564 3276 727 3348 quod
759 3290 896 3330 cum
923 3274 1051 3329 haec
1083 3290 1240 3330 nova
1264 3282 1317 3330 et
1340 3276 1715 3332 admirabilia
1740 3292 1867 3347 per-

207 3373 382 3440 cepta
407 3371 607 3421 essent
635 3363 823 3419 oculis
856 3363 1142 3435 Deiparae,
1174 3369 1228 3418 et
1258 3369 1392 3433 post
1422 3369 1672 3419 mortem
1722 3365 1863 3430 Filii,

208 3456 461 3530 perinde
492 3470 561 3510 ac
585 3454 633 3509 si
656 3452 893 3517 viveret,
923 3468 993 3507 ex
1020 3453 1148 3523 ejus
1179 3452 1357 3507 latere
1406 3467 1567 3523 aqua
1625 3460 1680 3509 et
1732 3470 1869 3510 san-

208 3547 349 3615 guis
380 3544 711 3607 scaturiret,
742 3541 840 3597 illa
871 3547 993 3597 tum
1026 3542 1270 3613 quidem
1313 3541 1511 3597 haurit
1536 3549 1870 3599 reverenter

207 3640 265 3692 et
292 3633 631 3702 diligenter.

284 3723 522 3780 XXXIII.
553 3720 768 3776 Deinde
794 3735 862 3775 ea
892 3718 975 3773 sic
1026 3736 1089 3773 se
1147 3724 1329 3775 totam
1388 3720 1552 3776 dedit
1583 3721 1868 3791 parandae

208 3812 560 3885 sepulturae,
592 3816 646 3865 et
686 3808 1195 3879 quemadmodum
1251 3809 1518 3864 divinum
1572 3808 1716 3864 illud
1747 3825 1870 3864 cor-

212 3918 335 3975 pus
364 3918 396 3956 e
427 3900 588 3969 ligno
619 3899 1035 3969 deponeretur,
1071 3904 1121 3950 et
1167 3904 1374 3968 aptum
1409 3903 1868 3953 monumentum

212 3994 709 4061 consequeretur.
737 3988 879 4041 Cum
913 3990 1116 4041 autem
1142 4002 1260 4041 non
1296 3993 1494 4057 posset
1521 3987 1649 4041 haec
1682 4002 1785 4058 per
1809 4003 1870 4039 se

209 4079 473 4143 efﬁcere,
497 4078 628 4146 ejus
652 4080 910 4129 mentem
939 4079 1128 4129 movet
1156 4075 1403 4129 omnino
1432 4075 1481 4144 ej
1495 4091 1561 4128 us
1596 4075 1787 4139 Filius,
1810 4081 1872 4130 ut

211 4170 587 4224 scrutaretur
635 4162 853 4218 inloco
893 4162 1192 4217 Calvarite.
1223 4163 1394 4228 Quod
1447 4179 1584 4218 cum
1646 4163 1867 4219 factum

210 4262 405 4315 esset.
430 4252 701 4310 concedit
748 4256 810 4307 ut
836 4250 966 4321 ejus
1010 4266 1228 4322 scopus
1284 4252 1453 4308 facile
1509 4253 1868 4308 succederet.

213 4339 528 4398 Invenitur
581 4337 742 4392 enim
772 4334 1077 4405 quoddam
1111 4344 1561 4391 monumentum
1596 4338 1869 4393 recentis-

210 4432 448 4486 simum
473 4432 533 4482 et
562 4425 1044 4497 pulcherrimum,
1076 4430 1131 4479 et
1182 4425 1424 4493 elegans
1450 4425 1618 4481 locus
1646 4427 1706 4481 in
1756 4442 1874 4497 quo

212 4521 355 4574 erat
378 4515 548 4579 situs,
576 4512 680 4568 illo
704 4512 950 4583 quidem
1007 4528 1389 4584 nequaquam
1424 4513 1643 4583 dignus
1680 4531 1691 4568 :
1721 4513 1876 4579 Quid

211 4608 387 4661 enim
416 4601 666 4657 omnino
691 4616 762 4654 ex
789 4599 969 4655 rebus
993 4602 1238 4656 terrenis
1258 4602 1285 4657 ‘2
1316 4604 1418 4657 sed
1442 4618 1559 4657 non
1593 4602 1877 4670 indignus

213 4696 358 4765 ejus
382 4705 519 4763 quae
548 4688 872 4761 quaerebat,
901 4688 1219 4745 desiderio.
1256 4696 1444 4762 Atque
1477 4697 1600 4745 erat
1631 4692 1876 4762 quidem

215 4780 578 4853 sepulcrum
610 4776 806 4849 plane,
837 4783 898 4832 ut
926 4777 1064 4843 dixi,
1098 4794 1322 4834 novum
1353 4786 1407 4835 et
1451 4781 1698 4835 omnino
1733 4780 1881 4836 inta-

215 4875 420 4934 ctum,
446 4868 580 4922 utin
604 4880 726 4938 quo
759 4864 990 4920 nullum
1021 4866 1217 4921 adhuc
1238 4872 1393 4922 esset
1413 4867 1711 4938 sepultum
1742 4885 1753 4923 :
1784 4883 1878 4931 ne,

214 4960 265 5014 si
294 4957 421 5014 alia
468 4955 666 5028 posita
696 4954 943 5009 fuissent
976 4970 1247 5025 corpora,
1276 4955 1651 5011 dubitaretur
1698 4957 1883 5027 quod-

216 5064 374 5105 nam
396 5044 846 5101 resurrexisset:
875 5044 1114 5099 etlocus
1136 5044 1192 5098 in
1221 5044 1448 5116 optimo
1470 5061 1604 5101 aere
1632 5048 1879 5115 positus,

216 5144 281 5193 et
309 5138 375 5191 in
407 5134 563 5190 horti
590 5131 852 5204 speciem
881 5136 1147 5188 ornatus.
1190 5135 1499 5205 Postquam
1531 5140 1733 5189 autem
1781 5134 1888 5189 sci-

218 5228 451 5283 scitata
467 5220 770 5287 intellexit,
798 5235 919 5276 non
950 5221 1144 5276 solum
1176 5238 1301 5277 esse
1331 5222 1594 5279 amicum
1614 5223 1762 5278 horti
1784 5222 1885 5279 do-

303 5424 355 5457 "
386 5422 696 5485 Joan.u,4.
811 5418 1058 5475 “Matth.
1095 5436 1195 5487 xu,
1221 5423 1309 5476 48.

220 5527 422 5582 xxxii,
458 5509 549 5577 32,
582 5511 674 5565 33.
750 5508 799 5544 ⁵⁴
830 5509 1006 5565 Joan.
1042 5524 1160 5575 xix,
1201 5509 1388 5566 38-42.

617 5605 860 5665 PATROL.
904 5606 1004 5664 Cn.
1047 5606 1213 5667 CXV.

1423 5421 1470 5458 ⁴⁹
1498 5420 1895 5485 Joan.x1x,27.

1504 5509 1550 5545 ⁸⁵
1582 5508 1742 5564 Psal.
1786 5520 2006 5572 xxxvn,
2035 5506 2121 5570 t2,
2153 5505 2241 5561 l3.

1962 1768 2212 1817 mortem
2236 1763 2309 1817 sit
2335 1762 2447 1817 illis
2474 1765 2642 1819 Jesus
2674 1764 2922 1820 invisus.
2959 1766 3053 1823 Sic
3097 1768 3270 1824 nobis
3327 1768 3612 1825 omnibus

1966 1867 2250 1918 magnam
2304 1850 2513 1907 afferes
2566 1853 3056 1921 consolationem,
3089 1856 3191 1928 qui
3245 1858 3306 1912 in
3365 1872 3610 1913 omnem

1961 1940 2184 1996 redacti
2214 1957 2422 1997 sumus
2447 1947 2789 2010 egestatem,
2822 1948 2877 1998 et
2900 1959 3159 2014 quorum
3202 1961 3377 2002 nemo
3410 1960 3614 2002 move-

1962 2034 2056 2085 tur
2080 2029 2481 2085 misericordia
2506 2047 2518 2080 :
2546 2031 2589 2085 Α
2605 2030 2740 2087 mici
2759 2031 2920 2087 enim
2949 2032 3063 2089 mei
3079 2039 3131 2089 et
3156 2036 3482 2107 propinqui
3500 2049 3612 2090 me:

1962 2133 2038 2174 ea:
2048 2119 2129 2174 ad
2134 2134 2295 2175 verso
2308 2119 2941 2189 appropinquaverunt
2952 2129 3006 2177 et
3023 2128 3396 2187 steterunt,et
3408 2123 3618 2192 proxi-

1965 2208 2047 2263 mi
2073 2207 2245 2263 meia
2297 2208 2471 2275 longe
2508 2214 2795 2264 steterunt
2819 2211 2887 2263 ³⁵.
2923 2212 2997 2266 Ex
3053 2228 3145 2267 me
3194 2229 3314 2268 non
3366 2230 3613 2287 possum

1967 2296 2298 2367 quidquam
2330 2295 2542 2361 facere,
2578 2302 2639 2351 ut
2672 2297 2854 2364 vides,
2889 2315 3027 2354 cum
3060 2301 3169 2356 sim
3215 2302 3343 2358 sola
3401 2310 3457 2360 et
3514 2305 3619 2363 ho-

1970 2385 2143 2455 spita,
2173 2391 2389 2439 etcum
2421 2400 2542 2439 uno
2586 2386 2712 2441 solo
2766 2402 2834 2440 ex
2884 2386 3193 2459 discipulis
3225 2397 3448 2447 attenta
3505 2395 3615 2451 sim

1969 2473 2271 2529 cruciﬁxo.
2331 2475 2421 2529 Sic
2481 2474 2625 2529 mihi
2700 2474 2870 2529 sistes
2956 2476 3245 2545 dolorem,
3295 2482 3375 2535 sic
3442 2486 3622 2553 repri-

1971 2578 2098 2618 mes
2124 2562 2445 2633 lacrymas.

2044 2652 2265 2707 XXXIV.
2300 2653 2446 2706 Cum
2476 2651 2804 2722 Josephum
2857 2653 3108 2724 Deipara
3162 2655 3367 2711 talibus
3418 2659 3617 2715 verbis

1972 2740 2296 2796 inﬂexisset
2342 2743 2400 2794 et
2453 2739 2773 2805 incitasset,
2816 2742 3023 2797 emittit
3067 2744 3144 2799 ad
3186 2744 3458 2802 Pilatum.
3521 2749 3618 2805 Ille

1973 2837 2196 2893 autem,
2250 2826 2498 2899 expulsa
2550 2829 2713 2883 omni
2772 2829 3101 2895 timiditate,
3135 2838 3191 2887 et
3238 2834 3310 2888 ab
3363 2834 3479 2900 illo,
3513 2839 3618 2909 qui

1976 2920 2222 2975 mortuis
2273 2918 2456 2973 vitam
2495 2917 2762 2989 inspirat.
2798 2924 3033 2975 mortua
3076 2922 3328 2978 audacia
3366 2924 3622 2997 inspira-

1898 3044 1939 3100 Ο
1976 3016 2087 3073 tus,
2121 3007 2403 3062 audacter
2429 3005 2642 3078 (inquit
2694 3008 2918 3062 Marcus
2939 3010 3008 3077 ⁵⁸)
3030 3008 3359 3077 ingreditur
3406 3012 3485 3068 ad
3532 3014 3621 3070 Pi-

1976 3098 2182 3160 latum,
2210 3100 2267 3150 et
2290 3095 2357 3150 iis
2382 3111 2544 3152 usus.
2576 3095 2796 3167 quibus
2844 3112 2988 3166 Opus
3040 3101 3185 3165 erat,
3221 3100 3416 3156 verbis
3475 3104 3622 3175 peti-

1978 3192 2097 3241 tum
2130 3184 2632 3257 accipitdivinum
2663 3184 2806 3239 illud
2839 3201 3080 3257 corpus,
3108 3192 3165 3242 et
3199 3189 3291 3243 cui
3335 3190 3477 3246 nihil
3509 3208 3620 3262 po-

1978 3278 2090 3330 test
2117 3274 2439 3344 exaequari,
2462 3272 2778 3328 ostendens
2805 3274 3097 3339 animum,
3124 3276 3286 3331 Judae
3336 3284 3621 3352 tanquam

1978 3379 2047 3418 ex
2079 3362 2361 3417 diametro
2407 3361 2793 3416 contrarium.
2824 3364 2970 3417 Nam
3034 3362 3128 3418 ille
3183 3366 3427 3435 quidem
3487 3386 3622 3425 cum

1977 3452 2243 3515 haberet,
2273 3448 2512 3505 tradidit
2541 3449 2613 3503 iis
2640 3449 2740 3519 qui
2762 3456 2928 3505 erant
2958 3451 3321 3509 interfecturi
3354 3472 3368 3521 ;
3396 3456 3491 3512 hic
3522 3475 3626 3514 au-

1981 3547 2095 3595 tem
2153 3538 2229 3593 ab
2287 3538 2355 3592 iis
2407 3538 2509 3609 qui
2564 3536 2996 3605 interfecerant,
3055 3542 3218 3611 petiit
3271 3548 3327 3599 et
3374 3548 3622 3618 accepit.

1980 3629 2201 3683 Verum
2244 3627 2401 3681 enim
2454 3642 2594 3681 vero
2679 3641 2881 3681 rursus
2966 3636 3357 3701 persequatur
3412 3635 3622 3700 oratio,

1980 3716 2284 3789 quomodo
2314 3717 2487 3771 Mater
2513 3731 2573 3769 se
2598 3715 2866 3770 haberet.
2904 3716 3110 3772 Dicunt
3139 3720 3298 3774 enim
3330 3720 3365 3774 ii
3394 3723 3498 3793 qui
3550 3724 3625 3781 de

1982 3806 2073 3860 his
2100 3806 2278 3859 rebus
2306 3808 2648 3868 tractarunt,
2679 3820 2811 3859 eam
2865 3804 2942 3859 ab
2985 3804 3146 3861 initio
3206 3824 3393 3880 usque
3445 3810 3521 3865 ad
3560 3812 3627 3866 Ii-

1982 3910 2120 3950 nem
2175 3908 2239 3946 se
2286 3890 2507 3947 fortiter
2536 3900 2591 3945 et
2646 3899 2985 3948 constanter
3035 3895 3309 3963 gessisse,
3380 3898 3627 3955 honeste

1980 3982 2251 4055 quidem,
2280 3987 2336 4036 et
2381 3996 2499 4036 non
2542 3980 2816 4037 indecore
2874 3987 3135 4037 utentem
3182 3992 3346 4040 motu
3394 3987 3622 4042 animi:

1983 4072 2149 4127 factis
2162 4075 2361 4125 tamen
2374 4068 2779 4125 ostendentem
2794 4087 2855 4124 se
2867 4081 2994 4126 esse
3007 4073 3365 4137 Matrem,sed
3379 4076 3627 4131 omnino

1982 4163 2221 4217 Matrem
2247 4158 2400 4213 illius
2430 4158 2531 4229 qui
2560 4159 2755 4213 amico
2788 4164 3022 4215 mortuo
3055 4163 3111 4215 et
3154 4163 3413 4218 ostendit
3468 4178 3631 4222 amo-

1984 4265 2129 4313 rem,
2187 4255 2244 4304 et
2302 4252 2529 4303 motum
2582 4248 2764 4302 animi
2816 4249 2986 4303 certis
3041 4249 3262 4305 finibus
3314 4253 3626 4309 continuit.

1985 4342 2274 4395 Mortuum
2304 4336 2501 4408 itaque
2536 4335 2741 4390 videns
2775 4336 3079 4403 Filium,ea
3108 4344 3273 4395 motu
3299 4342 3483 4398 animi
3514 4358 3628 4397 usa

1984 4433 2073 4485 est
2102 4432 2162 4482 ut
2182 4426 2461 4497 oportuit.
2486 4424 2637 4489 Quin
2678 4425 2858 4480 etiam
2914 4426 2973 4480 in
3019 4443 3090 4481 eo
3132 4444 3167 4483 a
3210 4445 3383 4485 cruce
3449 4431 3632 4502 depo-

1986 4515 2179 4573 nendo
2210 4513 2488 4568 maternis
2544 4512 2820 4568 manibus
2871 4512 3155 4581 inserviit,
3189 4522 3245 4571 et
3280 4517 3506 4583 clavos,
3528 4519 3632 4591 qui

1987 4603 2470 4667 extrahebantur,
2500 4618 2609 4656 suo
2630 4602 2763 4657 sinu
2810 4604 3052 4674 accepit,
3086 4609 3141 4659 et
3172 4606 3445 4662 membra
3474 4607 3634 4662 illius

1990 4692 2267 4762 amplexa
2290 4698 2394 4755 est,
2429 4690 2648 4759 partim
2675 4689 2919 4761 quidem
2964 4691 3116 4746 ulnis
3155 4694 3475 4762 stringens,
3500 4709 3637 4767 par-

1991 4780 2095 4836 tim
2125 4784 2325 4834 autem
2357 4779 2479 4831 suis
2504 4794 2744 4850 quoque
2762 4778 3043 4851 lacrymis
3070 4782 3278 4851 plagas
3300 4784 3639 4839 emundans

1992 4868 2205 4924 deinde
2248 4866 2425 4922 etiam
2476 4870 2595 4920 tota
2642 4865 2748 4921 toti
2798 4869 3033 4937 corpori
3074 4869 3459 4927 circumfusa.
3498 4871 3640 4927 Ecce

1995 4958 2098 5014 tibi
2128 4958 2204 5012 ab
2234 4956 2397 5012 omni
2425 4954 2645 5010 saeculo
2672 4955 3044 5026 praeﬁnitium
3081 4961 3425 5028 mysterium
3457 4960 3533 5015 ad
3579 4960 3646 5014 ﬁ-

1996 5062 2135 5103 nem
2183 5060 2369 5116 usque
2412 5044 2645 5107 venit,o
2691 5044 2954 5109 Domine,
2993 5045 3225 5114 placida
3289 5064 3430 5103 voce
3484 5049 3643 5104 dicit.

1999 5137 2063 5190 Et
2084 5133 2343 5203 Josepho
2373 5132 2430 5186 in
2456 5146 2641 5186 manu
2682 5132 2920 5188 tradens
2960 5133 3275 5191 sindonem
3310 5153 3322 5192 :
3353 5136 3479 5191 'l‘ibi
3542 5152 3649 5192 au-

1998 5230 2139 5289 tem,
2171 5220 2381 5292 inquit,
2410 5218 2691 5290 deinceps
2746 5220 2852 5276 erit
2904 5237 3082 5289 curas,
3119 5229 3179 5278 ut
3215 5223 3277 5279 in
3334 5224 3448 5280 hac
3483 5239 3644 5291 eum,

2008 5419 2055 5453 ⁵ο
2082 5415 2223 5471 Ibid.
2364 5412 2555 5467 5‘Ibid.
2587 5416 2672 5467 28.
2816 5412 3050 5471 "Exod.
3084 5420 3265 5479 xvx,3l
3354 5420 3432 5479 ,³⁸

2354 5503 2401 5538 ³⁸
2436 5502 2614 5559 Marc.
2646 5517 2724 5558 xv
2763 5501 2852 5559 43.

3502 5422 3655 5478 Deut

3307 5558 3389 5660 18.
