  <div class='ocr_page' id='page_1' title='image "/cluster/home/n/w/nwhite01/storage/ocr_20150623/115/hvd.32044073502262/283.png"; bbox 0 0 4142 6196; ppageno 0'>
   <div class='ocr_carea' id='block_1_1' title="bbox 506 218 611 273">
    <p class='ocr_par' dir='ltr' id='par_1_1' title="bbox 506 218 611 273">
     <span class='ocr_line' id='line_1_1' title="bbox 506 218 611 273; baseline 0 0"><span class='ocrx_word' id='word_1_1' title='bbox 506 218 611 273; x_wconf 76' lang='grc'>555</span> 
     </span>
    </p>
   </div>
   <div class='ocr_carea' id='block_1_2' title="bbox 846 186 2564 256">
    <p class='ocr_par' dir='ltr' id='par_1_2' title="bbox 846 186 2564 256">
     <span class='ocr_line' id='line_1_2' title="bbox 846 186 2564 256; baseline 0.018 -31"><span class='ocrx_word' id='word_1_2' title='bbox 846 186 853 213; x_wconf 65' lang='grc' dir='ltr'>τ</span> <span class='ocrx_word' id='word_1_3' title='bbox 1886 194 2144 253; x_wconf 77' lang='lat' dir='ltr'>MENSIS</span> <span class='ocrx_word' id='word_1_4' title='bbox 2184 193 2564 256; x_wconf 83' lang='lat' dir='ltr'>AUGUSTUS</span> 
     </span>
    </p>
   </div>
   <div class='ocr_carea' id='block_1_3' title="bbox 3809 201 3913 255">
    <p class='ocr_par' dir='ltr' id='par_1_3' title="bbox 3809 201 3913 255">
     <span class='ocr_line' id='line_1_3' title="bbox 3809 201 3913 255; baseline 0 0"><span class='ocrx_word' id='word_1_5' title='bbox 3809 201 3913 255; x_wconf 85' lang='grc'>556</span> 
     </span>
    </p>
   </div>
   <div class='ocr_carea' id='block_1_4' title="bbox 505 321 3915 406">
    <p class='ocr_par' dir='ltr' id='par_1_4' title="bbox 505 321 3915 406">
     <span class='ocr_line' id='line_1_4' title="bbox 505 321 3915 406; baseline -0.005 -10"><span class='ocrx_word' id='word_1_6' title='bbox 505 341 754 396; x_wconf 84' lang='lat' dir='ltr'>honeste</span> <span class='ocrx_word' id='word_1_7' title='bbox 784 348 1128 406; x_wconf 81' lang='lat' dir='ltr'>componas,</span> <span class='ocrx_word' id='word_1_8' title='bbox 1171 330 1528 403; x_wconf 87' lang='lat' dir='ltr'>myrrhaque</span> <span class='ocrx_word' id='word_1_9' title='bbox 1581 326 1828 400; x_wconf 84' lang='lat' dir='ltr'>pulchre</span> <span class='ocrx_word' id='word_1_10' title='bbox 1878 321 2147 385; x_wconf 84' lang='lat' dir='ltr'>condias,</span> <span class='ocrx_word' id='word_1_11' title='bbox 2179 324 2225 375; x_wconf 84' lang='lat' dir='ltr'><strong>A</strong></span> <span class='ocrx_word' id='word_1_12' title='bbox 2261 337 2322 377; x_wconf 91' lang='lat' dir='ltr'>re</span> <span class='ocrx_word' id='word_1_13' title='bbox 2372 326 2578 395; x_wconf 81' lang='lat' dir='ltr'>spiritu</span> <span class='ocrx_word' id='word_1_14' title='bbox 2627 326 2903 397; x_wconf 80' lang='lat' dir='ltr'>vigilans,</span> <span class='ocrx_word' id='word_1_15' title='bbox 2961 324 3168 381; x_wconf 85' lang='lat' dir='ltr'><strong>omnia</strong></span> <span class='ocrx_word' id='word_1_16' title='bbox 3225 324 3483 398; x_wconf 81' lang='lat' dir='ltr'>perfecte</span> <span class='ocrx_word' id='word_1_17' title='bbox 3537 324 3684 382; x_wconf 84' lang='lat' dir='ltr'>vidit</span> <span class='ocrx_word' id='word_1_18' title='bbox 3740 330 3804 380; x_wconf 91' lang='lat' dir='ltr'>ut</span> <span class='ocrx_word' id='word_1_19' title='bbox 3852 341 3915 381; x_wconf 89' lang='lat' dir='ltr'>se</span> 
     </span>
    </p>
   </div>
   <div class='ocr_carea' id='block_1_5' title="bbox 505 422 1084 497">
    <p class='ocr_par' dir='ltr' id='par_1_5' title="bbox 505 422 1084 497">
     <span class='ocr_line' id='line_1_5' title="bbox 505 422 1084 497; baseline -0.017 -12"><span class='ocrx_word' id='word_1_20' title='bbox 505 435 562 485; x_wconf 92' lang='lat' dir='ltr'>et</span> <span class='ocrx_word' id='word_1_21' title='bbox 596 427 647 484; x_wconf 89' lang='lat' dir='ltr'>ei</span> <span class='ocrx_word' id='word_1_22' title='bbox 683 427 845 497; x_wconf 87' lang='lat' dir='ltr'>justa</span> <span class='ocrx_word' id='word_1_23' title='bbox 885 422 1084 479; x_wconf 85' lang='lat' dir='ltr'>facias.</span> 
     </span>
    </p>
   </div>
   <div class='ocr_carea' id='block_1_6' title="bbox 578 499 2149 579">
    <p class='ocr_par' dir='ltr' id='par_1_6' title="bbox 578 499 2149 579">
     <span class='ocr_line' id='line_1_6' title="bbox 578 499 2149 579; baseline -0.011 -7"><span class='ocrx_word' id='word_1_24' title='bbox 578 517 769 573; x_wconf 89' lang='lat' dir='ltr'><strong>XXXV.</strong></span> <span class='ocrx_word' id='word_1_25' title='bbox 811 514 956 569; x_wconf 92' lang='lat' dir='ltr'>Cum</span> <span class='ocrx_word' id='word_1_26' title='bbox 988 511 1071 565; x_wconf 91' lang='lat' dir='ltr'>sic</span> <span class='ocrx_word' id='word_1_27' title='bbox 1137 523 1278 579; x_wconf 85' lang='lat' dir='ltr'>ergo</span> <span class='ocrx_word' id='word_1_28' title='bbox 1343 522 1502 563; x_wconf 89' lang='lat' dir='ltr'>novo</span> <span class='ocrx_word' id='word_1_29' title='bbox 1568 507 1956 561; x_wconf 90' lang='lat' dir='ltr'>monumento</span> <span class='ocrx_word' id='word_1_30' title='bbox 2007 499 2149 554; x_wconf 85' lang='lat' dir='ltr'>divi-</span> 
     </span>
    </p>
   </div>
   <div class='ocr_carea' id='block_1_7' title="bbox 506 591 2148 673">
    <p class='ocr_par' dir='ltr' id='par_1_7' title="bbox 506 591 2148 673">
     <span class='ocr_line' id='line_1_7' title="bbox 506 591 2148 673; baseline -0.012 -11"><span class='ocrx_word' id='word_1_31' title='bbox 506 622 651 662; x_wconf 90' lang='lat' dir='ltr'>num</span> <span class='ocrx_word' id='word_1_32' title='bbox 692 617 910 673; x_wconf 90' lang='lat' dir='ltr'>corpus</span> <span class='ocrx_word' id='word_1_33' title='bbox 940 598 1344 667; x_wconf 82' lang='lat' dir='ltr'>tradidissent,</span> <span class='ocrx_word' id='word_1_34' title='bbox 1401 595 1641 667; x_wconf 67' lang='lat' dir='ltr'>Ioseph,</span> <span class='ocrx_word' id='word_1_35' title='bbox 1675 600 1731 649; x_wconf 90' lang='lat' dir='ltr'>et</span> <span class='ocrx_word' id='word_1_36' title='bbox 1783 591 1884 664; x_wconf 90' lang='lat' dir='ltr'>qui</span> <span class='ocrx_word' id='word_1_37' title='bbox 1915 605 2051 645; x_wconf 91' lang='lat' dir='ltr'>cum</span> <span class='ocrx_word' id='word_1_38' title='bbox 2079 603 2148 643; x_wconf 92' lang='lat' dir='ltr'>eo</span> 
     </span>
    </p>
   </div>
   <div class='ocr_carea' id='block_1_8' title="bbox 504 678 2148 757">
    <p class='ocr_par' dir='ltr' id='par_1_8' title="bbox 504 678 2148 757">
     <span class='ocr_line' id='line_1_8' title="bbox 504 678 2148 757; baseline -0.012 -6"><span class='ocrx_word' id='word_1_39' title='bbox 504 700 626 751; x_wconf 88' lang='lat' dir='ltr'>erat</span> <span class='ocrx_word' id='word_1_40' title='bbox 682 689 1059 752; x_wconf 67' lang='lat' dir='ltr'>Nicodemus,</span> <span class='ocrx_word' id='word_1_41' title='bbox 1112 691 1169 742; x_wconf 92' lang='lat' dir='ltr'>et</span> <span class='ocrx_word' id='word_1_42' title='bbox 1216 686 1311 741; x_wconf 88' lang='lat' dir='ltr'>alii</span> <span class='ocrx_word' id='word_1_43' title='bbox 1360 684 1463 757; x_wconf 89' lang='lat' dir='ltr'>qui</span> <span class='ocrx_word' id='word_1_44' title='bbox 1532 700 1666 739; x_wconf 89' lang='lat' dir='ltr'>cum</span> <span class='ocrx_word' id='word_1_45' title='bbox 1723 681 1807 737; x_wconf 89' lang='lat' dir='ltr'>eis</span> <span class='ocrx_word' id='word_1_46' title='bbox 1877 678 2148 740; x_wconf 88' lang='lat' dir='ltr'>aderant,</span> 
     </span>
    </p>
   </div>
   <div class='ocr_carea' id='block_1_9' title="bbox 503 768 2147 855">
    <p class='ocr_par' dir='ltr' id='par_1_9' title="bbox 503 768 2147 855">
     <span class='ocr_line' id='line_1_9' title="bbox 503 768 2147 855; baseline -0.012 -16"><span class='ocrx_word' id='word_1_47' title='bbox 503 784 612 855; x_wconf 87' lang='lat' dir='ltr'>ipsi</span> <span class='ocrx_word' id='word_1_48' title='bbox 666 778 910 852; x_wconf 87' lang='lat' dir='ltr'>quidem</span> <span class='ocrx_word' id='word_1_49' title='bbox 961 776 1159 833; x_wconf 89' lang='lat' dir='ltr'>statim</span> <span class='ocrx_word' id='word_1_50' title='bbox 1218 776 1564 830; x_wconf 89' lang='lat' dir='ltr'>receduuta</span> <span class='ocrx_word' id='word_1_51' title='bbox 1618 769 1912 842; x_wconf 91' lang='lat' dir='ltr'>sepulcro;</span> <span class='ocrx_word' id='word_1_52' title='bbox 1970 768 2147 855; x_wconf 72' lang='lat' dir='ltr'>mater</span> 
     </span>
    </p>
   </div>
   <div class='ocr_carea' id='block_1_10' title="bbox 504 854 2147 935">
    <p class='ocr_par' dir='ltr' id='par_1_10' title="bbox 504 854 2147 935">
     <span class='ocr_line' id='line_1_10' title="bbox 504 854 2147 935; baseline -0.013 -6"><span class='ocrx_word' id='word_1_53' title='bbox 504 854 703 929; x_wconf 88' lang='lat' dir='ltr'>autem</span> <span class='ocrx_word' id='word_1_54' title='bbox 733 867 862 923; x_wconf 90' lang='lat' dir='ltr'>sola</span> <span class='ocrx_word' id='word_1_55' title='bbox 891 864 1178 923; x_wconf 86' lang='lat' dir='ltr'>remansit</span> <span class='ocrx_word' id='word_1_56' title='bbox 1236 863 1508 935; x_wconf 91' lang='lat' dir='ltr'>sepulcro</span> <span class='ocrx_word' id='word_1_57' title='bbox 1561 854 2147 923; x_wconf 77' lang='lat' dir='ltr'>adhaerens,minime</span> 
     </span>
    </p>
   </div>
   <div class='ocr_carea' id='block_1_11' title="bbox 502 944 2147 1024">
    <p class='ocr_par' dir='ltr' id='par_1_11' title="bbox 502 944 2147 1024">
     <span class='ocr_line' id='line_1_11' title="bbox 502 944 2147 1024; baseline -0.012 -7"><span class='ocrx_word' id='word_1_58' title='bbox 502 955 935 1017; x_wconf 83' lang='lat' dir='ltr'>dormientibus</span> <span class='ocrx_word' id='word_1_59' title='bbox 958 953 1147 1010; x_wconf 89' lang='lat' dir='ltr'>oculis</span> <span class='ocrx_word' id='word_1_60' title='bbox 1179 953 1737 1024; x_wconf 89' lang='lat' dir='ltr'>perseverans.Nam</span> <span class='ocrx_word' id='word_1_61' title='bbox 1770 948 1873 1002; x_wconf 87' lang='lat' dir='ltr'>etsi</span> <span class='ocrx_word' id='word_1_62' title='bbox 1900 944 2147 1000; x_wconf 87' lang='lat' dir='ltr'>Mariam</span> 
     </span>
    </p>
   </div>
   <div class='ocr_carea' id='block_1_12' title="bbox 507 1033 2148 1119">
    <p class='ocr_par' dir='ltr' id='par_1_12' title="bbox 507 1033 2148 1119">
     <span class='ocr_line' id='line_1_12' title="bbox 507 1033 2148 1119; baseline -0.011 -15"><span class='ocrx_word' id='word_1_63' title='bbox 507 1047 923 1119; x_wconf 88' lang='lat' dir='ltr'>Magdalenam</span> <span class='ocrx_word' id='word_1_64' title='bbox 941 1042 1247 1098; x_wconf 65' lang='lat' dir='ltr'>Matthaaus</span> <span class='ocrx_word' id='word_1_65' title='bbox 1261 1058 1329 1095; x_wconf 86' lang='lat' dir='ltr'>ex</span> <span class='ocrx_word' id='word_1_66' title='bbox 1348 1040 1599 1096; x_wconf 89' lang='lat' dir='ltr'>adverso</span> <span class='ocrx_word' id='word_1_67' title='bbox 1616 1054 1752 1092; x_wconf 89' lang='lat' dir='ltr'>cum</span> <span class='ocrx_word' id='word_1_68' title='bbox 1771 1035 1955 1091; x_wconf 89' lang='lat' dir='ltr'>altera</span> <span class='ocrx_word' id='word_1_69' title='bbox 1969 1033 2148 1103; x_wconf 86' lang='lat' dir='ltr'>signi-</span> 
     </span>
    </p>
   </div>
   <div class='ocr_carea' id='block_1_13' title="bbox 503 1125 2147 1199">
    <p class='ocr_par' dir='ltr' id='par_1_13' title="bbox 503 1125 2147 1199">
     <span class='ocr_line' id='line_1_13' title="bbox 503 1125 2147 1199; baseline -0.012 -4"><span class='ocrx_word' id='word_1_70' title='bbox 503 1137 701 1195; x_wconf 86' lang='lat' dir='ltr'>ﬁcavit</span> <span class='ocrx_word' id='word_1_71' title='bbox 730 1133 1051 1199; x_wconf 83' lang='lat' dir='ltr'>assedisse,</span> <span class='ocrx_word' id='word_1_72' title='bbox 1098 1132 1291 1187; x_wconf 91' lang='lat' dir='ltr'>solum</span> <span class='ocrx_word' id='word_1_73' title='bbox 1316 1137 1514 1185; x_wconf 92' lang='lat' dir='ltr'>tamen</span> <span class='ocrx_word' id='word_1_74' title='bbox 1567 1126 1643 1183; x_wconf 90' lang='lat' dir='ltr'>ad</span> <span class='ocrx_word' id='word_1_75' title='bbox 1672 1125 1995 1180; x_wconf 88' lang='lat' dir='ltr'>videndum</span> <span class='ocrx_word' id='word_1_76' title='bbox 2054 1137 2147 1179; x_wconf 90' lang='lat' dir='ltr'>ve-</span> 
     </span>
    </p>
   </div>
   <div class='ocr_carea' id='block_1_14' title="bbox 502 1214 2144 1294">
    <p class='ocr_par' dir='ltr' id='par_1_14' title="bbox 502 1214 2144 1294">
     <span class='ocr_line' id='line_1_14' title="bbox 502 1214 2144 1294; baseline -0.01 -12"><span class='ocrx_word' id='word_1_77' title='bbox 502 1227 659 1282; x_wconf 91' lang='lat' dir='ltr'>nisse</span> <span class='ocrx_word' id='word_1_78' title='bbox 698 1224 909 1289; x_wconf 86' lang='lat' dir='ltr'>innuit,</span> <span class='ocrx_word' id='word_1_79' title='bbox 942 1235 1136 1294; x_wconf 91' lang='lat' dir='ltr'>neque</span> <span class='ocrx_word' id='word_1_80' title='bbox 1179 1235 1357 1275; x_wconf 90' lang='lat' dir='ltr'>ausas</span> <span class='ocrx_word' id='word_1_81' title='bbox 1388 1233 1519 1273; x_wconf 89' lang='lat' dir='ltr'>esse</span> <span class='ocrx_word' id='word_1_82' title='bbox 1576 1214 1856 1271; x_wconf 83' lang='lat' dir='ltr'>accedere</span> <span class='ocrx_word' id='word_1_83' title='bbox 1885 1228 1953 1268; x_wconf 91' lang='lat' dir='ltr'>eo</span> <span class='ocrx_word' id='word_1_84' title='bbox 2004 1217 2144 1266; x_wconf 88' lang='lat' dir='ltr'>tem-</span> 
     </span>
    </p>
   </div>
   <div class='ocr_carea' id='block_1_15' title="bbox 502 1306 2148 1391">
    <p class='ocr_par' dir='ltr' id='par_1_15' title="bbox 502 1306 2148 1391">
     <span class='ocr_line' id='line_1_15' title="bbox 502 1306 2148 1391; baseline -0.01 -18"><span class='ocrx_word' id='word_1_85' title='bbox 502 1331 667 1391; x_wconf 89' lang='lat' dir='ltr'>pore,</span> <span class='ocrx_word' id='word_1_86' title='bbox 699 1329 822 1386; x_wconf 89' lang='lat' dir='ltr'>quo</span> <span class='ocrx_word' id='word_1_87' title='bbox 864 1310 1266 1368; x_wconf 89' lang='lat' dir='ltr'>mandabatur</span> <span class='ocrx_word' id='word_1_88' title='bbox 1291 1306 1627 1379; x_wconf 69' lang='lat' dir='ltr'>sepulturae.</span> <span class='ocrx_word' id='word_1_89' title='bbox 1669 1307 1832 1360; x_wconf 87' lang='lat' dir='ltr'>Certe</span> <span class='ocrx_word' id='word_1_90' title='bbox 1883 1317 2148 1377; x_wconf 70' lang='lat' dir='ltr'>namque</span> 
     </span>
    </p>
   </div>
   <div class='ocr_carea' id='block_1_16' title="bbox 501 1391 2148 1467">
    <p class='ocr_par' dir='ltr' id='par_1_16' title="bbox 501 1391 2148 1467">
     <span class='ocr_line' id='line_1_16' title="bbox 501 1391 2148 1467; baseline -0.009 -5"><span class='ocrx_word' id='word_1_91' title='bbox 501 1405 583 1462; x_wconf 91' lang='lat' dir='ltr'>eis</span> <span class='ocrx_word' id='word_1_92' title='bbox 614 1400 889 1467; x_wconf 89' lang='lat' dir='ltr'>succurit,</span> <span class='ocrx_word' id='word_1_93' title='bbox 920 1405 981 1455; x_wconf 91' lang='lat' dir='ltr'>ut</span> <span class='ocrx_word' id='word_1_94' title='bbox 1004 1397 1347 1454; x_wconf 84' lang='lat' dir='ltr'>recederent</span> <span class='ocrx_word' id='word_1_95' title='bbox 1373 1400 1613 1467; x_wconf 89' lang='lat' dir='ltr'>propter</span> <span class='ocrx_word' id='word_1_96' title='bbox 1644 1398 1866 1449; x_wconf 91' lang='lat' dir='ltr'>metum</span> <span class='ocrx_word' id='word_1_97' title='bbox 1920 1391 2148 1447; x_wconf 82' lang='lat' dir='ltr'>Judan-</span> 
     </span>
    </p>
   </div>
   <div class='ocr_carea' id='block_1_17' title="bbox 498 1480 2148 1561">
    <p class='ocr_par' dir='ltr' id='par_1_17' title="bbox 498 1480 2148 1561">
     <span class='ocr_line' id='line_1_17' title="bbox 498 1480 2148 1561; baseline -0.009 -12"><span class='ocrx_word' id='word_1_98' title='bbox 498 1507 656 1561; x_wconf 81' lang='lat' dir='ltr'>‘rnm,</span> <span class='ocrx_word' id='word_1_99' title='bbox 707 1496 763 1546; x_wconf 92' lang='lat' dir='ltr'>et</span> <span class='ocrx_word' id='word_1_100' title='bbox 808 1489 1127 1545; x_wconf 87' lang='lat' dir='ltr'>adventum</span> <span class='ocrx_word' id='word_1_101' title='bbox 1180 1484 1538 1542; x_wconf 70' lang='lat' dir='ltr'>custodite“.</span> <span class='ocrx_word' id='word_1_102' title='bbox 1598 1480 1792 1554; x_wconf 90' lang='lat' dir='ltr'>lnquit</span> <span class='ocrx_word' id='word_1_103' title='bbox 1828 1480 1990 1536; x_wconf 92' lang='lat' dir='ltr'>enim</span> <span class='ocrx_word' id='word_1_104' title='bbox 2021 1480 2148 1551; x_wconf 87' lang='lat' dir='ltr'>ipse</span> 
     </span>
    </p>
   </div>
   <div class='ocr_carea' id='block_1_18' title="bbox 498 1570 2146 1648">
    <p class='ocr_par' dir='ltr' id='par_1_18' title="bbox 498 1570 2146 1648">
     <span class='ocr_line' id='line_1_18' title="bbox 498 1570 2146 1648; baseline -0.009 -9"><span class='ocrx_word' id='word_1_105' title='bbox 498 1580 838 1638; x_wconf 76' lang='lat' dir='ltr'>Matthzeus:</span> <span class='ocrx_word' id='word_1_106' title='bbox 876 1579 1122 1648; x_wconf 80' lang='lat' dir='ltr'>Vespere</span> <span class='ocrx_word' id='word_1_107' title='bbox 1150 1582 1343 1632; x_wconf 87' lang='lat' dir='ltr'>antem</span> <span class='ocrx_word' id='word_1_108' title='bbox 1376 1572 1643 1636; x_wconf 84' lang='lat' dir='ltr'>Sabbati,</span> <span class='ocrx_word' id='word_1_109' title='bbox 1672 1586 1799 1642; x_wconf 81' lang='lat' dir='ltr'>quae</span> <span class='ocrx_word' id='word_1_110' title='bbox 1829 1570 2055 1625; x_wconf 79' lang='lat' dir='ltr'>lucescit</span> <span class='ocrx_word' id='word_1_111' title='bbox 2086 1570 2146 1625; x_wconf 89' lang='lat' dir='ltr'>in</span> 
     </span>
    </p>
   </div>
   <div class='ocr_carea' id='block_1_19' title="bbox 2260 410 3914 487">
    <p class='ocr_par' dir='ltr' id='par_1_19' title="bbox 2260 410 3914 487">
     <span class='ocr_line' id='line_1_19' title="bbox 2260 410 3914 487; baseline 0.002 -21"><span class='ocrx_word' id='word_1_112' title='bbox 2260 410 2584 482; x_wconf 83' lang='lat' dir='ltr'>habebant,</span> <span class='ocrx_word' id='word_1_113' title='bbox 2619 416 2782 487; x_wconf 90' lang='lat' dir='ltr'>quod</span> <span class='ocrx_word' id='word_1_114' title='bbox 2810 431 2884 470; x_wconf 92' lang='lat' dir='ltr'>ne</span> <span class='ocrx_word' id='word_1_115' title='bbox 2915 414 3215 470; x_wconf 84' lang='lat' dir='ltr'>tantillum</span> <span class='ocrx_word' id='word_1_116' title='bbox 3244 414 3513 486; x_wconf 89' lang='lat' dir='ltr'>quidem,</span> <span class='ocrx_word' id='word_1_117' title='bbox 3544 421 3605 470; x_wconf 89' lang='lat' dir='ltr'>ut</span> <span class='ocrx_word' id='word_1_118' title='bbox 3629 414 3914 479; x_wconf 78' lang='lat' dir='ltr'>diximus,</span> 
     </span>
    </p>
   </div>
   <div class='ocr_carea' id='block_1_20' title="bbox 2260 502 3918 575">
    <p class='ocr_par' dir='ltr' id='par_1_20' title="bbox 2260 502 3918 575">
     <span class='ocr_line' id='line_1_20' title="bbox 2260 502 3918 575; baseline 0.001 -20"><span class='ocrx_word' id='word_1_119' title='bbox 2260 515 2295 555; x_wconf 89' lang='lat' dir='ltr'>a</span> <span class='ocrx_word' id='word_1_120' title='bbox 2322 502 2595 573; x_wconf 90' lang='lat' dir='ltr'>sepulcro</span> <span class='ocrx_word' id='word_1_121' title='bbox 2650 505 2973 569; x_wconf 88' lang='lat' dir='ltr'>recesserit,</span> <span class='ocrx_word' id='word_1_122' title='bbox 3028 502 3220 559; x_wconf 90' lang='lat' dir='ltr'>donec</span> <span class='ocrx_word' id='word_1_123' title='bbox 3250 504 3442 575; x_wconf 88' lang='lat' dir='ltr'>ipsam</span> <span class='ocrx_word' id='word_1_124' title='bbox 3478 504 3776 559; x_wconf 89' lang='lat' dir='ltr'>viviﬁcam</span> <span class='ocrx_word' id='word_1_125' title='bbox 3830 504 3918 558; x_wconf 85' lang='lat' dir='ltr'>vi-</span> 
     </span>
    </p>
   </div>
   <div class='ocr_carea' id='block_1_21' title="bbox 2259 589 3915 664">
    <p class='ocr_par' dir='ltr' id='par_1_21' title="bbox 2259 589 3915 664">
     <span class='ocr_line' id='line_1_21' title="bbox 2259 589 3915 664; baseline 0.002 -21"><span class='ocrx_word' id='word_1_126' title='bbox 2259 589 2349 644; x_wconf 85' lang='lat' dir='ltr'>dit</span> <span class='ocrx_word' id='word_1_127' title='bbox 2377 594 2888 649; x_wconf 87' lang='lat' dir='ltr'>resurrectionem.</span> <span class='ocrx_word' id='word_1_128' title='bbox 2922 595 3067 648; x_wconf 87' lang='lat' dir='ltr'>Nam</span> <span class='ocrx_word' id='word_1_129' title='bbox 3114 592 3271 664; x_wconf 86' lang='lat' dir='ltr'>lapis</span> <span class='ocrx_word' id='word_1_130' title='bbox 3302 592 3551 664; x_wconf 90' lang='lat' dir='ltr'>quidem</span> <span class='ocrx_word' id='word_1_131' title='bbox 3584 593 3915 657; x_wconf 89' lang='lat' dir='ltr'>revolutus,</span> 
     </span>
    </p>
   </div>
   <div class='ocr_carea' id='block_1_22' title="bbox 2258 681 3913 755">
    <p class='ocr_par' dir='ltr' id='par_1_22' title="bbox 2258 681 3913 755">
     <span class='ocr_line' id='line_1_22' title="bbox 2258 681 3913 755; baseline 0.001 -22"><span class='ocrx_word' id='word_1_132' title='bbox 2258 683 2313 734; x_wconf 92' lang='lat' dir='ltr'>et</span> <span class='ocrx_word' id='word_1_133' title='bbox 2343 681 2593 750; x_wconf 82' lang='lat' dir='ltr'>angelus</span> <span class='ocrx_word' id='word_1_134' title='bbox 2621 683 2670 736; x_wconf 90' lang='lat' dir='ltr'>ei</span> <span class='ocrx_word' id='word_1_135' title='bbox 2698 682 2986 748; x_wconf 86' lang='lat' dir='ltr'>insidens,</span> <span class='ocrx_word' id='word_1_136' title='bbox 3038 681 3114 737; x_wconf 86' lang='lat' dir='ltr'>ab</span> <span class='ocrx_word' id='word_1_137' title='bbox 3145 681 3277 736; x_wconf 90' lang='lat' dir='ltr'>aliis</span> <span class='ocrx_word' id='word_1_138' title='bbox 3306 697 3549 755; x_wconf 91' lang='lat' dir='ltr'>quoque</span> <span class='ocrx_word' id='word_1_139' title='bbox 3606 682 3769 737; x_wconf 88' lang='lat' dir='ltr'>visus</span> <span class='ocrx_word' id='word_1_140' title='bbox 3825 688 3913 736; x_wconf 92' lang='lat' dir='ltr'>est</span> 
     </span>
    </p>
   </div>
   <div class='ocr_carea' id='block_1_23' title="bbox 2260 769 3915 842">
    <p class='ocr_par' dir='ltr' id='par_1_23' title="bbox 2260 769 3915 842">
     <span class='ocr_line' id='line_1_23' title="bbox 2260 769 3915 842; baseline 0.002 -19"><span class='ocrx_word' id='word_1_141' title='bbox 2260 769 2629 826; x_wconf 88' lang='lat' dir='ltr'>mulieribus.</span> <span class='ocrx_word' id='word_1_142' title='bbox 2651 771 2901 837; x_wconf 84' lang='lat' dir='ltr'>Quando</span> <span class='ocrx_word' id='word_1_143' title='bbox 2924 776 3149 835; x_wconf 89' lang='lat' dir='ltr'>autem,</span> <span class='ocrx_word' id='word_1_144' title='bbox 3173 770 3652 842; x_wconf 89' lang='lat' dir='ltr'>etquemadmod</span> <span class='ocrx_word' id='word_1_145' title='bbox 3666 787 3762 826; x_wconf 92' lang='lat' dir='ltr'>um</span> <span class='ocrx_word' id='word_1_146' title='bbox 3781 771 3915 826; x_wconf 64' lang='lat' dir='ltr'>haec</span> 
     </span>
    </p>
   </div>
   <div class='ocr_carea' id='block_1_24' title="bbox 2258 857 3915 932">
    <p class='ocr_par' dir='ltr' id='par_1_24' title="bbox 2258 857 3915 932">
     <span class='ocr_line' id='line_1_24' title="bbox 2258 857 3915 932; baseline 0.003 -21"><span class='ocrx_word' id='word_1_147' title='bbox 2258 857 2412 914; x_wconf 88' lang='lat' dir='ltr'>facta</span> <span class='ocrx_word' id='word_1_148' title='bbox 2443 866 2601 927; x_wconf 89' lang='lat' dir='ltr'>sunt,</span> <span class='ocrx_word' id='word_1_149' title='bbox 2631 861 2743 915; x_wconf 67' lang='lat' dir='ltr'>“ita</span> <span class='ocrx_word' id='word_1_150' title='bbox 2773 860 3018 932; x_wconf 89' lang='lat' dir='ltr'>quidem</span> <span class='ocrx_word' id='word_1_151' title='bbox 3045 860 3295 917; x_wconf 90' lang='lat' dir='ltr'>omnino</span> <span class='ocrx_word' id='word_1_152' title='bbox 3327 860 3677 916; x_wconf 89' lang='lat' dir='ltr'>nesciebant</span> <span class='ocrx_word' id='word_1_153' title='bbox 3705 877 3718 916; x_wconf 91' lang='lat'><strong>:</strong></span> <span class='ocrx_word' id='word_1_154' title='bbox 3776 861 3915 932; x_wconf 88' lang='lat' dir='ltr'>ipsa</span> 
     </span>
    </p>
   </div>
   <div class='ocr_carea' id='block_1_25' title="bbox 2258 948 3915 1022">
    <p class='ocr_par' dir='ltr' id='par_1_25' title="bbox 2258 948 3915 1022">
     <span class='ocr_line' id='line_1_25' title="bbox 2258 948 3915 1022; baseline 0.003 -22"><span class='ocrx_word' id='word_1_155' title='bbox 2258 962 2398 1002; x_wconf 88' lang='lat' dir='ltr'>vero</span> <span class='ocrx_word' id='word_1_156' title='bbox 2425 948 2570 1011; x_wconf 87' lang='lat' dir='ltr'>sola,</span> <span class='ocrx_word' id='word_1_157' title='bbox 2607 957 2665 1003; x_wconf 91' lang='lat' dir='ltr'>ut</span> <span class='ocrx_word' id='word_1_158' title='bbox 2696 965 2831 1022; x_wconf 66' lang='lat' dir='ltr'>quas</span> <span class='ocrx_word' id='word_1_159' title='bbox 2876 949 3181 1015; x_wconf 87' lang='lat' dir='ltr'>assideret,</span> <span class='ocrx_word' id='word_1_160' title='bbox 3217 950 3426 1004; x_wconf 89' lang='lat' dir='ltr'>omnia</span> <span class='ocrx_word' id='word_1_161' title='bbox 3463 954 3740 1005; x_wconf 80' lang='lat' dir='ltr'>accurate</span> <span class='ocrx_word' id='word_1_162' title='bbox 3782 964 3915 1020; x_wconf 88' lang='lat' dir='ltr'>per-</span> 
     </span>
    </p>
   </div>
   <div class='ocr_carea' id='block_1_26' title="bbox 2257 1036 3908 1110">
    <p class='ocr_par' dir='ltr' id='par_1_26' title="bbox 2257 1036 3908 1110">
     <span class='ocr_line' id='line_1_26' title="bbox 2257 1036 3908 1110; baseline 0.002 -21"><span class='ocrx_word' id='word_1_163' title='bbox 2257 1036 2464 1106; x_wconf 84' lang='lat' dir='ltr'>spexit.</span> <span class='ocrx_word' id='word_1_164' title='bbox 2501 1038 2778 1093; x_wconf 89' lang='lat' dir='ltr'>Videntur</span> <span class='ocrx_word' id='word_1_165' title='bbox 2803 1053 2944 1108; x_wconf 89' lang='lat' dir='ltr'>ergo</span> <span class='ocrx_word' id='word_1_166' title='bbox 2974 1038 3025 1094; x_wconf 92' lang='lat' dir='ltr'>ei</span> <span class='ocrx_word' id='word_1_167' title='bbox 3055 1039 3261 1110; x_wconf 61' lang='lat' dir='ltr'>prima)</span> <span class='ocrx_word' id='word_1_168' title='bbox 3292 1054 3419 1093; x_wconf 88' lang='lat' dir='ltr'>esse</span> <span class='ocrx_word' id='word_1_169' title='bbox 3441 1038 3561 1093; x_wconf 88' lang='lat' dir='ltr'>dati</span> <span class='ocrx_word' id='word_1_170' title='bbox 3589 1037 3729 1093; x_wconf 90' lang='lat' dir='ltr'>boni</span> <span class='ocrx_word' id='word_1_171' title='bbox 3758 1054 3908 1093; x_wconf 91' lang='lat' dir='ltr'>nun-</span> 
     </span>
    </p>
   </div>
   <div class='ocr_carea' id='block_1_27' title="bbox 2257 1125 3916 1200">
    <p class='ocr_par' dir='ltr' id='par_1_27' title="bbox 2257 1125 3916 1200">
     <span class='ocr_line' id='line_1_27' title="bbox 2257 1125 3916 1200; baseline 0.003 -21"><span class='ocrx_word' id='word_1_172' title='bbox 2257 1125 2320 1180; x_wconf 87' lang='lat' dir='ltr'>tii</span> <span class='ocrx_word' id='word_1_173' title='bbox 2383 1127 2850 1194; x_wconf 88' lang='lat' dir='ltr'>resurrectionis,</span> <span class='ocrx_word' id='word_1_174' title='bbox 2906 1134 2957 1184; x_wconf 93' lang='lat' dir='ltr'>et</span> <span class='ocrx_word' id='word_1_175' title='bbox 2986 1128 3187 1200; x_wconf 81' lang='lat' dir='ltr'>quoad</span> <span class='ocrx_word' id='word_1_176' title='bbox 3246 1127 3375 1199; x_wconf 91' lang='lat' dir='ltr'>ejus</span> <span class='ocrx_word' id='word_1_177' title='bbox 3404 1127 3532 1183; x_wconf 86' lang='lat' dir='ltr'>ﬁeri</span> <span class='ocrx_word' id='word_1_178' title='bbox 3585 1127 3794 1199; x_wconf 89' lang='lat' dir='ltr'>potuit,</span> <span class='ocrx_word' id='word_1_179' title='bbox 3830 1127 3916 1184; x_wconf 90' lang='lat' dir='ltr'>ab</span> 
     </span>
    </p>
   </div>
   <div class='ocr_carea' id='block_1_28' title="bbox 2258 1215 3918 1289">
    <p class='ocr_par' dir='ltr' id='par_1_28' title="bbox 2258 1215 3918 1289">
     <span class='ocr_line' id='line_1_28' title="bbox 2258 1215 3918 1289; baseline -0.001 -19"><span class='ocrx_word' id='word_1_180' title='bbox 2258 1231 2327 1270; x_wconf 90' lang='lat' dir='ltr'>ea</span> <span class='ocrx_word' id='word_1_181' title='bbox 2352 1224 2707 1287; x_wconf 89' lang='lat' dir='ltr'>conspectus</span> <span class='ocrx_word' id='word_1_182' title='bbox 2736 1215 2921 1272; x_wconf 86' lang='lat' dir='ltr'>fuisse</span> <span class='ocrx_word' id='word_1_183' title='bbox 2982 1217 3268 1289; x_wconf 87' lang='lat' dir='ltr'>splendor</span> <span class='ocrx_word' id='word_1_184' title='bbox 3298 1216 3440 1272; x_wconf 80' lang='lat' dir='ltr'>Filii.</span> <span class='ocrx_word' id='word_1_185' title='bbox 3490 1216 3605 1273; x_wconf 86' lang='lat' dir='ltr'>Sed</span> <span class='ocrx_word' id='word_1_186' title='bbox 3663 1216 3751 1273; x_wconf 88' lang='lat' dir='ltr'>sic</span> <span class='ocrx_word' id='word_1_187' title='bbox 3776 1216 3918 1287; x_wconf 88' lang='lat' dir='ltr'>qui-</span> 
     </span>
    </p>
   </div>
   <div class='ocr_carea' id='block_1_29' title="bbox 2212 1298 3921 1378">
    <p class='ocr_par' dir='ltr' id='par_1_29' title="bbox 2212 1298 3921 1378">
     <span class='ocr_line' id='line_1_29' title="bbox 2212 1298 3921 1378; baseline 0.001 -20"><span class='ocrx_word' id='word_1_188' title='bbox 2212 1298 2215 1301; x_wconf 49' lang='grc'><strong>⁷</strong></span> <span class='ocrx_word' id='word_1_189' title='bbox 2257 1303 2393 1359; x_wconf 90' lang='lat' dir='ltr'>dem</span> <span class='ocrx_word' id='word_1_190' title='bbox 2421 1305 2520 1362; x_wconf 90' lang='lat' dir='ltr'>Dei</span> <span class='ocrx_word' id='word_1_191' title='bbox 2554 1308 2730 1363; x_wconf 82' lang='lat' dir='ltr'>Mater</span> <span class='ocrx_word' id='word_1_192' title='bbox 2760 1310 2817 1360; x_wconf 89' lang='lat' dir='ltr'>et</span> <span class='ocrx_word' id='word_1_193' title='bbox 2845 1306 2972 1378; x_wconf 91' lang='lat' dir='ltr'>ipsa</span> <span class='ocrx_word' id='word_1_194' title='bbox 3024 1306 3242 1361; x_wconf 88' lang='lat' dir='ltr'>clarius</span> <span class='ocrx_word' id='word_1_195' title='bbox 3288 1305 3503 1376; x_wconf 88' lang='lat' dir='ltr'>aspicit</span> <span class='ocrx_word' id='word_1_196' title='bbox 3562 1303 3687 1361; x_wconf 83' lang='lat' dir='ltr'>Filii</span> <span class='ocrx_word' id='word_1_197' title='bbox 3716 1322 3921 1360; x_wconf 88' lang='lat' dir='ltr'>resur-</span> 
     </span>
    </p>
   </div>
   <div class='ocr_carea' id='block_1_30' title="bbox 2257 1394 3913 1467">
    <p class='ocr_par' dir='ltr' id='par_1_30' title="bbox 2257 1394 3913 1467">
     <span class='ocr_line' id='line_1_30' title="bbox 2257 1394 3913 1467; baseline 0 -18"><span class='ocrx_word' id='word_1_198' title='bbox 2257 1395 2601 1461; x_wconf 87' lang='lat' dir='ltr'>rectionem,</span> <span class='ocrx_word' id='word_1_199' title='bbox 2636 1400 2690 1451; x_wconf 89' lang='lat' dir='ltr'>et</span> <span class='ocrx_word' id='word_1_200' title='bbox 2712 1395 2842 1466; x_wconf 88' lang='lat' dir='ltr'>ejus</span> <span class='ocrx_word' id='word_1_201' title='bbox 2874 1395 3293 1467; x_wconf 61' lang='lat' dir='ltr'>praedicatores</span> <span class='ocrx_word' id='word_1_202' title='bbox 3323 1394 3396 1449; x_wconf 91' lang='lat' dir='ltr'>de</span> <span class='ocrx_word' id='word_1_203' title='bbox 3431 1411 3501 1451; x_wconf 91' lang='lat' dir='ltr'>ea</span> <span class='ocrx_word' id='word_1_204' title='bbox 3544 1395 3729 1465; x_wconf 86' lang='lat' dir='ltr'>magis</span> <span class='ocrx_word' id='word_1_205' title='bbox 3769 1410 3913 1449; x_wconf 50' lang='lat' dir='ltr'>con.</span> 
     </span>
    </p>
   </div>
   <div class='ocr_carea' id='block_1_31' title="bbox 2257 1482 3917 1556">
    <p class='ocr_par' dir='ltr' id='par_1_31' title="bbox 2257 1482 3917 1556">
     <span class='ocr_line' id='line_1_31' title="bbox 2257 1482 3917 1556; baseline -0.001 -18"><span class='ocrx_word' id='word_1_206' title='bbox 2257 1484 2476 1548; x_wconf 89' lang='lat' dir='ltr'>ﬁrmat,</span> <span class='ocrx_word' id='word_1_207' title='bbox 2495 1500 2678 1556; x_wconf 87' lang='lat' dir='ltr'>quam</span> <span class='ocrx_word' id='word_1_208' title='bbox 2695 1501 2777 1539; x_wconf 67' lang='lat' dir='ltr'>eae</span> <span class='ocrx_word' id='word_1_209' title='bbox 2802 1501 2937 1556; x_wconf 71' lang='lat' dir='ltr'>quae</span> <span class='ocrx_word' id='word_1_210' title='bbox 2956 1490 3257 1556; x_wconf 91' lang='lat' dir='ltr'>unguenta</span> <span class='ocrx_word' id='word_1_211' title='bbox 3286 1482 3635 1540; x_wconf 89' lang='lat' dir='ltr'>attulerunt:</span> <span class='ocrx_word' id='word_1_212' title='bbox 3655 1482 3917 1553; x_wconf 88' lang='lat' dir='ltr'>etiamsi,</span> 
     </span>
    </p>
   </div>
   <div class='ocr_carea' id='block_1_32' title="bbox 2257 1572 3918 1644">
    <p class='ocr_par' dir='ltr' id='par_1_32' title="bbox 2257 1572 3918 1644">
     <span class='ocr_line' id='line_1_32' title="bbox 2257 1572 3918 1644; baseline 0.002 -18"><span class='ocrx_word' id='word_1_213' title='bbox 2257 1572 2401 1627; x_wconf 86' lang='lat' dir='ltr'>dum</span> <span class='ocrx_word' id='word_1_214' title='bbox 2433 1573 2815 1644; x_wconf 89' lang='lat' dir='ltr'>loquerentur</span> <span class='ocrx_word' id='word_1_215' title='bbox 2840 1574 2914 1629; x_wconf 90' lang='lat' dir='ltr'>de</span> <span class='ocrx_word' id='word_1_216' title='bbox 2944 1574 3174 1629; x_wconf 90' lang='lat' dir='ltr'>Domini</span> <span class='ocrx_word' id='word_1_217' title='bbox 3207 1573 3655 1642; x_wconf 84' lang='lat' dir='ltr'>resurrectione,</span> <span class='ocrx_word' id='word_1_218' title='bbox 3677 1572 3918 1629; x_wconf 90' lang='lat' dir='ltr'>nullam</span> 
     </span>
    </p>
   </div>
   <div class='ocr_carea' id='block_1_33' title="bbox 496 1659 3918 1742">
    <p class='ocr_par' dir='ltr' id='par_1_33' title="bbox 496 1659 3918 1742">
     <span class='ocr_line' id='line_1_33' title="bbox 496 1659 3918 1742; baseline -0.003 -16"><span class='ocrx_word' id='word_1_219' title='bbox 496 1672 692 1742; x_wconf 82' lang='lat' dir='ltr'>prima</span> <span class='ocrx_word' id='word_1_220' title='bbox 730 1667 991 1733; x_wconf 80' lang='lat' dir='ltr'>Sabbati,</span> <span class='ocrx_word' id='word_1_221' title='bbox 1027 1665 1180 1721; x_wconf 82' lang='lat' dir='ltr'>venit</span> <span class='ocrx_word' id='word_1_222' title='bbox 1219 1664 1420 1719; x_wconf 83' lang='lat' dir='ltr'>Maria</span> <span class='ocrx_word' id='word_1_223' title='bbox 1448 1660 1801 1731; x_wconf 83' lang='lat' dir='ltr'>Magdalene</span> <span class='ocrx_word' id='word_1_224' title='bbox 1849 1665 1901 1714; x_wconf 88' lang='lat' dir='ltr'>et</span> <span class='ocrx_word' id='word_1_225' title='bbox 1951 1659 2147 1714; x_wconf 79' lang='lat' dir='ltr'>altera</span> <span class='ocrx_word' id='word_1_226' title='bbox 2179 1671 2223 1728; x_wconf 79' lang='grc' dir='ltr'>Β</span> <span class='ocrx_word' id='word_1_227' title='bbox 2256 1661 2382 1732; x_wconf 89' lang='lat' dir='ltr'>ejus</span> <span class='ocrx_word' id='word_1_228' title='bbox 2428 1664 2789 1718; x_wconf 89' lang='lat' dir='ltr'>mentionem</span> <span class='ocrx_word' id='word_1_229' title='bbox 2821 1663 3080 1729; x_wconf 87' lang='lat' dir='ltr'>fecerint,</span> <span class='ocrx_word' id='word_1_230' title='bbox 3112 1669 3387 1718; x_wconf 87' lang='lat' dir='ltr'>caventes</span> <span class='ocrx_word' id='word_1_231' title='bbox 3413 1662 3664 1718; x_wconf 84' lang='lat' dir='ltr'>fortasse</span> <span class='ocrx_word' id='word_1_232' title='bbox 3696 1667 3918 1717; x_wconf 86' lang='lat' dir='ltr'>mater-</span> 
     </span>
    </p>
   </div>
   <div class='ocr_carea' id='block_1_34' title="bbox 495 1749 2144 1823">
    <p class='ocr_par' dir='ltr' id='par_1_34' title="bbox 495 1749 2144 1823">
     <span class='ocr_line' id='line_1_34' title="bbox 495 1749 2144 1823; baseline -0.008 -6"><span class='ocrx_word' id='word_1_233' title='bbox 495 1760 695 1817; x_wconf 83' lang='lat' dir='ltr'>Maria</span> <span class='ocrx_word' id='word_1_234' title='bbox 747 1757 945 1813; x_wconf 82' lang='lat' dir='ltr'>videre</span> <span class='ocrx_word' id='word_1_235' title='bbox 988 1752 1398 1823; x_wconf 75' lang='lat' dir='ltr'>sepulcrum&quot;.</span> <span class='ocrx_word' id='word_1_236' title='bbox 1458 1754 1583 1806; x_wconf 87' lang='lat' dir='ltr'>Non</span> <span class='ocrx_word' id='word_1_237' title='bbox 1642 1749 1885 1804; x_wconf 85' lang='lat' dir='ltr'>dixisset</span> <span class='ocrx_word' id='word_1_238' title='bbox 1943 1752 2144 1803; x_wconf 91' lang='lat' dir='ltr'>autem</span> 
     </span>
    </p>
   </div>
   <div class='ocr_carea' id='block_1_35' title="bbox 496 1834 2140 1918">
    <p class='ocr_par' dir='ltr' id='par_1_35' title="bbox 496 1834 2140 1918">
     <span class='ocr_line' id='line_1_35' title="bbox 496 1834 2140 1918; baseline -0.009 -14"><span class='ocrx_word' id='word_1_239' title='bbox 496 1848 754 1911; x_wconf 89' lang='lat' dir='ltr'>venisse,</span> <span class='ocrx_word' id='word_1_240' title='bbox 794 1861 931 1918; x_wconf 67' lang='lat' dir='ltr'>quae.</span> <span class='ocrx_word' id='word_1_241' title='bbox 962 1842 1412 1906; x_wconf 83' lang='lat' dir='ltr'>remansissent,</span> <span class='ocrx_word' id='word_1_242' title='bbox 1444 1838 1558 1894; x_wconf 88' lang='lat' dir='ltr'>nisi</span> <span class='ocrx_word' id='word_1_243' title='bbox 1590 1854 1674 1893; x_wconf 71' lang='lat' dir='ltr'>ea:</span> <span class='ocrx_word' id='word_1_244' title='bbox 1704 1853 1943 1908; x_wconf 90' lang='lat' dir='ltr'>quoque</span> <span class='ocrx_word' id='word_1_245' title='bbox 1983 1834 2140 1891; x_wconf 85' lang='lat' dir='ltr'>simi-</span> 
     </span>
    </p>
   </div>
   <div class='ocr_carea' id='block_1_36' title="bbox 494 1930 2140 2002">
    <p class='ocr_par' dir='ltr' id='par_1_36' title="bbox 494 1930 2140 2002">
     <span class='ocr_line' id='line_1_36' title="bbox 494 1930 2140 2002; baseline -0.009 -8"><span class='ocrx_word' id='word_1_246' title='bbox 494 1938 621 1994; x_wconf 86' lang='lat' dir='ltr'>liter</span> <span class='ocrx_word' id='word_1_247' title='bbox 653 1941 717 1991; x_wconf 90' lang='lat' dir='ltr'>ut</span> <span class='ocrx_word' id='word_1_248' title='bbox 754 1934 969 2002; x_wconf 71' lang='lat' dir='ltr'>caeteri,</span> <span class='ocrx_word' id='word_1_249' title='bbox 1002 1931 1405 1995; x_wconf 87' lang='lat' dir='ltr'>recessissent,</span> <span class='ocrx_word' id='word_1_250' title='bbox 1435 1943 1469 1983; x_wconf 90' lang='lat' dir='ltr'>a</span> <span class='ocrx_word' id='word_1_251' title='bbox 1498 1932 1909 1983; x_wconf 91' lang='lat' dir='ltr'>monumento.</span> <span class='ocrx_word' id='word_1_252' title='bbox 1951 1930 2140 1996; x_wconf 86' lang='lat' dir='ltr'>Atque</span> 
     </span>
    </p>
   </div>
   <div class='ocr_carea' id='block_1_37' title="bbox 494 2016 2137 2097">
    <p class='ocr_par' dir='ltr' id='par_1_37' title="bbox 494 2016 2137 2097">
     <span class='ocr_line' id='line_1_37' title="bbox 494 2016 2137 2097; baseline -0.009 -15"><span class='ocrx_word' id='word_1_253' title='bbox 494 2026 590 2083; x_wconf 89' lang='lat' dir='ltr'>alii</span> <span class='ocrx_word' id='word_1_254' title='bbox 621 2024 864 2097; x_wconf 91' lang='lat' dir='ltr'>quidem</span> <span class='ocrx_word' id='word_1_255' title='bbox 896 2021 1166 2084; x_wconf 86' lang='lat' dir='ltr'>alteram,</span> <span class='ocrx_word' id='word_1_256' title='bbox 1196 2034 1330 2092; x_wconf 67' lang='lat' dir='ltr'>qum</span> <span class='ocrx_word' id='word_1_257' title='bbox 1352 2017 1585 2081; x_wconf 90' lang='lat' dir='ltr'>dicitur,</span> <span class='ocrx_word' id='word_1_258' title='bbox 1634 2016 1902 2084; x_wconf 80' lang='lat' dir='ltr'>Mariam,</span> <span class='ocrx_word' id='word_1_259' title='bbox 1950 2030 2137 2086; x_wconf 88' lang='lat' dir='ltr'>quam</span> 
     </span>
    </p>
   </div>
   <div class='ocr_carea' id='block_1_38' title="bbox 490 2103 2134 2186">
    <p class='ocr_par' dir='ltr' id='par_1_38' title="bbox 490 2103 2134 2186">
     <span class='ocr_line' id='line_1_38' title="bbox 490 2103 2134 2186; baseline -0.008 -17"><span class='ocrx_word' id='word_1_260' title='bbox 490 2115 618 2186; x_wconf 89' lang='lat' dir='ltr'>ipse</span> <span class='ocrx_word' id='word_1_261' title='bbox 638 2111 806 2175; x_wconf 80' lang='lat' dir='ltr'>dixit,</span> <span class='ocrx_word' id='word_1_262' title='bbox 838 2110 942 2181; x_wconf 90' lang='lat' dir='ltr'>qui</span> <span class='ocrx_word' id='word_1_263' title='bbox 997 2108 1320 2181; x_wconf 70' lang='lat' dir='ltr'>praecessit,</span> <span class='ocrx_word' id='word_1_264' title='bbox 1379 2110 1435 2162; x_wconf 90' lang='lat' dir='ltr'>et</span> <span class='ocrx_word' id='word_1_265' title='bbox 1465 2108 1693 2160; x_wconf 86' lang='lat' dir='ltr'>Marcus</span> <span class='ocrx_word' id='word_1_266' title='bbox 1720 2103 1875 2159; x_wconf 86' lang='lat' dir='ltr'>clare</span> <span class='ocrx_word' id='word_1_267' title='bbox 1927 2103 2134 2174; x_wconf 83' lang='lat' dir='ltr'>aperit,</span> 
     </span>
    </p>
   </div>
   <div class='ocr_carea' id='block_1_39' title="bbox 491 2192 2134 2266">
    <p class='ocr_par' dir='ltr' id='par_1_39' title="bbox 491 2192 2134 2266">
     <span class='ocr_line' id='line_1_39' title="bbox 491 2192 2134 2266; baseline -0.006 -8"><span class='ocrx_word' id='word_1_268' title='bbox 491 2203 695 2258; x_wconf 86' lang='lat' dir='ltr'>dicens</span> <span class='ocrx_word' id='word_1_269' title='bbox 720 2216 733 2255; x_wconf 88' lang='lat'>:</span> <span class='ocrx_word' id='word_1_270' title='bbox 766 2200 965 2255; x_wconf 84' lang='lat' dir='ltr'>Maria</span> <span class='ocrx_word' id='word_1_271' title='bbox 994 2203 1185 2254; x_wconf 85' lang='lat' dir='ltr'>autem</span> <span class='ocrx_word' id='word_1_272' title='bbox 1210 2195 1581 2266; x_wconf 78' lang='lat' dir='ltr'>Magdalene,</span> <span class='ocrx_word' id='word_1_273' title='bbox 1610 2199 1663 2248; x_wconf 87' lang='lat' dir='ltr'>et</span> <span class='ocrx_word' id='word_1_274' title='bbox 1694 2192 2134 2261; x_wconf 76' lang='lat' dir='ltr'>MariaJosep/i,</span> 
     </span>
    </p>
   </div>
   <div class='ocr_carea' id='block_1_40' title="bbox 490 2281 2137 2361">
    <p class='ocr_par' dir='ltr' id='par_1_40' title="bbox 490 2281 2137 2361">
     <span class='ocr_line' id='line_1_40' title="bbox 490 2281 2137 2361; baseline -0.008 -11"><span class='ocrx_word' id='word_1_275' title='bbox 490 2288 850 2361; x_wconf 85' lang='lat' dir='ltr'>aspiciebant</span> <span class='ocrx_word' id='word_1_276' title='bbox 874 2288 976 2342; x_wconf 85' lang='lat' dir='ltr'>ubi</span> <span class='ocrx_word' id='word_1_277' title='bbox 1003 2286 1364 2356; x_wconf 70' lang='lat' dir='ltr'>ponerent”;</span> <span class='ocrx_word' id='word_1_278' title='bbox 1393 2283 1490 2339; x_wconf 84' lang='lat' dir='ltr'>alii</span> <span class='ocrx_word' id='word_1_279' title='bbox 1514 2298 1648 2338; x_wconf 90' lang='lat' dir='ltr'>vero</span> <span class='ocrx_word' id='word_1_280' title='bbox 1703 2281 1949 2337; x_wconf 86' lang='lat' dir='ltr'>Mariam</span> <span class='ocrx_word' id='word_1_281' title='bbox 2006 2295 2137 2352; x_wconf 56' lang='lat' dir='ltr'>qua</span> 
     </span>
    </p>
   </div>
   <div class='ocr_carea' id='block_1_41' title="bbox 489 2371 2132 2453">
    <p class='ocr_par' dir='ltr' id='par_1_41' title="bbox 489 2371 2132 2453">
     <span class='ocr_line' id='line_1_41' title="bbox 489 2371 2132 2453; baseline -0.009 -15"><span class='ocrx_word' id='word_1_282' title='bbox 489 2377 790 2453; x_wconf 87' lang='lat' dir='ltr'>appellata</span> <span class='ocrx_word' id='word_1_283' title='bbox 819 2380 910 2431; x_wconf 90' lang='lat' dir='ltr'>est</span> <span class='ocrx_word' id='word_1_284' title='bbox 940 2375 1165 2440; x_wconf 82' lang='lat' dir='ltr'>Jacobi,</span> <span class='ocrx_word' id='word_1_285' title='bbox 1198 2373 1612 2429; x_wconf 84' lang='lat' dir='ltr'>existimarunt</span> <span class='ocrx_word' id='word_1_286' title='bbox 1642 2386 1770 2426; x_wconf 87' lang='lat' dir='ltr'>esse</span> <span class='ocrx_word' id='word_1_287' title='bbox 1799 2371 2132 2440; x_wconf 88' lang='lat' dir='ltr'>Deiparam,</span> 
     </span>
    </p>
   </div>
   <div class='ocr_carea' id='block_1_42' title="bbox 488 2460 2134 2537">
    <p class='ocr_par' dir='ltr' id='par_1_42' title="bbox 488 2460 2134 2537">
     <span class='ocr_line' id='line_1_42' title="bbox 488 2460 2134 2537; baseline -0.007 -12"><span class='ocrx_word' id='word_1_288' title='bbox 488 2484 605 2526; x_wconf 92' lang='lat' dir='ltr'>non</span> <span class='ocrx_word' id='word_1_289' title='bbox 639 2470 813 2531; x_wconf 90' lang='lat' dir='ltr'>recte,</span> <span class='ocrx_word' id='word_1_290' title='bbox 859 2481 1052 2537; x_wconf 89' lang='lat' dir='ltr'>neque</span> <span class='ocrx_word' id='word_1_291' title='bbox 1104 2468 1379 2520; x_wconf 88' lang='lat' dir='ltr'>accurate</span> <span class='ocrx_word' id='word_1_292' title='bbox 1431 2462 1731 2516; x_wconf 88' lang='lat' dir='ltr'>veritatem</span> <span class='ocrx_word' id='word_1_293' title='bbox 1791 2460 2134 2528; x_wconf 86' lang='lat' dir='ltr'>conjectan-</span> 
     </span>
    </p>
   </div>
   <div class='ocr_carea' id='block_1_43' title="bbox 485 2550 2133 2627">
    <p class='ocr_par' dir='ltr' id='par_1_43' title="bbox 485 2550 2133 2627">
     <span class='ocr_line' id='line_1_43' title="bbox 485 2550 2133 2627; baseline -0.008 -11"><span class='ocrx_word' id='word_1_294' title='bbox 485 2566 588 2623; x_wconf 85' lang='lat' dir='ltr'>tes,</span> <span class='ocrx_word' id='word_1_295' title='bbox 622 2555 848 2627; x_wconf 89' lang='lat' dir='ltr'>Ubique</span> <span class='ocrx_word' id='word_1_296' title='bbox 881 2554 1037 2609; x_wconf 91' lang='lat' dir='ltr'>enim</span> <span class='ocrx_word' id='word_1_297' title='bbox 1063 2553 1121 2608; x_wconf 91' lang='lat' dir='ltr'>in</span> <span class='ocrx_word' id='word_1_298' title='bbox 1156 2550 1489 2620; x_wconf 85' lang='lat' dir='ltr'>Evangeliis</span> <span class='ocrx_word' id='word_1_299' title='bbox 1522 2551 1657 2622; x_wconf 89' lang='lat' dir='ltr'>ipsa</span> <span class='ocrx_word' id='word_1_300' title='bbox 1686 2553 1819 2619; x_wconf 87' lang='lat' dir='ltr'>post</span> <span class='ocrx_word' id='word_1_301' title='bbox 1844 2564 2133 2604; x_wconf 79' lang='lat' dir='ltr'>arcanum</span> 
     </span>
    </p>
   </div>
   <div class='ocr_carea' id='block_1_44' title="bbox 485 2639 2130 2715">
    <p class='ocr_par' dir='ltr' id='par_1_44' title="bbox 485 2639 2130 2715">
     <span class='ocr_line' id='line_1_44' title="bbox 485 2639 2130 2715; baseline -0.008 -11"><span class='ocrx_word' id='word_1_302' title='bbox 485 2649 655 2705; x_wconf 87' lang='lat' dir='ltr'>illum</span> <span class='ocrx_word' id='word_1_303' title='bbox 694 2650 891 2700; x_wconf 85' lang='lat' dir='ltr'>ortum</span> <span class='ocrx_word' id='word_1_304' title='bbox 932 2648 1135 2715; x_wconf 90' lang='lat' dir='ltr'>aperte</span> <span class='ocrx_word' id='word_1_305' title='bbox 1175 2648 1231 2696; x_wconf 94' lang='lat' dir='ltr'>et</span> <span class='ocrx_word' id='word_1_306' title='bbox 1267 2640 1500 2713; x_wconf 87' lang='lat' dir='ltr'>proprie</span> <span class='ocrx_word' id='word_1_307' title='bbox 1540 2639 1884 2694; x_wconf 89' lang='lat' dir='ltr'>nominatur</span> <span class='ocrx_word' id='word_1_308' title='bbox 1937 2640 2130 2705; x_wconf 76' lang='lat' dir='ltr'>Mater,</span> 
     </span>
    </p>
   </div>
   <div class='ocr_carea' id='block_1_45' title="bbox 485 2725 2129 2797">
    <p class='ocr_par' dir='ltr' id='par_1_45' title="bbox 485 2725 2129 2797">
     <span class='ocr_line' id='line_1_45' title="bbox 485 2725 2129 2797; baseline -0.01 -2"><span class='ocrx_word' id='word_1_309' title='bbox 485 2744 542 2794; x_wconf 93' lang='lat' dir='ltr'>et</span> <span class='ocrx_word' id='word_1_310' title='bbox 552 2737 708 2794; x_wconf 89' lang='lat' dir='ltr'>hanc</span> <span class='ocrx_word' id='word_1_311' title='bbox 721 2732 969 2787; x_wconf 90' lang='lat' dir='ltr'>omnino</span> <span class='ocrx_word' id='word_1_312' title='bbox 985 2730 1236 2786; x_wconf 86' lang='lat' dir='ltr'>maxime</span> <span class='ocrx_word' id='word_1_313' title='bbox 1250 2732 1449 2785; x_wconf 87' lang='lat' dir='ltr'>notam</span> <span class='ocrx_word' id='word_1_314' title='bbox 1460 2725 1642 2783; x_wconf 83' lang='lat' dir='ltr'>habet</span> <span class='ocrx_word' id='word_1_315' title='bbox 1656 2725 2105 2797; x_wconf 85' lang='lat' dir='ltr'>appellationem</span> <span class='ocrx_word' id='word_1_316' title='bbox 2116 2767 2129 2779; x_wconf 94' lang='lat'>.</span> 
     </span>
    </p>
   </div>
   <div class='ocr_carea' id='block_1_46' title="bbox 482 2815 2133 2899">
    <p class='ocr_par' dir='ltr' id='par_1_46' title="bbox 482 2815 2133 2899">
     <span class='ocr_line' id='line_1_46' title="bbox 482 2815 2133 2899; baseline -0.01 -15"><span class='ocrx_word' id='word_1_317' title='bbox 482 2832 733 2899; x_wconf 82' lang='lat' dir='ltr'>Accepit,</span> <span class='ocrx_word' id='word_1_318' title='bbox 780 2822 994 2896; x_wconf 87' lang='lat' dir='ltr'>inquit,</span> <span class='ocrx_word' id='word_1_319' title='bbox 1035 2820 1351 2890; x_wconf 80' lang='lat' dir='ltr'>infantem,</span> <span class='ocrx_word' id='word_1_320' title='bbox 1410 2823 1462 2872; x_wconf 91' lang='lat' dir='ltr'>et</span> <span class='ocrx_word' id='word_1_321' title='bbox 1524 2815 1778 2871; x_wconf 84' lang='lat' dir='ltr'>Matrem</span> <span class='ocrx_word' id='word_1_322' title='bbox 1832 2815 2023 2884; x_wconf 63' lang='lat' dir='ltr'>ejus“.</span> <span class='ocrx_word' id='word_1_323' title='bbox 2068 2816 2133 2868; x_wconf 88' lang='lat' dir='ltr'>Et</span> 
     </span>
    </p>
   </div>
   <div class='ocr_carea' id='block_1_47' title="bbox 482 2902 2132 2973">
    <p class='ocr_par' dir='ltr' id='par_1_47' title="bbox 482 2902 2132 2973">
     <span class='ocr_line' id='line_1_47' title="bbox 482 2902 2132 2973; baseline -0.01 -1"><span class='ocrx_word' id='word_1_324' title='bbox 482 2932 729 2973; x_wconf 87' lang='lat' dir='ltr'>rursus:</span> <span class='ocrx_word' id='word_1_325' title='bbox 781 2917 927 2971; x_wconf 86' lang='lat' dir='ltr'>Erat</span> <span class='ocrx_word' id='word_1_326' title='bbox 976 2910 1174 2965; x_wconf 80' lang='lat' dir='ltr'>Mater</span> <span class='ocrx_word' id='word_1_327' title='bbox 1219 2908 1358 2962; x_wconf 88' lang='lat' dir='ltr'>Jesu</span> <span class='ocrx_word' id='word_1_328' title='bbox 1388 2905 1519 2959; x_wconf 83' lang='lat' dir='ltr'>illic</span> <span class='ocrx_word' id='word_1_329' title='bbox 1547 2902 1611 2958; x_wconf 85' lang='lat'>&quot;.</span> <span class='ocrx_word' id='word_1_330' title='bbox 1651 2906 1715 2958; x_wconf 86' lang='lat' dir='ltr'>Et</span> <span class='ocrx_word' id='word_1_331' title='bbox 1743 2902 1893 2957; x_wconf 84' lang='lat' dir='ltr'>Dicit</span> <span class='ocrx_word' id='word_1_332' title='bbox 1933 2903 2132 2958; x_wconf 81' lang='lat' dir='ltr'>Mater</span> 
     </span>
    </p>
   </div>
   <div class='ocr_carea' id='block_1_48' title="bbox 2256 1749 3905 1823">
    <p class='ocr_par' dir='ltr' id='par_1_48' title="bbox 2256 1749 3905 1823">
     <span class='ocr_line' id='line_1_48' title="bbox 2256 1749 3905 1823; baseline 0.001 -19"><span class='ocrx_word' id='word_1_333' title='bbox 2256 1765 2398 1805; x_wconf 91' lang='lat' dir='ltr'>num</span> <span class='ocrx_word' id='word_1_334' title='bbox 2419 1749 2625 1806; x_wconf 77' lang='lat' dir='ltr'>afferre</span> <span class='ocrx_word' id='word_1_335' title='bbox 2653 1752 3079 1821; x_wconf 91' lang='lat' dir='ltr'>testimonium,</span> <span class='ocrx_word' id='word_1_336' title='bbox 3106 1767 3177 1806; x_wconf 91' lang='lat' dir='ltr'>ne</span> <span class='ocrx_word' id='word_1_337' title='bbox 3203 1752 3500 1806; x_wconf 85' lang='lat' dir='ltr'>videretur</span> <span class='ocrx_word' id='word_1_338' title='bbox 3528 1757 3905 1823; x_wconf 91' lang='lat' dir='ltr'>suspectum,</span> 
     </span>
    </p>
   </div>
   <div class='ocr_carea' id='block_1_49' title="bbox 2255 1839 3909 1912">
    <p class='ocr_par' dir='ltr' id='par_1_49' title="bbox 2255 1839 3909 1912">
     <span class='ocr_line' id='line_1_49' title="bbox 2255 1839 3909 1912; baseline 0 -17"><span class='ocrx_word' id='word_1_339' title='bbox 2255 1843 2311 1896; x_wconf 91' lang='lat' dir='ltr'>et</span> <span class='ocrx_word' id='word_1_340' title='bbox 2345 1846 2583 1912; x_wconf 84' lang='lat' dir='ltr'>prapter</span> <span class='ocrx_word' id='word_1_341' title='bbox 2621 1840 3102 1912; x_wconf 85' lang='lat' dir='ltr'>conjunctionem</span> <span class='ocrx_word' id='word_1_342' title='bbox 3145 1840 3289 1895; x_wconf 85' lang='lat' dir='ltr'>fides</span> <span class='ocrx_word' id='word_1_343' title='bbox 3330 1839 3381 1895; x_wconf 92' lang='lat' dir='ltr'>ei</span> <span class='ocrx_word' id='word_1_344' title='bbox 3414 1840 3613 1896; x_wconf 90' lang='lat' dir='ltr'>minus</span> <span class='ocrx_word' id='word_1_345' title='bbox 3664 1840 3909 1896; x_wconf 88' lang='lat' dir='ltr'>habere-</span> 
     </span>
    </p>
   </div>
   <div class='ocr_carea' id='block_1_50' title="bbox 2252 1929 3912 2002">
    <p class='ocr_par' dir='ltr' id='par_1_50' title="bbox 2252 1929 3912 2002">
     <span class='ocr_line' id='line_1_50' title="bbox 2252 1929 3912 2002; baseline 0.001 -16"><span class='ocrx_word' id='word_1_346' title='bbox 2252 1934 2365 1986; x_wconf 91' lang='lat' dir='ltr'>tur.</span> <span class='ocrx_word' id='word_1_347' title='bbox 2412 1929 2525 1986; x_wconf 91' lang='lat' dir='ltr'>Sed</span> <span class='ocrx_word' id='word_1_348' title='bbox 2589 1930 2861 2002; x_wconf 89' lang='lat' dir='ltr'>Deipara,</span> <span class='ocrx_word' id='word_1_349' title='bbox 2927 1946 3066 1986; x_wconf 90' lang='lat' dir='ltr'>cum</span> <span class='ocrx_word' id='word_1_350' title='bbox 3099 1929 3221 1986; x_wconf 84' lang='lat' dir='ltr'>Filii</span> <span class='ocrx_word' id='word_1_351' title='bbox 3289 1929 3781 1986; x_wconf 89' lang='lat' dir='ltr'>resurrectionem</span> <span class='ocrx_word' id='word_1_352' title='bbox 3851 1936 3912 1987; x_wconf 91' lang='lat' dir='ltr'>et</span> 
     </span>
    </p>
   </div>
   <div class='ocr_carea' id='block_1_51' title="bbox 2250 2019 3912 2092">
    <p class='ocr_par' dir='ltr' id='par_1_51' title="bbox 2250 2019 3912 2092">
     <span class='ocr_line' id='line_1_51' title="bbox 2250 2019 3912 2092; baseline 0.001 -17"><span class='ocrx_word' id='word_1_353' title='bbox 2250 2020 2401 2085; x_wconf 87' lang='lat' dir='ltr'>visu,</span> <span class='ocrx_word' id='word_1_354' title='bbox 2442 2025 2498 2075; x_wconf 90' lang='lat' dir='ltr'>et</span> <span class='ocrx_word' id='word_1_355' title='bbox 2534 2020 2775 2076; x_wconf 88' lang='lat' dir='ltr'>internis</span> <span class='ocrx_word' id='word_1_356' title='bbox 2810 2020 3002 2077; x_wconf 89' lang='lat' dir='ltr'>oculis</span> <span class='ocrx_word' id='word_1_357' title='bbox 3044 2021 3130 2076; x_wconf 91' lang='lat' dir='ltr'>sic</span> <span class='ocrx_word' id='word_1_358' title='bbox 3168 2019 3512 2092; x_wconf 89' lang='lat' dir='ltr'>accepisset,</span> <span class='ocrx_word' id='word_1_359' title='bbox 3555 2026 3763 2092; x_wconf 90' lang='lat' dir='ltr'>postea</span> <span class='ocrx_word' id='word_1_360' title='bbox 3799 2020 3912 2076; x_wconf 91' lang='lat' dir='ltr'>ha-</span> 
     </span>
    </p>
   </div>
   <div class='ocr_carea' id='block_1_52' title="bbox 2250 2109 3910 2182">
    <p class='ocr_par' dir='ltr' id='par_1_52' title="bbox 2250 2109 3910 2182">
     <span class='ocr_line' id='line_1_52' title="bbox 2250 2109 3910 2182; baseline 0.001 -18"><span class='ocrx_word' id='word_1_361' title='bbox 2250 2109 2457 2165; x_wconf 88' lang='lat' dir='ltr'>bitavit</span> <span class='ocrx_word' id='word_1_362' title='bbox 2486 2126 2623 2165; x_wconf 90' lang='lat' dir='ltr'>cum</span> <span class='ocrx_word' id='word_1_363' title='bbox 2655 2110 2871 2166; x_wconf 91' lang='lat' dir='ltr'>dilecto</span> <span class='ocrx_word' id='word_1_364' title='bbox 2910 2109 3225 2182; x_wconf 90' lang='lat' dir='ltr'>discipulo,</span> <span class='ocrx_word' id='word_1_365' title='bbox 3266 2114 3618 2182; x_wconf 87' lang='lat' dir='ltr'>exspectans</span> <span class='ocrx_word' id='word_1_366' title='bbox 3670 2116 3910 2181; x_wconf 89' lang='lat' dir='ltr'>tempus</span> 
     </span>
    </p>
   </div>
   <div class='ocr_carea' id='block_1_53' title="bbox 2249 2199 2937 2272">
    <p class='ocr_par' dir='ltr' id='par_1_53' title="bbox 2249 2199 2937 2272">
     <span class='ocr_line' id='line_1_53' title="bbox 2249 2199 2937 2272; baseline -0.001 -16"><span class='ocrx_word' id='word_1_367' title='bbox 2249 2199 2458 2256; x_wconf 88' lang='lat' dir='ltr'>Christi</span> <span class='ocrx_word' id='word_1_368' title='bbox 2486 2200 2937 2272; x_wconf 84' lang='lat' dir='ltr'>assumptionis.</span> 
     </span>
    </p>
   </div>
   <div class='ocr_carea' id='block_1_54' title="bbox 2320 2287 3908 2361">
    <p class='ocr_par' dir='ltr' id='par_1_54' title="bbox 2320 2287 3908 2361">
     <span class='ocr_line' id='line_1_54' title="bbox 2320 2287 3908 2361; baseline 0.001 -18"><span class='ocrx_word' id='word_1_369' title='bbox 2320 2290 2568 2345; x_wconf 86' lang='lat' dir='ltr'>XXXVII.</span> <span class='ocrx_word' id='word_1_370' title='bbox 2601 2290 2929 2361; x_wconf 85' lang='lat' dir='ltr'>Postquam</span> <span class='ocrx_word' id='word_1_371' title='bbox 2967 2294 3167 2345; x_wconf 89' lang='lat' dir='ltr'>autem</span> <span class='ocrx_word' id='word_1_372' title='bbox 3197 2288 3380 2344; x_wconf 88' lang='lat' dir='ltr'>ﬁnem</span> <span class='ocrx_word' id='word_1_373' title='bbox 3413 2287 3682 2361; x_wconf 88' lang='lat' dir='ltr'>accipere</span> <span class='ocrx_word' id='word_1_374' title='bbox 3726 2304 3908 2360; x_wconf 82' lang='lat' dir='ltr'>opor-</span> 
     </span>
    </p>
   </div>
   <div class='ocr_carea' id='block_1_55' title="bbox 2247 2377 3908 2450">
    <p class='ocr_par' dir='ltr' id='par_1_55' title="bbox 2247 2377 3908 2450">
     <span class='ocr_line' id='line_1_55' title="bbox 2247 2377 3908 2450; baseline 0 -17"><span class='ocrx_word' id='word_1_375' title='bbox 2247 2377 2427 2443; x_wconf 88' lang='lat' dir='ltr'>tebat,</span> <span class='ocrx_word' id='word_1_376' title='bbox 2454 2394 2848 2450; x_wconf 81' lang='lat' dir='ltr'>quaecumque</span> <span class='ocrx_word' id='word_1_377' title='bbox 2867 2378 2939 2434; x_wconf 87' lang='lat' dir='ltr'>ad</span> <span class='ocrx_word' id='word_1_378' title='bbox 2970 2378 3166 2434; x_wconf 88' lang='lat' dir='ltr'>carnis</span> <span class='ocrx_word' id='word_1_379' title='bbox 3199 2383 3493 2450; x_wconf 66' lang='lat' dir='ltr'>susceptas</span> <span class='ocrx_word' id='word_1_380' title='bbox 3524 2377 3908 2449; x_wconf 83' lang='lat' dir='ltr'>pertinebant</span> 
     </span>
    </p>
   </div>
   <div class='ocr_carea' id='block_1_56' title="bbox 2248 2466 3900 2539">
    <p class='ocr_par' dir='ltr' id='par_1_56' title="bbox 2248 2466 3900 2539">
     <span class='ocr_line' id='line_1_56' title="bbox 2248 2466 3900 2539; baseline 0 -17"><span class='ocrx_word' id='word_1_381' title='bbox 2248 2467 2669 2533; x_wconf 72' lang='lat' dir='ltr'>mconomiam,</span> <span class='ocrx_word' id='word_1_382' title='bbox 2724 2472 2780 2522; x_wconf 92' lang='lat' dir='ltr'>et</span> <span class='ocrx_word' id='word_1_383' title='bbox 2809 2468 2890 2523; x_wconf 90' lang='lat' dir='ltr'>ita</span> <span class='ocrx_word' id='word_1_384' title='bbox 2945 2468 3003 2523; x_wconf 92' lang='lat' dir='ltr'>in</span> <span class='ocrx_word' id='word_1_385' title='bbox 3063 2466 3273 2523; x_wconf 73' lang='lat' dir='ltr'>caelum</span> <span class='ocrx_word' id='word_1_386' title='bbox 3310 2466 3529 2537; x_wconf 80' lang='lat' dir='ltr'>extolli,</span> <span class='ocrx_word' id='word_1_387' title='bbox 3586 2466 3749 2539; x_wconf 92' lang='lat' dir='ltr'>quod</span> <span class='ocrx_word' id='word_1_388' title='bbox 3801 2483 3900 2522; x_wconf 88' lang='lat' dir='ltr'>as-</span> 
     </span>
    </p>
   </div>
   <div class='ocr_carea' id='block_1_57' title="bbox 2246 2555 3902 2628">
    <p class='ocr_par' dir='ltr' id='par_1_57' title="bbox 2246 2555 3902 2628">
     <span class='ocr_line' id='line_1_57' title="bbox 2246 2555 3902 2628; baseline 0.001 -18"><span class='ocrx_word' id='word_1_389' title='bbox 2246 2563 2554 2628; x_wconf 88' lang='lat' dir='ltr'>sumptum</span> <span class='ocrx_word' id='word_1_390' title='bbox 2585 2557 2795 2621; x_wconf 86' lang='lat' dir='ltr'>fuerat,</span> <span class='ocrx_word' id='word_1_391' title='bbox 2837 2555 3049 2612; x_wconf 88' lang='lat' dir='ltr'>amicis</span> <span class='ocrx_word' id='word_1_392' title='bbox 3096 2571 3397 2628; x_wconf 86' lang='lat' dir='ltr'>apparens</span> <span class='ocrx_word' id='word_1_393' title='bbox 3452 2555 3725 2611; x_wconf 87' lang='lat' dir='ltr'>Salvator</span> <span class='ocrx_word' id='word_1_394' title='bbox 3752 2556 3902 2627; x_wconf 88' lang='lat' dir='ltr'>(non</span> 
     </span>
    </p>
   </div>
   <div class='ocr_carea' id='block_1_58' title="bbox 2245 2644 3901 2717">
    <p class='ocr_par' dir='ltr' id='par_1_58' title="bbox 2245 2644 3901 2717">
     <span class='ocr_line' id='line_1_58' title="bbox 2245 2644 3901 2717; baseline -0.001 -16"><span class='ocrx_word' id='word_1_395' title='bbox 2245 2646 2404 2701; x_wconf 89' lang='lat' dir='ltr'>enim</span> <span class='ocrx_word' id='word_1_396' title='bbox 2444 2661 2602 2717; x_wconf 61' lang='lat' dir='ltr'>saepe</span> <span class='ocrx_word' id='word_1_397' title='bbox 2662 2649 2796 2717; x_wconf 89' lang='lat' dir='ltr'>post</span> <span class='ocrx_word' id='word_1_398' title='bbox 2841 2644 3333 2701; x_wconf 89' lang='lat' dir='ltr'>resurrectionem</span> <span class='ocrx_word' id='word_1_399' title='bbox 3394 2644 3778 2715; x_wconf 79' lang='lat' dir='ltr'>spectabilem</span> <span class='ocrx_word' id='word_1_400' title='bbox 3831 2661 3901 2700; x_wconf 88' lang='lat' dir='ltr'>se</span> 
     </span>
    </p>
   </div>
   <div class='ocr_carea' id='block_1_59' title="bbox 2242 2732 3899 2805">
    <p class='ocr_par' dir='ltr' id='par_1_59' title="bbox 2242 2732 3899 2805">
     <span class='ocr_line' id='line_1_59' title="bbox 2242 2732 3899 2805; baseline 0 -16"><span class='ocrx_word' id='word_1_401' title='bbox 2242 2735 2355 2789; x_wconf 90' lang='lat' dir='ltr'>illis</span> <span class='ocrx_word' id='word_1_402' title='bbox 2383 2733 2726 2805; x_wconf 77' lang='lat' dir='ltr'>prtebebat),</span> <span class='ocrx_word' id='word_1_403' title='bbox 2758 2738 2815 2787; x_wconf 93' lang='lat' dir='ltr'>et</span> <span class='ocrx_word' id='word_1_404' title='bbox 2848 2733 3037 2789; x_wconf 89' lang='lat' dir='ltr'>multa</span> <span class='ocrx_word' id='word_1_405' title='bbox 3087 2732 3206 2788; x_wconf 89' lang='lat' dir='ltr'>alia</span> <span class='ocrx_word' id='word_1_406' title='bbox 3228 2749 3364 2788; x_wconf 88' lang='lat' dir='ltr'>cum</span> <span class='ocrx_word' id='word_1_407' title='bbox 3398 2732 3483 2787; x_wconf 88' lang='lat' dir='ltr'>eis</span> <span class='ocrx_word' id='word_1_408' title='bbox 3533 2732 3786 2797; x_wconf 87' lang='lat' dir='ltr'>disserit,</span> <span class='ocrx_word' id='word_1_409' title='bbox 3836 2737 3899 2789; x_wconf 90' lang='lat' dir='ltr'>et</span> 
     </span>
    </p>
   </div>
   <div class='ocr_carea' id='block_1_60' title="bbox 2242 2821 3896 2893">
    <p class='ocr_par' dir='ltr' id='par_1_60' title="bbox 2242 2821 3896 2893">
     <span class='ocr_line' id='line_1_60' title="bbox 2242 2821 3896 2893; baseline 0 -16"><span class='ocrx_word' id='word_1_410' title='bbox 2242 2822 2383 2877; x_wconf 90' lang='lat' dir='ltr'>boni</span> <span class='ocrx_word' id='word_1_411' title='bbox 2419 2821 2667 2893; x_wconf 87' lang='lat' dir='ltr'>Spiritus</span> <span class='ocrx_word' id='word_1_412' title='bbox 2708 2822 3032 2877; x_wconf 90' lang='lat' dir='ltr'>adventum</span> <span class='ocrx_word' id='word_1_413' title='bbox 3071 2823 3406 2878; x_wconf 87' lang='lat' dir='ltr'>annuntiat.</span> <span class='ocrx_word' id='word_1_414' title='bbox 3463 2821 3683 2878; x_wconf 89' lang='lat' dir='ltr'>Deinde</span> <span class='ocrx_word' id='word_1_415' title='bbox 3709 2822 3896 2877; x_wconf 87' lang='lat' dir='ltr'>etiam</span> 
     </span>
    </p>
   </div>
   <div class='ocr_carea' id='block_1_61' title="bbox 2242 2909 3900 2982">
    <p class='ocr_par' dir='ltr' id='par_1_61' title="bbox 2242 2909 3900 2982">
     <span class='ocr_line' id='line_1_61' title="bbox 2242 2909 3900 2982; baseline 0 -16"><span class='ocrx_word' id='word_1_416' title='bbox 2242 2928 2378 2967; x_wconf 91' lang='lat' dir='ltr'>cum</span> <span class='ocrx_word' id='word_1_417' title='bbox 2407 2909 2704 2966; x_wconf 85' lang='lat' dir='ltr'>eduxisset</span> <span class='ocrx_word' id='word_1_418' title='bbox 2734 2927 2947 2982; x_wconf 91' lang='lat' dir='ltr'>parum</span> <span class='ocrx_word' id='word_1_419' title='bbox 2973 2916 3136 2967; x_wconf 83' lang='lat' dir='ltr'>extra</span> <span class='ocrx_word' id='word_1_420' title='bbox 3167 2910 3482 2977; x_wconf 87' lang='lat' dir='ltr'>civitatem,</span> <span class='ocrx_word' id='word_1_421' title='bbox 3515 2915 3573 2965; x_wconf 90' lang='lat' dir='ltr'>et</span> <span class='ocrx_word' id='word_1_422' title='bbox 3615 2910 3769 2976; x_wconf 86' lang='lat' dir='ltr'>illos,</span> <span class='ocrx_word' id='word_1_423' title='bbox 3831 2917 3900 2966; x_wconf 82' lang='lat' dir='ltr'>ut.</span> 
     </span>
    </p>
   </div>
   <div class='ocr_carea' id='block_1_62' title="bbox 481 2991 3897 3081">
    <p class='ocr_par' dir='ltr' id='par_1_62' title="bbox 481 2991 3897 3081">
     <span class='ocr_line' id='line_1_62' title="bbox 481 2991 3897 3081; baseline -0.003 -18"><span class='ocrx_word' id='word_1_424' title='bbox 481 3022 607 3075; x_wconf 66' lang='lat' dir='ltr'>ejus</span> <span class='ocrx_word' id='word_1_425' title='bbox 629 3002 918 3061; x_wconf 81' lang='lat' dir='ltr'>ministris</span> <span class='ocrx_word' id='word_1_426' title='bbox 939 3000 1110 3052; x_wconf 71' lang='lat' dir='ltr'>“.Et:</span> <span class='ocrx_word' id='word_1_427' title='bbox 1134 2993 1444 3051; x_wconf 84' lang='lat' dir='ltr'>Descendit</span> <span class='ocrx_word' id='word_1_428' title='bbox 1461 2993 1521 3047; x_wconf 88' lang='lat' dir='ltr'>in</span> <span class='ocrx_word' id='word_1_429' title='bbox 1539 2991 1965 3081; x_wconf 68' lang='lat' dir='ltr'>Caphamautn</span> <span class='ocrx_word' id='word_1_430' title='bbox 1984 2992 2124 3059; x_wconf 75' lang='grc' dir='ltr'><strong><em>ίρεε,</em></strong></span> <span class='ocrx_word' id='word_1_431' title='bbox 2164 3026 2204 3081; x_wconf 78' lang='lat' dir='ltr'><strong>C</strong></span> <span class='ocrx_word' id='word_1_432' title='bbox 2239 3014 2376 3054; x_wconf 92' lang='lat' dir='ltr'>eum</span> <span class='ocrx_word' id='word_1_433' title='bbox 2408 2998 2673 3061; x_wconf 86' lang='lat' dir='ltr'>decebat.</span> <span class='ocrx_word' id='word_1_434' title='bbox 2698 2998 3081 3070; x_wconf 85' lang='lat' dir='ltr'>impertiisset</span> <span class='ocrx_word' id='word_1_435' title='bbox 3107 2997 3536 3062; x_wconf 88' lang='lat' dir='ltr'>benedictione,</span> <span class='ocrx_word' id='word_1_436' title='bbox 3560 2998 3897 3053; x_wconf 89' lang='lat' dir='ltr'>videntibus</span> 
     </span>
    </p>
   </div>
   <div class='ocr_carea' id='block_1_63' title="bbox 482 3079 2127 3161">
    <p class='ocr_par' dir='ltr' id='par_1_63' title="bbox 482 3079 2127 3161">
     <span class='ocr_line' id='line_1_63' title="bbox 482 3079 2127 3161; baseline -0.012 -8"><span class='ocrx_word' id='word_1_437' title='bbox 482 3101 536 3152; x_wconf 89' lang='lat' dir='ltr'>et</span> <span class='ocrx_word' id='word_1_438' title='bbox 558 3096 752 3151; x_wconf 84' lang='lat' dir='ltr'>Mater</span> <span class='ocrx_word' id='word_1_439' title='bbox 777 3093 903 3161; x_wconf 84' lang='lat' dir='ltr'>ejus</span> <span class='ocrx_word' id='word_1_440' title='bbox 930 3088 998 3141; x_wconf 77' lang='grc'>⁸³.</span> <span class='ocrx_word' id='word_1_441' title='bbox 1034 3086 1101 3140; x_wconf 86' lang='lat' dir='ltr'>Et</span> <span class='ocrx_word' id='word_1_442' title='bbox 1133 3101 1145 3139; x_wconf 91' lang='lat'><strong>:</strong></span> <span class='ocrx_word' id='word_1_443' title='bbox 1180 3085 1361 3139; x_wconf 84' lang='lat' dir='ltr'>Mater</span> <span class='ocrx_word' id='word_1_444' title='bbox 1383 3088 1488 3136; x_wconf 87' lang='lat' dir='ltr'>tua</span> <span class='ocrx_word' id='word_1_445' title='bbox 1512 3087 1569 3137; x_wconf 87' lang='lat' dir='ltr'>et</span> <span class='ocrx_word' id='word_1_446' title='bbox 1596 3080 1823 3149; x_wconf 82' lang='lat' dir='ltr'>fratres</span> <span class='ocrx_word' id='word_1_447' title='bbox 1852 3079 1939 3134; x_wconf 84' lang='lat' dir='ltr'>tui</span> <span class='ocrx_word' id='word_1_448' title='bbox 1965 3086 2127 3135; x_wconf 84' lang='lat' dir='ltr'>stete-</span> 
     </span>
    </p>
   </div>
   <div class='ocr_carea' id='block_1_64' title="bbox 481 3168 2128 3251">
    <p class='ocr_par' dir='ltr' id='par_1_64' title="bbox 481 3168 2128 3251">
     <span class='ocr_line' id='line_1_64' title="bbox 481 3168 2128 3251; baseline -0.01 -11"><span class='ocrx_word' id='word_1_449' title='bbox 481 3191 623 3240; x_wconf 86' lang='lat' dir='ltr'>runt</span> <span class='ocrx_word' id='word_1_450' title='bbox 641 3181 865 3251; x_wconf 70' lang='lat' dir='ltr'>foris“.</span> <span class='ocrx_word' id='word_1_451' title='bbox 894 3174 1046 3243; x_wconf 88' lang='lat' dir='ltr'>Quin</span> <span class='ocrx_word' id='word_1_452' title='bbox 1070 3174 1246 3229; x_wconf 89' lang='lat' dir='ltr'>etiam</span> <span class='ocrx_word' id='word_1_453' title='bbox 1273 3170 1606 3226; x_wconf 85' lang='lat' dir='ltr'>:Steterunt</span> <span class='ocrx_word' id='word_1_454' title='bbox 1639 3168 1719 3224; x_wconf 89' lang='lat' dir='ltr'>ad</span> <span class='ocrx_word' id='word_1_455' title='bbox 1733 3183 1961 3224; x_wconf 86' lang='lat' dir='ltr'>crucem</span> <span class='ocrx_word' id='word_1_456' title='bbox 1987 3170 2128 3224; x_wconf 87' lang='lat' dir='ltr'>Jesu</span> 
     </span>
    </p>
   </div>
   <div class='ocr_carea' id='block_1_65' title="bbox 478 3257 2125 3340">
    <p class='ocr_par' dir='ltr' id='par_1_65' title="bbox 478 3257 2125 3340">
     <span class='ocr_line' id='line_1_65' title="bbox 478 3257 2125 3340; baseline -0.011 -11"><span class='ocrx_word' id='word_1_457' title='bbox 478 3274 670 3329; x_wconf 85' lang='lat' dir='ltr'>Mater</span> <span class='ocrx_word' id='word_1_458' title='bbox 696 3272 823 3340; x_wconf 88' lang='lat' dir='ltr'>ejus</span> <span class='ocrx_word' id='word_1_459' title='bbox 848 3275 901 3324; x_wconf 90' lang='lat' dir='ltr'>et</span> <span class='ocrx_word' id='word_1_460' title='bbox 925 3278 1097 3321; x_wconf 85' lang='lat' dir='ltr'>soror</span> <span class='ocrx_word' id='word_1_461' title='bbox 1154 3259 1369 3317; x_wconf 82' lang='lat' dir='ltr'>Matris</span> <span class='ocrx_word' id='word_1_462' title='bbox 1429 3258 1629 3325; x_wconf 71' lang='lat' dir='ltr'>eius“.</span> <span class='ocrx_word' id='word_1_463' title='bbox 1676 3257 1880 3321; x_wconf 87' lang='lat' dir='ltr'>Labes,</span> <span class='ocrx_word' id='word_1_464' title='bbox 1922 3258 1970 3311; x_wconf 89' lang='lat' dir='ltr'>si</span> <span class='ocrx_word' id='word_1_465' title='bbox 2018 3257 2125 3325; x_wconf 88' lang='lat' dir='ltr'>vis,</span> 
     </span>
    </p>
   </div>
   <div class='ocr_carea' id='block_1_66' title="bbox 482 3345 2131 3417">
    <p class='ocr_par' dir='ltr' id='par_1_66' title="bbox 482 3345 2131 3417">
     <span class='ocr_line' id='line_1_66' title="bbox 482 3345 2131 3417; baseline -0.01 0"><span class='ocrx_word' id='word_1_466' title='bbox 482 3361 662 3417; x_wconf 89' lang='lat' dir='ltr'>etiam</span> <span class='ocrx_word' id='word_1_467' title='bbox 697 3361 915 3414; x_wconf 86' lang='lat' dir='ltr'>Lucam</span> <span class='ocrx_word' id='word_1_468' title='bbox 946 3354 1003 3408; x_wconf 92' lang='lat' dir='ltr'>in</span> <span class='ocrx_word' id='word_1_469' title='bbox 1027 3349 1269 3405; x_wconf 84' lang='lat' dir='ltr'>Actibus</span> <span class='ocrx_word' id='word_1_470' title='bbox 1300 3346 1725 3416; x_wconf 81' lang='lat' dir='ltr'>suﬂragantem</span> <span class='ocrx_word' id='word_1_471' title='bbox 1748 3345 1814 3399; x_wconf 86' lang='lat' dir='ltr'>iis</span> <span class='ocrx_word' id='word_1_472' title='bbox 1834 3361 1969 3417; x_wconf 76' lang='lat' dir='ltr'>quae</span> <span class='ocrx_word' id='word_1_473' title='bbox 1994 3350 2131 3401; x_wconf 91' lang='lat' dir='ltr'>sunt</span> 
     </span>
    </p>
   </div>
   <div class='ocr_carea' id='block_1_67' title="bbox 483 3439 2130 3523">
    <p class='ocr_par' dir='ltr' id='par_1_67' title="bbox 483 3439 2130 3523">
     <span class='ocr_line' id='line_1_67' title="bbox 483 3439 2130 3523; baseline -0.01 -17"><span class='ocrx_word' id='word_1_474' title='bbox 483 3446 812 3523; x_wconf 81' lang='lat' dir='ltr'>proposita;</span> <span class='ocrx_word' id='word_1_475' title='bbox 848 3443 928 3499; x_wconf 84' lang='lat' dir='ltr'>Hi</span> <span class='ocrx_word' id='word_1_476' title='bbox 957 3455 1153 3497; x_wconf 85' lang='lat' dir='ltr'>omnes</span> <span class='ocrx_word' id='word_1_477' title='bbox 1206 3441 1374 3495; x_wconf 86' lang='lat' dir='ltr'>erant</span> <span class='ocrx_word' id='word_1_478' title='bbox 1414 3442 1854 3505; x_wconf 80' lang='lat' dir='ltr'>perseverantes</span> <span class='ocrx_word' id='word_1_479' title='bbox 1911 3439 1973 3490; x_wconf 87' lang='lat' dir='ltr'>in</span> <span class='ocrx_word' id='word_1_480' title='bbox 2003 3450 2130 3490; x_wconf 88' lang='lat' dir='ltr'>ora-</span> 
     </span>
    </p>
   </div>
   <div class='ocr_carea' id='block_1_68' title="bbox 482 3524 2131 3594">
    <p class='ocr_par' dir='ltr' id='par_1_68' title="bbox 482 3524 2131 3594">
     <span class='ocr_line' id='line_1_68' title="bbox 482 3524 2131 3594; baseline -0.01 1"><span class='ocrx_word' id='word_1_481' title='bbox 482 3539 640 3594; x_wconf 88' lang='lat' dir='ltr'>tione</span> <span class='ocrx_word' id='word_1_482' title='bbox 666 3552 799 3593; x_wconf 87' lang='lat' dir='ltr'>cum</span> <span class='ocrx_word' id='word_1_483' title='bbox 858 3528 1213 3593; x_wconf 78' lang='lat' dir='ltr'>mulieribus,</span> <span class='ocrx_word' id='word_1_484' title='bbox 1248 3535 1299 3583; x_wconf 90' lang='lat' dir='ltr'>et</span> <span class='ocrx_word' id='word_1_485' title='bbox 1354 3526 1553 3581; x_wconf 86' lang='lat' dir='ltr'>Maria</span> <span class='ocrx_word' id='word_1_486' title='bbox 1582 3525 1770 3580; x_wconf 80' lang='lat' dir='ltr'>Matre</span> <span class='ocrx_word' id='word_1_487' title='bbox 1810 3524 2019 3580; x_wconf 69' lang='lat' dir='ltr'>Jesu“.</span> <span class='ocrx_word' id='word_1_488' title='bbox 2064 3526 2131 3579; x_wconf 88' lang='lat' dir='ltr'>Et</span> 
     </span>
    </p>
   </div>
   <div class='ocr_carea' id='block_1_69' title="bbox 481 3615 2128 3686">
    <p class='ocr_par' dir='ltr' id='par_1_69' title="bbox 481 3615 2128 3686">
     <span class='ocr_line' id='line_1_69' title="bbox 481 3615 2128 3686; baseline -0.008 -3"><span class='ocrx_word' id='word_1_489' title='bbox 481 3628 541 3683; x_wconf 91' lang='lat' dir='ltr'>in</span> <span class='ocrx_word' id='word_1_490' title='bbox 576 3640 817 3682; x_wconf 89' lang='lat' dir='ltr'>summa</span> <span class='ocrx_word' id='word_1_491' title='bbox 877 3617 1217 3677; x_wconf 79' lang='lat' dir='ltr'>difﬁcillime</span> <span class='ocrx_word' id='word_1_492' title='bbox 1248 3615 1499 3672; x_wconf 88' lang='lat' dir='ltr'>inveniri</span> <span class='ocrx_word' id='word_1_493' title='bbox 1549 3619 1758 3686; x_wconf 91' lang='lat' dir='ltr'>potest,</span> <span class='ocrx_word' id='word_1_494' title='bbox 1811 3631 1945 3669; x_wconf 86' lang='lat' dir='ltr'>eam</span> <span class='ocrx_word' id='word_1_495' title='bbox 1999 3630 2128 3670; x_wconf 90' lang='lat' dir='ltr'>esse</span> 
     </span>
    </p>
   </div>
   <div class='ocr_carea' id='block_1_70' title="bbox 483 3703 2128 3776">
    <p class='ocr_par' dir='ltr' id='par_1_70' title="bbox 483 3703 2128 3776">
     <span class='ocr_line' id='line_1_70' title="bbox 483 3703 2128 3776; baseline -0.009 -2"><span class='ocrx_word' id='word_1_496' title='bbox 483 3716 649 3774; x_wconf 86' lang='lat' dir='ltr'>aliter</span> <span class='ocrx_word' id='word_1_497' title='bbox 672 3711 1070 3772; x_wconf 89' lang='lat' dir='ltr'>nominatam,</span> <span class='ocrx_word' id='word_1_498' title='bbox 1106 3710 1211 3762; x_wconf 89' lang='lat' dir='ltr'>aut</span> <span class='ocrx_word' id='word_1_499' title='bbox 1240 3721 1311 3761; x_wconf 89' lang='lat' dir='ltr'>ex</span> <span class='ocrx_word' id='word_1_500' title='bbox 1344 3710 1530 3776; x_wconf 89' lang='lat' dir='ltr'>patre,</span> <span class='ocrx_word' id='word_1_501' title='bbox 1554 3708 1656 3759; x_wconf 90' lang='lat' dir='ltr'>aut</span> <span class='ocrx_word' id='word_1_502' title='bbox 1683 3719 1756 3759; x_wconf 85' lang='lat' dir='ltr'>ex</span> <span class='ocrx_word' id='word_1_503' title='bbox 1782 3703 1985 3775; x_wconf 87' lang='lat' dir='ltr'>aliqua</span> <span class='ocrx_word' id='word_1_504' title='bbox 2010 3703 2128 3759; x_wconf 87' lang='lat' dir='ltr'>alia</span> 
     </span>
    </p>
   </div>
   <div class='ocr_carea' id='block_1_71' title="bbox 483 3790 2129 3875">
    <p class='ocr_par' dir='ltr' id='par_1_71' title="bbox 483 3790 2129 3875">
     <span class='ocr_line' id='line_1_71' title="bbox 483 3790 2129 3875; baseline -0.009 -13"><span class='ocrx_word' id='word_1_505' title='bbox 483 3802 857 3875; x_wconf 82' lang='lat' dir='ltr'>cognationis</span> <span class='ocrx_word' id='word_1_506' title='bbox 918 3794 1281 3857; x_wconf 87' lang='lat' dir='ltr'>habitudine,</span> <span class='ocrx_word' id='word_1_507' title='bbox 1346 3798 1407 3847; x_wconf 90' lang='lat' dir='ltr'>ut</span> <span class='ocrx_word' id='word_1_508' title='bbox 1473 3790 1754 3847; x_wconf 81' lang='lat' dir='ltr'>diximus.</span> <span class='ocrx_word' id='word_1_509' title='bbox 1842 3792 2129 3856; x_wconf 88' lang='lat' dir='ltr'>Quocirca</span> 
     </span>
    </p>
   </div>
   <div class='ocr_carea' id='block_1_72' title="bbox 481 3886 1130 3951">
    <p class='ocr_par' dir='ltr' id='par_1_72' title="bbox 481 3886 1130 3951">
     <span class='ocr_line' id='line_1_72' title="bbox 481 3886 1130 3951; baseline -0.022 0"><span class='ocrx_word' id='word_1_510' title='bbox 481 3893 647 3951; x_wconf 91' lang='lat' dir='ltr'>nulla</span> <span class='ocrx_word' id='word_1_511' title='bbox 672 3907 742 3948; x_wconf 82' lang='lat' dir='ltr'>ex</span> <span class='ocrx_word' id='word_1_512' title='bbox 767 3888 862 3944; x_wconf 91' lang='lat' dir='ltr'>his</span> <span class='ocrx_word' id='word_1_513' title='bbox 888 3886 989 3941; x_wconf 92' lang='lat' dir='ltr'>illa</span> <span class='ocrx_word' id='word_1_514' title='bbox 1019 3889 1130 3940; x_wconf 89' lang='lat' dir='ltr'>est.</span> 
     </span>
    </p>
   </div>
   <div class='ocr_carea' id='block_1_73' title="bbox 554 3968 2129 4043">
    <p class='ocr_par' dir='ltr' id='par_1_73' title="bbox 554 3968 2129 4043">
     <span class='ocr_line' id='line_1_73' title="bbox 554 3968 2129 4043; baseline -0.009 -5"><span class='ocrx_word' id='word_1_515' title='bbox 554 3978 782 4038; x_wconf 84' lang='lat' dir='ltr'><strong>XXXVI.</strong></span> <span class='ocrx_word' id='word_1_516' title='bbox 815 3977 961 4031; x_wconf 90' lang='lat' dir='ltr'>Nam</span> <span class='ocrx_word' id='word_1_517' title='bbox 992 3972 1120 4029; x_wconf 58' lang='lat' dir='ltr'>alia;</span> <span class='ocrx_word' id='word_1_518' title='bbox 1148 3970 1394 4043; x_wconf 90' lang='lat' dir='ltr'>quidem</span> <span class='ocrx_word' id='word_1_519' title='bbox 1424 3974 1543 4025; x_wconf 90' lang='lat' dir='ltr'>tota</span> <span class='ocrx_word' id='word_1_520' title='bbox 1595 3972 1767 4024; x_wconf 83' lang='lat' dir='ltr'>nocte</span> <span class='ocrx_word' id='word_1_521' title='bbox 1804 3968 1882 4024; x_wconf 91' lang='lat' dir='ltr'>ad</span> <span class='ocrx_word' id='word_1_522' title='bbox 1934 3969 2129 4041; x_wconf 90' lang='lat' dir='ltr'>sepul-</span> 
     </span>
    </p>
   </div>
   <div class='ocr_carea' id='block_1_74' title="bbox 480 4058 2123 4136">
    <p class='ocr_par' dir='ltr' id='par_1_74' title="bbox 480 4058 2123 4136">
     <span class='ocr_line' id='line_1_74' title="bbox 480 4058 2123 4136; baseline -0.009 -8"><span class='ocrx_word' id='word_1_523' title='bbox 480 4086 649 4128; x_wconf 90' lang='lat' dir='ltr'>crum</span> <span class='ocrx_word' id='word_1_524' title='bbox 670 4068 959 4136; x_wconf 77' lang='lat' dir='ltr'>ingresste</span> <span class='ocrx_word' id='word_1_525' title='bbox 996 4064 1210 4115; x_wconf 89' lang='lat' dir='ltr'>suntet</span> <span class='ocrx_word' id='word_1_526' title='bbox 1238 4072 1511 4127; x_wconf 65' lang='lat' dir='ltr'>egressas,</span> <span class='ocrx_word' id='word_1_527' title='bbox 1544 4061 1597 4111; x_wconf 91' lang='lat' dir='ltr'>et</span> <span class='ocrx_word' id='word_1_528' title='bbox 1625 4072 1697 4112; x_wconf 90' lang='lat' dir='ltr'>ea</span> <span class='ocrx_word' id='word_1_529' title='bbox 1720 4072 1856 4128; x_wconf 66' lang='lat' dir='ltr'>quas</span> <span class='ocrx_word' id='word_1_530' title='bbox 1883 4058 2123 4123; x_wconf 87' lang='lat' dir='ltr'>ﬁebant,</span> 
     </span>
    </p>
   </div>
   <div class='ocr_carea' id='block_1_75' title="bbox 478 4145 2127 4232">
    <p class='ocr_par' dir='ltr' id='par_1_75' title="bbox 478 4145 2127 4232">
     <span class='ocr_line' id='line_1_75' title="bbox 478 4145 2127 4232; baseline -0.008 -17"><span class='ocrx_word' id='word_1_531' title='bbox 478 4156 760 4232; x_wconf 87' lang='lat' dir='ltr'>apostolis</span> <span class='ocrx_word' id='word_1_532' title='bbox 785 4152 1149 4209; x_wconf 89' lang='lat' dir='ltr'>nuntiarunt.</span> <span class='ocrx_word' id='word_1_533' title='bbox 1182 4145 1580 4213; x_wconf 86' lang='lat' dir='ltr'>Quamobrem</span> <span class='ocrx_word' id='word_1_534' title='bbox 1622 4160 1732 4200; x_wconf 88' lang='lat' dir='ltr'>nec</span> <span class='ocrx_word' id='word_1_535' title='bbox 1761 4145 1844 4200; x_wconf 91' lang='lat' dir='ltr'>eis</span> <span class='ocrx_word' id='word_1_536' title='bbox 1882 4146 2127 4218; x_wconf 81' lang='lat' dir='ltr'>contigit</span> 
     </span>
    </p>
   </div>
   <div class='ocr_carea' id='block_1_76' title="bbox 477 4234 2124 4315">
    <p class='ocr_par' dir='ltr' id='par_1_76' title="bbox 477 4234 2124 4315">
     <span class='ocr_line' id='line_1_76' title="bbox 477 4234 2124 4315; baseline -0.007 -12"><span class='ocrx_word' id='word_1_537' title='bbox 477 4248 676 4304; x_wconf 90' lang='lat' dir='ltr'>videre</span> <span class='ocrx_word' id='word_1_538' title='bbox 726 4242 901 4315; x_wconf 91' lang='lat' dir='ltr'>plura</span> <span class='ocrx_word' id='word_1_539' title='bbox 932 4236 1220 4296; x_wconf 89' lang='lat' dir='ltr'>miracula</span> <span class='ocrx_word' id='word_1_540' title='bbox 1274 4234 1737 4290; x_wconf 89' lang='lat' dir='ltr'>resurrectionis.</span> <span class='ocrx_word' id='word_1_541' title='bbox 1780 4234 1882 4288; x_wconf 89' lang='lat' dir='ltr'>Illa</span> <span class='ocrx_word' id='word_1_542' title='bbox 1921 4241 2124 4292; x_wconf 89' lang='lat' dir='ltr'>autem</span> 
     </span>
    </p>
   </div>
   <div class='ocr_carea' id='block_1_77' title="bbox 478 4321 2123 4411">
    <p class='ocr_par' dir='ltr' id='par_1_77' title="bbox 478 4321 2123 4411">
     <span class='ocr_line' id='line_1_77' title="bbox 478 4321 2123 4411; baseline -0.007 -19"><span class='ocrx_word' id='word_1_543' title='bbox 478 4351 614 4411; x_wconf 63' lang='lat' dir='ltr'>quae</span> <span class='ocrx_word' id='word_1_544' title='bbox 652 4329 950 4388; x_wconf 89' lang='lat' dir='ltr'>indivulsa</span> <span class='ocrx_word' id='word_1_545' title='bbox 1005 4324 1315 4382; x_wconf 89' lang='lat' dir='ltr'>assidebat</span> <span class='ocrx_word' id='word_1_546' title='bbox 1354 4321 1648 4396; x_wconf 87' lang='lat' dir='ltr'>sepulcro,</span> <span class='ocrx_word' id='word_1_547' title='bbox 1708 4324 1914 4379; x_wconf 91' lang='lat' dir='ltr'>omnia</span> <span class='ocrx_word' id='word_1_548' title='bbox 1982 4324 2123 4382; x_wconf 88' lang='lat' dir='ltr'>vidit</span> 
     </span>
    </p>
   </div>
   <div class='ocr_carea' id='block_1_78' title="bbox 477 4410 2113 4498">
    <p class='ocr_par' dir='ltr' id='par_1_78' title="bbox 477 4410 2113 4498">
     <span class='ocr_line' id='line_1_78' title="bbox 477 4410 2113 4498; baseline -0.011 -15"><span class='ocrx_word' id='word_1_549' title='bbox 477 4410 700 4498; x_wconf 87' lang='lat' dir='ltr'>aperte,</span> <span class='ocrx_word' id='word_1_550' title='bbox 754 4424 809 4475; x_wconf 90' lang='lat' dir='ltr'>et</span> <span class='ocrx_word' id='word_1_551' title='bbox 838 4433 958 4474; x_wconf 90' lang='lat' dir='ltr'>non</span> <span class='ocrx_word' id='word_1_552' title='bbox 994 4415 1209 4480; x_wconf 89' lang='lat' dir='ltr'>statim,</span> <span class='ocrx_word' id='word_1_553' title='bbox 1264 4412 1366 4468; x_wconf 92' lang='lat' dir='ltr'>sed</span> <span class='ocrx_word' id='word_1_554' title='bbox 1423 4418 1629 4484; x_wconf 90' lang='lat' dir='ltr'>postea</span> <span class='ocrx_word' id='word_1_555' title='bbox 1677 4410 1917 4483; x_wconf 90' lang='lat' dir='ltr'>protulit</span> <span class='ocrx_word' id='word_1_556' title='bbox 1940 4411 2001 4466; x_wconf 89' lang='lat' dir='ltr'>in</span> <span class='ocrx_word' id='word_1_557' title='bbox 2030 4411 2113 4466; x_wconf 90' lang='lat' dir='ltr'>lu-</span> 
     </span>
    </p>
   </div>
   <div class='ocr_carea' id='block_1_79' title="bbox 473 4499 2112 4577">
    <p class='ocr_par' dir='ltr' id='par_1_79' title="bbox 473 4499 2112 4577">
     <span class='ocr_line' id='line_1_79' title="bbox 473 4499 2112 4577; baseline -0.008 -8"><span class='ocrx_word' id='word_1_558' title='bbox 473 4529 625 4577; x_wconf 89' lang='lat' dir='ltr'>cem,</span> <span class='ocrx_word' id='word_1_559' title='bbox 664 4516 720 4567; x_wconf 89' lang='lat' dir='ltr'>et</span> <span class='ocrx_word' id='word_1_560' title='bbox 768 4502 1146 4563; x_wconf 86' lang='lat' dir='ltr'>renuntiavit.</span> <span class='ocrx_word' id='word_1_561' title='bbox 1180 4504 1326 4557; x_wconf 81' lang='lat' dir='ltr'>Nam</span> <span class='ocrx_word' id='word_1_562' title='bbox 1373 4499 1683 4573; x_wconf 89' lang='lat' dir='ltr'>quomodo</span> <span class='ocrx_word' id='word_1_563' title='bbox 1713 4499 1895 4556; x_wconf 91' lang='lat' dir='ltr'>simul</span> <span class='ocrx_word' id='word_1_564' title='bbox 1927 4505 2112 4556; x_wconf 71' lang='lat' dir='ltr'>terrae-</span> 
     </span>
    </p>
   </div>
   <div class='ocr_carea' id='block_1_80' title="bbox 470 4590 2115 4665">
    <p class='ocr_par' dir='ltr' id='par_1_80' title="bbox 470 4590 2115 4665">
     <span class='ocr_line' id='line_1_80' title="bbox 470 4590 2115 4665; baseline -0.009 -6"><span class='ocrx_word' id='word_1_565' title='bbox 470 4608 726 4665; x_wconf 89' lang='lat' dir='ltr'>motum,</span> <span class='ocrx_word' id='word_1_566' title='bbox 758 4602 814 4653; x_wconf 90' lang='lat' dir='ltr'>et</span> <span class='ocrx_word' id='word_1_567' title='bbox 843 4592 1039 4665; x_wconf 80' lang='lat' dir='ltr'>angeli</span> <span class='ocrx_word' id='word_1_568' title='bbox 1070 4593 1130 4647; x_wconf 89' lang='lat' dir='ltr'>in</span> <span class='ocrx_word' id='word_1_569' title='bbox 1184 4596 1489 4646; x_wconf 88' lang='lat' dir='ltr'>momento</span> <span class='ocrx_word' id='word_1_570' title='bbox 1533 4590 1813 4661; x_wconf 90' lang='lat' dir='ltr'>temporis</span> <span class='ocrx_word' id='word_1_571' title='bbox 1870 4590 2115 4645; x_wconf 90' lang='lat' dir='ltr'>descen-</span> 
     </span>
    </p>
   </div>
   <div class='ocr_carea' id='block_1_81' title="bbox 468 4678 2112 4757">
    <p class='ocr_par' dir='ltr' id='par_1_81' title="bbox 468 4678 2112 4757">
     <span class='ocr_line' id='line_1_81' title="bbox 468 4678 2112 4757; baseline -0.009 -9"><span class='ocrx_word' id='word_1_572' title='bbox 468 4707 625 4757; x_wconf 85' lang='lat' dir='ltr'>sum,</span> <span class='ocrx_word' id='word_1_573' title='bbox 675 4693 732 4743; x_wconf 90' lang='lat' dir='ltr'>et</span> <span class='ocrx_word' id='word_1_574' title='bbox 777 4684 993 4757; x_wconf 88' lang='lat' dir='ltr'>lapidis</span> <span class='ocrx_word' id='word_1_575' title='bbox 1049 4679 1501 4744; x_wconf 89' lang='lat' dir='ltr'>revolutionem,</span> <span class='ocrx_word' id='word_1_576' title='bbox 1534 4683 1592 4733; x_wconf 91' lang='lat' dir='ltr'>et</span> <span class='ocrx_word' id='word_1_577' title='bbox 1625 4678 1940 4734; x_wconf 89' lang='lat' dir='ltr'>custodum</span> <span class='ocrx_word' id='word_1_578' title='bbox 1979 4696 2112 4751; x_wconf 91' lang='lat' dir='ltr'>pro-</span> 
     </span>
    </p>
   </div>
   <div class='ocr_carea' id='block_1_82' title="bbox 465 4769 2111 4847">
    <p class='ocr_par' dir='ltr' id='par_1_82' title="bbox 465 4769 2111 4847">
     <span class='ocr_line' id='line_1_82' title="bbox 465 4769 2111 4847; baseline -0.009 -9"><span class='ocrx_word' id='word_1_579' title='bbox 465 4782 724 4838; x_wconf 88' lang='lat' dir='ltr'>fundum</span> <span class='ocrx_word' id='word_1_580' title='bbox 768 4788 1066 4847; x_wconf 88' lang='lat' dir='ltr'>soporem,</span> <span class='ocrx_word' id='word_1_581' title='bbox 1100 4777 1155 4826; x_wconf 93' lang='lat' dir='ltr'>et</span> <span class='ocrx_word' id='word_1_582' title='bbox 1207 4769 1806 4840; x_wconf 78' lang='lat' dir='ltr'>expergefactionem,</span> <span class='ocrx_word' id='word_1_583' title='bbox 1862 4774 1917 4823; x_wconf 91' lang='lat' dir='ltr'>et</span> <span class='ocrx_word' id='word_1_584' title='bbox 1963 4785 2111 4840; x_wconf 90' lang='lat' dir='ltr'>quo-</span> 
     </span>
    </p>
   </div>
   <div class='ocr_carea' id='block_1_83' title="bbox 462 4855 2109 4928">
    <p class='ocr_par' dir='ltr' id='par_1_83' title="bbox 462 4855 2109 4928">
     <span class='ocr_line' id='line_1_83' title="bbox 462 4855 2109 4928; baseline -0.01 -1"><span class='ocrx_word' id='word_1_585' title='bbox 462 4868 745 4928; x_wconf 81' lang='lat' dir='ltr'>rumdam</span> <span class='ocrx_word' id='word_1_586' title='bbox 774 4864 833 4919; x_wconf 88' lang='lat' dir='ltr'>in</span> <span class='ocrx_word' id='word_1_587' title='bbox 867 4856 1514 4921; x_wconf 88' lang='lat' dir='ltr'>urbemreversionem,</span> <span class='ocrx_word' id='word_1_588' title='bbox 1534 4856 1868 4927; x_wconf 90' lang='lat' dir='ltr'>potuissent</span> <span class='ocrx_word' id='word_1_589' title='bbox 1892 4855 2109 4912; x_wconf 83' lang='lat' dir='ltr'>abeun-</span> 
     </span>
    </p>
   </div>
   <div class='ocr_carea' id='block_1_84' title="bbox 463 4944 2108 5019">
    <p class='ocr_par' dir='ltr' id='par_1_84' title="bbox 463 4944 2108 5019">
     <span class='ocr_line' id='line_1_84' title="bbox 463 4944 2108 5019; baseline -0.01 -2"><span class='ocrx_word' id='word_1_590' title='bbox 463 4968 549 5017; x_wconf 87' lang='lat' dir='ltr'>tes</span> <span class='ocrx_word' id='word_1_591' title='bbox 575 4956 873 5019; x_wconf 89' lang='lat' dir='ltr'>mulieres,</span> <span class='ocrx_word' id='word_1_592' title='bbox 932 4956 988 5005; x_wconf 92' lang='lat' dir='ltr'>et</span> <span class='ocrx_word' id='word_1_593' title='bbox 1032 4963 1244 5004; x_wconf 85' lang='lat' dir='ltr'>rursus</span> <span class='ocrx_word' id='word_1_594' title='bbox 1276 4952 1654 5011; x_wconf 88' lang='lat' dir='ltr'>revertentes,</span> <span class='ocrx_word' id='word_1_595' title='bbox 1694 4944 1920 5015; x_wconf 89' lang='lat' dir='ltr'>integre</span> <span class='ocrx_word' id='word_1_596' title='bbox 1977 4963 2108 5017; x_wconf 88' lang='lat' dir='ltr'>per-</span> 
     </span>
    </p>
   </div>
   <div class='ocr_carea' id='block_1_85' title="bbox 461 5033 2108 5120">
    <p class='ocr_par' dir='ltr' id='par_1_85' title="bbox 461 5033 2108 5120">
     <span class='ocr_line' id='line_1_85' title="bbox 461 5033 2108 5120; baseline -0.009 -16"><span class='ocrx_word' id='word_1_597' title='bbox 461 5044 717 5120; x_wconf 87' lang='lat' dir='ltr'>spicere?</span> <span class='ocrx_word' id='word_1_598' title='bbox 750 5040 861 5099; x_wconf 89' lang='lat' dir='ltr'>Sed</span> <span class='ocrx_word' id='word_1_599' title='bbox 891 5038 1121 5096; x_wconf 86' lang='lat' dir='ltr'>clarum</span> <span class='ocrx_word' id='word_1_600' title='bbox 1152 5040 1259 5099; x_wconf 89' lang='lat' dir='ltr'>est,</span> <span class='ocrx_word' id='word_1_601' title='bbox 1284 5033 1413 5090; x_wconf 72' lang='lat' dir='ltr'>haec</span> <span class='ocrx_word' id='word_1_602' title='bbox 1444 5033 1623 5089; x_wconf 89' lang='lat' dir='ltr'>fuisse</span> <span class='ocrx_word' id='word_1_603' title='bbox 1654 5034 1905 5089; x_wconf 87' lang='lat' dir='ltr'>materni</span> <span class='ocrx_word' id='word_1_604' title='bbox 1938 5043 1993 5089; x_wconf 92' lang='lat' dir='ltr'>et</span> <span class='ocrx_word' id='word_1_605' title='bbox 2019 5052 2108 5090; x_wconf 76' lang='lat' dir='ltr'>ar-</span> 
     </span>
    </p>
   </div>
   <div class='ocr_carea' id='block_1_86' title="bbox 457 5123 2103 5199">
    <p class='ocr_par' dir='ltr' id='par_1_86' title="bbox 457 5123 2103 5199">
     <span class='ocr_line' id='line_1_86' title="bbox 457 5123 2103 5199; baseline -0.008 -6"><span class='ocrx_word' id='word_1_606' title='bbox 457 5135 653 5193; x_wconf 87' lang='lat' dir='ltr'>dentis</span> <span class='ocrx_word' id='word_1_607' title='bbox 677 5131 923 5197; x_wconf 88' lang='lat' dir='ltr'>amoris,</span> <span class='ocrx_word' id='word_1_608' title='bbox 953 5141 1090 5199; x_wconf 68' lang='lat' dir='ltr'>quas</span> <span class='ocrx_word' id='word_1_609' title='bbox 1147 5130 1435 5197; x_wconf 90' lang='lat' dir='ltr'>perpetuo</span> <span class='ocrx_word' id='word_1_610' title='bbox 1485 5123 1761 5179; x_wconf 88' lang='lat' dir='ltr'>assidens</span> <span class='ocrx_word' id='word_1_611' title='bbox 1808 5130 1867 5179; x_wconf 90' lang='lat' dir='ltr'>et</span> <span class='ocrx_word' id='word_1_612' title='bbox 1918 5126 2103 5181; x_wconf 82' lang='lat' dir='ltr'>acrio-</span> 
     </span>
    </p>
   </div>
   <div class='ocr_carea' id='block_1_87' title="bbox 463 5345 1891 5413">
    <p class='ocr_par' dir='ltr' id='par_1_87' title="bbox 463 5345 1891 5413">
     <span class='ocr_line' id='line_1_87' title="bbox 463 5345 1891 5413; baseline -0.009 -1"><span class='ocrx_word' id='word_1_613' title='bbox 463 5363 480 5412; x_wconf 87' lang='lat' dir='ltr'>l</span> <span class='ocrx_word' id='word_1_614' title='bbox 528 5356 570 5391; x_wconf 75' lang='grc'>⁵⁷</span> <span class='ocrx_word' id='word_1_615' title='bbox 605 5352 804 5410; x_wconf 78' lang='lat' dir='ltr'>Matth.</span> <span class='ocrx_word' id='word_1_616' title='bbox 854 5350 1226 5413; x_wconf 76' lang='lat' dir='ltr'>xxvii,63,66.</span> <span class='ocrx_word' id='word_1_617' title='bbox 1342 5346 1389 5380; x_wconf 81' lang='grc'>³⁸</span> <span class='ocrx_word' id='word_1_618' title='bbox 1422 5345 1891 5411; x_wconf 79' lang='lat' dir='ltr'>Matth.xxv1u,t.</span> 
     </span>
    </p>
   </div>
   <div class='ocr_carea' id='block_1_88' title="bbox 454 5434 1500 5505">
    <p class='ocr_par' dir='ltr' id='par_1_88' title="bbox 454 5434 1500 5505">
     <span class='ocr_line' id='line_1_88' title="bbox 454 5434 1500 5505; baseline -0.012 -5"><span class='ocrx_word' id='word_1_619' title='bbox 454 5446 509 5501; x_wconf 75' lang='grc'><strong>5.</strong></span> <span class='ocrx_word' id='word_1_620' title='bbox 550 5445 599 5479; x_wconf 77' lang='grc'><em>’³</em></span> <span class='ocrx_word' id='word_1_621' title='bbox 629 5439 777 5497; x_wconf 91' lang='lat' dir='ltr'>lbid.</span> <span class='ocrx_word' id='word_1_622' title='bbox 805 5454 900 5505; x_wconf 76' lang='grc' dir='ltr'>χιι,</span> <span class='ocrx_word' id='word_1_623' title='bbox 1014 5438 1061 5473; x_wconf 79' lang='grc'>⁶⁴</span> <span class='ocrx_word' id='word_1_624' title='bbox 1094 5434 1500 5499; x_wconf 66' lang='lat' dir='ltr'>Matth.xn,47.</span> 
     </span>
    </p>
   </div>
   <div class='ocr_carea' id='block_1_89' title="bbox 459 5530 845 5593">
    <p class='ocr_par' dir='ltr' id='par_1_89' title="bbox 459 5530 845 5593">
     <span class='ocr_line' id='line_1_89' title="bbox 459 5530 845 5593; baseline -0.026 0"><span class='ocrx_word' id='word_1_625' title='bbox 459 5540 478 5593; x_wconf 73' lang='grc' dir='ltr'>ί</span> <span class='ocrx_word' id='word_1_626' title='bbox 527 5534 573 5570; x_wconf 84' lang='grc'><strong><em>⁶⁹</em></strong></span> <span class='ocrx_word' id='word_1_627' title='bbox 598 5530 845 5587; x_wconf 61' lang='grc' dir='ltr'>ὶδὶᾶοη.</span> 
     </span>
    </p>
   </div>
   <div class='ocr_carea' id='block_1_90' title="bbox 2006 5347 2989 5413">
    <p class='ocr_par' dir='ltr' id='par_1_90' title="bbox 2006 5347 2989 5413">
     <span class='ocr_line' id='line_1_90' title="bbox 2006 5347 2989 5413; baseline 0 -10"><span class='ocrx_word' id='word_1_628' title='bbox 2006 5347 2052 5383; x_wconf 76' lang='grc'>⁵⁸</span> <span class='ocrx_word' id='word_1_629' title='bbox 2086 5350 2260 5405; x_wconf 80' lang='lat' dir='ltr'>Marc.</span> <span class='ocrx_word' id='word_1_630' title='bbox 2301 5363 2397 5413; x_wconf 88' lang='lat' dir='ltr'>xv,</span> <span class='ocrx_word' id='word_1_631' title='bbox 2438 5353 2484 5402; x_wconf 88' lang='lat' dir='ltr'>l.</span> <span class='ocrx_word' id='word_1_632' title='bbox 2519 5350 2567 5385; x_wconf 76' lang='grc' dir='ltr'><strong>⁸ο</strong></span> <span class='ocrx_word' id='word_1_633' title='bbox 2593 5347 2791 5404; x_wconf 86' lang='lat' dir='ltr'>Matth.</span> <span class='ocrx_word' id='word_1_634' title='bbox 2834 5352 2989 5413; x_wconf 70' lang='lat' dir='ltr'>n,t4.</span> 
     </span>
    </p>
   </div>
   <div class='ocr_carea' id='block_1_91' title="bbox 1614 5435 2165 5501">
    <p class='ocr_par' dir='ltr' id='par_1_91' title="bbox 1614 5435 2165 5501">
     <span class='ocr_line' id='line_1_91' title="bbox 1614 5435 2165 5501; baseline 0.011 -15"><span class='ocrx_word' id='word_1_635' title='bbox 1614 5436 1661 5469; x_wconf 79' lang='lat'><strong>“</strong></span> <span class='ocrx_word' id='word_1_636' title='bbox 1692 5435 1862 5490; x_wconf 86' lang='lat' dir='ltr'>Joan.</span> <span class='ocrx_word' id='word_1_637' title='bbox 1897 5451 2015 5501; x_wconf 88' lang='lat' dir='ltr'>xix,</span> <span class='ocrx_word' id='word_1_638' title='bbox 2077 5441 2165 5492; x_wconf 79' lang='lat'>25.</span> 
     </span>
    </p>
   </div>
   <div class='ocr_carea' id='block_1_92' title="bbox 2240 3086 3896 3159">
    <p class='ocr_par' dir='ltr' id='par_1_92' title="bbox 2240 3086 3896 3159">
     <span class='ocr_line' id='line_1_92' title="bbox 2240 3086 3896 3159; baseline -0.001 -17"><span class='ocrx_word' id='word_1_639' title='bbox 2240 3087 2469 3159; x_wconf 87' lang='lat' dir='ltr'>ipsisin</span> <span class='ocrx_word' id='word_1_640' title='bbox 2528 3087 2741 3142; x_wconf 64' lang='lat' dir='ltr'>cretum</span> <span class='ocrx_word' id='word_1_641' title='bbox 2793 3086 3165 3142; x_wconf 78' lang='lat' dir='ltr'>extollitur&quot;.</span> <span class='ocrx_word' id='word_1_642' title='bbox 3221 3086 3332 3143; x_wconf 91' lang='lat' dir='ltr'>Sed</span> <span class='ocrx_word' id='word_1_643' title='bbox 3365 3103 3438 3141; x_wconf 92' lang='lat' dir='ltr'>ne</span> <span class='ocrx_word' id='word_1_644' title='bbox 3496 3102 3566 3142; x_wconf 91' lang='lat' dir='ltr'>ea</span> <span class='ocrx_word' id='word_1_645' title='bbox 3596 3102 3689 3141; x_wconf 89' lang='lat' dir='ltr'>res</span> <span class='ocrx_word' id='word_1_646' title='bbox 3745 3087 3896 3158; x_wconf 89' lang='lat' dir='ltr'>ipsis</span> 
     </span>
    </p>
   </div>
   <div class='ocr_carea' id='block_1_93' title="bbox 2240 3174 3890 3248">
    <p class='ocr_par' dir='ltr' id='par_1_93' title="bbox 2240 3174 3890 3248">
     <span class='ocr_line' id='line_1_93' title="bbox 2240 3174 3890 3248; baseline 0.001 -17"><span class='ocrx_word' id='word_1_647' title='bbox 2240 3175 2475 3231; x_wconf 71' lang='lat' dir='ltr'>afferret</span> <span class='ocrx_word' id='word_1_648' title='bbox 2515 3174 2869 3245; x_wconf 89' lang='lat' dir='ltr'>molestiam,</span> <span class='ocrx_word' id='word_1_649' title='bbox 2898 3183 2951 3231; x_wconf 92' lang='lat' dir='ltr'>et</span> <span class='ocrx_word' id='word_1_650' title='bbox 2981 3175 3249 3231; x_wconf 87' lang='lat' dir='ltr'>dolorem</span> <span class='ocrx_word' id='word_1_651' title='bbox 3280 3175 3364 3231; x_wconf 90' lang='lat' dir='ltr'>eis</span> <span class='ocrx_word' id='word_1_652' title='bbox 3403 3180 3737 3248; x_wconf 87' lang='lat' dir='ltr'>procrearet</span> <span class='ocrx_word' id='word_1_653' title='bbox 3764 3177 3890 3232; x_wconf 82' lang='lat' dir='ltr'>Ma-</span> 
     </span>
    </p>
   </div>
   <div class='ocr_carea' id='block_1_94' title="bbox 2240 3264 3890 3336">
    <p class='ocr_par' dir='ltr' id='par_1_94' title="bbox 2240 3264 3890 3336">
     <span class='ocr_line' id='line_1_94' title="bbox 2240 3264 3890 3336; baseline 0.002 -19"><span class='ocrx_word' id='word_1_654' title='bbox 2240 3264 2405 3333; x_wconf 91' lang='lat' dir='ltr'>gistri</span> <span class='ocrx_word' id='word_1_655' title='bbox 2454 3264 2725 3335; x_wconf 89' lang='lat' dir='ltr'>privatio,</span> <span class='ocrx_word' id='word_1_656' title='bbox 2759 3264 2889 3335; x_wconf 90' lang='lat' dir='ltr'>ejus</span> <span class='ocrx_word' id='word_1_657' title='bbox 2943 3280 3186 3336; x_wconf 89' lang='lat' dir='ltr'>quoque</span> <span class='ocrx_word' id='word_1_658' title='bbox 3215 3280 3423 3320; x_wconf 88' lang='lat' dir='ltr'>curam</span> <span class='ocrx_word' id='word_1_659' title='bbox 3489 3264 3670 3333; x_wconf 90' lang='lat' dir='ltr'>gessit</span> <span class='ocrx_word' id='word_1_660' title='bbox 3695 3264 3890 3320; x_wconf 90' lang='lat' dir='ltr'>bonus</span> 
     </span>
    </p>
   </div>
   <div class='ocr_carea' id='block_1_95' title="bbox 2239 3351 3893 3424">
    <p class='ocr_par' dir='ltr' id='par_1_95' title="bbox 2239 3351 3893 3424">
     <span class='ocr_line' id='line_1_95' title="bbox 2239 3351 3893 3424; baseline 0.001 -18"><span class='ocrx_word' id='word_1_661' title='bbox 2239 3357 2466 3423; x_wconf 88' lang='lat' dir='ltr'>pastor.</span> <span class='ocrx_word' id='word_1_662' title='bbox 2495 3352 2583 3407; x_wconf 84' lang='lat' dir='ltr'>Ad</span> <span class='ocrx_word' id='word_1_663' title='bbox 2611 3368 2712 3407; x_wconf 93' lang='lat' dir='ltr'>eos</span> <span class='ocrx_word' id='word_1_664' title='bbox 2745 3352 2918 3408; x_wconf 87' lang='lat' dir='ltr'>mittit</span> <span class='ocrx_word' id='word_1_665' title='bbox 2949 3353 3213 3424; x_wconf 88' lang='lat' dir='ltr'>angelos,</span> <span class='ocrx_word' id='word_1_666' title='bbox 3252 3353 3357 3424; x_wconf 88' lang='lat' dir='ltr'>qui</span> <span class='ocrx_word' id='word_1_667' title='bbox 3389 3356 3445 3407; x_wconf 88' lang='lat' dir='ltr'>et</span> <span class='ocrx_word' id='word_1_668' title='bbox 3473 3351 3634 3408; x_wconf 90' lang='lat' dir='ltr'>illius</span> <span class='ocrx_word' id='word_1_669' title='bbox 3687 3369 3893 3409; x_wconf 87' lang='lat' dir='ltr'>ascen-</span> 
     </span>
    </p>
   </div>
   <div class='ocr_carea' id='block_1_96' title="bbox 2240 3441 3891 3513">
    <p class='ocr_par' dir='ltr' id='par_1_96' title="bbox 2240 3441 3891 3513">
     <span class='ocr_line' id='line_1_96' title="bbox 2240 3441 3891 3513; baseline 0.001 -17"><span class='ocrx_word' id='word_1_670' title='bbox 2240 3458 2374 3496; x_wconf 91' lang='lat' dir='ltr'>sum</span> <span class='ocrx_word' id='word_1_671' title='bbox 2421 3442 2804 3513; x_wconf 83' lang='lat' dir='ltr'>explicarent,</span> <span class='ocrx_word' id='word_1_672' title='bbox 2833 3446 2892 3497; x_wconf 92' lang='lat' dir='ltr'>et</span> <span class='ocrx_word' id='word_1_673' title='bbox 2947 3458 3047 3497; x_wconf 90' lang='lat' dir='ltr'>eos</span> <span class='ocrx_word' id='word_1_674' title='bbox 3109 3441 3394 3498; x_wconf 73' lang='lat' dir='ltr'>ineffabili</span> <span class='ocrx_word' id='word_1_675' title='bbox 3447 3446 3504 3497; x_wconf 90' lang='lat' dir='ltr'>et</span> <span class='ocrx_word' id='word_1_676' title='bbox 3544 3442 3891 3497; x_wconf 88' lang='lat' dir='ltr'>admirabili</span> 
     </span>
    </p>
   </div>
   <div class='ocr_carea' id='block_1_97' title="bbox 2238 3530 3891 3601">
    <p class='ocr_par' dir='ltr' id='par_1_97' title="bbox 2238 3530 3891 3601">
     <span class='ocr_line' id='line_1_97' title="bbox 2238 3530 3891 3601; baseline 0.001 -17"><span class='ocrx_word' id='word_1_677' title='bbox 2238 3530 2553 3601; x_wconf 91' lang='lat' dir='ltr'>implerent</span> <span class='ocrx_word' id='word_1_678' title='bbox 2583 3530 3063 3586; x_wconf 75' lang='lat' dir='ltr'>consolatione“.</span> <span class='ocrx_word' id='word_1_679' title='bbox 3094 3535 3240 3586; x_wconf 79' lang='lat' dir='ltr'>Cum</span> <span class='ocrx_word' id='word_1_680' title='bbox 3279 3538 3480 3587; x_wconf 89' lang='lat' dir='ltr'>autem</span> <span class='ocrx_word' id='word_1_681' title='bbox 3512 3530 3891 3599; x_wconf 88' lang='lat' dir='ltr'>adorassent,</span> 
     </span>
    </p>
   </div>
   <div class='ocr_carea' id='block_1_98' title="bbox 2238 3618 3887 3692">
    <p class='ocr_par' dir='ltr' id='par_1_98' title="bbox 2238 3618 3887 3692">
     <span class='ocr_line' id='line_1_98' title="bbox 2238 3618 3887 3692; baseline 0 -17"><span class='ocrx_word' id='word_1_682' title='bbox 2238 3635 2441 3675; x_wconf 91' lang='lat' dir='ltr'>rursus</span> <span class='ocrx_word' id='word_1_683' title='bbox 2492 3620 2744 3675; x_wconf 91' lang='lat' dir='ltr'>domum</span> <span class='ocrx_word' id='word_1_684' title='bbox 2793 3618 2908 3675; x_wconf 72' lang='lat' dir='ltr'>laeti</span> <span class='ocrx_word' id='word_1_685' title='bbox 2954 3626 3089 3675; x_wconf 89' lang='lat' dir='ltr'>sunt</span> <span class='ocrx_word' id='word_1_686' title='bbox 3131 3619 3369 3685; x_wconf 90' lang='lat' dir='ltr'>reversi,</span> <span class='ocrx_word' id='word_1_687' title='bbox 3417 3620 3591 3675; x_wconf 90' lang='lat' dir='ltr'>simul</span> <span class='ocrx_word' id='word_1_688' title='bbox 3641 3620 3887 3692; x_wconf 88' lang='lat' dir='ltr'>quidem</span> 
     </span>
    </p>
   </div>
   <div class='ocr_carea' id='block_1_99' title="bbox 2240 3708 3884 3780">
    <p class='ocr_par' dir='ltr' id='par_1_99' title="bbox 2240 3708 3884 3780">
     <span class='ocr_line' id='line_1_99' title="bbox 2240 3708 3884 3780; baseline 0.001 -16"><span class='ocrx_word' id='word_1_689' title='bbox 2240 3716 2483 3778; x_wconf 89' lang='lat' dir='ltr'>agentes</span> <span class='ocrx_word' id='word_1_690' title='bbox 2512 3708 2569 3763; x_wconf 91' lang='lat' dir='ltr'>in</span> <span class='ocrx_word' id='word_1_691' title='bbox 2602 3709 2905 3780; x_wconf 89' lang='lat' dir='ltr'>superiore</span> <span class='ocrx_word' id='word_1_692' title='bbox 2959 3709 3282 3776; x_wconf 74' lang='lat' dir='ltr'>caenaculo,</span> <span class='ocrx_word' id='word_1_693' title='bbox 3317 3709 3470 3765; x_wconf 90' lang='lat' dir='ltr'>sicut</span> <span class='ocrx_word' id='word_1_694' title='bbox 3498 3712 3884 3765; x_wconf 89' lang='lat' dir='ltr'>constitutum</span> 
     </span>
    </p>
   </div>
   <div class='ocr_carea' id='block_1_100' title="bbox 2239 3797 3888 3869">
    <p class='ocr_par' dir='ltr' id='par_1_100' title="bbox 2239 3797 3888 3869">
     <span class='ocr_line' id='line_1_100' title="bbox 2239 3797 3888 3869; baseline 0.001 -17"><span class='ocrx_word' id='word_1_695' title='bbox 2239 3797 2450 3865; x_wconf 89' lang='lat' dir='ltr'>fuerat,</span> <span class='ocrx_word' id='word_1_696' title='bbox 2482 3803 2538 3853; x_wconf 92' lang='lat' dir='ltr'>et</span> <span class='ocrx_word' id='word_1_697' title='bbox 2575 3797 2857 3853; x_wconf 89' lang='lat' dir='ltr'>Paracleti</span> <span class='ocrx_word' id='word_1_698' title='bbox 2877 3803 3289 3869; x_wconf 83' lang='lat' dir='ltr'>exspectantes</span> <span class='ocrx_word' id='word_1_699' title='bbox 3326 3797 3671 3853; x_wconf 89' lang='lat' dir='ltr'>adventum.</span> <span class='ocrx_word' id='word_1_700' title='bbox 3707 3800 3888 3854; x_wconf 87' lang='lat' dir='ltr'>Erant</span> 
     </span>
    </p>
   </div>
   <div class='ocr_carea' id='block_1_101' title="bbox 2238 3886 3886 3957">
    <p class='ocr_par' dir='ltr' id='par_1_101' title="bbox 2238 3886 3886 3957">
     <span class='ocr_line' id='line_1_101' title="bbox 2238 3886 3886 3957; baseline 0 -16"><span class='ocrx_word' id='word_1_701' title='bbox 2238 3893 2434 3942; x_wconf 86' lang='lat' dir='ltr'>autem</span> <span class='ocrx_word' id='word_1_702' title='bbox 2477 3886 2535 3940; x_wconf 92' lang='lat' dir='ltr'>in</span> <span class='ocrx_word' id='word_1_703' title='bbox 2567 3887 2830 3941; x_wconf 86' lang='lat' dir='ltr'>oratione</span> <span class='ocrx_word' id='word_1_704' title='bbox 2860 3886 3218 3941; x_wconf 87' lang='lat' dir='ltr'>unanimiter</span> <span class='ocrx_word' id='word_1_705' title='bbox 3270 3893 3737 3957; x_wconf 89' lang='lat' dir='ltr'>perseverantes,</span> <span class='ocrx_word' id='word_1_706' title='bbox 3801 3888 3886 3941; x_wconf 88' lang='lat' dir='ltr'>si-</span> 
     </span>
    </p>
   </div>
   <div class='ocr_carea' id='block_1_102' title="bbox 2236 3975 3883 4044">
    <p class='ocr_par' dir='ltr' id='par_1_102' title="bbox 2236 3975 3883 4044">
     <span class='ocr_line' id='line_1_102' title="bbox 2236 3975 3883 4044; baseline 0.001 -14"><span class='ocrx_word' id='word_1_707' title='bbox 2236 3981 2335 4031; x_wconf 92' lang='lat' dir='ltr'>cut</span> <span class='ocrx_word' id='word_1_708' title='bbox 2358 3976 2529 4031; x_wconf 88' lang='lat' dir='ltr'>etiam</span> <span class='ocrx_word' id='word_1_709' title='bbox 2560 3975 2747 4030; x_wconf 90' lang='lat' dir='ltr'>Lucas</span> <span class='ocrx_word' id='word_1_710' title='bbox 2778 3975 3152 4044; x_wconf 87' lang='lat' dir='ltr'>Evangelista</span> <span class='ocrx_word' id='word_1_711' title='bbox 3165 3979 3386 4031; x_wconf 88' lang='lat' dir='ltr'>narrat.</span> <span class='ocrx_word' id='word_1_712' title='bbox 3407 3977 3553 4031; x_wconf 90' lang='lat' dir='ltr'>Cum</span> <span class='ocrx_word' id='word_1_713' title='bbox 3578 3976 3736 4030; x_wconf 91' lang='lat' dir='ltr'>enim</span> <span class='ocrx_word' id='word_1_714' title='bbox 3772 3991 3883 4032; x_wconf 88' lang='lat' dir='ltr'>no-</span> 
     </span>
    </p>
   </div>
   <div class='ocr_carea' id='block_1_103' title="bbox 2236 4062 3880 4134">
    <p class='ocr_par' dir='ltr' id='par_1_103' title="bbox 2236 4062 3880 4134">
     <span class='ocr_line' id='line_1_103' title="bbox 2236 4062 3880 4134; baseline 0.001 -15"><span class='ocrx_word' id='word_1_715' title='bbox 2236 4064 2509 4120; x_wconf 89' lang='lat' dir='ltr'>minatim</span> <span class='ocrx_word' id='word_1_716' title='bbox 2540 4062 2749 4119; x_wconf 89' lang='lat' dir='ltr'>Christi</span> <span class='ocrx_word' id='word_1_717' title='bbox 2808 4070 3216 4119; x_wconf 90' lang='lat' dir='ltr'>enumerasset.</span> <span class='ocrx_word' id='word_1_718' title='bbox 3270 4063 3615 4134; x_wconf 91' lang='lat' dir='ltr'>discipulos,</span> <span class='ocrx_word' id='word_1_719' title='bbox 3662 4063 3880 4121; x_wconf 91' lang='lat' dir='ltr'>deinde</span> 
     </span>
    </p>
   </div>
   <div class='ocr_carea' id='block_1_104' title="bbox 2234 4151 3878 4223">
    <p class='ocr_par' dir='ltr' id='par_1_104' title="bbox 2234 4151 3878 4223">
     <span class='ocr_line' id='line_1_104' title="bbox 2234 4151 3878 4223; baseline 0.001 -16"><span class='ocrx_word' id='word_1_720' title='bbox 2234 4152 2581 4223; x_wconf 88' lang='lat' dir='ltr'>subjungit:</span> <span class='ocrx_word' id='word_1_721' title='bbox 2617 4153 2693 4207; x_wconf 85' lang='lat' dir='ltr'>Et</span> <span class='ocrx_word' id='word_1_722' title='bbox 2747 4151 2810 4207; x_wconf 81' lang='lat' dir='ltr'>hi</span> <span class='ocrx_word' id='word_1_723' title='bbox 2846 4167 3044 4209; x_wconf 89' lang='lat' dir='ltr'>omnes</span> <span class='ocrx_word' id='word_1_724' title='bbox 3083 4152 3541 4220; x_wconf 79' lang='lat' dir='ltr'>perseverabant</span> <span class='ocrx_word' id='word_1_725' title='bbox 3581 4153 3878 4208; x_wconf 84' lang='lat' dir='ltr'>unanimi-</span> 
     </span>
    </p>
   </div>
   <div class='ocr_carea' id='block_1_105' title="bbox 2233 4238 3875 4309">
    <p class='ocr_par' dir='ltr' id='par_1_105' title="bbox 2233 4238 3875 4309">
     <span class='ocr_line' id='line_1_105' title="bbox 2233 4238 3875 4309; baseline 0.002 -13"><span class='ocrx_word' id='word_1_726' title='bbox 2233 4248 2325 4297; x_wconf 87' lang='lat' dir='ltr'>ter</span> <span class='ocrx_word' id='word_1_727' title='bbox 2351 4242 2414 4297; x_wconf 85' lang='lat' dir='ltr'>in</span> <span class='ocrx_word' id='word_1_728' title='bbox 2445 4243 2710 4298; x_wconf 88' lang='lat' dir='ltr'>oratione</span> <span class='ocrx_word' id='word_1_729' title='bbox 2733 4248 2784 4297; x_wconf 89' lang='lat' dir='ltr'>et</span> <span class='ocrx_word' id='word_1_730' title='bbox 2831 4238 3191 4309; x_wconf 86' lang='lat' dir='ltr'>precatione,</span> <span class='ocrx_word' id='word_1_731' title='bbox 3248 4258 3376 4297; x_wconf 87' lang='lat' dir='ltr'>cum</span> <span class='ocrx_word' id='word_1_732' title='bbox 3422 4242 3772 4298; x_wconf 84' lang='lat' dir='ltr'>mutieribus</span> <span class='ocrx_word' id='word_1_733' title='bbox 3820 4254 3875 4300; x_wconf 91' lang='lat' dir='ltr'>et</span> 
     </span>
    </p>
   </div>
   <div class='ocr_carea' id='block_1_106' title="bbox 2229 4329 3876 4403">
    <p class='ocr_par' dir='ltr' id='par_1_106' title="bbox 2229 4329 3876 4403">
     <span class='ocr_line' id='line_1_106' title="bbox 2229 4329 3876 4403; baseline 0.001 -16"><span class='ocrx_word' id='word_1_734' title='bbox 2229 4332 2428 4387; x_wconf 86' lang='lat' dir='ltr'>Maria</span> <span class='ocrx_word' id='word_1_735' title='bbox 2456 4337 2648 4387; x_wconf 84' lang='lat' dir='ltr'>matre</span> <span class='ocrx_word' id='word_1_736' title='bbox 2661 4331 2825 4393; x_wconf 82' lang='lat' dir='ltr'>Jesu,</span> <span class='ocrx_word' id='word_1_737' title='bbox 2848 4338 2901 4387; x_wconf 88' lang='lat' dir='ltr'>et</span> <span class='ocrx_word' id='word_1_738' title='bbox 2929 4347 3060 4387; x_wconf 81' lang='lat' dir='ltr'>cum</span> <span class='ocrx_word' id='word_1_739' title='bbox 3076 4330 3378 4399; x_wconf 81' lang='lat' dir='ltr'>fratribus</span> <span class='ocrx_word' id='word_1_740' title='bbox 3398 4332 3595 4400; x_wconf 74' lang='lat' dir='ltr'>ejus“.</span> <span class='ocrx_word' id='word_1_741' title='bbox 3624 4329 3876 4403; x_wconf 86' lang='lat' dir='ltr'>Semper</span> 
     </span>
    </p>
   </div>
   <div class='ocr_carea' id='block_1_107' title="bbox 2227 4419 3873 4491">
    <p class='ocr_par' dir='ltr' id='par_1_107' title="bbox 2227 4419 3873 4491">
     <span class='ocr_line' id='line_1_107' title="bbox 2227 4419 3873 4491; baseline 0.001 -16"><span class='ocrx_word' id='word_1_742' title='bbox 2227 4420 2388 4475; x_wconf 89' lang='lat' dir='ltr'>enim</span> <span class='ocrx_word' id='word_1_743' title='bbox 2419 4420 2549 4491; x_wconf 90' lang='lat' dir='ltr'>ipsa</span> <span class='ocrx_word' id='word_1_744' title='bbox 2577 4435 2819 4491; x_wconf 89' lang='lat' dir='ltr'>quoque</span> <span class='ocrx_word' id='word_1_745' title='bbox 2836 4436 2973 4475; x_wconf 90' lang='lat' dir='ltr'>cum</span> <span class='ocrx_word' id='word_1_746' title='bbox 3000 4421 3085 4476; x_wconf 89' lang='lat' dir='ltr'>eis</span> <span class='ocrx_word' id='word_1_747' title='bbox 3108 4419 3599 4484; x_wconf 88' lang='lat' dir='ltr'>conversabatur,</span> <span class='ocrx_word' id='word_1_748' title='bbox 3628 4436 3665 4475; x_wconf 91' lang='lat' dir='ltr'>a</span> <span class='ocrx_word' id='word_1_749' title='bbox 3692 4421 3873 4476; x_wconf 90' lang='lat' dir='ltr'>rebus</span> 
     </span>
    </p>
   </div>
   <div class='ocr_carea' id='block_1_108' title="bbox 2225 4506 3873 4579">
    <p class='ocr_par' dir='ltr' id='par_1_108' title="bbox 2225 4506 3873 4579">
     <span class='ocr_line' id='line_1_108' title="bbox 2225 4506 3873 4579; baseline 0 -16"><span class='ocrx_word' id='word_1_750' title='bbox 2225 4507 2637 4579; x_wconf 88' lang='lat' dir='ltr'>pulcherrimis</span> <span class='ocrx_word' id='word_1_751' title='bbox 2677 4511 2736 4563; x_wconf 88' lang='lat' dir='ltr'>et</span> <span class='ocrx_word' id='word_1_752' title='bbox 2772 4506 3206 4563; x_wconf 88' lang='lat' dir='ltr'>honestissimis</span> <span class='ocrx_word' id='word_1_753' title='bbox 3260 4522 3574 4578; x_wconf 86' lang='lat' dir='ltr'>nunquam</span> <span class='ocrx_word' id='word_1_754' title='bbox 3627 4508 3873 4563; x_wconf 91' lang='lat' dir='ltr'>omnino</span> 
     </span>
    </p>
   </div>
   <div class='ocr_carea' id='block_1_109' title="bbox 2223 4595 2533 4652">
    <p class='ocr_par' dir='ltr' id='par_1_109' title="bbox 2223 4595 2533 4652">
     <span class='ocr_line' id='line_1_109' title="bbox 2223 4595 2533 4652; baseline -0.013 0"><span class='ocrx_word' id='word_1_755' title='bbox 2223 4595 2533 4652; x_wconf 90' lang='lat' dir='ltr'>desistens.</span> 
     </span>
    </p>
   </div>
   <div class='ocr_carea' id='block_1_110' title="bbox 2292 4685 3871 4756">
    <p class='ocr_par' dir='ltr' id='par_1_110' title="bbox 2292 4685 3871 4756">
     <span class='ocr_line' id='line_1_110' title="bbox 2292 4685 3871 4756; baseline 0.001 -17"><span class='ocrx_word' id='word_1_756' title='bbox 2292 4685 2578 4739; x_wconf 82' lang='lat' dir='ltr'>XXXVlll.</span> <span class='ocrx_word' id='word_1_757' title='bbox 2627 4685 2949 4756; x_wconf 89' lang='lat' dir='ltr'>Postquam</span> <span class='ocrx_word' id='word_1_758' title='bbox 2996 4690 3197 4741; x_wconf 89' lang='lat' dir='ltr'>autem</span> <span class='ocrx_word' id='word_1_759' title='bbox 3247 4685 3307 4740; x_wconf 90' lang='lat' dir='ltr'>in</span> <span class='ocrx_word' id='word_1_760' title='bbox 3348 4690 3613 4756; x_wconf 90' lang='lat' dir='ltr'>tempore</span> <span class='ocrx_word' id='word_1_761' title='bbox 3668 4685 3871 4741; x_wconf 87' lang='lat' dir='ltr'>Pente—</span> 
     </span>
    </p>
   </div>
   <div class='ocr_carea' id='block_1_111' title="bbox 2220 4772 3866 4844">
    <p class='ocr_par' dir='ltr' id='par_1_111' title="bbox 2220 4772 3866 4844">
     <span class='ocr_line' id='line_1_111' title="bbox 2220 4772 3866 4844; baseline 0.001 -16"><span class='ocrx_word' id='word_1_762' title='bbox 2220 4782 2412 4829; x_wconf 91' lang='lat' dir='ltr'>costes</span> <span class='ocrx_word' id='word_1_763' title='bbox 2442 4774 2675 4844; x_wconf 90' lang='lat' dir='ltr'>apstoli,</span> <span class='ocrx_word' id='word_1_764' title='bbox 2726 4772 2952 4844; x_wconf 89' lang='lat' dir='ltr'>impleti</span> <span class='ocrx_word' id='word_1_765' title='bbox 2982 4773 3186 4829; x_wconf 89' lang='lat' dir='ltr'>divina</span> <span class='ocrx_word' id='word_1_766' title='bbox 3211 4775 3401 4844; x_wconf 88' lang='lat' dir='ltr'>gratia</span> <span class='ocrx_word' id='word_1_767' title='bbox 3450 4773 3756 4840; x_wconf 89' lang='lat' dir='ltr'>Paracleti,</span> <span class='ocrx_word' id='word_1_768' title='bbox 3789 4777 3866 4830; x_wconf 89' lang='lat' dir='ltr'>ad</span> 
     </span>
    </p>
   </div>
   <div class='ocr_carea' id='block_1_112' title="bbox 2220 4861 3863 4933">
    <p class='ocr_par' dir='ltr' id='par_1_112' title="bbox 2220 4861 3863 4933">
     <span class='ocr_line' id='line_1_112' title="bbox 2220 4861 3863 4933; baseline 0.001 -16"><span class='ocrx_word' id='word_1_769' title='bbox 2220 4861 2521 4930; x_wconf 87' lang='lat' dir='ltr'>Evangelii</span> <span class='ocrx_word' id='word_1_770' title='bbox 2551 4862 2883 4917; x_wconf 84' lang='lat' dir='ltr'>doctrinam</span> <span class='ocrx_word' id='word_1_771' title='bbox 2908 4861 3058 4917; x_wconf 90' lang='lat' dir='ltr'>alius</span> <span class='ocrx_word' id='word_1_772' title='bbox 3080 4862 3197 4918; x_wconf 91' lang='lat' dir='ltr'>alio</span> <span class='ocrx_word' id='word_1_773' title='bbox 3227 4862 3631 4929; x_wconf 87' lang='lat' dir='ltr'>mittebantur,</span> <span class='ocrx_word' id='word_1_774' title='bbox 3657 4868 3714 4918; x_wconf 94' lang='lat' dir='ltr'>et</span> <span class='ocrx_word' id='word_1_775' title='bbox 3734 4864 3863 4933; x_wconf 90' lang='lat' dir='ltr'>jam</span> 
     </span>
    </p>
   </div>
   <div class='ocr_carea' id='block_1_113' title="bbox 2217 4950 3864 5024">
    <p class='ocr_par' dir='ltr' id='par_1_113' title="bbox 2217 4950 3864 5024">
     <span class='ocr_line' id='line_1_113' title="bbox 2217 4950 3864 5024; baseline 0.002 -19"><span class='ocrx_word' id='word_1_776' title='bbox 2217 4950 2562 5021; x_wconf 68' lang='lat' dir='ltr'>praedicatio</span> <span class='ocrx_word' id='word_1_777' title='bbox 2602 4950 2739 5005; x_wconf 88' lang='lat' dir='ltr'>ﬁdei</span> <span class='ocrx_word' id='word_1_778' title='bbox 2766 4951 3252 5017; x_wconf 89' lang='lat' dir='ltr'>annuntiabatur,</span> <span class='ocrx_word' id='word_1_779' title='bbox 3286 4951 3604 5022; x_wconf 89' lang='lat' dir='ltr'>Virginem,</span> <span class='ocrx_word' id='word_1_780' title='bbox 3663 4958 3864 5024; x_wconf 90' lang='lat' dir='ltr'>utpote</span> 
     </span>
    </p>
   </div>
   <div class='ocr_carea' id='block_1_114' title="bbox 2215 5037 3862 5111">
    <p class='ocr_par' dir='ltr' id='par_1_114' title="bbox 2215 5037 3862 5111">
     <span class='ocr_line' id='line_1_114' title="bbox 2215 5037 3862 5111; baseline 0.002 -18"><span class='ocrx_word' id='word_1_781' title='bbox 2215 5037 2429 5093; x_wconf 88' lang='lat' dir='ltr'>dilecto</span> <span class='ocrx_word' id='word_1_782' title='bbox 2475 5038 2768 5109; x_wconf 89' lang='lat' dir='ltr'>discipulo</span> <span class='ocrx_word' id='word_1_783' title='bbox 2825 5046 2881 5095; x_wconf 93' lang='lat' dir='ltr'>et</span> <span class='ocrx_word' id='word_1_784' title='bbox 2912 5040 3125 5109; x_wconf 88' lang='lat' dir='ltr'>virgini</span> <span class='ocrx_word' id='word_1_785' title='bbox 3168 5040 3677 5107; x_wconf 86' lang='lat' dir='ltr'>commendatam,</span> <span class='ocrx_word' id='word_1_786' title='bbox 3728 5057 3862 5111; x_wconf 72' lang='lat' dir='ltr'>quas</span> 
     </span>
    </p>
   </div>
   <div class='ocr_carea' id='block_1_115' title="bbox 2215 5127 3861 5199">
    <p class='ocr_par' dir='ltr' id='par_1_115' title="bbox 2215 5127 3861 5199">
     <span class='ocr_line' id='line_1_115' title="bbox 2215 5127 3861 5199; baseline 0.002 -18"><span class='ocrx_word' id='word_1_787' title='bbox 2215 5132 2342 5183; x_wconf 86' lang='lat' dir='ltr'>erat</span> <span class='ocrx_word' id='word_1_788' title='bbox 2371 5128 2432 5183; x_wconf 91' lang='lat' dir='ltr'>in</span> <span class='ocrx_word' id='word_1_789' title='bbox 2459 5128 2594 5184; x_wconf 88' lang='lat' dir='ltr'>Sion</span> <span class='ocrx_word' id='word_1_790' title='bbox 2626 5127 2753 5198; x_wconf 88' lang='lat' dir='ltr'>ejus</span> <span class='ocrx_word' id='word_1_791' title='bbox 2780 5127 3018 5196; x_wconf 87' lang='lat' dir='ltr'>domus,</span> <span class='ocrx_word' id='word_1_792' title='bbox 3046 5145 3179 5185; x_wconf 89' lang='lat' dir='ltr'>eam</span> <span class='ocrx_word' id='word_1_793' title='bbox 3205 5129 3468 5186; x_wconf 87' lang='lat' dir='ltr'>habebat</span> <span class='ocrx_word' id='word_1_794' title='bbox 3497 5128 3616 5185; x_wconf 91' lang='lat' dir='ltr'>illic</span> <span class='ocrx_word' id='word_1_795' title='bbox 3641 5128 3861 5199; x_wconf 89' lang='lat' dir='ltr'>degen-</span> 
     </span>
    </p>
   </div>
   <div class='ocr_carea' id='block_1_116' title="bbox 3106 5350 3857 5414">
    <p class='ocr_par' dir='ltr' id='par_1_116' title="bbox 3106 5350 3857 5414">
     <span class='ocr_line' id='line_1_116' title="bbox 3106 5350 3857 5414; baseline 0.004 -9"><span class='ocrx_word' id='word_1_796' title='bbox 3106 5351 3150 5386; x_wconf 82' lang='grc'>⁶¹</span> <span class='ocrx_word' id='word_1_797' title='bbox 3186 5352 3495 5414; x_wconf 86' lang='lat' dir='ltr'>Joan.n,l.</span> <span class='ocrx_word' id='word_1_798' title='bbox 3611 5352 3657 5386; x_wconf 80' lang='grc'>⁸³</span> <span class='ocrx_word' id='word_1_799' title='bbox 3705 5350 3857 5409; x_wconf 90' lang='lat' dir='ltr'>Ibid.</span> 
     </span>
    </p>
   </div>
   <div class='ocr_carea' id='block_1_117' title="bbox 2280 5438 3854 5508">
    <p class='ocr_par' dir='ltr' id='par_1_117' title="bbox 2280 5438 3854 5508">
     <span class='ocr_line' id='line_1_117' title="bbox 2280 5438 3854 5508; baseline 0.002 -16"><span class='ocrx_word' id='word_1_800' title='bbox 2280 5438 2327 5473; x_wconf 80' lang='lat'><strong>“</strong></span> <span class='ocrx_word' id='word_1_801' title='bbox 2380 5440 2507 5495; x_wconf 80' lang='lat' dir='ltr'>Act.</span> <span class='ocrx_word' id='word_1_802' title='bbox 2568 5438 2721 5504; x_wconf 68' lang='lat'>1,14.</span> <span class='ocrx_word' id='word_1_803' title='bbox 2836 5439 2878 5473; x_wconf 81' lang='grc'>⁸⁷</span> <span class='ocrx_word' id='word_1_804' title='bbox 2918 5441 3051 5494; x_wconf 87' lang='lat' dir='ltr'>Luc.</span> <span class='ocrx_word' id='word_1_805' title='bbox 3117 5454 3273 5505; x_wconf 86' lang='lat' dir='ltr'>xxiv,</span> <span class='ocrx_word' id='word_1_806' title='bbox 3311 5445 3395 5494; x_wconf 77' lang='grc'><strong>51.</strong></span> <span class='ocrx_word' id='word_1_807' title='bbox 3449 5440 3496 5476; x_wconf 79' lang='grc'>⁸⁸</span> <span class='ocrx_word' id='word_1_808' title='bbox 3554 5446 3723 5508; x_wconf 67' lang='lat' dir='ltr'>Acta,</span> <span class='ocrx_word' id='word_1_809' title='bbox 3770 5443 3854 5507; x_wconf 86' lang='lat' dir='ltr'>t0,</span> 
     </span>
    </p>
   </div>
  </div>
