4142 6196
192 298 299 351 557

1415 297 1680 353 ORATIO
1709 294 1799 350 DE
1831 293 2109 350 SANCTA
2153 296 2383 353 MARIA

3502 304 3607 360 558

192 427 350 477 tem:
379 420 470 477 cui
501 424 792 494 tanquam
817 419 976 477 Matri
1007 422 1127 477 Deo
1184 422 1377 478 honor
1433 426 1512 479 ab
1562 422 1850 479 omnibus
1886 419 1933 473 A
1965 436 2101 487 mea
2130 420 2426 477 voluntas.
2478 422 2735 480 Accersit
2814 426 3013 480 autem
3085 426 3340 493 Petrum,
3390 429 3607 485 deinde

188 508 605 566 exhibebatur.
634 512 782 565 Cum
815 526 949 565 vero
980 515 1036 566 et
1076 512 1283 566 mortis
1313 528 1449 568 eam
1502 510 1849 584 participem

188 597 314 653 ﬁeri
362 614 604 654 necesse
661 598 829 663 foret,
890 599 1017 670 (cur
1067 601 1230 656 enim
1283 600 1399 656 hoc
1422 616 1675 672 passura
1724 612 1842 653 non

187 693 364 753 esset,
424 689 701 759 quamvis
743 688 839 743 Dei
866 687 1045 743 Filius
1099 706 1170 745 ex
1224 706 1295 745 ea
1356 690 1589 759 genitus
1642 704 1847 744 revera

187 782 347 833 esset
391 777 576 832 homo
620 776 669 847 ?)
714 794 873 847 cum,
920 776 1193 850 inquam,
1258 784 1428 835 atate
1466 783 1742 850 provecta
1769 777 1845 833 ad

189 865 443 922 multam
487 871 855 921 senectutem
894 868 1278 938 pervenisset,
1321 875 1377 924 et
1422 867 1842 941 peregrinatio-

188 956 282 1011 nis
311 963 545 1027 tempus
558 972 826 1026 prasens
848 960 1019 1023 esset,
1044 958 1462 1027 perangelum,
1488 975 1547 1012 se
1566 957 1843 1025 migratu-

184 1061 319 1100 ram
349 1061 498 1107 esse,
534 1062 569 1100 a
630 1044 771 1099 Filio
807 1045 1013 1101 edocta
1044 1052 1153 1111 est,
1184 1048 1334 1102 sicut
1383 1052 1439 1101 et
1479 1053 1672 1108 antea,
1725 1062 1847 1117 quo

188 1137 461 1204 tempore
487 1134 545 1188 in
592 1133 721 1203 ejus
776 1140 1033 1188 ventrem
1093 1134 1471 1203 ingressurus
1502 1140 1645 1199 erat,
1691 1150 1843 1189 nun-

189 1224 402 1278 tiatum
436 1222 514 1277 illi
537 1220 747 1277 fuerat.
787 1222 931 1278 Cum
963 1222 1146 1294 igitur
1198 1240 1479 1280 excessus
1513 1224 1601 1278 sui
1633 1228 1850 1294 myste-

193 1312 354 1367 rium
396 1309 719 1378 didicisset,
766 1327 899 1367 eam
963 1326 1087 1368 rem
1130 1312 1342 1367 latitia
1375 1317 1574 1379 tanta,
1622 1316 1851 1381 quanta

190 1399 392 1455 verbis
452 1399 734 1471 explicari
780 1416 897 1455 non
956 1407 1166 1471 potest,
1198 1401 1508 1456 materiam
1561 1399 1848 1471 judicans

189 1487 369 1561 (quid
427 1490 587 1543 enim
642 1488 721 1543 illi
784 1489 1030 1545 suavius
1086 1489 1323 1545 evenire
1380 1494 1633 1561 poterat,
1660 1504 1844 1561 quam

188 1593 330 1633 cum
364 1576 503 1632 Filio
536 1593 647 1632 suo
678 1593 810 1632 esse
837 1582 890 1632 et
916 1594 1035 1632 una
1060 1579 1351 1647 regnare?
1379 1587 1394 1645 )
1440 1580 1639 1633 statim
1672 1578 1851 1648 jussit

188 1666 451 1739 plurima
476 1666 704 1721 lumina
725 1663 971 1721 domum
1006 1666 1198 1721 afferri
1236 1684 1250 1733 ;
1282 1668 1463 1738 idque
1491 1666 1714 1722 factum
1736 1671 1845 1720 est.

1964 509 2235 566 alioszet
2259 527 2397 567 cum
2421 513 2697 568 lucernas
2740 512 2855 583 ipsi
2904 512 3343 582 accendissent,
3397 517 3495 574 illa
3547 519 3607 574 in

1963 599 2169 670 spiritu
2209 600 2531 666 exsultans,
2564 600 2821 656 diductis
2870 599 3077 667 labris,
3134 603 3421 660 Benedico
3480 606 3607 671 tibi,

1960 687 2173 760 inquit,
2201 688 2393 745 datori
2420 690 2617 747 omnis
2650 689 3089 757 benedictionis,
3122 707 3319 749 causa
3345 692 3607 761 luminis;

1962 778 2064 849 qui
2124 794 2325 833 meum
2380 785 2642 834 ventrem
2725 779 3095 835 inhabitasti.
3160 780 3461 837 Benedico
3488 789 3609 840 tua

1960 865 2252 935 charitati,
2285 884 2407 940 qua
2433 884 2543 924 nos
2572 866 2849 924 dilexisti.
2869 868 3116 924 Domine
3144 886 3156 923 :
3200 877 3255 925 et
3287 870 3611 939 magniﬁco

1963 955 2143 1011 verba
2176 962 2294 1021 tua,
2360 972 2495 1028 qua
2526 956 2698 1014 nobis
2738 956 2881 1013 data
2939 963 3075 1014 sunt
3132 956 3191 1013 in
3262 960 3503 1017 veritate
3554 966 3613 1018 et

1963 1044 2138 1099 credo
2168 1045 2311 1101 mihi
2332 1045 2611 1111 aifutura,
2636 1062 2772 1117 qua
2803 1046 3024 1103 dixisti.
3051 1050 3198 1103 Cum
3227 1049 3310 1103 sic
3341 1048 3608 1116 dixisset,

1962 1150 2023 1189 se
2045 1134 2291 1189 reclinat
2318 1135 2372 1189 in
2400 1135 2571 1199 lecto,
2605 1140 2660 1191 et
2686 1134 2967 1191 manibus
3012 1136 3071 1191 in
3117 1136 3302 1192 alium
3335 1137 3608 1203 sublatis,

1961 1237 2097 1277 cum
2135 1222 2273 1277 nulli
2328 1223 2770 1294 reprehensioni
2818 1223 2999 1279 atﬂne
3056 1241 3233 1281 suum
3281 1241 3498 1297 corpus
3551 1227 3609 1282 in

1960 1310 2273 1367 honestam
2292 1315 2349 1367 et
2372 1312 2650 1367 decoram
2674 1313 2929 1380 ﬁguram
2950 1314 3409 1385 composuisset,
3433 1321 3488 1372 et
3510 1332 3611 1372 eos

1962 1400 2369 1455 venerandum
2398 1400 2770 1471 apperuisset
2794 1402 3035 1471 (etenim
3071 1402 3303 1458 videbat
3341 1405 3467 1473 jam
3503 1406 3610 1461 Do-

1962 1488 2194 1544 minum
2248 1491 2326 1545 ad
2386 1490 2579 1560 ipsam
2636 1490 2969 1545 venientem
3023 1507 3161 1546 cum
3232 1492 3610 1549 multitudine

1960 1577 2356 1644 angelorum),
2391 1583 2512 1633 tota
2544 1578 2823 1649 impletur
2848 1580 3063 1649 gaudio
3086 1585 3142 1635 et
3201 1580 3520 1652 voluptate,
3556 1588 3612 1639 et

1961 1682 2099 1721 cum
2136 1682 2340 1721 rursus
2367 1666 2613 1722 dixisset
2643 1684 2655 1720 :
2690 1668 2827 1722 Fiat
2858 1668 3024 1733 mihi,
3078 1670 3346 1740 Domine,
3410 1686 3609 1727 secun-

188 1756 335 1811 Tota
371 1771 511 1810 vero
562 1756 776 1811 domus
839 1756 1130 1811 mundata
1180 1762 1287 1811 est.
1338 1758 1543 1811 Lectus
1590 1756 1754 1823 item,
1794 1760 1850 1810 et
1887 1770 1929 1827 Β
1959 1756 2101 1812 dum
2155 1757 2395 1813 verbum
2450 1763 2636 1820 tuum,
2689 1758 2902 1812 emittit
2935 1764 3222 1829 tanquam
3266 1759 3326 1814 in
3390 1776 3609 1817 somno

188 1844 494 1900 thalamus
519 1843 849 1899 ornabatur
880 1866 892 1898 ε
927 1849 982 1899 et
1020 1845 1505 1901 convocabantur
1551 1850 1848 1917 quotquot

188 1938 362 1989 erant
391 1934 626 2003 cognati
654 1940 708 1987 et
752 1933 948 1999 vicini,
987 1939 1046 1989 ut
1075 1950 1210 1989 cum
1264 1949 1337 1989 ea
1393 1933 1608 1989 latitia
1639 1934 1847 1988 tierent

192 2023 532 2094 participes.
562 2021 782 2076 Deinde
796 2028 1005 2093 parata
1018 2031 1183 2077 erant
1198 2023 1401 2078 omnia
1416 2024 1491 2077 ad
1513 2038 1843 2077 excessum.

190 2109 497 2180 Significat
528 2111 729 2183 itaque
759 2110 829 2165 iis
856 2112 958 2184 qui
999 2117 1422 2175 convenerant,
1463 2112 1523 2166 id
1579 2112 1742 2183 quod
1795 2111 1846 2167 ei

195 2200 374 2255 Filius
406 2216 509 2270 per
539 2199 819 2268 angelum
867 2200 1257 2256 nuntiaverat.
1317 2201 1583 2257 Ostendit
1646 2207 1845 2256 autem

190 2289 489 2354 bravium,
519 2290 683 2361 quod
706 2288 817 2343 sibi
849 2288 926 2344 ab
954 2305 1023 2344 eo
1049 2290 1259 2345 datum
1314 2290 1521 2345 fuerat.
1590 2289 1651 2344 Id
1709 2306 1846 2345 vero

188 2382 315 2432 erat
340 2394 545 2433 ramus
576 2377 816 2448 palma,
850 2382 913 2433 ut
961 2380 1180 2447 lingua
1206 2378 1550 2434 assuefacta
1580 2395 1717 2435 vcra
1764 2378 1846 2433 lo-

187 2468 288 2538 qui
315 2467 391 2522 de
418 2482 489 2521 eo
515 2466 832 2521 dixerant:
892 2467 1132 2536 signum
1190 2467 1447 2523 victoria
1502 2468 1729 2533 mortis,
1790 2472 1847 2522 et

186 2555 543 2627 vitaimago
580 2555 930 2610 immortalis
978 2572 988 2609 :
1026 2557 1179 2611 sicut
1237 2557 1416 2612 etiam
1452 2556 1841 2611 Hebraorum

188 2645 357 2717 pueri
391 2644 449 2699 id
482 2644 609 2714 ejus
639 2643 940 2699 faciebant
993 2644 1155 2709 Filio,
1214 2645 1486 2715 inspirati
1536 2644 1840 2700 divinitus.

186 2732 272 2788 Illi
304 2732 467 2788 enim
492 2732 1000 2804 appropinquanti
1029 2733 1103 2788 ad
1137 2735 1495 2800 passionem,
1547 2734 1585 2788 ii
1638 2751 1841 2790 ramos

187 2822 529 2893 palmarum
544 2821 893 2886 onerabant,
909 2839 1045 2877 eum
1060 2823 1323 2879 futurum
1341 2822 1621 2878 victorem
1640 2826 1845 2879 mortis

183 2915 327 2966 ante
344 2909 825 2981 signiﬁcantes”.
844 2913 989 2967 Cum
1008 2911 1342 2982 autemjam
1359 2912 1596 2968 adesset
1610 2916 1845 2983 tempus

184 3016 493 3065 excessus,
519 2998 619 3055 illa
648 2999 891 3071 quidem
924 3016 1079 3055 vera
1110 3002 1239 3055 vita
1284 3004 1469 3056 mater
1512 3000 1751 3071 jacebat
1784 3003 1842 3057 in

1960 1846 2256 1917 spiritum,
2286 1852 2342 1900 et
2369 1862 2506 1901 eum
2540 1846 2600 1901 in
2632 1846 2840 1901 amicis
2874 1846 3121 1918 deponit
3145 1848 3270 1903 Filii
3304 1849 3607 1905 manibus.

1960 1936 2037 1989 Ne
2072 1938 2270 1988 autem
2309 1933 2571 1989 videatur
2614 1949 2742 1989 esse
2792 1935 2988 1999 inane,
3046 1935 3207 2007 quod
3252 1936 3478 1993 dictum
3521 1942 3611 1994 est

1959 2021 2034 2076 de
2064 2022 2521 2093 congregatione
2552 2023 2983 2093 apostolorum,
3015 2039 3152 2095 qua
3188 2024 3349 2081 facta
3403 2032 3490 2082 est
3548 2027 3609 2083 in

1959 2111 2316 2167 dormitione
2352 2111 2643 2180 Virginis;
2689 2112 2872 2168 satius
2918 2112 3091 2168 fuerit
3136 2130 3209 2170 ea
3262 2117 3607 2173 summatim

1960 2198 2201 2263 addere,
2234 2215 2368 2272 qua
2408 2216 2445 2255 a
2496 2201 2781 2272 Dionysio
2811 2202 3160 2272 Areopagita
3212 2203 3490 2259 dicuntur
3548 2206 3606 2260 in

1962 2288 2127 2344 tertio
2147 2288 2301 2344 libro
2354 2289 2451 2359 (l),
2502 2295 2558 2344 et
2623 2290 2831 2360 capitis
2891 2290 3156 2361 quidem.
3199 2292 3336 2357 Qua
3388 2296 3465 2349 sit
3523 2294 3609 2351 vis

1958 2377 2244 2432 orationis
2274 2382 2328 2432 et
2347 2378 2417 2433 de
2430 2376 2595 2432 beato
2618 2377 3271 2447 Hierotheo,depietate
3292 2387 3343 2437 et
3358 2382 3430 2437 de
3446 2381 3608 2439 theo-

1961 2468 2153 2537 logica
2176 2466 2528 2536 inscriptum
2561 2470 2650 2520 est
2675 2466 3127 2535 conscriptione.
3187 2470 3469 2525 Dicuntur
3498 2487 3609 2526 au-

1958 2559 2077 2610 tem
2126 2570 2198 2608 ea
2258 2553 2501 2625 quidem
2558 2555 2865 2610 Timotheo
2921 2556 3130 2626 Ephesi
3179 2558 3482 2628 episcopo.
3531 2559 3612 2614 Ea

1958 2659 2094 2699 vero
2123 2648 2261 2697 sunt
2299 2643 2358 2696 in
2392 2642 2505 2696 hoc
2528 2642 2717 2713 capite
2742 2643 2825 2696 sic
2856 2643 2932 2697 ad
2966 2643 3206 2700 verbum
3247 2647 3435 2716 posita
3462 2663 3474 2701 :

2024 2731 2130 2787 XL.
2168 2752 2195 2783 «
2219 2730 2715 2803 Quandoquidem
2737 2730 2901 2803 apud
2926 2730 3093 2803 ipsos
3114 2748 3356 2804 quoque
3371 2737 3608 2791 nostros

1957 2823 2072 2878 Deo
2104 2820 2339 2876 afﬂatos
2370 2835 2669 2876 sacrorum
2699 2821 3017 2891 principes,
3049 2822 3296 2893 quando
3316 2838 3426 2877 nos
3456 2839 3606 2896 quo-

1957 2925 2094 2981 que,
2132 2913 2191 2964 ut
2250 2908 2381 2980 ipse
2407 2908 2579 2972 nosti,
2611 2913 2667 2963 et
2709 2907 2897 2973 multi,
2928 2924 3000 2965 ex
3036 2910 3255 2965 nostris
3275 2909 3458 2967 sacris
3498 2910 3609 2968 fra-

1959 2998 2146 3054 tribus
2174 2997 2249 3054 ad
2272 2997 2595 3053 videndum
2625 3013 2863 3068 corpus,
2896 2998 3056 3070 quod
3082 2998 3213 3055 vita
3243 2999 3606 3072 principium

185 3088 442 3157 grabato
475 3089 717 3144 :aderat
750 3084 883 3145 vero
907 3088 977 3153 is,
1008 3090 1110 3160 qui
1134 3106 1266 3145 eam
1302 3089 1485 3145 domo
1508 3097 1836 3163 exceperat,
1882 3118 1923 3176 C
1956 3087 2140 3155 dedit,
2166 3092 2221 3142 et
2245 3088 2429 3142 Deum
2451 3087 2734 3159 suscepit,
2750 3086 3142 3143 convenimus
3169 3089 3603 3157 (aderatautem

184 3179 473 3233 Joannes.
515 3178 774 3233 Aderant
829 3178 1029 3244 etiam,
1064 3178 1407 3251 quicunque
1458 3184 1631 3233 erant
1673 3179 1843 3236 electi

188 3266 292 3322 inJ
301 3266 967 3339 erusale’m,amicaque
981 3272 1033 3322 et
1049 3274 1317 3336 cognata
1343 3267 1520 3323 simul
1540 3270 1839 3325 astabant.

186 3357 367 3427 Virgo
390 3371 532 3426 ergo
559 3354 636 3410 ad
664 3357 953 3411 Joannem
1007 3355 1301 3427 aspiciens
1356 3357 1670 3426 virginem,
1708 3374 1843 3413 cum

82 3520 83 3523 η
188 3461 385 3517 pauca
415 3461 553 3499 cum
584 3460 654 3499 eo
705 3450 857 3500 esset
881 3445 1101 3510 locuta,
1149 3445 1367 3500 deinde
1397 3461 1409 3500 :
1438 3446 1841 3518 Duas,inquit,

188 3534 428 3588 tunicas
456 3549 608 3604 quas
643 3539 760 3588 toto
775 3534 908 3588 vita
934 3542 1201 3605 tempore
1230 3534 1844 3605 habuitegumentum

191 3622 308 3677 mei
338 3624 625 3692 corporis,
651 3638 751 3676 eas
792 3622 917 3677 dari
941 3622 1119 3693 jubeo
1169 3622 1332 3679 hisce
1365 3624 1603 3681 duabus
1640 3624 1843 3681 mulie-

189 3710 383 3765 ribus.
416 3712 547 3765 Hac
578 3710 680 3767 illa
704 3709 947 3782 quidem
1003 3711 1169 3765 dixit.
1228 3712 1337 3776 Qui
1386 3713 1634 3769 aderant
1686 3729 1842 3778 vero,

191 3798 464 3853 videntes
497 3800 669 3869 signa
694 3800 1000 3865 decessus,
1026 3816 1097 3854 ex
1128 3799 1314 3855 oculis
1378 3801 1591 3856 multas
1643 3801 1847 3857 funde-

195 3886 342 3942 bant
385 3891 704 3959 lacrymas.
751 3889 891 3953 Quis
916 3889 1075 3943 enim
1104 3888 1197 3943 tali
1232 3888 1449 3959 privari
1489 3889 1731 3945 muliere
1762 3895 1848 3945 tu-

192 3975 357 4031 lisset
390 3975 519 4031 sine
541 3976 744 4032 dolore
775 3977 803 4032 ?
834 3977 1517 4048 Deindeecaloquidem
1538 3978 1851 4034 descendit

192 4065 323 4135 ejus
339 4064 537 4131 Filius,
553 4064 707 4119 illius
719 4065 984 4122 divinam
1006 4072 1423 4139 assumpturus
1440 4069 1727 4134 animam,
1747 4085 1851 4140 per

191 4153 423 4208 nubem
451 4160 650 4208 autem
677 4170 815 4209 suos
846 4162 1170 4225 congregat
1218 4155 1563 4228 discipulos,
1587 4163 1646 4211 ut
1674 4173 1847 4213 vene-

190 4242 455 4298 randum
484 4244 614 4313 ejus
641 4260 857 4315 corpus
890 4245 1243 4301 mandarent
1305 4246 1640 4317 sepultura.

266 4330 499 4386 XXXIX.
535 4333 854 4403 Postquam
888 4349 1025 4388 vero
1078 4333 1223 4389 vidit
1281 4351 1383 4389 eos
1434 4334 1706 4403 Deipara,
1754 4351 1848 4390 co-

194 4420 405 4490 gnovit
431 4424 633 4475 autem
657 4436 927 4485 causam,
952 4428 1192 4492 propter
1216 4439 1400 4493 quam
1423 4439 1630 4477 omnes
1655 4425 1849 4478 statim

194 4507 463 4564 accersiti
494 4507 743 4573 fuerant,
782 4514 835 4564 et
888 4508 1356 4581 uniuscujusque
1416 4511 1601 4566 audiit
1632 4512 1849 4582 petitio-

195 4614 329 4661 nes,
355 4611 459 4651 eos
489 4597 753 4669 quidem.
790 4602 848 4653 ut
881 4614 985 4669 par
1015 4604 1158 4666 erat,
1194 4598 1855 4670 impertiitbenedictio—

194 4685 403 4741 nibus.
433 4686 573 4741 Cum
606 4702 743 4741 vero
775 4688 1056 4742 omnibus
1091 4688 1334 4744 dixisset
1398 4691 1574 4744 verba
1626 4706 1761 4761 qua
1794 4690 1853 4745 in

193 4774 451 4829 decessu
469 4772 583 4828 dici
599 4775 787 4830 solent
820 4776 990 4842 :Vos,
1014 4777 1225 4849 inquit,
1261 4776 1622 4843 valete,tilii;
1656 4794 1854 4833 meum

195 4870 405 4920 autem
432 4864 568 4918 hinc
593 4864 907 4920 decessum
942 4881 1013 4921 ne
1042 4866 1222 4931 luctu,
1282 4868 1383 4922 sed
1434 4867 1635 4923 latitia
1665 4869 1857 4938 potius

195 4954 653 5026 prosequamini
688 4955 1224 5029 ;quandoquidem
1256 4958 1426 5014 vobis
1477 4964 1566 5013 est
1615 4974 1860 5029 persua-

197 5058 365 5109 sum,
395 5058 507 5097 nos
541 5044 789 5098 transire
820 5045 896 5100 ad
929 5046 1216 5115 gaudium
1252 5052 1343 5101 :et
1377 5047 1589 5111 videte,
1622 5053 1682 5101 ut
1735 5064 1859 5102 cor-

201 5148 315 5202 pus
351 5146 553 5186 meum
588 5133 884 5188 mandetis
931 5134 1249 5206 sepultura
1281 5135 1341 5191 in
1394 5136 1507 5192 hac
1541 5137 1753 5206 figura,
1798 5136 1855 5192 in

198 5236 328 5292 qua
351 5236 495 5291 ergo
518 5237 612 5276 me
632 5237 1045 5294 composuero.
1099 5226 1230 5280 Hac
1270 5230 1357 5281 est
1408 5225 1589 5290 enim,
1646 5225 1857 5298 inquit,

274 5430 361 5503 (1)
384 5432 458 5488 De
485 5432 706 5489 divinis
736 5436 1085 5503 nominibus,
1122 5454 1255 5509 cap.
1283 5439 1339 5494 3.

272 5609 325 5644 "°
354 5610 533 5667 Joan.
557 5626 659 5675 xu,
697 5612 785 5671 13.

1955 3178 2055 3233 Dei
2084 3190 2326 3248 quoque
2348 3174 2526 3230 frater
2554 3175 2834 3237 Jacobus,
2870 3176 3270 3248 etPetrus,qui
3294 3184 3421 3233 erat
3443 3178 3605 3235 theo-

1951 3265 2224 3334 logorum
2283 3279 2568 3335 suprema
2594 3270 2650 3318 et
2680 3264 3098 3336 antiquissima
3128 3267 3484 3336 summitas),
3522 3267 3603 3323 vi-

1954 3369 2209 3426 sumque
2234 3358 2341 3418 est,
2378 3356 2438 3407 ut
2465 3358 2598 3424 post
2628 3351 2773 3407 illud
2796 3353 3219 3425 spectaculum,
3254 3371 3464 3411 omnes
3507 3372 3601 3413 sa-

1953 3458 2190 3498 crorum
2221 3440 2523 3513 principes
2555 3440 3159 3512 hymnumcanerent,
3192 3443 3602 3511 etlaudarent,

1955 3538 2130 3604 prout
2150 3534 2380 3601 poterat
2404 3530 2833 3600 unusquisque,
2859 3530 3150 3586 infinitam
3172 3532 3500 3590 bonitatem
3518 3534 3608 3589 di-

1956 3621 2233 3676 vinarum
2266 3618 2480 3673 virium
2517 3634 2527 3673 :
2565 3626 2695 3689 post
2720 3618 3030 3688 theologus
3067 3619 3183 3682 ille.
3218 3626 3281 3677 ut
3303 3623 3434 3693 scis,
3469 3625 3608 3680 vicit

1955 3725 2165 3766 omnes
2196 3708 2345 3762 alios
2374 3714 2600 3779 mystas
2630 3723 2959 3772 sacrorum,
3005 3714 3066 3763 ut
3102 3710 3205 3780 qui
3226 3710 3401 3780 plane
3441 3727 3583 3767 exce

1955 3798 2137 3862 deret,
2172 3802 2228 3851 et
2256 3813 2292 3852 a
2317 3812 2381 3851 se
2411 3796 2658 3852 omnino
2689 3795 3101 3860 abduceretur,
3122 3802 3179 3851 et
3217 3798 3275 3853 in
3306 3814 3377 3855 ea
3398 3815 3606 3872 quam-

1957 3887 2201 3959 hymnis
2218 3883 2906 3954 celebrabagatﬂceretur
2917 3884 3195 3941 societate
3210 3892 3264 3941 et
3276 3902 3407 3942 com
3419 3889 3609 3945 muni-

1958 3975 2213 4039 catione,
2247 3979 2301 4029 et
2330 3972 2407 4029 ab
2439 3974 2745 4036 omnibus,
2804 3990 2841 4029 a
2885 3974 3107 4045 quibus
3159 3975 3516 4033 audiebatur
3552 3984 3612 4036 et

1959 4064 2290 4128 videbatur,
2312 4068 2369 4118 et
2389 4063 2881 4132 cognoscebatur,
2901 4068 2955 4119 et
2971 4079 3089 4118 non
3109 4066 3607 4134 cognoscebatur,

1954 4154 2323 4227 judicaretur
2362 4166 2493 4206 esse
2524 4168 2559 4206 a
2592 4155 2707 4206 Deo
2738 4150 2974 4207 aﬂlatus
3016 4159 3069 4207 et
3097 4152 3333 4208 divinus
3361 4156 3611 4228 scriptor

1960 4244 2347 4315 hymnorum.
2379 4243 2442 4295 Et
2472 4240 2614 4312 quid
2654 4240 2751 4295 tibi
2806 4240 3067 4311 amplius
3115 4242 3367 4299 dixerim
3420 4244 3495 4301 de
3533 4246 3609 4302 iis

1961 4348 2096 4405 qua
2128 4332 2243 4387 illic
2273 4330 2345 4384 de
2376 4330 2495 4385 Deo
2521 4330 2721 4384 divine
2751 4328 2910 4384 dicta
2967 4332 3155 4386 sunt?
3208 4332 3437 4389 Etenim
3492 4334 3605 4392 nisi

1963 4438 2096 4476 sum
2132 4420 2245 4474 mei
2275 4416 2779 4489 quoqueoblitus,
2813 4417 2935 4473 scio
2967 4417 3180 4474 multos
3211 4436 3245 4474 a
3283 4427 3337 4475 te
3369 4423 3612 4479 audisse

1963 4509 2259 4582 quasdam
2277 4513 2472 4577 partes
2486 4506 2713 4561 illorum
2727 4506 2848 4561 Deo
2860 4504 3183 4562 aﬁlantium
3201 4509 3611 4581 hymnorum.»

1967 4600 2079 4655 Sed
2106 4598 2231 4653 hac
2262 4600 2320 4650 et
2347 4594 2593 4668 quidem
2620 4610 2787 4651 sacer
2820 4595 3155 4666 Dionysius.
3194 4598 3377 4653 Nobis
3408 4606 3613 4658 autem

1967 4694 2173 4759 pergat
2199 4686 2387 4741 oratio
2419 4684 2495 4739 ad
2527 4700 2598 4739 ea
2622 4698 2757 4755 qua
2808 4683 3094 4755 deinceps
3126 4693 3480 4757 sequuntur.

2041 4779 2167 4831 XLI.
2201 4778 2349 4830 Cum
2395 4780 2595 4829 autem
2648 4772 2709 4828 in
2766 4772 2974 4829 orbem
3026 4780 3301 4829 sanctum
3366 4777 3619 4847 Virginis

1966 4880 2185 4936 corpus
2216 4861 2748 4918 circumdedissent
2795 4860 3207 4932 apostolorum
3262 4863 3506 4928 chorus,
3563 4870 3623 4922 et

1966 4952 2263 5028 quidquid
2304 4958 2429 5006 erat
2460 4955 2713 5007 electum
2746 4967 2817 5005 ex
2880 4950 3016 5006 viris
3042 4955 3101 5007 et
3164 4953 3543 5021 mulieribus,
3566 4959 3624 5011 et

1966 5043 2207 5117 hymnis
2220 5040 2600 5096 honorabant
2620 5039 2723 5112 qui
2742 5038 2883 5094 illud
2905 5039 3303 5105 deducebant,
3328 5047 3385 5097 et
3414 5043 3622 5100 omnia

1970 5132 2234 5188 membra
2264 5134 2592 5184 reverenter
2609 5127 2791 5183 simul
2810 5133 3150 5186 etamanter
3178 5130 3625 5200 amplecteban-

1972 5228 2213 5287 tur,non
2225 5219 2421 5274 solum
2434 5233 2613 5272 suum
2626 5216 3009 5274 ostendentes
3022 5217 3521 5285 desiderium,sed
3532 5221 3618 5279 vel
