4142 6196
505 282 612 336 559

1871 258 2127 318 MENSIS
2159 256 2556 314 AUGUSTUS.

3804 257 3918 312 560

497 421 568 460 ex
631 407 785 457 tactu
862 398 1168 454 credentes
1226 394 1524 466 percipere
1580 390 1906 447 utilitatem.
1943 386 2142 441 Fidem
2179 387 2220 438 A
2257 384 2447 438 fuerat
2467 383 2810 447 sectionem,
2839 385 3054 452 etquae
3093 383 3417 452 amputatae
3449 379 3694 447 fuerant,
3728 381 3911 454 parti,

503 498 698 549 autem
721 493 1045 545 consecuta
1065 501 1308 557 quoque
1328 489 1674 554 estoperum
1688 476 2144 535 demonstratio-

503 582 684 640 Cascis
712 577 868 634 oculi
896 575 1404 639 illuminabantur,
1460 571 1656 626 surdis
1708 585 1881 624 aures
1924 565 2143 636 aperie-

503 672 742 734 bantur,
777 667 1006 722 claudis
1036 665 1211 719 bases
1250 663 1468 734 pedum
1523 658 2058 720 confirmabantur,
2093 659 2147 708 et

498 759 806 833 quodlibet
828 755 1171 811 morborum
1201 758 1256 806 et
1279 751 1694 820 aegritudinum
1750 762 1937 816 genus
1980 743 2147 833 facile

503 831 960 903 dissolvebatur.
981 845 1094 897 Cur
1125 857 1244 896 non
1275 841 1410 895 dico
1440 855 1574 911 quae
1595 842 1734 892 sunt
1760 831 2148 907 perfectiora?

502 941 615 992 Aer
641 935 886 1003 quidem
924 939 979 987 et
1002 932 1219 987 caelum
1267 943 1521 984 ascensu
1565 925 1773 998 spiritu
1813 921 2146 978 sanctiﬁca-

505 1029 677 1082 batur
739 1042 750 1078 :
806 1029 954 1077 terra
998 1027 1195 1076 autem
1256 1018 1522 1073 similiter
1569 1014 1937 1086 depositione
1997 1009 2147 1064 sacri

500 1117 788 1184 corporis.
820 1114 1107 1167 Caeterum
1165 1124 1272 1163 nec
1305 1123 1479 1179 aqua:
1512 1104 1758 1177 quidem
1791 1108 2006 1158 natura
2024 1103 2150 1155 erat

501 1220 712 1275 expers
745 1198 1222 1257 benedictionis:
1285 1195 1386 1251 sed
1437 1197 1567 1266 ipsa
1618 1207 1859 1264 quoque
1913 1189 2148 1245 lavacro

499 1293 798 1367 purissimi
847 1289 1107 1360 corporis
1161 1287 1267 1341 fuit
1324 1285 1620 1357 particeps
1641 1278 2145 1338 sanctiﬁcationis.

502 1388 696 1455 Neque
755 1382 911 1436 enim
973 1378 1108 1432 illud
1168 1375 1430 1431 habebat
1466 1390 1619 1445 opus
1698 1368 2150 1443 purgationibus

500 1474 658 1544 (quis
715 1471 872 1525 enim
958 1469 1072 1523 hoc
1129 1466 1368 1532 diceret,
1439 1463 1554 1518 nisi
1615 1467 1828 1516 emotae
1884 1456 2148 1525 mentis)

500 1561 603 1616 sed
635 1576 742 1614 suo
796 1561 1070 1612 contactu
1130 1554 1329 1624 potius
1391 1550 1800 1606 sanctiﬁcabat
1865 1547 1924 1602 id
1987 1544 2150 1617 quod

501 1648 914 1717 attingebatur,
936 1643 1152 1699 Deinde
1171 1641 1312 1714 quid
1334 1642 1362 1697 ?
1377 1639 1602 1696 Mundis
1618 1635 1968 1692 sindonibus
1983 1649 2152 1688 mun-

2252 471 2367 527 bus
2424 472 2578 527 ulnis
2611 470 2924 543 applicatis
2957 470 3092 540 (hoc
3124 476 3322 526 autem
3345 470 3606 540 jusserat
3654 470 3903 543 Petrus),

2254 561 2454 616 statim
2481 565 2803 615 consecuta
2841 565 2929 615 est
2957 575 3137 614 manu
3180 559 3530 614 umcuratio.

2326 650 2499 705 XLIII.
2547 653 2687 706 Hinc
2715 650 2791 704 ad
2825 649 3288 705 sacratissimam
3332 647 3650 704 abducitur
3675 649 3914 705 Getbse-

2257 755 2453 803 mane,
2491 744 2546 794 et
2583 738 2694 793 illic
2722 739 3169 794 sanctissimum
3200 737 3446 809 quidem
3501 754 3720 810 corpus
3741 754 3911 794 man-

2257 827 2433 883 datur
2459 826 2795 898 sepulturas.
2830 825 3044 892 Quidni
3076 825 3256 890 enim,
3282 842 3420 881 cum
3454 827 3632 882 etiam
3663 827 3916 897 quierat

2261 919 2430 980 Deus,
2464 916 2591 987 ejus
2631 916 2824 982 Filius,
2878 931 3043 970 more
3105 914 3420 970 hominum
3449 915 3724 987 sepelitur
3749 913 3777 970 ?
3808 919 3914 971 Per

2258 1006 2456 1076 ipsum
2489 1010 2687 1060 autem
2715 1005 2791 1060 ad
2839 1004 3102 1060 crelestia
3133 1010 3186 1059 et
3234 1004 3438 1061 divina
3497 1005 3914 1060 transmittitur

2259 1094 2663 1149 tabernacula.
2705 1094 2873 1158 Quod
2932 1092 3186 1148 dicimus
3256 1093 3571 1149 conﬁrmat
3611 1093 3914 1150 iuvenalis

2258 1183 2493 1240 divinus
2555 1183 3101 1255 Hierosolymarum
3134 1184 3476 1255 episcopus.
3528 1184 3655 1239 Fuit
3708 1187 3912 1239 autem

2258 1273 2353 1328 hic
2393 1274 2477 1327 vir
2508 1279 2766 1338 sanctus,
2813 1273 3068 1328 etaDeo
3091 1273 3433 1344 inspiratus,
3481 1273 3587 1345 qui
3635 1272 3712 1328 ab
3765 1273 3917 1328 anti-

2260 1379 2381 1434 qua
2407 1367 2460 1418 et
2485 1379 2625 1417 vera
2665 1363 2972 1418 traditione
3028 1362 3433 1417 narrationem
3481 1362 3684 1418 dicens
3746 1369 3820 1418 ad
3852 1378 3916 1416 se

2261 1451 2341 1506 sic
2368 1451 2546 1505 fuisse
2577 1451 2917 1516 deductam,
2952 1452 3030 1506 ait
3065 1468 3077 1505 :
3112 1451 3282 1517 Quod
3318 1457 3431 1506 tres
3480 1456 3634 1506 totos
3687 1451 3810 1507 dies
3839 1451 3916 1506 ad

2261 1540 2594 1612 sepulcrum
2628 1541 2814 1595 sancti
2849 1546 3308 1612 permanserunt
3359 1541 3630 1611 apostoli,
3683 1540 3918 1596 divinas

2262 1629 2623 1701 hymnodias
2654 1646 2724 1684 ex
2756 1629 2874 1684 alto
2905 1630 3234 1685 audientes.
3268 1629 3484 1684 Deinde
3519 1630 3917 1701 posttertium

501 1739 645 1793 dum
705 1751 918 1806 corpus
973 1733 1327 1794 involutum,
1357 1746 1561 1784 rursus
1594 1728 1651 1782 in
1694 1727 1844 1781 lecto
1892 1724 2148 1795 ponitur.
2188 1738 2226 1790 B
2263 1719 2602 1784 diem,cum
2631 1735 2787 1774 unus
2812 1735 2882 1774 ex
2915 1719 3196 1791 apostolis
3254 1719 3478 1774 tardius
3536 1720 3794 1774 venisset
3840 1719 3919 1774 ad

502 1827 724 1883 Deinde
755 1840 892 1880 cum
925 1823 1179 1877 lucernis
1213 1826 1265 1876 et
1299 1817 1638 1887 unguentis,
1692 1813 2154 1884 intelligentibus

500 1915 746 1987 quidem
773 1912 1030 1982 desuper
1051 1907 1436 1964 laudantibus
1462 1903 1795 1966 virtutibus,
1816 1899 2155 1972 apostolicis

499 2010 701 2061 autem
731 2009 786 2057 et
816 1999 1033 2056 divinis
1067 1997 1341 2052 Patribus
1376 1998 1491 2050 Deo
1546 1994 1731 2061 digna
1793 1992 2028 2046 cantica
2059 2005 2157 2045 ca-

502 2092 784 2149 nentibus
837 2089 1040 2143 divina
1092 2103 1232 2141 arca
1290 2100 1357 2138 ex
1414 2083 1551 2139 Sion
1598 2086 1770 2137 vecta
1818 2078 2159 2151 apostolicis

513 2180 797 2238 manibus
825 2184 880 2233 et
909 2176 1190 2238 humeris,
1217 2173 1293 2229 ad
1326 2173 1716 2228 Getbsemane
1749 2185 1985 2224 sacrum
2014 2184 2156 2239 prae-

503 2272 671 2327 dium
705 2271 1074 2339 exportatur,
1108 2262 1355 2333 angelis,
1403 2266 1466 2315 ut
1518 2265 1609 2315 est
1665 2265 2158 2321 consentaneum,

501 2357 1022 2433 praecurrentibus,
1081 2351 1712 2412 circumcursantibus,
1749 2347 2160 2419 sequentibUs,

505 2447 790 2518 angelicis
835 2443 1046 2516 pennis
1089 2437 1616 2502 adumbrantibus,
1651 2438 1857 2506 longe,
1891 2436 2162 2508 inquam,

503 2535 912 2609 splendidiore
968 2536 1025 2587 et
1089 2527 1513 2585 venerabiliore
1567 2527 1721 2581 facta
1787 2525 2163 2594 deductione,

505 2641 695 2699 quam
753 2628 990 2694 prOpter
1045 2617 1498 2674 translationem
1553 2615 1763 2670 veteris
1803 2613 1956 2668 illius
2015 2629 2166 2669 arcas

507 2713 846 2773 testamenti
908 2710 1158 2774 Domini,
1205 2713 1265 2762 ut
1293 2722 1465 2762 sacra
1505 2709 1751 2760 narrant
1802 2703 2049 2775 Eloquia
2096 2705 2163 2756 ⁷¹.

585 2804 737 2860 XLII.
783 2799 1006 2856 Accidit
1039 2797 1172 2852 huic
1199 2795 1463 2867 pulchrae
1503 2799 1559 2848 et
1611 2793 1826 2847 divinas
1855 2793 1934 2846 rei
1990 2809 2168 2862 grave

514 2892 760 2965 quidem
801 2889 946 2961 quid
982 2893 1035 2940 et
1066 2885 1367 2948 odiosum,
1400 2897 1520 2936 non
1555 2887 1741 2936 tamen
1786 2880 2034 2949 silentio,
2066 2881 2166 2935 sed

515 2980 820 3037 memoriae
864 2975 1218 3031 mandatum
1247 2977 1300 3026 et
1368 2971 1441 3025 ad
1501 2970 1749 3038 gloriam
1809 2968 2053 3038 quidem
2112 2976 2170 3025 et

2265 1809 2596 1880 exsequias,
2632 1808 2720 1862 vel
2750 1808 2914 1880 quod
2946 1809 3025 1864 ita
3078 1807 3437 1880 contigisset,
3499 1807 3590 1863 vel
3623 1807 3786 1879 quod
3827 1807 3921 1862 di-

2266 1898 2467 1952 vinum
2513 1898 2593 1952 ita
2639 1897 2995 1969 providisset
3046 1897 3382 1964 consilium,
3438 1902 3502 1952 ut
3571 1903 3716 1952 nota
3762 1902 3921 1952 esset

2268 1988 2549 2043 omnibus
2576 1987 2887 2042 translatio
2941 1986 3326 2051 admirabilis,
3372 1992 3512 2041 tunc
3540 1991 3598 2042 et
3629 1986 3752 2058 ipse
3784 1985 3924 2056 qui-

2269 2076 2406 2130 dem
2438 2077 2702 2139 accessit,
2738 2084 2812 2140 et,
2860 2082 2918 2130 ut
2962 2081 3048 2131 est
3097 2082 3588 2142 consentaneum,
3629 2091 3922 2145 magnum

2271 2185 2340 2223 ex
2382 2185 2450 2223 eo
2495 2169 2640 2239 cepit
2669 2167 3146 2240 dolorem,quod
3195 2169 3343 2222 tanti
3401 2167 3542 2223 boni
3609 2168 3927 2223 mansisset

2271 2273 2501 2329 expers,
2535 2257 2713 2329 idque
2753 2259 3000 2312 omnino
3038 2256 3284 2313 tolerare
3312 2273 3430 2312 non
3462 2263 3712 2327 poterat.
3749 2257 3929 2313 Sacer

2273 2348 2468 2418 itaque
2492 2348 2640 2401 ordo
2667 2347 3072 2418 apostolorum
3103 2361 3220 2400 non
3241 2347 3468 2415 justum
3502 2345 3926 2416 essejudicans

2275 2436 2476 2508 utipse
2502 2452 2745 2508 quoque
2767 2434 3066 2490 Viviﬁcum
3097 2434 3241 2489 illud
3273 2450 3489 2505 corpus
3531 2450 3651 2490 non
3699 2435 3929 2490 videret

2275 2531 2332 2580 et
2365 2526 2837 2596 amplecteretur,
2866 2524 3032 2594 jubet
3064 2524 3266 2579 statim
3299 2524 3514 2595 aperiri
3561 2523 3926 2596 sepulcrum.

2281 2614 2343 2669 Et
2382 2614 2523 2669 illud
2550 2613 2794 2686 quidem
2823 2614 2929 2667 fuit
2978 2621 3247 2685 apertum
3288 2629 3299 2677 ;
3353 2613 3674 2668 thesaurus
3723 2616 3927 2668 autem

2279 2719 2664 2775 nequaquam
2694 2702 2906 2757 eratin
2955 2718 3065 2756 eo:
3123 2702 3222 2756 sed
3285 2701 3427 2757 solae
3486 2707 3654 2757 erant
3714 2706 3924 2767 vestes,

2278 2795 2334 2847 in
2360 2792 2577 2863 quibus
2617 2791 2802 2847 fuerat
2824 2791 3439 2863 conditus,quomodo
3483 2793 3662 2845 etiam
3690 2790 3750 2844 in
3798 2789 3930 2860 ejus

2280 2881 2402 2936 Filii
2445 2880 2891 2936 resurrectione.
2950 2882 3109 2946 Quas
3152 2897 3286 2935 cum
3325 2881 3452 2952 ipse
3508 2886 3659 2935 esset
3707 2879 3934 2950 ample-

2279 2987 2410 3034 xus,
2469 2976 2522 3023 et
2572 2970 2672 3040 qui
2729 2986 2866 3024 cum
2923 2985 2991 3024 eo
3051 2969 3316 3035 aderant,
3395 2976 3449 3023 et
3479 2968 3679 3040 repleti
3737 2973 3934 3023 essent

513 3068 751 3124 laudem
789 3067 1048 3136 piorum,
1076 3063 1336 3116 dedecus
1370 3065 1569 3114 autem
1601 3057 2038 3128 improborum,
2066 3056 2168 3129 qui
2207 3067 2246 3124 α
2281 3058 2680 3130 inexplicabili
2705 3059 2884 3113 odore
2909 3065 2965 3113 et
2987 3060 3196 3127 gratia,
3224 3074 3427 3112 rursus
3501 3057 3744 3129 quidem
3776 3057 3935 3112 clau-

515 3155 880 3213 intidelitatis
913 3152 1137 3207 malum
1187 3164 1418 3219 semper
1474 3152 1792 3202 sectantur.
1851 3149 1995 3201 Cum
2058 3147 2171 3201 hoc

517 3261 751 3300 sacrum
813 3248 866 3295 et
916 3240 1295 3310 impollutum
1377 3251 1592 3306 corpus
1657 3236 1718 3290 in
1779 3234 2172 3290 Getbsemane

517 3334 809 3396 efferetur,
848 3332 940 3385 ubi
973 3329 1246 3400 sepulcro
1278 3326 1427 3382 tradi
1492 3326 1742 3396 Deipara
1797 3326 1928 3395 ipsa
1957 3341 2174 3396 praece-

518 3427 706 3494 perat,
733 3421 970 3483 Iudaeis,
1005 3419 1107 3490 qui
1141 3432 1372 3486 semper
1412 3414 1646 3470 fuerunt
1677 3414 1878 3485 repleti
1929 3415 2171 3478 invidia,

522 3528 593 3566 ne
626 3510 684 3564 in
720 3511 832 3564 hoc
864 3507 1109 3580 quidem
1145 3503 1431 3559 succurrit
1479 3508 1690 3568 tacere,
1743 3503 1842 3556 sed
1895 3503 1968 3558 ad
2022 3504 2170 3572 ejus,

518 3599 682 3672 quod
712 3599 910 3656 ﬁebat.
936 3594 1318 3667 splendorem
1338 3592 1614 3647 claudere
1638 3591 1864 3660 oculos,
1890 3597 1943 3646 et
1984 3592 2059 3646 ad
2091 3592 2173 3646 eis

517 3689 794 3744 innatum
835 3691 1059 3740 motum
1094 3682 1274 3738 animi
1307 3695 1615 3750 erumpere
1665 3681 1788 3751 qui,
1849 3686 1974 3735 erat
2033 3696 2173 3750 ergo

519 3777 646 3833 aliis
679 3773 945 3830 insanior
984 3779 1037 3826 et
1067 3769 1484 3841 impudentior,
1515 3768 1564 3822 is
1593 3784 1728 3822 cum
1761 3769 2170 3824 venerandum

521 3869 855 3939 portaretur
884 3861 1223 3934 grabatum,
1258 3860 1316 3913 in
1368 3858 1429 3912 id
1476 3857 1641 3912 irruit
1681 3857 1892 3928 plenus
1919 3859 2173 3914 inconsi-

520 3954 727 4010 derato
759 3954 986 4020 impetu
1016 3955 1072 4003 ct
1105 3948 1322 4002 furore.
1369 3947 1506 4016 Ejus
1539 3951 1737 4000 autem
1773 3962 1992 4016 scopus
2025 3952 2170 4012 erat,

519 4045 678 4099 hunc
711 4056 949 4095 sacrum
1004 4038 1223 4092 lectum
1255 4037 1310 4090 in
1372 4040 1594 4089 terram
1650 4034 1910 4100 allidere,
1974 4041 2030 4090 et
2077 4036 2172 4091 tali

520 4132 754 4188 aﬂicere
786 4128 1025 4198 injuria,
1061 4125 1242 4196 utqui
1275 4130 1432 4178 esset
1481 4124 1566 4177 vir
1617 4122 1834 4193 insigni
1897 4124 2170 4179 audacia.

520 4224 642 4276 Non
669 4217 926 4286 neglexit
953 4221 1151 4270 autem
1183 4213 1384 4268 divina
1445 4210 1671 4281 justitia
1729 4228 1739 4264 :
1800 4211 1904 4266 sed
1959 4229 2176 4268 manus

520 4323 654 4380 quae
678 4306 1017 4376 grabatum,
1047 4302 1593 4374 apprehenderant,
1622 4317 1693 4355 ex
1727 4299 1880 4354 ulnis
1909 4303 2174 4373 protinus

2282 3148 2431 3202 dunt
2462 3148 2819 3220 sepulcrum,
2855 3148 3198 3203 Miraculum
3243 3153 3440 3203 autem
3495 3146 3746 3218 posteris
3777 3146 3938 3200 ﬁlius

2283 3254 2318 3292 a
2344 3243 2510 3308 patre
2542 3236 2842 3306 accipiens
2874 3236 3156 3309 deinceps
3209 3238 3385 3292 tradit
3441 3253 3453 3302 ;
3498 3242 3676 3307 atque
3719 3234 3938 3290 viviﬁci

2282 3327 2524 3398 quidem
2569 3327 2834 3397 corporis
2888 3326 3099 3382 divinae
3149 3326 3464 3398 sepulturae
3523 3326 3601 3381 ita
3650 3341 3713 3380 se
3755 3325 3941 3379 habet

2283 3416 2562 3470 narratio.
2599 3415 2903 3485 Siquidem
2927 3416 3086 3487 quod
3116 3432 3186 3470 ex
3215 3431 3285 3469 ea
3316 3421 3523 3470 natum
3573 3419 3715 3478 erat,
3751 3418 3936 3468 totam

2283 3519 2414 3558 eam
2470 3503 2723 3558 Verbum
2757 3505 2832 3559 ad
2868 3521 2931 3559 se
2969 3504 3282 3569 transtulit,
3313 3510 3368 3559 et
3403 3504 3585 3558 voluit
3617 3518 3751 3558 eam
3778 3502 3939 3571 apud

2286 3610 2349 3649 se
2377 3600 2430 3648 et
2459 3609 2607 3659 esse,
2633 3599 2688 3648 et
2717 3598 3009 3665 perpetuo
3043 3593 3221 3648 simul
3274 3594 3486 3648 vivere.
3535 3594 3747 3647 Verum
3775 3590 3937 3646 enim

2284 3699 2424 3738 vero
2455 3699 2560 3754 pro
2585 3684 2712 3754 ejus
2771 3683 3081 3754 impolluto
3138 3699 3388 3754 corpore
3463 3698 3633 3736 suam
3683 3686 3936 3747 vestem,

2287 3771 2427 3826 boni
2470 3773 2650 3828 nostri
2712 3789 3003 3842 magnam
3055 3788 3289 3844 semper
3348 3771 3571 3826 ducens
3621 3769 3936 3832 rationem,

2285 3860 2458 3915 veluti
2517 3863 2847 3934 quamdam
2908 3862 3011 3916 dat
3041 3861 3178 3915 huic
3247 3860 3467 3916 civitati
3504 3859 3937 3914 haereditatem.

2287 3951 2802 4014 Quemadmodum
2856 3955 3056 4005 autem
3112 3951 3224 4005 hoc
3285 3949 3507 4005 factum
3556 3949 3648 4016 sit,
3688 3952 3746 4002 et
3793 3962 3941 4019 quo-

2291 4039 2469 4094 modo
2523 4039 2768 4095 beatum
2819 4038 2962 4093 illud
3012 4039 3236 4094 donum
3291 4038 3368 4094 ad
3422 4055 3531 4093 nos
3608 4036 3854 4100 venerit,
3889 4041 3942 4091 et

2289 4134 2674 4184 sacrosancto
2713 4129 2827 4184 hoc
2858 4128 3140 4184 thesauro
3170 4129 3356 4184 ditata
3406 4127 3478 4182 sit
3525 4125 3943 4182 Constantino-

2286 4217 2456 4287 polis,
2463 4218 2588 4287 jam
2620 4217 2941 4274 declarabit
2965 4218 3172 4273 oratio.

2361 4305 2536 4360 XLIV.
2567 4307 2680 4362 Leo
2713 4307 2805 4362 ille
2851 4321 3129 4377 magnus,
3188 4306 3292 4377 qui
3343 4304 3445 4360 illo
3488 4310 3754 4376 tempore
3795 4305 3944 4376 opti-

520 4400 759 4453 fuerunt
813 4393 1116 4449 abscissae.
1175 4394 1388 4446 Verum
1447 4406 1576 4461 qua:
1626 4389 1682 4443 in
1736 4396 1908 4461 partu
1956 4392 2176 4460 gaudio
2211 4419 2255 4474 D
2289 4411 2382 4449 me
2409 4393 3942 4466 Romanorumadministrabatimperium,duossub

523 4491 714 4542 totum
748 4483 952 4539 orbem
1002 4487 1292 4536 terrarum
1324 4478 1668 4549 repleverat,
1735 4495 1853 4534 non
1886 4485 2010 4534 erat
2075 4481 2176 4536 ulli

521 4576 767 4632 omnino
804 4574 862 4627 in
897 4575 1082 4626 morte
1111 4570 1309 4623 futura
1339 4583 1521 4622 causa
1574 4567 1877 4623 molestias.
1911 4571 2174 4641 Cumque

525 4665 626 4737 qui
662 4678 875 4734 passus
933 4660 1140 4722 fuerat,
1175 4662 1331 4712 esset
1383 4656 1626 4728 quidem
1679 4657 2012 4725 improbus,
2055 4675 2176 4714 non

512 4767 702 4809 amen
737 4749 992 4805 omnino
1018 4749 1148 4815 ejus
1177 4745 1533 4815 improbitas
1584 4744 1881 4799 videretur
1936 4746 2173 4802 insana-

517 4842 679 4909 bilis,
707 4857 777 4896 ex
820 4839 913 4894 his
937 4853 1069 4908 quas
1102 4842 1481 4905 eratpassus,
1526 4833 1754 4903 justam
1782 4850 1987 4890 eorum
2042 4853 2176 4908 quas

521 4932 678 4987 male
734 4933 1021 4990 senserat,
1080 4924 1245 4994 petiit
1271 4923 1702 4994 paenitentiam.
1768 4923 1828 4978 Et
1887 4926 2177 4994 quoniam

527 5020 766 5076 carebat
797 5014 1096 5078 manibus,
1127 5027 1234 5066 nec
1261 5027 1360 5065 eas
1416 5017 1645 5082 poterat
1698 5011 1772 5066 ad
1833 5029 2034 5084 preces
2083 5030 2176 5068 ex-

529 5107 790 5170 tendere,
825 5103 1032 5158 emittit
1064 5101 1362 5171 Iacrymas
1393 5115 1463 5154 ex
1522 5099 1727 5164 oculis,
1791 5106 1845 5155 et
1907 5102 1991 5156 sic
2033 5103 2174 5173 petit

524 5197 915 5252 curationem.
975 5190 1357 5260 Disciplinam
1418 5193 1636 5252 autem,
1719 5189 1861 5254 vide,
1896 5190 2073 5244 simul
2122 5198 2176 5246 et

524 5282 1005 5340 medicationem.
1042 5280 1247 5335 Statim
1277 5278 1435 5332 enim
1461 5277 1497 5331 ii
1549 5277 1924 5349 quidem,qui
1957 5279 2172 5336 lectum

527 5374 810 5435 ferebant,
844 5369 1272 5426 constituerunt
1303 5411 1319 5435 ,
1354 5365 1583 5422 accedit
1602 5382 1738 5422 vero
1760 5368 1808 5421 is
1833 5367 1934 5439 qui
1960 5385 2173 5439 passus

591 5567 635 5602 ἠ
671 5567 717 5620 ll
742 5566 881 5633 Reg.
913 5579 985 5628 v1,
1022 5562 1047 5615 1
1081 5577 1228 5632 seqq
1257 5577 1272 5625 ,'
1307 5560 1377 5614 Ill
1403 5561 1524 5628 Reg
1552 5576 1672 5629 vui,
1697 5562 1726 5615 4
1749 5577 1913 5632 seqq.

2290 4500 2352 4538 se
2374 4485 2648 4552 habebat,
2681 4488 2784 4558 qui
2811 4502 3014 4541 curam
3057 4485 3345 4557 gerebant
3389 4485 3677 4539 exercitus
3719 4499 3736 4535 :
3790 4498 3945 4554 quo-

2288 4589 2418 4628 rum
2456 4574 2556 4628 uni
2587 4575 2833 4646 quidem
2856 4583 2980 4630 erat
3010 4591 3231 4630 nomen
3265 4572 3525 4638 Galbius,
3552 4571 3716 4627 alteri
3740 4579 3943 4628 autem

2290 4662 2613 4732 Candidus,
2676 4664 2887 4719 fratres
2938 4679 3172 4733 genere,
3224 4662 3432 4717 fratres
3476 4661 3714 4726 virtute,
3773 4664 3830 4715 et
3887 4666 3945 4714 ut

2289 4751 2474 4805 semel
2511 4751 2731 4817 dicam,
2772 4753 2831 4806 in
2872 4753 3100 4808 caeteris
3152 4752 3395 4824 quidem
3451 4750 3622 4806 valde
3679 4749 3944 4820 insignes

2290 4846 2344 4894 et
2373 4841 2579 4911 paucis
2607 4842 2870 4897 similes:
2920 4842 3026 4896 sed
3078 4857 3260 4896 unum
3315 4841 3398 4895 eis
3465 4840 3685 4903 deerat,
3761 4839 3942 4910 idque

2289 4929 2633 4984 maximum.
2668 4930 2974 5002 Siquidem
3033 4946 3151 4984 non
3211 4933 3435 4984 rectam
3482 4927 3706 4982 habere
3733 4926 3939 4991 ﬁdem,

2289 5023 2381 5072 est
2453 5018 2723 5074 laborare
2779 5020 2836 5073 in
2886 5020 3066 5075 rebus
3124 5018 3403 5073 maximis
3470 5021 3524 5072 et
3580 5015 3938 5086 praecipuis;

2289 5109 2518 5162 Arianae
2545 5109 2705 5163 enim
2740 5111 2919 5180 pestis
2951 5117 3113 5166 erant
3144 5110 3480 5181 participes,
3515 5121 3652 5160 cum
3719 5120 3790 5158 ex
3839 5119 3943 5175 pa-

2290 5205 2457 5251 terna
2489 5198 2633 5253 forte
2667 5199 2978 5254 traditione
3013 5199 3240 5254 malum
3265 5199 3396 5262 hoc,
3452 5203 3741 5266 tanquam
3773 5208 3938 5264 quae-

2287 5285 2427 5340 dam
2460 5287 2776 5342 haereditas
2806 5287 2885 5341 ad
2909 5304 3011 5342 eos
3063 5287 3332 5340 venisset.
3389 5284 3748 5339 Dicebantur
3778 5281 3941 5336 enim

2286 5374 2468 5430 fuisse
2515 5376 2768 5447 proximi
2816 5390 3030 5444 genere
3079 5373 3415 5429 Ardaburio
3465 5379 3520 5427 et
3574 5371 3806 5442 Aspari,
3838 5371 3944 5441 qui
