4142 6196
319 308 431 365 561

1537 314 1802 370 ORATIO
1849 313 1936 366 DE
1970 310 2248 367 SANCTA
2283 317 2536 374 MARIA.

3647 333 3768 388 56'2'

317 431 440 488 illis
471 431 840 503 temporibus
897 434 956 488 in
995 436 1159 504 regia
1215 437 1524 495 obtinuere
1577 437 1979 512 tyrannidem:
2014 436 2058 489 A
2098 444 2338 510 prOpter
2365 443 2422 497 id
2453 444 2666 509 solum,
2693 446 2858 517 quod
2894 448 2952 502 in
2992 463 3064 504 ea
3092 449 3328 516 latebat,
3386 455 3602 512 domus
3648 459 3754 513 ad-

317 537 482 593 quos
533 537 673 576 cum
727 522 861 578 Ario
912 525 1189 590 sensisse,
1245 534 1446 598 aperte
1505 531 1700 598 arguit
1745 528 1979 583 veritas.

322 611 546 664 Verum
593 610 753 664 enim
804 627 944 666 vero
1008 613 1279 670 Galbium
1339 623 1394 670 et
1443 617 1798 681 Candidum,
1878 614 1984 687 qui

319 698 555 770 alioqui
587 715 648 753 se
679 706 831 753 recte
871 700 1176 769 gerebant,
1201 708 1258 758 et
1312 706 1432 760 Deo
1460 706 1796 776 placebant,
1861 720 1981 760 non

323 787 470 842 sivit
520 786 724 843 divina
768 789 961 856 gratia
1019 807 1139 846 non
1183 808 1315 848 esse
1375 794 1740 852 illuminatos
1793 795 1852 850 in
1912 810 1982 849 eo

323 875 496 946 quod
537 881 624 931 est
656 878 1028 948 praecipuum
1081 881 1290 936 salutis
1328 899 1342 938 :
1404 883 1510 938 sed
1542 900 1644 939 eos
1677 885 1756 939 ab
1787 898 1981 938 errore

322 964 676 1020 traducitad
707 967 1031 1032 veritatem,
1052 969 1204 1024 adeo
1231 977 1570 1028 constanter
1591 980 1646 1028 et
1676 972 1977 1040 stabiliter,

323 1059 396 1108 ut
424 1069 544 1108 non
576 1055 769 1110 solum
827 1061 976 1111 recte
1005 1073 1067 1111 se
1125 1058 1435 1127 haberent,
1495 1066 1550 1116 et
1609 1063 1713 1116 tuti
1763 1067 1978 1126 essent,

320 1143 497 1214 quod
526 1142 732 1199 attinet
761 1143 840 1199 ad
879 1145 1157 1214 pietatem
1191 1163 1202 1201 :
1237 1150 1338 1204 sed
1389 1150 1569 1206 etiam
1601 1151 1772 1215 alios,
1828 1167 1981 1223 quos

320 1239 579 1289 nossent
599 1249 722 1289 non
751 1240 910 1290 recto
938 1236 1086 1305 pede
1130 1238 1357 1309 ingredi
1393 1241 1469 1296 ad
1496 1241 1828 1305 veritatem,
1865 1246 1982 1296 stu-

320 1321 539 1378 derent
580 1339 688 1394 pro
721 1323 942 1379 viribus
983 1324 1235 1392 efﬁcere,
1266 1333 1328 1384 ut
1366 1329 1637 1398 ejusdem
1671 1335 1871 1386 essent
1897 1347 1984 1386 se-

321 1427 470 1467 cum
499 1414 822 1468 sententias.
853 1414 894 1468 Ii
935 1430 1073 1470 cum
1105 1417 1197 1486 pie
1234 1423 1434 1474 essent
1481 1418 1694 1484 affecti,
1759 1435 1982 1489 magno

319 1516 573 1572 quoque
600 1507 655 1556 et
679 1502 904 1558 excelso
937 1505 1140 1560 animo
1191 1523 1253 1560 se
1289 1507 1513 1563 dedunt
1560 1508 1982 1564 misericordias

319 1591 679 1646 exercenda:
709 1591 768 1646 in
795 1608 1114 1663 pauperes,
1147 1596 1325 1665 utqui
1359 1612 1462 1666 pro
1502 1597 1806 1665 agnitione
1837 1599 1982 1651 veri-

323 1681 468 1734 tatis
492 1687 829 1749 satagerent
849 1682 1073 1738 Christo
1097 1683 1341 1740 reddere
1361 1687 1605 1754 gratias.
1637 1688 1981 1742 Castissima

323 1784 472 1838 ergo
503 1771 674 1824 Mater
710 1769 866 1825 illius
919 1773 1121 1841 magni
1157 1774 1254 1827 Dei
1306 1780 1360 1829 et
1392 1774 1720 1831 Salvatoris
1772 1778 1978 1842 nostri,

323 1864 783 1914 sacrosanctum
827 1860 1194 1926 thesaurum,
1251 1879 1466 1934 nempe
1524 1881 1698 1919 suam
1741 1871 1980 1931 vestem,

319 1945 535 2001 volens
576 1964 699 2002 sum
731 1947 927 2017 largiri
958 1950 1196 2020 civitati,
1240 1957 1300 2006 ut
1325 1951 1440 2007 hoc
1465 1952 1590 2018 ﬁat,
1619 1970 1720 2024 per
1742 1953 1979 2008 dilectos

321 2035 458 2091 illos
491 2036 646 2091 viros
689 2037 962 2108 providet
991 2039 1258 2111 quodam
1291 2041 1476 2097 modo
1516 2041 1824 2097 diviniora.
1869 2043 1981 2097 Mo-

324 2125 442 2179 dus
476 2131 674 2180 autem
707 2127 787 2181 ita
820 2127 998 2183 habet
1033 2144 1046 2182 :

407 2215 563 2269 XLV.
598 2216 862 2271 Immittit
891 2217 972 2271 eis
1005 2217 1372 2274 desiderium
1427 2219 1720 2274 odorandi
1777 2227 1982 2276 sancta

324 2302 459 2359 loca
489 2320 623 2375 quae
660 2311 798 2359 sunt
823 2306 1268 2378 Hierosolymis.
1303 2307 1472 2374 Quod
1491 2309 1665 2380 plane
1688 2310 1838 2364 etab
1871 2310 1982 2364 illis

322 2392 551 2447 factum
579 2398 686 2448 est.
724 2397 986 2466 Cumque
1021 2396 1194 2450 Leoni
1225 2403 1280 2451 et
1316 2397 1538 2452 Verinae
1557 2414 1683 2453 rem
1715 2400 1978 2468 aperuis-

322 2488 479 2549 sent,
512 2483 855 2538 comitatum
887 2500 1006 2539 non
1037 2486 1317 2554 exiguum
1361 2502 1569 2542 eorum
1599 2487 1980 2542 familiarium

320 2577 384 2626 et
414 2572 746 2627 amicorum
771 2589 972 2626 secum
1014 2573 1407 2632 adduxerunt.
1459 2576 1607 2632 Cum
1651 2582 1848 2632 autem
1878 2578 1982 2633 iter

321 2660 810 2730 ingressiessent,
841 2662 1042 2733 etjam
1064 2664 1354 2719 venissent
1381 2664 1774 2729 Palmstinam,
1800 2666 1978 2732 viam,

322 2765 465 2821 quae
493 2749 656 2804 ducit
681 2751 740 2804 in
780 2750 1100 2818 Galilaeam,
1139 2753 1460 2822 prteferunt
1492 2755 1822 2822 maritimae,
1856 2755 1982 2826 plu-

322 2838 408 2892 ris
436 2835 714 2894 iacientes
756 2841 1147 2912 contemplari
1182 2843 1464 2896 Nazareth
1492 2849 1548 2897 ct
1581 2842 1982 2912 Capernaum,

323 2943 514 2997 quam
573 2927 882 2983 maritimis
923 2928 1035 2983 frui
1091 2929 1608 2985 delectationibus.
1659 2932 1736 2985 Ex
1765 2932 1984 3002 quibus

323 3015 431 3071 illa
480 3017 718 3087 quidem
775 3017 881 3072 fuit
939 3034 1174 3073 sacrum
1236 3020 1497 3089 Deiparaa
1548 3020 1981 3086 habitaculum,

325 3105 470 3160 etin
500 3121 571 3160 ea
603 3105 789 3162 multo
823 3112 1079 3179 tempore
1111 3108 1248 3163 vidit
1295 3110 1480 3164 Deum
1513 3109 1777 3164 Verbum
1821 3126 1893 3164 ex
1923 3126 1984 3164 se

326 3195 597 3262 genitum
630 3211 644 3260 ;
675 3196 796 3249 haec
827 3203 1026 3250 autem
1055 3197 1182 3266 ejus
1214 3197 1314 3251 lilii
1355 3198 1602 3252 charum
1637 3205 1691 3252 et
1732 3214 1982 3253 consue-
2015 3171 2056 3229 Ο

324 3287 459 3337 tum
509 3284 919 3339 diversorium.
954 3287 1098 3341 Cum
1125 3287 1219 3340 hic
1250 3302 1392 3355 ergo
1437 3287 1703 3354 fuissent,
1739 3293 1799 3341 ut
1835 3287 1986 3342 dixi-

329 3388 488 3435 mus,
531 3375 819 3445 quoniam
855 3389 972 3429 non
993 3375 1371 3446 permittebat
1403 3379 1638 3446 tempus
1661 3381 1721 3431 ut
1743 3375 1982 3432 ulterius

326 3465 825 3534 progrederentur
879 3465 1022 3537 (jam
1055 3466 1215 3520 enim
1275 3471 1402 3521 erat
1466 3483 1726 3537 vespera,
1785 3473 1840 3522 et
1871 3483 1985 3522 nox

326 3552 637 3619 obscura;
685 3554 997 3625 provisum
1041 3562 1240 3611 autem
1281 3555 1530 3610 omnino
1577 3556 1684 3610 hoc
1741 3572 1984 3628 quoque

326 3640 524 3697 fuerat
583 3643 911 3712 divinitus),
959 3644 1120 3698 vicus
1172 3644 1418 3715 quidem
1471 3660 1574 3700 eos
1633 3645 1980 3716 excipiebat,

327 3731 502 3803 isque
535 3748 771 3803 parvus.
810 3732 873 3786 In
901 3748 970 3788 eo
1011 3740 1208 3788 autem
1239 3733 1592 3789 habitabant
1624 3740 1678 3788 et
1705 3734 1800 3789 alii
1861 3750 1983 3789 non

329 3821 530 3892 pauci,
561 3827 617 3876 et
646 3821 994 3877 muliercula
1022 3837 1254 3893 quoque
1288 3823 1568 3893 quaedam
1603 3823 1852 3891 insignis
1892 3839 1985 3877 ca-

328 3910 548 3974 stitate,
582 3915 638 3966 et
666 3909 842 3980 plane
888 3911 1306 3966 honestissima
1349 3917 1405 3966 et
1452 3911 1980 3967 moderatissima:

325 4014 462 4070 quas
495 4003 736 4070 propter
763 3999 1126 4070 profundum
1158 3999 1394 4070 quidem
1431 4001 1662 4055 senium
1693 4008 1748 4056 et
1801 4018 1984 4056 canos

325 4088 648 4156 honorata,
681 4088 786 4143 sed
838 4094 1078 4159 propter
1135 4104 1421 4156 maguum
1473 4089 1752 4144 virtutum
1810 4106 1983 4144 orna-

329 4183 596 4232 mentum
631 4177 808 4246 longe
839 4176 1184 4233 honoratior
1205 4184 1345 4231 erat.
1373 4176 1544 4246 Apud
1591 4193 1722 4231 eam
1787 4183 1980 4233 autem

326 4265 518 4331 vestis,
568 4266 806 4321 divinus
855 4266 1046 4321 fuerat
1098 4266 1194 4320 hic
1249 4266 1565 4320 thesaurus
1619 4266 1980 4321 reconditus.

326 4354 647 4417 Quomodo
694 4369 829 4408 vero
879 4354 1085 4408 fuisset
1110 4353 1210 4409 illa
1265 4360 1445 4409 tantae
1494 4353 1574 4410 rei
1602 4360 1820 4420 custos,
1872 4355 1982 4410 nisi

324 4447 385 4499 et
409 4443 689 4498 virtutum
727 4442 933 4498 fuisset
957 4449 1167 4498 ornata
1209 4443 1665 4514 pulchritudine,
1714 4449 1770 4498 et
1796 4444 1982 4500 animi

2099 527 2422 585 mirabilis:
2457 533 2677 605 alioqui
2705 541 2903 590 autem
2923 535 3068 591 nihil
3098 537 3360 596 habebat
3397 546 3618 613 magni,
3643 547 3750 602 sed

2099 623 2222 672 erat
2253 619 2426 688 plane
2457 622 2585 676 vilis
2615 629 2671 679 et
2700 623 2947 694 abjecta.
2979 623 3126 680 Cum
3148 642 3250 681 eos
3280 635 3481 686 autem
3515 636 3750 704 tempus

2103 714 2338 764 vocaret
2362 711 2439 765 ad
2466 728 2718 779 coenam,
2762 713 2861 768 ubi
2882 714 3318 780 accubuissent,
3353 719 3553 776 vident
3604 721 3751 778 inte-

2101 799 2221 852 rius
2249 799 2427 854 aliam
2444 801 2874 858 domunculam
2908 819 3065 873 :quas
3083 805 3268 860 multo
3293 807 3538 878 quidem
3563 809 3753 865 lucer-

2097 902 2312 943 narum
2330 888 2553 944 lumine
2567 890 2990 957 illustrabatur,
3009 893 3210 948 multis
3225 911 3366 951 vero
3384 896 3680 953 sufﬁtibus
3695 904 3750 954 et

2100 980 2415 1046 unguentis
2447 996 2628 1035 suave
2659 982 2923 1052 spirabat
2966 998 2976 1036 :
3008 982 3068 1035 in
3099 998 3168 1039 ea
3192 991 3390 1040 autem
3424 987 3599 1042 sitam
3628 1003 3752 1044 ma-

2098 1081 2278 1136 gnam
2309 1075 2668 1137 aegrotorum
2711 1070 3173 1128 multitudinem.
3211 1076 3286 1129 Ex
3325 1091 3446 1146 quo
3478 1075 3750 1132 divinum

2096 1156 2341 1227 quidem
2362 1159 2670 1229 quippiam
2685 1160 3147 1230 suspicabantur
3168 1178 3300 1218 esse
3316 1169 3372 1218 et
3388 1165 3744 1232 venerabile,

2097 1241 2178 1295 rei
2211 1249 2406 1296 tamen
2430 1243 2736 1299 veritatem
2780 1247 3028 1300 omnino
3055 1248 3382 1318 excogitare
3442 1265 3556 1305 non
3589 1257 3750 1321 pote-

2096 1335 2247 1384 rant.
2279 1332 2529 1386 lnvitant
2559 1333 2758 1403 itaque
2783 1334 2853 1389 ad
2887 1335 3225 1390 convivium
3247 1339 3549 1406 egregiam
3587 1339 3749 1396 illam

2096 1419 2417 1484 aniculam,
2446 1421 2750 1491 cupientes
2779 1438 2850 1478 ex
2878 1439 2946 1477 ea
2975 1424 3198 1495 aliquid
3225 1426 3372 1482 scire
3402 1429 3550 1497 ejus,
3580 1429 3748 1500 quod

2097 1507 2556 1572 desiderabant;
2586 1510 2684 1565 illa
2716 1517 2915 1567 antem
2947 1512 3060 1567 hoc
3099 1516 3434 1579 recusabat,
3483 1533 3747 1573 causaris

2097 1595 2464 1665 religionem,
2487 1604 2542 1654 et
2567 1600 2726 1669 quod
2757 1616 2874 1655 non
2909 1600 2993 1656 fas
3024 1602 3096 1658 sit
3125 1603 3352 1667 ei,cum
3385 1606 3462 1659 sit
3477 1605 3745 1669 Hebraea,

2097 1687 2252 1740 vesci
2297 1703 2432 1740 cum
2462 1688 2827 1744 Christianis.
2888 1690 2966 1744 Illi
2999 1707 3156 1753 vero,
3191 1708 3325 1747 cum
3360 1700 3588 1765 propter
3627 1711 3750 1750 ma-

2029 1807 2067 1858 B
2097 1789 2280 1842 gnam
2299 1775 2457 1830 sitim
2487 1778 2841 1845 cognitionis
2855 1779 3002 1848 ejus,
3029 1779 3196 1850 quod
3212 1785 3746 1853 eratpmpositum,

2095 1863 2239 1918 nihil
2289 1864 2362 1919 de
2412 1882 2712 1936 propenso
2766 1884 2875 1922 suo
2935 1869 3131 1923 studio
3179 1872 3560 1935 remitterent,
3611 1888 3745 1927 eam

2094 1953 2292 2008 adhuc
2350 1955 2591 2010 invitant
2646 1956 2971 2022 ardentius,
3017 1963 3074 2013 et
3127 1958 3281 2012 illius
3332 1976 3453 2015 non
3496 1961 3747 2032 parendi

2096 2045 2432 2113 pertinaciae
2464 2045 2930 2114 objiciuntaliud
2949 2047 3202 2102 validius
3231 2050 3434 2114 :Quid,
3459 2050 3742 2115 dicentes,

2093 2131 2312 2195 obstat,
2369 2131 2416 2186 si
2470 2148 2609 2188 cum
2642 2139 2700 2187 tu
2749 2136 3048 2205 acceperis
3105 2136 3291 2201 cibos,
3344 2138 3566 2209 quibus
3638 2155 3747 2210 pro

2097 2237 2256 2275 more
2285 2223 2556 2286 vesceris,
2587 2222 2902 2278 nobiscum
2925 2223 3171 2295 quidem
3200 2225 3585 2297 colloquaris,
3619 2227 3747 2282 sola

2094 2315 2288 2363 autem
2320 2311 2430 2364 tuis
2469 2311 2763 2366 alimentis
2806 2315 2986 2368 utaris
3013 2314 3038 2367 ?
3068 2315 3161 2368 His
3191 2314 3390 2386 itaque
3432 2322 3592 2386 paret
3623 2332 3750 2371 mu-

2094 2396 2217 2462 lier,
2251 2402 2307 2452 et
2332 2400 2733 2468 congreditur.

2168 2487 2380 2540 XLVII.
2408 2490 2725 2558 P05tquam
2748 2492 2944 2544 autem
2977 2490 3395 2555 comedissent,
3422 2492 3585 2561 apud
3613 2508 3745 2548 eam

2097 2574 2204 2628 viri
2256 2575 2332 2628 illi
2368 2577 2640 2645 precibus
2665 2583 2933 2645 egerunt,
2969 2585 3032 2633 ut
3057 2579 3139 2632 eis
3171 2580 3232 2634 id
3260 2580 3594 2649 significare
3626 2597 3747 2636 non

2097 2669 2413 2726 recusaret,
2446 2680 2726 2734 quaenam
2767 2672 2969 2721 essent
2997 2683 3068 2721 ea
3121 2684 3256 2738 quae
3279 2667 3504 2723 ﬁebant
3531 2668 3589 2723 in
3646 2670 3750 2726 do-

2095 2768 2195 2806 mo
2223 2753 2500 2807 interiori.
2538 2752 2965 2808 Existimabant
2985 2756 3144 2810 enim
3171 2772 3299 2811 esse
3329 2757 3554 2829 aliquid
3586 2757 3747 2829 lega-

2096 2839 2166 2905 le,
2191 2847 2244 2895 et
2293 2856 2360 2894 ex
2398 2841 2811 2896 umbratilibus
2866 2841 2974 2896 illis
3011 2850 3064 2898 et
3114 2845 3428 2899 veteribus.
3488 2845 3590 2900 [lla
3646 2862 3745 2901 au-

2096 2934 2214 2984 tem
2247 2945 2317 2984 ea
2342 2930 2579 3000 quidem
2619 2931 2780 2995 dicit,
2813 2948 2968 3002 quae,
3005 2931 3227 2988 fiebant
3259 2952 3272 2988 :
3303 2949 3547 2989 causam
3583 2950 3747 3002 vero,

2095 3019 2492 3088 quamobrem
2549 3036 2621 3074 ea
2665 3019 2886 3085 ﬁerent,
2950 3022 3192 3076 minime
3247 3022 3638 3093 persuadetur
3689 3029 3750 3080 ut

2097 3109 2340 3179 aperiat.
2422 3109 2632 3164 Videtis
2691 3110 2874 3172 enim,
2947 3110 3156 3180 inquit,
3205 3127 3236 3165 ο
3292 3111 3397 3165 viri
3475 3112 3749 3182 dignissi-

2099 3196 2200 3261 mi,
2231 3213 2518 3265 eegrorum
2551 3198 3013 3254 multitudinem.
3057 3200 3281 3255 Etenim
3314 3216 3451 3254 cum
3507 3204 3621 3256 Deo
3667 3203 3750 3258 ita

2097 3285 2384 3349 videatur,
2412 3287 2470 3341 in
2498 3287 2609 3342 hoc
2650 3289 2892 3358 quidem
2926 3289 3055 3343 loco
3099 3289 3408 3344 daemones
3441 3290 3751 3360 expellun-

2098 3381 2230 3428 tur:
2265 3375 2434 3429 crscis
2483 3382 2684 3430 autem
2731 3381 2790 3430 ut
2853 3376 3029 3431 libere
3079 3377 3335 3445 videant,
3394 3378 3622 3434 claudis
3683 3383 3746 3434 ut

2096 3464 2422 3528 ambulent,
2457 3465 2648 3518 surdis
2679 3469 2742 3518 ut
2770 3465 3110 3533 audiant,et
3134 3467 3311 3520 mutis
3332 3467 3744 3539 utloquantur,

2095 3552 2342 3608 efﬁcitur
2384 3554 2768 3618 mirabiliter;
2805 3560 2859 3608 et
2911 3554 3008 3610 alii
3061 3555 3276 3621 morbi,
3322 3560 3377 3610 et
3429 3572 3746 3626 corporum

2096 3641 2514 3709 mutilationes,
2555 3658 2689 3714 quas
2723 3643 3090 3698 medicorum
3121 3643 3352 3698 artibus
3405 3644 3568 3699 nullo
3627 3645 3749 3701 sint

2093 3731 2276 3785 modo
2309 3729 2712 3798 medicabiles,
2746 3737 3029 3786 curantur
3052 3731 3236 3786 facile.
3263 3731 3344 3786 llli
3378 3737 3576 3787 autem
3599 3734 3746 3803 (non

2093 3819 2252 3874 enim
2309 3825 2477 3874 erant
2528 3820 3002 3889 imprudentibus
3059 3819 3403 3875 hominibus
3492 3821 3741 3885 similes,

2095 3923 2284 3980 neque
2306 3909 2466 3980 quod
2493 3909 2854 3978 interrogare
2884 3909 3216 3980 oportebat,
3247 3909 3356 3980 ipsi
3376 3925 3494 3980 prae
3518 3909 3560 3963 si
3574 3910 3744 3980 mpli-

2094 3998 2265 4053 citate
2297 3998 2869 4069 praatermittebant).
2905 3998 3211 4054 Undenam
3243 4013 3401 4062 vero,
3429 3998 3740 4069 rogabant,

2092 4086 2451 4158 principium
2479 4087 2632 4156 cepit
2656 4087 2824 4142 locus
2878 4089 3017 4142 talia
3046 4085 3361 4158 operandi?
3388 4087 3494 4143 Illa
3548 4102 3690 4143 vero
3724 4104 3736 4142 :

2090 4175 2265 4246 Apud
2293 4192 2420 4240 nos,
2453 4176 2659 4247 inquit,
2700 4177 2974 4232 Hebrmos
3004 4192 3041 4232 a
3073 4177 3341 4246 patribus
3370 4176 3592 4232 tradita
3637 4178 3741 4232 ha-

2091 4264 2264 4320 betur
2311 4265 2592 4329 narratio,
2637 4265 2801 4336 quod
2850 4267 2998 4320 Deus
3043 4265 3101 4320 in
3129 4265 3242 4320 hoc
3273 4264 3402 4320 loco
3461 4267 3623 4320 visus
3673 4266 3745 4322 sit

2091 4354 2330 4409 cuidam
2360 4369 2430 4408 ex
2482 4355 2754 4426 patribus
2787 4371 2798 4410 :
2833 4371 2903 4409 ex
2929 4370 3051 4426 quo
3091 4356 3314 4410 factum
3357 4359 3464 4422 est,
3494 4359 3557 4408 ut
3600 4354 3734 4410 loco

2091 4443 2217 4498 haec
2247 4449 2575 4498 servaretur
2603 4443 2811 4514 gratia.
2851 4444 2980 4498 Haec
3011 4459 3148 4498 cum
3181 4461 3252 4499 ea
3276 4444 3514 4509 diceret,
3576 4443 3658 4499 illi
3688 4443 3742 4498 ei

325 4532 614 4603 puritate?
658 4534 1011 4604 Quanquam
1051 4532 1212 4588 enim
1265 4532 1504 4588 Hebraea
1557 4533 1802 4604 quidem
1856 4538 1983 4590 erat
2014 4521 2060 4576 D
2090 4531 2267 4587 corde
2295 4531 2538 4587 minime
2577 4531 3092 4588 assentiebantur:
3146 4532 3251 4586 sed
3298 4532 3604 4587 videbatur
3655 4533 3738 4588 eis

323 4620 430 4675 illa
461 4621 668 4676 mulier
695 4624 805 4692 (est
839 4636 1098 4691 namque
1149 4621 1345 4676 amica
1376 4622 1636 4689 veritas),
1691 4621 1845 4676 illius
1900 4627 1980 4678 ta-

327 4725 466 4766 men
500 4710 767 4767 animam
788 4710 986 4766 locum
1018 4709 1293 4775 dixisses,
1323 4710 1426 4781 qui
1456 4715 1543 4766 est
1575 4711 1633 4764 in
1666 4713 1980 4782 praesentia

321 4799 571 4871 quidem
596 4799 910 4869 obscurus,
946 4803 1124 4869 aptus
1155 4805 1240 4853 est
1287 4803 1484 4853 autem
1519 4798 1596 4852 ad
1628 4799 1831 4854 lumen
1881 4816 1979 4855 ex-

323 4887 692 4959 cipiendum,
725 4893 777 4943 et
813 4887 984 4943 valde
1004 4888 1512 4943 accommodatus.
1545 4887 1816 4943 Divinum
1836 4905 1976 4944 vero

321 4982 454 5032 erat
478 4976 537 5030 in
576 4976 687 5031 hoc
725 4992 968 5049 quoque
1006 4983 1204 5048 aperte
1237 4975 1575 5039 consilium,
1602 4981 1661 5030 ut
1691 4992 1782 5030 res
1813 4978 1978 5047 apud

321 5080 461 5120 eam
496 5063 802 5120 mulierem
835 5065 1162 5128 recondita,
1192 5081 1325 5136 qua:
1360 5065 1443 5119 sic
1476 5063 1686 5120 affecta
1740 5071 1883 5128 erat,
1916 5071 1979 5122 ut

320 5169 462 5209 eam
487 5153 617 5208 totis
677 5153 899 5208 viribus
948 5153 1134 5208 celare
1189 5153 1463 5220 studeret,
1519 5157 1726 5219 postea
1778 5154 1837 5208 in
1887 5154 1978 5208 lu-

321 5258 456 5298 cem
489 5242 741 5313 prolata,
777 5242 1072 5312 majorem
1102 5242 1282 5298 ﬁdem
1315 5240 1583 5297 haberet.

395 5333 570 5387 XLVI.
603 5330 946 5403 Videergo,
1005 5346 1190 5403 quam
1263 5329 1564 5402 eleganter
1629 5332 1979 5401 processerit

319 5420 597 5476 divinum
646 5419 986 5476 consilium.
1041 5423 1185 5475 Nam
1235 5420 1397 5490 apud
1450 5434 1585 5474 eam
1655 5420 1975 5487 venientes,

318 5511 700 5583 excipiuntur
721 5509 981 5581 hospitio
1008 5508 1252 5564 Galbius
1277 5514 1334 5562 et
1391 5508 1690 5564 Candidus
1744 5510 1976 5581 sapien-

322 5603 429 5666 tes,
458 5615 561 5656 eos
583 5599 667 5654 sic
720 5598 925 5655 divina
978 5599 1308 5654 deducente
1369 5596 1577 5667 gratia.
1640 5599 1774 5654 Erat
1837 5613 1975 5653 vero

2089 4621 2455 4687 muliercula,
2491 4621 2640 4676 sicut
2669 4637 2764 4677 res
2785 4626 2928 4686 erat,
2979 4621 3383 4691 probabilium
3412 4621 3735 4678 verborum

2088 4709 2336 4782 pulchra
2383 4711 2579 4781 specie
2626 4709 2815 4766 celare
2870 4710 3197 4766 veritatem.
3260 4709 3379 4780 Ipsi
3411 4724 3553 4780 ergo
3601 4725 3738 4767 eam

2086 4797 2330 4868 quidem
2353 4798 2551 4854 adhuc
2572 4800 2864 4867 rogabant
2915 4797 3346 4863 vehementius,
3380 4801 3442 4851 ut
3471 4796 3554 4852 eis
3581 4813 3729 4865 rem,

2089 4894 2152 4941 ut
2184 4902 2245 4941 se
2265 4887 2582 4949 habebant,
2619 4887 2888 4958 aperiret,
2915 4886 3260 4957 respiciens,
3294 4887 3341 4940 si
3368 4885 3508 4940 nihil
3542 4886 3726 4950 aliud,

2087 4975 2349 5030 laborem
2407 4976 2613 5031 saltem
2671 4975 2811 5032 tanti
2845 4975 3087 5040 itineris,
3148 4975 3250 5047 qui
3279 4975 3442 5030 nulla
3499 4975 3617 5030 alia
3658 4975 3732 5029 de

2086 5081 2270 5120 causa
2299 5069 2422 5120 erat
2453 5069 2784 5136 susceptus,
2820 5064 2931 5119 nisi
2963 5070 3022 5119 ut
3049 5064 3312 5120 viderent
3352 5068 3558 5119 sancta
3577 5062 3732 5128 loca,

2087 5159 2143 5208 et
2165 5153 2440 5209 audirent
2463 5170 2533 5209 ea
2554 5169 2690 5226 quas
2719 5170 2754 5208 a
2783 5154 2891 5226 piis
2919 5157 2976 5209 et
3004 5153 3222 5208 sanctis
3239 5153 3518 5209 dicuntur
3538 5152 3732 5208 homi-

2087 5243 2284 5298 nibus.
2312 5243 2705 5299 lllaautemne
2733 5243 2818 5297 sic
2847 5242 3092 5315 quidem
3119 5242 3386 5305 cedebat,
3405 5241 3509 5296 sed
3527 5257 3735 5296 mane-

2087 5333 2202 5394 bat,
2237 5335 2297 5386 ut
2341 5335 2638 5396 statuerat,
2695 5336 2970 5402 apertum
3021 5330 3322 5400 religionis
3381 5329 3731 5385 existimans

2085 5435 2216 5476 esse
2260 5419 2537 5488 dedecus,
2583 5419 2631 5474 si
2658 5419 2983 5491 aperiretur
3040 5420 3276 5485 veritas,
3308 5423 3363 5474 et
3410 5419 3612 5473 dicens
3671 5433 3734 5474 se

2085 5508 2230 5564 nihil
2257 5510 2402 5563 scire
2456 5507 2716 5580 amplius
2745 5524 2929 5580 quam
2963 5508 3124 5580 quod
3172 5508 3336 5563 locus
3389 5509 3463 5563 sit
3520 5508 3733 5580 plenus

2085 5597 2292 5653 divina
2317 5600 2526 5666 gratia.
