4142 6196
436 308 543 365 563

1754 294 1755 297 ¹
1795 296 2055 359 MENSIS
2098 297 2492 359 AUGUSTUS.

3752 303 3859 358 564

458 449 478 459 α
514 434 738 490 XLVIII.
770 434 915 490 Cum
941 437 1140 488 autem
1186 433 1271 492 illi
1303 433 1551 506 pulchre
1597 430 1927 488 sensissent
1952 440 2086 482 eam
2125 425 2168 479 A
2202 424 2372 479 nobis
2394 427 2769 497 rogantibus.
2790 430 3093 498 Rogamus
3118 442 3278 493 vero,
3308 426 3764 484 utdormiamus
3797 427 3862 482 in

440 525 664 595 optime
694 522 936 595 quidem
990 523 1157 589 scire,
1213 525 1391 578 vitare
1423 528 1622 578 autem
1651 536 1723 576 ne
1750 534 1885 575 eam
1943 515 2089 570 scire

442 618 594 669 esset
625 619 920 684 apertum,
951 617 1007 666 et
1036 610 1170 666 ideo
1203 626 1325 682 prae
1360 628 1422 666 se
1451 611 1598 666 ferre
1630 607 2088 679 ignorationem,

442 701 698 757 evadunt
731 700 1028 758 avidiores
1054 700 1567 772 inveniendiejus,
1588 698 1753 771 quod
1784 692 2092 767 quaereba-

442 796 554 853 tur,
588 794 640 845 et
676 789 824 845 sicut
844 788 1134 860 Cleoplias
1164 789 1333 844 etille
1364 789 1515 844 alius
1532 785 1884 859 discipulus,
1914 781 2092 838 corde

441 885 746 949 coeperunt
776 878 1053 933 ardere".
1086 880 1196 933 Eos
1227 879 1385 933 enim
1410 879 1587 947 Virgo
1613 874 1964 931 beatissima
1992 870 2094 924 in-

442 968 682 1033 citabat,
722 966 920 1022 volens
952 966 1293 1039 Byzantinis
1323 967 1594 1022 divinum
1619 965 1780 1021 hunc
1808 966 1865 1018 et
1904 975 2091 1015 sacro-

444 1062 714 1112 sanctum
764 1055 967 1126 largiri
1015 1056 1381 1111 thesaurum.
1411 1057 1665 1112 Omnem
1690 1066 1832 1121 ergo
1891 1049 2094 1104 statim

442 1146 763 1201 movebant
778 1144 1037 1216 lapidem
1051 1187 1064 1210 ,
1086 1149 1149 1200 ut
1167 1144 1395 1210 mulier,
1413 1144 1711 1199 remittens
1726 1136 2095 1196 immobilem

440 1238 597 1290 hanc
629 1234 1114 1298 occultationem,
1140 1234 1220 1288 eis
1248 1234 1306 1288 id
1339 1233 1500 1306 quod
1527 1237 1810 1296 tacuerat,
1843 1231 1900 1285 in
1930 1242 2100 1300 aper-

442 1329 565 1379 tum
601 1324 909 1395 proferret.
968 1323 1121 1387 Quin
1175 1324 1351 1378 etiam
1395 1321 1789 1393 jurisjurandi
1846 1316 2102 1375 necessi-

443 1416 623 1467 tatem
657 1411 1048 1479 adhibebant,
1068 1411 1317 1483 ejusque
1336 1411 1488 1467 adeo
1507 1410 1709 1475 validi,
1734 1414 1797 1464 ut
1829 1409 2099 1463 animum

437 1502 724 1574 quamvis
770 1500 1305 1572 inexpugnabilem
1361 1515 1470 1555 suo
1521 1504 1763 1571 possent
1794 1499 1926 1553 loco
1978 1510 2101 1550 mo~

443 1605 601 1646 vere.
635 1593 781 1646 Cum
816 1590 901 1645 sic
924 1606 1056 1645 eam
1110 1589 1277 1645 omni
1327 1605 1397 1644 ex
1454 1596 1620 1661 parte
1674 1586 2103 1651 astrinxissent,

452 1683 505 1734 et
543 1684 831 1751 tanquam
885 1678 1248 1734 inevitabilia
1273 1678 1324 1734 ei
1378 1677 1611 1734 vincula
1654 1676 2105 1749 imposuissent,

2203 529 2273 568 eo
2295 514 2449 583 loco,
2477 516 2533 571 in
2566 534 2691 588 quo
2744 517 2839 573 hic
2867 518 3109 573 divinus
3140 516 3481 572 reconditus
3521 516 3865 573 estthesau-

2203 619 2327 657 rus.
2370 607 2517 660 Cum
2558 605 2672 661 hoc
2709 612 2908 661 autem
2950 606 3149 661 statim
3190 604 3582 660 concessisset
3623 605 3857 677 mulier,

2204 694 2481 760 stragulae
2498 695 2741 766 quidem
2764 702 2958 751 vestes
2987 699 3235 766 portata;
3253 705 3389 750 sunt
3405 695 3463 750 in
3482 710 3619 750 eum
3634 695 3858 750 locum.

2204 780 2287 835 Illi
2306 798 2445 837 vero
2477 798 2596 838 non
2631 799 2693 839 se
2726 800 2941 839 somno
2966 783 3281 848 dederunt,
3318 783 3424 839 sed
3447 800 3589 839 cum
3625 789 3863 839 noctur-

2204 885 2350 926 num
2376 873 2747 944 accepissent
2775 873 3097 938 silentium,
3118 877 3305 929 totam
3331 878 3567 928 noctem
3588 889 3860 945 perseve-

2206 959 2493 1015 rabantin
2522 962 2804 1027 oratione,
2831 961 3337 1033 etcumlacrymis
3354 961 3617 1030 agebant
3638 962 3862 1032 gratias

2210 1048 2491 1120 Deiparaz,
2524 1051 2687 1121 quod
2710 1050 2928 1106 talibus
2960 1050 3363 1106 auditionibus
3414 1056 3471 1106 et
3502 1050 3863 1123 spectaculis

2208 1136 2583 1207 digniessent
2604 1139 2808 1194 habiti.
2840 1142 2984 1195 Cum
3002 1144 3197 1194 autem
3215 1155 3317 1195 eos
3345 1139 3447 1211 qui
3466 1141 3862 1209 aegrotabant,

2210 1225 2498 1281 vidissent
2512 1243 2727 1284 somno
2740 1244 3085 1300 oppressos,
3098 1228 3419 1283 metiuntur
3432 1245 3502 1285 ex
3516 1230 3681 1284 omni
3697 1231 3868 1300 parte

2214 1315 2506 1371 ambitum
2542 1333 2714 1384 arcae,
2744 1319 2798 1371 in
2829 1333 2952 1389 qua
2977 1324 3098 1373 erat
3123 1317 3392 1372 divinum
3415 1318 3868 1389 repositumini-

2214 1405 2568 1460 dumentum
2604 1429 2616 1461 :
2647 1408 2967 1479 ipsamque
2997 1406 3141 1476 ligni
3186 1408 3441 1475 speciem
3468 1413 3523 1462 et
3570 1406 3868 1462 habitudi-

2217 1508 2377 1560 nem,
2413 1510 2481 1551 ex
2506 1511 2628 1568 quo
2654 1502 2781 1551 erat
2805 1512 2963 1561 arca,
2999 1502 3269 1553 accurate
3303 1497 3630 1552 admodum
3655 1504 3709 1552 et
3739 1497 3872 1552 dili-

2219 1590 2423 1653 genter
2450 1585 2848 1641 considerant.
2888 1585 3107 1641 Deinde
3141 1601 3319 1641 mane
3348 1588 3588 1656 egressi,
3612 1587 3874 1642 ethone-

2220 1676 2370 1727 stam
2396 1673 2730 1730 salutarunt
2780 1673 3113 1739 mulierem,
3164 1679 3387 1730 etcum
3437 1680 3753 1747 rogassent
3803 1677 3873 1729 ut

452 1767 547 1823 vix
580 1768 817 1824 tandem
860 1767 1225 1839 persuadent
1264 1772 1327 1823 ut
1366 1768 1447 1823 eis
1487 1782 1610 1822 rem
1654 1766 1899 1839 aperiat.
1960 1766 2107 1820 Cum
2141 1792 2185 1849 Β
2219 1760 2502 1817 audacter
2519 1762 2770 1832 juberet,
2804 1763 2850 1817 si
2881 1762 3027 1835 quid
3048 1763 3158 1819 sibi
3182 1778 3333 1835 opus
3365 1763 3874 1835 essetHierosoly-

456 1856 654 1928 itaque
678 1872 750 1911 ex
782 1857 901 1912 alto
931 1862 989 1912 et
1025 1872 1158 1911 cum
1209 1856 1485 1928 lacrymis
1546 1856 1919 1927 suspirasset,
1952 1857 2009 1909 et
2046 1854 2106 1908 in

455 1949 671 2001 terram
698 1945 925 2002 ﬁxisset
949 1945 1175 2013 oculos,
1227 1945 1471 2016 perinde
1498 1960 1568 2001 ac
1594 1946 1645 2000 si
1676 1960 1806 1999 eam
1860 1942 2108 2015 puderet

456 2034 764 2089 enuntiare
790 2052 801 2087 :
836 2034 881 2089 Ο
908 2034 1035 2101 viri,
1069 2034 1281 2105 inquit,
1310 2048 1620 2106 nunquam
1653 2032 1715 2088 in
1744 2030 2107 2087 hodiernum

459 2138 651 2195 usque
677 2122 858 2189 diem,
892 2122 1165 2177 divinum
1192 2122 1307 2177 hoc
1361 2122 1715 2194 mysterium
1746 2120 1872 2176 viro
1921 2119 2108 2175 evasit

460 2211 857 2267 manifestum.
884 2212 1027 2277 Quae
1052 2211 1288 2266 enimin
1318 2226 1533 2280 genere
1566 2226 1697 2266 meo
1732 2226 1826 2265 me
1860 2224 2109 2283 princes-

457 2300 1093 2372 serunt,jurejurando
1127 2299 1417 2365 adhibito,
1469 2301 1569 2355 uni
1623 2299 1878 2364 mulieri,
1936 2298 2107 2371 eique

461 2390 687 2461 virgini,
714 2390 790 2444 ita
818 2388 1204 2457 tradiderunt,
1241 2394 1304 2444 ut
1334 2389 1582 2460 singulis
1608 2389 1881 2445 aetatibus
1905 2403 1976 2444 ea
2015 2404 2107 2443 res

456 2477 538 2533 sic
570 2477 935 2543 traderetur;
972 2477 1077 2532 sed
1113 2476 1404 2549 quoniam
1438 2478 1608 2533 video
1658 2492 1764 2532 vos
1796 2492 1924 2532 esse
1948 2477 2107 2531 viros

454 2566 812 2624 reverendos
841 2576 899 2622 et
929 2566 1059 2638 pios
1092 2584 1104 2621 :
1158 2571 1215 2621 et
1253 2565 1472 2637 alioqui
1527 2565 1688 2637 (nam
1723 2565 1837 2621 hoc
1866 2579 2108 2637 quoque

455 2656 625 2712 vobis
655 2655 1032 2727 signiﬁcabo)
1062 2656 1139 2711 ad
1170 2670 1263 2711 me
1298 2671 1487 2728 usque
1527 2656 1780 2711 redacta:
1813 2660 1951 2711 sunt
1994 2654 2108 2709 mei

454 2746 686 2816 generis
713 2745 971 2812 feminae,
1001 2760 1111 2800 nec
1138 2744 1259 2800 ulla
1287 2751 1556 2817 superest
1578 2744 1691 2800 alia
1712 2749 1848 2815 post
1871 2759 1965 2798 me
2001 2745 2110 2798 vir-

455 2848 552 2902 go,
577 2833 749 2905 cujus
775 2833 914 2889 ﬁdei
945 2849 978 2888 a
1012 2850 1105 2889 me
1133 2833 1290 2889 credi
1318 2836 1505 2904 possit
1532 2832 1792 2901 cognitio
1827 2831 2107 2903 mysterii,

454 2938 579 2978 rem
606 2922 785 2978 modo
818 2923 989 2977 vobis
1014 2923 1301 2994 aperiam.
1346 2923 1626 2977 Existimo
1653 2922 1809 2976 enim
1860 2922 2004 2985 fore,
2048 2924 2112 2976 ut

455 3011 617 3080 quod
646 3025 679 3064 a
706 3009 881 3064 nobis
938 3008 1180 3078 dicetur,
1235 3009 1393 3080 apud
1419 3024 1525 3063 vos
1579 3010 1955 3065 conservetis.
2000 3011 2110 3065 Ma-

461 3098 562 3152 riae
593 3096 752 3151 illius
784 3097 1049 3167 Deiparae
1082 3097 1219 3167 (hoc
1246 3097 1401 3152 enim
1434 3104 1521 3151 est
1548 3097 1712 3152 nobis
1742 3096 1819 3151 ab
1850 3097 1968 3152 alto
1995 3103 2113 3152 tra-

459 3184 677 3256 ditum)
705 3184 800 3240 hic
833 3185 1129 3240 custodita
1177 3185 1290 3240 sita
1318 3188 1407 3239 est
1444 3186 1633 3241 vestis.
1674 3185 2112 3257 Obstupuerunt

458 3273 562 3328 viri
608 3272 710 3336 illi,
761 3289 897 3329 cum
968 3273 1162 3329 solum
1217 3275 1297 3329 rei
1340 3273 1664 3328 audiissent
1718 3276 2101 3346 principium.

460 3361 679 3418 Deinde
708 3361 995 3434 adjiciens
1022 3362 1253 3430 mulier,
1304 3363 1525 3418 Etenim
1558 3363 1700 3429 haec,
1734 3363 1944 3434 inquit,
1990 3362 2112 3418 Dei.

458 3465 607 3522 para
632 3451 810 3506 vitam
844 3451 1081 3521 ﬁniens,
1124 3453 1363 3507 duabus
1401 3451 1745 3508 mulieribus
1789 3451 2112 3520 virginibus

458 3539 613 3594 duas
639 3556 779 3595 suas
809 3545 999 3596 vestes
1052 3541 1294 3596 donavit
1345 3540 1478 3596 loco
1511 3541 1982 3606 benedictionis;
2039 3556 2108 3595 ex

459 3628 679 3702 quibus
711 3644 833 3685 una
852 3629 958 3685 fuit
982 3647 1050 3685 ex
1082 3629 1199 3685 mei
1230 3631 1463 3699 generis
1504 3630 1854 3701 majoribus,
1887 3646 2021 3702 quae
2052 3629 2111 3684 id

459 3717 706 3790 accepit,
737 3718 892 3791 quod
913 3718 1204 3774 donatum
1231 3719 1441 3787 fuerat,
1467 3724 1521 3774 et
1547 3720 1604 3773 in
1634 3736 1773 3775 arca
1788 3719 2064 3791 deposuit
2095 3736 2108 3774 :

459 3812 515 3863 et
544 3809 791 3864 omnino
843 3808 1015 3878 jussit
1042 3809 1111 3863 iis
1152 3809 1253 3881 qui
1303 3814 1471 3864 erant
1497 3810 1587 3864 sui
1642 3809 1892 3879 generis,
1929 3814 1990 3863 ut
2027 3825 2110 3863 es-

462 3904 548 3952 set
579 3899 746 3966 virgo
770 3913 1164 3970 unaquaeque,
1194 3913 1330 3969 quae
1353 3913 1486 3953 eam
1511 3898 1821 3970 acciperet.
1855 3901 1951 3954 Est
1969 3913 2111 3967 ergo

460 4000 601 4042 arca
628 3986 926 4042 recondita
957 3986 1017 4041 in
1042 3986 1317 4041 interiore
1342 3987 1526 4042 domo
1551 4003 1736 4058 quam
1768 4002 1929 4041 nunc
1955 3988 2111 4043 vide-

460 4076 532 4130 tis
562 4091 575 4130 :
609 4080 665 4130 et
690 4090 825 4147 quas
872 4076 929 4129 in
984 4091 1054 4129 ea
1080 4080 1167 4130 est
1212 4075 1407 4141 vestis,
1467 4080 1762 4131 estcausa
1814 4077 2107 4146 omnium,

460 4179 595 4234 quae
611 4162 782 4228 ﬁunt,
801 4163 1450 4229 miraculorum.Ha2c,o
1468 4165 1589 4229 viri,
1606 4170 1691 4219 est
1705 4180 1838 4220 vera
1852 4167 2109 4222 narratio

460 4253 592 4322 ejus
617 4252 780 4323 quod
813 4268 848 4308 a
878 4252 1047 4308 vobis
1078 4253 1363 4325 quaeritur
1392 4273 1403 4309 :
1455 4259 1509 4308 et
1533 4254 1736 4321 videte,
1768 4257 1830 4307 ut
1878 4254 1954 4308 ad
2006 4270 2110 4309 vos

461 4356 652 4414 usque
681 4341 876 4397 solum
898 4341 1157 4397 deducta
1195 4343 1268 4398 sit
1319 4343 1593 4413 cognitio,
1630 4347 1686 4398 et
1733 4358 1911 4399 nemo
1965 4343 2109 4399 sciat

460 4444 532 4486 ex
561 4429 632 4484 iis
655 4429 957 4493 omnibus,
986 4430 1086 4501 qui
1119 4435 1253 4485 sunt
1281 4428 1715 4502 Hierosolymis.

534 4516 705 4573 XLIX.
743 4520 888 4574 Cum
931 4517 1052 4573 haec
1084 4517 1411 4583 audissent,
1446 4517 1646 4574 adhuc
1680 4518 1871 4588 major
1918 4523 2109 4574 metus

462 4605 620 4662 viros
670 4606 843 4661 subiit
900 4612 957 4661 et
1013 4606 1232 4663 laetitia.
1298 4607 1478 4663 Metus
1535 4607 1799 4680 quidem,
1872 4613 2113 4680 propter

465 4694 941 4764 magnitudinem
966 4712 1172 4751 eorum
1197 4711 1333 4768 quae
1362 4696 1565 4751 audita
1605 4696 1839 4752 fuerant
1866 4714 1879 4753 :
1911 4697 2113 4754 laetitia

464 4788 687 4850 autem,
715 4785 877 4856 quod
896 4791 1095 4840 essent
1125 4786 1440 4856 participes
1475 4785 1675 4841 talium
1715 4794 2113 4843 sacramento-

462 4888 615 4929 rum.
648 4873 799 4938 Quid
822 4888 964 4943 ergo
981 4874 1264 4946 deinceps
1285 4875 1672 4947 consequitur
1689 4875 1719 4927 ‘?
1739 4875 1849 4930 Viri
1880 4876 2112 4949 seipsos

462 4963 631 5019 humi
681 4961 981 5033 dejiciunt.
1031 4969 1088 5018 et
1138 4962 1321 5035 pedes
1376 4963 1532 5018 illius
1585 4963 2109 5036 deprehensantes,

463 5051 894 5123 Nulliquidem,
919 5051 1645 5124 inquiunt,exiisqnisunt
1668 5053 2110 5126 Hierosolymis,

463 5146 670 5197 notum
699 5139 807 5196 erit
835 5140 896 5196 id
926 5140 1090 5211 quod
1120 5140 1295 5197 nobis
1328 5141 1546 5197 dictum
1579 5147 1686 5208 est,
1738 5158 1811 5198 ne
1854 5142 2109 5209 dubites,

464 5229 750 5300 domina;
778 5229 1087 5286 dominam
1115 5231 1271 5285 enim
1296 5230 1424 5301 jam
1449 5234 1502 5285 te
1540 5246 1842 5296 vocamus,
1872 5247 2005 5303 qum
2034 5232 2112 5287 sis

466 5318 678 5374 talibus
702 5318 947 5389 dignata
980 5320 1277 5391 mysteriis
1307 5336 1321 5386 ;
1362 5320 1555 5391 ipsam
1589 5319 1690 5376 tibi
1723 5320 1904 5393 hujus
1924 5322 2006 5376 rei
2031 5326 2111 5378 te-

466 5409 615 5462 stem
633 5406 887 5461 citamns
906 5406 1440 5477 Deiparam.Unum
1459 5414 1652 5465 autem
1673 5408 1832 5465 aliud
1848 5411 2107 5467 concede

535 5583 585 5619 τί
614 5582 749 5640 Luc.
783 5597 942 5649 xxiv,
973 5587 1061 5640 32.

2219 1851 2353 1919 mis,
2374 1866 2437 1905 se
2451 1851 2609 1906 enim
2628 1868 2837 1907 rursus
2859 1852 2932 1907 ad
2956 1853 3150 1924 ipsam
3172 1858 3451 1908 venturos
3472 1868 3572 1924 per
3589 1852 3873 1909 eamdem

2219 1940 2654 2007 viam,inierunt
2668 1940 2775 1996 iter
2791 1958 2997 1997 versus
3009 1942 3494 2008 Jerusalem,cum
3510 1941 3609 1998 illa
3621 1942 3877 1997 dixisset

2221 2044 2284 2084 se
2314 2028 2474 2084 nullo
2497 2029 2613 2085 alio
2638 2046 2830 2102 egere,
2864 2031 2976 2086 nisi
3016 2046 3224 2087 eorum
3248 2030 3548 2103 precibus,
3581 2036 3637 2086 et
3668 2036 3733 2086 ut
3764 2047 3876 2086 eos

2218 2133 2422 2173 rursus
2445 2118 2610 2174 laetos
2645 2120 2864 2175 videret
2895 2124 2953 2174 et
2978 2118 3225 2175 alacres.

2290 2209 2347 2262 L.
2398 2208 2541 2263 Cum
2568 2206 2817 2263 fuissent
2843 2208 3047 2281 itaque
3079 2208 3494 2281 Hierosolymis
3537 2207 3777 2265 Galbius
3817 2214 3878 2264 et

2218 2294 2540 2362 Candidus,
2572 2302 2625 2352 et
2658 2297 2875 2369 partim
2902 2299 3146 2369 quidem
3175 2301 3293 2354 Deo
3323 2314 3530 2371 preces
3552 2298 3874 2365 fudissent,

2218 2386 2433 2458 partim
2467 2392 2666 2441 autem
2697 2387 3067 2459 pauperibus
3107 2392 3165 2443 et
3202 2388 3513 2457 egentibus
3549 2386 3876 2443 liberaliori

2219 2474 2454 2529 dextera
2485 2474 2929 2547 eleemosynam
2976 2486 3345 2547 erogassent,
3380 2481 3601 2532 secrete
3654 2482 3881 2533 vocant

2218 2564 2517 2635 quosdam
2556 2564 2763 2621 fabros
2813 2564 3120 2633 lignarios,
3163 2566 3380 2638 quibus
3414 2565 3644 2637 jubent,
3670 2572 3732 2620 ut
3784 2566 3875 2621 eis

2219 2658 2571 2708 construant
2600 2670 2801 2709 arcam
2824 2658 2880 2710 et
2910 2655 3129 2720 forma,
3154 2659 3213 2709 et
3242 2654 3455 2725 ﬁgura,
3485 2662 3541 2710 et
3572 2655 3874 2725 magnitu-

2219 2741 2355 2797 dine
2386 2742 2486 2811 illi,
2514 2758 2699 2815 quam
2726 2742 3018 2808 viderant,
3040 2744 3317 2813 similem,
3345 2744 3702 2800 mandantes
3724 2759 3878 2817 prae-

2222 2836 2395 2895 terea,
2442 2836 2502 2886 ut
2541 2831 2896 2887 formaretur
2933 2833 3110 2887 etiam
3153 2849 3225 2888 ex
3264 2833 3426 2902 ligno
3484 2834 3682 2899 veteri,
3748 2849 3879 2906 quo

2222 2919 2367 2974 nihil
2392 2922 2450 2974 in
2514 2937 2583 2974 ea
2616 2927 2969 2986 cerneretur,
3027 2921 3189 2994 quod
3219 2938 3340 2977 non
3386 2927 3541 2978 esset
3596 2922 3761 2977 omni
3802 2938 3880 2977 ex

2222 3013 2388 3077 parte
2420 3008 2610 3063 simile
2651 3010 2963 3081 praedictas.
3008 3010 3359 3079 Excogitant
3392 3010 3608 3066 deinde
3648 3011 3878 3083 aliquid

2222 3096 2382 3153 aliud
2401 3099 2683 3153 idoneum
2707 3099 2783 3153 ad
2816 3098 3132 3153 celandum
3161 3099 3221 3154 id
3252 3100 3415 3171 quod
3435 3106 3559 3155 erat
3586 3100 3874 3155 futurum.

2224 3189 2586 3259 Comparant
2617 3188 2727 3243 sibi
2769 3194 3045 3243 auratum
3088 3189 3457 3261 operculum,
3510 3195 3574 3244 ut
3612 3206 3681 3245 eo
3732 3206 3878 3247 arca

2222 3278 2532 3344 tegeretur.
2562 3276 2887 3347 Postquam
2918 3282 3112 3332 autem
3134 3284 3190 3334 et
3211 3279 3491 3350 precatio.
3522 3283 3579 3334 et
3605 3280 3875 3348 erogatio

2223 3364 2305 3419 eis
2334 3367 2472 3418 satis
2525 3364 2676 3419 bene
2714 3364 2936 3420 habere
2977 3366 3108 3421 visa
3132 3366 3261 3431 fuit,
3298 3382 3367 3421 eo
3408 3372 3673 3438 accepto,
3706 3367 3876 3439 quod

2224 3452 2411 3508 fuerat
2430 3452 2847 3524 fabrefactum,
2879 3453 3130 3510 redeunt
3176 3455 3235 3510 in
3268 3455 3466 3511 vicum
3491 3456 3621 3511 sani
3664 3464 3720 3511 et
3751 3456 3878 3512 ala-

2222 3557 2351 3596 cres
2382 3560 2395 3597 :
2429 3542 2919 3614 aromatibusque
2964 3541 3258 3599 sumtibus
3303 3544 3459 3616 aptis
3521 3545 3598 3600 ad
3647 3545 3873 3601 sacriﬁ-

2222 3630 2402 3696 cium,
2436 3631 2844 3687 venerandam
2888 3633 3119 3688 donant
3157 3633 3473 3689 mulierem.
3507 3636 3565 3690 Et
3614 3633 3717 3690 illa
3747 3634 3879 3707 qui-

2223 3720 2353 3775 dem
2386 3723 2778 3786 rursusviros,
2798 3726 3086 3792 tanquam
3115 3722 3227 3776 sibi
3250 3721 3590 3793 familiares,
3608 3723 3881 3795 jucunde

2222 3808 2455 3879 accipit.
2490 3808 2578 3863 Illi
2606 3814 2806 3864 autem
2835 3825 3040 3864 rursus
3061 3810 3137 3864 ab
3159 3826 3227 3865 ea
3251 3815 3478 3882 petunt,
3503 3811 3663 3883 quod
3686 3812 3871 3883 prius.

2222 3904 2283 3952 ut
2314 3898 2531 3952 scilicet
2562 3897 2618 3951 in
2648 3913 2819 3953 sacro
2847 3898 3190 3953 habitaculo
3209 3903 3394 3954 totam
3422 3905 3657 3955 noctem
3688 3905 3880 3955 trans-

2220 3986 2465 4055 igerent.
2511 3985 2609 4041 Illa
2640 4002 2779 4041 vero
2823 4002 3029 4041 rursus
3086 4002 3319 4059 quoque
3376 3989 3676 4059 permittit.
3732 3988 3873 4044 nihil

2219 4075 2467 4130 omnino
2488 4074 2824 4145 suspicans.
2861 4075 2970 4140 Qui
3012 4075 3285 4144 ingressi,
3339 4090 3580 4131 summo
3612 4077 3731 4132 otio
3754 4083 3877 4132 ute-

2218 4164 2437 4219 bantur
2466 4163 2740 4234 precibus
2767 4164 2843 4218 ad
2871 4164 3258 4236 inculpatam,
3295 4171 3347 4219 et
3372 4165 3448 4220 ab
3480 4165 3645 4219 omni
3674 4180 3878 4237 repre-

2219 4251 2504 4307 hensione
2522 4251 2711 4308 aliena
2724 4268 2777 4306 m
2799 4252 2899 4306 Dei
2923 4254 3188 4316 Matrem,
3206 4269 3308 4307 eas
3325 4258 3617 4325 tanquam
3639 4269 3870 4311 sacram

2218 4340 2477 4396 hostiam
2497 4340 2777 4412 lacrymis
2794 4341 3017 4412 pingue
3035 4341 3317 4397 facientes
3342 4358 3354 4397 :
3380 4344 3501 4397 Non
3522 4344 3875 4414 ignoramus

2221 4445 2330 4483 nos
2357 4430 2505 4485 servi
2542 4430 2644 4495 tui,
2677 4430 2962 4496 dicentes,
2996 4446 3032 4485 ο
3063 4430 3456 4494 divinissima,
3482 4438 3540 4485 et
3564 4432 3622 4485 in
3662 4430 3873 4503 primis

2221 4518 2460 4573 illustris
2497 4519 2764 4585 Domina,
2787 4535 3069 4591 quaenam
3092 4519 3233 4574 olim
3258 4518 3385 4574 Ozae
3408 4520 3735 4586 evenerint,
3765 4520 3873 4591 qui

2222 4622 2404 4662 ausus
2427 4611 2513 4661 est
2530 4614 2767 4677 tangere
2779 4623 2977 4662 arcam
2989 4623 3144 4679 ,quaa
3159 4612 3283 4663 erat
3301 4609 3633 4663 secundum
3655 4609 3868 4681 legem.

2222 4696 2533 4760 Quomodo
2562 4711 2704 4765 ergo
2730 4711 2860 4763 nos,
2888 4696 2991 4767 qui
3019 4712 3229 4751 sumus
3253 4696 3454 4752 multis
3476 4697 3723 4752 obnoxii
3744 4713 3845 4769 pec

2220 4785 2386 4849 catis,
2415 4791 2469 4840 te
2488 4800 2607 4839 non
2634 4785 2899 4854 jubente,
2933 4786 3063 4839 ausi
3098 4785 3383 4841 fuerimus
3412 4785 3677 4841 divinam
3710 4786 3870 4842 hanc

2222 4890 2421 4931 arcam
2463 4873 2712 4929 omnino
2741 4880 3001 4943 tangere,
3035 4876 3186 4931 intra
3232 4890 3417 4943 quam
3452 4879 3541 4930 est
3572 4875 3702 4931 talis
3756 4875 3873 4931 the-

2224 4979 2439 5019 saurus
2479 4962 2772 5035 repositus
2803 4979 2815 5019 :
2850 4969 2905 5019 et
2934 4979 3052 5019 non
3098 4963 3293 5019 solum
3329 4968 3569 5034 tangere
3603 4965 3875 5036 profanis

2223 5052 2516 5116 manibus,
2550 5051 2655 5106 sed
2698 5052 2873 5108 etiam
2920 5068 3053 5108 eam
3114 5051 3230 5108 alio
3268 5051 3630 5109 transferre?
3664 5057 3875 5109 Annue

2221 5156 2363 5212 ergo
2392 5140 2680 5197 voluntati
2704 5147 3041 5198 nostrarum
3076 5142 3441 5212 animarum,
3489 5158 3524 5198 ο
3554 5142 3697 5199 1)οηί
3755 5144 3875 5199 Filii

2221 5231 2379 5287 bona
2409 5231 2609 5286 Mater.
2654 5230 2740 5286 Ad
2770 5236 2932 5286 tuam
2958 5231 3117 5287 enim
3147 5232 3443 5287 civitatem
3476 5237 3563 5288 est
3617 5234 3872 5288 transla-

2221 5320 2470 5393 tio,quaa
2502 5324 2586 5375 est
2607 5320 2901 5376 ommium
2928 5320 3177 5376 aliarum
3204 5319 3452 5392 Regina,
3480 5324 3537 5375 et
3561 5326 3612 5376 te
3638 5336 3877 5393 semper

2220 5424 2443 5481 magno
2474 5409 2672 5467 studio
2696 5410 2896 5467 statuit
2933 5410 3251 5467 honorare.
3302 5409 3389 5466 Ad
3420 5424 3556 5467 eam
3611 5425 3723 5467 nos
3758 5409 3877 5467 hoc
