4096 6220
214 238 217 241 ’
229 237 336 296 563

1458 227 1897 289 ΜΑΗἸῪΗΙΗΜ
1936 229 1996 284 5.
2027 227 2428 293 MAMANTIS.

3545 241 3651 296 566

229 358 503 416 divinum
538 358 772 416 donum
802 362 1114 431 exportare
1137 356 1476 425 statuimus,
1502 356 1577 412 ad
1605 356 1731 425 ejus
1750 357 1896 409 tute-
1930 356 1971 408 Α
2004 367 2145 410 num
2185 360 2555 430 mysterium,
2600 362 2706 418 fuit
2746 378 2986 436 semper
3032 378 3239 421 revera
3286 366 3651 438 mysterium

230 450 341 503 lam
374 454 434 503 et
466 448 751 517 gloriam,
784 463 917 519 quas
950 462 1264 519 nunquam
1297 446 1732 514 exstinguatur.
1761 442 1893 497 Haec

2077 445 2186 501 Lll.
2216 449 2506 514 Quoniam
2536 457 2735 508 autem
2775 451 2850 517 ei,
2895 469 3029 526 qua;
3062 468 3166 524 per
3213 454 3416 525 ipsum
3464 454 3650 511 hono-

229 543 338 593 tota
366 544 550 594 nocte
586 538 843 593 dicentes
875 536 936 592 in
968 538 1256 601 oratione,
1289 541 1344 590 et
1375 534 1567 590 solum
1609 531 1892 604 lacrymis
2000 534 2267 601 rabatur,
2309 545 2364 595 et
2407 540 2577 610 cujus
2633 548 2759 598 erat
2809 542 2901 598 ille
2954 544 3227 610 amictus,
3280 543 3476 598 visum
3533 547 3647 608 est,

227 626 721 693 madefacientes,
754 633 995 699 repente
1024 624 1348 697 implentur
1369 624 1611 689 ﬁducia,
1643 621 1890 687 ﬁducia,

225 717 497 787 inquam,
524 722 973 788 contemperata
1005 714 1351 770 reverentia.
1389 714 1607 769 Deinde
1638 713 1715 768 ad
1742 710 1882 766 divi-

225 822 354 859 nam
369 805 915 869 acceduntarcam,
932 804 1106 860 simul
1130 803 1263 859 laeto
1281 809 1336 858 et
1354 806 1638 857 tremente
1657 800 1882 865 animo,

162 912 163 915 ‘
222 899 447 949 etcum
502 910 743 960 omnes,
789 895 893 967 qui
936 893 1051 949 illic
1099 898 1286 957 erant,
1333 890 1589 947 efﬁceret
1632 906 1884 946 somnus

221 981 376 1037 nullo
407 998 601 1038 sensu
636 981 916 1055 praeditos
958 985 1013 1050 (ο
1042 981 1246 1037 beatas
1288 995 1521 1044 manus,
1553 995 1590 1034 o
1634 977 1877 1041 furtum,

2000 627 2230 681 tantum
2264 627 2491 684 bonum
2524 630 2600 686 ad
2648 632 2804 687 solos
2849 632 2997 687 duos
3042 636 3215 687 testes
3264 647 3384 687 non
3433 632 3649 687 debere

1998 715 2286 781 contrahi,
2340 723 2393 773 et
2450 723 2741 792 tanquam
2799 719 3096 792 profundo
3150 720 3351 793 aliquo
3414 719 3649 789 contegi

1998 800 2250 869 silentio,
2283 812 2339 862 et
2375 822 2728 863 communes
2788 809 3025 866 divitias
3079 825 3207 866 esse
3264 825 3475 865 eorum
3526 813 3649 864 tan-

1994 894 2115 947 tum
2176 896 2469 967 proprias,
2527 902 2583 953 et
2647 898 2950 954 communi
2994 899 3171 971 epulo
3219 914 3320 954 eos
3365 914 3425 955 se
3487 897 3647 953 solos

1989 982 2225 1053 explere
2260 1001 2271 1038 :
2304 992 2495 1041 movet
2525 986 2689 1059 ipsos
2720 988 2798 1044 ad
2848 987 2907 1044 id
2927 989 3089 1059 quod
3140 990 3463 1052 tacuerant,
3515 1001 3649 1059 pro-

217 1070 271 1126 in
294 1072 466 1144 quod
500 1071 672 1128 nulla
698 1075 895 1143 potest
917 1072 1165 1127 omnino
1191 1069 1405 1125 cadere
1436 1067 1818 1140 reprehensio
1838 1068 1878 1139 l)
1986 1067 2294 1129 ferendum
2325 1074 2385 1129 in
2419 1074 2611 1132 lucem
2645 1095 2658 1132 :
2687 1081 2745 1133 et
2775 1078 3145 1143 accedentes,
3190 1077 3554 1133 annuntiant
3576 1074 3647 1131 iis

216 1160 366 1215 hanc
396 1160 713 1232 accipiunt
741 1161 824 1216 eis
871 1174 1115 1234 quoque
1154 1157 1404 1213 omnino
1446 1158 1556 1213 hac
1599 1156 1652 1212 in
1694 1173 1755 1211 re
1794 1156 1877 1212 fa-

215 1254 379 1304 vente
410 1250 636 1319 gratia.
661 1250 727 1304 Et
748 1265 880 1306 eam
904 1249 1150 1321 quidem
1171 1247 1259 1303 sic
1286 1246 1495 1302 tollunt
1517 1265 1529 1305 :
1562 1252 1876 1318 apponunt

215 1343 430 1399 autem,
457 1354 654 1409 quam
689 1338 1110 1410 Hierosolymis
1148 1335 1225 1392 ad
1266 1336 1393 1405 ejus
1425 1334 1871 1390 similitudinem

213 1424 479 1481 fabricati
516 1427 771 1491 fuerant,
803 1442 941 1481 cum
972 1426 1024 1481 ei
1049 1426 1226 1480 etiam
1253 1423 1680 1495 imposuissent
1705 1438 1874 1494 oper-

215 1517 430 1570 culum.
461 1516 637 1581 Quod
670 1517 915 1589 quidem
943 1520 1068 1572 erat
1097 1528 1365 1579 aureum,
1402 1518 1464 1567 ut
1494 1512 1774 1567 diximus.

280 1606 364 1660 Ll.
432 1605 587 1661 Cum
646 1606 907 1676 primum
973 1612 1170 1663 autem
1234 1603 1546 1665 illuxisset,
1602 1607 1871 1657 sanctam

1985 1160 2085 1231 qui
2119 1165 2255 1217 tunc
2292 1169 2479 1232 erant,
2533 1164 3019 1237 imperatoribus,
3067 1172 3123 1223 et
3153 1166 3428 1238 aperiunt
3465 1162 3645 1238 quale

1986 1248 2061 1304 sit
2081 1250 2454 1317 miraculum,
2478 1260 2532 1309 et
2550 1254 2856 1311 declarant
2874 1255 3396 1327 quemadmodum
3414 1253 3644 1311 sitalla-

1981 1332 2130 1394 tum.
2164 1343 2271 1395 Eos
2302 1350 2523 1411 autem,
2555 1359 2693 1400 cum
2724 1344 3071 1410 audiissent,
3103 1360 3392 1416 magnum
3423 1343 3646 1399 invasit

1982 1427 2292 1495 gaudium,
2339 1435 2394 1485 et
2449 1432 2717 1502 protinus
2778 1432 2842 1487 ﬁt
2890 1432 3217 1503 publicum,
3249 1432 3410 1504 quod
3453 1431 3642 1488 fuerat

1981 1516 2300 1573 occultum.
2336 1521 2398 1574 Et
2424 1520 2573 1576 beati
2596 1521 2837 1593 quidem
2861 1522 3009 1577 inter
3038 1538 3251 1578 omnes
3289 1525 3640 1592 reputantur

1982 1605 2227 1662 Galbius
2257 1614 2311 1663 et
2356 1610 2657 1665 Candidus
2701 1620 2941 1682 propter
2971 1611 3086 1667 tale
3125 1610 3543 1674 ministerium,
3580 1615 3637 1667 et

216 1692 518 1750 mulierem
555 1694 807 1766 quidem
846 1696 1058 1765 jubent
1090 1699 1299 1763 valere,
1333 1704 1390 1751 et
1419 1698 1637 1762 rogant
1670 1697 1728 1745 ut
1755 1706 1869 1745 non
1906 1719 1947 1774 Β
1983 1694 2233 1765 publicis
2249 1696 2617 1753 honorantur
2646 1699 2992 1754 honoribus.
3016 1699 3226 1755 Divina
3248 1702 3451 1755 autem
3475 1698 3636 1754 mdes

212 1789 393 1837 cesset
414 1800 525 1853 pro
560 1786 645 1839 eis
674 1800 864 1849 orare,
895 1792 949 1841 et
974 1803 1181 1843 eorum
1217 1789 1408 1843 facere
1442 1795 1870 1838 commemora-

218 1870 431 1927 tionem
475 1872 703 1929 Deinde
737 1873 790 1929 ei
829 1890 1071 1947 quoque
1125 1878 1310 1949 digito
1349 1873 1673 1930 ostendunt
1702 1884 1870 1941 oper-

211 1960 610 2034 culum,quasi
637 1978 835 2018 veram
864 1964 1025 2020 illam
1047 1972 1263 2036 tegeret
1286 1972 1341 2021 et
1364 1966 1619 2038 primam
1643 1975 1866 2025 arcam.

206 2050 353 2120 quod
398 2051 640 2106 mulieri
686 2068 926 2125 quoque
978 2056 1170 2110 visum
1221 2062 1307 2111 est
1342 2055 1419 2110 ab
1455 2055 1567 2109 illis
1620 2052 1867 2107 allatum

207 2152 317 2194 esse
345 2141 603 2195 honoris
633 2142 842 2212 gratia.
877 2144 939 2198 Et
980 2160 1117 2199 cum
1152 2150 1437 2217 praeterea
1491 2144 1562 2198 iis
1594 2146 1693 2214 qui
1739 2141 1866 2196 fue-

216 2235 338 2282 rant
400 2229 655 2297 inventi,
722 2232 1089 2301 pauperibus
1170 2233 1655 2305 suppeditassent
1736 2246 1869 2302 quae

214 2324 365 2372 erant
412 2320 779 2385 necessaria,
819 2320 991 2377 valde
1023 2321 1136 2378 laeti
1188 2322 1455 2394 protinus
1482 2324 1589 2377 iter
1618 2314 1869 2389 ingressi

211 2411 354 2470 sunt,
397 2408 660 2463 domum
700 2412 1014 2466 reversuri.
1068 2415 1385 2484 Postquam
1430 2418 1629 2467 autem
1682 2409 1870 2464 venis-

225 2500 343 2549 sent
393 2498 765 2569 Byzantium,
803 2514 924 2554 non
965 2500 1283 2556 honestum
1334 2516 1462 2556 esse
1515 2502 1865 2564 statuerunt,

219 2581 280 2638 iis
318 2588 416 2656 qui
465 2586 572 2642 illo
619 2591 885 2659 tempore
929 2596 1115 2654 erant,
1149 2588 1609 2660 imperatoribus
1655 2593 1869 2661 myste-

213 2674 350 2728 rium
380 2678 549 2747 prius
594 2677 1063 2748 communicare,
1118 2695 1301 2752 quam
1328 2677 1703 2751 patriarchas.
1749 2676 1865 2731 Eos

215 2761 360 2817 enim
402 2762 653 2820 subibat
693 2764 888 2834 timor,
936 2782 1007 2824 ne
1038 2768 1203 2840 quod
1246 2767 1356 2840 ipsi
1392 2783 1569 2821 suum
1612 2780 1738 2820 esse
1768 2765 1865 2820 bo-

214 2865 343 2907 num
380 2856 734 2917 statuerant,
770 2871 840 2910 eo
868 2855 945 2912 ab
977 2856 1089 2911 illis
1122 2856 1513 2927 privarentur.
1547 2856 1693 2911 Cum
1721 2869 1865 2923 ergo

213 2938 383 2996 multa
436 2943 901 3009 consultassent,
965 2945 1048 3000 eis
1115 2945 1243 3000 haec
1297 2944 1423 2998 visa
1477 2948 1565 2999 est
1639 2943 1865 3015 optima

215 3031 511 3097 sententia,
574 3030 820 3088 latenter
862 3048 963 3089 eos
1012 3033 1089 3088 ad
1138 3033 1251 3089 hoc
1300 3048 1541 3106 quoque
1588 3037 1864 3088 monente

220 3113 471 3188 Deipara.
513 3122 656 3175 Erat
694 3121 777 3175 eis
809 3120 1102 3191 praedium
1148 3121 1311 3191 apud
1344 3137 1545 3176 muros
1586 3121 1860 3186 civitatis,

220 3207 612 3280 propinquum
657 3209 871 3264 marini
914 3210 1084 3265 sinus
1128 3211 1327 3265 cornui
1367 3210 1527 3278 (huic
1576 3210 1707 3266 loco
1762 3226 1863 3266 no-

222 3306 343 3347 men
401 3304 527 3352 erat
570 3297 978 3353 Blacchernm).
1022 3302 1083 3353 ln
1122 3314 1191 3354 eo
1252 3306 1564 3355 exstruunt
1616 3299 1859 3372 quidem

224 3378 453 3439 domum
483 3387 834 3442 oratoriam.
878 3390 1024 3444 Cum
1061 3393 1264 3443 autum
1295 3389 1378 3444 eis
1426 3404 1663 3457 magna:
1709 3386 1864 3441 esset

221 3482 359 3525 cum
411 3481 474 3529 ut
524 3474 795 3541 laterent,
849 3476 997 3531 Petri
1049 3476 1458 3549 apostolorum
1494 3476 1775 3549 principis
1807 3481 1864 3531 et

216 3556 370 3615 Marci
418 3563 673 3619 domum
702 3565 1036 3619 nominant.
1065 3566 1209 3620 Cum
1241 3565 1297 3619 in
1328 3581 1394 3620 eo
1436 3571 1588 3621 certe
1624 3582 1856 3621 sacrum

216 3643 365 3703 illum
393 3650 739 3708 thesaurum
770 3654 1331 3724 posuissent,omne
1374 3653 1571 3709 statim
1596 3654 1855 3709 studium

216 3733 618 3804 adhibuerunt,
642 3741 772 3796 utin
798 3742 1016 3813 templo
1030 3747 1480 3814 essetperpetua
1506 3742 1855 3815 hymnodia,

218 3833 514 3895 perpetuus
561 3830 714 3885 odor
742 3835 1103 3896 aromatum,
1146 3837 1201 3886 et
1245 3832 1524 3887 assiduus
1577 3832 1858 3903 splendor

218 3906 511 3973 luminum.
546 3921 613 3974 Et
659 3919 741 3973 sic
770 3919 1010 3990 quidem
1044 3919 1226 3989 longo
1258 3926 1526 3992 tempore
1557 3922 1669 3976 hoc
1708 3921 1855 3975 divi-

1980 1782 2040 1839 in
2083 1800 2154 1839 eo
2192 1785 2323 1840 loco
2381 1788 2555 1857 regiis
2599 1788 2886 1859 impensis
2930 1788 3193 1859 Deiparm
3246 1787 3576 1843 aediﬁcatur
3616 1802 3629 1843 :

1979 1877 2035 1927 et
2063 1888 2248 1944 capsa
2290 1889 2359 1929 ex
2382 1880 2628 1945 argento
2658 1880 2715 1931 et
2769 1892 2915 1931 auro
2983 1882 3338 1941 constructa,
3392 1890 3633 1931 sacrum

1980 1961 2147 2017 illum
2175 1964 2523 2019 thesaurum
2554 1964 2796 2036 excipit:
2820 1964 3092 2035 plurimis
3125 1965 3257 2021 aliis
3284 1964 3633 2020 muneribus

1977 2053 2035 2105 et
2062 2048 2237 2105 donis
2278 2050 2498 2107 domus
2545 2052 2885 2109 honoratur.
2938 2054 3054 2109 Leo
3112 2069 3251 2109 vero
3309 2060 3365 2108 et
3418 2052 3635 2109 Verina

1980 2136 2039 2208 (ii
2074 2139 2234 2193 enim
2280 2144 2418 2196 tunc
2461 2139 2874 2211 imperabant;
2916 2158 3173 2213 quorum
3218 2149 3486 2213 tempore
3517 2141 3631 2197 hoc

1979 2241 2219 2298 quoque
2261 2243 2550 2297 magnum
2577 2234 2635 2285 et
2662 2231 2959 2287 revelatur
2991 2232 3363 2303 mysterium,
3385 2229 3531 2285 etad
3548 2244 3635 2285 re-

1980 2316 2140 2384 giam
2184 2316 2388 2372 urbem
2431 2321 2949 2391 exportatur)cum
2981 2320 3300 2392 pulchreet
3326 2319 3422 2391 pie
3442 2319 3634 2391 impe-

1981 2408 2230 2470 rassent,
2248 2412 2301 2460 et
2318 2406 2559 2462 Galbius
2573 2412 2630 2463 et
2645 2408 2967 2478 Candidus,
2988 2409 3091 2481 qui
3106 2409 3220 2464 hoc
3235 2407 3632 2463 ministerium

1982 2492 2373 2565 pulcherrime
2433 2496 2728 2562 obierunt,
2790 2497 3225 2552 transferuntur
3283 2501 3489 2568 postea
3554 2502 3631 2553 ad

1979 2582 2263 2637 senectuti
2304 2598 2423 2639 non
2453 2584 2782 2640 obnoxiam
2812 2585 2945 2642 vita)
2965 2584 3391 2641 conditionem.

2053 2670 2184 2725 Llll.
2215 2673 2359 2726 Cum
2393 2688 2534 2744 ergo
2564 2672 2692 2729 hac
2722 2690 2883 2729 sacra
2927 2689 3067 2729 arca
3110 2673 3283 2728 nobis
3313 2672 3628 2737 contineat,

1978 2773 2097 2814 non
2120 2760 2419 2831 quasdam
2452 2761 2713 2831 tabulas,
2739 2778 2923 2818 manu
2961 2763 3216 2819 Mosaica
3244 2760 3476 2833 politas,
3526 2758 3628 2816 sed

1978 2854 2195 2903 vestem
2250 2848 2428 2921 plane
2486 2851 2776 2917 divinam,
2826 2857 2883 2907 et
2908 2867 3144 2907 summe
3198 2850 3629 2918 venerandam,

1974 2953 2110 3010 qum
2152 2953 2270 2993 non
2330 2938 2524 2996 solum
2581 2941 3002 2998 intemeratum
3057 2947 3115 2998 et
3162 2941 3241 2997 ab
3289 2939 3456 2997 omni
3493 2938 3631 2995 labe

1974 3026 2235 3085 alienum
2286 3044 2501 3101 corpus
2560 3031 2719 3095 texit,
2773 3031 2877 3087 sed
2917 3032 2975 3088 in
3026 3047 3149 3103 qua
3194 3030 3278 3103 (ut
3342 3028 3630 3085 audacter

1974 3118 2196 3191 dicam)
2223 3136 2360 3175 cum
2401 3126 2553 3175 esset
2578 3120 2796 3189 infans,
2853 3122 3005 3176 Deus
3039 3119 3295 3175 Verbum
3325 3118 3435 3176 fuit
3463 3117 3625 3173 invo-

1973 3206 2131 3262 lutus
2180 3213 2236 3264 et
2282 3213 2542 3268 auctus:
2583 3211 2734 3265 adeo
2785 3215 2847 3265 ut
2885 3226 2951 3266 ea
2995 3225 3154 3281 saepe
3184 3223 3507 3280 conspersa
3552 3206 3629 3261 sit

1972 3299 2150 3369 guttis
2194 3298 2361 3354 lactis
2411 3298 2784 3364 venerabilis,
2818 3315 2935 3371 quo
2966 3300 3219 3356 nutritus
3272 3297 3375 3354 fuit
3431 3296 3481 3353 is
3524 3296 3629 3369 qui

1972 3391 2058 3442 est
2090 3387 2359 3443 omnium
2396 3387 2742 3443 alimentum
2794 3394 2850 3442 et
2874 3388 2991 3443 vita
3036 3388 3149 3455 ;ad
3205 3403 3340 3443 eam
3380 3386 3626 3460 quidem

1976 3492 2103 3530 vere
2133 3475 2506 3532 laudandam
2534 3477 2698 3533 nulla
2727 3477 2946 3532 sufﬁcit
2973 3477 3181 3533 oratio.
3234 3476 3369 3533 Sola
3423 3482 3623 3532 autem

1972 3566 2295 3635 gratiarum
2350 3566 2579 3621 actione
2606 3582 2697 3621 res
2754 3572 2845 3621 est
2900 3566 3346 3638 prosequenda,
3401 3571 3456 3621 et
3514 3564 3625 3635 ipsi

1972 3655 2238 3726 Deiparas
2280 3662 2416 3710 sunt
2461 3656 2705 3727 agendas
2758 3655 2981 3725 gratias,
3020 3662 3075 3711 et
3131 3656 3261 3726 ejus
3285 3655 3425 3711 Filio
3459 3670 3623 3711 com-

1972 3744 2136 3799 muni
2166 3743 2450 3800 Salvatori
2505 3752 2561 3799 et
2611 3744 2765 3815 Regi,
2822 3744 2921 3815 qui
2973 3744 3178 3799 omnia
3226 3744 3301 3798 ad
3354 3749 3617 3798 nostram

1970 3833 2275 3888 utilitatem
2306 3839 2361 3888 et
2387 3831 2639 3887 salutem
2671 3833 2998 3905 dispensat.
3039 3832 3096 3887 Ei
3126 3832 3310 3901 gloria
3332 3837 3387 3887 et
3418 3837 3620 3903 poten-

1967 3923 2048 3977 tia
2072 3937 2229 3977 nunc
2259 3926 2316 3976 et
2344 3937 2592 3992 semper,
2621 3928 2675 3978 et
2700 3922 2759 3977 in
2779 3921 2997 3977 saecula
3019 3921 3397 3977 saeculorum.
3429 3922 3614 3977 Amen

1444 4246 2334 4369 MARTYRIUM

688 4519 827 4663 S.
960 4520 1951 4667 MARTYBIS
2071 4524 3126 4671 MAMANTIS.

640 4827 844 4889 (Latine
873 4828 1020 4892 apud
1050 4828 1264 4879 Surium
1298 4831 1366 4881 ad
1398 4830 1543 4883 diem
1581 4834 1637 4883 l7
1668 4834 1911 4898 Augusti.
1952 4862 2009 4872 —
2043 4835 2222 4886 Graeca
2253 4848 2360 4885 non
2387 4837 2674 4887 occurrunt
2709 4835 2763 4884 in
2802 4849 2911 4885 mss
2945 4835 3133 4899 Paris).

1862 5035 1929 5046 a—

285 5160 317 5216 ῐ-
344 5167 566 5237 Hamas,
596 5189 851 5245 magnus
881 5180 938 5231 et
959 5176 1206 5247 insignis
1230 5181 1458 5250 martyr
1476 5177 1709 5247 Christi,
1734 5193 1835 5249 pa-
1868 5178 1911 5232 Ι)
1946 5178 2054 5233 orti
2095 5182 2293 5234 essent
2322 5193 2392 5233 ex
2423 5178 2707 5251 patriciis,
2742 5181 2797 5233 et
2826 5177 2927 5250 qui
2956 5192 3075 5233 non
3131 5178 3326 5234 solum
3351 5178 3411 5233 in
3442 5175 3604 5243 ﬁliis,

226 5248 367 5339 “fiam
398 5263 631 5330 quidem
663 5263 870 5319 habuit
911 5248 1416 5339 Paphlagoniam}
1467 5273 1592 5323 erat
1632 5248 1832 5322 autem

226 5335 386 5398 clarus
431 5356 482 5407 et
518 5353 732 5424 pietate
772 5356 826 5408 et
866 5335 1099 5426 genere.
1131 5335 1275 5411 ﬁam
1322 5360 1449 5412 erat
1497 5356 1547 5411 ei
1587 5356 1831 5429 quidem

223 5430 360 5518 ραιθι-
376 5438 723 5508 Theodotus,
750 5449 937 5499 mater
962 5459 1102 5500 vero
1127 5445 1379 5512 Rufﬁna,
1398 5445 1682 5516 religione
1700 5446 1831 5518 qui-

229 5507 339 5572 dem
373 5526 537 5585 ambo
573 5507 797 5596 ﬁdeles,
830 5542 1045 5602 genere
1083 5538 1280 5590 autem
1308 5507 1596 5605 insignes,
1628 5536 1689 5589 ut
1719 5507 1827 5606 qui

1948 5268 2051 5323 sed
2072 5268 2246 5323 etiam
2276 5269 2332 5322 in
2362 5268 2640 5323 omnibus
2665 5268 2767 5339 qui
2790 5271 2957 5322 erant
2978 5266 3064 5322 sui
3083 5267 3333 5339 generis,
3360 5281 3604 5323 conser-

1945 5362 2151 5412 varent
2172 5356 2558 5412 nobilitatem.
2589 5356 2668 5419 Hi,
2702 5372 2839 5411 cum
2868 5361 3025 5410 esset
3050 5356 3368 5411 vehemens
3396 5371 3604 5412 eorum

1942 5460 2113 5500 amor
2137 5444 2197 5499 in
2229 5444 2616 5509 Christum,et
2633 5459 2739 5500 nec
2756 5448 3000 5516 possent
3028 5444 3277 5517 quidem
3303 5445 3607 5500 internum

1943 5532 2245 5590 continere
2294 5532 2704 5600 desiderium;
2739 5532 2843 5589 sed
2865 5538 2922 5590 et
2968 5531 3151 5591 libere
3190 5531 3610 5606 proﬁterentur
