4142 6196
433 260 537 316 567

1803 249 2060 308 MENSIS
2088 250 2491 314 AUGUSTUS.

3757 254 3862 306 568

435 388 734 461 pietatem,
763 383 1056 441 etmultos
1090 382 1166 438 ad
1197 397 1331 437 eam
1369 383 1710 447 excitarent,
1741 383 2099 437 accusantur
2135 377 2173 430 Α
2205 376 2455 442 Rufﬁna,
2491 382 2566 443 et,
2598 378 2713 434 voti
2741 377 2897 433 facta
2939 393 3208 450 compos,
3252 378 3498 450 perinde
3543 395 3613 434 ac
3652 393 3862 450 preces

437 477 597 549 apud
636 475 1061 539 Alexandrum,
1093 471 1193 543 qui
1226 477 1363 526 tunc
1407 478 1531 528 erat
1567 473 1797 539 legatus
1847 467 2095 524 civitatis

439 568 706 634 Gangrae,
736 562 900 618 etcui
920 561 1274 616 mandatum
1306 560 1496 616 fuerat
1524 561 1600 616 ab
1635 562 2004 631 lmperatore,
2032 562 2095 610 ut

438 654 688 710 deorum
719 652 964 725 quidem
996 649 1218 705 cultum
1251 650 1416 704 omni
1437 651 1632 705 studio
1651 652 1896 720 augeret
1915 653 2092 701 etex-

440 743 664 799 tolleret
696 758 707 796 :
744 740 840 813 qui
869 739 1274 794 invenirentur
1298 745 1521 802 autem,
1548 738 1912 795 Christianos
1930 734 2090 790 mul-

440 833 508 888 tis
541 830 860 898 subjiceret
892 827 1222 900 suppliciis.
1254 827 1423 892 Quod
1448 827 1490 880 si
1526 828 1585 882 in
1613 843 1719 882 sua
1758 839 2093 898 persevera-

440 925 571 977 rent
601 917 905 988 religione,
937 916 1114 972 etiam
1147 916 1320 973 morti
1357 916 1630 972 traderet.

514 1059 578 1114 Il.
612 1057 942 1113 Alexander
971 1071 1111 1126 ergo
1151 1055 1412 1110 divinum
1443 1055 1830 1121 Theodotum,
1880 1054 2094 1126 produ-

443 1154 602 1205 ctum
629 1152 762 1202 ante
794 1162 969 1200 suum
997 1143 1541 1214 tribunal,cogebat
1563 1144 1892 1200 sacriﬁcare
1915 1143 2095 1198 simu-

441 1238 636 1294 lacris.
675 1235 788 1292 Sed
815 1234 909 1290 ille
939 1249 1013 1289 ne
1040 1249 1246 1290 aurem
1277 1232 1523 1305 quidem
1547 1234 1852 1305 praebebat
1875 1233 1944 1287 iis
1959 1248 2094 1304 qum

443 1325 819 1382 dicebantur.
847 1323 1096 1393 Legatus
1121 1327 1343 1387 autem,
1371 1338 1507 1376 eum
1522 1325 1677 1377 esset
1700 1327 1942 1392 paratus
1956 1337 2092 1376 eum

443 1415 673 1488 punire,
720 1413 1149 1485 prohibebatur
1178 1426 1214 1466 a
1249 1410 1534 1479 dignitate
1583 1417 1918 1482 parentum.
1965 1411 2094 1466 Non

446 1506 605 1560 enim
637 1503 687 1558 ei
707 1501 1156 1568 permittebatur
1171 1499 1529 1556 contumelia
1559 1499 1794 1556 afﬁcere
1823 1499 1975 1554 ﬁlios
1997 1515 2098 1570 pa-

449 1593 769 1657 triciorum,
812 1589 923 1645 nisi
952 1591 1274 1661 imperator
1301 1589 1685 1660 permitteret.
1731 1592 1870 1643 Eum
1905 1590 2099 1660 itaque

448 1682 622 1738 mittit
648 1681 700 1735 ln
732 1679 1125 1750 Cappadociae
1168 1679 1495 1732 Cmsaream
1521 1681 1597 1732 ad
1637 1680 1912 1732 Faustum
1955 1693 2101 1748 prae-

449 1771 659 1826 sidem.
692 1768 785 1824 Ille
813 1772 1036 1832 autem,
1067 1766 1170 1839 qui
1197 1782 1312 1837 quo
1335 1766 1536 1821 eratin
1564 1766 1865 1837 impietate
1887 1767 2103 1820 arden-

448 1861 583 1927 tior,
615 1874 683 1913 eo
727 1862 854 1912 erat
883 1856 1113 1926 saevior,
1164 1872 1298 1910 cum
1344 1855 1666 1926 accepisset
1705 1855 2100 1922 Theodotum,

449 1965 582 2004 eum
612 1947 809 2002 statim
842 1946 1096 2014 conjecit
1126 1947 1186 2000 in
1214 1959 1528 1999 carcerem.
1563 1944 1697 2014 Ejus
1725 1960 1864 1998 vero
1882 1944 2012 2013 conj
2028 1959 2099 1997 ux

449 2039 559 2093 etsi
606 2041 759 2092 esset
805 2035 1069 2104 gravida,
1130 2034 1408 2088 maritum
1472 2038 1671 2087 tamen
1731 2039 1817 2088 est
1875 2038 2099 2097 secuta,

450 2132 507 2184 et
532 2141 666 2182 eum
699 2122 1002 2180 Theodoto
1048 2121 1414 2193 ingrediente
1459 2137 1773 2190 carcerem,
1804 2137 1924 2176 una
1956 2137 2102 2193 quo-

449 2231 566 2288 que
597 2219 683 2269 est
711 2213 994 2281 ingressa.
1020 2212 1249 2266 Interim
1292 2215 1490 2266 autem
1547 2211 1690 2265 dum
1731 2212 1907 2266 simul
1934 2213 2104 2280 dege-

449 2310 599 2367 rent,
626 2300 961 2357 Theodotus
1002 2306 1057 2356 et
1088 2301 1280 2355 sciens
1302 2299 1496 2354 carnis
1528 2299 2013 2364 imbecillitatem,
2047 2307 2103 2355 et

451 2407 573 2448 non
604 2392 886 2460 ignorans
928 2391 1161 2460 tyranni
1210 2387 1517 2454 smvitiam,
1572 2389 1769 2444 statuit
1808 2388 1886 2444 ad
1920 2391 2099 2443 Deum

452 2481 772 2548 confugere
788 2495 800 2533 :
816 2495 997 2549 quem
1014 2479 1385 2550 precabatur,
1415 2482 1473 2531 ut
1493 2477 1618 2548 ipse
1639 2481 1831 2549 potius
1851 2494 2104 2534 morere-

456 2579 548 2628 tur
579 2587 718 2628 cum
762 2586 961 2634 uxore,
1022 2585 1204 2641 quam
1267 2565 1495 2637 aliquid
1551 2567 1840 2623 accideret
1899 2584 2106 2623 eorum

455 2667 652 2717 mente
710 2661 1048 2733 indignum,
1123 2659 1269 2714 dum
1321 2673 1438 2712 non
1505 2664 1746 2730 possent
1818 2657 2109 2712 sustinere

456 2751 891 2807 vehementiam
923 2749 1373 2822 suppliciorum.
1406 2754 1590 2806 Deum
1619 2749 1814 2819 itaque
1839 2748 2109 2816 rogabat,

457 2841 696 2897 dicens:
754 2841 1001 2896 Domine
1065 2841 1211 2893 Deus
1259 2839 1562 2903 virtutum,
1618 2836 1813 2892 dilecti
1871 2835 1988 2890 Filii
2031 2836 2110 2890 tui

461 2933 626 2986 Pater
655 2929 753 2985 tibi
802 2928 1115 2992 benedico,
1164 2933 1220 2982 et
1252 2933 1302 2981 te
1365 2927 1646 2997 gloriﬁco,
1699 2925 1858 2996 quod
1915 2924 2004 2978 vel
2052 2926 2111 2978 in

459 3035 694 3074 carcere
720 3017 986 3072 habitare
1011 3023 1250 3087 propter
1281 3031 1499 3070 nomen
1520 3021 1687 3070 tuum
1712 3030 1845 3068 sum
1893 3014 2109 3067 conde—

463 3112 722 3162 mnatus.
741 3107 852 3160 Sed
871 3111 921 3160 te
936 3104 1615 3176 rogo,Domine,suscipe
1631 3103 1896 3157 animam
1912 3117 2110 3156 meam

461 3196 523 3250 in
546 3195 636 3250 his
678 3192 940 3257 vinculis,
1000 3193 1103 3263 qui
1149 3207 1344 3246 meam
1401 3191 1552 3247 nosti
1619 3189 2109 3253 imbecillitatem,

460 3299 534 3338 ne
565 3281 893 3353 aliquando
932 3279 990 3335 in
1028 3296 1119 3334 me
1159 3280 1441 3349 glorietur
1479 3279 1776 3334 inimicus.
1814 3281 1941 3333 Haec
1974 3294 2114 3347 ergo

460 3372 510 3428 is
543 3374 948 3442 estprecatus.
999 3369 1107 3434 Qui
1153 3385 1288 3424 vero
1341 3368 1506 3425 ﬁnxit
1555 3368 1896 3437 singulatim
1938 3368 2117 3422 corda

462 3465 680 3522 nostra,
721 3459 823 3531 qui
857 3458 1127 3528 intelligit
1156 3459 1360 3514 omnia
1408 3474 1591 3530 opera
1632 3461 1850 3520 nostra,
1920 3460 2117 3510 mente

462 3557 597 3606 ante
610 3565 793 3620 opera
810 3565 835 3600 s
847 3554 1108 3619 uscepta,
1127 3552 1260 3619 post
1279 3548 1455 3602 finem
1469 3547 1774 3615 orationis,
1796 3547 1846 3601 ei
1865 3551 2118 3601 mortem

462 3637 985 3707 aﬂ‘ertevestigio.A
998 3641 1133 3708 tque
1147 3636 1228 3690 sic
1241 3637 1487 3708 quidem
1501 3634 2117 3698 excessitTheodotus,

464 3742 712 3799 corpore
737 3732 974 3782 mortuo
1023 3725 1224 3781 relicto
1264 3725 1324 3779 in
1347 3725 1637 3781 custodia.

539 3868 624 3923 Ill.
695 3867 923 3937 Conjux
981 3870 1180 3921 autem
1247 3867 1377 3936 ejus
1442 3865 1702 3928 Rufﬁna,
1751 3880 1868 3920 non
1924 3864 2120 3919 ferens

465 3956 844 4014 afﬂictionem
863 3955 1108 4010 carceris
1127 3946 1274 4008 cuni
1289 3954 1422 4026 ipsa
1437 3971 1674 4026 quoque
1709 3955 2121 4024 intempestive

465 4047 788 4119 peperisset
812 4044 1026 4111 ﬁlium,
1061 4049 1258 4115 utpote
1298 4043 1462 4114 quod
1497 4058 1715 4112 magna
1747 4044 1846 4097 illa
1877 4041 2122 4098 afﬂictio

469 4135 776 4196 effecisset,
795 4139 855 4188 ut
877 4139 1106 4203 pareret
1129 4138 1339 4203 praiter
1357 4136 1656 4198 naturam,
1675 4131 2124 4186 distrahebatur

471 4224 674 4278 multis
695 4239 763 4278 ac
797 4223 972 4277 variis
999 4221 1183 4276 animi
1227 4220 1794 4290 perturbationibus.
1833 4223 1973 4275 Eam
1995 4237 2124 4288 gra-

469 4313 616 4367 viter
642 4311 901 4380 angebat
923 4327 1081 4365 mors
1110 4308 1331 4372 mariti,
1365 4310 1709 4379 premebant
1750 4309 2120 4377 gravissimas

2204 482 2596 539 consequens,
2628 469 2763 539 ipsa
2785 483 3025 539 quoque
3055 467 3308 523 decedit.

2275 558 2361 610 IV.
2395 560 2472 613 Ea
2502 572 2642 627 ergo
2689 559 2929 612 beatum
2975 557 3120 612 illud
3146 557 3220 612 ad
3278 560 3463 612 Deum
3511 559 3619 613 iter
3668 557 3864 628 ingre-

2203 644 2416 708 diente,
2454 646 2616 701 solus
2646 646 2844 702 infans
2869 646 3107 717 jacebat
3130 647 3293 701 vivus
3337 646 3488 701 inter
3539 651 3859 718 parentum

2204 735 2499 805 reliquias.
2531 736 2800 790 Protinus
2837 740 3036 791 autem
3080 736 3358 806 quaedam
3399 735 3604 790 divina
3627 735 3773 790 visio
3803 734 3860 788 in

2202 823 2409 878 habitu
2440 832 2493 880 et
2535 825 2724 894 ﬁgura
2755 825 3164 890 adolescentis,
3195 830 3442 896 apparet
3463 825 3702 880 cuidam
3730 840 3862 880 mu-

2202 912 2324 968 lieri
2356 913 2528 968 clarae
2560 920 2615 968 et
2645 929 2859 983 genere
2886 919 2940 969 et
2966 913 3203 984 opibus,
3231 929 3425 985 neque
3453 915 3647 969 minus
3679 914 3860 984 pieta-

2205 1007 2257 1056 te
2289 1018 2357 1057 ac
2398 1003 2700 1073 religione,
2742 1001 3071 1058 vocabatur
3119 1009 3321 1058 autem
3373 1004 3650 1058 Ammia:
3702 1007 3759 1058 et
3809 1001 3860 1056 ei

2197 1090 2385 1160 jubet,
2405 1099 2465 1146 ut
2479 1099 2637 1164 petat
2657 1091 2900 1164 quidem
2922 1107 2955 1146 a
2973 1091 3223 1162 praeside
3241 1107 3496 1164 corpora
3513 1097 3793 1147 sanctoru
3807 1108 3860 1144 m

2203 1180 2305 1251 qui
2332 1182 2704 1236 dormierunt
2750 1182 2806 1235 in
2839 1197 3072 1236 carcere
3099 1199 3110 1236 :
3143 1181 3303 1236 tollat
3337 1186 3536 1236 autem
3569 1180 3863 1235 infantem

2203 1285 2467 1341 quoque,
2496 1270 2600 1342 qui
2625 1271 2786 1342 jacet
2825 1271 2973 1324 inter
3004 1285 3125 1334 eos,
3169 1275 3225 1325 et
3263 1285 3402 1324 eum
3452 1270 3560 1324 sibi
3617 1269 3866 1339 adoptet

2205 1358 2496 1423 infilium,
2531 1365 2587 1414 et
2618 1373 2903 1427 magnam
2953 1359 3081 1429 ejus
3112 1372 3324 1416 Curam
3377 1363 3544 1428 gerat
3568 1358 3667 1413 illa
3721 1374 3865 1413 vero

2208 1449 2472 1517 (carebat
2493 1447 2962 1510 enimliberis,et
2984 1454 3108 1503 erat
3139 1447 3341 1517 vidua)
3370 1448 3517 1503 sicut
3547 1447 3597 1502 ei
3618 1447 3871 1502 manda-

2209 1539 2286 1591 vit
2317 1537 2640 1603 somnium,
2679 1538 2754 1592 ad
2787 1537 3107 1608 praesidem
3157 1538 3271 1592 cito
3311 1536 3623 1600 accedens,
3657 1537 3871 1591 habuit

2210 1642 2346 1682 eum
2381 1626 2544 1681 facile
2603 1631 2965 1681 annuentem
2999 1625 3126 1696 ejus
3175 1624 3461 1696 petitioni.
3505 1627 3652 1680 Nam
3726 1641 3864 1679 eum

2134 1727 2177 1781 Β
2212 1731 2452 1787 quoque
2474 1731 2698 1769 morem
2732 1721 3035 1782 gerentem
3063 1713 3251 1769 effecit
3272 1714 3477 1769 divina
3505 1714 3712 1784 gratia.
3741 1715 3868 1769 Sta-

2214 1806 2315 1860 tim
2358 1806 2515 1859 enim
2559 1803 2834 1866 reddidit,
2891 1820 3026 1874 quae
3095 1803 3340 1858 Ammiae
3381 1803 3550 1872 jussa
3610 1803 3867 1857 fuerant.

2212 1894 2611 1954 Quamobrem
2645 1909 2781 1948 cum
2823 1897 2877 1947 et
2907 1899 3249 1947 sanctorum
3282 1907 3535 1962 corpora
3587 1897 3642 1946 et
3673 1891 3875 1946 infan-

2214 1990 2330 2038 tem
2357 1988 2743 2052 exportasset,
2787 1981 2885 2035 illa
2927 1981 3170 2051 quidem
3224 1979 3538 2051 splendide
3593 1980 3764 2035 simul
3813 1986 3878 2035 et

2213 2071 2530 2140 magniﬁce
2550 2071 2608 2125 in
2633 2071 2925 2125 suohorto
2955 2070 3159 2142 sepelit
3192 2068 3513 2127 :infantem
3528 2075 3726 2124 autem
3753 2068 3874 2124 sibi

2213 2161 2428 2216 educat
2457 2159 2511 2213 in
2548 2161 2757 2218 ﬁlium.
2807 2166 2860 2213 et
2910 2173 3029 2213 non
3060 2174 3244 2221 secus,
3277 2164 3453 2229 atque
3485 2157 3532 2212 si
3563 2159 3692 2229 ipsa
3729 2173 3876 2212 eum

2214 2251 2538 2322 peperisset
2567 2265 2702 2304 eum
2733 2248 2931 2303 alebat
2975 2252 3030 2302 et
3094 2246 3425 2310 erudiebat,
3485 2252 3661 2318 atque
3717 2247 3877 2302 adeo

2217 2340 2517 2408 majorem,
2533 2353 2712 2408 quam
2727 2338 2772 2391 si
2798 2337 3200 2391 fuissetmater
3220 2337 3588 2407 ejus,curam
3609 2337 3879 2406 gerebat.

2289 2429 2350 2482 V.
2387 2428 2664 2482 Peractus
2682 2427 3017 2496 autemjam
3041 2432 3163 2481 erat
3201 2442 3501 2490 annus,ex
3527 2442 3645 2498 quo
3685 2417 3879 2480 fueral

2217 2519 2539 2590 adoptatus
2568 2534 2579 2570 :
2612 2521 2666 2571 et
2691 2533 2804 2588 quo
2838 2516 3031 2584 magis
3066 2531 3207 2587 puer
3236 2516 3559 2580 crescebat,
3579 2530 3650 2571 eo
3681 2515 3880 2583 magis

2219 2605 2576 2679 procedente
2611 2609 2894 2675 tempore,
2949 2603 3125 2658 simul
3168 2619 3406 2675 quoque
3467 2602 3773 2658 crescebat
3810 2603 3879 2657 in

2221 2711 2356 2749 eum
2391 2709 2562 2748 amor
2599 2692 2868 2748 Ammiaa.
2907 2695 3053 2747 Dum
3095 2693 3251 2747 enim
3287 2692 3541 2760 videbat,
3587 2698 3877 2762 tanquam

2221 2783 2477 2838 fructum
2507 2783 2594 2836 sui
2629 2782 2795 2848 uteri,
2825 2787 2881 2836 et
2928 2780 3313 2837 existimabat
3357 2796 3418 2836 se
3462 2798 3599 2836 eum
3648 2781 3884 2836 habitu-

2224 2889 2377 2935 rum,
2406 2870 2512 2942 qui
2561 2872 2751 2940 ipsam
2813 2871 3058 2942 pulchre
3089 2871 3148 2925 in
3181 2875 3479 2925 senectute
3519 2870 3716 2926 aleret.
3747 2871 3882 2924 Jam

2225 2960 2558 3015 secundum
2594 2975 2819 3015 annum
2850 2959 3046 3014 infans
3077 2958 3420 3030 attingebat,
3458 2967 3513 3013 et
3555 2959 3762 3028 lingua
3802 2965 3886 3013 te-

2224 3066 2368 3106 nera
2399 3050 2695 3104 Ammiam
2733 3054 2904 3104 vocat
2938 3050 3423 3104 mammam.f—Ioc
3447 3055 3642 3104 autem
3677 3048 3888 3117 lingua

2228 3143 2631 3195 Romanorum
2681 3137 2974 3205 signiﬁcat
3002 3144 3274 3193 matrem.
3329 3141 3530 3209 Itaque
3576 3137 3770 3209 prima
3795 3137 3891 3191 in-

2227 3229 2404 3283 fantis
2439 3226 2734 3281 balbuties
2782 3227 3091 3296 proprium
3149 3243 3367 3281 nomen
3425 3229 3477 3282 ei
3542 3226 3767 3288 tribuit,
3827 3230 3890 3279 et

2231 3320 2446 3374 Hamas
2479 3315 2808 3370 vocabatur
2834 3315 2910 3370 ab
2937 3316 3241 3380 omnibus,
3277 3321 3334 3370 et
3364 3316 3437 3370 de
3463 3320 3676 3370 caetero
3704 3329 3889 3382 agno-

2226 3406 2521 3460 scebatur.
2547 3405 2690 3459 Cum
2729 3405 2932 3459 fuisset
2956 3410 3154 3459 autem
3186 3405 3451 3476 quinque
3473 3419 3663 3459 annos
3690 3407 3888 3469 natus,

2228 3509 2365 3549 eum
2406 3491 2787 3547 commendat
2815 3493 3050 3547 Ammia
3075 3492 3376 3562 magistris
3416 3490 3888 3548 litterarum.llle

2229 3597 2370 3637 vero
2417 3581 2768 3636 movebatur
2820 3596 3023 3636 earum
3083 3581 3413 3636 vehementi
3468 3596 3692 3644 amore,
3726 3586 3781 3635 et
3823 3581 3886 3634 in

2229 3670 2500 3726 doctrina
2531 3685 2600 3726 ac
2639 3669 2971 3740 disciplinis
3007 3676 3130 3725 erat
3169 3670 3345 3740 longe
3373 3671 3495 3724 suis
3553 3668 3887 3741 aequalibus

2232 3759 2540 3829 superior;
2582 3765 2824 3831 eratque
2849 3759 2977 3829 ejus
3017 3760 3257 3814 animus
3307 3764 3460 3814 totus
3495 3760 3774 3823 intentus,
3830 3763 3890 3814 et

2230 3848 2407 3920 plane
2450 3848 2677 3903 deﬁxus
2725 3849 2784 3902 in
2820 3847 3171 3903 eruditione.

2303 3955 2394 4010 VI.
2455 3957 2855 4009 Romanorum
2915 3960 3115 4010 autem
3164 3961 3397 4027 sceptra
3456 3961 3593 4011 tunc
3649 3954 3898 4010 tenebat

2232 4045 2556 4115 imperator
2583 4041 2949 4108 Aurelianus,
2983 4045 3081 4115 qui
3103 4045 3356 4114 cogebat
3381 4060 3588 4100 omnes
3621 4043 3892 4099 sacriﬁca

2233 4149 2294 4188 re
2325 4131 2722 4195 daemonibus,
2756 4147 2875 4186 non
2924 4131 3121 4187 solum
3167 4134 3322 4188 viros
3357 4140 3411 4188 et
3449 4132 3744 4199 mulieres,
3782 4133 3891 4187 sed

2234 4222 2410 4277 etiam
2441 4235 2677 4288 pueros.
2713 4220 2959 4276 Maxime
2992 4228 3188 4276 autem
3221 4222 3272 4276 ei
3295 4239 3452 4277 curae
3489 4231 3656 4277 erant
3696 4222 3889 4292 pueri.

2238 4309 2621 4365 Existimabat
2659 4309 2816 4364 enim
2863 4309 3112 4365 sefacile
3165 4326 3266 4365 eos
3320 4327 3450 4365 esse
3507 4311 3890 4366 inducturum

471 4400 545 4456 de
603 4400 822 4455 infante
871 4398 1316 4463 sollicitudines,
1376 4402 1432 4452 et
1480 4397 1750 4467 praesidis
1800 4398 2121 4453 crudelitas
2160 4408 2204 4462 Ι)
2237 4403 2477 4470 propter
2497 4398 2686 4453 {etatis
2728 4399 3114 4454 teneritatem.
3164 4398 3275 4454 Sed
3307 4397 3402 4453 alii
3440 4399 3683 4470 quidem
3718 4401 3895 4469 pueri

472 4489 766 4546 efﬁciebat
797 4495 1138 4543 utextrema
1191 4487 1419 4542 timeret
1451 4487 1997 4542 etcontremisceret
2031 4504 2043 4552 ;
2071 4494 2126 4542 et

474 4585 673 4634 tamen
700 4594 734 4632 a
766 4577 928 4632 nullo
957 4577 1172 4632 horum
1198 4575 1561 4641 vincebatur,
1597 4576 1697 4630 sed
1728 4577 1847 4631 Deo
1877 4576 2120 4648 quidem

471 4667 760 4725 infantem
817 4665 1200 4721 commendat
1277 4670 1332 4720 et
1389 4664 1667 4730 dedicat;
1732 4666 1864 4736 ipsa
1924 4669 2123 4719 autem

472 4755 748 4812 assidens
773 4754 964 4809 mariti
989 4753 1268 4826 reliquiis,
1297 4756 1353 4807 et
1374 4753 1589 4821 partim
1616 4752 1862 4825 quidem
1887 4754 2125 4808 misera-

472 4845 665 4901 biliter
688 4843 914 4899 deﬂens
941 4842 1345 4905 solitudinem,
1375 4841 1592 4912 partim
1629 4847 1827 4897 autem
1855 4857 1970 4897 non
1999 4859 2126 4897 sus-

473 4934 661 4989 tinens
693 4932 932 5001 eonjugi
959 4931 1218 4985 relictam
1256 4945 1382 4986 esse
1415 4930 1808 5001 superstitem,
1848 4931 1907 4985 in
1938 4931 2128 5001 laery-

474 5022 589 5077 mis
637 5029 689 5077 et
740 5020 1006 5091 suspiriis
1061 5019 1189 5074 haec
1246 5018 1480 5075 dicebat
1527 5019 1687 5075 Deo:
1742 5021 1852 5086 Qui
1905 5019 2124 5075 ﬁnxisti

473 5112 885 5169 hominem.et
905 5126 975 5165 ex
1014 5110 1141 5180 ejus
1190 5108 1366 5164 latere
1422 5109 1604 5165 Evam
1664 5125 1725 5164 es
1776 5110 2124 5174 fabricatus,

472 5200 733 5257 concede
786 5204 848 5255 ut
872 5214 983 5270 ego
1032 5213 1275 5271 quoque
1305 5198 1518 5253 eadem
1553 5199 1646 5254 via
1675 5199 1977 5268 ingrediar
2007 5215 2128 5271 qua

473 5291 723 5346 maritus
753 5295 807 5345 et
831 5289 1079 5345 liberata
1112 5288 1187 5344 ab
1222 5289 1303 5354 ;is
1351 5287 1528 5342 rebus
1556 5288 1800 5343 caducis
1827 5294 1882 5343 et
1928 5288 2124 5353 fluxis,

475 5383 774 5434 transeam
798 5379 875 5433 ad
905 5395 974 5434 ea
1004 5394 1139 5451 quas
1173 5383 1312 5433 sunt
1343 5377 1504 5450 apud
1553 5385 1604 5432 te
1659 5377 2042 5434 tabernacula
2073 5384 2128 5434 et

477 5466 840 5533 mansiones,
939 5482 1075 5538 quaa
1162 5471 1302 5522 sunt
1384 5473 1616 5522 ceterum
1697 5475 1752 5522 et
1821 5467 1879 5521 in
1975 5483 2127 5539 quas

477 5569 600 5611 non
692 5554 852 5610 cadit
917 5554 1204 5612 interitus.
1273 5556 1416 5613 Haec
1487 5556 1671 5612 Deum
1740 5562 1980 5628 precata
2042 5561 2128 5612 est

2234 4503 2439 4541 revera
2470 4487 2762 4542 cedebant
2784 4487 3072 4541 voluntati
3103 4487 3469 4558 imperatoris
3504 4506 3516 4545 :
3552 4489 3650 4559 qui
3688 4493 3889 4542 autem

2237 4592 2372 4630 eum
2405 4578 2694 4630 Mamante
2731 4575 3095 4631 ventitabant
3151 4575 3226 4630 ad
3275 4575 3483 4631 ludum
3513 4575 3888 4641 litterarium,

2237 4664 2621 4719 imitabantur
2651 4664 2767 4735 ipsi
2797 4680 3039 4736 quoque
3071 4680 3285 4719 canam
3305 4667 3467 4736 pueri
3485 4664 3885 4737 prudentiam,

2236 4760 2291 4808 et
2342 4769 2448 4808 nec
2504 4754 2682 4808 verba
2729 4754 2971 4825 quidem
3026 4754 3230 4808 audire
3276 4769 3514 4809 necesse
3567 4754 3888 4810 habebant.

2237 4843 2502 4908 Quotidie
2550 4844 2704 4898 enim
2767 4843 3132 4898 docebantur
3180 4843 3430 4898 honesto
3493 4842 3592 4898 illo
3648 4843 3882 4914 pulchri

2236 4930 2547 4988 Mamantis
2597 4932 2939 5003 spectaculo
2997 4936 3053 4986 et
3109 4931 3378 5003 exemplo
3433 4931 3625 4986 solum
3683 4947 3890 4988 verum

2237 5035 2555 5091 agnoscere
2585 5023 2767 5076 Deum
2797 5021 3055 5076 universi
3086 5019 3383 5092 cpiﬁeem,
3431 5028 3482 5075 et
3523 5021 3571 5076 ei
3605 5021 3892 5078 ratiohale

2237 5112 2576 5166 animorum
2617 5111 2824 5166 offerre
2847 5110 3202 5166 sacriﬁcium
3233 5126 3244 5165 ε
3280 5127 3382 5167 eos
3410 5117 3629 5177 autem,
3672 5113 3772 5184 qui
3815 5112 3894 5167 ab

2239 5199 2435 5271 impiis
2461 5205 2516 5254 et
2545 5200 2822 5256 coluntur
2863 5206 2918 5256 et
2947 5200 3270 5256 adorantur
3304 5200 3406 5266 dii,
3458 5217 3650 5271 nugas
3698 5201 3893 5256 existi-

2237 5304 2420 5352 mare.
2457 5293 2514 5343 et
2531 5289 2740 5361 plenos
2771 5290 2991 5362 probro
3019 5293 3074 5347 et
3121 5289 3426 5345 dedecore.
3464 5289 3661 5345 Fausti
3690 5295 3894 5346 autem

2238 5377 2517 5435 Caesareae
2557 5381 2854 5452 praesidis,
2897 5395 3207 5435 successor
3233 5386 3461 5436 creatus
3506 5380 3892 5446 Democritus,

2238 5470 2328 5523 vir
2365 5468 2533 5524 valde
2578 5471 2810 5541 spirans
2849 5470 3219 5541 impietatem,
3284 5475 3340 5525 et
3398 5484 3687 5525 accensus
3731 5469 3898 5525 vehe-

2239 5557 2423 5614 menti
2481 5559 2609 5630 ejus
2649 5557 3048 5625 aemulatione,
3103 5573 3242 5615 cum
3303 5559 3562 5630 primum
3621 5558 3900 5616 ascendit
