4142 6196
268 276 370 331 569

1487 270 1918 330 MARTYRIUM
1959 271 2018 328 S.
2067 273 2458 330 MAMANTIS.

3570 269 3676 324 570

269 401 624 465 Cassaream,
672 401 903 456 bonum
969 403 1327 455 Mamantem
1386 399 1462 456 ad
1516 413 1656 454 eum
1715 395 1911 452 statim
1945 397 1998 453 A
2029 397 2075 452 si
2102 403 2158 452 et
2189 398 2350 454 nullo
2390 414 2567 454 sensu
2591 398 2842 470 praediti,
2885 398 3050 471 quod
3080 414 3152 453 ea
3178 398 3368 454 colere
3399 403 3453 453 et
3500 397 3676 453 inho-

265 488 562 556 deferunt,
584 490 746 562 quod
768 505 890 545 non
922 489 1119 545 solum
1146 489 1276 560 ipse
1323 488 1467 544 deos
1503 503 1623 543 non
1675 485 1908 551 coleret,

267 579 370 633 sed
400 595 545 634 suos
576 594 813 650 quoque
836 579 1101 651 aequales
1124 583 1181 634 et
1202 575 1643 648 condiscipulos
1666 576 1741 631 ad
1761 591 1913 629 erro-

267 683 389 722 rem
413 683 592 722 suum
632 683 844 722 omnes
899 668 1224 723 induceret.
1280 670 1499 723 Mamas
1552 671 1750 721 autem
1789 664 1917 734 jam

265 756 548 828 quintum
598 756 897 812 decimum
927 756 1140 824 agebat
1179 772 1409 810 annum
1456 755 1643 810 aetatis
1680 775 1690 816 ;
1727 759 1781 808 et
1815 754 1919 808 ho-

267 849 441 900 nesta
469 851 745 901 matrona
777 846 912 915 (hoc
944 846 1103 900 enim
1135 850 1259 900 erat
1290 843 1536 899 Animis:
1566 842 1918 915 epithetum)

269 940 458 989 morte
488 934 780 1004 privatus,
808 934 875 988 ﬁt
900 949 1206 990 successor
1222 933 1484 989 ethaares
1510 932 1560 1004 ej
1573 949 1638 988 us
1671 930 1920 987 faculta-

266 1027 420 1078 tum.

338 1111 448 1165 νυ.
498 1111 870 1166 Democritus
918 1126 1082 1181 ergo,
1133 1128 1269 1166 cum
1321 1111 1444 1166 haec
1528 1109 1796 1167 audisset
1845 1108 1919 1163 de

265 1191 582 1264 Mamante,
613 1199 721 1256 fuit
768 1200 1036 1272 protinus
1094 1199 1372 1256 efferatus
1428 1200 1484 1254 in
1534 1215 1815 1270 puerum.
1859 1201 1922 1254 Et

265 1304 404 1343 cum
468 1288 754 1344 effecisset
819 1296 880 1344 ut
909 1289 986 1344 ad
1044 1306 1220 1344 suum
1284 1289 1540 1344 tribunal
1599 1289 1916 1352 sisteretur,

265 1379 531 1450 primum
562 1379 808 1451 quidem
839 1379 1162 1448 interrogat
1187 1395 1264 1434 an
1313 1386 1465 1434 esset
1504 1379 1872 1435 Christianus
1901 1393 1913 1432 :

263 1468 502 1534 deinde,
524 1484 599 1524 an
634 1468 728 1523 ille
749 1475 926 1532 esset,
961 1469 1062 1541 qui
1098 1469 1425 1540 nequeipse
1457 1468 1571 1523 diis
1603 1467 1914 1530 sacriﬁcat,

263 1563 318 1612 et
351 1557 672 1629 persuadet
706 1557 1144 1630 condiscipulis,
1177 1573 1248 1612 ne
1276 1563 1521 1628 pareant
1548 1555 1915 1628 imperatori.

262 1645 363 1699 Ille
387 1651 610 1710 autem,
633 1646 945 1716 majorem,
965 1662 1148 1718 quam
1177 1653 1318 1701 mtas
1339 1645 1692 1717 patiebatur,
1720 1661 1835 1716 prae
1858 1659 1918 1698 se

2025 502 2168 544 nore
2199 488 2418 544 habere
2466 491 2712 544 omnino
2760 488 3083 543 sustinetis.
3123 489 3336 543 Desine
3365 503 3505 559 ergo
3570 487 3676 542 mi-

2025 591 2132 632 nas
2156 576 2439 632 intentare
2468 577 2774 640 terribiles,
2805 583 2868 631 ut
2900 577 3001 631 tibi
3051 576 3341 641 videntur,
3393 581 3446 630 et
3492 574 3675 630 maxi-

2027 665 2418 736 mapolliceri.
2445 665 2594 722 Nam
2616 667 2866 738 puniens
2890 665 3158 736 quidem,
3177 664 3546 720 benefacies:
3575 663 3674 720 be-

2026 755 2320 810 nefaciens
2335 761 2534 811 autem
2563 757 2785 811 damno
2815 754 3037 810 efﬁcies
3063 755 3343 809 maximo.
3376 754 3484 808 Pro
3518 752 3674 808 Chri-

2030 850 2119 898 sto
2147 844 2307 899 enim
2352 845 2515 906 mori,
2551 851 2636 899 est
2669 845 2809 898 mihi
2859 844 3073 916 quovis
3117 844 3344 898 honore
3399 847 3455 896 et
3512 841 3674 896 lucro

2028 933 2422 1004 praestantius.
2460 934 2552 988 His
2589 933 2966 988 vehementer
3011 932 3274 987 irritatus
3319 930 3675 986 Aurelianus

2023 1020 2193 1092 jubet
2219 1038 2435 1092 corpus
2461 1022 2626 1093 pueri
2658 1021 2799 1076 credi
2823 1021 3049 1091 ﬂagris.
3086 1026 3274 1094 Atque
3309 1018 3675 1075 adolescenti

2027 1113 2265 1183 quidem
2288 1111 2599 1183 prudentia
2629 1128 2780 1167 cano
2809 1111 3146 1167 caedebatur
3169 1118 3434 1166 tenerum
3466 1114 3520 1164 et
3553 1125 3677 1164 mo-

2028 1201 2105 1255 do
2137 1199 2348 1255 ﬂorens
2375 1217 2593 1272 corpus
2631 1218 2642 1266 ;
2677 1201 2770 1255 ille
2821 1217 2958 1255 vero
2997 1200 3243 1272 perinde
3301 1198 3676 1255 adiciebatur

2027 1295 2205 1361 atque
2233 1291 2280 1344 si
2308 1294 2647 1361 quateretur
2673 1291 2731 1345 in
2763 1289 3009 1345 somnis.

2097 1380 2181 1436 IX.
2216 1381 2358 1433 Cum
2393 1385 2592 1434 autem
2618 1380 2937 1451 imperator
2963 1395 3033 1434 eo
3073 1379 3203 1449 ipso
3234 1381 3520 1448 tempore,
3554 1392 3676 1448 quo

2027 1469 2416 1540 torquebatur
2465 1484 2627 1540 puer,
2687 1469 2738 1522 ei
2791 1468 3149 1533 adularetur,
3205 1472 3261 1522 et
3314 1482 3451 1522 eum
3508 1465 3674 1520 omni

2027 1559 2254 1613 ratione
2286 1564 2602 1612 conaretur
2625 1557 2908 1622 emollire,
2941 1556 3178 1611 dicebat
3205 1555 3362 1610 enim
3394 1574 3406 1610 :
3441 1554 3540 1609 Dic
3587 1554 3676 1609 vel

2028 1646 2169 1701 solis
2193 1647 2378 1701 labris
2394 1653 2445 1701 te
2461 1645 2940 1702 sacriﬁcaturum:
2961 1646 3220 1701 etstatim
3236 1643 3582 1700 liberaberis
3598 1643 3674 1698 ad

264 1733 464 1788 ferens
493 1733 676 1788 animi
735 1734 1156 1800 constantiam,
1209 1739 1264 1789 et
1321 1734 1461 1789 nihil
1508 1734 1915 1789 conturbatus.
1953 1749 1996 1805 Β
2029 1737 2192 1792 omni
2220 1735 3670 1806 supplicio;Nonego,inquitMamas,oimperator,

264 1812 406 1892 Ego,
447 1823 657 1894 inquit,
704 1830 956 1878 vestram
1005 1822 1172 1878 valde
1218 1824 1556 1879 condemno
1616 1823 1916 1887 canitiem,

261 1911 422 1982 quod
457 1916 619 1967 tanta
647 1911 988 1967 circumfusi
1022 1913 1146 1966 sitis
1171 1913 1384 1968 erroris
1420 1913 1691 1980 caligine,
1729 1917 1788 1966 ut
1810 1927 1919 1966 nec

261 1999 508 2071 possitis
542 2000 786 2071 quidem
813 2001 1117 2071 adspicere
1144 2000 1222 2056 ad
1249 2003 1449 2057 radios
1476 2003 1752 2066 veritatis,
1790 2000 1915 2065 sed,

261 2104 404 2143 vero
444 2099 500 2144 et
548 2091 678 2144 vivo
743 2093 858 2144 Deo
900 2089 1118 2158 relicto,
1151 2090 1480 2146 accessistis
1507 2091 1584 2146 ad
1611 2092 1915 2145 daemones

260 2177 566 2233 inanimos
598 2184 651 2233 et
682 2179 918 2234 surdos.
948 2179 1096 2234 Nam
1127 2195 1238 2247 ego
1260 2179 1502 2250 quidem
1526 2197 1558 2234 a
1596 2195 1721 2234 meo
1755 2179 1918 2234 Chri-

261 2271 352 2322 sto
384 2282 699 2337 nunquam
750 2267 1043 2329 recedam.
1073 2274 1128 2322 et
1157 2283 1549 2340 quoscunque
1578 2274 1784 2341 potero
1837 2268 1915 2323 ad

259 2371 400 2410 eum
456 2354 777 2410 adducam.
820 2355 1158 2411 Admiratus
1211 2362 1300 2411 est
1331 2357 1700 2412 Democritus
1753 2359 1916 2428 pueri

258 2443 502 2499 dicendi
552 2443 880 2499 libertatem
911 2450 966 2500 et
1001 2445 1198 2500 statim
1241 2445 1318 2500 ab
1368 2446 1530 2501 initio
1589 2447 1913 2518 desperans

259 2549 322 2588 se
366 2548 543 2603 posse
592 2549 729 2588 cum
760 2533 1059 2595 inducere,
1094 2533 1344 2590 simulet
1375 2535 1630 2590 minatus
1656 2541 1742 2590 est
1771 2535 1912 2590 ado-

254 2621 504 2676 lescenti
542 2627 598 2677 et
622 2621 688 2676 iis
714 2622 817 2694 qui
840 2638 976 2677 eum
1001 2624 1672 2692 circumstabant,jussit
1697 2624 1914 2679 ducere

253 2725 513 2782 puerum
575 2710 649 2766 ad
695 2726 863 2766 aram
915 2712 1234 2782 Serapidis,
1295 2717 1359 2766 ut
1399 2713 1488 2767 vel
1553 2713 1771 2767 invitus
1804 2714 1913 2768 deo

249 2799 639 2856 sacriﬁcaret.
690 2799 786 2854 Ille
845 2805 1044 2856 autem
1096 2800 1240 2855 nihil
1297 2817 1331 2855 a
1363 2800 1538 2855 minis
1578 2800 1912 2857 effeminate

248 2886 504 2942 affectus
536 2895 590 2942 et
634 2887 1008 2943 illiberaliter.
1044 2894 1114 2942 At
1168 2904 1286 2942 non
1338 2887 1488 2952 licet,
1545 2890 1758 2960 inquit,
1809 2888 1912 2945 tibi

250 2992 348 3031 me
392 2976 625 3046 punire,
669 2976 765 3048 qui
795 2993 927 3031 sum
982 2978 1269 3032 educatus
1316 2993 1350 3031 a
1403 2983 1588 3032 matre
1647 2979 1913 3034 maxima

249 3071 306 3120 et
334 3063 690 3127 clarissima,
725 3064 1156 3120 etfuculentam
1184 3067 1256 3120 ab
1275 3082 1342 3122 ea
1368 3067 1570 3137 accepi
1595 3066 1902 3122 hmredita-
1944 3101 1985 3158 ρ

252 3159 399 3220 tem,
428 3158 485 3207 et
502 3155 791 3208 maximas
810 3153 1072 3221 divitias,
1088 3153 1377 3223 adjiciens
1394 3171 1612 3210 nomen
1637 3157 1910 3210 Ammiae.

252 3244 407 3298 Cum
441 3241 567 3295 haec
585 3248 786 3296 autem
825 3242 1111 3297 audiisset
1143 3244 1504 3298 Democritus
1533 3250 1588 3299 et
1614 3245 1686 3298 ab
1712 3245 1782 3299 iis
1812 3245 1914 3316 qui

253 3329 753 3394 circumstabant,
818 3330 891 3386 de
945 3331 1121 3387 beata
1181 3338 1456 3387 matrona
1512 3337 1568 3387 et
1618 3335 1912 3389 Mamante

258 3425 543 3476 accurate
574 3419 777 3474 omnia
831 3419 1148 3484 didicisset,
1174 3425 1229 3475 et
1276 3421 1654 3492 cognovisset
1698 3438 1758 3478 se
1789 3438 1912 3478 non

259 3522 441 3578 posse
488 3523 623 3562 eum
656 3508 889 3580 punire,
921 3509 1121 3564 ferreis
1151 3509 1415 3564 vinctum
1464 3510 1707 3566 vinculis
1738 3511 1915 3582 (Egas

256 3613 403 3652 eum
459 3597 631 3652 mittit
675 3598 752 3652 ad
795 3601 1238 3669 imperatorem,
1272 3600 1475 3656 omnia
1505 3606 1565 3655 ut
1592 3617 1653 3654 se
1695 3602 1916 3657 habent

259 3684 613 3755 signiﬁcans
642 3687 845 3742 litteris
869 3687 1235 3760 imperatori.

331 3776 446 3829 Vlt.
487 3773 584 3829 llle
627 3781 826 3831 autem
881 3792 1016 3831 cum
1057 3777 1280 3831 litteras
1320 3778 1660 3850 accepisset,
1713 3786 1767 3834 et
1810 3795 1912 3834 eas

255 3862 626 3934 perlegisset,
688 3880 940 3936 puerum
1015 3865 1179 3921 varie
1230 3868 1574 3936 aggreditur
1623 3887 1634 3925 :
1690 3872 1745 3922 et
1776 3883 1913 3923 cum

255 3950 476 4006 eumin
491 3968 663 4008 suum
679 3960 1068 4025 conspectum
1088 3954 1457 4022 adduxisset,
1485 3972 1636 4010 nunc
1667 3956 1913 4028 quidem

257 4040 609 4095 minabatur
633 4048 688 4096 et
717 4059 1004 4112 magnum
1039 4052 1316 4097 terrorem
1346 4044 1715 4108 intendebat,
1754 4061 1911 4100 nunc

253 4136 463 4185 autem
493 4132 801 4200 promissis
840 4133 1145 4198 invitabat,
1196 4139 1251 4188 et
1281 4134 1331 4187 ei
1364 4135 1739 4204 proponebat
1788 4151 1914 4189 mu-

256 4235 407 4274 nera
439 4225 494 4274 et
523 4219 800 4288 honores,
831 4227 886 4276 et
917 4222 1152 4276 dicebat
1183 4240 1194 4274 :
1221 4222 1280 4276 Si
1321 4223 1397 4276 ad
1429 4239 1716 4293 magnum
1750 4240 1915 4279 acce-

254 4307 410 4363 dens
432 4308 800 4379 Serapidem,
831 4311 882 4364 ei
915 4310 1372 4376 sacriticaveris,
1397 4328 1432 4365 o
1467 4313 1714 4383 pulcher
1747 4329 1912 4385 puer,

256 4397 378 4452 eris
407 4396 727 4452 nobiscum
765 4399 822 4452 in
844 4398 1094 4469 palatio:
1121 4400 1454 4469 etprimum
1469 4401 1713 4472 quidem
1739 4402 1912 4456 aleris

255 4485 555 4555 regaliter,
576 4486 791 4541 deinde
815 4497 865 4542 te
887 4488 1051 4542 multi
1086 4489 1460 4544 mirabuntur
1483 4495 1538 4544 et
1557 4490 1908 4555 laudabunt,

258 4574 594 4646 beatusque
625 4576 734 4629 eris
766 4575 838 4630 de
868 4583 1100 4640 caetero,
1158 4583 1214 4631 et
1260 4578 1352 4631 cui
1390 4578 1580 4648 possit
1640 4579 1909 4634 invideri.

261 4665 382 4717 Hoc
413 4671 614 4718 autem
648 4664 1286 4729 faciebatAurelianus,
1321 4671 1376 4720 et
1404 4666 1526 4722 haec
1556 4668 1677 4722 duo
1710 4668 1908 4733 simul,

258 4764 480 4822 nempe
513 4756 566 4804 et
622 4754 813 4805 minas
860 4751 1214 4822 proferebat,
1249 4757 1305 4806 et
1360 4754 1675 4823 promissa,
1738 4761 1796 4810 ut
1823 4755 1912 4810 vel

261 4839 439 4892 minis
465 4844 876 4902 eumterreret,
894 4845 948 4894 et
968 4847 1298 4895 extremum
1323 4841 1373 4895 ei
1397 4850 1619 4898 metum
1655 4843 1908 4909 afferret,

259 4932 361 4981 aut
385 4926 698 4997 promissis
721 4928 848 4996 ejus
871 4928 1123 4983 solidam
1154 4928 1449 5000 frangeret
1487 4933 1910 5001 constantiam,

258 5022 313 5069 et
342 5015 403 5070 in
436 5033 674 5072 summa
711 5032 848 5072 eum
900 5016 1168 5084 molliret,
1217 5019 1467 5092 ejusque
1497 5021 1702 5076 oculos
1761 5038 1913 5093 prae-

255 5103 591 5172 stringeret,
638 5111 696 5160 et
723 5105 1045 5161 adduceret
1093 5107 1172 5163 ad
1201 5108 1593 5180 impietatem.
1646 5110 1780 5165 Haec
1810 5128 1912 5166 au-

259 5195 375 5246 tem
412 5193 605 5262 magis
639 5193 935 5249 acuebant
959 5195 1149 5251 alacre
1181 5200 1238 5251 et
1260 5204 1606 5268 promptum
1646 5198 1912 5257 studium

258 5279 652 5336 adolescentis
683 5288 793 5347 :et,
828 5282 1014 5351 Absit,
1047 5286 1368 5356 respondit,
1401 5301 1437 5341 ο
1468 5287 1812 5359 imperator,
1848 5294 1912 5345 ut

259 5368 369 5423 has
399 5385 586 5442 quina
617 5372 785 5427 vobis
811 5371 1203 5440 honorantur,
1230 5376 1533 5431 statuasin
1552 5377 1775 5432 honore
1807 5377 1908 5435 ha-

259 5457 458 5524 beam,
491 5465 592 5516 aut
624 5476 830 5516 earum
855 5462 1036 5518 ullam
1055 5461 1273 5520 ducam
1303 5464 1591 5520 rationem
1615 5481 1747 5537 quae
1770 5473 1909 5526 sunt

259 5547 832 5618 surdteetinanimaa,
859 5556 910 5606 et
934 5566 1065 5623 quae
1087 5558 1366 5623 arguunt,
1386 5568 1571 5625 quam
1599 5554 1723 5610 sitis
1747 5571 1906 5613 cras-

2029 1822 2221 1877 solum
2244 1823 2386 1878 mihi
2406 1839 2608 1878 verum
2629 1824 2808 1878 Deum
2827 1830 2882 1878 et
2901 1826 3117 1892 Regem
3144 1822 3460 1885 Christum,
3482 1834 3673 1890 neque

2028 1911 2210 1966 labris
2234 1928 2341 1966 nec
2373 1913 2549 1966 corde
2592 1913 2954 1981 negaverim,
2997 1911 3172 1966 etiam
3203 1912 3247 1965 si
3276 1907 3674 1982 praesentibus

2025 1999 2201 2070 longe
2229 2001 2496 2069 graviora
2537 2001 2984 2070 excogitaveris.
3021 2001 3170 2066 Quin
3205 2001 3382 2054 etiam
3422 2012 3675 2066 magnas

2027 2089 2128 2144 tibi
2166 2089 2355 2145 habeo
2384 2092 2624 2158 gratias,
2662 2091 2821 2161 quod
2856 2105 2946 2144 me
2979 2106 3079 2160 per
3110 2090 3235 2143 haec
3285 2091 3578 2142 tormenta
3624 2085 3675 2141 ei

2023 2195 2204 2250 quem
2235 2178 2510 2234 desidero
2541 2179 2817 2234 concilies
2849 2196 2862 2244 ;
2892 2185 2945 2234 et
2966 2184 3107 2250 opto
3134 2177 3336 2240 solum,
3366 2192 3438 2231 ne
3457 2190 3674 2230 manus

2025 2267 2421 2338 defetigentur
2454 2268 2798 2334 tortoribus,
2832 2285 2966 2340 quae
2995 2268 3146 2338 jam,
3198 2274 3261 2321 ut
3291 2266 3473 2328 vides,
3529 2263 3676 2319 mihi

2026 2372 2249 2426 magna
2271 2357 2429 2411 bona
2452 2364 2800 2428 procurant:
2827 2357 2928 2411 sed
2944 2358 3199 2412 robusta:
3215 2356 3410 2427 potius
3425 2355 3676 2410 reddan-

2026 2454 2117 2501 tur
2147 2453 2203 2500 et
2241 2446 2523 2502 valentes.
2552 2447 2898 2502 Aurelianus
2931 2452 3130 2500 autem
3165 2452 3490 2516 postquam
3539 2443 3680 2498 vidit

2024 2552 2160 2590 eum
2193 2542 2314 2591 tam
2345 2552 2558 2607 parum
2584 2551 2790 2590 curare
2824 2535 3090 2599 verbera,
3116 2534 3354 2604 jubetei
3383 2533 3677 2587 nudatum

2023 2640 2239 2696 corpus
2265 2630 2450 2679 totum
2485 2625 2686 2680 torreri
2717 2624 2968 2678 lucernis
2999 2624 3151 2693 ignis
3181 2643 3193 2680 :
3230 2627 3288 2676 ut
3309 2639 3442 2676 cum
3469 2636 3677 2675 carnes

2026 2713 2312 2784 paulatim
2362 2714 2785 2784 eliquarentur,
2845 2718 2900 2767 et
2957 2712 3178 2766 diutius
3227 2715 3551 2764 versaretur
3616 2709 3674 2762 in

2024 2807 2336 2866 tormento,
2383 2807 2437 2857 et
2481 2801 2716 2856 dolores
2779 2801 3021 2856 sentiret
3074 2800 3394 2868 graviores.
3453 2800 3514 2851 Et
3559 2796 3676 2851 hoc

2022 2889 2260 2960 quidem
2292 2889 2618 2944 deductum
2642 2892 2817 2946 estad
2847 2889 3140 2953 effectum,
3169 2893 3223 2942 et
3253 2887 3512 2942 admota:
3540 2890 3678 2940 sunt

2023 2977 2275 3033 lucernae
2303 2979 2539 3049 corpori
2570 2979 2861 3048 martyris.
2889 2977 2999 3034 Sed
3033 2985 3087 3032 et
3120 2977 3271 3046 ignis
3299 2975 3678 3030 reverebatur

2023 3066 2326 3133 athletam,
2347 3066 2476 3121 etin
2501 3066 2716 3121 milites
2749 3066 3013 3137 spirabat
3034 3063 3460 3120 vehementius.
3488 3068 3675 3136 Atque

2023 3160 2248 3226 martyr
2261 3156 2502 3226 quidem
2523 3155 2647 3210 sine
2661 3155 2863 3211 dolore
2879 3154 3227 3210 admittebat
3242 3155 3518 3211 lucernas
3535 3170 3548 3219 ;
3565 3151 3676 3208 illae

2023 3249 2219 3300 autem
2266 3246 2451 3316 magis
2483 3246 2733 3301 urebant
2764 3245 3037 3300 animum
3067 3243 3484 3315 persecutoris.
3526 3245 3672 3298 Nam

2024 3349 2160 3388 cum
2189 3349 2263 3388 ne
2294 3334 2607 3388 minimum
2626 3333 2871 3406 quidem
2889 3348 3108 3404 corpus
3134 3332 3406 3402 martyris
3429 3331 3676 3403 attinge-

2022 3427 2152 3478 rent
2178 3439 2246 3476 eo
2277 3422 2354 3476 illi
2390 3423 2678 3492 majorem
2705 3423 3015 3478 ﬂammam
3042 3422 3382 3477 excitabant
3405 3421 3672 3476 insanias.

2027 3511 2244 3566 Deinde
2270 3511 2441 3581 jubet
2501 3517 2823 3583 martyrem
2869 3511 3164 3565 verberari
3220 3509 3546 3581 lapidibus.
3582 3509 3678 3564 [lle

2024 3608 2219 3656 autem
2257 3601 2494 3671 perinde
2523 3606 2647 3655 erat
2687 3599 2956 3668 affectus,
2989 3607 3166 3671 atque
3200 3599 3246 3653 si
3269 3604 3679 3669 aspergeretur

2024 3691 2196 3752 rosis,
2238 3694 2292 3743 et
2319 3705 2421 3760 spe
2452 3689 2628 3742 futuri
2661 3688 2990 3744 laetabatur.

2098 3779 2154 3833 Χ.
2190 3780 2333 3834 Cum
2367 3777 2566 3848 itaque
2601 3777 2765 3832 valde
2794 3775 3217 3832 animidubius
3239 3778 3396 3830 esset
3420 3771 3582 3828 omni
3609 3789 3676 3826 ex

2024 3872 2187 3939 parte
2221 3865 2586 3932 Aurelianus,
2607 3873 2661 3921 et
2690 3865 2918 3920 nullum
2951 3864 3224 3936 supplicii
3261 3879 3449 3933 genus
3473 3865 3678 3933 posset

2023 3956 2376 4026 excogitare,
2394 3956 2555 4028 quod
2575 3971 2674 4010 cor
2691 3953 3004 4010 Mamantis
3021 3955 3352 4023 attingeret,
3371 3953 3536 4023 jubet
3555 3950 3677 4020 glo-

2021 4044 2170 4100 bum
2201 4044 2548 4116 plumbeum
2581 4044 2707 4114 ejus
2723 4043 2872 4099 collo
2889 4043 3142 4112 alligari,
3162 4043 3312 4098 etsic
3327 4041 3386 4097 in
3405 4039 3676 4096 medium

2025 4149 2189 4189 mare
2227 4134 2476 4189 ductum
2499 4138 2842 4204 martyrem,
2866 4132 3068 4204 projici
3100 4132 3158 4186 in
3187 4131 3576 4204 profundum.
3608 4130 3675 4184 Et

2017 4223 2223 4295 jussus
2254 4221 2520 4293 quidem,
2555 4221 2845 4276 deductus
2875 4228 2961 4277 est
2993 4221 3070 4276 ad
3101 4221 3415 4283 effectum;
3461 4219 3566 4275 sed
3605 4233 3678 4273 ne

2024 4317 2160 4367 tunc
2189 4310 2454 4382 quidem,
2478 4325 2514 4366 ο
2539 4312 2750 4374 Mama,
2777 4308 2928 4364 Deus
2952 4309 3036 4364 tui
3070 4317 3158 4364 est
3178 4309 3421 4374 oblitus,
3448 4308 3676 4378 angelis

2025 4401 2184 4455 enim
2205 4400 2324 4454 suis
2348 4399 2595 4456 mandat
2622 4399 2694 4454 de
2728 4405 2800 4464 te,
2836 4403 2891 4453 ut
2916 4403 2969 4454 te
2992 4398 3351 4454 custodiant.
3392 4401 3453 4454 Et
3477 4398 3672 4452 statim

2026 4489 2274 4559 angelus
2289 4489 2480 4545 forma
2494 4490 2761 4545 humana
2783 4489 2839 4544 in
2859 4489 3064 4543 orbem
3090 4487 3469 4553 circumiens,
3499 4492 3679 4542 terro-

2021 4594 2144 4634 rem
2167 4577 2413 4650 quidem
2445 4578 2614 4634 atfert
2644 4581 2714 4633 iis
2737 4579 2837 4650 qui
2873 4579 3069 4650 ipsum
3119 4577 3440 4647 ducebant,
3490 4583 3546 4632 et
3573 4592 3674 4632 eos

2022 4667 2274 4722 vertitin
2307 4666 2727 4737 fugam;jubet
2751 4673 2949 4723 autem
3007 4674 3333 4738 martyrem
3390 4668 3580 4722 venire
3613 4668 3672 4720 in

2025 4759 2311 4820 montem,
2361 4757 2462 4829 qui
2494 4762 2580 4811 est
2617 4758 2920 4819 Caesarem,
2956 4762 3013 4811 et
3053 4756 3166 4812 illic
3218 4757 3453 4825 degere.
3527 4756 3676 4810 Cum

2022 4846 2229 4902 fuisset
2253 4861 2394 4916 ergo
2426 4847 2484 4900 in
2517 4852 2740 4911 monte,
2783 4852 2837 4899 et
2895 4851 3048 4900 totos
3103 4845 3506 4919 quadraginta
3553 4843 3678 4898 dies

2022 4935 2344 4990 mansisset
2365 4935 2626 5005 jejunus,
2653 4934 2716 4990 tit
2741 4934 2834 4989 hic
2859 4934 3010 4990 alius
3045 4936 3257 4991 Moses.
3299 4935 3356 4989 Ei
3376 4933 3435 4989 in
3459 4948 3678 4988 manus

2021 5039 2244 5080 novum
2277 5023 2527 5080 traditur
2552 5028 2995 5086 testamentum,
3029 5024 3194 5095 quod
3215 5040 3333 5080 non
3368 5029 3506 5080 tunc
3553 5021 3683 5093 qui-

2020 5113 2158 5169 dem
2187 5112 2446 5184 primum
2477 5129 2606 5169 esse
2638 5117 2917 5184 cmperat,
2947 5113 3050 5168 sed
3077 5113 3204 5184 jam
3249 5113 3438 5169 fuerat
3470 5112 3680 5167 datum

2022 5202 2308 5273 patribus.
2337 5204 2398 5255 Et
2445 5203 2603 5272 quod
2665 5208 2802 5256 tunc
2851 5202 3053 5257 deerat
3111 5202 3273 5266 Mosi,
3342 5202 3455 5257 hoc
3518 5216 3681 5256 nunc

2019 5291 2450 5362 adimpleturin
2476 5297 2748 5360 martyre.
2779 5292 2924 5345 Nam
2956 5292 3155 5348 Moses
3188 5290 3430 5362 quidem
3457 5290 3678 5346 solum-

2019 5379 2201 5435 modo
2228 5396 2256 5434 e
2286 5379 2435 5434 coelo
2466 5378 2680 5449 accipit
2726 5377 2959 5434 tabulas
3002 5394 3013 5433 :
3058 5379 3136 5434 ad
3185 5380 3345 5434 hunc
3392 5386 3590 5435 autem
3625 5385 3683 5438 ct

2019 5485 2151 5534 vox,
2187 5475 2240 5524 et
2263 5467 2428 5538 virga
2450 5468 2522 5523 ab
2540 5469 2657 5524 alto
2684 5467 3010 5523 descendit.
3047 5469 3190 5523 Cum
3223 5472 3420 5525 autem
3447 5469 3680 5540 virgam

2022 5557 2365 5629 accepisset,
2392 5563 2446 5612 et
2474 5562 2534 5613 ut
2565 5571 2682 5612 vox
2703 5555 3098 5628 signiﬁcabat,
3134 5572 3203 5614 ea
3227 5562 3441 5616 terram
3484 5557 3676 5615 disse-
