4096 6220
498 223 592 275 571
1860 214 2120 271 MENSIS
2162 210 2546 271 AUGUSTUS.
3801 220 3893 277 5‘72

493 344 730 408 cuisset,
764 342 1070 414 quomodo
1100 342 1261 412 prius
1293 358 1452 399 mare
1474 344 1676 409 Moses,
1710 341 1924 414 accipit
1950 343 2135 397 Evan-
2168 339 2214 393 A
2247 354 2429 395 causa
2461 356 2556 396 me
2614 342 2920 398 accersisti
2949 344 2977 400 i’
3010 342 3184 409 Quod
3215 358 3329 399 nec
3358 358 3613 415 possum
3642 343 3893 417 quidem,

492 433 711 503 gelium
747 431 968 487 editum
995 437 1202 487 eterraa
1228 432 1570 487 visceribus.

566 523 648 577 XI.
695 521 841 586 Quid
874 535 1025 591 opus
1062 525 1149 576 est
1194 535 1265 575 ea
1316 520 1529 584 dicere,
1563 536 1699 591 quae
1748 523 1883 575 sunt
1928 524 2136 590 postea

491 607 850 666 consecuta?
871 612 989 664 Non
1016 609 1270 679 amplius
1292 609 1457 664 nobis
1482 615 1708 681 martyr
1730 611 1933 669 Moses,
1955 607 2058 662 sed
2071 605 2136 661 ﬁt

491 699 642 755 alius
660 698 1631 766 PauluspraadicansEvangelium.
1653 700 1796 753 Cum
1821 696 2130 769 quoddam

490 794 689 843 autem
721 786 1009 856 templum
1058 787 1497 849 construxisset,
1527 788 1587 841 in
1628 802 1749 859 quo
1782 802 1950 841 orare
1995 800 2132 841 con-

492 882 783 941 sueverat,
817 876 1100 946 quoniam
1136 875 1446 946 oportebat
1471 890 1634 941 eum,
1682 874 1830 930 sicut
1863 874 2125 936 Paulus‘,

489 963 718 1034 operari
748 963 1046 1029 manibus,
1076 963 1280 1018 divina
1304 965 1512 1018 virtute
1535 965 1610 1018 ad
1644 979 1705 1019 se
1728 963 1886 1017 ducit
1916 979 2127 1018 omnes

489 1053 681 1108 feras:
738 1059 793 1107 et
839 1051 928 1107 lac
968 1052 1240 1120 mulgens
1294 1052 1669 1118 feminarum,
1726 1067 2125 1123 quascumque

490 1142 547 1196 id
578 1140 797 1196 scilicet
822 1140 1080 1210 praebent
1101 1141 1480 1211 poculentum
1509 1140 1875 1204 hominibus,
1910 1139 2127 1195 efﬁcie-

490 1228 594 1284 bat
620 1244 895 1295 caseum;
926 1229 1117 1298 etejus
1130 1230 1370 1300 quidem
1389 1245 1603 1300 parum
1622 1230 1730 1284 sibi
1751 1228 2128 1301 relinquebat

488 1322 543 1374 et
571 1317 896 1390 reponebat
927 1333 938 1372 :
974 1316 1265 1389 reliquum
1295 1323 1493 1373 autem
1545 1318 1914 1373 descendens
1939 1318 2127 1373 Caesa-

486 1422 671 1471 ream,
704 1405 1093 1461 distribuebat
1108 1408 1435 1475 egentibus.
1458 1407 1751 1472 Quoniam
1776 1412 1977 1462 autem
2000 1425 2127 1463 ma-

488 1509 640 1564 gnus
670 1496 891 1550 Mamas
930 1492 1091 1548 fama
1121 1500 1175 1549 et
1207 1511 1475 1550 sermone
1518 1496 1838 1551 multorum
1868 1495 2126 1552 celebra-

486 1581 677 1648 batur,
708 1581 1040 1638 Alexander
1077 1583 1322 1653 quidem
1350 1583 1519 1650 alius,
1544 1583 1731 1637 nonis
1757 1600 1936 1655 quem
1963 1585 2126 1656 prius

2246 429 2438 500 inquit
2480 446 2721 501 prmses,
2756 432 3116 504 perspicere,
3146 432 3530 505 quibusnam
3558 437 3723 487 utens
3748 449 3893 504 pra:-

2245 517 2433 587 stigiis
2459 525 2511 574 et
2534 519 3069 586 incantationibus,
3088 521 3317 578 viribus
3340 522 3821 594 inexpugnabilia
3847 526 3897 579 et

2244 605 2366 662 fera
2382 608 2666 664 animalia
2688 609 3017 679 inducis,ut
3035 627 3175 666 cum
3202 612 3286 666 eis
3316 611 3531 680 degas,
3553 616 3606 666 et
3627 612 3781 681 apud
3806 627 3895 667 eas

2244 697 2492 750 verseris
2526 714 2539 752 :
2574 697 2835 768 imperes
2868 704 3072 754 autem
3116 701 3590 771 propemodum,
3626 706 3893 772 tanquam

2240 785 2469 840 ratione
2502 787 3185 859 praeditisﬁespondens
3217 796 3425 845 autem
3480 795 3707 861 martyr
3736 805 3747 843 :
3797 789 3895 855 Qui

2239 873 2434 938 servit,
2470 875 2680 945 inquit,
2721 878 2839 932 Deo
2868 893 3027 943 meo,
3057 878 3160 949 qui
3190 879 3363 935 solus
3400 877 3568 943 vivit,
3601 882 3656 933 et
3699 883 3783 934 est
3810 894 3896 932 ve-

2236 977 2359 1025 rus,
2384 978 2459 1017 ne
2492 962 2581 1018 vel
2603 980 2815 1035 parum
2848 965 3095 1037 quidem
3128 966 3726 1022 sustinueritversari
3746 971 3798 1021 et
3826 967 3895 1020 vi-

2236 1053 2359 1106 tam
2391 1068 2567 1121 agere
2581 1069 2716 1107 cum
2736 1053 3065 1109 idololatris
3082 1061 3138 1110 et
3157 1055 3477 1111 maleﬁcis.
3507 1055 3892 1121 Quamobrem

2235 1153 2348 1207 ego
2374 1139 2525 1195 mihi
2546 1141 2703 1196 duco
2735 1158 2864 1198 esse
2886 1147 3288 1214 praestantius,
3319 1144 3552 1200 versari
3579 1144 3752 1199 simul
3772 1159 3894 1199 cum

2234 1227 2392 1295 feris,
2416 1245 2603 1300 quam
2634 1230 2951 1286 vobiscum
2977 1232 3264 1288 habitare.
3320 1236 3473 1289 Nam
3518 1232 3632 1287 illa:
3668 1233 3890 1304 quidem

2236 1330 2356 1370 non
2386 1318 2601 1372 nostris
2632 1318 3021 1385 inducuntur,
3056 1327 3116 1375 ut
3147 1326 3348 1392 putas,
3380 1320 3889 1385 incantationibus,

2236 1404 2435 1459 etideo
2455 1405 2599 1460 mihi
2619 1406 2955 1462 redduntur
2987 1408 3217 1463 cicures
3240 1414 3297 1464 et
3317 1409 3693 1473 domesticas,
3718 1424 3890 1480 neque

2235 1492 2394 1547 enim
2424 1493 2551 1548 scio
2568 1495 2713 1565 quid
2739 1495 2851 1550 sibi
2879 1497 3018 1552 velit
3039 1497 3133 1551 vel
3159 1497 3361 1552 solum
3390 1512 3617 1552 nomen
3648 1497 3891 1552 incanta-

2236 1580 2451 1646 tionis;
2481 1582 2584 1637 sed
2627 1590 2682 1639 et
2708 1584 2756 1638 si
2797 1586 2916 1640 sint
2955 1584 3291 1657 prudentiae
3327 1591 3609 1657 expertes
3639 1592 3692 1641 et
3730 1585 3892 1641 ratio-

485 1670 761 1737 diximus,
795 1676 935 1726 tunc
995 1676 1225 1726 creatus
1286 1688 1502 1744 praeses
1570 1671 1980 1744 Cappadociae,
2040 1673 2127 1728 vir
2160 1690 2200 1744 Β
2236 1670 2351 1734 nis,
2384 1670 2580 1727 sciunt
2609 1676 2811 1728 tamen
2844 1672 2994 1744 ipsae
3011 1691 3257 1747 quoque
3294 1690 3503 1731 meum
3522 1676 3770 1730 revereri
3799 1678 3890 1730 Do-

486 1762 754 1827 crudelis,
792 1760 839 1815 si
873 1758 1025 1814 ullus
1056 1760 1224 1825 alius,
1258 1768 1313 1817 et
1337 1761 1703 1817 contendens
1734 1762 1790 1816 in
1825 1761 2125 1833 impietate

484 1865 519 1905 a
544 1851 779 1905 nemine
810 1848 1094 1918 superari,
1130 1865 1264 1904 cum
1298 1850 1371 1905 de
1402 1865 1471 1904 eo
1501 1850 1701 1904 omnia
1724 1850 2121 1921 intellexisset,

484 1939 654 1994 mittit
674 1938 968 2011 quosdam
987 1936 1215 2007 equites
1234 1938 1308 1993 ad
1333 1954 1469 1993 eum
1491 1939 2124 2008 quaerendummtcum

482 2026 865 2092 invenissent,
900 2024 977 2080 ad
1004 2038 1141 2079 eum
1168 2026 1550 2081 adducerent.
1580 2026 1722 2080 Cum
1756 2025 1995 2083 illorum
2025 2029 2126 2083 ita-

483 2131 599 2186 que
625 2116 947 2172 adventum
969 2114 1365 2183 prtescivisset
1390 2120 1633 2185 martyr,
1656 2114 1721 2170 ﬁt
1750 2115 1833 2170 eis
1857 2116 2121 2173 obviam.

483 2201 565 2258 Illi
616 2211 811 2262 autem
864 2207 1185 2274 postquam
1223 2204 1395 2259 simul
1452 2204 1887 2270 convenissent,
1930 2221 2125 2278 neque

483 2293 879 2352 scirenthune
934 2306 1063 2346 esse
1093 2291 1280 2357 illum,
1312 2292 1606 2363 rogabant
1642 2308 1801 2357 eum,
1852 2293 2119 2361 ubinam,

483 2385 539 2437 et
566 2382 624 2438 in
648 2384 912 2458 quoloco
934 2385 1087 2436 esset
1116 2383 1356 2439 Mamas.
1386 2382 1483 2437 llle
1508 2397 1679 2437 vero:
1715 2384 1828 2437 Vos
1852 2383 2120 2455 quidem,

479 2472 689 2544 inquit,
713 2493 745 2530 ο
775 2471 970 2537 amici,
1000 2475 1231 2542 oportet
1256 2489 1415 2530 nunc
1446 2487 1516 2528 ex
1547 2471 1715 2542 equis
1742 2471 2120 2539 descendere,

475 2567 540 2618 ut
561 2577 769 2621 eamus
789 2563 867 2621 ad
887 2576 1114 2618 orenam
1138 2578 1152 2627 ;
1173 2569 1382 2633 postea
1397 2566 1592 2617 autem
1614 2561 1932 2616 ostendam
1953 2562 2123 2617 vobis

474 2654 852 2712 Mamantem.
890 2652 948 2709 Hi
984 2666 1123 2720 ergo
1154 2651 1231 2707 ab
1258 2669 1328 2707 eo
1353 2650 1609 2723 hospitio
1630 2650 2123 2721 accepti,caseum

474 2747 531 2799 et
560 2758 778 2815 panem
804 2745 1061 2801 libenter
1081 2742 1470 2797 comederunt
1497 2761 1509 2808 ;
1540 2739 1631 2795 his
1663 2738 1821 2792 enim
1849 2740 2123 2812 egregius

473 2848 577 2888 eos
609 2836 836 2908 accepit
873 2834 1119 2892 Mamas,
1149 2830 1430 2886 dominus
1456 2826 1731 2884 convivii.

548 2921 655 2977 Xll.
690 2925 925 2980 Interim
957 2925 1155 2976 autem
1189 2919 1265 2974 ad
1306 2922 1630 2991 martyrem
1696 2916 2010 2983 accedunt,
2065 2926 2125 2975 ut

475 3016 927 3076 consueverant,
970 3008 1206 3064 feminae
1230 3010 1585 3073 animantes,
1630 3008 1689 3059 ut
1745 3020 2124 3080 unaquaeque

475 3114 585 3155 suo
606 3098 755 3157 lacte
784 3100 1166 3170 mulgeretur.
1198 3097 1367 3163 Quod
1397 3112 1531 3152 cum
1568 3093 1853 3148 vidissent
1877 3098 2122 3169 equites,

474 3204 578 3244 eos
607 3189 820 3247 invasit
850 3195 1061 3260 stupor
1104 3191 1159 3242 et
1198 3187 1392 3253 timor,
1425 3190 1481 3241 et
1509 3198 1678 3240 coena
1707 3182 1927 3252 relicta,
1987 3202 2124 3243 con-

476 3276 709 3345 fugiunt
738 3280 815 3336 ad
872 3280 1224 3348 martyrem.
1259 3276 1357 3332 llle
1399 3291 1538 3331 vero
1591 3289 1725 3328 cum
1762 3278 1987 3329 metum
2037 3277 2122 3331 eis

476 3367 818 3437 ademisset,
870 3374 928 3425 et
976 3383 1079 3423 eos
1144 3366 1293 3422 bono
1351 3372 1407 3422 et
1461 3362 1666 3421 ﬁdenti
1732 3361 1937 3418 animo
1995 3380 2124 3422 esse

468 3458 761 3532 jussisset,
817 3457 1035 3515 deinde
1099 3456 1268 3512 vellet
1296 3457 1477 3513 etiam
1531 3468 1737 3509 eorum
1797 3452 2032 3509 animos
2089 3472 2123 3511 a

474 3563 619 3605 cura
649 3548 921 3615 liberare,
958 3546 1108 3604 dixit
1128 3562 1188 3601 se
1218 3546 1462 3620 quidem
1496 3558 1632 3599 vere
1663 3555 1799 3596 eum
1828 3556 1977 3609 esse,
2020 3544 2122 3615 qui

473 3640 872 3711 quaerebatur,
916 3639 1296 3701 Mamantem,
1320 3652 1393 3690 ne
1424 3632 1683 3706 amplius
1712 3645 1850 3685 eum
1897 3646 2123 3701 quaere-

474 3733 621 3785 rent.
654 3732 763 3786 Eos
802 3745 944 3799 ergo
974 3726 1224 3790 dimittit,
1254 3724 1547 3799 pollicitus
1588 3720 1851 3793 seipsum
1882 3733 2124 3794 quoque

475 3834 615 3875 mox
635 3825 970 3876 venturum.
990 3816 1211 3871 Deinde
1239 3832 1376 3872 cum
1394 3816 1621 3888 equites
1641 3810 1909 3883 protinus
1934 3826 2126 3866 reces-

474 3908 691 3966 sissent
716 3910 838 3983 (tali
864 3908 1026 3965 enim
1054 3906 1181 3960 viro
1209 3904 1549 3967 credebant,
1572 3916 1765 3972 neque
1787 3899 1844 3953 in
1864 3914 1935 3955 eo
1965 3906 2124 3971 pote-

474 4005 610 4056 rant
630 4000 815 4056 ullum
844 3996 1132 4071 suspicari
1156 3993 1560 4064 mendacium)
1593 4006 1729 4045 cum
1756 4005 1943 4044 unum
1966 3990 2124 4045 exiis

475 4088 579 4160 qui
605 4095 773 4145 erant
802 4088 859 4144 in
895 4092 1115 4153 monte,
1140 4082 1433 4147 leonibus,
1489 4084 1715 4150 martyr
1745 4082 1891 4132 nutu
1940 4078 2019 4133 ad
2063 4094 2124 4134 se

476 4185 768 4244 vocasset,
820 4177 989 4250 jubet
1035 4190 1196 4240 eum,
1252 4179 1574 4245 postquam
1640 4168 1766 4240 ipse
1823 4167 2125 4237 ingressus

477 4264 650 4325 fuerit
681 4266 961 4330 stadium,
996 4263 1218 4319 cursim
1280 4276 1525 4334 pergere
1555 4257 1634 4314 ad
1680 4259 1911 4313 Graecos
1941 4261 1998 4312 et
2024 4259 2125 4311 .lu-

478 4355 662 4423 daeos,
689 4357 793 4430 qui
811 4356 1018 4423 lingua
1040 4351 1334 4408 maledica
1356 4349 1581 4407 nomini
1612 4346 1905 4417 Unigeniti
1935 4346 2128 4401 detra-

475 4447 644 4512 hunt,
678 4450 734 4502 et
789 4445 846 4501 id
892 4441 1218 4500 maledictis
1270 4440 1594 4505 incessunt,
1655 4441 1711 4492 et
1766 4435 1852 4490 eis
1916 4432 2126 4491 afferre

476 4536 797 4593 interitum.
834 4537 965 4590 Haec
996 4548 1132 4587 cum
1162 4529 1435 4602 jussisset
1464 4527 1619 4591 ferae,
1653 4542 1683 4581 e
1710 4530 1910 4580 monte
1952 4523 2129 4597 proﬂ-

477 4625 762 4683 ciscitur:
804 4630 861 4679 et
921 4620 1149 4678 accedit
1205 4620 1282 4675 ad
1313 4620 1560 4692 equites,
1620 4615 1723 4688 qui
1764 4630 1902 4669 eum
1933 4629 2129 4684 exspe-

478 4715 721 4773 ctabant
760 4714 836 4771 ad
878 4718 1107 4784 portam
1160 4708 1434 4766 civitatis.
1467 4707 1615 4763 Cum
1644 4704 1685 4761 ii
1750 4705 1949 4776 itaque
1988 4719 2125 4759 eum

477 4805 970 4880 assumpsissent,
1000 4803 1230 4859 ducunt
1245 4800 1322 4856 ad
1345 4796 1768 4854 Alexandrum.
1802 4792 1899 4850 Ille
1926 4798 2127 4849 autem

478 4898 748 4973 protinus
812 4913 825 4952 :
880 4895 1042 4949 Tune
1104 4907 1185 4956 es,
1246 4890 1454 4963 inquit,
1510 4886 1605 4943 ille
1660 4884 1765 4957 qui
1821 4900 1885 4939 es
1929 4884 2129 4973 magia

478 4972 729 5060 insignis
760 4984 789 5040 7
817 4987 1032 5054 Martyr
1055 4986 1255 5038 autem
1284 4978 1514 5034 Marnas
1555 4973 1879 5048 prudenter
1938 4972 2081 5029 dicit
2111 4990 2124 5030 :

478 5080 599 5149 Ego
641 5092 774 5132 sum
808 5072 1016 5131 Christi
1048 5085 1272 5134 servus,
1315 5067 1417 5140 qui
1463 5064 1547 5121 eis
1578 5062 1824 5137 quidem
1857 5061 1959 5134 qui
2010 5078 2126 5118 cre-

480 5166 630 5222 dunt
662 5166 721 5222 in
755 5166 973 5237 ipsum,
1016 5165 1073 5217 et
1132 5158 1355 5215 faciunt
1405 5156 1535 5226 ejus
1596 5152 1987 5217 voluntatem,
2027 5151 2130 5208 dat

484 5255 777 5320 salutem;
804 5267 1012 5323 magos
1042 5255 1237 5307 autem
1279 5252 1335 5303 et
1362 5246 1776 5307 incantatores,
1810 5246 1863 5296 et
1885 5256 1986 5295 eos
2026 5243 2127 5314 qui

486 5344 738 5401 adorant
768 5342 952 5407 idola,
981 5340 1105 5411 igni
1146 5338 1329 5395 tradit
1346 5342 1582 5391 aeterno.
1613 5331 1726 5389 Sed
1755 5345 2022 5403 quanam
2055 5330 2129 5387 de

557 5577 574 5614 ι
602 5577 621 5630 1
648 5573 780 5631 Cor.
814 5587 891 5645 iv,
924 5576 1013 5631 12.

2237 1758 2493 1824 minum,
2522 1765 2579 1815 et
2632 1762 2692 1816 in
2731 1762 2959 1817 honore
3016 1763 3241 1819 habere
3293 1765 3433 1834 ejus
3476 1764 3751 1819 famulos.
3793 1765 3889 1818 Vos

2237 1863 2373 1903 vero
2394 1848 2747 1918 estislonge,
2762 1867 2949 1921 quam
2967 1852 3138 1923 ipsas,
3161 1852 3368 1908 minus
3385 1853 3711 1925 participes
3734 1852 3888 1908 ratio-

2234 1936 2347 2003 nis,
2376 1937 2540 2008 quod
2572 1955 2709 1993 cum
2742 1938 2873 1994 illas
2902 1940 3178 1997 habeatis
3218 1944 3542 2014 exemplar
3570 1940 3887 1997 honorandi

2240 2026 2493 2093 Domini,
2526 2043 2601 2083 ne
2632 2029 2717 2083 sic
2747 2027 2995 2101 quidem
3030 2030 3383 2100 intelligitis.

2305 2116 2437 2170 XIII.
2475 2119 2693 2172 Praeses
2725 2122 2924 2173 autem
2960 2135 3099 2173 cum
3133 2119 3434 2175 adversus
3461 2120 3591 2175 haec
3614 2135 3685 2174 ne
3707 2120 3888 2189 posset

2234 2203 2481 2274 quidem
2501 2206 2933 2271 contradicere,
2951 2208 3290 2263 conabatur
3305 2214 3516 2280 aperte
3534 2209 3652 2263 vim
3676 2206 3883 2263 afferre.

2234 2293 2349 2347 Cnr
2380 2298 2583 2349 autem
2617 2295 2947 2361 eo,aiebat,
2970 2297 3312 2367 processisti
3346 2296 3609 2353 stultitiae
3641 2300 3697 2352 et
3720 2295 3885 2351 auda-

2234 2380 2358 2445 ciae,
2385 2387 2447 2436 ut
2501 2384 2783 2452 insurgas
2836 2385 3083 2456 quidem
3137 2385 3437 2442 adversus
3480 2385 3883 2458 imperatorum

2234 2470 2711 2537 constitutiones,
2745 2474 3125 2545 impudenter
3154 2480 3361 2530 autem
3387 2491 3500 2531 nos
3513 2491 3750 2548 quoque
3775 2472 3884 2528 aﬂi-

2234 2559 2356 2614 cias
2384 2561 2761 2617 contumeliis
2785 2562 2814 2617 i’
2849 2563 2961 2619 Sed
2993 2569 3297 2620 tormenta
3320 2570 3375 2620 te
3393 2565 3483 2620 vel
3510 2564 3756 2620 invitum
3774 2577 3883 2616 om-

2233 2648 2376 2703 nino
2408 2665 2479 2705 ea
2503 2665 2640 2722 quas
2680 2657 2935 2723 oportet,
2989 2653 3327 2709 docuerint.
3376 2656 3443 2710 Et
3486 2654 3681 2709 statim
3731 2650 3883 2722 jubet

2235 2753 2371 2792 eum
2406 2754 2774 2810 suspensum
2804 2741 2975 2797 valde
3006 2742 3176 2797 caedi.
3204 2741 3303 2798 [lle
3346 2749 3573 2807 autem,
3602 2749 3657 2797 et
3684 2741 3728 2795 si
3747 2738 3880 2794 adeo

2235 2826 2450 2881 acerbe
2475 2826 2857 2893 laceraretur,
2886 2830 3133 2900 perinde
3173 2836 3300 2886 erat
3340 2831 3612 2895 affectus,
3645 2834 3811 2900 atque
3839 2826 3879 2880 si

2236 2913 2463 2970 nullum
2507 2916 2779 2973 dolorem
2801 2920 3040 2974 sentiret
3072 2919 3332 2990 penitus.
3365 2924 3566 2992 Neque
3598 2917 3748 2974 enim
3779 2921 3878 2970 tor-

2236 3008 2389 3058 tores
2422 3006 2653 3076 aspexit
2674 3004 3034 3074 et’feminate,
3058 3024 3167 3065 nec
3196 3024 3259 3063 se
3297 3008 3538 3065 mollem
3568 3004 3805 3077 prmbuit
3830 3004 3875 3058 in

2236 3095 2549 3157 tormento,
2579 3111 2701 3150 non
2728 3095 2957 3151 humile
2979 3103 3034 3151 et
3064 3095 3357 3153 illiberale
3389 3095 3615 3169 aliquid
3635 3094 3877 3149 estlocu-

2237 3186 2358 3235 tus:
2390 3182 2492 3236 sed
2538 3189 2695 3239 recta
2735 3183 2796 3240 in
2825 3186 3049 3240 coelum
3090 3202 3231 3240 suos
3271 3186 3564 3243 deﬁxerat
3604 3186 3800 3239 oculos
3828 3185 3875 3234 et

2235 3270 2706 3327 consolationem
2720 3274 3068 3344 expectabat
3086 3290 3121 3329 a
3142 3275 3403 3346 superis.
3422 3279 3567 3331 Cum
3597 3288 3731 3327 vero
3747 3284 3872 3341 prae-

2235 3374 2327 3414 ses
2367 3360 2797 3431 suppliciorum
2842 3368 2897 3417 et
2949 3363 3218 3417 dolorum
3273 3364 3662 3419 acerbitatem
3710 3360 3874 3414 inten-

2233 3448 2415 3519 deret,
2446 3455 2502 3504 et
2531 3451 2778 3506 instaret
2810 3457 2872 3507 ut
2912 3458 3139 3522 martyr
3198 3452 3530 3508 laniaretur
3592 3450 3874 3505 vehemen-

2234 3537 2371 3605 tius,
2399 3554 2514 3594 vox
2538 3540 2820 3612 quaadam
2840 3540 3062 3609 divina,
3088 3557 3221 3612 quae
3245 3542 3474 3597 exstitit
3514 3556 3545 3595 e
3568 3538 3804 3611 superis,
3828 3532 3869 3588 ei

2233 3626 2476 3698 quidem
2509 3630 2665 3684 levat
2699 3646 2980 3700 magnam
3015 3636 3246 3701 partem
3280 3631 3510 3686 doloris
3544 3626 3870 3683 :conﬁrmat

2234 3721 2433 3771 autem
2467 3723 2522 3773 et
2550 3721 2901 3774 corroborat
2938 3719 3021 3783 id,
3057 3719 3212 3790 quod
3236 3719 3581 3778 laborabat,
3614 3722 3668 3772 et
3698 3712 3868 3770 reddit

2233 3822 2371 3863 eum
2403 3806 2713 3878 quibusvis
2761 3808 3070 3863 tormentis
3103 3810 3493 3879 superiorem.
3557 3808 3694 3861 Eam
3749 3814 3867 3857 cum

2235 3895 2402 3953 multi
2431 3896 2737 3952 audissent
2764 3914 2836 3953 ex
2875 3897 3173 3963 fidelibus,
3209 3897 3505 3953 ﬁrmiores
3534 3901 3589 3951 et
3618 3894 3860 3949 constau‘

2235 3986 2412 4041 tiores
2436 3992 2757 4040 evaserunt
2785 3985 2845 4040 in
2880 3986 3113 4057 pietate.
3148 3985 3483 4041 Alexander
3510 3989 3704 4040 autem
3732 3980 3868 4052 past-

2234 4089 2419 4145 quam
2445 4072 2589 4128 vidit
2606 4089 2966 4143 generosum
2990 4077 3349 4131 Mamantem
3372 4074 3533 4130 nihili
3566 4071 3751 4127 facere
3775 4066 3869 4121 fer-

2234 4179 2366 4219 reas
2396 4162 2529 4218 illas
2559 4163 2838 4234 ungulas,
2859 4163 3461 4236 quibuslaniabatur,
3490 4160 3663 4219 corde
3696 4153 3867 4222 magis

2233 4251 2610 4309 lacerabatur
2639 4252 2718 4309 ab
2744 4253 2980 4309 insania
3005 4269 3018 4319 ;
3051 4251 3323 4325 etipsum
3341 4252 3585 4325 quidem
3603 4247 3753 4304 illinc
3781 4242 3868 4298 de-

2236 4342 2398 4397 ducit
2430 4360 2442 4397 :
2485 4342 2757 4398 accendit
2784 4346 2984 4397 autem
3019 4341 3326 4397 fornacem
3359 4341 3534 4413 ignis,
3571 4343 3629 4393 ut
3665 4332 3864 4391 athleta

2236 4434 2295 4487 in
2321 4446 2454 4486 eam
2477 4431 2790 4501 jaceretur.
2816 4430 3142 4501 Atquejam
3174 4430 3421 4504 quidem
3452 4422 3864 4485 accendedatur

2239 4521 2448 4576 fornax
2475 4521 2626 4589 ignis
2660 4536 2671 4574 :
2714 4536 2929 4592 praeses
2959 4536 3116 4584 vero,
3145 4521 3438 4591 quoniam
3474 4524 3609 4573 tunc
3638 4514 3755 4569 erat
3779 4521 3855 4563 oc-

2237 4615 2490 4682 cupatus
2517 4609 2575 4664 in
2595 4608 2749 4674 aliis,
2776 4608 2959 4664 satius
2981 4624 3109 4664 esse
3134 4608 3366 4680 putavit
3386 4616 3704 4680 parumper
3727 4609 3864 4653 mar-

2238 4698 2673 4771 tyremtradere
2694 4697 2752 4752 in
2772 4697 3128 4754 custodiam.
3164 4698 3432 4764 Quadam
3460 4694 3614 4751 enim
3642 4703 3741 4760 spe
3765 4684 3862 4739 du-

2238 4789 2501 4856 cebatur,
2542 4787 2706 4860 quod
2739 4787 2785 4841 si
2820 4787 2873 4842 ei
2904 4793 3138 4858 tempus
3186 4787 3447 4852 daretur,
3502 4787 3563 4838 ut
3613 4774 3767 4851 apud
3810 4783 3862 4823 se

2237 4884 2406 4945 esset,
2440 4884 2495 4934 et
2515 4876 2920 4934 consideraret
2965 4876 3316 4941 accuratius,
3361 4875 3483 4932 fore
3526 4876 3585 4928 ut
3612 4876 3665 4924 et
3714 4873 3863 4933 expe-

2236 4968 2448 5026 rientia
2464 4967 2927 5039 malorum,quse
2948 4970 3395 5038 praecesserant,
3406 4968 3469 5019 'et
3486 4966 3643 5017 metu
3670 4954 3857 5011 futurae

2239 5058 2517 5126 fornacis,
2550 5055 2855 5113 accederet
2886 5053 3119 5110 mollior
3145 5053 3222 5109 ad
3251 5052 3541 5110 secundas
3565 5049 3861 5109 interroga-

2239 5148 2447 5213 tiones,
2480 5154 2535 5202 et
2588 5161 2704 5201 non
2736 5160 2945 5218 parum
2972 5142 3230 5215 priorem
3265 5158 3437 5200 suam
3483 5135 3722 5195 mutaret
3744 5139 3859 5218 sen-

2244 5238 2503 5294 tentiam.
2534 5215 2831 5308 Atqueille
2853 5231 3099 5306 quidem
3122 5231 3213 5287 vir
3244 5242 3561 5303 generosus
3579 5215 3860 5290 conjicitur

2241 5328 2303 5385 in
2342 5340 2669 5384 carcerem:
2698 5323 2775 5380 ad
2804 5321 3204 5396 quadraginta
3257 5327 3455 5378 autem
3488 5308 3848 5373 Christianos.
