4154 6192
322 295 441 351 573

1573 299 1670 353 MA
1686 294 1999 352 RTYRIUM
2033 293 2089 348 S.
2130 293 2528 353 MAMANTIS.

3644 298 3750 351 574

332 422 442 494 qui
485 423 544 477 in
590 439 660 478 eo
695 424 857 495 prius
887 425 1323 489 detinebantur,
1358 427 1436 482 ibi
1471 428 1742 484 inventos
1766 425 1979 488 liberat
2019 419 2060 471 A
2101 423 2912 486 reverenteradorabat.etad
2936 422 3063 492 ejus
3083 423 3265 493 pedes
3289 424 3746 495 procumbebat.

330 525 371 565 a
405 511 690 567 vinculis:
725 520 779 567 et
818 530 952 567 cum
989 516 1239 570 carceris
1271 520 1466 571 claves
1511 522 1566 572 et
1598 522 1790 573 vectes
1821 518 1980 575 Iabe'

328 597 633 664 factasset,
677 601 803 656 sola
843 604 1198 672 precatione,
1229 611 1284 658 et
1313 609 1466 659 totas
1495 613 1697 676 portas
1719 607 1980 677 aperuis-

331 694 443 751 set,
479 689 562 742 eis
592 689 838 761 quidem
885 692 1177 757 concedit,
1229 699 1286 748 ut
1319 695 1446 748 sine
1499 695 1703 751 labore
1749 701 1978 758 exeant,

330 777 689 849 relinquitur
719 785 918 835 autem
951 781 1043 836 ille
1076 781 1242 838 solus
1269 783 1325 837 in
1342 784 1634 852 custodia,
1666 785 1860 856 inqua
1879 802 1984 840 an-

327 865 447 934 geli
480 869 797 937 przesentia
826 869 1192 926 excitabatur
1216 879 1272 927 et
1297 871 1770 928 conﬁrmabatur
1804 873 1982 929 adfu-

330 959 460 1009 tura
492 958 838 1012 certamina.

409 1044 540 1098 XIV.
577 1047 800 1101 Interea
833 1063 973 1118 ergo
997 1051 1128 1118 jam
1181 1065 1431 1104 accensa
1462 1054 1588 1105 erat
1615 1049 1823 1105 fornax
1869 1067 1880 1105 :
1925 1056 1979 1106 et

323 1147 570 1202 praeses,
604 1133 848 1204 abjectis
880 1136 1008 1191 aliis
1033 1138 1214 1207 curis,
1233 1154 1437 1193 rursus
1466 1138 1730 1210 producit
1759 1145 1977 1210 marty-

322 1234 454 1274 rem
497 1220 569 1275 ad
600 1222 938 1286 tribunal,et
972 1225 1143 1279 dicit:
1178 1229 1364 1281 Tanta
1404 1227 1650 1281 omnino
1684 1233 1885 1281 nostra
1920 1227 1973 1282 in

325 1307 510 1362 rebus
539 1312 798 1365 maxime
846 1315 1192 1368 necessariis
1239 1317 1573 1386 occupatio,
1608 1321 1662 1370 et
1696 1315 1978 1371 diuturna

326 1395 393 1451 in
429 1397 538 1452 illis
568 1415 754 1465 mora,
781 1402 1164 1469 praebuerunt
1197 1410 1431 1474 tempus
1465 1404 1706 1458 ineundi
1747 1405 1976 1461 consilii

327 1488 492 1557 quod
533 1493 684 1543 esset
715 1488 814 1544 tibi
850 1490 1004 1544 utile.
1040 1493 1135 1546 Sin
1173 1491 1388 1555 minus,
1447 1497 1506 1546 tu
1567 1492 1749 1559 vides,
1793 1511 1976 1565 quam

331 1575 410 1629 sit
437 1574 554 1631 alta
579 1575 778 1633 fornax
810 1595 823 1633 :
859 1579 1003 1634 nihil
1038 1585 1235 1636 tamen
1266 1582 1487 1644 dicam,
1516 1583 1981 1638 donecinconsi-

327 1663 541 1720 derata
583 1665 710 1720 haec
735 1674 834 1722 tua
873 1669 1204 1724 constantia
1236 1670 1511 1736 effecerit,
1548 1677 1611 1726 ut
1637 1679 1687 1725 te
1723 1673 1974 1728 multum

2097 508 2369 575 Dixisses,
2406 511 2454 566 si
2488 513 2760 578 vidisses,
2793 529 2930 567 eum
2962 512 3232 583 amplecti
3274 513 3427 566 illius
3479 514 3744 584 vestigia.

2098 596 2318 652 Pardus
2347 611 2546 656 autem
2574 601 2721 655 lenis
2753 606 2808 656 et
2839 607 3210 667 mansuetus,
3244 601 3301 655 in
3325 601 3745 671 ejushumeros

2094 687 2255 751 citra,
2294 688 2472 743 ullam
2497 690 2761 744 insiliens
2781 691 3134 753 molestiam,
3153 690 3358 759 lingua
3371 690 3745 759 abstergebat

2091 775 2220 843 ejus
2255 777 2559 842 sudorem,
2593 785 2649 833 et
2686 795 2822 834 eum
2841 778 3235 842 demulcebat,
3256 778 3495 844 perinde
3512 795 3578 833 ac
3608 795 3742 832 eum

2091 861 2398 929 deliniens,
2425 873 2479 920 et
2499 883 2652 938 aegre
2671 866 2861 922 ferens
2889 883 2959 920 ea
2983 883 3116 937 quae
3139 865 3492 938 patiebatur.
3520 866 3584 920 Et
3609 882 3746 937 quas

2089 967 2123 1005 a
2136 953 2390 1022 praeside
2404 955 2637 1025 quidem
2655 955 2940 1009 immissae
2954 964 3087 1010 sunt
3103 956 3429 1018 bestim,sic,
3445 963 3500 1010 ut
3517 955 3745 1014 videtis.

2089 1055 2288 1094 meum
2322 1047 2643 1097 tractarunt
2675 1043 2978 1097 athletam.
3018 1044 3129 1100 Sed
3155 1060 3273 1098 non
3293 1044 3373 1097 sic
3401 1043 3510 1106 leo,
3531 1044 3630 1116 qui
3661 1043 3738 1098 ab

2089 1128 2192 1186 illo
2223 1129 2460 1198 signum
2489 1131 2736 1202 accepit,
2779 1148 2959 1203 quem
3001 1132 3125 1203 ipse
3170 1134 3423 1188 armavit
3463 1134 3746 1187 adversus

2091 1218 2326 1288 impios,
2357 1223 2418 1274 ut
2455 1221 2616 1290 prius
2656 1221 2933 1276 diximus.
2969 1225 3112 1277 Nam
3156 1221 3431 1276 dentibus
3474 1222 3743 1286 stridens,

2090 1313 2146 1360 et
2169 1309 2316 1363 iram
2349 1309 2604 1378 spirans,
2639 1326 2889 1381 propere
2929 1311 3326 1366 descenditde
3353 1317 3581 1366 monte:
3605 1327 3744 1366 cum

2089 1397 2504 1453 conturbasset
2531 1398 2844 1464 theatrum,
2881 1405 2935 1453 et
2973 1401 3030 1454 in
3059 1400 3646 1470 partesdissecasset,
3673 1417 3745 1456 ex

2090 1486 2174 1539 eis
2214 1487 2458 1556 quidem
2491 1487 3323 1558 multosdiscerpsitdentibus
3351 1496 3400 1544 et
3421 1489 3740 1557 unguibus.

2092 1575 2219 1639 Quo
2275 1575 2518 1647 quidem
2580 1582 2849 1649 tempove
2909 1578 3360 1633 innumerabilis
3431 1578 3743 1634 multitudo

2091 1663 2443 1729 inﬁdelium,
2492 1667 2880 1736 intelligentes
2930 1667 3200 1722 virtutem
3266 1667 3553 1733 divinam,
3607 1684 3742 1739 quas

329 1750 630 1823 deplores.
663 1754 758 1810 Ille
783 1761 983 1812 autem
1007 1758 1092 1812 vir
1113 1762 1387 1829 egregius
1417 1759 1583 1815 :Jam
1613 1761 1735 1825 tibi,
1764 1778 1800 1816 o
1832 1777 1979 1832 prte-
2013 1756 2055 1810 Β
2088 1759 2210 1807 erat
2251 1752 2309 1807 ίη
2341 1761 2617 1826 martyre,
2650 1756 2774 1826 eius
2816 1759 2998 1812 Deum
3035 1756 3348 1825 magniﬁce
3368 1755 3738 1812 θκίοηθδᾶηίο

328 1855 450 1906 ses,
481 1843 637 1912 prius
668 1860 866 1900 meam
894 1848 1098 1918 aperui
1127 1849 1475 1904 sententiam
1499 1867 1511 1915 ;
1543 1865 1647 1904 cur
1671 1850 1973 1906 deiisdem

323 1930 510 1985 rebus
543 1932 862 1990 tibirursus
879 1935 1118 1992 exhibes
1139 1938 1478 2007 negotium?
1498 1940 1645 1994 Cum
1660 1941 1970 2012 inceperis,

321 2019 512 2074 ﬁnem
544 2022 784 2093 impone
814 2043 827 2092 ;
864 2040 936 2080 ne
963 2025 1205 2081 differas
1235 2043 1307 2082 ea
1350 2043 1480 2098 qua:
1513 2028 1655 2083 mihi
1679 2046 1742 2083 es
1785 2030 1976 2086 mina-

321 2113 440 2162 tus.
475 2109 700 2165 Praases
733 2118 932 2168 autem
967 2130 1102 2168 eum
1132 2116 1405 2187 protinus
1459 2117 1721 2173 immittit
1767 2119 1824 2173 in
1858 2119 1974 2174 for-

322 2211 562 2253 nacem.
608 2200 718 2255 Sed
749 2201 854 2272 qui
888 2203 1107 2273 pueris,
1135 2205 1236 2275 qui
1268 2211 1433 2260 erant
1469 2207 1529 2261 in
1563 2208 1817 2277 Assyria.
1865 2208 1976 2263 for-

319 2300 542 2341 nacem
565 2288 892 2362 aliquando
911 2308 1039 2347 rore
1061 2295 1312 2364 aspersit
1348 2298 1516 2359 Deus,
1546 2296 1594 2350 is
1611 2296 1708 2352 hic
1734 2313 1974 2370 quoque

324 2373 557 2439 aderat,
587 2377 862 2434 auferens
894 2381 1047 2451 ignis
1079 2383 1507 2453 operationem.
1528 2387 1740 2453 Martyr
1771 2392 1972 2440 autem

325 2465 686 2520 versabatur
712 2468 768 2521 in
817 2468 1082 2534 ﬂamma,
1118 2477 1404 2543 tanquam
1439 2473 1495 2526 in
1537 2479 1710 2544 prato
1742 2473 1969 2529 florido.

323 2552 474 2607 Toto
505 2560 658 2610 certe
693 2562 972 2628 tempore,
1007 2575 1129 2630 quo
1156 2560 1212 2614 in
1245 2560 1381 2628 igne
1422 2567 1512 2616 est
1555 2569 1840 2628 moratus,
1879 2579 1974 2618 ca-

323 2641 508 2696 nebat
533 2642 793 2715 hymnos
824 2646 899 2700 ad
943 2649 1146 2702 Deum.
1181 2653 1370 2720 Atque
1399 2654 1512 2704 tres
1551 2650 1800 2720 quidem
1842 2650 1970 2705 dies

321 2744 465 2785 eum
509 2733 694 2788 tenuit
725 2733 955 2789 fornax.
993 2736 1211 2791 Deinde
1237 2753 1374 2792 cum
1401 2739 1650 2794 ﬂamma
1680 2746 1972 2796 cessasset

315 2823 377 2871 et
397 2826 592 2874 essent
616 2821 674 2876 in
697 2822 954 2878 cinerem
988 2823 1257 2880 dissoluti
1289 2828 1601 2891 carbones,
1621 2828 1791 2897 jubet
1822 2845 1968 2898 prte-

312 2922 413 2961 ses
437 2907 768 2975 lictoribus,
806 2918 866 2965 ut
898 2912 1164 2979 eﬂerant,
1192 2913 1241 2970 si
1272 2915 1418 2986 quid
1453 2916 1525 2970 sit
1555 2916 1852 2987 reliquum
1896 2934 1967 2973 ex

307 2996 557 3050 ossibus
593 3001 885 3070 martyris.
916 3001 995 3056 Illi
1025 3013 1227 3058 autem
1260 3020 1396 3058 cum
1432 3005 1727 3060 venissent
1751 3007 1824 3061 ad
1853 3007 1963 3062 for-

2087 1844 2233 1906 Hzec,
2266 1859 2399 1914 quae
2431 1845 2520 1899 vel
2551 1846 2713 1916 ipsos
2747 1851 3014 1916 poterant
3047 1846 3274 1900 mollire
3325 1844 3578 1916 lapides,
3612 1845 3743 1900 red-

2082 1931 2307 1987 debant
2345 1934 2663 2004 praesidem
2687 1934 2988 1990 duriorem
3023 1954 3034 1990 :
3089 1941 3144 1989 et
3164 1935 3396 1990 leonem
3446 1951 3649 1989 rursus
3681 1935 3740 1990 in

2080 2025 2273 2094 ipsum
2298 2023 2576 2079 immittit.
2595 2022 2687 2078 Ille
2700 2031 2920 2089 autem,
2940 2033 3232 2097 quantum
3246 2027 3348 2096 qui
3375 2032 3736 2095 praaceserat,

2081 2112 2351 2168 efferatus
2384 2112 2569 2168 fuerat
2597 2115 2653 2168 in
2685 2113 2934 2185 impium
2969 2115 3284 2177 theatrum,
3319 2119 3376 2168 et
3411 2115 3494 2168 eis
3525 2114 3739 2186 quavis

2084 2207 2268 2258 morte
2283 2201 2465 2257 vitam
2480 2202 3370 2269 effeceratacerbiorem,tantum
3386 2204 3478 2258 hic
3491 2205 3738 2258 accessit

2085 2292 2240 2346 mitis
2257 2295 2312 2345 et
2339 2299 2682 2346 mansuetus
2707 2298 3028 2363 martyrem
3055 2309 3067 2347 :
3095 2293 3246 2348 adeo
3281 2299 3334 2348 ut
3361 2293 3559 2348 multis
3582 2291 3736 2346 vide-

2081 2385 2239 2435 retur
2252 2379 2559 2434 immissus
2571 2396 2702 2435 esse
2716 2398 2750 2436 a
2764 2381 3016 2451 praeside
3030 2382 3107 2437 ad
3121 2399 3258 2437 eum
3273 2381 3733 2446 consolandum,

2081 2484 2199 2524 nou
2228 2474 2426 2523 autem
2455 2469 2532 2523 ad
2560 2470 2955 2540 puniendum.

2151 2559 2286 2612 XVI.
2329 2558 2472 2611 Cum
2513 2557 2713 2627 itaque
2747 2573 2916 2628 spem
2939 2574 3174 2613 omnem
3209 2559 3516 2629 abjecisset
3545 2561 3736 2630 impu-

2078 2644 2227 2700 dens
2256 2645 2349 2700 ille
2384 2661 2620 2716 prmses,
2654 2647 3168 2717 rogatquemdam
3189 2663 3260 2702 ex
3279 2647 3346 2700 iis
3375 2648 3476 2717 qui
3498 2647 3548 2700 ei
3568 2663 3736 2715 pare-

2079 2734 2243 2801 bant,
2280 2734 2414 2788 utid
2449 2734 2713 2804 prteclari
2745 2735 2923 2804 hujus
2939 2736 3212 2805 martyris
3229 2737 3452 2790 viscera
3474 2735 3734 2791 ferreum

2077 2822 2282 2892 adigat
2332 2823 2662 2878 tridentem.
2719 2827 2783 2878 Et
2834 2824 2926 2878 ille
2985 2824 3226 2895 quidem
3251 2841 3388 2879 eum
3434 2824 3736 2880 ambabus

2078 2911 2344 2966 manibus
2358 2917 2586 2983 torquet
2601 2913 2658 2966 in
2675 2916 3219 2984 martyrem.Martyr
3232 2921 3430 2968 autem
3446 2915 3734 2983 sanguine

2077 3001 2390 3057 manantia
2413 3001 2517 3055 fert
2547 3002 2842 3072 intestina,
2878 3002 3030 3057 adeo
3047 3008 3106 3056 ut
3132 3002 3414 3074 quasdam
3433 3002 3643 3058 mulier
3663 3018 3734 3057 ex

310 3098 530 3155 nacen,
552 3086 708 3142 illius
733 3105 938 3145 vocem
965 3093 1340 3161 apertissime
1362 3093 1815 3150 audiuntDeum
1842 3096 1965 3151 lau-
2006 3097 2045 3152 C
2077 3091 2146 3145 iis
2175 3107 2310 3163 qua:
2335 3090 2641 3146 benevola:
2671 3091 3234 3162 erantmartyribus,
3265 3107 3446 3163 quam
3473 3091 3733 3162 primum

309 3171 582 3230 dantem.
631 3176 707 3232 Illi
742 3195 880 3233 vero
909 3181 1175 3249 protinus
1206 3183 1442 3246 reversi,
1480 3183 1713 3238 Praesidi
1747 3200 1966 3240 renun-

313 3262 464 3318 tiant
480 3280 603 3320 rem
617 3265 779 3322 illam
795 3268 1227 3325 admirabilem.
1247 3271 1344 3326 Ille
1358 3287 1496 3327 vero
1509 3275 1636 3327 :Per
1651 3289 1962 3340 magnum,

313 3349 526 3422 inquit,
564 3355 967 3425 Serapionem,
1000 3365 1054 3413 et
1101 3359 1248 3414 alios
1278 3376 1485 3415 omnes
1525 3361 1689 3427 deos,
1723 3363 1835 3418 hoc
1881 3369 1968 3419 est

316 3445 524 3510 aperte
540 3441 863 3499 incantatio
876 3451 932 3500 et
947 3448 1273 3516 praistigiaa.
1286 3451 1350 3503 Et
1369 3449 1554 3504 multa
1576 3450 1693 3506 alia
1707 3457 1964 3521 nugatus

317 3534 413 3582 est
441 3530 724 3586 adversus
750 3533 1054 3590 veritatem
1079 3553 1091 3590 :
1117 3536 1268 3591 adeo
1291 3543 1411 3592 erat
1435 3539 1693 3594 attonita
1716 3546 1767 3594 et
1793 3540 1966 3610 plaue

318 3627 534 3673 emotae
555 3622 785 3675 mentis.
806 3623 1075 3691 Populus
1095 3627 1962 3698 autem,quicunque,in..luam,

318 3706 634 3776 paululum
686 3717 958 3781 poterant
984 3712 1192 3767 intueri
1225 3714 1302 3768 ad
1330 3715 1648 3778 veritatem,
1679 3732 1813 3772 cum
1858 3734 1966 3774 nec

317 3795 474 3864 ignis
495 3799 1026 3871 vestigium,neque
1049 3801 1226 3857 ullam
1255 3802 1562 3872 fuliginem
1594 3807 1967 3876 aspexissent

310 3884 464 3939 ferre
487 3887 970 3953 athletam,illius
1019 3890 1203 3946 Deum
1259 3891 1608 3956 laudabant,
1654 3901 1709 3949 et
1761 3896 1814 3950 ei
1855 3897 1962 3953 soli

306 3975 692 4031 ascribebant
727 3977 1106 4036 miraculum.

378 4062 488 4117 XV.
537 4065 794 4120 Stolidus
811 4073 1009 4123 autem
1030 4085 1269 4139 praeses,
1287 4076 1606 4143 postquam
1631 4089 1703 4128 ex
1727 4073 1965 4132 fornace

303 4166 514 4206 rursus
547 4155 976 4229 astititmartyr
1021 4174 1200 4213 sanus
1254 4167 1307 4213 et
1362 4161 1563 4215 salvus
1619 4166 1757 4219 ante
1816 4165 1966 4220 illius

306 4238 568 4296 tribunal
582 4258 736 4305 ,cum
767 4260 876 4299 nec
889 4246 1017 4315 ejus
1034 4247 1276 4318 quidem
1295 4248 1479 4318 pilum
1495 4249 1645 4318 ignis
1662 4253 1963 4323 attigisset,

307 4327 519 4398 longas
539 4330 596 4385 in
611 4347 747 4387 eum
772 4332 1202 4405 eﬂ‘uditnugas,
1225 4352 1360 4391 eum
1381 4337 1735 4394 insimulans
1761 4343 1967 4409 magiae

2077 3195 2410 3245 accurrens,
2448 3184 2667 3235 cratere
2711 3186 2901 3249 guttas
2956 3181 3266 3251 sanguinis
3309 3182 3651 3251 susceperit,
3681 3185 3736 3236 et

2078 3269 2247 3324 laetus
2278 3268 2604 3340 ingreditur
2644 3285 2746 3340 per
2771 3269 3035 3324 medium
3069 3271 3366 3325 theatrum
3399 3289 3413 3340 ;
3448 3285 3733 3340 magnam

2077 3360 2236 3415 enim
2267 3375 2302 3412 a
2334 3357 2580 3412 vinculis
2612 3359 2987 3414 securitatem
3032 3358 3337 3429 prmbebat
3365 3359 3417 3414 ei
3462 3358 3608 3421 ﬁnis,
3631 3358 3734 3429 qui

2078 3466 2218 3504 mox
2248 3447 2722 3520 exspectabatur,
2775 3453 2831 3502 et
2872 3449 3170 3517 egreditur
3208 3449 3376 3504 laetus
3407 3465 3437 3504 e
3478 3449 3730 3513 civitate,

2077 3553 2275 3604 onere,
2304 3537 2465 3608 quod
2499 3535 2789 3605 gestabat,
2823 3537 2936 3591 sibi
2986 3537 3224 3607 placens
3263 3538 3408 3592 dum
3439 3538 3732 3593 internam

2079 3631 2304 3681 natura;
2383 3625 2879 3694 compositionem
2947 3625 3005 3678 in
3055 3626 3330 3679 manibus
3380 3626 3733 3680 suavissime

2078 3714 2545 3774 circumferebat,
2568 3717 2630 3766 ut
2646 3713 2747 3783 qui
2764 3713 3238 3784 gauderet,quod
3259 3729 3329 3768 ea
3356 3713 3559 3767 oblata
3575 3719 3734 3769 esset

2077 3803 2272 3859 hostia
2301 3802 2351 3857 ei
2404 3802 2504 3872 qui
2558 3800 2938 3864 formaverat,
2969 3809 3024 3856 et
3052 3809 3217 3872 grato
3260 3801 3461 3855 animo
3504 3802 3730 3857 reddita

2077 3897 2233 3949 esset
2247 3893 2296 3946 ei
2311 3889 2685 3963 quidederat.
2705 3893 2850 3945 Cum
2865 3891 3138 3962 ergoduo
3154 3889 3346 3946 stadia
3360 3891 3728 3961 pervasisset,

2077 3988 2133 4037 et
2163 3981 2385 4036 Christo
2415 3978 2787 4047 agonothetaa
2819 3979 3011 4034 visum
3046 3985 3201 4034 esset
3230 3996 3367 4034 eum
3397 3981 3538 4034 satis
3568 3979 3730 4035 Iaho-

2075 4085 2260 4134 rasse,
2296 4068 2586 4124 recumbit
2615 4069 2674 4123 in
2703 4068 2970 4139 quadam
3007 4069 3312 4140 spelunca,
3347 4073 3400 4123 et
3423 4069 3633 4140 aspicit
3653 4068 3729 4124 ad

2077 4177 2196 4223 eas,
2230 4175 2364 4230 quas
2406 4157 2519 4212 illic
2561 4165 2714 4224 sunt,
2767 4173 3037 4213 coronas.
3087 4159 3214 4213 Vox
3235 4165 3436 4213 autem
3479 4159 3730 4228 desuper

2077 4249 2315 4312 exstitit,
2347 4262 2571 4302 vocans
2608 4246 2888 4302 athletam
2927 4246 3002 4301 ad
3053 4253 3272 4302 aeterna
3328 4247 3425 4302 illa
3464 4249 3730 4303 taberna-

2078 4338 2213 4395 cula
2251 4343 2308 4392 et
2343 4336 2606 4409 praemia.
2643 4335 2719 4390 ad
2747 4351 2884 4390 eum
2926 4339 3028 4408 qui
3057 4335 3174 4390 illic
3205 4341 3294 4391 est
3326 4335 3724 4407 splendorem.

312 4424 370 4473 et
395 4419 685 4491 veneficii,
721 4427 775 4476 et
799 4421 927 4478 haec
955 4439 1171 4480 vocans
1211 4424 1605 4482 daamoniaca.
1644 4428 1738 4483 Ille
1769 4437 1966 4485 autem
2001 4442 2044 4495 1)
2079 4433 2134 4484 et
2173 4427 2433 4490 delicias,
2463 4425 2538 4480 ad
2572 4440 2724 4495 quas
2751 4424 2960 4479 transit
2991 4424 3281 4495 protinus,
3332 4425 3410 4480 ab
3468 4424 3582 4479 illis
3636 4441 3731 4479 ex-

314 4523 389 4563 ne
410 4525 704 4579 responso
741 4511 984 4582 quidem
1011 4529 1148 4568 eum
1175 4521 1265 4569 est
1296 4514 1596 4584 dignatus.
1639 4519 1703 4572 Et
1751 4535 1970 4588 praeses

317 4597 559 4668 quidem
591 4615 730 4654 eum
753 4600 999 4655 deduxit
1064 4603 1142 4656 ad
1195 4609 1509 4668 certamen,
1563 4605 1848 4671 futurum,
1913 4616 1973 4663 ut

314 4685 586 4756 putabat,
629 4704 862 4744 caenam
935 4689 1154 4745 bestiis.
1211 4691 1307 4746 Ille
1363 4699 1561 4749 autem
1611 4696 1972 4766 sequebatur

313 4773 650 4831 subridens.
687 4780 753 4832 Et
779 4778 836 4832 in
875 4786 1196 4850 martyrem
1232 4781 1477 4848 quidem
1516 4784 1830 4840 immissus
1860 4785 1969 4844 fuit

310 4864 555 4936 pardus,
589 4872 646 4921 et
676 4882 867 4922 saevus
909 4884 1102 4923 ursus.
1152 4871 1264 4927 Sed
1308 4886 1478 4927 ursus
1526 4874 1768 4944 quidem
1826 4891 1961 4932 eum

2081 4521 2288 4588 ceptus
2334 4513 2600 4569 secundo
2633 4513 2854 4568 mensis
2916 4514 3302 4584 Septembris.
3352 4516 3510 4579 Quas
3559 4514 3732 4569 detur

2081 4606 2360 4662 omnibus
2377 4602 2546 4657 nobis
2559 4602 2842 4672 consequi
2858 4603 3046 4671 gratia
3059 4609 3114 4657 et
3129 4603 3484 4673 benignitate
3497 4603 3729 4658 Domini

2081 4694 2444 4751 nostriiesus
2462 4690 2689 4752 Christi.
2711 4707 2846 4746 cum
2861 4707 2981 4763 quo
3002 4693 3147 4748 Patri
3169 4692 3343 4747 simul
3360 4708 3496 4747 cum
3520 4698 3727 4747 sancto

2082 4784 2298 4855 Spiritu
2329 4781 2548 4852 gloria.
2583 4781 2775 4835 honor
2810 4786 2864 4836 et
2890 4783 3169 4852 potentia,
3201 4797 3358 4836 nunc
3385 4787 3436 4836 et
3468 4797 3727 4855 semper,

2075 4876 2210 4932 etin
2243 4869 2462 4928 saecula
2493 4868 2870 4925 saeculorum.
2901 4875 3107 4926 Amen.
