  <div class='ocr_page' id='page_1' title='image "/cluster/home/n/w/nwhite01/storage/ocr_20150623/115/hvd.32044073502262/293.png"; bbox 0 0 4096 6220; ppageno 0'>
   <div class='ocr_carea' id='block_1_1' title="bbox 463 264 570 318">
    <p class='ocr_par' dir='ltr' id='par_1_1' title="bbox 463 264 570 318">
     <span class='ocr_line' id='line_1_1' title="bbox 463 264 570 318; baseline -0.009 0"><span class='ocrx_word' id='word_1_1' title='bbox 463 264 570 318; x_wconf 79' lang='grc'><strong>575</strong></span> 
     </span>
    </p>
   </div>
   <div class='ocr_carea' id='block_1_2' title="bbox 1817 258 2500 323">
    <p class='ocr_par' dir='ltr' id='par_1_2' title="bbox 1817 258 2500 323">
     <span class='ocr_line' id='line_1_2' title="bbox 1817 258 2500 323; baseline -0.006 -5"><span class='ocrx_word' id='word_1_2' title='bbox 1817 260 2064 318; x_wconf 82' lang='lat' dir='ltr'><strong>MENSIS</strong></span> <span class='ocrx_word' id='word_1_3' title='bbox 2105 258 2500 323; x_wconf 82' lang='lat' dir='ltr'><strong>AUGUSTUS,</strong></span> 
     </span>
    </p>
   </div>
   <div class='ocr_carea' id='block_1_3' title="bbox 3796 259 3899 314">
    <p class='ocr_par' dir='ltr' id='par_1_3' title="bbox 3796 259 3899 314">
     <span class='ocr_line' id='line_1_3' title="bbox 3796 259 3899 314; baseline 0.019 -2"><span class='ocrx_word' id='word_1_4' title='bbox 3796 259 3899 314; x_wconf 75' lang='lat'><strong>576</strong></span> 
     </span>
    </p>
   </div>
   <div class='ocr_carea' id='block_1_4' title="bbox 1725 518 2604 640">
    <p class='ocr_par' dir='ltr' id='par_1_4' title="bbox 1725 518 2604 640">
     <span class='ocr_line' id='line_1_4' title="bbox 1725 518 2604 640; baseline 0.001 -2"><span class='ocrx_word' id='word_1_5' title='bbox 1725 518 2604 640; x_wconf 81' lang='lat' dir='ltr'><strong>MABTYRIUM</strong></span> 
     </span>
    </p>
   </div>
   <div class='ocr_carea' id='block_1_5' title="bbox 547 793 3827 945">
    <p class='ocr_par' dir='ltr' id='par_1_5' title="bbox 547 793 3827 945">
     <span class='ocr_line' id='line_1_5' title="bbox 547 793 3827 945; baseline -0.002 -5"><span class='ocrx_word' id='word_1_6' title='bbox 547 799 1702 945; x_wconf 79' lang='lat' dir='ltr'><strong>SANGTORUM</strong></span> <span class='ocrx_word' id='word_1_7' title='bbox 1809 797 2388 945; x_wconf 84' lang='lat' dir='ltr'><strong>PAULI</strong></span> <span class='ocrx_word' id='word_1_8' title='bbox 2506 802 2750 941; x_wconf 88' lang='lat' dir='ltr'><strong>ET</strong></span> <span class='ocrx_word' id='word_1_9' title='bbox 2862 793 3827 944; x_wconf 75' lang='lat' dir='ltr'><strong>JULIAN/E.</strong></span> 
     </span>
    </p>
   </div>
   <div class='ocr_carea' id='block_1_6' title="bbox 1351 1108 2990 1174">
    <p class='ocr_par' dir='ltr' id='par_1_6' title="bbox 1351 1108 2990 1174">
     <span class='ocr_line' id='line_1_6' title="bbox 1351 1108 2990 1174; baseline 0 -9"><span class='ocrx_word' id='word_1_10' title='bbox 1351 1109 1469 1174; x_wconf 82' lang='lat' dir='ltr'><strong>QUI</strong></span> <span class='ocrx_word' id='word_1_11' title='bbox 1508 1110 1690 1164; x_wconf 89' lang='lat' dir='ltr'><strong>APUD</strong></span> <span class='ocrx_word' id='word_1_12' title='bbox 1735 1108 1969 1163; x_wconf 81' lang='lat' dir='ltr'><strong>URBEM</strong></span> <span class='ocrx_word' id='word_1_13' title='bbox 2009 1109 2498 1165; x_wconf 82' lang='lat' dir='ltr'><strong>PTOLEMAIDEM</strong></span> <span class='ocrx_word' id='word_1_14' title='bbox 2538 1109 2736 1168; x_wconf 87' lang='lat' dir='ltr'><strong>PASSI</strong></span> <span class='ocrx_word' id='word_1_15' title='bbox 2789 1111 2990 1167; x_wconf 83' lang='lat' dir='ltr'><strong>SUNT.</strong></span> 
     </span>
    </p>
   </div>
   <div class='ocr_carea' id='block_1_7' title="bbox 973 1285 3355 1351">
    <p class='ocr_par' dir='ltr' id='par_1_7' title="bbox 973 1285 3355 1351">
     <span class='ocr_line' id='line_1_7' title="bbox 973 1285 3355 1351; baseline 0 -17"><span class='ocrx_word' id='word_1_16' title='bbox 973 1286 1178 1349; x_wconf 82' lang='lat' dir='ltr'><strong>(Latine</strong></span> <span class='ocrx_word' id='word_1_17' title='bbox 1208 1286 1352 1350; x_wconf 87' lang='lat' dir='ltr'><strong>apud</strong></span> <span class='ocrx_word' id='word_1_18' title='bbox 1382 1285 1596 1336; x_wconf 88' lang='lat' dir='ltr'><strong>Surium</strong></span> <span class='ocrx_word' id='word_1_19' title='bbox 1625 1285 1696 1337; x_wconf 85' lang='lat' dir='ltr'><strong>ad</strong></span> <span class='ocrx_word' id='word_1_20' title='bbox 1733 1288 1871 1336; x_wconf 88' lang='lat' dir='ltr'><strong>diem</strong></span> <span class='ocrx_word' id='word_1_21' title='bbox 1905 1288 1961 1336; x_wconf 87' lang='grc'>17</span> <span class='ocrx_word' id='word_1_22' title='bbox 1992 1288 2235 1351; x_wconf 80' lang='lat' dir='ltr'><strong>Augusti.</strong></span> <span class='ocrx_word' id='word_1_23' title='bbox 2275 1314 2334 1324; x_wconf 90' lang='lat'><strong>——</strong></span> <span class='ocrx_word' id='word_1_24' title='bbox 2369 1287 2546 1337; x_wconf 60' lang='lat' dir='ltr'><strong>Graece</strong></span> <span class='ocrx_word' id='word_1_25' title='bbox 2577 1301 2690 1337; x_wconf 91' lang='lat' dir='ltr'><strong>non</strong></span> <span class='ocrx_word' id='word_1_26' title='bbox 2726 1290 2899 1337; x_wconf 88' lang='lat' dir='ltr'><strong>exstat</strong></span> <span class='ocrx_word' id='word_1_27' title='bbox 2929 1287 2984 1336; x_wconf 90' lang='lat' dir='ltr'><strong>in</strong></span> <span class='ocrx_word' id='word_1_28' title='bbox 3021 1301 3148 1335; x_wconf 88' lang='lat' dir='ltr'><strong>mss.</strong></span> <span class='ocrx_word' id='word_1_29' title='bbox 3187 1285 3355 1340; x_wconf 85' lang='lat' dir='ltr'><strong>Paris)</strong></span> 
     </span>
    </p>
   </div>
   <div class='ocr_carea' id='block_1_8' title="bbox 534 1572 3907 1652">
    <p class='ocr_par' dir='ltr' id='par_1_8' title="bbox 534 1572 3907 1652">
     <span class='ocr_line' id='line_1_8' title="bbox 534 1572 3907 1652; baseline -0.001 -22"><span class='ocrx_word' id='word_1_30' title='bbox 534 1578 573 1630; x_wconf 92' lang='lat' dir='ltr'><strong>l.</strong></span> <span class='ocrx_word' id='word_1_31' title='bbox 594 1579 2113 1652; x_wconf 83' lang='lat' dir='ltr'><strong>Aurelianusimperatorpertotumorbemterrarum</strong></span> <span class='ocrx_word' id='word_1_32' title='bbox 2148 1578 2189 1631; x_wconf 88' lang='lat' dir='ltr'><strong>A</strong></span> <span class='ocrx_word' id='word_1_33' title='bbox 2228 1576 2617 1648; x_wconf 88' lang='lat' dir='ltr'><strong>Principatus,</strong></span> <span class='ocrx_word' id='word_1_34' title='bbox 2652 1593 2773 1632; x_wconf 90' lang='lat' dir='ltr'><strong>non</strong></span> <span class='ocrx_word' id='word_1_35' title='bbox 2796 1578 3137 1642; x_wconf 88' lang='lat' dir='ltr'><strong>Potestates,</strong></span> <span class='ocrx_word' id='word_1_36' title='bbox 3163 1592 3282 1632; x_wconf 91' lang='lat' dir='ltr'><strong>non</strong></span> <span class='ocrx_word' id='word_1_37' title='bbox 3313 1577 3603 1637; x_wconf 84' lang='lat' dir='ltr'><strong>Virtutes,</strong></span> <span class='ocrx_word' id='word_1_38' title='bbox 3630 1587 3754 1628; x_wconf 89' lang='lat' dir='ltr'><strong>non</strong></span> <span class='ocrx_word' id='word_1_39' title='bbox 3777 1572 3907 1626; x_wconf 87' lang='lat' dir='ltr'><strong>Che-</strong></span> 
     </span>
    </p>
   </div>
   <div class='ocr_carea' id='block_1_9' title="bbox 462 1666 2115 1741">
    <p class='ocr_par' dir='ltr' id='par_1_9' title="bbox 462 1666 2115 1741">
     <span class='ocr_line' id='line_1_9' title="bbox 462 1666 2115 1741; baseline -0.001 -19"><span class='ocrx_word' id='word_1_40' title='bbox 462 1673 667 1723; x_wconf 90' lang='lat' dir='ltr'><strong>contra</strong></span> <span class='ocrx_word' id='word_1_41' title='bbox 682 1669 1040 1725; x_wconf 83' lang='lat' dir='ltr'><strong>Christianos</strong></span> <span class='ocrx_word' id='word_1_42' title='bbox 1055 1670 1308 1724; x_wconf 89' lang='lat' dir='ltr'><strong>edictum</strong></span> <span class='ocrx_word' id='word_1_43' title='bbox 1327 1671 1638 1741; x_wconf 79' lang='lat' dir='ltr'><strong>praposuit,</strong></span> <span class='ocrx_word' id='word_1_44' title='bbox 1651 1676 1708 1723; x_wconf 91' lang='lat' dir='ltr'><strong>ut</strong></span> <span class='ocrx_word' id='word_1_45' title='bbox 1722 1684 1929 1723; x_wconf 91' lang='lat' dir='ltr'><strong>omnes</strong></span> <span class='ocrx_word' id='word_1_46' title='bbox 1943 1666 2115 1722; x_wconf 89' lang='lat' dir='ltr'><strong>idolis</strong></span> 
     </span>
    </p>
   </div>
   <div class='ocr_carea' id='block_1_10' title="bbox 462 1757 2118 1830">
    <p class='ocr_par' dir='ltr' id='par_1_10' title="bbox 462 1757 2118 1830">
     <span class='ocr_line' id='line_1_10' title="bbox 462 1757 2118 1830; baseline 0 -20"><span class='ocrx_word' id='word_1_47' title='bbox 462 1757 895 1816; x_wconf 81' lang='lat' dir='ltr'><strong>sacriﬁcarent:</strong></span> <span class='ocrx_word' id='word_1_48' title='bbox 954 1761 1050 1830; x_wconf 87' lang='lat' dir='ltr'><strong>qui</strong></span> <span class='ocrx_word' id='word_1_49' title='bbox 1105 1774 1240 1812; x_wconf 88' lang='lat' dir='ltr'><strong>vero</strong></span> <span class='ocrx_word' id='word_1_50' title='bbox 1283 1759 1342 1813; x_wconf 89' lang='lat' dir='ltr'><strong>id</strong></span> <span class='ocrx_word' id='word_1_51' title='bbox 1388 1758 1579 1813; x_wconf 89' lang='lat' dir='ltr'><strong>facere</strong></span> <span class='ocrx_word' id='word_1_52' title='bbox 1613 1758 1963 1821; x_wconf 90' lang='lat' dir='ltr'><strong>noluissent,</strong></span> <span class='ocrx_word' id='word_1_53' title='bbox 1996 1757 2118 1810; x_wconf 86' lang='lat' dir='ltr'><strong>vita</strong></span> 
     </span>
    </p>
   </div>
   <div class='ocr_carea' id='block_1_11' title="bbox 461 1845 2118 1917">
    <p class='ocr_par' dir='ltr' id='par_1_11' title="bbox 461 1845 2118 1917">
     <span class='ocr_line' id='line_1_11' title="bbox 461 1845 2118 1917; baseline 0 -19"><span class='ocrx_word' id='word_1_54' title='bbox 461 1847 720 1917; x_wconf 87' lang='lat' dir='ltr'><strong>pessime</strong></span> <span class='ocrx_word' id='word_1_55' title='bbox 744 1846 1129 1916; x_wconf 76' lang='lat' dir='ltr'><strong>privarentur.</strong></span> <span class='ocrx_word' id='word_1_56' title='bbox 1161 1848 1254 1902; x_wconf 91' lang='lat' dir='ltr'><strong>Ille</strong></span> <span class='ocrx_word' id='word_1_57' title='bbox 1273 1847 1452 1916; x_wconf 88' lang='lat' dir='ltr'><strong>igitur</strong></span> <span class='ocrx_word' id='word_1_58' title='bbox 1473 1863 1606 1902; x_wconf 91' lang='lat' dir='ltr'><strong>cum</strong></span> <span class='ocrx_word' id='word_1_59' title='bbox 1633 1847 1693 1901; x_wconf 92' lang='lat' dir='ltr'><strong>in</strong></span> <span class='ocrx_word' id='word_1_60' title='bbox 1719 1845 1999 1901; x_wconf 89' lang='lat' dir='ltr'><strong>Isauriam</strong></span> <span class='ocrx_word' id='word_1_61' title='bbox 2022 1860 2118 1899; x_wconf 85' lang='lat' dir='ltr'><strong>ve-</strong></span> 
     </span>
    </p>
   </div>
   <div class='ocr_carea' id='block_1_12' title="bbox 462 1933 2118 2000">
    <p class='ocr_par' dir='ltr' id='par_1_12' title="bbox 462 1933 2118 2000">
     <span class='ocr_line' id='line_1_12' title="bbox 462 1933 2118 2000; baseline 0 -13"><span class='ocrx_word' id='word_1_62' title='bbox 462 1933 662 1998; x_wconf 90' lang='lat' dir='ltr'><strong>nisset,</strong></span> <span class='ocrx_word' id='word_1_63' title='bbox 693 1934 751 1988; x_wconf 92' lang='lat' dir='ltr'><strong>in</strong></span> <span class='ocrx_word' id='word_1_64' title='bbox 773 1935 978 1990; x_wconf 85' lang='lat' dir='ltr'><strong>urbem</strong></span> <span class='ocrx_word' id='word_1_65' title='bbox 997 1935 1417 1990; x_wconf 89' lang='lat' dir='ltr'><strong>Ptolemaidem</strong></span> <span class='ocrx_word' id='word_1_66' title='bbox 1445 1951 1506 1990; x_wconf 89' lang='lat' dir='ltr'><strong>se</strong></span> <span class='ocrx_word' id='word_1_67' title='bbox 1530 1934 1793 2000; x_wconf 77' lang='lat' dir='ltr'><strong>contulit,</strong></span> <span class='ocrx_word' id='word_1_68' title='bbox 1826 1941 1883 1988; x_wconf 89' lang='lat' dir='ltr'><strong>ut</strong></span> <span class='ocrx_word' id='word_1_69' title='bbox 1905 1949 2118 1988; x_wconf 89' lang='lat' dir='ltr'><strong>omnes</strong></span> 
     </span>
    </p>
   </div>
   <div class='ocr_carea' id='block_1_13' title="bbox 463 2022 2120 2092">
    <p class='ocr_par' dir='ltr' id='par_1_13' title="bbox 463 2022 2120 2092">
     <span class='ocr_line' id='line_1_13' title="bbox 463 2022 2120 2092; baseline 0 -16"><span class='ocrx_word' id='word_1_70' title='bbox 463 2022 821 2077; x_wconf 83' lang='lat' dir='ltr'><strong>Christianos</strong></span> <span class='ocrx_word' id='word_1_71' title='bbox 848 2029 1086 2092; x_wconf 82' lang='lat' dir='ltr'><strong>cogeret</strong></span> <span class='ocrx_word' id='word_1_72' title='bbox 1116 2024 1288 2078; x_wconf 89' lang='lat' dir='ltr'><strong>idolis</strong></span> <span class='ocrx_word' id='word_1_73' title='bbox 1325 2039 1490 2078; x_wconf 89' lang='lat' dir='ltr'><strong>sacra</strong></span> <span class='ocrx_word' id='word_1_74' title='bbox 1530 2023 1746 2079; x_wconf 83' lang='lat' dir='ltr'><strong>facere.</strong></span> <span class='ocrx_word' id='word_1_75' title='bbox 1787 2024 1932 2077; x_wconf 89' lang='lat' dir='ltr'><strong>Cum</strong></span> <span class='ocrx_word' id='word_1_76' title='bbox 1981 2037 2120 2076; x_wconf 88' lang='lat' dir='ltr'><strong>vero</strong></span> 
     </span>
    </p>
   </div>
   <div class='ocr_carea' id='block_1_14' title="bbox 460 2109 2123 2167">
    <p class='ocr_par' dir='ltr' id='par_1_14' title="bbox 460 2109 2123 2167">
     <span class='ocr_line' id='line_1_14' title="bbox 460 2109 2123 2167; baseline -0.001 -1"><span class='ocrx_word' id='word_1_77' title='bbox 460 2109 838 2166; x_wconf 85' lang='lat' dir='ltr'><strong>beatissimus</strong></span> <span class='ocrx_word' id='word_1_78' title='bbox 871 2113 1085 2167; x_wconf 86' lang='lat' dir='ltr'><strong>Paulus</strong></span> <span class='ocrx_word' id='word_1_79' title='bbox 1105 2128 1222 2167; x_wconf 91' lang='lat' dir='ltr'><strong>una</strong></span> <span class='ocrx_word' id='word_1_80' title='bbox 1239 2128 1375 2166; x_wconf 89' lang='lat' dir='ltr'><strong>cum</strong></span> <span class='ocrx_word' id='word_1_81' title='bbox 1410 2128 1609 2167; x_wconf 87' lang='lat' dir='ltr'><strong>sorore</strong></span> <span class='ocrx_word' id='word_1_82' title='bbox 1630 2129 1735 2167; x_wconf 91' lang='lat' dir='ltr'><strong>sua</strong></span> <span class='ocrx_word' id='word_1_83' title='bbox 1757 2111 1994 2166; x_wconf 89' lang='lat' dir='ltr'><strong>Juliana</strong></span> <span class='ocrx_word' id='word_1_84' title='bbox 2014 2110 2123 2164; x_wconf 85' lang='lat' dir='ltr'><strong>im-</strong></span> 
     </span>
    </p>
   </div>
   <div class='ocr_carea' id='block_1_15' title="bbox 457 2199 2121 2272">
    <p class='ocr_par' dir='ltr' id='par_1_15' title="bbox 457 2199 2121 2272">
     <span class='ocr_line' id='line_1_15' title="bbox 457 2199 2121 2272; baseline -0.001 -17"><span class='ocrx_word' id='word_1_85' title='bbox 457 2208 791 2272; x_wconf 90' lang='lat' dir='ltr'><strong>peratorem</strong></span> <span class='ocrx_word' id='word_1_86' title='bbox 823 2202 880 2256; x_wconf 91' lang='lat' dir='ltr'><strong>in</strong></span> <span class='ocrx_word' id='word_1_87' title='bbox 909 2202 1118 2256; x_wconf 86' lang='lat' dir='ltr'><strong>urbem</strong></span> <span class='ocrx_word' id='word_1_88' title='bbox 1168 2201 1598 2270; x_wconf 82' lang='lat' dir='ltr'><strong>ingredientem</strong></span> <span class='ocrx_word' id='word_1_89' title='bbox 1630 2201 1888 2265; x_wconf 87' lang='lat' dir='ltr'><strong>vidisset,</strong></span> <span class='ocrx_word' id='word_1_90' title='bbox 1915 2199 2121 2255; x_wconf 88' lang='lat' dir='ltr'><strong>Christi</strong></span> 
     </span>
    </p>
   </div>
   <div class='ocr_carea' id='block_1_16' title="bbox 461 2290 2122 2358">
    <p class='ocr_par' dir='ltr' id='par_1_16' title="bbox 461 2290 2122 2358">
     <span class='ocr_line' id='line_1_16' title="bbox 461 2290 2122 2358; baseline -0.001 -14"><span class='ocrx_word' id='word_1_91' title='bbox 461 2291 632 2358; x_wconf 91' lang='lat' dir='ltr'><strong>signo</strong></span> <span class='ocrx_word' id='word_1_92' title='bbox 682 2290 932 2345; x_wconf 83' lang='lat' dir='ltr'><strong>frontem</strong></span> <span class='ocrx_word' id='word_1_93' title='bbox 962 2293 1200 2354; x_wconf 83' lang='lat' dir='ltr'><strong>notavit,</strong></span> <span class='ocrx_word' id='word_1_94' title='bbox 1247 2297 1302 2346; x_wconf 91' lang='lat' dir='ltr'><strong>et</strong></span> <span class='ocrx_word' id='word_1_95' title='bbox 1342 2291 1419 2346; x_wconf 91' lang='lat' dir='ltr'><strong>ad</strong></span> <span class='ocrx_word' id='word_1_96' title='bbox 1475 2306 1742 2346; x_wconf 90' lang='lat' dir='ltr'><strong>sororem</strong></span> <span class='ocrx_word' id='word_1_97' title='bbox 1772 2305 2122 2352; x_wconf 78' lang='lat' dir='ltr'><strong>conversus,</strong></span> 
     </span>
    </p>
   </div>
   <div class='ocr_carea' id='block_1_17' title="bbox 464 2378 2122 2450">
    <p class='ocr_par' dir='ltr' id='par_1_17' title="bbox 464 2378 2122 2450">
     <span class='ocr_line' id='line_1_17' title="bbox 464 2378 2122 2450; baseline 0 -16"><span class='ocrx_word' id='word_1_98' title='bbox 464 2381 620 2448; x_wconf 83' lang='lat' dir='ltr'><strong>Esto,</strong></span> <span class='ocrx_word' id='word_1_99' title='bbox 638 2378 850 2450; x_wconf 85' lang='lat' dir='ltr'><strong>inquit,</strong></span> <span class='ocrx_word' id='word_1_100' title='bbox 870 2379 1026 2434; x_wconf 88' lang='lat' dir='ltr'><strong>bono</strong></span> <span class='ocrx_word' id='word_1_101' title='bbox 1041 2379 1265 2445; x_wconf 91' lang='lat' dir='ltr'><strong>animo,</strong></span> <span class='ocrx_word' id='word_1_102' title='bbox 1287 2395 1451 2434; x_wconf 88' lang='lat' dir='ltr'><strong>soror</strong></span> <span class='ocrx_word' id='word_1_103' title='bbox 1466 2395 1618 2444; x_wconf 88' lang='lat' dir='ltr'><strong>mea,</strong></span> <span class='ocrx_word' id='word_1_104' title='bbox 1644 2395 1839 2450; x_wconf 89' lang='lat' dir='ltr'><strong>neque</strong></span> <span class='ocrx_word' id='word_1_105' title='bbox 1873 2378 2082 2434; x_wconf 87' lang='lat' dir='ltr'><strong>timeas</strong></span> <span class='ocrx_word' id='word_1_106' title='bbox 2109 2395 2122 2444; x_wconf 88' lang='lat'>;</span> 
     </span>
    </p>
   </div>
   <div class='ocr_carea' id='block_1_18' title="bbox 459 2467 2125 2540">
    <p class='ocr_par' dir='ltr' id='par_1_18' title="bbox 459 2467 2125 2540">
     <span class='ocr_line' id='line_1_18' title="bbox 459 2467 2125 2540; baseline -0.001 -18"><span class='ocrx_word' id='word_1_107' title='bbox 459 2467 595 2522; x_wconf 92' lang='lat' dir='ltr'><strong>dico</strong></span> <span class='ocrx_word' id='word_1_108' title='bbox 647 2469 804 2522; x_wconf 91' lang='lat' dir='ltr'><strong>enim</strong></span> <span class='ocrx_word' id='word_1_109' title='bbox 859 2467 961 2522; x_wconf 89' lang='lat' dir='ltr'><strong>tibi</strong></span> <span class='ocrx_word' id='word_1_110' title='bbox 1016 2484 1298 2538; x_wconf 89' lang='lat' dir='ltr'><strong>magnam</strong></span> <span class='ocrx_word' id='word_1_111' title='bbox 1351 2469 1686 2540; x_wconf 87' lang='lat' dir='ltr'><strong>quamdam</strong></span> <span class='ocrx_word' id='word_1_112' title='bbox 1738 2469 2125 2522; x_wconf 86' lang='lat' dir='ltr'><strong>tentationem</strong></span> 
     </span>
    </p>
   </div>
   <div class='ocr_carea' id='block_1_19' title="bbox 459 2555 1163 2612">
    <p class='ocr_par' dir='ltr' id='par_1_19' title="bbox 459 2555 1163 2612">
     <span class='ocr_line' id='line_1_19' title="bbox 459 2555 1163 2612; baseline 0.003 -2"><span class='ocrx_word' id='word_1_113' title='bbox 459 2555 803 2610; x_wconf 90' lang='lat' dir='ltr'><strong>Christianis</strong></span> <span class='ocrx_word' id='word_1_114' title='bbox 830 2556 1163 2612; x_wconf 86' lang='lat' dir='ltr'><strong>imminere.</strong></span> 
     </span>
    </p>
   </div>
   <div class='ocr_carea' id='block_1_20' title="bbox 533 2644 2129 2715">
    <p class='ocr_par' dir='ltr' id='par_1_20' title="bbox 533 2644 2129 2715">
     <span class='ocr_line' id='line_1_20' title="bbox 533 2644 2129 2715; baseline 0.001 -17"><span class='ocrx_word' id='word_1_115' title='bbox 533 2645 599 2701; x_wconf 92' lang='lat' dir='ltr'><strong>ll.</strong></span> <span class='ocrx_word' id='word_1_116' title='bbox 622 2645 1160 2712; x_wconf 86' lang='lat' dir='ltr'><strong>ViditAurelianus,</strong></span> <span class='ocrx_word' id='word_1_117' title='bbox 1177 2663 1315 2701; x_wconf 90' lang='lat' dir='ltr'><strong>cum</strong></span> <span class='ocrx_word' id='word_1_118' title='bbox 1331 2646 1545 2702; x_wconf 86' lang='lat' dir='ltr'><strong>Paulus</strong></span> <span class='ocrx_word' id='word_1_119' title='bbox 1561 2646 1770 2701; x_wconf 78' lang='lat' dir='ltr'><strong>Christi</strong></span> <span class='ocrx_word' id='word_1_120' title='bbox 1785 2646 1954 2715; x_wconf 87' lang='lat' dir='ltr'><strong>signo</strong></span> <span class='ocrx_word' id='word_1_121' title='bbox 1973 2644 2129 2701; x_wconf 89' lang='lat' dir='ltr'><strong>fron-</strong></span> 
     </span>
    </p>
   </div>
   <div class='ocr_carea' id='block_1_21' title="bbox 460 2735 2122 2808">
    <p class='ocr_par' dir='ltr' id='par_1_21' title="bbox 460 2735 2122 2808">
     <span class='ocr_line' id='line_1_21' title="bbox 460 2735 2122 2808; baseline 0.001 -20"><span class='ocrx_word' id='word_1_122' title='bbox 460 2738 578 2788; x_wconf 90' lang='lat' dir='ltr'><strong>tem</strong></span> <span class='ocrx_word' id='word_1_123' title='bbox 607 2736 849 2798; x_wconf 87' lang='lat' dir='ltr'><strong>notavit,</strong></span> <span class='ocrx_word' id='word_1_124' title='bbox 879 2741 934 2790; x_wconf 92' lang='lat' dir='ltr'><strong>et</strong></span> <span class='ocrx_word' id='word_1_125' title='bbox 976 2736 1133 2791; x_wconf 89' lang='lat' dir='ltr'><strong>misit</strong></span> <span class='ocrx_word' id='word_1_126' title='bbox 1163 2737 1263 2808; x_wconf 93' lang='lat' dir='ltr'><strong>qui</strong></span> <span class='ocrx_word' id='word_1_127' title='bbox 1307 2735 1470 2790; x_wconf 92' lang='lat' dir='ltr'><strong>illum</strong></span> <span class='ocrx_word' id='word_1_128' title='bbox 1521 2737 1900 2806; x_wconf 84' lang='lat' dir='ltr'><strong>corriperent.</strong></span> <span class='ocrx_word' id='word_1_129' title='bbox 1940 2735 2122 2802; x_wconf 91' lang='lat' dir='ltr'><strong>Quem</strong></span> 
     </span>
    </p>
   </div>
   <div class='ocr_carea' id='block_1_22' title="bbox 459 2823 2127 2893">
    <p class='ocr_par' dir='ltr' id='par_1_22' title="bbox 459 2823 2127 2893">
     <span class='ocr_line' id='line_1_22' title="bbox 459 2823 2127 2893; baseline 0.001 -16"><span class='ocrx_word' id='word_1_130' title='bbox 459 2838 597 2878; x_wconf 91' lang='lat' dir='ltr'><strong>cum</strong></span> <span class='ocrx_word' id='word_1_131' title='bbox 625 2823 684 2878; x_wconf 91' lang='lat' dir='ltr'><strong>in</strong></span> <span class='ocrx_word' id='word_1_132' title='bbox 714 2824 910 2880; x_wconf 90' lang='lat' dir='ltr'><strong>media</strong></span> <span class='ocrx_word' id='word_1_133' title='bbox 943 2825 1116 2880; x_wconf 88' lang='lat' dir='ltr'><strong>turba</strong></span> <span class='ocrx_word' id='word_1_134' title='bbox 1145 2831 1301 2880; x_wconf 89' lang='lat' dir='ltr'><strong>stare</strong></span> <span class='ocrx_word' id='word_1_135' title='bbox 1336 2824 1623 2893; x_wconf 87' lang='lat' dir='ltr'><strong>jussisset,</strong></span> <span class='ocrx_word' id='word_1_136' title='bbox 1650 2825 1996 2891; x_wconf 89' lang='lat' dir='ltr'><strong>Miserrime,</strong></span> <span class='ocrx_word' id='word_1_137' title='bbox 2037 2825 2127 2879; x_wconf 88' lang='lat' dir='ltr'><strong>in-</strong></span> 
     </span>
    </p>
   </div>
   <div class='ocr_carea' id='block_1_23' title="bbox 2227 1660 3906 1738">
    <p class='ocr_par' dir='ltr' id='par_1_23' title="bbox 2227 1660 3906 1738">
     <span class='ocr_line' id='line_1_23' title="bbox 2227 1660 3906 1738; baseline -0.003 -19"><span class='ocrx_word' id='word_1_138' title='bbox 2227 1666 2556 1731; x_wconf 85' lang='lat' dir='ltr'><strong>rubini,aut</strong></span> <span class='ocrx_word' id='word_1_139' title='bbox 2575 1667 3019 1738; x_wconf 90' lang='lat' dir='ltr'><strong>Seraphini,nisi</strong></span> <span class='ocrx_word' id='word_1_140' title='bbox 3047 1665 3396 1721; x_wconf 87' lang='lat' dir='ltr'><strong>Patersolus</strong></span> <span class='ocrx_word' id='word_1_141' title='bbox 3417 1682 3432 1733; x_wconf 86' lang='lat'><strong>;</strong></span> <span class='ocrx_word' id='word_1_142' title='bbox 3457 1660 3906 1733; x_wconf 82' lang='lat' dir='ltr'><strong>tu,inquam,af-</strong></span> 
     </span>
    </p>
   </div>
   <div class='ocr_carea' id='block_1_24' title="bbox 2228 1749 3902 1826">
    <p class='ocr_par' dir='ltr' id='par_1_24' title="bbox 2228 1749 3902 1826">
     <span class='ocr_line' id='line_1_24' title="bbox 2228 1749 3902 1826; baseline -0.003 -19"><span class='ocrx_word' id='word_1_143' title='bbox 2228 1753 2379 1809; x_wconf 84' lang='lat' dir='ltr'><strong>feras</strong></span> <span class='ocrx_word' id='word_1_144' title='bbox 2397 1772 2564 1826; x_wconf 91' lang='lat' dir='ltr'><strong>opem</strong></span> <span class='ocrx_word' id='word_1_145' title='bbox 2582 1757 2716 1810; x_wconf 90' lang='lat' dir='ltr'><strong>mihi</strong></span> <span class='ocrx_word' id='word_1_146' title='bbox 2737 1757 2936 1810; x_wconf 90' lang='lat' dir='ltr'><strong>humili</strong></span> <span class='ocrx_word' id='word_1_147' title='bbox 2956 1762 3010 1811; x_wconf 92' lang='lat' dir='ltr'><strong>et</strong></span> <span class='ocrx_word' id='word_1_148' title='bbox 3025 1756 3248 1826; x_wconf 87' lang='lat' dir='ltr'><strong>ahjecto</strong></span> <span class='ocrx_word' id='word_1_149' title='bbox 3261 1754 3564 1823; x_wconf 36' lang='lat' dir='ltr'><strong>servoituo</strong></span> <span class='ocrx_word' id='word_1_150' title='bbox 3585 1759 3726 1807; x_wconf 85' lang='lat' dir='ltr'><strong>etex</strong></span> <span class='ocrx_word' id='word_1_151' title='bbox 3743 1749 3902 1804; x_wconf 88' lang='lat' dir='ltr'><strong>mani-</strong></span> 
     </span>
    </p>
   </div>
   <div class='ocr_carea' id='block_1_25' title="bbox 2229 1841 3906 1914">
    <p class='ocr_par' dir='ltr' id='par_1_25' title="bbox 2229 1841 3906 1914">
     <span class='ocr_line' id='line_1_25' title="bbox 2229 1841 3906 1914; baseline -0.004 -16"><span class='ocrx_word' id='word_1_152' title='bbox 2229 1844 2644 1900; x_wconf 87' lang='lat' dir='ltr'><strong>Abusureliani</strong></span> <span class='ocrx_word' id='word_1_153' title='bbox 2659 1862 2750 1899; x_wconf 92' lang='lat' dir='ltr'><strong>me</strong></span> <span class='ocrx_word' id='word_1_154' title='bbox 2765 1845 3158 1900; x_wconf 88' lang='lat' dir='ltr'><strong>liberes.Deus</strong></span> <span class='ocrx_word' id='word_1_155' title='bbox 3173 1849 3376 1899; x_wconf 89' lang='lat' dir='ltr'><strong>autem</strong></span> <span class='ocrx_word' id='word_1_156' title='bbox 3396 1843 3685 1914; x_wconf 86' lang='lat' dir='ltr'><strong>protinus</strong></span> <span class='ocrx_word' id='word_1_157' title='bbox 3701 1841 3779 1894; x_wconf 90' lang='lat' dir='ltr'><strong>ita</strong></span> <span class='ocrx_word' id='word_1_158' title='bbox 3791 1854 3906 1893; x_wconf 86' lang='lat' dir='ltr'><strong>cru-</strong></span> 
     </span>
    </p>
   </div>
   <div class='ocr_carea' id='block_1_26' title="bbox 2229 1929 3899 1997">
    <p class='ocr_par' dir='ltr' id='par_1_26' title="bbox 2229 1929 3899 1997">
     <span class='ocr_line' id='line_1_26' title="bbox 2229 1929 3899 1997; baseline -0.005 -9"><span class='ocrx_word' id='word_1_159' title='bbox 2229 1933 2560 1989; x_wconf 91' lang='lat' dir='ltr'><strong>ciatusillos</strong></span> <span class='ocrx_word' id='word_1_160' title='bbox 2581 1934 2738 1989; x_wconf 89' lang='lat' dir='ltr'><strong>leves</strong></span> <span class='ocrx_word' id='word_1_161' title='bbox 2752 1935 2959 1997; x_wconf 70' lang='lat' dir='ltr'><strong>etfecit,</strong></span> <span class='ocrx_word' id='word_1_162' title='bbox 2986 1941 3048 1989; x_wconf 90' lang='lat' dir='ltr'><strong>ut</strong></span> <span class='ocrx_word' id='word_1_163' title='bbox 3067 1935 3272 1989; x_wconf 90' lang='lat' dir='ltr'><strong>beatus</strong></span> <span class='ocrx_word' id='word_1_164' title='bbox 3294 1931 3522 1988; x_wconf 86' lang='lat' dir='ltr'><strong>Paulus</strong></span> <span class='ocrx_word' id='word_1_165' title='bbox 3548 1929 3628 1986; x_wconf 92' lang='lat' dir='ltr'><strong>nil</strong></span> <span class='ocrx_word' id='word_1_166' title='bbox 3650 1930 3899 1984; x_wconf 84' lang='lat' dir='ltr'><strong>sentiret.</strong></span> 
     </span>
    </p>
   </div>
   <div class='ocr_carea' id='block_1_27' title="bbox 2303 2016 3902 2094">
    <p class='ocr_par' dir='ltr' id='par_1_27' title="bbox 2303 2016 3902 2094">
     <span class='ocr_line' id='line_1_27' title="bbox 2303 2016 3902 2094; baseline -0.004 -18"><span class='ocrx_word' id='word_1_167' title='bbox 2303 2022 2391 2076; x_wconf 88' lang='lat' dir='ltr'><strong>lV.</strong></span> <span class='ocrx_word' id='word_1_168' title='bbox 2428 2025 2644 2079; x_wconf 89' lang='lat' dir='ltr'><strong>Sancta</strong></span> <span class='ocrx_word' id='word_1_169' title='bbox 2671 2039 2810 2078; x_wconf 89' lang='lat' dir='ltr'><strong>vero</strong></span> <span class='ocrx_word' id='word_1_170' title='bbox 2837 2024 3042 2080; x_wconf 84' lang='lat' dir='ltr'><strong>Christi</strong></span> <span class='ocrx_word' id='word_1_171' title='bbox 3079 2038 3303 2094; x_wconf 90' lang='lat' dir='ltr'><strong>sponsa</strong></span> <span class='ocrx_word' id='word_1_172' title='bbox 3332 2023 3605 2085; x_wconf 85' lang='lat' dir='ltr'><strong>Juliana,</strong></span> <span class='ocrx_word' id='word_1_173' title='bbox 3631 2033 3770 2073; x_wconf 90' lang='lat' dir='ltr'><strong>cum</strong></span> <span class='ocrx_word' id='word_1_174' title='bbox 3802 2016 3902 2070; x_wconf 85' lang='lat' dir='ltr'><strong>fra-</strong></span> 
     </span>
    </p>
   </div>
   <div class='ocr_carea' id='block_1_28' title="bbox 2231 2104 3892 2175">
    <p class='ocr_par' dir='ltr' id='par_1_28' title="bbox 2231 2104 3892 2175">
     <span class='ocr_line' id='line_1_28' title="bbox 2231 2104 3892 2175; baseline -0.001 -9"><span class='ocrx_word' id='word_1_175' title='bbox 2231 2117 2380 2166; x_wconf 90' lang='lat' dir='ltr'><strong>trem</strong></span> <span class='ocrx_word' id='word_1_176' title='bbox 2403 2129 2578 2168; x_wconf 90' lang='lat' dir='ltr'><strong>suum</strong></span> <span class='ocrx_word' id='word_1_177' title='bbox 2598 2113 2678 2167; x_wconf 88' lang='lat' dir='ltr'><strong>ita</strong></span> <span class='ocrx_word' id='word_1_178' title='bbox 2691 2112 2938 2167; x_wconf 90' lang='lat' dir='ltr'><strong>cruciari</strong></span> <span class='ocrx_word' id='word_1_179' title='bbox 2960 2113 3220 2175; x_wconf 88' lang='lat' dir='ltr'><strong>vidisset,</strong></span> <span class='ocrx_word' id='word_1_180' title='bbox 3237 2110 3513 2166; x_wconf 85' lang='lat' dir='ltr'><strong>cucurrit</strong></span> <span class='ocrx_word' id='word_1_181' title='bbox 3535 2108 3614 2163; x_wconf 89' lang='lat' dir='ltr'><strong>ad</strong></span> <span class='ocrx_word' id='word_1_182' title='bbox 3634 2104 3892 2165; x_wconf 85' lang='lat' dir='ltr'><strong>tribunal.</strong></span> 
     </span>
    </p>
   </div>
   <div class='ocr_carea' id='block_1_29' title="bbox 2234 2199 3896 2270">
    <p class='ocr_par' dir='ltr' id='par_1_29' title="bbox 2234 2199 3896 2270">
     <span class='ocr_line' id='line_1_29' title="bbox 2234 2199 3896 2270; baseline -0.006 -13"><span class='ocrx_word' id='word_1_183' title='bbox 2234 2208 2446 2257; x_wconf 86' lang='lat' dir='ltr'><strong>etvoce</strong></span> <span class='ocrx_word' id='word_1_184' title='bbox 2462 2217 2683 2270; x_wconf 86' lang='lat' dir='ltr'><strong>magna</strong></span> <span class='ocrx_word' id='word_1_185' title='bbox 2706 2201 2971 2256; x_wconf 90' lang='lat' dir='ltr'><strong>clamans</strong></span> <span class='ocrx_word' id='word_1_186' title='bbox 3003 2201 3370 2265; x_wconf 87' lang='lat' dir='ltr'><strong>:Aureliane,</strong></span> <span class='ocrx_word' id='word_1_187' title='bbox 3404 2199 3896 2270; x_wconf 82' lang='lat' dir='ltr'><strong>inquit.tyranne,</strong></span> 
     </span>
    </p>
   </div>
   <div class='ocr_carea' id='block_1_30' title="bbox 2236 2289 3898 2349">
    <p class='ocr_par' dir='ltr' id='par_1_30' title="bbox 2236 2289 3898 2349">
     <span class='ocr_line' id='line_1_30' title="bbox 2236 2289 3898 2349; baseline -0.006 -3"><span class='ocrx_word' id='word_1_188' title='bbox 2236 2308 2340 2346; x_wconf 91' lang='lat' dir='ltr'><strong>cur</strong></span> <span class='ocrx_word' id='word_1_189' title='bbox 2373 2297 2454 2346; x_wconf 83' lang='lat' dir='ltr'><strong>ita</strong></span> <span class='ocrx_word' id='word_1_190' title='bbox 2474 2291 2790 2345; x_wconf 83' lang='lat' dir='ltr'><strong>crudeliter</strong></span> <span class='ocrx_word' id='word_1_191' title='bbox 2821 2291 3065 2349; x_wconf 83' lang='lat' dir='ltr'><strong>fratrem</strong></span> <span class='ocrx_word' id='word_1_192' title='bbox 3095 2305 3296 2344; x_wconf 92' lang='lat' dir='ltr'><strong>meum</strong></span> <span class='ocrx_word' id='word_1_193' title='bbox 3340 2289 3734 2342; x_wconf 89' lang='lat' dir='ltr'><strong>innocentem</strong></span> <span class='ocrx_word' id='word_1_194' title='bbox 3785 2298 3898 2337; x_wconf 89' lang='lat' dir='ltr'><strong>cru-</strong></span> 
     </span>
    </p>
   </div>
   <div class='ocr_carea' id='block_1_31' title="bbox 2236 2371 3898 2448">
    <p class='ocr_par' dir='ltr' id='par_1_31' title="bbox 2236 2371 3898 2448">
     <span class='ocr_line' id='line_1_31' title="bbox 2236 2371 3898 2448; baseline -0.007 -12"><span class='ocrx_word' id='word_1_195' title='bbox 2236 2382 2358 2436; x_wconf 88' lang='lat' dir='ltr'><strong>cias</strong></span> <span class='ocrx_word' id='word_1_196' title='bbox 2379 2380 2405 2436; x_wconf 86' lang='lat'><strong>?</strong></span> <span class='ocrx_word' id='word_1_197' title='bbox 2423 2380 2570 2434; x_wconf 89' lang='lat' dir='ltr'><strong>Tum</strong></span> <span class='ocrx_word' id='word_1_198' title='bbox 2596 2380 2948 2434; x_wconf 86' lang='lat' dir='ltr'><strong>Aurelianus</strong></span> <span class='ocrx_word' id='word_1_199' title='bbox 2971 2396 2984 2433; x_wconf 92' lang='lat'>:</span> <span class='ocrx_word' id='word_1_200' title='bbox 3008 2379 3263 2448; x_wconf 90' lang='lat' dir='ltr'><strong>Detegite</strong></span> <span class='ocrx_word' id='word_1_201' title='bbox 3293 2394 3439 2433; x_wconf 87' lang='lat' dir='ltr'><strong>mox</strong></span> <span class='ocrx_word' id='word_1_202' title='bbox 3462 2375 3638 2430; x_wconf 89' lang='lat' dir='ltr'><strong>istius</strong></span> <span class='ocrx_word' id='word_1_203' title='bbox 3654 2371 3898 2428; x_wconf 88' lang='lat' dir='ltr'><strong>mulieris</strong></span> 
     </span>
    </p>
   </div>
   <div class='ocr_carea' id='block_1_32' title="bbox 2239 2461 3896 2541">
    <p class='ocr_par' dir='ltr' id='par_1_32' title="bbox 2239 2461 3896 2541">
     <span class='ocr_line' id='line_1_32' title="bbox 2239 2461 3896 2541; baseline -0.006 -17"><span class='ocrx_word' id='word_1_204' title='bbox 2239 2477 2438 2541; x_wconf 89' lang='lat' dir='ltr'><strong>caput,</strong></span> <span class='ocrx_word' id='word_1_205' title='bbox 2461 2475 2519 2524; x_wconf 93' lang='lat' dir='ltr'><strong>et</strong></span> <span class='ocrx_word' id='word_1_206' title='bbox 2547 2469 2675 2540; x_wconf 85' lang='lat' dir='ltr'><strong>ejus</strong></span> <span class='ocrx_word' id='word_1_207' title='bbox 2708 2485 2894 2538; x_wconf 80' lang='lat' dir='ltr'><strong>genas</strong></span> <span class='ocrx_word' id='word_1_208' title='bbox 2935 2468 3316 2524; x_wconf 87' lang='lat' dir='ltr'><strong>vehementer</strong></span> <span class='ocrx_word' id='word_1_209' title='bbox 3362 2466 3678 2539; x_wconf 86' lang='lat' dir='ltr'><strong>percutite,</strong></span> <span class='ocrx_word' id='word_1_210' title='bbox 3722 2478 3792 2517; x_wconf 93' lang='lat' dir='ltr'><strong>ne</strong></span> <span class='ocrx_word' id='word_1_211' title='bbox 3822 2461 3896 2514; x_wconf 88' lang='lat' dir='ltr'><strong>sic</strong></span> 
     </span>
    </p>
   </div>
   <div class='ocr_carea' id='block_1_33' title="bbox 2239 2550 3896 2629">
    <p class='ocr_par' dir='ltr' id='par_1_33' title="bbox 2239 2550 3896 2629">
     <span class='ocr_line' id='line_1_33' title="bbox 2239 2550 3896 2629; baseline -0.008 -14"><span class='ocrx_word' id='word_1_212' title='bbox 2239 2566 2447 2615; x_wconf 84' lang='lat' dir='ltr'><strong>temere</strong></span> <span class='ocrx_word' id='word_1_213' title='bbox 2469 2559 2743 2629; x_wconf 90' lang='lat' dir='ltr'><strong>loquatur</strong></span> <span class='ocrx_word' id='word_1_214' title='bbox 2777 2575 2789 2624; x_wconf 92' lang='lat'>;</span> <span class='ocrx_word' id='word_1_215' title='bbox 2824 2559 3000 2613; x_wconf 89' lang='lat' dir='ltr'><strong>istum</strong></span> <span class='ocrx_word' id='word_1_216' title='bbox 3052 2573 3193 2612; x_wconf 90' lang='lat' dir='ltr'><strong>vero</strong></span> <span class='ocrx_word' id='word_1_217' title='bbox 3245 2556 3554 2613; x_wconf 80' lang='lat' dir='ltr'><strong>nefarium</strong></span> <span class='ocrx_word' id='word_1_218' title='bbox 3604 2550 3896 2608; x_wconf 88' lang='lat' dir='ltr'><strong>hominem</strong></span> 
     </span>
    </p>
   </div>
   <div class='ocr_carea' id='block_1_34' title="bbox 2239 2639 3892 2717">
    <p class='ocr_par' dir='ltr' id='par_1_34' title="bbox 2239 2639 3892 2717">
     <span class='ocr_line' id='line_1_34' title="bbox 2239 2639 3892 2717; baseline -0.007 -15"><span class='ocrx_word' id='word_1_219' title='bbox 2239 2653 2577 2702; x_wconf 91' lang='lat' dir='ltr'><strong>constanter</strong></span> <span class='ocrx_word' id='word_1_220' title='bbox 2599 2647 2878 2710; x_wconf 87' lang='lat' dir='ltr'><strong>cruciate,</strong></span> <span class='ocrx_word' id='word_1_221' title='bbox 2907 2662 2977 2702; x_wconf 91' lang='lat' dir='ltr'><strong>eo</strong></span> <span class='ocrx_word' id='word_1_222' title='bbox 3021 2646 3184 2717; x_wconf 91' lang='lat' dir='ltr'><strong>quod</strong></span> <span class='ocrx_word' id='word_1_223' title='bbox 3224 2645 3469 2710; x_wconf 90' lang='lat' dir='ltr'><strong>Christi,</strong></span> <span class='ocrx_word' id='word_1_224' title='bbox 3521 2657 3704 2715; x_wconf 91' lang='lat' dir='ltr'><strong>quem</strong></span> <span class='ocrx_word' id='word_1_225' title='bbox 3747 2639 3892 2700; x_wconf 90' lang='lat' dir='ltr'><strong>dicit,</strong></span> 
     </span>
    </p>
   </div>
   <div class='ocr_carea' id='block_1_35' title="bbox 2238 2726 3897 2808">
    <p class='ocr_par' dir='ltr' id='par_1_35' title="bbox 2238 2726 3897 2808">
     <span class='ocr_line' id='line_1_35' title="bbox 2238 2726 3897 2808; baseline -0.008 -15"><span class='ocrx_word' id='word_1_226' title='bbox 2238 2737 2637 2808; x_wconf 89' lang='lat' dir='ltr'><strong>patrocinium</strong></span> <span class='ocrx_word' id='word_1_227' title='bbox 2691 2742 2747 2791; x_wconf 90' lang='lat' dir='ltr'><strong>et</strong></span> <span class='ocrx_word' id='word_1_228' title='bbox 2805 2737 3222 2806; x_wconf 89' lang='lat' dir='ltr'><strong>adjumentum</strong></span> <span class='ocrx_word' id='word_1_229' title='bbox 3252 2751 3316 2789; x_wconf 93' lang='lat' dir='ltr'><strong>se</strong></span> <span class='ocrx_word' id='word_1_230' title='bbox 3349 2734 3585 2789; x_wconf 89' lang='lat' dir='ltr'><strong>habere</strong></span> <span class='ocrx_word' id='word_1_231' title='bbox 3627 2730 3723 2784; x_wconf 89' lang='lat' dir='ltr'><strong>ait.</strong></span> <span class='ocrx_word' id='word_1_232' title='bbox 3766 2726 3897 2783; x_wconf 81' lang='lat' dir='ltr'><strong>Risit</strong></span> 
     </span>
    </p>
   </div>
   <div class='ocr_carea' id='block_1_36' title="bbox 2236 2823 3892 2896">
    <p class='ocr_par' dir='ltr' id='par_1_36' title="bbox 2236 2823 3892 2896">
     <span class='ocr_line' id='line_1_36' title="bbox 2236 2823 3892 2896; baseline -0.007 -15"><span class='ocrx_word' id='word_1_233' title='bbox 2236 2826 2563 2891; x_wconf 84' lang='lat' dir='ltr'><strong>Juliana,et</strong></span> <span class='ocrx_word' id='word_1_234' title='bbox 2593 2823 3383 2896; x_wconf 89' lang='lat' dir='ltr'><strong>:Miror,inquit,quomodo</strong></span> <span class='ocrx_word' id='word_1_235' title='bbox 3409 2824 3741 2894; x_wconf 87' lang='lat' dir='ltr'><strong>imperator</strong></span> <span class='ocrx_word' id='word_1_236' title='bbox 3769 2830 3892 2871; x_wconf 89' lang='lat' dir='ltr'><strong>cum</strong></span> 
     </span>
    </p>
   </div>
   <div class='ocr_carea' id='block_1_37' title="bbox 459 2910 3894 2986">
    <p class='ocr_par' dir='ltr' id='par_1_37' title="bbox 459 2910 3894 2986">
     <span class='ocr_line' id='line_1_37' title="bbox 459 2910 3894 2986; baseline -0.002 -21"><span class='ocrx_word' id='word_1_237' title='bbox 459 2911 606 2983; x_wconf 89' lang='lat' dir='ltr'><strong>quit,</strong></span> <span class='ocrx_word' id='word_1_238' title='bbox 635 2913 839 2978; x_wconf 91' lang='lat' dir='ltr'><strong>homo,</strong></span> <span class='ocrx_word' id='word_1_239' title='bbox 859 2913 1150 2984; x_wconf 86' lang='lat' dir='ltr'><strong>quidnam</strong></span> <span class='ocrx_word' id='word_1_240' title='bbox 1179 2914 1278 2967; x_wconf 90' lang='lat' dir='ltr'><strong>tibi</strong></span> <span class='ocrx_word' id='word_1_241' title='bbox 1300 2912 1673 2984; x_wconf 87' lang='lat' dir='ltr'><strong>proposuisti,</strong></span> <span class='ocrx_word' id='word_1_242' title='bbox 1697 2918 1757 2968; x_wconf 92' lang='lat' dir='ltr'><strong>ut</strong></span> <span class='ocrx_word' id='word_1_243' title='bbox 1791 2930 1884 2968; x_wconf 89' lang='lat' dir='ltr'><strong>me</strong></span> <span class='ocrx_word' id='word_1_244' title='bbox 1914 2914 2123 2968; x_wconf 85' lang='lat' dir='ltr'><strong>urbem</strong></span> <span class='ocrx_word' id='word_1_245' title='bbox 2162 2928 2204 2981; x_wconf 80' lang='grc' dir='ltr'>Β</span> <span class='ocrx_word' id='word_1_246' title='bbox 2237 2915 2779 2986; x_wconf 91' lang='lat' dir='ltr'><strong>sis,deliras,neque</strong></span> <span class='ocrx_word' id='word_1_247' title='bbox 2794 2914 3114 2986; x_wconf 89' lang='lat' dir='ltr'><strong>potentiam</strong></span> <span class='ocrx_word' id='word_1_248' title='bbox 3131 2910 3894 2980; x_wconf 82' lang='lat' dir='ltr'><strong>Christicognoscis,quem-</strong></span> 
     </span>
    </p>
   </div>
   <div class='ocr_carea' id='block_1_38' title="bbox 462 3001 2124 3071">
    <p class='ocr_par' dir='ltr' id='par_1_38' title="bbox 462 3001 2124 3071">
     <span class='ocr_line' id='line_1_38' title="bbox 462 3001 2124 3071; baseline 0.001 -17"><span class='ocrx_word' id='word_1_249' title='bbox 462 3001 832 3068; x_wconf 82' lang='lat' dir='ltr'><strong>ingrediente</strong></span> <span class='ocrx_word' id='word_1_250' title='bbox 878 3002 1130 3056; x_wconf 86' lang='lat' dir='ltr'><strong>frontem</strong></span> <span class='ocrx_word' id='word_1_251' title='bbox 1177 3003 1414 3070; x_wconf 88' lang='lat' dir='ltr'><strong>signare</strong></span> <span class='ocrx_word' id='word_1_252' title='bbox 1439 3002 1689 3056; x_wconf 89' lang='lat' dir='ltr'><strong>auderes</strong></span> <span class='ocrx_word' id='word_1_253' title='bbox 1719 3001 1747 3055; x_wconf 81' lang='lat'><strong>?</strong></span> <span class='ocrx_word' id='word_1_254' title='bbox 1773 3005 1859 3055; x_wconf 92' lang='lat' dir='ltr'><strong>An</strong></span> <span class='ocrx_word' id='word_1_255' title='bbox 1887 3002 2124 3071; x_wconf 89' lang='lat' dir='ltr'><strong>ignoras</strong></span> 
     </span>
    </p>
   </div>
   <div class='ocr_carea' id='block_1_39' title="bbox 463 3089 2127 3161">
    <p class='ocr_par' dir='ltr' id='par_1_39' title="bbox 463 3089 2127 3161">
     <span class='ocr_line' id='line_1_39' title="bbox 463 3089 2127 3161; baseline 0.002 -18"><span class='ocrx_word' id='word_1_256' title='bbox 463 3089 722 3144; x_wconf 91' lang='lat' dir='ltr'><strong>edictum</strong></span> <span class='ocrx_word' id='word_1_257' title='bbox 745 3094 952 3144; x_wconf 89' lang='lat' dir='ltr'><strong>contra</strong></span> <span class='ocrx_word' id='word_1_258' title='bbox 973 3091 1336 3145; x_wconf 78' lang='lat' dir='ltr'><strong>Christianos</strong></span> <span class='ocrx_word' id='word_1_259' title='bbox 1358 3090 1730 3160; x_wconf 90' lang='lat' dir='ltr'><strong>propositum</strong></span> <span class='ocrx_word' id='word_1_260' title='bbox 1748 3089 1777 3142; x_wconf 74' lang='lat' dir='ltr'><strong>‘I</strong></span> <span class='ocrx_word' id='word_1_261' title='bbox 1800 3092 2127 3161; x_wconf 82' lang='lat' dir='ltr'><strong>Respondit</strong></span> 
     </span>
    </p>
   </div>
   <div class='ocr_carea' id='block_1_40' title="bbox 464 3177 2126 3250">
    <p class='ocr_par' dir='ltr' id='par_1_40' title="bbox 464 3177 2126 3250">
     <span class='ocr_line' id='line_1_40' title="bbox 464 3177 2126 3250; baseline 0.002 -18"><span class='ocrx_word' id='word_1_262' title='bbox 464 3178 678 3232; x_wconf 86' lang='lat' dir='ltr'><strong>Paulus</strong></span> <span class='ocrx_word' id='word_1_263' title='bbox 715 3195 724 3231; x_wconf 93' lang='lat'><strong>:</strong></span> <span class='ocrx_word' id='word_1_264' title='bbox 760 3179 971 3233; x_wconf 84' lang='lat' dir='ltr'><strong>Audivi</strong></span> <span class='ocrx_word' id='word_1_265' title='bbox 1004 3178 1284 3250; x_wconf 90' lang='lat' dir='ltr'><strong>equidem</strong></span> <span class='ocrx_word' id='word_1_266' title='bbox 1317 3177 1575 3232; x_wconf 89' lang='lat' dir='ltr'><strong>edictum</strong></span> <span class='ocrx_word' id='word_1_267' title='bbox 1605 3183 1792 3242; x_wconf 90' lang='lat' dir='ltr'><strong>tuum,</strong></span> <span class='ocrx_word' id='word_1_268' title='bbox 1824 3179 1928 3233; x_wconf 91' lang='lat' dir='ltr'><strong>sed</strong></span> <span class='ocrx_word' id='word_1_269' title='bbox 1949 3194 2126 3235; x_wconf 91' lang='lat' dir='ltr'><strong>nemo</strong></span> 
     </span>
    </p>
   </div>
   <div class='ocr_carea' id='block_1_41' title="bbox 466 3267 2127 3338">
    <p class='ocr_par' dir='ltr' id='par_1_41' title="bbox 466 3267 2127 3338">
     <span class='ocr_line' id='line_1_41' title="bbox 466 3267 2127 3338; baseline 0.002 -18"><span class='ocrx_word' id='word_1_270' title='bbox 466 3282 734 3338; x_wconf 87' lang='lat' dir='ltr'><strong>unquam</strong></span> <span class='ocrx_word' id='word_1_271' title='bbox 765 3268 979 3337; x_wconf 91' lang='lat' dir='ltr'><strong>poterit</strong></span> <span class='ocrx_word' id='word_1_272' title='bbox 1005 3272 1240 3323; x_wconf 90' lang='lat' dir='ltr'><strong>tantum</strong></span> <span class='ocrx_word' id='word_1_273' title='bbox 1273 3267 1545 3322; x_wconf 90' lang='lat' dir='ltr'><strong>timorem</strong></span> <span class='ocrx_word' id='word_1_274' title='bbox 1585 3267 1762 3322; x_wconf 87' lang='lat' dir='ltr'><strong>nobis</strong></span> <span class='ocrx_word' id='word_1_275' title='bbox 1784 3268 2043 3338; x_wconf 90' lang='lat' dir='ltr'><strong>injicere,</strong></span> <span class='ocrx_word' id='word_1_276' title='bbox 2068 3274 2127 3325; x_wconf 92' lang='lat' dir='ltr'><strong>ut</strong></span> 
     </span>
    </p>
   </div>
   <div class='ocr_carea' id='block_1_42' title="bbox 465 3356 2124 3424">
    <p class='ocr_par' dir='ltr' id='par_1_42' title="bbox 465 3356 2124 3424">
     <span class='ocr_line' id='line_1_42' title="bbox 465 3356 2124 3424; baseline 0.002 -14"><span class='ocrx_word' id='word_1_277' title='bbox 465 3356 758 3411; x_wconf 88' lang='lat' dir='ltr'><strong>Christum</strong></span> <span class='ocrx_word' id='word_1_278' title='bbox 818 3373 1025 3412; x_wconf 89' lang='lat' dir='ltr'><strong>verum</strong></span> <span class='ocrx_word' id='word_1_279' title='bbox 1083 3359 1266 3411; x_wconf 90' lang='lat' dir='ltr'><strong>Deum</strong></span> <span class='ocrx_word' id='word_1_280' title='bbox 1313 3356 1683 3424; x_wconf 90' lang='lat' dir='ltr'><strong>abnegemus</strong></span> <span class='ocrx_word' id='word_1_281' title='bbox 1715 3363 1924 3424; x_wconf 90' lang='lat' dir='ltr'><strong>tuam;</strong></span> <span class='ocrx_word' id='word_1_282' title='bbox 1967 3358 2124 3413; x_wconf 91' lang='lat' dir='ltr'><strong>enim</strong></span> 
     </span>
    </p>
   </div>
   <div class='ocr_carea' id='block_1_43' title="bbox 467 3444 2128 3517">
    <p class='ocr_par' dir='ltr' id='par_1_43' title="bbox 467 3444 2128 3517">
     <span class='ocr_line' id='line_1_43' title="bbox 467 3444 2128 3517; baseline 0.002 -17"><span class='ocrx_word' id='word_1_283' title='bbox 467 3449 758 3500; x_wconf 89' lang='lat' dir='ltr'><strong>tormenta</strong></span> <span class='ocrx_word' id='word_1_284' title='bbox 782 3445 982 3500; x_wconf 87' lang='lat' dir='ltr'><strong>brevia</strong></span> <span class='ocrx_word' id='word_1_285' title='bbox 1016 3450 1173 3510; x_wconf 90' lang='lat' dir='ltr'><strong>sunt,</strong></span> <span class='ocrx_word' id='word_1_286' title='bbox 1214 3460 1410 3516; x_wconf 87' lang='lat' dir='ltr'><strong>neque</strong></span> <span class='ocrx_word' id='word_1_287' title='bbox 1453 3459 1555 3498; x_wconf 91' lang='lat' dir='ltr'><strong>eos</strong></span> <span class='ocrx_word' id='word_1_288' title='bbox 1593 3444 1811 3501; x_wconf 56' lang='lat' dir='ltr'><strong>laedere</strong></span> <span class='ocrx_word' id='word_1_289' title='bbox 1853 3451 2128 3517; x_wconf 69' lang='lat' dir='ltr'><strong>possunt,</strong></span> 
     </span>
    </p>
   </div>
   <div class='ocr_carea' id='block_1_44' title="bbox 464 3534 2133 3606">
    <p class='ocr_par' dir='ltr' id='par_1_44' title="bbox 464 3534 2133 3606">
     <span class='ocr_line' id='line_1_44' title="bbox 464 3534 2133 3606; baseline 0.001 -18"><span class='ocrx_word' id='word_1_290' title='bbox 464 3534 567 3605; x_wconf 90' lang='lat' dir='ltr'><strong>qui</strong></span> <span class='ocrx_word' id='word_1_291' title='bbox 593 3534 777 3588; x_wconf 91' lang='lat' dir='ltr'><strong>Deum</strong></span> <span class='ocrx_word' id='word_1_292' title='bbox 804 3539 1095 3589; x_wconf 91' lang='lat' dir='ltr'><strong>metuunt.</strong></span> <span class='ocrx_word' id='word_1_293' title='bbox 1152 3536 1220 3589; x_wconf 90' lang='lat' dir='ltr'><strong>At</strong></span> <span class='ocrx_word' id='word_1_294' title='bbox 1276 3534 1374 3589; x_wconf 91' lang='lat' dir='ltr'><strong>Dei</strong></span> <span class='ocrx_word' id='word_1_295' title='bbox 1411 3539 1726 3599; x_wconf 90' lang='lat' dir='ltr'><strong>tormenta,</strong></span> <span class='ocrx_word' id='word_1_296' title='bbox 1774 3537 2133 3606; x_wconf 90' lang='lat' dir='ltr'><strong>sempiterna</strong></span> 
     </span>
    </p>
   </div>
   <div class='ocr_carea' id='block_1_45' title="bbox 465 3622 2133 3696">
    <p class='ocr_par' dir='ltr' id='par_1_45' title="bbox 465 3622 2133 3696">
     <span class='ocr_line' id='line_1_45' title="bbox 465 3622 2133 3696; baseline 0.001 -20"><span class='ocrx_word' id='word_1_297' title='bbox 465 3622 563 3678; x_wconf 91' lang='lat' dir='ltr'><strong>illa</strong></span> <span class='ocrx_word' id='word_1_298' title='bbox 581 3629 738 3678; x_wconf 90' lang='lat' dir='ltr'><strong>sunt.</strong></span> <span class='ocrx_word' id='word_1_299' title='bbox 761 3624 980 3679; x_wconf 90' lang='lat' dir='ltr'><strong>Eodem</strong></span> <span class='ocrx_word' id='word_1_300' title='bbox 998 3624 1178 3679; x_wconf 88' lang='lat' dir='ltr'><strong>modo</strong></span> <span class='ocrx_word' id='word_1_301' title='bbox 1197 3623 1467 3694; x_wconf 88' lang='lat' dir='ltr'><strong>voluptas</strong></span> <span class='ocrx_word' id='word_1_302' title='bbox 1481 3629 1535 3676; x_wconf 89' lang='lat' dir='ltr'><strong>et</strong></span> <span class='ocrx_word' id='word_1_303' title='bbox 1549 3622 1953 3696; x_wconf 90' lang='lat' dir='ltr'><strong>gloria,quam</strong></span> <span class='ocrx_word' id='word_1_304' title='bbox 1976 3626 2133 3679; x_wconf 90' lang='lat' dir='ltr'><strong>Deus</strong></span> 
     </span>
    </p>
   </div>
   <div class='ocr_carea' id='block_1_46' title="bbox 463 3711 2136 3783">
    <p class='ocr_par' dir='ltr' id='par_1_46' title="bbox 463 3711 2136 3783">
     <span class='ocr_line' id='line_1_46' title="bbox 463 3711 2136 3783; baseline 0 -17"><span class='ocrx_word' id='word_1_305' title='bbox 463 3711 926 3767; x_wconf 85' lang='lat' dir='ltr'><strong>Christianorum</strong></span> <span class='ocrx_word' id='word_1_306' title='bbox 954 3713 1153 3781; x_wconf 89' lang='lat' dir='ltr'><strong>generi</strong></span> <span class='ocrx_word' id='word_1_307' title='bbox 1169 3712 1416 3782; x_wconf 89' lang='lat' dir='ltr'><strong>largitur</strong></span> <span class='ocrx_word' id='word_1_308' title='bbox 1435 3717 1654 3768; x_wconf 67' lang='lat' dir='ltr'><strong>aeterna</strong></span> <span class='ocrx_word' id='word_1_309' title='bbox 1677 3718 1781 3768; x_wconf 89' lang='lat' dir='ltr'><strong>est.</strong></span> <span class='ocrx_word' id='word_1_310' title='bbox 1800 3714 1940 3778; x_wconf 89' lang='lat' dir='ltr'><strong>Quis</strong></span> <span class='ocrx_word' id='word_1_311' title='bbox 1959 3714 2136 3783; x_wconf 90' lang='lat' dir='ltr'><strong>igitur</strong></span> 
     </span>
    </p>
   </div>
   <div class='ocr_carea' id='block_1_47' title="bbox 466 3793 2138 3873">
    <p class='ocr_par' dir='ltr' id='par_1_47' title="bbox 466 3793 2138 3873">
     <span class='ocr_line' id='line_1_47' title="bbox 466 3793 2138 3873; baseline -0.001 -17"><span class='ocrx_word' id='word_1_312' title='bbox 466 3793 578 3856; x_wconf 73' lang='lat' dir='ltr'><strong>tam</strong></span> <span class='ocrx_word' id='word_1_313' title='bbox 592 3817 802 3856; x_wconf 87' lang='lat' dir='ltr'><strong>amens</strong></span> <span class='ocrx_word' id='word_1_314' title='bbox 818 3808 907 3856; x_wconf 90' lang='lat' dir='ltr'><strong>est</strong></span> <span class='ocrx_word' id='word_1_315' title='bbox 926 3807 984 3856; x_wconf 91' lang='lat' dir='ltr'><strong>ut</strong></span> <span class='ocrx_word' id='word_1_316' title='bbox 1004 3803 1287 3857; x_wconf 87' lang='lat' dir='ltr'><strong>viventem</strong></span> <span class='ocrx_word' id='word_1_317' title='bbox 1304 3802 1480 3856; x_wconf 88' lang='lat' dir='ltr'><strong>Deum</strong></span> <span class='ocrx_word' id='word_1_318' title='bbox 1496 3800 1945 3873; x_wconf 87' lang='lat' dir='ltr'><strong>derelinquat,et</strong></span> <span class='ocrx_word' id='word_1_319' title='bbox 1960 3801 2138 3857; x_wconf 91' lang='lat' dir='ltr'><strong>surda</strong></span> 
     </span>
    </p>
   </div>
   <div class='ocr_carea' id='block_1_48' title="bbox 463 3891 2139 3964">
    <p class='ocr_par' dir='ltr' id='par_1_48' title="bbox 463 3891 2139 3964">
     <span class='ocr_line' id='line_1_48' title="bbox 463 3891 2139 3964; baseline 0.001 -18"><span class='ocrx_word' id='word_1_320' title='bbox 463 3896 643 3962; x_wconf 88' lang='lat' dir='ltr'><strong>atque</strong></span> <span class='ocrx_word' id='word_1_321' title='bbox 663 3898 828 3948; x_wconf 91' lang='lat' dir='ltr'><strong>muta</strong></span> <span class='ocrx_word' id='word_1_322' title='bbox 843 3891 956 3946; x_wconf 90' lang='lat' dir='ltr'><strong>ista</strong></span> <span class='ocrx_word' id='word_1_323' title='bbox 975 3898 1171 3948; x_wconf 89' lang='lat' dir='ltr'><strong>vestra</strong></span> <span class='ocrx_word' id='word_1_324' title='bbox 1186 3891 1347 3947; x_wconf 89' lang='lat' dir='ltr'><strong>idola</strong></span> <span class='ocrx_word' id='word_1_325' title='bbox 1368 3893 1562 3948; x_wconf 91' lang='lat' dir='ltr'><strong>colere</strong></span> <span class='ocrx_word' id='word_1_326' title='bbox 1578 3891 1867 3958; x_wconf 85' lang='lat' dir='ltr'><strong>velit,cum</strong></span> <span class='ocrx_word' id='word_1_327' title='bbox 1885 3893 2013 3964; x_wconf 90' lang='lat' dir='ltr'><strong>ipse</strong></span> <span class='ocrx_word' id='word_1_328' title='bbox 2031 3909 2139 3950; x_wconf 89' lang='lat' dir='ltr'><strong>au-</strong></span> 
     </span>
    </p>
   </div>
   <div class='ocr_carea' id='block_1_49' title="bbox 465 3980 2138 4054">
    <p class='ocr_par' dir='ltr' id='par_1_49' title="bbox 465 3980 2138 4054">
     <span class='ocr_line' id='line_1_49' title="bbox 465 3980 2138 4054; baseline 0.002 -20"><span class='ocrx_word' id='word_1_329' title='bbox 465 3984 589 4035; x_wconf 92' lang='lat' dir='ltr'><strong>ctor</strong></span> <span class='ocrx_word' id='word_1_330' title='bbox 602 3988 820 4036; x_wconf 63' lang='lat' dir='ltr'><strong>nostra;</strong></span> <span class='ocrx_word' id='word_1_331' title='bbox 838 3980 1043 4036; x_wconf 90' lang='lat' dir='ltr'><strong>salutis</strong></span> <span class='ocrx_word' id='word_1_332' title='bbox 1059 3981 1321 4037; x_wconf 89' lang='lat' dir='ltr'><strong>Christus</strong></span> <span class='ocrx_word' id='word_1_333' title='bbox 1334 3982 1500 4035; x_wconf 84' lang='lat' dir='ltr'><strong>Jesus</strong></span> <span class='ocrx_word' id='word_1_334' title='bbox 1513 3981 1727 4036; x_wconf 81' lang='lat' dir='ltr'><strong>dixerit</strong></span> <span class='ocrx_word' id='word_1_335' title='bbox 1741 3982 1758 4017; x_wconf 83' lang='grc'>¹</span> <span class='ocrx_word' id='word_1_336' title='bbox 1779 3981 2138 4054; x_wconf 84' lang='lat' dir='ltr'><strong>:Quicunque</strong></span> 
     </span>
    </p>
   </div>
   <div class='ocr_carea' id='block_1_50' title="bbox 462 4068 2136 4140">
    <p class='ocr_par' dir='ltr' id='par_1_50' title="bbox 462 4068 2136 4140">
     <span class='ocr_line' id='line_1_50' title="bbox 462 4068 2136 4140; baseline 0.003 -18"><span class='ocrx_word' id='word_1_337' title='bbox 462 4069 756 4138; x_wconf 77' lang='lat' dir='ltr'><strong>negaverit</strong></span> <span class='ocrx_word' id='word_1_338' title='bbox 790 4083 880 4125; x_wconf 90' lang='lat' dir='ltr'><strong>me</strong></span> <span class='ocrx_word' id='word_1_339' title='bbox 911 4084 1107 4124; x_wconf 81' lang='lat' dir='ltr'><strong>coram</strong></span> <span class='ocrx_word' id='word_1_340' title='bbox 1149 4068 1498 4132; x_wconf 82' lang='lat' dir='ltr'><strong>hominibus,</strong></span> <span class='ocrx_word' id='word_1_341' title='bbox 1535 4069 1752 4140; x_wconf 82' lang='lat' dir='ltr'><strong>negabo</strong></span> <span class='ocrx_word' id='word_1_342' title='bbox 1777 4076 1832 4126; x_wconf 80' lang='lat' dir='ltr'><strong>et</strong></span> <span class='ocrx_word' id='word_1_343' title='bbox 1865 4085 1969 4140; x_wconf 85' lang='lat' dir='ltr'><strong>ego</strong></span> <span class='ocrx_word' id='word_1_344' title='bbox 2005 4086 2136 4127; x_wconf 85' lang='lat' dir='ltr'><strong>eum</strong></span> 
     </span>
    </p>
   </div>
   <div class='ocr_carea' id='block_1_51' title="bbox 463 4158 1606 4228">
    <p class='ocr_par' dir='ltr' id='par_1_51' title="bbox 463 4158 1606 4228">
     <span class='ocr_line' id='line_1_51' title="bbox 463 4158 1606 4228; baseline 0.001 -16"><span class='ocrx_word' id='word_1_345' title='bbox 463 4172 665 4212; x_wconf 86' lang='lat' dir='ltr'><strong>coram</strong></span> <span class='ocrx_word' id='word_1_346' title='bbox 690 4159 927 4213; x_wconf 75' lang='lat' dir='ltr'><strong>Patrem</strong></span> <span class='ocrx_word' id='word_1_347' title='bbox 947 4173 1032 4223; x_wconf 92' lang='lat' dir='ltr'><strong>eo,</strong></span> <span class='ocrx_word' id='word_1_348' title='bbox 1063 4158 1246 4228; x_wconf 81' lang='lat' dir='ltr'><strong>quiin</strong></span> <span class='ocrx_word' id='word_1_349' title='bbox 1280 4159 1445 4214; x_wconf 72' lang='lat' dir='ltr'><strong>caelis</strong></span> <span class='ocrx_word' id='word_1_350' title='bbox 1467 4165 1555 4214; x_wconf 82' lang='lat' dir='ltr'><strong>est</strong></span> <span class='ocrx_word' id='word_1_351' title='bbox 1579 4159 1606 4213; x_wconf 78' lang='lat' dir='ltr'><strong>‘I</strong></span> 
     </span>
    </p>
   </div>
   <div class='ocr_carea' id='block_1_52' title="bbox 2235 2991 3892 3065">
    <p class='ocr_par' dir='ltr' id='par_1_52' title="bbox 2235 2991 3892 3065">
     <span class='ocr_line' id='line_1_52' title="bbox 2235 2991 3892 3065; baseline -0.008 -5"><span class='ocrx_word' id='word_1_352' title='bbox 2235 3004 2565 3060; x_wconf 87' lang='lat' dir='ltr'><strong>admodum</strong></span> <span class='ocrx_word' id='word_1_353' title='bbox 2624 3004 2845 3059; x_wconf 90' lang='lat' dir='ltr'><strong>scilicet</strong></span> <span class='ocrx_word' id='word_1_354' title='bbox 2888 3008 3182 3059; x_wconf 89' lang='lat' dir='ltr'><strong>tormenta</strong></span> <span class='ocrx_word' id='word_1_355' title='bbox 3241 3001 3332 3056; x_wconf 91' lang='lat' dir='ltr'><strong>his</strong></span> <span class='ocrx_word' id='word_1_356' title='bbox 3395 2999 3764 3060; x_wconf 90' lang='lat' dir='ltr'><strong>hominibus,</strong></span> <span class='ocrx_word' id='word_1_357' title='bbox 3802 2991 3892 3065; x_wconf 88' lang='lat' dir='ltr'><strong>qui</strong></span> 
     </span>
    </p>
   </div>
   <div class='ocr_carea' id='block_1_53' title="bbox 2236 3086 3892 3161">
    <p class='ocr_par' dir='ltr' id='par_1_53' title="bbox 2236 3086 3892 3161">
     <span class='ocr_line' id='line_1_53' title="bbox 2236 3086 3892 3161; baseline -0.01 -12"><span class='ocrx_word' id='word_1_358' title='bbox 2236 3111 2370 3150; x_wconf 91' lang='lat' dir='ltr'><strong>eum</strong></span> <span class='ocrx_word' id='word_1_359' title='bbox 2405 3095 2710 3161; x_wconf 89' lang='lat' dir='ltr'><strong>invocant,</strong></span> <span class='ocrx_word' id='word_1_360' title='bbox 2744 3093 2986 3147; x_wconf 91' lang='lat' dir='ltr'><strong>levioria</strong></span> <span class='ocrx_word' id='word_1_361' title='bbox 3026 3091 3222 3147; x_wconf 82' lang='lat' dir='ltr'><strong>efﬁcit.</strong></span> <span class='ocrx_word' id='word_1_362' title='bbox 3265 3091 3628 3146; x_wconf 89' lang='lat' dir='ltr'><strong>Aurelianus</strong></span> <span class='ocrx_word' id='word_1_363' title='bbox 3667 3086 3741 3141; x_wconf 88' lang='lat' dir='ltr'><strong>ad</strong></span> <span class='ocrx_word' id='word_1_364' title='bbox 3767 3097 3892 3137; x_wconf 89' lang='lat' dir='ltr'><strong>suos</strong></span> 
     </span>
    </p>
   </div>
   <div class='ocr_carea' id='block_1_54' title="bbox 2238 3173 3892 3248">
    <p class='ocr_par' dir='ltr' id='par_1_54' title="bbox 2238 3173 3892 3248">
     <span class='ocr_line' id='line_1_54' title="bbox 2238 3173 3892 3248; baseline -0.01 -9"><span class='ocrx_word' id='word_1_365' title='bbox 2238 3200 2583 3248; x_wconf 86' lang='lat' dir='ltr'><strong>conversus,</strong></span> <span class='ocrx_word' id='word_1_366' title='bbox 2616 3183 2764 3237; x_wconf 85' lang='lat' dir='ltr'><strong>dixit</strong></span> <span class='ocrx_word' id='word_1_367' title='bbox 2793 3199 2804 3237; x_wconf 93' lang='lat'><strong>:</strong></span> <span class='ocrx_word' id='word_1_368' title='bbox 2842 3182 3180 3237; x_wconf 88' lang='lat' dir='ltr'><strong>Muliercula</strong></span> <span class='ocrx_word' id='word_1_369' title='bbox 3201 3182 3310 3236; x_wconf 89' lang='lat' dir='ltr'><strong>ista</strong></span> <span class='ocrx_word' id='word_1_370' title='bbox 3333 3196 3409 3236; x_wconf 85' lang='lat' dir='ltr'><strong>ex</strong></span> <span class='ocrx_word' id='word_1_371' title='bbox 3437 3194 3574 3234; x_wconf 89' lang='lat' dir='ltr'><strong>mea</strong></span> <span class='ocrx_word' id='word_1_372' title='bbox 3597 3173 3892 3232; x_wconf 86' lang='lat' dir='ltr'><strong>clementia</strong></span> 
     </span>
    </p>
   </div>
   <div class='ocr_carea' id='block_1_55' title="bbox 2242 3262 3890 3342">
    <p class='ocr_par' dir='ltr' id='par_1_55' title="bbox 2242 3262 3890 3342">
     <span class='ocr_line' id='line_1_55' title="bbox 2242 3262 3890 3342; baseline -0.01 -15"><span class='ocrx_word' id='word_1_373' title='bbox 2242 3273 2530 3342; x_wconf 89' lang='lat' dir='ltr'><strong>majorem</strong></span> <span class='ocrx_word' id='word_1_374' title='bbox 2546 3271 2604 3326; x_wconf 92' lang='lat' dir='ltr'><strong>in</strong></span> <span class='ocrx_word' id='word_1_375' title='bbox 2624 3272 2867 3326; x_wconf 90' lang='lat' dir='ltr'><strong>modum</strong></span> <span class='ocrx_word' id='word_1_376' title='bbox 2885 3271 3037 3326; x_wconf 89' lang='lat' dir='ltr'><strong>elata</strong></span> <span class='ocrx_word' id='word_1_377' title='bbox 3051 3275 3135 3324; x_wconf 91' lang='lat' dir='ltr'><strong>est</strong></span> <span class='ocrx_word' id='word_1_378' title='bbox 3153 3287 3166 3336; x_wconf 90' lang='lat'>;</span> <span class='ocrx_word' id='word_1_379' title='bbox 3187 3270 3387 3340; x_wconf 87' lang='lat' dir='ltr'><strong>itaque</strong></span> <span class='ocrx_word' id='word_1_380' title='bbox 3402 3269 3571 3324; x_wconf 90' lang='lat' dir='ltr'><strong>illam</strong></span> <span class='ocrx_word' id='word_1_381' title='bbox 3588 3271 3746 3321; x_wconf 91' lang='lat' dir='ltr'><strong>torve</strong></span> <span class='ocrx_word' id='word_1_382' title='bbox 3763 3262 3890 3314; x_wconf 83' lang='lat' dir='ltr'><strong>intu&#39;</strong></span> 
     </span>
    </p>
   </div>
   <div class='ocr_carea' id='block_1_56' title="bbox 2240 3353 3889 3432">
    <p class='ocr_par' dir='ltr' id='par_1_56' title="bbox 2240 3353 3889 3432">
     <span class='ocr_line' id='line_1_56' title="bbox 2240 3353 3889 3432; baseline -0.011 -14"><span class='ocrx_word' id='word_1_383' title='bbox 2240 3378 2345 3418; x_wconf 88' lang='lat' dir='ltr'><strong>ens</strong></span> <span class='ocrx_word' id='word_1_384' title='bbox 2380 3379 2392 3416; x_wconf 90' lang='lat'><strong>:</strong></span> <span class='ocrx_word' id='word_1_385' title='bbox 2428 3361 2666 3424; x_wconf 84' lang='lat' dir='ltr'><strong>Accede,</strong></span> <span class='ocrx_word' id='word_1_386' title='bbox 2699 3361 2908 3432; x_wconf 91' lang='lat' dir='ltr'><strong>inquit,</strong></span> <span class='ocrx_word' id='word_1_387' title='bbox 2934 3365 2990 3414; x_wconf 91' lang='lat' dir='ltr'><strong>et</strong></span> <span class='ocrx_word' id='word_1_388' title='bbox 3014 3359 3126 3414; x_wconf 88' lang='lat' dir='ltr'><strong>diis</strong></span> <span class='ocrx_word' id='word_1_389' title='bbox 3148 3358 3421 3423; x_wconf 90' lang='lat' dir='ltr'><strong>immola,</strong></span> <span class='ocrx_word' id='word_1_390' title='bbox 3445 3371 3567 3411; x_wconf 92' lang='lat' dir='ltr'><strong>non</strong></span> <span class='ocrx_word' id='word_1_391' title='bbox 3600 3353 3752 3408; x_wconf 91' lang='lat' dir='ltr'><strong>enim</strong></span> <span class='ocrx_word' id='word_1_392' title='bbox 3778 3362 3889 3402; x_wconf 89' lang='lat' dir='ltr'><strong>ma-</strong></span> 
     </span>
    </p>
   </div>
   <div class='ocr_carea' id='block_1_57' title="bbox 2243 3437 3888 3505">
    <p class='ocr_par' dir='ltr' id='par_1_57' title="bbox 2243 3437 3888 3505">
     <span class='ocr_line' id='line_1_57' title="bbox 2243 3437 3888 3505; baseline -0.01 -1"><span class='ocrx_word' id='word_1_393' title='bbox 2243 3467 2357 3505; x_wconf 91' lang='lat' dir='ltr'><strong>nus</strong></span> <span class='ocrx_word' id='word_1_394' title='bbox 2391 3466 2556 3504; x_wconf 87' lang='lat' dir='ltr'><strong>meas</strong></span> <span class='ocrx_word' id='word_1_395' title='bbox 2591 3454 2645 3504; x_wconf 87' lang='lat' dir='ltr'><strong>te</strong></span> <span class='ocrx_word' id='word_1_396' title='bbox 2672 3465 2985 3504; x_wconf 86' lang='lat' dir='ltr'><strong>evasuram</strong></span> <span class='ocrx_word' id='word_1_397' title='bbox 3036 3447 3332 3503; x_wconf 80' lang='lat' dir='ltr'><strong>confidere</strong></span> <span class='ocrx_word' id='word_1_398' title='bbox 3390 3446 3599 3501; x_wconf 88' lang='lat' dir='ltr'><strong>debes.</strong></span> <span class='ocrx_word' id='word_1_399' title='bbox 3654 3440 3737 3496; x_wconf 90' lang='lat' dir='ltr'><strong>Ad</strong></span> <span class='ocrx_word' id='word_1_400' title='bbox 3783 3437 3888 3490; x_wconf 72' lang='lat' dir='ltr'><strong>haec</strong></span> 
     </span>
    </p>
   </div>
   <div class='ocr_carea' id='block_1_58' title="bbox 2243 3536 3888 3610">
    <p class='ocr_par' dir='ltr' id='par_1_58' title="bbox 2243 3536 3888 3610">
     <span class='ocr_line' id='line_1_58' title="bbox 2243 3536 3888 3610; baseline -0.007 -16"><span class='ocrx_word' id='word_1_401' title='bbox 2243 3539 2473 3594; x_wconf 87' lang='lat' dir='ltr'><strong>Juliana</strong></span> <span class='ocrx_word' id='word_1_402' title='bbox 2500 3555 2510 3592; x_wconf 90' lang='lat'>:</span> <span class='ocrx_word' id='word_1_403' title='bbox 2539 3539 2657 3607; x_wconf 84' lang='lat' dir='ltr'><strong>Ego</strong></span> <span class='ocrx_word' id='word_1_404' title='bbox 2681 3554 2872 3610; x_wconf 88' lang='lat' dir='ltr'><strong>neque</strong></span> <span class='ocrx_word' id='word_1_405' title='bbox 2901 3543 3000 3592; x_wconf 92' lang='lat' dir='ltr'><strong>tua</strong></span> <span class='ocrx_word' id='word_1_406' title='bbox 3023 3542 3318 3592; x_wconf 87' lang='lat' dir='ltr'><strong>tormenta</strong></span> <span class='ocrx_word' id='word_1_407' title='bbox 3341 3536 3691 3593; x_wconf 85' lang='lat' dir='ltr'><strong>extimesco,</strong></span> <span class='ocrx_word' id='word_1_408' title='bbox 3715 3536 3888 3595; x_wconf 79' lang='lat' dir='ltr'><strong>neque</strong></span> 
     </span>
    </p>
   </div>
   <div class='ocr_carea' id='block_1_59' title="bbox 2248 3612 3884 3696">
    <p class='ocr_par' dir='ltr' id='par_1_59' title="bbox 2248 3612 3884 3696">
     <span class='ocr_line' id='line_1_59' title="bbox 2248 3612 3884 3696; baseline -0.012 -13"><span class='ocrx_word' id='word_1_409' title='bbox 2248 3628 2440 3683; x_wconf 90' lang='lat' dir='ltr'><strong>minas</strong></span> <span class='ocrx_word' id='word_1_410' title='bbox 2474 3634 2604 3682; x_wconf 86' lang='lat' dir='ltr'><strong>tuas</strong></span> <span class='ocrx_word' id='word_1_411' title='bbox 2644 3629 2720 3682; x_wconf 89' lang='lat' dir='ltr'><strong>ad</strong></span> <span class='ocrx_word' id='word_1_412' title='bbox 2774 3642 2868 3681; x_wconf 92' lang='lat' dir='ltr'><strong>me</strong></span> <span class='ocrx_word' id='word_1_413' title='bbox 2903 3627 3190 3696; x_wconf 81' lang='lat' dir='ltr'><strong>pertinere</strong></span> <span class='ocrx_word' id='word_1_414' title='bbox 3242 3623 3547 3686; x_wconf 86' lang='lat' dir='ltr'><strong>arbitror;</strong></span> <span class='ocrx_word' id='word_1_415' title='bbox 3607 3623 3691 3674; x_wconf 90' lang='lat' dir='ltr'><strong>est</strong></span> <span class='ocrx_word' id='word_1_416' title='bbox 3744 3612 3884 3668; x_wconf 88' lang='lat' dir='ltr'><strong>enim</strong></span> 
     </span>
    </p>
   </div>
   <div class='ocr_carea' id='block_1_60' title="bbox 2250 3697 3885 3793">
    <p class='ocr_par' dir='ltr' id='par_1_60' title="bbox 2250 3697 3885 3793">
     <span class='ocr_line' id='line_1_60' title="bbox 2250 3697 3885 3793; baseline -0.012 -21"><span class='ocrx_word' id='word_1_417' title='bbox 2250 3721 2398 3772; x_wconf 90' lang='lat' dir='ltr'><strong>Deus</strong></span> <span class='ocrx_word' id='word_1_418' title='bbox 2431 3718 2491 3770; x_wconf 91' lang='lat' dir='ltr'><strong>in</strong></span> <span class='ocrx_word' id='word_1_419' title='bbox 2523 3716 2706 3779; x_wconf 84' lang='lat' dir='ltr'><strong>ccelis,</strong></span> <span class='ocrx_word' id='word_1_420' title='bbox 2750 3717 2851 3787; x_wconf 90' lang='lat' dir='ltr'><strong>qui</strong></span> <span class='ocrx_word' id='word_1_421' title='bbox 2880 3716 3093 3786; x_wconf 88' lang='lat' dir='ltr'><strong>poterit</strong></span> <span class='ocrx_word' id='word_1_422' title='bbox 3121 3714 3345 3784; x_wconf 90' lang='lat' dir='ltr'><strong>eripere</strong></span> <span class='ocrx_word' id='word_1_423' title='bbox 3403 3727 3516 3767; x_wconf 90' lang='lat' dir='ltr'><strong>nos</strong></span> <span class='ocrx_word' id='word_1_424' title='bbox 3549 3710 3623 3764; x_wconf 91' lang='lat' dir='ltr'><strong>de</strong></span> <span class='ocrx_word' id='word_1_425' title='bbox 3683 3697 3885 3793; x_wconf 60' lang='lat' dir='ltr'><strong>iniquis</strong></span> 
     </span>
    </p>
   </div>
   <div class='ocr_carea' id='block_1_61' title="bbox 2250 3786 3883 3884">
    <p class='ocr_par' dir='ltr' id='par_1_61' title="bbox 2250 3786 3883 3884">
     <span class='ocr_line' id='line_1_61' title="bbox 2250 3786 3883 3884; baseline -0.011 -23"><span class='ocrx_word' id='word_1_426' title='bbox 2250 3806 2525 3861; x_wconf 90' lang='lat' dir='ltr'><strong>manibus</strong></span> <span class='ocrx_word' id='word_1_427' title='bbox 2558 3806 2693 3859; x_wconf 91' lang='lat' dir='ltr'><strong>tuis.</strong></span> <span class='ocrx_word' id='word_1_428' title='bbox 2729 3786 3110 3875; x_wconf 71' lang='lat' dir='ltr'><strong>Quaecunque</strong></span> <span class='ocrx_word' id='word_1_429' title='bbox 3150 3803 3328 3870; x_wconf 89' lang='lat' dir='ltr'><strong>igitur</strong></span> <span class='ocrx_word' id='word_1_430' title='bbox 3365 3801 3562 3857; x_wconf 90' lang='lat' dir='ltr'><strong>habes</strong></span> <span class='ocrx_word' id='word_1_431' title='bbox 3596 3786 3883 3884; x_wconf 64' lang='lat' dir='ltr'><strong>torquendi</strong></span> 
     </span>
    </p>
   </div>
   <div class='ocr_carea' id='block_1_62' title="bbox 2247 3878 3883 3956">
    <p class='ocr_par' dir='ltr' id='par_1_62' title="bbox 2247 3878 3883 3956">
     <span class='ocr_line' id='line_1_62' title="bbox 2247 3878 3883 3956; baseline -0.012 -6"><span class='ocrx_word' id='word_1_432' title='bbox 2247 3896 2663 3956; x_wconf 90' lang='lat' dir='ltr'><strong>instrumenta,</strong></span> <span class='ocrx_word' id='word_1_433' title='bbox 2697 3894 2839 3948; x_wconf 90' lang='lat' dir='ltr'><strong>mihi</strong></span> <span class='ocrx_word' id='word_1_434' title='bbox 2864 3893 3214 3955; x_wconf 88' lang='lat' dir='ltr'><strong>admoveas,</strong></span> <span class='ocrx_word' id='word_1_435' title='bbox 3252 3897 3313 3946; x_wconf 90' lang='lat' dir='ltr'><strong>ut</strong></span> <span class='ocrx_word' id='word_1_436' title='bbox 3361 3906 3436 3946; x_wconf 88' lang='lat' dir='ltr'><strong>ex</strong></span> <span class='ocrx_word' id='word_1_437' title='bbox 3469 3889 3562 3945; x_wconf 89' lang='lat' dir='ltr'><strong>his</strong></span> <span class='ocrx_word' id='word_1_438' title='bbox 3614 3882 3753 3955; x_wconf 88' lang='lat' dir='ltr'><strong>ipsis</strong></span> <span class='ocrx_word' id='word_1_439' title='bbox 3799 3878 3883 3930; x_wconf 87' lang='lat' dir='ltr'><strong>Dei</strong></span> 
     </span>
    </p>
   </div>
   <div class='ocr_carea' id='block_1_63' title="bbox 2247 3972 3881 4052">
    <p class='ocr_par' dir='ltr' id='par_1_63' title="bbox 2247 3972 3881 4052">
     <span class='ocr_line' id='line_1_63' title="bbox 2247 3972 3881 4052; baseline -0.013 -12"><span class='ocrx_word' id='word_1_440' title='bbox 2247 3992 2299 4042; x_wconf 89' lang='lat' dir='ltr'><strong>et</strong></span> <span class='ocrx_word' id='word_1_441' title='bbox 2332 3983 2656 4040; x_wconf 88' lang='lat' dir='ltr'><strong>Salvatoris</strong></span> <span class='ocrx_word' id='word_1_442' title='bbox 2695 3985 2832 4037; x_wconf 91' lang='lat' dir='ltr'><strong>Jesu</strong></span> <span class='ocrx_word' id='word_1_443' title='bbox 2865 3983 3077 4038; x_wconf 90' lang='lat' dir='ltr'><strong>Christi</strong></span> <span class='ocrx_word' id='word_1_444' title='bbox 3128 3996 3305 4052; x_wconf 85' lang='lat' dir='ltr'><strong>opem</strong></span> <span class='ocrx_word' id='word_1_445' title='bbox 3353 3979 3503 4036; x_wconf 88' lang='lat' dir='ltr'><strong>mihi</strong></span> <span class='ocrx_word' id='word_1_446' title='bbox 3558 3972 3881 4047; x_wconf 76' lang='lat' dir='ltr'><strong>praesentem</strong></span> 
     </span>
    </p>
   </div>
   <div class='ocr_carea' id='block_1_64' title="bbox 2246 4089 2760 4142">
    <p class='ocr_par' dir='ltr' id='par_1_64' title="bbox 2246 4089 2760 4142">
     <span class='ocr_line' id='line_1_64' title="bbox 2246 4089 2760 4142; baseline -0.006 -12"><span class='ocrx_word' id='word_1_447' title='bbox 2246 4091 2373 4130; x_wconf 89' lang='lat' dir='ltr'><strong>esse</strong></span> <span class='ocrx_word' id='word_1_448' title='bbox 2414 4089 2760 4142; x_wconf 84' lang='lat' dir='ltr'><strong>cognoscas.</strong></span> 
     </span>
    </p>
   </div>
   <div class='ocr_carea' id='block_1_65' title="bbox 2318 4145 3876 4224">
    <p class='ocr_par' dir='ltr' id='par_1_65' title="bbox 2318 4145 3876 4224">
     <span class='ocr_line' id='line_1_65' title="bbox 2318 4145 3876 4224; baseline -0.009 -8"><span class='ocrx_word' id='word_1_449' title='bbox 2318 4164 2382 4219; x_wconf 92' lang='lat' dir='ltr'><strong>V.</strong></span> <span class='ocrx_word' id='word_1_450' title='bbox 2418 4165 2549 4218; x_wconf 72' lang='grc' dir='ltr'><strong>11ωο</strong></span> <span class='ocrx_word' id='word_1_451' title='bbox 2589 4161 2736 4216; x_wconf 84' lang='lat' dir='ltr'><strong>dixit</strong></span> <span class='ocrx_word' id='word_1_452' title='bbox 2785 4161 3036 4224; x_wconf 84' lang='lat' dir='ltr'><strong>Juliana,</strong></span> <span class='ocrx_word' id='word_1_453' title='bbox 3098 4159 3198 4213; x_wconf 91' lang='lat' dir='ltr'><strong>Cui</strong></span> <span class='ocrx_word' id='word_1_454' title='bbox 3247 4158 3641 4214; x_wconf 80' lang='lat' dir='ltr'><strong>Aurelianus:</strong></span> <span class='ocrx_word' id='word_1_455' title='bbox 3703 4145 3876 4202; x_wconf 68' lang='lat' dir='ltr'><strong>Video,</strong></span> 
     </span>
    </p>
   </div>
   <div class='ocr_carea' id='block_1_66' title="bbox 538 4231 3879 4333">
    <p class='ocr_par' dir='ltr' id='par_1_66' title="bbox 538 4231 3879 4333">
     <span class='ocr_line' id='line_1_66' title="bbox 538 4231 3879 4333; baseline -0.001 -35"><span class='ocrx_word' id='word_1_456' title='bbox 538 4246 622 4300; x_wconf 91' lang='lat' dir='ltr'><strong>Ill.</strong></span> <span class='ocrx_word' id='word_1_457' title='bbox 649 4246 873 4311; x_wconf 89' lang='lat' dir='ltr'><strong>Cernis,</strong></span> <span class='ocrx_word' id='word_1_458' title='bbox 903 4247 1113 4318; x_wconf 92' lang='lat' dir='ltr'><strong>inquit,</strong></span> <span class='ocrx_word' id='word_1_459' title='bbox 1137 4246 1511 4314; x_wconf 84' lang='lat' dir='ltr'><strong>Aurelianus,</strong></span> <span class='ocrx_word' id='word_1_460' title='bbox 1539 4247 1804 4318; x_wconf 89' lang='lat' dir='ltr'><strong>quandiu</strong></span> <span class='ocrx_word' id='word_1_461' title='bbox 1829 4252 1880 4302; x_wconf 91' lang='lat' dir='ltr'><strong>te</strong></span> <span class='ocrx_word' id='word_1_462' title='bbox 1904 4264 2133 4317; x_wconf 86' lang='lat' dir='ltr'><strong>nugan-</strong></span> <span class='ocrx_word' id='word_1_463' title='bbox 2171 4277 2209 4333; x_wconf 62' lang='grc' dir='ltr'><em>α</em></span> <span class='ocrx_word' id='word_1_464' title='bbox 2247 4253 2456 4324; x_wconf 88' lang='lat' dir='ltr'><strong>inquit,</strong></span> <span class='ocrx_word' id='word_1_465' title='bbox 2493 4249 2998 4322; x_wconf 86' lang='lat' dir='ltr'><strong>pulchritudinem</strong></span> <span class='ocrx_word' id='word_1_466' title='bbox 3025 4253 3187 4303; x_wconf 90' lang='lat' dir='ltr'><strong>tuam</strong></span> <span class='ocrx_word' id='word_1_467' title='bbox 3236 4246 3414 4302; x_wconf 90' lang='lat' dir='ltr'><strong>talem</strong></span> <span class='ocrx_word' id='word_1_468' title='bbox 3457 4259 3608 4333; x_wconf 83' lang='lat' dir='ltr'><strong>esse,</strong></span> <span class='ocrx_word' id='word_1_469' title='bbox 3659 4243 3717 4292; x_wconf 79' lang='lat' dir='ltr'><strong>ut</strong></span> <span class='ocrx_word' id='word_1_470' title='bbox 3745 4231 3879 4333; x_wconf 51' lang='lat' dir='ltr'><strong>illi&quot;?</strong></span> 
     </span>
    </p>
   </div>
   <div class='ocr_carea' id='block_1_67' title="bbox 466 4333 2134 4406">
    <p class='ocr_par' dir='ltr' id='par_1_67' title="bbox 466 4333 2134 4406">
     <span class='ocr_line' id='line_1_67' title="bbox 466 4333 2134 4406; baseline 0.002 -17"><span class='ocrx_word' id='word_1_471' title='bbox 466 4339 582 4389; x_wconf 90' lang='lat' dir='ltr'><strong>tem</strong></span> <span class='ocrx_word' id='word_1_472' title='bbox 612 4349 825 4406; x_wconf 83' lang='lat' dir='ltr'><strong>passus</strong></span> <span class='ocrx_word' id='word_1_473' title='bbox 863 4352 998 4391; x_wconf 89' lang='lat' dir='ltr'><strong>sum</strong></span> <span class='ocrx_word' id='word_1_474' title='bbox 1028 4352 1097 4390; x_wconf 89' lang='lat' dir='ltr'><strong>ac</strong></span> <span class='ocrx_word' id='word_1_475' title='bbox 1148 4333 1448 4391; x_wconf 81' lang='lat' dir='ltr'><strong>sustinui?</strong></span> <span class='ocrx_word' id='word_1_476' title='bbox 1478 4335 1704 4391; x_wconf 89' lang='lat' dir='ltr'><strong>Accede</strong></span> <span class='ocrx_word' id='word_1_477' title='bbox 1738 4337 1888 4406; x_wconf 88' lang='lat' dir='ltr'><strong>jam,</strong></span> <span class='ocrx_word' id='word_1_478' title='bbox 1923 4345 1979 4391; x_wconf 91' lang='lat' dir='ltr'><strong>et</strong></span> <span class='ocrx_word' id='word_1_479' title='bbox 2019 4338 2134 4392; x_wconf 92' lang='lat' dir='ltr'><strong>diis</strong></span> 
     </span>
    </p>
   </div>
   <div class='ocr_carea' id='block_1_68' title="bbox 468 4423 2133 4496">
    <p class='ocr_par' dir='ltr' id='par_1_68' title="bbox 468 4423 2133 4496">
     <span class='ocr_line' id='line_1_68' title="bbox 468 4423 2133 4496; baseline 0.003 -18"><span class='ocrx_word' id='word_1_480' title='bbox 468 4423 757 4488; x_wconf 80' lang='lat' dir='ltr'><strong>sacrifica,</strong></span> <span class='ocrx_word' id='word_1_481' title='bbox 788 4441 859 4479; x_wconf 91' lang='lat' dir='ltr'><strong>ne</strong></span> <span class='ocrx_word' id='word_1_482' title='bbox 893 4426 1152 4496; x_wconf 88' lang='lat' dir='ltr'><strong>pessimo</strong></span> <span class='ocrx_word' id='word_1_483' title='bbox 1178 4425 1383 4480; x_wconf 88' lang='lat' dir='ltr'><strong>mortis</strong></span> <span class='ocrx_word' id='word_1_484' title='bbox 1403 4441 1619 4495; x_wconf 89' lang='lat' dir='ltr'><strong>genere</strong></span> <span class='ocrx_word' id='word_1_485' title='bbox 1642 4428 2035 4482; x_wconf 88' lang='lat' dir='ltr'><strong>consumaris.</strong></span> <span class='ocrx_word' id='word_1_486' title='bbox 2061 4429 2133 4483; x_wconf 87' lang='lat' dir='ltr'><strong>At</strong></span> 
     </span>
    </p>
   </div>
   <div class='ocr_carea' id='block_1_69' title="bbox 469 4512 2135 4583">
    <p class='ocr_par' dir='ltr' id='par_1_69' title="bbox 469 4512 2135 4583">
     <span class='ocr_line' id='line_1_69' title="bbox 469 4512 2135 4583; baseline 0 -15"><span class='ocrx_word' id='word_1_487' title='bbox 469 4512 678 4568; x_wconf 88' lang='lat' dir='ltr'><strong>Paulus</strong></span> <span class='ocrx_word' id='word_1_488' title='bbox 712 4529 722 4568; x_wconf 92' lang='lat'>:</span> <span class='ocrx_word' id='word_1_489' title='bbox 763 4516 880 4583; x_wconf 84' lang='lat' dir='ltr'><strong>Ego</strong></span> <span class='ocrx_word' id='word_1_490' title='bbox 904 4514 1128 4569; x_wconf 89' lang='lat' dir='ltr'><strong>nullum</strong></span> <span class='ocrx_word' id='word_1_491' title='bbox 1145 4514 1331 4569; x_wconf 90' lang='lat' dir='ltr'><strong>alium</strong></span> <span class='ocrx_word' id='word_1_492' title='bbox 1355 4517 1536 4570; x_wconf 93' lang='lat' dir='ltr'><strong>Deum</strong></span> <span class='ocrx_word' id='word_1_493' title='bbox 1568 4516 1846 4583; x_wconf 86' lang='lat' dir='ltr'><strong>cognovi,</strong></span> <span class='ocrx_word' id='word_1_494' title='bbox 1871 4516 1984 4570; x_wconf 90' lang='lat' dir='ltr'><strong>nisi</strong></span> <span class='ocrx_word' id='word_1_495' title='bbox 2021 4519 2135 4572; x_wconf 91' lang='lat' dir='ltr'><strong>Do-</strong></span> 
     </span>
    </p>
   </div>
   <div class='ocr_carea' id='block_1_70' title="bbox 467 4602 2128 4675">
    <p class='ocr_par' dir='ltr' id='par_1_70' title="bbox 467 4602 2128 4675">
     <span class='ocr_line' id='line_1_70' title="bbox 467 4602 2128 4675; baseline 0.002 -19"><span class='ocrx_word' id='word_1_496' title='bbox 467 4602 936 4658; x_wconf 84' lang='lat' dir='ltr'><strong>minum..lesum</strong></span> <span class='ocrx_word' id='word_1_497' title='bbox 981 4603 1297 4673; x_wconf 87' lang='lat' dir='ltr'><strong>Christum,</strong></span> <span class='ocrx_word' id='word_1_498' title='bbox 1327 4619 1510 4675; x_wconf 89' lang='lat' dir='ltr'><strong>quem</strong></span> <span class='ocrx_word' id='word_1_499' title='bbox 1541 4603 1697 4658; x_wconf 90' lang='lat' dir='ltr'><strong>colui</strong></span> <span class='ocrx_word' id='word_1_500' title='bbox 1725 4620 1961 4675; x_wconf 91' lang='lat' dir='ltr'><strong>semper</strong></span> <span class='ocrx_word' id='word_1_501' title='bbox 1989 4605 2128 4661; x_wconf 91' lang='lat' dir='ltr'><strong>inde</strong></span> 
     </span>
    </p>
   </div>
   <div class='ocr_carea' id='block_1_71' title="bbox 468 4692 2131 4765">
    <p class='ocr_par' dir='ltr' id='par_1_71' title="bbox 468 4692 2131 4765">
     <span class='ocr_line' id='line_1_71' title="bbox 468 4692 2131 4765; baseline 0.003 -21"><span class='ocrx_word' id='word_1_502' title='bbox 468 4707 649 4762; x_wconf 89' lang='lat' dir='ltr'><strong>usque</strong></span> <span class='ocrx_word' id='word_1_503' title='bbox 669 4708 703 4746; x_wconf 91' lang='lat' dir='ltr'><strong>a</strong></span> <span class='ocrx_word' id='word_1_504' title='bbox 726 4693 997 4763; x_wconf 89' lang='lat' dir='ltr'><strong>patribus</strong></span> <span class='ocrx_word' id='word_1_505' title='bbox 1018 4692 1166 4748; x_wconf 89' lang='lat' dir='ltr'><strong>meis</strong></span> <span class='ocrx_word' id='word_1_506' title='bbox 1187 4708 1337 4763; x_wconf 91' lang='lat' dir='ltr'><strong>puro</strong></span> <span class='ocrx_word' id='word_1_507' title='bbox 1355 4692 1532 4748; x_wconf 90' lang='lat' dir='ltr'><strong>corde</strong></span> <span class='ocrx_word' id='word_1_508' title='bbox 1549 4699 1728 4765; x_wconf 89' lang='lat' dir='ltr'><strong>atque</strong></span> <span class='ocrx_word' id='word_1_509' title='bbox 1748 4693 1970 4750; x_wconf 90' lang='lat' dir='ltr'><strong>animo.</strong></span> <span class='ocrx_word' id='word_1_510' title='bbox 1987 4697 2131 4750; x_wconf 90' lang='lat' dir='ltr'><strong>Tum</strong></span> 
     </span>
    </p>
   </div>
   <div class='ocr_carea' id='block_1_72' title="bbox 467 4780 2135 4853">
    <p class='ocr_par' dir='ltr' id='par_1_72' title="bbox 467 4780 2135 4853">
     <span class='ocr_line' id='line_1_72' title="bbox 467 4780 2135 4853; baseline 0.002 -17"><span class='ocrx_word' id='word_1_511' title='bbox 467 4780 820 4836; x_wconf 87' lang='lat' dir='ltr'><strong>Aurelianus</strong></span> <span class='ocrx_word' id='word_1_512' title='bbox 866 4782 1017 4837; x_wconf 90' lang='lat' dir='ltr'><strong>dixit</strong></span> <span class='ocrx_word' id='word_1_513' title='bbox 1055 4803 1066 4835; x_wconf 90' lang='lat'>:</span> <span class='ocrx_word' id='word_1_514' title='bbox 1110 4781 1461 4853; x_wconf 89' lang='lat' dir='ltr'><strong>Suspendite</strong></span> <span class='ocrx_word' id='word_1_515' title='bbox 1487 4781 1795 4838; x_wconf 88' lang='lat' dir='ltr'><strong>hominem</strong></span> <span class='ocrx_word' id='word_1_516' title='bbox 1839 4783 2042 4848; x_wconf 89' lang='lat' dir='ltr'><strong>istum,</strong></span> <span class='ocrx_word' id='word_1_517' title='bbox 2076 4789 2135 4839; x_wconf 92' lang='lat' dir='ltr'><strong>et</strong></span> 
     </span>
    </p>
   </div>
   <div class='ocr_carea' id='block_1_73' title="bbox 467 4870 2132 4944">
    <p class='ocr_par' dir='ltr' id='par_1_73' title="bbox 467 4870 2132 4944">
     <span class='ocr_line' id='line_1_73' title="bbox 467 4870 2132 4944; baseline -0.001 -17"><span class='ocrx_word' id='word_1_518' title='bbox 467 4870 677 4927; x_wconf 88' lang='lat' dir='ltr'><strong>acriter</strong></span> <span class='ocrx_word' id='word_1_519' title='bbox 711 4875 996 4941; x_wconf 90' lang='lat' dir='ltr'><strong>torquete,</strong></span> <span class='ocrx_word' id='word_1_520' title='bbox 1026 4870 1218 4926; x_wconf 92' lang='lat' dir='ltr'><strong>donec</strong></span> <span class='ocrx_word' id='word_1_521' title='bbox 1261 4872 1481 4926; x_wconf 88' lang='lat' dir='ltr'><strong>venerit</strong></span> <span class='ocrx_word' id='word_1_522' title='bbox 1514 4871 1800 4927; x_wconf 87' lang='lat' dir='ltr'><strong>Dominus</strong></span> <span class='ocrx_word' id='word_1_523' title='bbox 1830 4872 2040 4944; x_wconf 89' lang='lat' dir='ltr'><strong>ipsius,</strong></span> <span class='ocrx_word' id='word_1_524' title='bbox 2077 4876 2132 4928; x_wconf 92' lang='lat' dir='ltr'><strong>et</strong></span> 
     </span>
    </p>
   </div>
   <div class='ocr_carea' id='block_1_74' title="bbox 471 4959 2128 5031">
    <p class='ocr_par' dir='ltr' id='par_1_74' title="bbox 471 4959 2128 5031">
     <span class='ocr_line' id='line_1_74' title="bbox 471 4959 2128 5031; baseline 0.002 -17"><span class='ocrx_word' id='word_1_525' title='bbox 471 4976 607 5014; x_wconf 90' lang='lat' dir='ltr'><strong>eum</strong></span> <span class='ocrx_word' id='word_1_526' title='bbox 643 4959 868 5015; x_wconf 88' lang='lat' dir='ltr'><strong>liberet.</strong></span> <span class='ocrx_word' id='word_1_527' title='bbox 926 4960 1378 5031; x_wconf 87' lang='lat' dir='ltr'><strong>Suspenderunt</strong></span> <span class='ocrx_word' id='word_1_528' title='bbox 1402 4959 1582 5029; x_wconf 90' lang='lat' dir='ltr'><strong>igitur</strong></span> <span class='ocrx_word' id='word_1_529' title='bbox 1612 4960 1775 5015; x_wconf 89' lang='lat' dir='ltr'><strong>illum</strong></span> <span class='ocrx_word' id='word_1_530' title='bbox 1801 4961 2128 5029; x_wconf 84' lang='lat' dir='ltr'><strong>carniﬁces,</strong></span> 
     </span>
    </p>
   </div>
   <div class='ocr_carea' id='block_1_75' title="bbox 481 5047 2130 5122">
    <p class='ocr_par' dir='ltr' id='par_1_75' title="bbox 481 5047 2130 5122">
     <span class='ocr_line' id='line_1_75' title="bbox 481 5047 2130 5122; baseline 0.002 -19"><span class='ocrx_word' id='word_1_531' title='bbox 481 5054 536 5103; x_wconf 88' lang='lat' dir='ltr'><strong>et</strong></span> <span class='ocrx_word' id='word_1_532' title='bbox 551 5048 909 5104; x_wconf 86' lang='lat' dir='ltr'><strong>cruciatibus</strong></span> <span class='ocrx_word' id='word_1_533' title='bbox 927 5047 1188 5119; x_wconf 76' lang='lat' dir='ltr'><strong>afﬂigere</strong></span> <span class='ocrx_word' id='word_1_534' title='bbox 1206 5054 1532 5120; x_wconf 62' lang='lat' dir='ltr'><strong>coeperunt.</strong></span> <span class='ocrx_word' id='word_1_535' title='bbox 1553 5051 1819 5122; x_wconf 89' lang='lat' dir='ltr'><strong>Cumque</strong></span> <span class='ocrx_word' id='word_1_536' title='bbox 1839 5050 2130 5120; x_wconf 83' lang='lat' dir='ltr'><strong>afﬂigere-</strong></span> 
     </span>
    </p>
   </div>
   <div class='ocr_carea' id='block_1_76' title="bbox 470 5138 2127 5207">
    <p class='ocr_par' dir='ltr' id='par_1_76' title="bbox 470 5138 2127 5207">
     <span class='ocr_line' id='line_1_76' title="bbox 470 5138 2127 5207; baseline 0.002 -14"><span class='ocrx_word' id='word_1_537' title='bbox 470 5141 580 5203; x_wconf 86' lang='lat' dir='ltr'><strong>tur,</strong></span> <span class='ocrx_word' id='word_1_538' title='bbox 604 5153 745 5193; x_wconf 87' lang='lat' dir='ltr'><strong>voce</strong></span> <span class='ocrx_word' id='word_1_539' title='bbox 770 5153 992 5207; x_wconf 89' lang='lat' dir='ltr'><strong>magna</strong></span> <span class='ocrx_word' id='word_1_540' title='bbox 1019 5141 1198 5193; x_wconf 89' lang='lat' dir='ltr'><strong>Deum</strong></span> <span class='ocrx_word' id='word_1_541' title='bbox 1219 5138 1520 5203; x_wconf 87' lang='lat' dir='ltr'><strong>invocans,</strong></span> <span class='ocrx_word' id='word_1_542' title='bbox 1556 5138 1793 5194; x_wconf 89' lang='lat' dir='ltr'><strong>dicebat</strong></span> <span class='ocrx_word' id='word_1_543' title='bbox 1823 5159 1834 5198; x_wconf 94' lang='lat'>:</span> <span class='ocrx_word' id='word_1_544' title='bbox 1861 5141 2127 5205; x_wconf 91' lang='lat' dir='ltr'><strong>Domine,</strong></span> 
     </span>
    </p>
   </div>
   <div class='ocr_carea' id='block_1_77' title="bbox 469 5227 2131 5298">
    <p class='ocr_par' dir='ltr' id='par_1_77' title="bbox 469 5227 2131 5298">
     <span class='ocr_line' id='line_1_77' title="bbox 469 5227 2131 5298; baseline 0 -16"><span class='ocrx_word' id='word_1_545' title='bbox 469 5228 605 5282; x_wconf 84' lang='lat' dir='ltr'><strong>Jesu</strong></span> <span class='ocrx_word' id='word_1_546' title='bbox 623 5227 863 5293; x_wconf 89' lang='lat' dir='ltr'><strong>Christe,</strong></span> <span class='ocrx_word' id='word_1_547' title='bbox 895 5243 1030 5282; x_wconf 88' lang='lat' dir='ltr'><strong>vera</strong></span> <span class='ocrx_word' id='word_1_548' title='bbox 1052 5228 1145 5282; x_wconf 91' lang='lat' dir='ltr'><strong>Dei</strong></span> <span class='ocrx_word' id='word_1_549' title='bbox 1181 5228 1295 5281; x_wconf 90' lang='lat' dir='ltr'><strong>veri</strong></span> <span class='ocrx_word' id='word_1_550' title='bbox 1321 5234 1375 5282; x_wconf 92' lang='lat' dir='ltr'><strong>et</strong></span> <span class='ocrx_word' id='word_1_551' title='bbox 1402 5227 1582 5283; x_wconf 89' lang='lat' dir='ltr'><strong>Patris</strong></span> <span class='ocrx_word' id='word_1_552' title='bbox 1601 5228 1934 5298; x_wconf 87' lang='lat' dir='ltr'><strong>progenies,</strong></span> <span class='ocrx_word' id='word_1_553' title='bbox 1961 5228 2131 5298; x_wconf 91' lang='lat' dir='ltr'><strong>cujus</strong></span> 
     </span>
    </p>
   </div>
   <div class='ocr_carea' id='block_1_78' title="bbox 473 5317 2127 5389">
    <p class='ocr_par' dir='ltr' id='par_1_78' title="bbox 473 5317 2127 5389">
     <span class='ocr_line' id='line_1_78' title="bbox 473 5317 2127 5389; baseline 0.001 -18"><span class='ocrx_word' id='word_1_554' title='bbox 473 5323 668 5372; x_wconf 86' lang='lat' dir='ltr'><strong>ortum</strong></span> <span class='ocrx_word' id='word_1_555' title='bbox 686 5332 860 5374; x_wconf 89' lang='lat' dir='ltr'><strong>nemo</strong></span> <span class='ocrx_word' id='word_1_556' title='bbox 878 5318 1377 5389; x_wconf 89' lang='lat' dir='ltr'><strong>comprehendere</strong></span> <span class='ocrx_word' id='word_1_557' title='bbox 1397 5322 1735 5389; x_wconf 89' lang='lat' dir='ltr'><strong>potest,non</strong></span> <span class='ocrx_word' id='word_1_558' title='bbox 1755 5317 1984 5387; x_wconf 87' lang='lat' dir='ltr'><strong>Angeli,</strong></span> <span class='ocrx_word' id='word_1_559' title='bbox 2009 5334 2127 5373; x_wconf 89' lang='lat' dir='ltr'><strong>non</strong></span> 
     </span>
    </p>
   </div>
   <div class='ocr_carea' id='block_1_79' title="bbox 475 5405 2128 5475">
    <p class='ocr_par' dir='ltr' id='par_1_79' title="bbox 475 5405 2128 5475">
     <span class='ocr_line' id='line_1_79' title="bbox 475 5405 2128 5475; baseline 0.002 -16"><span class='ocrx_word' id='word_1_560' title='bbox 475 5405 843 5475; x_wconf 84' lang='lat' dir='ltr'><strong>Archangeli,</strong></span> <span class='ocrx_word' id='word_1_561' title='bbox 892 5422 1011 5462; x_wconf 91' lang='lat' dir='ltr'><strong>non</strong></span> <span class='ocrx_word' id='word_1_562' title='bbox 1062 5407 1299 5471; x_wconf 89' lang='lat' dir='ltr'><strong>Throni,</strong></span> <span class='ocrx_word' id='word_1_563' title='bbox 1352 5422 1473 5461; x_wconf 90' lang='lat' dir='ltr'><strong>non</strong></span> <span class='ocrx_word' id='word_1_564' title='bbox 1505 5406 1970 5472; x_wconf 89' lang='lat' dir='ltr'><strong>Dominationes,</strong></span> <span class='ocrx_word' id='word_1_565' title='bbox 2009 5423 2128 5462; x_wconf 92' lang='lat' dir='ltr'><strong>non</strong></span> 
     </span>
    </p>
   </div>
   <div class='ocr_carea' id='block_1_80' title="bbox 610 5598 1608 5666">
    <p class='ocr_par' dir='ltr' id='par_1_80' title="bbox 610 5598 1608 5666">
     <span class='ocr_line' id='line_1_80' title="bbox 610 5598 1608 5666; baseline -0.002 -11"><span class='ocrx_word' id='word_1_566' title='bbox 610 5599 807 5655; x_wconf 87' lang='lat' dir='ltr'><strong>Matth.</strong></span> <span class='ocrx_word' id='word_1_567' title='bbox 854 5615 909 5661; x_wconf 85' lang='lat' dir='ltr'><strong>x.</strong></span> <span class='ocrx_word' id='word_1_568' title='bbox 954 5604 1041 5655; x_wconf 83' lang='lat'><strong>23.</strong></span> <span class='ocrx_word' id='word_1_569' title='bbox 1157 5601 1177 5634; x_wconf 77' lang='grc'>³</span> <span class='ocrx_word' id='word_1_570' title='bbox 1220 5601 1237 5653; x_wconf 90' lang='lat' dir='ltr'><strong>l</strong></span> <span class='ocrx_word' id='word_1_571' title='bbox 1279 5598 1514 5666; x_wconf 86' lang='lat' dir='ltr'><strong>Tim.n,</strong></span> <span class='ocrx_word' id='word_1_572' title='bbox 1556 5601 1608 5655; x_wconf 73' lang='grc'><strong>4.</strong></span> 
     </span>
    </p>
   </div>
   <div class='ocr_carea' id='block_1_81' title="bbox 2246 4322 3879 4407">
    <p class='ocr_par' dir='ltr' id='par_1_81' title="bbox 2246 4322 3879 4407">
     <span class='ocr_line' id='line_1_81' title="bbox 2246 4322 3879 4407; baseline -0.017 -11"><span class='ocrx_word' id='word_1_573' title='bbox 2246 4322 2535 4396; x_wconf 81' lang='lat' dir='ltr'><strong>rationem</strong></span> <span class='ocrx_word' id='word_1_574' title='bbox 2567 4340 2797 4394; x_wconf 89' lang='lat' dir='ltr'><strong>habens</strong></span> <span class='ocrx_word' id='word_1_575' title='bbox 2825 4343 2878 4392; x_wconf 90' lang='lat' dir='ltr'><strong>te</strong></span> <span class='ocrx_word' id='word_1_576' title='bbox 2908 4336 3154 4407; x_wconf 88' lang='lat' dir='ltr'><strong>perdere</strong></span> <span class='ocrx_word' id='word_1_577' title='bbox 3178 4335 3380 4390; x_wconf 91' lang='lat' dir='ltr'><strong>nolim.</strong></span> <span class='ocrx_word' id='word_1_578' title='bbox 3413 4337 3485 4390; x_wconf 82' lang='lat' dir='ltr'><strong>Te</strong></span> <span class='ocrx_word' id='word_1_579' title='bbox 3508 4322 3879 4402; x_wconf 83' lang='lat' dir='ltr'><strong>igituradhor—</strong></span> 
     </span>
    </p>
   </div>
   <div class='ocr_carea' id='block_1_82' title="bbox 2246 4411 3880 4498">
    <p class='ocr_par' dir='ltr' id='par_1_82' title="bbox 2246 4411 3880 4498">
     <span class='ocr_line' id='line_1_82' title="bbox 2246 4411 3880 4498; baseline -0.012 -13"><span class='ocrx_word' id='word_1_580' title='bbox 2246 4436 2333 4485; x_wconf 93' lang='lat' dir='ltr'><strong>tor</strong></span> <span class='ocrx_word' id='word_1_581' title='bbox 2367 4430 2750 4484; x_wconf 87' lang='lat' dir='ltr'><strong>utsacritices</strong></span> <span class='ocrx_word' id='word_1_582' title='bbox 2805 4443 2926 4498; x_wconf 91' lang='lat' dir='ltr'><strong>quo</strong></span> <span class='ocrx_word' id='word_1_583' title='bbox 2953 4426 3277 4493; x_wconf 86' lang='lat' dir='ltr'><strong>legitimam</strong></span> <span class='ocrx_word' id='word_1_584' title='bbox 3328 4423 3476 4478; x_wconf 88' lang='lat' dir='ltr'><strong>mihi</strong></span> <span class='ocrx_word' id='word_1_585' title='bbox 3525 4426 3762 4474; x_wconf 90' lang='lat' dir='ltr'><strong>uxorem</strong></span> <span class='ocrx_word' id='word_1_586' title='bbox 3809 4411 3880 4459; x_wconf 83' lang='lat' dir='ltr'><strong>te-</strong></span> 
     </span>
    </p>
   </div>
   <div class='ocr_carea' id='block_1_83' title="bbox 2243 4502 3877 4588">
    <p class='ocr_par' dir='ltr' id='par_1_83' title="bbox 2243 4502 3877 4588">
     <span class='ocr_line' id='line_1_83' title="bbox 2243 4502 3877 4588; baseline -0.013 -15"><span class='ocrx_word' id='word_1_587' title='bbox 2243 4519 2497 4587; x_wconf 82' lang='lat' dir='ltr'><strong>deligere</strong></span> <span class='ocrx_word' id='word_1_588' title='bbox 2524 4517 2772 4588; x_wconf 87' lang='lat' dir='ltr'><strong>possim,</strong></span> <span class='ocrx_word' id='word_1_589' title='bbox 2791 4521 2846 4570; x_wconf 92' lang='lat' dir='ltr'><strong>et</strong></span> <span class='ocrx_word' id='word_1_590' title='bbox 2863 4531 3096 4569; x_wconf 88' lang='lat' dir='ltr'><strong>mecum</strong></span> <span class='ocrx_word' id='word_1_591' title='bbox 3119 4529 3237 4568; x_wconf 90' lang='lat' dir='ltr'><strong>una</strong></span> <span class='ocrx_word' id='word_1_592' title='bbox 3254 4527 3491 4580; x_wconf 87' lang='lat' dir='ltr'><strong>regnes,</strong></span> <span class='ocrx_word' id='word_1_593' title='bbox 3507 4502 3747 4577; x_wconf 88' lang='lat' dir='ltr'><strong>imperio</strong></span> <span class='ocrx_word' id='word_1_594' title='bbox 3761 4505 3877 4588; x_wconf 77' lang='lat' dir='ltr'><strong>meo</strong></span> 
     </span>
    </p>
   </div>
   <div class='ocr_carea' id='block_1_84' title="bbox 2243 4587 3873 4678">
    <p class='ocr_par' dir='ltr' id='par_1_84' title="bbox 2243 4587 3873 4678">
     <span class='ocr_line' id='line_1_84' title="bbox 2243 4587 3873 4678; baseline -0.012 -16"><span class='ocrx_word' id='word_1_595' title='bbox 2243 4607 2406 4662; x_wconf 89' lang='lat' dir='ltr'><strong>omni</strong></span> <span class='ocrx_word' id='word_1_596' title='bbox 2423 4587 2679 4678; x_wconf 86' lang='lat' dir='ltr'><strong>tempore</strong></span> <span class='ocrx_word' id='word_1_597' title='bbox 2699 4605 2918 4660; x_wconf 84' lang='lat' dir='ltr'><strong>fruens.</strong></span> <span class='ocrx_word' id='word_1_598' title='bbox 2947 4604 3096 4668; x_wconf 87' lang='lat' dir='ltr'><strong>Quin</strong></span> <span class='ocrx_word' id='word_1_599' title='bbox 3120 4604 3298 4658; x_wconf 90' lang='lat' dir='ltr'><strong>etiam</strong></span> <span class='ocrx_word' id='word_1_600' title='bbox 3324 4600 3486 4656; x_wconf 82' lang='lat' dir='ltr'><strong>fratri</strong></span> <span class='ocrx_word' id='word_1_601' title='bbox 3505 4606 3599 4652; x_wconf 91' lang='lat' dir='ltr'><strong>tuo</strong></span> <span class='ocrx_word' id='word_1_602' title='bbox 3618 4587 3873 4678; x_wconf 57' lang='lat' dir='ltr'><strong>injuriatn</strong></span> 
     </span>
    </p>
   </div>
   <div class='ocr_carea' id='block_1_85' title="bbox 2243 4677 3873 4767">
    <p class='ocr_par' dir='ltr' id='par_1_85' title="bbox 2243 4677 3873 4767">
     <span class='ocr_line' id='line_1_85' title="bbox 2243 4677 3873 4767; baseline -0.013 -15"><span class='ocrx_word' id='word_1_603' title='bbox 2243 4677 2671 4767; x_wconf 84' lang='lat' dir='ltr'><strong>compensabo,</strong></span> <span class='ocrx_word' id='word_1_604' title='bbox 2701 4699 2758 4748; x_wconf 92' lang='lat' dir='ltr'><strong>et</strong></span> <span class='ocrx_word' id='word_1_605' title='bbox 2787 4694 3024 4758; x_wconf 85' lang='lat' dir='ltr'><strong>faciam,</strong></span> <span class='ocrx_word' id='word_1_606' title='bbox 3051 4696 3115 4746; x_wconf 90' lang='lat' dir='ltr'><strong>ut</strong></span> <span class='ocrx_word' id='word_1_607' title='bbox 3135 4690 3574 4762; x_wconf 89' lang='lat' dir='ltr'><strong>amplissimum</strong></span> <span class='ocrx_word' id='word_1_608' title='bbox 3597 4677 3873 4748; x_wconf 70' lang='lat' dir='ltr'><strong>dignitatis</strong></span> 
     </span>
    </p>
   </div>
   <div class='ocr_carea' id='block_1_86' title="bbox 2243 4769 3871 4856">
    <p class='ocr_par' dir='ltr' id='par_1_86' title="bbox 2243 4769 3871 4856">
     <span class='ocr_line' id='line_1_86' title="bbox 2243 4769 3871 4856; baseline -0.017 -14"><span class='ocrx_word' id='word_1_609' title='bbox 2243 4785 2496 4856; x_wconf 85' lang='lat' dir='ltr'><strong>gradum</strong></span> <span class='ocrx_word' id='word_1_610' title='bbox 2512 4784 2674 4855; x_wconf 91' lang='lat' dir='ltr'><strong>apud</strong></span> <span class='ocrx_word' id='word_1_611' title='bbox 2689 4799 2782 4838; x_wconf 88' lang='lat' dir='ltr'><strong>me</strong></span> <span class='ocrx_word' id='word_1_612' title='bbox 2799 4781 3034 4838; x_wconf 88' lang='lat' dir='ltr'><strong>habeat.</strong></span> <span class='ocrx_word' id='word_1_613' title='bbox 3053 4779 3278 4835; x_wconf 75' lang='lat' dir='ltr'><strong>Erexitl</strong></span> <span class='ocrx_word' id='word_1_614' title='bbox 3290 4778 3510 4842; x_wconf 89' lang='lat' dir='ltr'><strong>uliana,</strong></span> <span class='ocrx_word' id='word_1_615' title='bbox 3534 4769 3730 4829; x_wconf 87' lang='lat' dir='ltr'><strong>oculos</strong></span> <span class='ocrx_word' id='word_1_616' title='bbox 3749 4771 3871 4856; x_wconf 70' lang='lat' dir='ltr'><strong>suos</strong></span> 
     </span>
    </p>
   </div>
   <div class='ocr_carea' id='block_1_87' title="bbox 2243 4848 3869 4940">
    <p class='ocr_par' dir='ltr' id='par_1_87' title="bbox 2243 4848 3869 4940">
     <span class='ocr_line' id='line_1_87' title="bbox 2243 4848 3869 4940; baseline -0.015 -11"><span class='ocrx_word' id='word_1_617' title='bbox 2243 4848 2301 4929; x_wconf 61' lang='lat' dir='ltr'><strong>in</strong></span> <span class='ocrx_word' id='word_1_618' title='bbox 2340 4848 2578 4938; x_wconf 63' lang='lat' dir='ltr'><strong>caelum,</strong></span> <span class='ocrx_word' id='word_1_619' title='bbox 2629 4878 2686 4927; x_wconf 94' lang='lat' dir='ltr'><strong>et</strong></span> <span class='ocrx_word' id='word_1_620' title='bbox 2727 4871 2920 4926; x_wconf 88' lang='lat' dir='ltr'><strong>crucis</strong></span> <span class='ocrx_word' id='word_1_621' title='bbox 2951 4870 3120 4940; x_wconf 86' lang='lat' dir='ltr'><strong>signo</strong></span> <span class='ocrx_word' id='word_1_622' title='bbox 3159 4883 3299 4924; x_wconf 88' lang='lat' dir='ltr'><strong>cum</strong></span> <span class='ocrx_word' id='word_1_623' title='bbox 3339 4867 3586 4922; x_wconf 88' lang='lat' dir='ltr'><strong>frontem</strong></span> <span class='ocrx_word' id='word_1_624' title='bbox 3619 4848 3869 4940; x_wconf 77' lang='lat' dir='ltr'><strong>notasset.</strong></span> 
     </span>
    </p>
   </div>
   <div class='ocr_carea' id='block_1_88' title="bbox 2243 4938 3867 5032">
    <p class='ocr_par' dir='ltr' id='par_1_88' title="bbox 2243 4938 3867 5032">
     <span class='ocr_line' id='line_1_88' title="bbox 2243 4938 3867 5032; baseline -0.017 -14"><span class='ocrx_word' id='word_1_625' title='bbox 2243 4963 2384 5018; x_wconf 79' lang='lat' dir='ltr'><strong>risit.</strong></span> <span class='ocrx_word' id='word_1_626' title='bbox 2409 4963 2510 5019; x_wconf 90' lang='lat' dir='ltr'><strong>Cui</strong></span> <span class='ocrx_word' id='word_1_627' title='bbox 2535 4960 2905 5024; x_wconf 91' lang='lat' dir='ltr'><strong>Aurelianus,</strong></span> <span class='ocrx_word' id='word_1_628' title='bbox 2937 4938 3068 5023; x_wconf 75' lang='lat' dir='ltr'><strong>Cur,</strong></span> <span class='ocrx_word' id='word_1_629' title='bbox 3102 4957 3313 5028; x_wconf 90' lang='lat' dir='ltr'><strong>inquit,</strong></span> <span class='ocrx_word' id='word_1_630' title='bbox 3365 4956 3613 5013; x_wconf 84' lang='lat' dir='ltr'><strong>Juliana,</strong></span> <span class='ocrx_word' id='word_1_631' title='bbox 3648 4938 3867 5032; x_wconf 74' lang='lat' dir='ltr'><strong>multam</strong></span> 
     </span>
    </p>
   </div>
   <div class='ocr_carea' id='block_1_89' title="bbox 2242 5035 3869 5126">
    <p class='ocr_par' dir='ltr' id='par_1_89' title="bbox 2242 5035 3869 5126">
     <span class='ocr_line' id='line_1_89' title="bbox 2242 5035 3869 5126; baseline -0.01 -19"><span class='ocrx_word' id='word_1_632' title='bbox 2242 5052 2670 5120; x_wconf 89' lang='lat' dir='ltr'><strong>benignitatem</strong></span> <span class='ocrx_word' id='word_1_633' title='bbox 2703 5064 2899 5104; x_wconf 89' lang='lat' dir='ltr'><strong>meam</strong></span> <span class='ocrx_word' id='word_1_634' title='bbox 2931 5053 3338 5112; x_wconf 89' lang='lat' dir='ltr'><strong>contemnens,</strong></span> <span class='ocrx_word' id='word_1_635' title='bbox 3377 5042 3547 5099; x_wconf 83' lang='lat' dir='ltr'><strong>risisti</strong></span> <span class='ocrx_word' id='word_1_636' title='bbox 3589 5036 3615 5090; x_wconf 83' lang='lat'><strong>?</strong></span> <span class='ocrx_word' id='word_1_637' title='bbox 3643 5035 3869 5126; x_wconf 53' lang='grc' dir='ltr'><strong>Ῑξίοξὶτιῑξ·</strong></span> 
     </span>
    </p>
   </div>
   <div class='ocr_carea' id='block_1_90' title="bbox 2243 5113 3860 5213">
    <p class='ocr_par' dir='ltr' id='par_1_90' title="bbox 2243 5113 3860 5213">
     <span class='ocr_line' id='line_1_90' title="bbox 2243 5113 3860 5213; baseline -0.019 -16"><span class='ocrx_word' id='word_1_638' title='bbox 2243 5113 2516 5213; x_wconf 72' lang='lat' dir='ltr'><strong>quitilla,</strong></span> <span class='ocrx_word' id='word_1_639' title='bbox 2549 5140 2878 5209; x_wconf 89' lang='lat' dir='ltr'><strong>contempsi</strong></span> <span class='ocrx_word' id='word_1_640' title='bbox 2900 5137 3322 5206; x_wconf 89' lang='lat' dir='ltr'><strong>benignitatem</strong></span> <span class='ocrx_word' id='word_1_641' title='bbox 3347 5141 3537 5196; x_wconf 89' lang='lat' dir='ltr'><strong>tuam;</strong></span> <span class='ocrx_word' id='word_1_642' title='bbox 3573 5121 3671 5213; x_wconf 79' lang='lat' dir='ltr'><strong>sed</strong></span> <span class='ocrx_word' id='word_1_643' title='bbox 3699 5113 3860 5213; x_wconf 58' lang='lat' dir='ltr'><strong>ridet)3</strong></span> 
     </span>
    </p>
   </div>
   <div class='ocr_carea' id='block_1_91' title="bbox 2243 5209 3864 5302">
    <p class='ocr_par' dir='ltr' id='par_1_91' title="bbox 2243 5209 3864 5302">
     <span class='ocr_line' id='line_1_91' title="bbox 2243 5209 3864 5302; baseline -0.02 -16"><span class='ocrx_word' id='word_1_644' title='bbox 2243 5209 2705 5302; x_wconf 81' lang='lat' dir='ltr'><strong>gaudens,quod</strong></span> <span class='ocrx_word' id='word_1_645' title='bbox 2722 5230 2983 5298; x_wconf 88' lang='lat' dir='ltr'><strong>Sponsus</strong></span> <span class='ocrx_word' id='word_1_646' title='bbox 2997 5241 3165 5281; x_wconf 90' lang='lat' dir='ltr'><strong>meus</strong></span> <span class='ocrx_word' id='word_1_647' title='bbox 3179 5219 3550 5291; x_wconf 80' lang='lat' dir='ltr'><strong>coelestis,qui</strong></span> <span class='ocrx_word' id='word_1_648' title='bbox 3565 5209 3864 5302; x_wconf 71' lang='lat' dir='ltr'><strong>vultomnes</strong></span> 
     </span>
    </p>
   </div>
   <div class='ocr_carea' id='block_1_92' title="bbox 2241 5299 3860 5380">
    <p class='ocr_par' dir='ltr' id='par_1_92' title="bbox 2241 5299 3860 5380">
     <span class='ocr_line' id='line_1_92' title="bbox 2241 5299 3860 5380; baseline -0.011 -5"><span class='ocrx_word' id='word_1_649' title='bbox 2241 5299 2507 5375; x_wconf 85' lang='lat' dir='ltr'><strong>homines</strong></span> <span class='ocrx_word' id='word_1_650' title='bbox 2521 5299 2716 5373; x_wconf 75' lang='lat' dir='ltr'><strong>salvos</strong></span> <span class='ocrx_word' id='word_1_651' title='bbox 2733 5315 2857 5371; x_wconf 80' lang='lat' dir='ltr'><strong>ﬁeri</strong></span> <span class='ocrx_word' id='word_1_652' title='bbox 2887 5321 2926 5380; x_wconf 81' lang='grc'><em>³,</em></span> <span class='ocrx_word' id='word_1_653' title='bbox 2947 5314 3114 5370; x_wconf 90' lang='lat' dir='ltr'><strong>sedet</strong></span> <span class='ocrx_word' id='word_1_654' title='bbox 3132 5315 3192 5370; x_wconf 93' lang='lat' dir='ltr'><strong>in</strong></span> <span class='ocrx_word' id='word_1_655' title='bbox 3207 5313 3355 5369; x_wconf 90' lang='lat' dir='ltr'><strong>solio</strong></span> <span class='ocrx_word' id='word_1_656' title='bbox 3377 5312 3577 5367; x_wconf 87' lang='lat' dir='ltr'><strong>sancto</strong></span> <span class='ocrx_word' id='word_1_657' title='bbox 3594 5312 3712 5358; x_wconf 74' lang='lat' dir='ltr'><strong>suo.</strong></span> <span class='ocrx_word' id='word_1_658' title='bbox 3731 5299 3860 5378; x_wconf 58' lang='lat' dir='ltr'><strong>eius:</strong></span> 
     </span>
    </p>
   </div>
   <div class='ocr_carea' id='block_1_93' title="bbox 2242 5384 3859 5481">
    <p class='ocr_par' dir='ltr' id='par_1_93' title="bbox 2242 5384 3859 5481">
     <span class='ocr_line' id='line_1_93' title="bbox 2242 5384 3859 5481; baseline -0.025 1"><span class='ocrx_word' id='word_1_659' title='bbox 2242 5424 2359 5481; x_wconf 74' lang='lat' dir='ltr'><strong>que</strong></span> <span class='ocrx_word' id='word_1_660' title='bbox 2414 5405 2741 5463; x_wconf 90' lang='lat' dir='ltr'><strong>divinitatis</strong></span> <span class='ocrx_word' id='word_1_661' title='bbox 2794 5402 3303 5477; x_wconf 91' lang='lat' dir='ltr'><strong>pulchritudinem</strong></span> <span class='ocrx_word' id='word_1_662' title='bbox 3348 5388 3701 5463; x_wconf 87' lang='lat' dir='ltr'><strong>contemplor</strong></span> <span class='ocrx_word' id='word_1_663' title='bbox 3730 5396 3741 5444; x_wconf 84' lang='lat'><strong>;</strong></span> <span class='ocrx_word' id='word_1_664' title='bbox 3770 5384 3859 5444; x_wconf 70' lang='lat' dir='ltr'><strong>qm</strong></span> 
     </span>
    </p>
   </div>
  </div>
