4154 6192
333 244 444 299 577

1408 243 1834 302 MARTYRIUM
1868 243 1971 300 SS.
2014 242 2225 301 PAULI
2268 244 2354 300 ET
2393 245 2732 303 JULIANXE.

3663 249 3767 304 578

334 371 519 425 etiam
550 384 644 424 me
676 367 944 424 hortatur
968 372 1032 423 ut
1061 369 1390 426 certamina
1414 370 1546 441 ipsa
1574 369 1825 425 libenter
1863 385 1991 423 sus-
2029 369 2073 422 A
2111 369 2224 423 haac
2239 369 2456 424 Paulus
2470 369 3014 441 responditzMinime
3031 384 3132 426 nos
3146 385 3461 441 possumus
3476 370 3764 429 viventem

336 459 586 524 tineam,
615 463 664 514 te
697 473 837 514 vero
866 473 1162 528 nugacem
1185 464 1240 514 et
1266 458 1490 514 futilem
1518 459 1824 515 hominem
1856 474 1991 513 con-

336 547 874 620 temnam,quippe
896 547 1149 619 quicum
1182 555 1232 603 te
1265 549 1684 620 imperatorem
1708 547 1993 620 appellari

333 636 607 701 facias,et
633 638 792 710 ligna
816 643 871 692 et
892 637 1121 708 lapides
1134 637 1641 694 adoras.Audiens
1664 639 1790 693 haec
1818 639 1992 693 Aure-

334 725 562 790 lianus,
596 726 696 781 bili
733 727 1025 798 percitus:
1054 727 1423 799 Suspendite,
1451 729 1659 800 ianit,
1689 728 1995 782 mulierem

337 815 539 883 istam,
565 830 820 888 eamque
855 821 1194 871 constanter
1223 817 1499 883 cruciate,
1534 822 1598 873 ut
1627 817 1913 886 intelligat
1935 831 1996 870 se

337 910 479 960 ante
500 905 876 976 imperatoris
905 905 1164 960 tribunal
1191 907 1849 976 consistere.Cmperant
1867 905 1994 976 jam

340 992 657 1048 carniﬁces
689 993 851 1048 illam
903 994 1188 1063 cruciare,
1232 1010 1368 1049 cum
1403 995 1618 1050 Paulus
1649 995 1778 1066 ejus
1825 994 1999 1048 frater

339 1097 478 1136 eam
501 1083 754 1145 intuens,
777 1084 856 1137 Ne
883 1082 1118 1147 timeas,
1148 1084 1359 1155 inquit,
1391 1100 1578 1151 soror,
1610 1084 1845 1156 tyranni
1872 1099 1998 1137 cru~

337 1169 772 1241 ciatus,neque
806 1170 994 1242 ipsius
1031 1172 1222 1227 minas
1251 1173 1551 1227 formides.
1591 1173 1999 1227 Sustineamus

337 1258 673 1332 paulisper,
700 1265 765 1315 ut
797 1266 1088 1332 perpetuo
1111 1263 1479 1333 requiescere
1505 1263 1825 1334 possimus.
1851 1259 2002 1314 Inﬂi-

342 1349 462 1417 gite
491 1348 646 1412 huic,
680 1347 869 1418 inquit
899 1348 1270 1415 Aurelianus,
1306 1352 1600 1406 cruciatus
1633 1350 1906 1406 assiduos
1927 1349 2002 1403 ei-

337 1452 460 1508 que
489 1435 798 1502 inculcate,
859 1453 929 1492 ne
962 1439 1217 1509 surpeba
1254 1445 1308 1494 et
1347 1439 1524 1496 stulta
1543 1440 1726 1495 verba
1757 1439 2001 1494 effutiat.

341 1525 608 1580 Audiens
640 1526 760 1580 hac
780 1525 1036 1592 Juliana,
1063 1527 1277 1582 iterum
1295 1529 1439 1592 risit,
1472 1529 1660 1585 etait:
1697 1529 2004 1584 Aureliane

343 1620 602 1685 tyranne
631 1621 810 1686 atque
833 1615 1057 1688 inique,
1090 1618 1372 1672 Dominus
1400 1619 1537 1673 .Iesu
1561 1619 1819 1674 Christus
1843 1620 2001 1683 facit,

2108 457 2426 513 Dominum
2463 461 2643 514 Deum
2676 459 3031 530 relinquere,
3087 457 3221 514 coeli
3264 465 3319 514 et
3349 465 3514 516 terrae
3544 467 3767 519 creato-

2105 562 2252 609 rem,
2273 547 2375 619 qui
2394 563 2503 603 nos
2517 563 2546 602 e
2563 548 2820 602 tenebris
2839 548 3137 619 eripuit,et
3153 563 3188 603 a
3207 548 3488 604 manibus
3507 551 3620 606 tuis
3637 567 3768 607 eos-

2107 634 2240 690 dem
2255 635 2543 690 liberavit.
2567 639 2878 707 Nunquam
2893 636 3086 706 igitur,
3105 637 3766 711 Aurelianeimperator,

2108 724 2280 780 nobis
2319 723 2678 797 persuadere
2713 725 2953 795 poteris,
2989 733 3050 780 ut
3103 725 3410 797 lapidibus
3477 732 3534 783 et
3563 729 3769 783 statuis

2109 815 2330 879 vestris,
2367 829 2510 869 voce
2537 815 2745 869 auditu
2777 821 2833 868 et
2891 815 3096 871 anima
3144 815 3509 882 carentibus,
3542 816 3770 872 cultum

2107 903 2503 975 praebeamus.
2532 903 2734 975 Itaque
2757 903 2829 958 de
2846 907 3056 958 caetero
3079 909 3373 959 tormenta
3395 921 3772 978 quaecunque

2107 992 2215 1054 vis,
2244 991 2416 1046 nobis
2450 991 2808 1057 admoveas,
2855 992 3035 1048 utDei
3057 993 3241 1047 nostri
3275 994 3392 1048 vim
3417 1010 3768 1064 cognoscas.

2183 1080 2311 1135 VII].
2344 1081 2522 1135 Jussit
2581 1082 2938 1137 Aurelianus
2969 1085 3121 1137 duas
3169 1082 3389 1138 ferreas
3424 1085 3594 1139 sedes
3630 1084 3768 1140 illuc

2113 1169 2326 1230 afferri,
2350 1177 2404 1224 et
2423 1186 2452 1224 e
2480 1170 2704 1225 balneis
2724 1171 2976 1240 publicis
3002 1171 3292 1226 carbones
3318 1174 3579 1242 congeri,
3604 1180 3659 1229 et
3682 1190 3772 1230 se-

2113 1259 2216 1314 des
2248 1259 2375 1314 illas
2395 1261 2774 1315 vehementer
2800 1260 3114 1326 succendi;
3141 1277 3316 1316 suum
3337 1278 3473 1318 vero
3501 1263 3775 1319 abdomi-

2113 1365 2186 1402 ne
2225 1348 2400 1403 illitos
2429 1356 2720 1418 martyres
2766 1350 2931 1420 ipsos
2977 1365 3162 1420 supra
3218 1351 3541 1407 candentes
3605 1353 3774 1407 sedes

2114 1437 2362 1508 imponi.
2399 1436 2567 1503 Quod
2595 1453 2730 1492 curn
2766 1453 2903 1492 mox
2928 1437 3146 1492 factum
3177 1445 3362 1498 esset:
3396 1440 3550 1504 Jam,
3587 1441 3778 1513 inquit

2116 1525 2490 1591 Aurelianus,
2519 1527 2742 1581 artibus
2774 1526 2983 1582 vestris
3008 1527 3292 1582 omnibus
3326 1530 3645 1599 superatis,
3674 1545 3778 1601 po-

2118 1615 2277 1670 testis
2309 1615 2558 1678 discere,
2587 1616 2864 1686 quisnam
2918 1614 2994 1669 sit
3034 1615 3385 1670 Aurelianus
3429 1619 3773 1689 imperator.

348 1709 414 1758 ut
445 1719 634 1776 neque
659 1703 916 1769 labores,
953 1722 1142 1777 neque
1197 1713 1492 1763 tormenta
1541 1710 1667 1764 haec
1727 1708 1999 1763 sentiam.
2040 1724 2084 1779 Β
2116 1703 2323 1757 Veniat
2354 1719 2511 1757 nunc
2549 1704 2810 1758 Christus
2838 1708 3045 1768 vester,
3080 1704 3126 1757 si
3157 1709 3368 1775 potest,
3404 1711 3458 1760 et
3489 1707 3663 1761 vobis
3695 1706 3777 1761 la-

346 1795 508 1848 Tunc
548 1794 923 1861 Aurelianus,
959 1796 1260 1861 Quamvis,
1313 1797 1524 1869 inquit,
1561 1798 1778 1853 multas
1811 1814 2002 1869 nugas

347 1880 640 1946 eﬂundas,
663 1886 721 1936 et
742 1882 982 1938 simules
1003 1891 1054 1939 te
1069 1886 1364 1940 cruciatus
1389 1902 1506 1942 non
1541 1887 1772 1951 sentire,
1789 1885 2002 1941 faciam

348 1975 572 2034 tamen,
633 1979 696 2027 ut
753 1971 974 2027 diutius
1033 1975 1327 2040 crucieris,
1397 1981 1450 2030 et
1507 1975 1814 2031 doloribus
1872 1992 2006 2030 suc-

351 2060 621 2114 cumbas.
659 2062 781 2115 Non
827 2061 995 2128 sinet,
1030 2063 1221 2134 inquit
1269 2063 1386 2130 illa,
1440 2065 1700 2121 Christus
1733 2067 1878 2138 ipse,
1910 2081 2004 2120 me

350 2164 626 2220 unquam
659 2165 693 2203 a
742 2155 794 2204 te
848 2151 1133 2221 superari.
1189 2152 1287 2207 Ille
1344 2159 1450 2218 est,
1498 2155 1600 2225 qui
1651 2154 1795 2209 mihi
1826 2169 2002 2225 opem

349 2237 522 2293 affert
551 2243 604 2293 et
634 2245 875 2304 nunc,et
906 2255 1140 2311 semper
1161 2241 1234 2296 ad
1256 2242 1434 2297 ﬁnem
1463 2259 1654 2316 usque
1687 2243 2004 2314 opitulabi-

352 2331 465 2389 tur,
501 2342 622 2397 quo
654 2327 838 2398 ipsius
864 2328 1214 2398 potentiam,
1249 2336 1304 2385 et
1333 2338 1597 2386 nostram
1630 2331 2007 2386 Chrisitiano-

348 2430 486 2469 rum
513 2415 859 2486 patientiam
915 2431 1273 2485 cognoscere
1331 2419 1542 2490 possis.
1594 2422 1668 2474 'I‘e
1715 2435 1850 2474 vero
1879 2421 2006 2491 ipse

355 2506 508 2558 Deus
544 2519 711 2558 meus
730 2510 949 2560 aeterno
981 2505 1104 2574 igni
1134 2507 1337 2577 puniet
1397 2531 1408 2573 ;
1469 2509 1661 2578 exiget
1710 2509 1922 2564 enima
1953 2514 2006 2564 te

355 2593 592 2647 animas
623 2609 774 2664 quas
802 2593 1130 2664 perdidisti.

429 2680 518 2735 VI.
547 2681 646 2735 His
677 2681 874 2737 verbis
899 2684 1089 2753 magis
1116 2685 1725 2751 exarsitAurelianus,
1757 2693 1812 2743 et
1838 2687 2008 2758 jussit

356 2769 610 2825 lebetem
633 2770 847 2835 afferri,
877 2787 946 2826 ac
997 2774 1185 2843 picem
1245 2775 1303 2827 in
1354 2790 1491 2829 eum
1546 2777 1776 2845 conjici,
1830 2783 2009 2847 atque

355 2859 559 2929 ignem
595 2859 845 2914 multum
874 2860 1026 2916 infra
1057 2861 1314 2920 lebetem
1349 2865 1614 2934 accendi,
1637 2866 1718 2921 ita
1748 2870 1809 2920 ut
1836 2881 2009 2920 nemo

359 2948 608 3019 propius
635 2949 916 3004 accedere
931 2951 1346 3020 posset.Jussit
1369 2960 1565 3008 autem
1599 2953 1658 3008 in
1691 2953 1855 3009 illum
1874 2971 2013 3010 con-

2116 1791 2464 1846 borantibus
2490 1807 2665 1862 opem
2695 1791 2918 1846 atterat.
2945 1793 3271 1864 Respondit
3295 1795 3488 1849 statim
3513 1795 3776 1850 Aurelia-

2116 1896 2193 1935 no
2213 1880 2443 1934 Juliana
2461 1899 2471 1937 :
2492 1880 2810 1935 Nobiscum
2826 1880 3008 1936 hocin
3028 1880 3154 1936 loco
3173 1882 3452 1946 Christus,
3481 1890 3586 1948 est,
3607 1884 3777 1939 nobis

2114 1986 2287 2040 opem
2308 1968 2497 2032 affert,
2527 1985 2720 2042 neque
2750 1971 2887 2024 sinit
2921 1970 2998 2025 ab
3027 1970 3162 2042 igne
3184 1987 3293 2026 nos
3319 1974 3498 2043 tangi.
3525 1975 3606 2028 Tu
3633 1989 3776 2028 vero

2114 2058 2277 2113 illum
2312 2074 2432 2113 nou
2462 2058 2644 2123 vides,
2705 2075 2842 2113 cum
2898 2059 3026 2128 ejus
3078 2059 3310 2115 visione
3368 2061 3649 2130 indignus
3674 2063 3775 2116 sis.

2115 2149 2323 2202 Moneo
2364 2154 2416 2203 te
2456 2147 2785 2211 Aureliane,
2832 2153 2893 2202 ut
2945 2149 3244 2204 insaniam
3296 2150 3471 2205 istam
3514 2151 3773 2215 omittas,

2119 2243 2173 2292 et
2201 2237 2276 2292 ad
2296 2237 2593 2293 Christum
2624 2239 2896 2306 accedas,
2917 2253 3058 2292 nam
3089 2239 3135 2292 si
3159 2239 3208 2293 ei
3232 2239 3470 2294 credere
3494 2240 3776 2305 volueris,

2119 2332 2172 2382 tc
2213 2327 2657 2396 resipiscentem
2697 2327 3087 2397 amplectetur
3118 2344 3251 2383 cum
3286 2329 3584 2399 benignus
3612 2330 3686 2385 sit
3711 2345 3781 2384 ac

2121 2415 2474 2478 misericors,
2503 2420 2556 2469 et
2580 2415 2846 2470 humana
2888 2421 3133 2486 peccata
3182 2417 3500 2473 condonet.
3556 2417 3778 2482 Quodsi

2119 2519 2238 2558 non
2273 2503 2608 2566 credideris,
2643 2509 2865 2558 mterno
2888 2503 3028 2572 igno
3062 2504 3347 2574 punieris.

2194 2594 2277 2645 IX.
2313 2591 2490 2658 Magis
2519 2591 2706 2646 iratus
2749 2599 2836 2646 est
2864 2591 3238 2661 Aurelianus,
3293 2595 3549 2664 etjussit
3587 2594 3782 2650 carni-

2120 2680 2262 2734 ﬁces
2292 2680 2481 2750 capite
2506 2679 2788 2746 truncari,
2820 2681 2995 2751 quasi
3041 2683 3326 2753 pecunias
3375 2699 3407 2736 a
3437 2683 3784 2738 Christianis

2123 2769 2508 2839 accepissent,
2529 2774 2590 2824 ut
2615 2768 2726 2823 illis
2751 2776 3079 2839 parcerent.
3098 2771 3242 2824 Cum
3271 2787 3407 2826 vero
3425 2772 3503 2826 ad
3527 2777 3779 2826 mortem

2122 2866 2556 2921 deducerentur
2585 2865 2917 2936 carniﬁces,
2953 2867 3303 2924 hortabatur
3326 2885 3421 2923 eos
3449 2868 3666 2924 Paulus
3693 2869 3785 2925 his

2125 2953 2319 3008 verbis
2349 2974 2360 3012 :
2397 2953 2579 3008 Nolite
2607 2953 2835 3018 timere,
2859 2971 3051 3027 neque
3083 2956 3239 3010 enim
3266 2957 3322 3010 in
3347 2963 3636 3011 aeternum
3661 2974 3786 3013 mo-

353 3036 457 3107 jici
492 3037 737 3091 Paulum
754 3038 1140 3095 etJulianam.
1170 3039 1437 3107 Quicum
1457 3042 1711 3097 fuissent
1737 3045 2008 3115 conjecti,
2048 3063 2089 3118 ρ
2126 3042 2379 3105 riemini,
2419 3043 2524 3096 sed
2562 3047 2905 3097 sanctorum
2936 3045 3251 3116 participes
3295 3045 3480 3100 futuri
3530 3046 3683 3109 estis,
3721 3049 3780 3100 et

360 3125 570 3181 oculos
601 3126 660 3180 in
684 3127 1301 3196 caalumerigeutes,ac
1325 3135 1614 3203 tanquam
1641 3148 1759 3187 uno
1774 3133 2012 3188 eodem-

360 3230 480 3286 que
531 3230 631 3269 ore
666 3221 993 3285 precantes,
1026 3217 1152 3272 haec
1191 3219 1510 3275 dicebant:
1554 3223 1800 3277 Domine
1861 3223 2014 3277 Deus

358 3309 600 3375 patrum
631 3308 990 3373 nostrorum,
1034 3306 1356 3372 Abraham,
1394 3309 1551 3364 Isaac
1608 3318 1660 3366 et
1685 3311 1887 3377 Jacob,
1913 3312 2012 3384 qui

358 3390 717 3448 descendisti
751 3392 808 3446 iu
842 3392 1143 3448 fornacem
1187 3394 1340 3465 ignis
1387 3397 1463 3452 ad
1497 3398 1760 3465 Sidrach,
1799 3401 2015 3455 Misach

360 3485 418 3536 et
452 3480 778 3551 Abdenago
827 3481 885 3536 in
957 3483 1272 3554 Babylonis
1324 3488 1586 3556 regione,
1631 3504 1822 3560 neque
1884 3489 2015 3544 illos

363 3569 502 3638 igne
535 3569 666 3624 laedi
692 3570 1043 3640 permisisti:
1077 3579 1156 3636 tu,
1196 3575 1442 3630 Domine
1472 3578 1606 3630 Jesu
1641 3579 1881 3642 Christe,
1915 3578 2015 3633 lux

362 3659 464 3714 illa
499 3659 815 3727 immensa,
851 3661 1034 3716 Patris
1068 3665 1412 3735 mysterium
1465 3670 1521 3720 et
1552 3667 1760 3736 gloria,
1797 3668 2016 3739 Deique

362 3740 635 3795 altissimi
662 3741 920 3807 dextera,
956 3743 1058 3814 qui
1082 3743 1265 3800 homo
1295 3745 1484 3801 factus
1517 3753 1757 3819 propter
1779 3755 2019 3819 peccata

363 3834 569 3884 nostra
598 3828 746 3884 inter
776 3829 1050 3886 homines
1077 3839 1341 3889 versatus
1376 3851 1459 3898 es,
1502 3835 1580 3890 da
1621 3837 1868 3892 salutem
1899 3837 2018 3892 ani-

363 3918 767 3990 mabus,quas
789 3919 1064 3975 inimicus
1090 3921 1366 3977 diabolus
1380 3923 1709 3980 miserrime
1737 3927 2019 3998 deceptas

363 4012 761 4079 etcorruptas,
782 4025 971 4080 usque
999 4011 1072 4064 ad
1089 4011 1646 4068 inﬁmamtartareaa
1665 4014 1823 4069 sedis
1849 4030 2019 4070 vora-

365 4095 567 4166 ginem
619 4097 932 4153 detrudere
975 4107 1259 4155 conatur:
1292 4103 1807 4174 quemadmodum
1840 4111 2018 4159 Aure-

363 4185 568 4240 lianus
617 4187 743 4250 iste,
792 4187 981 4259 ipsius
1033 4189 1255 4245 diaboli
1288 4191 1637 4263 discipulus,
1667 4209 1824 4249 nunc
1857 4195 2014 4250 facit.

365 4277 498 4330 Haac
527 4291 665 4330 cum
696 4275 775 4330 illi
810 4283 1120 4347 precantes
1152 4279 1460 4346 dixissent,
1496 4283 1593 4352 pix
1627 4282 2018 4338 effervescens

365 4363 424 4418 in
450 4364 710 4434 gelidam
735 4381 955 4436 aquam
973 4382 1261 4423 conversa
1275 4375 1380 4434 est,
1410 4371 1487 4425 ita
1503 4378 1562 4424 ut
1580 4373 1679 4442 qui
1706 4379 2021 4443 praesentes

364 4460 555 4519 erant,
585 4454 680 4508 Dei
713 4455 1040 4525 potentiam
1071 4456 1530 4514 admirarentur.

439 4543 556 4596 VII.
577 4543 1181 4601 Nihilominustamen
1196 4548 2024 4623 Aurelianus,pr0priofurore

365 4647 714 4702 oppressus,
753 4636 867 4688 Deo
900 4633 1150 4703 gloriam
1178 4653 1295 4692 non
1321 4639 1628 4705 reddebat,
1649 4640 1753 4694 sed
1778 4641 2024 4710 magicis

367 4719 600 4776 artibus
633 4736 703 4776 ea
731 4722 858 4776 ﬁeri
890 4723 1288 4780 existimabat.
1330 4727 1511 4782 .Iussit
1539 4734 1748 4800 postea
1771 4747 1801 4785 e
1839 4729 2025 4785 lebete

368 4806 500 4864 illos
522 4809 767 4874 extrahi,
811 4811 867 4865 in
896 4812 1108 4881 quibus
1155 4829 1262 4868 nec
1292 4815 1438 4886 picis
1471 4817 1620 4872 odor
1651 4818 1863 4889 aliquis
1902 4819 2028 4874 ine-

366 4903 456 4952 rat
481 4916 494 4950 :
519 4899 662 4968 quin
689 4897 864 4953 etiam
896 4915 1089 4971 neque
1121 4903 1180 4956 in
1213 4902 1399 4958 lebete
1431 4903 1596 4976 ipsos
1624 4905 1770 4978 picis
1800 4908 2025 4978 aliquid

366 4986 674 5041 inventum
700 4993 806 5052 est,
844 4989 950 5043 sed
985 4996 1214 5045 tantum
1239 4991 1453 5063 frigida
1494 5011 1670 5066 aqua.
1725 4999 1884 5051 Tunc
1913 5004 2025 5052 Au-

363 5075 628 5130 relianus
655 5093 666 5130 :
703 5078 1155 5145 Existimatisne,
1184 5081 1393 5152 inquit,
1419 5100 1537 5148 eos,
1567 5084 1671 5156 qui
1701 5093 2023 5160 praesentes

365 5170 523 5227 sunt,
550 5180 584 5218 a
603 5166 773 5219 vobis
803 5167 1214 5224 circumveniri
1231 5171 1533 5236 etadduci,
1553 5180 1614 5228 ut
1637 5181 1842 5244 putent
1859 5177 2023 5231 auxi-

362 5251 509 5308 lium
543 5270 577 5308 a
612 5256 727 5308 Deo
755 5261 946 5309 vestro
1005 5257 1172 5312 vobis
1205 5258 1469 5326 allatum,
1517 5268 1572 5315 et
1611 5279 1732 5317 non
1775 5265 2022 5334 magicis

360 5343 561 5414 potius
578 5343 805 5398 artibus
821 5343 943 5399 hzec
959 5345 1106 5401 facta
1127 5348 1286 5402 esse?
1303 5351 1426 5403 Non
1444 5350 1655 5422 ita,per
1675 5352 1819 5408 deos
1835 5354 2015 5424 ipsos,

360 5446 456 5486 res
475 5447 538 5487 se
552 5431 1030 5499 habebit;faciam
1042 5435 1209 5503 ,enim
1226 5443 1281 5492 ut
1297 5438 1648 5496 cruciatibus
1662 5441 2017 5513 aﬂ‘ecti,igne

360 5536 506 5575 cons
519 5521 1079 5599 umamini,nisidiis
1098 5526 1242 5595 ipsis
1261 5525 1534 5584 victimas
1551 5528 1899 5586 obtuleritis.
1930 5531 2016 5588 Ad

2125 3131 2378 3186 caelestis
2398 3132 2561 3200 regni
2590 3131 2877 3186 haeredes.
2907 3135 3036 3187 Haec
3055 3149 3192 3188 cum
3216 3134 3526 3189 audissent
3551 3134 3788 3190 carniﬁ-

2127 3238 2244 3286 ces,
2279 3223 2685 3285 constiterunt,
2720 3221 2794 3276 ita
2829 3224 3010 3276 Deum
3060 3233 3295 3278 orantes
3330 3240 3343 3289 ;
3386 3224 3628 3278 Domine
3650 3226 3787 3279 Jesu

2128 3311 2374 3376 Christe,
2408 3327 2586 3381 quem
2633 3311 2842 3365 Paulus
2865 3317 2920 3366 et
2949 3311 3186 3367 Juliana
3218 3313 3555 3384 prmdicant,
3579 3314 3786 3369 adesto

2127 3400 2317 3464 nobis,
2359 3405 2414 3454 et
2444 3402 2502 3453 in
2535 3399 2902 3454 confessione
2933 3405 3036 3455 tua
3069 3399 3158 3456 fac
3186 3417 3294 3457 nos
3322 3403 3608 3473 perfectos
3636 3418 3785 3467 esse,

2127 3488 2416 3561 quoniam
2449 3487 2592 3542 nihil
2621 3487 2759 3543 mali
2801 3488 3062 3554 fecimus,
3086 3496 3141 3544 et
3162 3492 3467 3545 morimur.
3497 3493 3626 3546 Ilaec
3647 3507 3785 3546 cum

2127 3578 2439 3640 dixissent,
2467 3576 2803 3632 obtruncati
2845 3583 2999 3632 sunt.
3060 3581 3277 3634 Eorum
3305 3579 3472 3648 alter,
3517 3581 3785 3644 Quadra-

2128 3671 2220 3720 tus
2263 3682 2276 3731 ;
2306 3666 2474 3729 alter,
2506 3666 2757 3721 Acacius
2777 3665 3103 3720 dicebatur.

2203 3757 2261 3808 X.
2298 3755 2391 3809 His
2419 3753 2594 3821 igitur
2653 3754 2926 3824 martyrio
2957 3754 3414 3820 consummatis,
3465 3755 3646 3827 jussit
3674 3757 3786 3810 Au-

2130 3844 2387 3900 relianus
2420 3843 2566 3898 alios
2621 3844 2928 3897 carniﬁces
2984 3844 3185 3911 ignem
3229 3842 3457 3908 afferre,
3519 3844 3574 3898 et
3608 3860 3789 3915 supra

2131 3935 2421 3989 carbones
2445 3933 2528 3987 sal
2543 3949 2879 4004 aspergere,
2899 3939 2956 3988 ut
2975 3933 3125 4003 ignis
3151 3933 3275 4005 ipse
3292 3935 3670 3988 vehementer
3695 3950 3789 3989 ac-

2131 4023 2498 4079 cenderetur.
2553 4025 2699 4077 Tum
2743 4022 2978 4078 Juliana
3017 4041 3028 4077 :
3066 4023 3399 4090 Aureliane,
3440 4023 3650 4094 inquit,
3679 4025 3786 4094 'I‘y-

2133 4128 2318 4167 ranne
2344 4116 2401 4165 et
2424 4111 2662 4177 nefarie,
2698 4128 2803 4167 cur
2837 4112 3092 4182 teipsum
3122 4111 3378 4180 afﬂigis?
3417 4111 3594 4166 Video
3627 4114 3788 4167 enim

2135 4207 2186 4258 te
2218 4201 2485 4267 cruciari,
2511 4202 2858 4256 etomnibus
2878 4201 3071 4256 modis
3093 4201 3288 4256 furore
3320 4201 3624 4256 detentum
3645 4201 3788 4257 afﬂi-

2134 4291 2211 4360 gi,
2245 4290 2504 4361 denique
2539 4295 2599 4344 ut
2656 4294 2994 4360 serpentem
3035 4289 3293 4360 aliquem
3354 4289 3785 4354 exsibilantem,

2134 4395 2428 4434 venenum
2469 4383 2678 4434 contra
2709 4395 2816 4434 nos
2870 4378 3173 4434 effundere
3205 4397 3220 4449 ;
3282 4379 3385 4434 sed
3414 4379 3555 4434 nihil
3590 4384 3789 4434 tamen

2135 4468 2432 4540 proﬁcies,
2461 4484 2595 4521 cum
2629 4470 2781 4522 Deus
2810 4467 2936 4538 ipse
2968 4484 3075 4522 nos
3107 4467 3466 4532 corroboret,
3499 4474 3558 4523 ut
3581 4484 3790 4539 pravas

2135 4564 2266 4613 tuas
2303 4557 2690 4627 cogitationes
2740 4557 3030 4611 sustinere
3063 4557 3386 4628 possimus.
3417 4556 3621 4629 Itaque
3653 4573 3792 4612 cum

2135 4647 2421 4702 adversus
2436 4661 2546 4700 nos
2559 4644 2702 4700 nihil
2716 4646 2947 4701 efficere
2968 4645 3436 4717 potueris,magis
3453 4645 3788 4711 erubesces,

2135 4742 2188 4791 et
2219 4753 2253 4790 a
2285 4735 2459 4789 nobis
2489 4735 2631 4807 ipsis
2659 4735 3008 4790 abstinebis.
3040 4735 3391 4790 Aurelianus
3441 4734 3620 4804 jussit
3661 4735 3790 4790 illos

2135 4823 2376 4887 exsolvi,
2410 4828 2467 4879 et
2505 4824 2562 4878 in
2604 4839 2902 4879 carcerem
2939 4823 3193 4889 detrudi,
3228 4829 3405 4895 atque
3444 4823 3606 4893 ligna
3637 4839 3792 4894 quaa-

2134 4915 2272 4969 dam
2305 4913 2552 4968 maximi
2583 4913 2863 4984 ponderis
2897 4912 2955 4966 in
2997 4928 3202 4967 eorum
3237 4913 3495 4967 cervices
3537 4913 3787 4983 imponi,

2135 5002 2316 5074 pedes
2356 5001 2533 5057 etiam
2567 5000 2959 5072 compedibus
2999 5001 3189 5070 ligari,
3224 5001 3446 5056 catenis
3475 5016 3686 5055 manus
3716 5001 3790 5057 de

2134 5090 2359 5154 vinciri,
2391 5095 2446 5146 et
2486 5089 2703 5145 ferreos
2730 5089 2927 5144 clavos
2965 5090 3167 5154 sterni,
3199 5089 3393 5144 utillis
3426 5090 3791 5157 conﬁgeren-

2135 5187 2225 5235 tur
2257 5196 2450 5250 neque
2490 5179 2954 5234 Christianorum
2989 5179 3246 5250 aliquem
3283 5179 3537 5250 permitti
3571 5178 3647 5234 ad
3688 5195 3789 5235 eos

2133 5269 2380 5340 ingredi,
2411 5284 2483 5323 ne
2532 5268 2700 5323 cibus
2725 5268 3052 5323 afferretur.
3107 5268 3239 5323 Illos
3280 5269 3455 5338 igitur
3483 5269 3789 5324 carniﬁces

2129 5357 2191 5412 in
2219 5373 2516 5412 carcerem
2547 5357 2863 5422 duxerunt,
2908 5373 3167 5429 quaeque
3208 5357 3284 5412 ab
3317 5357 3632 5412 Aureliano
3658 5358 3787 5428 jus-

2131 5446 2178 5500 si
2218 5445 2465 5513 fuerant,
2508 5446 2587 5500 eis
2649 5446 2933 5502 fecerunt.
2987 5448 3132 5501 Cum
3186 5462 3326 5502 vero
3381 5446 3577 5502 media
3617 5451 3788 5504 nocte

2128 5541 2419 5607 martyres
2464 5536 2651 5590 Deum
2684 5540 3087 5606 precarentur,
3116 5535 3212 5592 lux
3243 5536 3521 5608 quaedam
3565 5551 3789 5607 magna
