4096 6220
510 218 614 269 579

1887 207 2142 264 MRNSIS
2183 205 2572 266 AUGUSTUS.

3829 216 3924 271 580

511 339 727 399 eﬁulsit
764 339 822 394 in
863 352 1119 402 carcere,
1172 339 1226 390 et
1292 333 1540 406 angelus
1595 352 1796 390 coram
1837 335 1949 389 illis
1991 338 2161 396 stetit,
2198 345 2243 398 Α
2280 335 2680 399 ettemerarie,
2709 351 2959 394 curuam
2993 341 3121 390 haec
3149 334 3424 392 facinora
3440 341 3651 394 contra
3671 339 3923 396 Christia-

510 429 718 501 cisque
745 427 887 481 dixit
917 442 928 479 :
961 423 1137 480 Paule
1163 429 1217 476 et
1246 421 1498 488 Juliana,
1531 425 1681 478 servi
1741 424 1838 478 Dei
1871 419 2160 487 altissimi,

511 518 730 586 surgite
764 523 816 570 et
849 517 1034 569 Deum
1058 517 1242 567 orate.
1274 514 1406 567 Haec
1432 512 1578 568 dixit
1603 513 1866 580 angelus,
1896 516 1948 566 et
1967 509 2040 565 ad
2061 523 2162 563 eos

509 605 751 662 accessit
778 622 789 658 :
824 620 892 658 ac
913 603 1112 658 statim
1130 601 1542 666 instrumenta,
1564 601 1783 672 quibus
1815 615 2023 654 eorum
2048 596 2160 652 col-

507 696 564 751 la
578 695 895 750 constricta
911 695 1098 754 erant,
1122 689 1322 758 tetigit,
1349 689 1668 760 statimque
1693 695 1807 744 tam
1836 687 1954 752 illa,
1973 702 2157 758 quam

505 783 735 854 reliqua
767 782 957 837 ferrea
986 777 1501 848 etligneavincnla
1524 778 1846 845 confracta,
1867 777 1942 832 de
1969 775 2160 846 justo-

505 890 660 936 rum,
677 877 1008 941 martyrum
1029 869 1378 939 corporibus
1398 866 1774 921 exciderunt:
1797 866 1932 920 duae
1958 869 2155 919 autem

506 961 680 1016 sedes
700 959 915 1032 pannis
947 963 1162 1022 stratae,
1189 963 1242 1010 et
1276 972 1481 1011 mensa
1495 972 1696 1011 coram
1714 956 1856 1026 ipsis
1878 954 2030 1008 illico
2057 968 2154 1024 ap-

506 1050 700 1122 posita
740 1055 846 1112 est,
881 1046 1218 1114 omnigenis
1256 1044 1485 1100 ferculis
1511 1044 1707 1115 plena,
1751 1044 1952 1114 eisque
1985 1057 2160 1113 ange—

505 1139 596 1194 lus
635 1139 829 1193 dixit:
868 1136 1084 1204 Venite,
1140 1134 1506 1205 requiescite,
1554 1139 1610 1188 et
1665 1133 1862 1187 cibum
1922 1133 2154 1191 sumite,

504 1244 684 1300 quem
709 1227 866 1281 misit
901 1225 1069 1278 vobis
1092 1224 1226 1276 Jesu
1261 1222 1544 1277 Christus.
1572 1221 1782 1277 Paulus
1822 1225 1878 1276 et
1900 1221 2152 1284 Juliana,

504 1315 854 1379 earelzetati,
878 1313 1322 1368 discubuerunt.
1342 1313 1609 1381 Cumque
1634 1326 1849 1380 panem
1877 1310 2074 1379 ipsunt
2094 1309 2152 1362 in

501 1422 718 1461 manus
735 1403 1116 1473 sumpissent,
1141 1405 1196 1454 et
1223 1398 1428 1454 oculos
1460 1399 1519 1452 in
1541 1399 1756 1453 caelum
1802 1399 2147 1461 crexissent,

504 1497 621 1549 Deo
646 1493 755 1564 ipsi
789 1491 1008 1559 gratias
1065 1495 1331 1556 egerunt,
1383 1492 1438 1542 et
1494 1487 1608 1542 cibi
1665 1486 1981 1557 participes
2013 1485 2147 1540 facti

501 1586 662 1640 sunt.
694 1581 974 1634 Viderunt
1002 1577 1253 1632 carceris
1287 1577 1565 1632 custodes
1591 1575 1783 1630 lucem
1824 1574 1984 1629 illam
2024 1590 2146 1628 ma-

2276 435 2385 474 nos
2412 427 2646 490 patrare
2678 423 2916 480 audes?
2967 425 3267 489 Quidnam
3317 423 3599 480 homines
3643 427 3754 482 Deo
3811 446 3923 484 ser-

2273 508 2495 564 vientes
2513 512 2962 576 commiserunt,
2981 519 3042 566 ut
3064 514 3143 566 ita
3178 513 3499 568 crudeliter
3525 519 3581 568 et
3600 515 3922 574 immaniter

2271 612 2374 652 eos
2399 600 2625 654 crucies
2651 606 2773 656 ?An
2795 602 2939 674 quia
2963 602 3255 657 Christum
3285 603 3566 657 omnium
3597 605 3918 663 dominato-

2269 701 2394 741 rem
2426 696 2784 744 venerantur
2806 691 2833 744 ?
2866 693 2991 746 Ilch
3012 706 3149 746 cum
3185 691 3421 746 audiret
3451 694 3822 759 Aurelianus,
3847 696 3916 751 ita

2268 775 2593 847 obstupuit,
2625 785 2685 834 ut
2723 779 2871 835 hora
2903 796 3023 835 una
3047 786 3248 834 mutus
3270 783 3643 836 remanserit.
3671 784 3915 840 Tandem

2269 866 2692 936 respondens:
2755 869 2917 922 Tune
2979 869 3181 933 etiam,
3267 870 3486 942 inquit,
3588 874 3916 940 Stratonice,

2269 953 2520 1009 istorum
2550 956 2808 1012 stultitiae
2831 963 3008 1028 atque
3023 958 3270 1012 insaniae
3287 959 3593 1031 particeps
3611 959 3797 1016 factus
3813 963 3914 1016 es?

2268 1050 2354 1097 An
2406 1044 2655 1100 Juliana:
2696 1046 3073 1117 pulchritudo
3108 1054 3160 1100 te
3188 1048 3443 1120 decepit,
3470 1054 3526 1103 et
3548 1050 3680 1119 ejus
3720 1051 3912 1121 jucun-

2267 1131 2357 1186 dis
2384 1135 2765 1189 sermonibus
2819 1135 3064 1191 allectus
3109 1151 3172 1191 es
3200 1136 3228 1192 ?
3269 1139 3646 1194 Stratonicus
3679 1155 3808 1194 cum
3861 1141 3911 1195 in

2264 1220 2481 1276 caelum
2513 1223 2717 1278 oculos
2748 1223 3047 1290 erexisset,
3083 1225 3220 1280 dein
3252 1226 3504 1281 Paulum
3531 1243 3600 1282 ac
3633 1227 3911 1283 Julianam

2261 1311 2319 1364 in
2342 1311 2506 1380 ligno
2560 1329 2856 1382 supensos
2923 1314 3467 1385 circumspexisset,
3531 1317 3723 1370 crucis
3755 1318 3908 1385 signo

2259 1400 2548 1467 munitus,
2581 1400 2817 1456 illorum
2847 1406 3124 1472 aspectus
3157 1402 3299 1457 tales
3322 1403 3492 1468 vidit,
3514 1403 3718 1474 quales
3743 1421 3906 1474 angc-

2254 1487 2450 1543 lorum
2495 1490 2590 1544 Dei
2615 1489 2794 1544 facies
2825 1506 2951 1544 esse
2983 1491 3192 1545 solent.
3226 1493 3354 1546 Mox
3386 1494 3668 1554 accurrit,
3695 1500 3746 1548 et
3784 1493 3906 1548 deo-

2254 1593 2387 1632 rnm
2419 1593 2587 1633 aram
2611 1577 2874 1634 calcibus
2905 1579 3295 1641 conculcavit.
3323 1597 3590 1652 eamque
3633 1586 3900 1646 evertens,

501 1686 712 1739 gnam;
748 1684 1004 1738 cumque
1036 1666 1110 1720 ad
1135 1681 1237 1719 eos
1267 1671 1504 1736 repente
1529 1664 1958 1729 introivissent,
1981 1663 2143 1734 quod
2176 1706 2216 1759 Β
2254 1667 2363 1720 ait:
2387 1669 2466 1721 En
2488 1667 3054 1736 etegoChrislianus
3075 1685 3206 1722 sum
3231 1684 3245 1734 ;
3266 1668 3458 1724 facias
3482 1670 3897 1742 licetquidquid

500 1761 720 1815 factum
759 1758 947 1812 fuerat
971 1756 1322 1816 didicerunt,
1356 1754 1520 1825 ipsos
1550 1753 1795 1824 insuper
1825 1752 2146 1808 comeden-

497 1853 601 1912 tes,
628 1851 686 1902 et
714 1848 930 1901 hilares
952 1844 1136 1898 factos
1171 1844 1461 1897 viderunt.
1497 1844 1700 1913 Itaque
1740 1859 1878 1896 cum
1910 1840 2022 1895 illis
2057 1856 2148 1894 re-

499 1937 842 1992 cumbentes
864 1940 919 1988 et
949 1933 1061 2004 ipsi
1103 1932 1508 1996 comederunt,
1556 1934 1790 2001 Deoque
1822 1930 2058 1985 laudem
2092 1935 2147 1986 et

494 2025 740 2095 gloriam
770 2023 1083 2087 dederunt,
1117 2021 1217 2091 qui
1275 2020 1452 2074 talem
1485 2021 1734 2086 gratiam
1789 2019 1918 2072 ﬁliis
1956 2019 2145 2074 homi-

493 2130 639 2168 num
663 2111 1024 2173 contulisset,
1055 2110 1131 2164 ita
1169 2115 1228 2161 ut
1248 2109 1512 2179 plerique
1535 2125 1602 2163 ex
1638 2108 1780 2179 ipsis
1816 2110 1929 2162 Deo
1955 2108 2143 2163 credi-

491 2202 707 2265 derint,
733 2208 784 2255 et
815 2198 1126 2253 Christiani
1157 2198 1471 2251 evaserint.

565 2293 650 2346 ΧΙ.
682 2288 871 2345 Tertio
902 2294 1038 2356 post
1063 2287 1156 2340 die
1183 2285 1558 2350 Aurelianus,
1592 2302 1731 2341 cum
1772 2285 1828 2340 in
1864 2285 2140 2340 tribunali

491 2380 760 2442 sedisset,
788 2377 963 2448 jussit
993 2381 1234 2430 sanctos
1277 2381 1566 2446 martyres
1603 2375 1853 2428 Paulum
1883 2381 1937 2430 et
1964 2374 2138 2429 Julia-

492 2485 632 2525 nam
662 2468 798 2522 illuc
824 2465 980 2531 duci,
1013 2463 1230 2536 quibus
1257 2466 1340 2518 ait
1374 2483 1385 2519 :
1421 2469 1508 2518 An
1540 2465 1808 2519 nondum
1849 2470 2138 2520 tormenta

488 2559 620 2630 ipsa
651 2573 756 2612 vos
795 2557 1145 2616 docuerunt,
1179 2557 1242 2607 ut
1271 2554 1346 2608 ab
1378 2552 1491 2607 ista
1518 2553 1752 2608 insania
1786 2561 1972 2608 vestra
2023 2554 2139 2608 dis-

489 2647 731 2711 cedatis,
760 2650 816 2700 et
843 2644 989 2699 deos
1021 2643 1331 2706 adeuntes,
1364 2642 1477 2696 illis
1531 2641 1798 2697 victimas
1829 2643 2088 2698 offeratis
2109 2643 2136 2697 Τ

486 2740 637 2802 Hinc,
680 2734 871 2807 inquit
898 2735 1129 2797 Paulus,
1161 2732 1404 2788 stultitia
1433 2732 1578 2787 mihi
1618 2733 1707 2801 sit,
1746 2739 1801 2786 et
1831 2733 2132 2799 omnibus,

485 2829 588 2899 qui
623 2830 806 2881 Deum
847 2824 1045 2895 ipsum
1071 2822 1344 2889 diligunt.
1381 2822 1544 2889 Quod
1569 2822 1726 2876 enim
1758 2824 2008 2878 stultum
2051 2830 2133 2879 est

487 2916 612 2978 Dei,
626 2915 945 2983 sapientius
962 2919 1043 2966 est
1060 2910 1422 2974 hominibus;
1443 2917 1493 2964 et
1517 2909 1811 2977 sapientia
1830 2910 2131 2966 hominum

486 3004 739 3058 stultitia
769 3001 1029 3068 estapud
1053 3001 1261 3054 Deum.
1283 2998 1586 3067 Desipiens
1606 2998 1867 3068 profecto
1901 3005 1956 3053 et
1979 3000 2130 3055 insa-

2252 1755 2412 1810 libet.
2481 1759 2694 1812 Furore
2748 1772 3035 1812 accensus
3102 1757 3484 1822 Aurelianus,
3552 1759 3730 1828 jussit
3781 1759 3897 1829 ejus

2253 1845 2740 1914 caputabscindi.
2758 1847 3024 1916 Cumque
3043 1846 3399 1902 sententiam
3419 1847 3899 1918 imperatortulis-

2254 1939 2360 2000 set,
2390 1933 2547 1987 venit
2578 1933 2654 1988 ad
2682 1951 2821 1989 eum
2855 1934 3053 1988 locum
3088 1935 3147 1988 in
3173 1950 3296 2005 quo
3328 1936 3686 2007 martyrium
3721 1936 3898 1990 obitu-

2253 2038 2352 2076 rus
2405 2029 2530 2078 erat
2564 2023 2703 2088 ;ubi
2744 2040 2878 2078 cum
2922 2021 3512 2092 genuainclinasset,
3560 2025 3644 2080 ita
3684 2026 3893 2080 oravit:

2252 2111 2500 2165 Domine
2526 2112 2663 2166 Jesu
2693 2111 2939 2176 Christe,
2972 2128 3152 2182 quem
3182 2111 3406 2167 Paulus
3440 2120 3492 2168 et
3514 2115 3746 2168 Juliana
3775 2128 3894 2167 con-

2249 2198 2501 2265 ﬁtentes,
2535 2200 2734 2256 invicti
2777 2207 3130 2271 permanent
3173 2216 3208 2254 a
3241 2200 3558 2257 divinitate
3592 2210 3690 2258 tua
3716 2217 3890 2256 serva-

2251 2289 2372 2354 ti,et
2395 2289 2693 2344 Aureliani
2715 2290 3090 2361 tyrannidem
3111 2287 3588 2356 confundentes;
3616 2299 3887 2362 tu,quaeso

2249 2382 2303 2432 et
2330 2378 2596 2434 animam
2622 2394 2817 2433 meam
2846 2379 3049 2448 accipe
3075 2379 3133 2432 in
3165 2378 3403 2434 cmleste
3432 2396 3682 2449 regnum
3714 2385 3884 2442 tuum,

2247 2468 2755 2540 meam,inquam,
2779 2465 3566 2538 animam,quibrevissimae
3584 2469 3738 2524 horai
3763 2483 3884 2537 spa-

2244 2557 2323 2611 tio
2351 2573 2571 2611 nomen
2605 2564 2769 2612 tuum
2803 2557 3111 2611 confessus
3169 2572 3324 2622 sum,
3387 2562 3679 2630 praesente
3724 2563 3881 2612 Aure-

2241 2645 2419 2700 liano.
2466 2646 2560 2701 His
2590 2646 2783 2710 dictis,
2834 2647 2928 2701 ille
2982 2650 3162 2717 caput
3220 2647 3509 2712 extendit,
3544 2653 3597 2701 et
3626 2643 3878 2702 carniﬁce

2242 2733 2632 2790 obtruncatus
2694 2739 2801 2790 est.
2863 2736 3168 2791 Venerunt
3213 2743 3420 2792 autem
3480 2734 3798 2796 Christiani,
3827 2737 3878 2786 et

2243 2823 2370 2893 ejus
2399 2823 2678 2896 reliquias
2707 2824 3092 2894 collegerunt.

2313 2995 2458 3050 XIII.
2495 2995 2709 3050 Paulus
2752 3013 2889 3052 vero
2935 3003 2992 3053 et
3051 2999 3288 3055 Juliana
3350 3000 3648 3056 cruciatus
3676 2994 3876 3052 fortiter

483 3108 601 3148 nus
624 3106 836 3152 essem,
865 3089 910 3142 si
952 3104 986 3142 a
1033 3089 1152 3142 Deo
1191 3088 1320 3157 ipso
1366 3086 1668 3148 deficiens,
1713 3086 2018 3142 daemones
2041 3105 2129 3144 ve-
2168 3066 2209 3121 C
2241 3085 2632 3140 sustinebant.
2665 3087 2825 3140 Tunc
2852 3087 3201 3142 Aurelianus
3266 3089 3573 3144 Julianam
3629 3085 3871 3141 affatus:

485 3187 635 3234 stros
649 3178 925 3234 colerem.
947 3176 1062 3230 Den
1075 3191 1149 3229 no
1169 3173 1643 3240 Aurelianus,bili
1663 3176 1935 3245 percitus,
1956 3177 2131 3245 jussit

485 3268 613 3323 illos
661 3268 719 3321 in
772 3265 933 3332 ligno
975 3263 1284 3334 suspendi,
1334 3269 1390 3319 et
1418 3263 1688 3318 cruciari.
1725 3267 1794 3319 At
1831 3265 1910 3319 illi
1944 3268 2126 3320 Deum

481 3361 741 3420 orantes,
773 3355 901 3408 haec
921 3352 1200 3407 dicebant
1232 3374 1243 3404 :
1299 3351 1546 3407 Domine
1593 3353 1730 3407 Jesu
1758 3353 1996 3419 Christe,
2028 3354 2128 3410 Fili

483 3445 582 3500 Dei
636 3444 907 3508 viventis,
967 3441 1068 3496 lux
1119 3440 1607 3506 Christianorum,
1656 3447 1710 3496 et
1766 3442 1934 3506 ﬁdes,
1995 3459 2129 3514 quae

478 3549 674 3606 neque
703 3532 958 3600 concuti,
1012 3547 1205 3604 neque
1257 3531 1334 3586 ab
1382 3531 1738 3586 adversariis
1776 3533 2126 3602 expugnari,

479 3629 582 3679 aut
626 3621 872 3677 dissolvi
961 3626 1152 3691 potest
1205 3637 1217 3674 :
1276 3619 1527 3675 ostende
1574 3621 1783 3674 faciem
1831 3627 2014 3691 tuam,
2073 3625 2128 3677 et

477 3713 652 3769 nobis
685 3727 861 3783 opem
880 3710 1267 3780 feras,neque
1298 3725 1407 3764 nos
1429 3710 1717 3764 destituas
1732 3717 1972 3781 propter
1991 3727 2124 3766 san-

474 3809 638 3859 ctum
667 3816 887 3856 nomen
910 3804 1099 3854 tuum.
1136 3797 1282 3854 Cum
1306 3798 1482 3867 igitur
1499 3798 1802 3852 carnifices
1823 3799 2128 3855 diutiusil—

474 3892 563 3948 los
589 3890 941 3954 cruciarent,
957 3896 1013 3943 et
1029 3887 1291 3944 Christus
1311 3904 1517 3942 eorum
1537 3889 1831 3942 cruciatus
1856 3889 2120 3945 sublevar

473 3987 580 4044 ret,
598 3980 744 4035 nihil
765 3980 1012 4035 omnino
1031 3985 1321 4048 martyres
1341 3982 1634 4032 tormenta
1651 3977 1749 4032 illa
1767 3977 2118 4034 sentiebant.

547 4071 653 4126 XII.
691 4072 848 4124 Unus
874 4084 1013 4122 vero
1053 4083 1084 4122 e
1117 4065 1511 4130 carniﬁcibus,
1568 4066 1809 4120 nomine
1842 4067 2122 4122 Stratoni-

474 4177 601 4223 cus,
631 4175 762 4214 cum
803 4162 981 4212 staret
1014 4159 1088 4212 ad
1120 4155 1422 4210 sinistrum
1451 4155 1692 4210 .lulianae
1721 4155 1896 4219 latus,
1927 4162 1982 4210 et
2010 4163 2121 4210 tor-

474 4253 675 4304 menta
697 4247 754 4301 in
787 4263 919 4303 eam
950 4246 1202 4309 inferret,
1262 4245 1391 4314 ejus
1433 4244 1867 4314 pulchritudine
1894 4252 2116 4314 captus,

476 4353 693 4393 manus
724 4337 799 4391 ab
822 4352 890 4391 ea
922 4335 1284 4390 continebat.
1314 4334 1494 4404 Cujus
1522 4348 1764 4388 sensum
1793 4340 1970 4404 atque
1996 4335 2119 4389 ani-

2239 3175 2281 3230 O
2310 3175 2576 3238 scelesta,
2610 3175 2820 3246 inquit,
2854 3181 2910 3230 et
2949 3176 3136 3247 impia
3165 3177 3539 3241 muliercula,
3589 3169 3870 3246 quomodo

2237 3263 2294 3317 in
2312 3264 2617 3317 tormentis
2634 3264 2945 3331 exsistens,
2965 3265 3309 3320 carniﬁcem
3323 3265 3598 3336 decipere
3627 3255 3867 3333 potuisti,

2236 3351 2409 3422 eique
2437 3352 2641 3406 mortis
2671 3368 2919 3407 causam
2950 3351 3159 3408 afferre
3181 3355 3207 3408 ?
3228 3357 3353 3409 Non
3385 3370 3548 3424 ergo,
3581 3349 3760 3421 inquit
3782 3349 3866 3400 Ju-

2234 3440 2413 3504 liana,
2438 3440 2601 3495 illum
2629 3441 2856 3512 decepi,
2895 3441 2984 3496 vel
3019 3443 3224 3497 mortis
3256 3459 3508 3500 causam
3541 3439 3721 3502 attuli,
3772 3431 3862 3488 sed

2233 3531 2334 3600 qui
2367 3546 2459 3584 me
2490 3529 2813 3599 assumpsit
2840 3530 3009 3584 Iesus
3042 3531 3326 3599 Christus,
3360 3533 3455 3587 ille
3495 3531 3618 3602 ipse
3645 3533 3696 3581 et
3721 3526 3861 3579 hunc

2233 3619 2485 3688 dignum
2513 3620 2664 3684 fecit,
2693 3635 2762 3675 ac
2791 3620 3065 3684 vocavit;
3099 3620 3210 3675 nisi
3232 3622 3392 3677 enim
3420 3623 3636 3690 dignus
3659 3615 3858 3670 fuisset.

2233 3725 2543 3780 nunquam
2576 3709 2653 3763 ad
2685 3709 2946 3780 martyrii
2968 3709 3226 3779 palmam
3259 3710 3565 3781 pervenire
3584 3703 3855 3778 potuisset.

2231 3798 2395 3852 Illum
2422 3797 2598 3867 igitur
2625 3798 2683 3852 in
2707 3813 2892 3868 regno
2914 3798 3201 3854 caelorum
3230 3800 3695 3871 requiescentem
3715 3787 3858 3860 aspi-

2231 3888 2366 3952 cies,
2409 3894 2462 3941 te
2492 3889 2714 3941 veroin
2754 3887 3029 3958 geheneae
3067 3887 3315 3943 ﬂamma
3377 3887 3573 3960 puniri
3640 3879 3854 3937 senties.

2227 3981 2386 4033 Tunc
2411 3975 2654 4047 quidem
2697 3982 2902 4046 pectus
2935 3983 3121 4040 tuum,
3157 3977 3380 4043 infelix,
3409 3974 3706 4048 percuties,
3733 3981 3850 4022 rum

2227 4065 2563 4121 inferiorem
2594 4064 2920 4129 hominem,
2955 4071 3140 4136 teipso
3167 4067 3327 4135 apud
3384 4066 3674 4124 Christum
3728 4071 3856 4129 pm-

2226 4154 2570 4209 stantiorem
2627 4153 2873 4218 videbis,
2909 4160 2963 4209 et
3006 4154 3211 4209 dolore
3251 4153 3522 4218 affectus,
3567 4143 3851 4206 clamabis,

2228 4243 2324 4299 Dei
2357 4241 2826 4298 misericordiam
2859 4243 3210 4314 implorans,
3243 4259 3430 4314 quam
3469 4250 3656 4298 tamen
3683 4238 3852 4304 impe-

2227 4337 2375 4387 trare
2408 4347 2526 4386 non
2559 4331 2802 4402 poteris.
2830 4335 2961 4386 Post
2991 4332 3307 4402 haecjussit
3338 4332 3680 4388 Aurelianus
3734 4320 3847 4376 ilics

474 4443 641 4482 mum
669 4442 804 4481 cum
832 4425 1008 4480 beata
1039 4429 1093 4477 et
1124 4429 1330 4477 sancta
1356 4422 1588 4477 Juliana
1611 4429 2019 4490 cognosceret,
2040 4423 2117 4477 si-
2149 4431 2194 4485 D
2224 4438 2254 4477 e
2282 4421 2442 4489 ligno
2470 4421 2850 4483 detractos,in
2874 4436 3170 4476 carcerem
3204 4421 3540 4476 interiorem
3571 4405 3843 4472 concludi,

472 4517 726 4572 nistrum
750 4513 960 4584 pedem
995 4512 1271 4576 extendit,
1303 4518 1358 4565 et
1388 4511 1546 4565 calce
1570 4509 1730 4564 illum
1764 4511 2113 4567 verberans:

473 4602 856 4669 Satratonice,
890 4602 1102 4672 inquit,
1137 4600 1227 4654 fac
1257 4600 1417 4670 quod
1446 4600 1653 4667 jussus
1693 4615 1754 4652 es
1788 4616 1822 4654 a
1862 4605 2117 4670 tyranno

469 4691 808 4755 Aureliano,
834 4705 1027 4760 neque
1059 4703 1325 4742 manusa
1356 4705 1449 4741 me
1481 4687 1788 4742 contineas
1810 4687 1953 4743 mihi
1985 4705 2116 4759 par-

469 4797 610 4837 cens
645 4796 659 4846 ;
689 4795 800 4848 ego
841 4779 998 4832 enim
1045 4777 1237 4832 habeo
1279 4776 1502 4844 Regem
1544 4791 1743 4830 meum
1797 4775 2114 4831 Dominum

465 4871 667 4925 Jesum
700 4869 1018 4931 Christum,
1048 4867 1234 4920 Deum
1261 4872 1569 4929 aeternum,
1603 4870 1658 4918 et
1712 4865 1930 4920 animae
1971 4881 2118 4920 mea;

465 4965 823 5023 Curatorem,
860 4957 962 5027 qui
990 4955 1290 5026 corporeis
1348 4953 1655 5008 laboribus
1689 4970 1780 5007 me
1831 4955 2118 5020 sublevat,

466 5054 644 5120 atque
703 5048 782 5102 ita
836 5052 1154 5116 praesentes
1207 5043 1504 5096 cruciatus
1550 5057 1670 5096 non
1729 5043 1935 5096 sentio.
1990 5045 2120 5099 Htec

467 5154 603 5192 cum
639 5136 1004 5192 Stratonicus
1038 5133 1383 5198 audivisset,
1424 5131 1622 5186 statim
1663 5147 1886 5195 ensem,
1938 5149 2118 5203 quem

465 5241 650 5280 manu
671 5222 1167 5292 tenebat,abjecit;
1185 5235 1443 5291 cumque
1461 5220 1534 5275 ad
1554 5219 2118 5277 lribunalAureliani

465 5313 843 5377 cucurrisset,
871 5312 1140 5367 clamans
1196 5327 1210 5365 :
1258 5310 1590 5374 Aureliane,
1623 5308 1836 5380 inquit,
1873 5315 2120 5380 tyranne

535 5517 555 5547 ³
591 5517 605 5569 Ι
635 5515 766 5570 Cor.
797 5529 832 5578 ι,
866 5516 954 5576 20,
977 5517 1064 5568 25.

2225 4515 2281 4566 et
2309 4525 2539 4574 omnes,
2573 4508 2868 4565 veneficos
2902 4525 2971 4564 ac
3023 4509 3480 4579 praastigiatores
3519 4499 3726 4564 vocari,
3757 4492 3844 4566 (ἰυί

2228 4599 2378 4654 feras
2396 4614 2624 4665 omnes,
2660 4613 3051 4671 quascunque
3091 4598 3400 4662 haberent,
3433 4590 3840 4654 acerbissimas,

2225 4687 2338 4743 hoc
2369 4693 2476 4750 est,
2512 4688 2768 4758 viperas,
2825 4687 3083 4758 aspides,
3128 4693 3386 4742 cerastes
3435 4702 3505 4742 ac
3558 4681 3839 4738 dracones,

2225 4775 2524 4841 afferrent,
2564 4783 2624 4830 ut
2652 4792 2770 4831 una
2801 4791 2938 4830 cum
2969 4775 3150 4830 Paulo
3207 4781 3263 4831 et
3291 4776 3521 4832 Juliana
3545 4773 3602 4827 in
3633 4771 3839 4822 carcere

2225 4864 2736 4920 concluderentur.
2753 4866 2897 4919 Cum
2916 4865 3092 4932 igitur
3121 4864 3275 4919 feras
3301 4864 3643 4920 attulissent,
3658 4861 3840 4925 quem-

2226 4955 2558 5008 admodum
2618 4970 2653 5008 a
2701 4958 2955 5024 tyranno
2997 4953 3146 5022 jussi
3199 4953 3453 5020 fuerant,
3507 4943 3670 5006 simul
3717 4948 3833 4992 cum

2227 5043 2408 5099 Paulo
2435 5049 2488 5098 et
2513 5043 2751 5097 Juliana
2801 5059 2901 5096 eas
2940 5043 3373 5098 concluserunt.
3413 5035 3718 5112 Serpebant
3746 5038 3839 5080 au-

2229 5136 2344 5188 tem
2400 5132 2536 5186 ferae
2593 5132 2724 5196 illas,
2757 5138 2813 5186 et
2851 5132 2926 5186 ad
2973 5132 3152 5202 pedes
3184 5132 3494 5188 beatorum
3534 5124 3832 5209 martyrum

2228 5220 2593 5286 assidehant,
2621 5221 2857 5275 intentis
2912 5220 3156 5293 quidem
3204 5220 3391 5276 oculis
3441 5228 3635 5274 eorum
3678 5207 3833 5262 facies

2230 5309 2605 5382 aspicientes,
2639 5309 2744 5365 sed
2773 5309 2920 5365 nihil
2945 5315 3146 5366 tamen
3185 5315 3487 5366 nocentes.
3518 5297 3712 5361 Paulus
3738 5301 3829 5345 au-
