4096 6220
224 227 313 281 581
1292 224 1733 284 MARTYRIUM
1760 223 1862 280 SS.
1915 222 2127 280 PAULI
2161 222 2249 278 ET
2269 222 2608 280 JUIJANAS.

3538 228 3644 280 582

222 359 334 405 tem
371 359 423 405 et
451 350 687 407 Juliana
714 350 1007 409 sedebant
1038 351 1379 425 psallentes,
1431 359 1489 409 et
1526 356 1712 409 Deum
1754 350 1876 407 colo
1909 351 1954 404 A
1990 348 2273 419 indignus
2295 366 2357 405 es
2374 357 2431 404 et
2456 348 2734 404 alienus?
2760 348 2938 403 Jussit
2963 346 3317 404 Aurelianus
3333 350 3640 409 Julianum

220 437 561 495 laudantes.

292 529 431 584 XIV.
461 531 802 585 Manserunt
841 536 1040 586 autem
1086 536 1391 603 serpentes
1439 530 1550 587 illa;
1597 538 1713 586 tres
1749 529 1878 585 dies

219 622 274 671 et
300 622 417 671 tres
451 624 653 672 noctes
667 634 803 674 cum
834 619 1655 691 martyribusclausm.Terti0
1680 625 1880 675 autem

220 703 313 759 die
343 703 510 759 misit
527 705 883 762 Aurelianus
907 708 1019 762 sub
1041 708 1232 764 noctis
1258 714 1512 780 tempus,
1531 708 1875 777 utdisceret,

222 808 295 848 an
329 808 366 848 a
397 794 777 865 serpentibus
808 798 1149 868 consumpti
1176 804 1390 852 essent.
1425 800 1739 861 Venerunt,
1775 795 1877 868 qui

222 882 391 937 missi
424 882 657 939 fuerant
692 884 770 939 ad
802 901 938 939 eum
965 885 1161 941 locum
1190 903 1200 942 :
1236 901 1496 957 cumque
1527 886 1605 942 ad
1626 887 1877 957 januam

222 972 642 1036 accessissent,
672 989 796 1041 eos,
830 975 1102 1045 psalmos
1135 981 1416 1031 canentes
1442 980 1498 1030 et
1528 975 1712 1029 Deum
1753 974 1879 1027 lau-

223 1060 458 1125 dantes,
486 1061 862 1118 audiverunt.
892 1064 1036 1118 Cum
1056 1080 1195 1120 vero
1226 1064 1731 1122 aecuratiusscire
1764 1062 1879 1117 vel-

220 1147 359 1213 lent,
388 1166 508 1220 quo
538 1157 712 1221 pacto
745 1167 834 1206 res
867 1168 927 1206 se
970 1152 1236 1221 haberet,
1269 1153 1671 1209 ascenderunt
1709 1153 1767 1206 in
1796 1151 1879 1208 lo-

220 1254 357 1293 cum
392 1238 721 1310 quemdam
760 1241 1153 1312 superiorem.
1210 1242 1375 1298 Unde
1416 1258 1520 1314 per
1556 1240 1877 1297 fenestram

221 1326 532 1399 speculati,
578 1327 851 1383 viderunt
884 1329 1132 1386 Paulum
1165 1330 1471 1385 sedentem
1523 1330 1699 1385 simul
1740 1345 1877 1385 cum

222 1431 429 1470 sorore
470 1432 581 1472 sua
628 1417 882 1483 Juliana,
925 1424 980 1473 et
1038 1419 1321 1488 angelum
1383 1420 1477 1475 Dei
1530 1425 1786 1474 stantem
1818 1419 1877 1473 in

220 1510 553 1575 conspectu
586 1504 867 1569 ferarum,
911 1522 1097 1579 neque
1129 1510 1565 1579 permittentem
1598 1507 1752 1563 feras
1784 1524 1877 1563 ac-

220 1592 451 1647 cedere.
487 1591 886 1650 Cucnrrerunt
906 1595 1083 1664 igitur
1105 1595 1203 1663 illi,
1232 1604 1288 1652 et
1308 1597 1626 1653 Aureliano
1656 1598 1876 1666 omnia,

1992 439 2306 505 semoveri,
2334 442 2392 493 et
2419 436 2663 492 Paulum
2705 436 2908 491 reduci
2941 436 3073 502 ;cui
3106 436 3266 492 dixit.
3301 441 3402 504 En,
3437 439 3637 507 Paule,

1991 544 2157 582 soror
2188 534 2287 581 tua
2318 526 2590 599 promisit
2643 525 2784 581 mihi
2841 541 2902 581 se
2962 525 3073 581 diis
3127 526 3638 595 sacrificaturam;

1989 632 2125 688 quae
2164 616 2386 672 idcirco
2428 615 2571 671 mihi
2619 631 2767 670 uxor
2793 614 2923 684 erit,
2967 613 3263 685 totiusque
3316 618 3478 686 regni
3524 618 3637 674 mei

1988 704 2256 760 domina.
2295 705 2408 761 Fac
2440 706 2615 774 igitur
2658 712 2713 759 et
2743 711 2798 759 tu
2849 703 3014 775 quod
3045 703 3199 767 dico,
3234 708 3292 758 et
3341 706 3502 761 sinas
3535 707 3640 762 tibi

1989 794 2335 865 persuaderi
2370 800 2431 851 ut
2452 792 2567 848 diis
2589 792 2905 847 sacriﬁcos.
2931 790 3018 845 Ad
3041 792 3161 846 haec
3184 791 3399 848 Paulus
3430 810 3442 849 :
3469 794 3638 862 Vere,

1988 883 2199 955 inquit,
2248 883 2528 938 mentitus
2559 898 2644 946 es,
2674 881 2854 952 idque
2895 887 2994 936 tuo
3049 880 3209 935 malo
3252 896 3267 946 ;
3329 882 3435 938 sed
3492 884 3641 941 nihil

1988 971 2251 1027 alienum
2276 971 2456 1027 fecisti
2484 988 2519 1027 a
2546 970 2725 1041 patris
2758 970 2838 1025 tui
2871 968 3093 1024 diaboli
3128 969 3467 1043 disciplina,
3502 990 3639 1030 cum

1989 1059 2039 1115 id
2074 1059 2277 1124 facias,
2310 1060 2476 1131 quod
2524 1058 2617 1115 ille
2671 1058 2866 1114 solet:
2912 1074 3105 1130 neque
3159 1059 3317 1114 enim
3374 1060 3638 1134 aliquem

1989 1148 2297 1221 subripere
2361 1148 2628 1219 potestis,
2662 1147 2772 1204 nisi
2837 1147 3155 1202 mendacia
3216 1149 3634 1219 confingendo.

1990 1239 2099 1294 Sed
2126 1236 2341 1293 frustra
2389 1236 2652 1302 laboras,
2694 1252 2957 1308 namque
3013 1252 3117 1291 nos
3149 1251 3269 1291 non
3325 1237 3586 1311 decipies
3622 1256 3637 1307 ;

1989 1342 2062 1381 ne
2094 1326 2140 1381 si
2163 1328 2340 1382 totius
2361 1326 2605 1398 quidem
2632 1326 2794 1382 orbis
2820 1334 3108 1381 terrarum
3126 1326 3446 1395 imperium
3463 1328 3638 1385 nobis

1991 1414 2366 1487 pollicereris.
2408 1414 2662 1480 Minime,
2703 1415 2972 1487 inquam,
3034 1429 3144 1469 nos
3210 1415 3639 1474 circumvenire

1988 1502 2225 1576 poteris.

2062 1592 2215 1647 XVII.
2247 1593 2569 1664 Quousque
2598 1592 2860 1657 tandem,
2895 1593 3085 1666 inquit
3108 1595 3641 1666 Aurelianus,inju-

219 1698 357 1753 qua:
384 1681 677 1747 viderant,
703 1685 1060 1741 nuntiarunt.
1106 1687 1366 1741 Surrexit
1405 1686 1755 1741 Aurelianus
1794 1688 1880 1741 di-
1915 1696 1957 1751 Β
1989 1682 2141 1737 riam
2161 1681 2491 1737 nobisfacis
2518 1683 2545 1738 ?
2571 1687 2793 1737 Annon
2808 1683 3394 1755 erubescis,nugator
3417 1690 3475 1741 et
3504 1685 3639 1740 insi-

221 1769 442 1836 lnculo,
489 1777 546 1827 et
570 1772 722 1827 sedit
769 1789 875 1843 pro
907 1774 1203 1839 tribunali,
1248 1782 1302 1830 et
1349 1775 1528 1845 jussit
1585 1776 1879 1831 veneﬁcos

222 1858 383 1915 feras
414 1876 555 1915 suas
585 1859 743 1916 illinc
772 1877 1042 1929 evocare,
1074 1869 1131 1918 et
1159 1871 1452 1935 martyres
1491 1864 1625 1920 duci
1671 1864 1747 1920 ad
1782 1865 1878 1921 tri-

225 1946 427 2004 bunal.
462 1952 852 2005 Accesserunt
884 1952 1124 2007 venefici
1155 1970 1226 2009 ac
1246 1953 1520 2025 januam,
1549 1961 1605 2009 et
1630 1952 1784 2010 feras
1810 1970 1880 2011 eo

221 2039 435 2099 modo,
464 2054 581 2109 quo
612 2038 902 2103 solebant,
927 2056 1143 2097 vocare
1172 2049 1502 2114 ceperunt.
1543 2046 1689 2100 Cum
1738 2059 1879 2100 vero

220 2125 360 2182 ferte
388 2128 535 2198 ipsa:
591 2127 703 2182 illis
762 2145 882 2185 non
921 2130 1253 2199 obedirent,
1291 2132 1543 2202 januam
1589 2134 1876 2204 patefece-

218 2222 382 2280 runt,
411 2222 467 2271 et
498 2217 631 2272 ferai
663 2232 778 2273 uno
809 2219 1037 2289 impetu
1066 2236 1277 2276 omnes
1300 2221 1588 2288 exierunt,
1616 2228 1673 2278 et
1697 2238 1880 2294 quos-

217 2320 459 2377 cunque
492 2306 758 2361 intideles
796 2308 1069 2364 homines
1110 2325 1295 2380 prope
1334 2310 1586 2381 januam
1642 2313 1879 2369 invene-

217 2403 381 2456 runt,
415 2394 615 2450 statim
673 2395 1037 2464 interfecere,
1079 2405 1135 2455 et
1164 2399 1241 2454 ad
1272 2399 1509 2456 deserta
1545 2400 1681 2457 loca
1711 2401 1878 2458 aufu-

222 2488 459 2552 gerunt.

300 2572 670 2628 XV.Carceris
687 2579 883 2629 autem
917 2576 1197 2632 custodes
1225 2577 1543 2633 Paulumet
1573 2577 1875 2634 Julianam

216 2660 299 2715 ad
338 2660 642 2717 Aureliani
686 2662 943 2719 tribunal
990 2664 1310 2721 duxerunt.
1333 2668 1643 2737 Tyrannus
1702 2668 1878 2737 igitur

216 2766 326 2804 eos
354 2749 616 2816 intuens,
652 2767 721 2807 ac
753 2751 954 2808 ridens
989 2770 1001 2808 :
1030 2754 1296 2819 Beatum,
1322 2755 1533 2827 inquit,
1564 2772 1658 2811 me
1699 2756 1876 2812 hodie

215 2842 523 2905 existimo,
551 2841 715 2912 quod
732 2847 926 2898 vestra
948 2845 1377 2900 consuetudine
1411 2844 1575 2901 fruor
1596 2845 1876 2914 ;fortasse

215 2929 379 2983 enim
411 2945 698 2999 magnum
726 2931 950 3003 aliquid
981 2949 1017 2988 a
1058 2933 1225 2988 vobis
1265 2933 1653 2997 lucrifaciam,
1688 2942 1740 2989 et
1773 2951 1877 3007 per

1990 1770 2159 1825 diens
2195 1773 2223 1824 ?
2258 1772 2363 1824 Per
2394 1771 2537 1826 deos
2558 1772 2719 1843 ipsos
2757 1786 2867 1840 ego
2898 1772 3169 1828 omnium
3197 1790 3484 1845 generum
3524 1778 3637 1830 tor-

1992 1859 2207 1915 mentis
2239 1858 2523 1929 aﬂligam,
2559 1863 2617 1914 et
2645 1875 2823 1915 nemo
2852 1877 2882 1915 e
2918 1862 3196 1917 manibus
3228 1864 3375 1920 meis
3406 1864 3637 1919 auferre

1990 1952 2221 2020 poterit.
2239 1948 2423 2003 Jussit
2450 1948 2626 2017 igitur
2653 1950 2851 2019 ignem
2875 1948 3157 2018 aﬂ'erri,et
3178 1952 3635 2023 quatuordecim

1991 2038 2189 2107 virgas
2218 2037 2687 2109 ferreas,easque
2714 2038 2770 2091 in
2789 2037 2989 2108 ignem
3017 2040 3315 2111 conjici,et
3334 2040 3505 2097 valde
3537 2057 3636 2097 ac-

1988 2125 2161 2180 cendi
2197 2141 2209 2179 :
2228 2132 2347 2180 tum
2366 2124 2522 2181 Pauli
2545 2141 2759 2181 manus
2784 2131 2840 2181 et
2862 2126 3043 2197 pedes
3064 2128 3638 2201 ligari,ferreumque

1987 2218 2217 2269 vectem
2249 2213 2398 2269 inter
2439 2230 2654 2270 manus
2695 2222 2751 2268 et
2788 2214 2970 2285 pedes
3008 2216 3188 2287 injici,
3224 2224 3279 2273 et
3319 2218 3377 2273 in
3420 2224 3638 2274 terram

1986 2303 2190 2373 defigi,
2224 2320 2294 2359 ac
2328 2303 2411 2357 sic
2443 2303 2623 2371 virgis
2654 2304 2853 2372 ignitis
2881 2303 3043 2360 binis
3076 2321 3180 2376 per
3210 2305 3368 2361 vices
3392 2306 3637 2363 l’aulum

1987 2392 2235 2463 percuti,
2310 2392 2546 2447 Juliana
2611 2407 2752 2446 vero
2830 2392 3005 2462 jussit
3062 2395 3120 2449 in
3176 2394 3449 2467 lupanari
3503 2411 3640 2452 con-

1987 2480 2385 2552 stitui.ltaque
2420 2479 2967 2546 multieturbailla,
3008 2498 3143 2553 quea
3185 2484 3634 2550 circumstabat,

1986 2568 2213 2624 scelesti
2245 2576 2300 2624 et
2332 2567 2537 2623 nefarii
2568 2567 2868 2635 homines,
2889 2571 3153 2625 certatim
3173 2573 3634 2638 contendebant,

1985 2658 2120 2729 quis
2136 2658 2211 2713 ad
2232 2673 2367 2712 eam
2391 2656 2621 2728 primus
2640 2658 3064 2725 ingrederetur.
3102 2662 3447 2715 Erantenim
3478 2660 3639 2715 velut

1985 2746 2117 2818 equi
2147 2745 2504 2811 hinnientes,
2536 2744 2665 2815 ejus
2707 2745 2912 2816 puellae
2948 2747 3142 2803 forma
3199 2749 3440 2803 incitati.
3490 2752 3637 2805 Cum

1985 2852 2125 2890 vero
2165 2837 2227 2889 in
2257 2850 2327 2891 eo
2356 2834 2509 2901 loco,
2550 2836 2609 2888 in
2649 2850 2771 2905 quo
2814 2834 3165 2892 Aurelianus
3184 2837 3460 2907 jusserat,
3494 2854 3639 2893 con-

1987 2924 2186 2979 stituta
2225 2928 2402 2992 esset,
2436 2924 2629 2979 statim
2663 2923 2908 2991 angelus
2938 2924 3171 2980 Domini
3227 2926 3534 2982 descendit
3564 2926 3638 2982 de

214 3017 369 3073 deos
392 3018 578 3089 ipsos,
603 3019 650 3073 si
680 3020 925 3091 quidem
957 3022 1100 3077 mihi
1133 3038 1336 3078 verum
1360 3023 1652 3094 dixeritis,
1691 3024 1876 3079 multa
1910 3049 1952 3105 ρ
1988 3012 2159 3105 οφιον
2187 3016 2250 3105 ρῐ
2305 3012 2449 3105 αἰξί)
2484 3026 2505 3105 ε.
2557 3014 2635 3067 ΝΘ
2699 3014 2929 3080 timeas:
2995 3012 3233 3105 ἀφίειηᾷ
3280 3032 3306 3105 -ς
3354 3014 3638 3070 Dominus

215 3111 277 3161 et
302 3122 531 3176 magna
559 3106 722 3163 dona
759 3125 795 3164 a
823 3127 917 3164 me
957 3111 1315 3182 percipietis,
1349 3120 1403 3167 et
1435 3114 1600 3181 regni
1637 3116 1748 3168 mei
1771 3129 1877 3183 po-

216 3200 405 3251 testas
438 3210 619 3267 penes
646 3210 753 3252 vos
775 3198 1185 3271 erit.Nunquid
1206 3217 1313 3256 vos
1334 3200 1515 3256 deum
1544 3202 1875 3273 Apollinem

217 3290 604 3355 praesentem,
654 3289 713 3341 et
768 3288 941 3343 vobis
998 3289 1410 3359 opilulantem.
1475 3298 1538 3346 ut
1583 3292 1784 3346 audivi
1842 3306 1878 3345 a

218 3372 594 3445 quibusdam
635 3375 1123 3445 speculatoribus,
1182 3378 1463 3434 vidistis?
1492 3382 1625 3446 Nos,
1688 3380 1875 3450 inquit

219 3462 702 3525 Paulus,uullum
720 3465 1055 3536 Apollinem
1080 3470 1645 3537 cognovimus,nam
1666 3486 1877 3524 sumus

218 3566 291 3606 ex
330 3566 537 3605 eorum
564 3567 832 3618 numero,
862 3554 1086 3626 quibus
1109 3559 1261 3611 Deus
1282 3556 1535 3612 salutem
1554 3558 1733 3614 dedit.
1752 3558 1877 3612 Tua

222 3655 368 3693 vero
401 3639 607 3694 anima
646 3641 720 3696 ad
757 3649 1005 3698 mortem
1059 3661 1246 3716 usque
1301 3646 1533 3717 perdita
1587 3654 1692 3702 est.
1751 3651 1873 3703 Non

219 3728 383 3783 enim
409 3731 597 3799 sapis,
614 3746 806 3802 neque
823 3732 1168 3802 resipiscere
1195 3734 1282 3788 vis
1302 3751 1316 3800 ;
1336 3735 1485 3807 quin
1507 3736 1629 3791 imo
1652 3737 1878 3792 multus

220 3816 562 3888 tyrannidis
596 3824 709 3873 tua:
740 3818 904 3876 furor
929 3820 1007 3877 ad
1028 3821 1467 3894 blasphemiam
1489 3832 1539 3879 te
1567 3826 1876 3891 convertit,

223 3906 453 3978 quippe
494 3905 596 3977 qui
645 3907 948 3977 angelum,
983 3926 1160 3982 quem
1196 3911 1355 3967 misit
1388 3914 1672 3968 Dominus
1710 3916 1877 3969 Jesus

228 3994 500 4050 Christus
544 3994 622 4050 ad
660 3996 1000 4053 obturanda
1048 4016 1153 4055 ora
1198 4009 1563 4071 serpentum,
1605 4018 1739 4073 quae
1778 4009 1880 4058 tua

226 4088 320 4138 est
350 4085 692 4153 arrogantia
716 4093 772 4141 et
794 4090 1109 4153 temeritas,
1125 4088 1460 4161 Apollinem
1494 4090 1677 4147 fuisse
1707 4092 1877 4146 dicis.

224 4174 391 4227 Tunc
450 4173 636 4227 iratus
678 4175 1057 4241 Aurelianus,
1102 4177 1280 4247 jussit
1332 4178 1628 4249 plumbeis
1694 4180 1880 4250 globis

228 4260 399 4315 Pauli
450 4261 727 4317 maxillas
771 4264 1077 4331 contundi,
1114 4274 1291 4338 atque
1332 4267 1409 4322 illi
1468 4268 1581 4323 dici
1626 4272 1752 4324 :Ne
1805 4271 1881 4325 ita

225 4349 575 4420 insipienter
605 4358 660 4406 et
725 4359 1069 4422 arroganter
1098 4354 1379 4427 loquaris,
1438 4373 1573 4412 cum
1632 4359 1786 4413 scias
1827 4366 1878 4415 te
1913 4397 1955 4450 Ο

224 4436 577 4508 imperatori
599 4441 890 4496 assistere.

304 4525 439 4580 XVI.
482 4528 659 4583 Jussit
691 4534 897 4599 postea
941 4546 972 4585 e
1025 4530 1307 4588 tribunali
1349 4532 1592 4590 Paulum
1635 4534 1875 4600 abduci,

223 4614 605 4670 etlulianam
646 4616 776 4689 ejus
831 4633 1094 4674 sororem
1136 4636 1337 4677 coram
1373 4622 1515 4689 sisti,
1562 4640 1747 4695 quam
1787 4624 1880 4679 his

224 4702 430 4757 verbis
461 4719 775 4775 aggressus
804 4713 893 4762 est
921 4730 931 4761 :
968 4706 1207 4776 Qumso,
1231 4711 1447 4767 animae
1470 4727 1617 4767 mete
1631 4713 1880 4769 domina

222 4791 480 4859 Juliana,
508 4809 732 4865 qutnso,
760 4796 1031 4867 inquam,
1064 4805 1116 4853 et
1143 4806 1198 4854 te
1229 4800 1535 4864 hortor,ne
1566 4801 1764 4856 fratris
1799 4800 1880 4857 tui

228 4880 522 4937 insaniam
584 4882 849 4938 imiteris.
892 4885 1079 4943 Video
1110 4892 1165 4942 te
1232 4888 1494 4960 puellam
1548 4890 1877 4961 prudentis-

226 4968 665 5033 simam,multa
692 4972 982 5043 sapientia
1011 4974 1308 5032 refertam.
1347 4977 1706 5049 Obtempera
1745 4996 1880 5035 con-

226 5057 371 5111 siliis
398 5059 561 5122 meis,
590 5066 644 5113 et
665 5060 981 5117 columnas
1010 5079 1223 5121 aureas
1250 5081 1352 5136 per
1373 5072 1562 5122 totum
1586 5074 1879 5123 terrarum

224 5146 458 5212 orbem,
493 5153 593 5203 tuo
646 5151 888 5206 nomine
938 5151 1274 5227 inscriptas,
1316 5155 1566 5224 erigam.
1606 5154 1769 5211 Tunc
1800 5157 1880 5212 illi

221 5234 495 5292 Juliana:
528 5237 783 5304 Minime,
835 5242 1046 5313 inquit,
1096 5258 1190 5298 me
1219 5244 1505 5317 decipies,
1562 5245 1879 5301 Aureliane

223 5328 481 5395 tyranne
512 5330 568 5382 et
593 5326 930 5399 impie.Non
981 5330 1410 5389 circumvenies
1470 5332 1569 5389 Dei
1609 5333 1879 5391 altissimi

223 5427 489 5469 servam.
530 5417 608 5469 Ne
631 5416 776 5471 mihi
805 5423 1092 5475 aeternam
1124 5427 1376 5477 mortem
1408 5437 1718 5493 suggeras.
1761 5424 1878 5478 Vis~

221 5516 297 5557 ne
330 5516 423 5556 me
455 5503 689 5573 privare
722 5505 823 5561 Dei
850 5506 1041 5577 gloria
1062 5514 1117 5565 et
1146 5510 1365 5567 cmlesti
1404 5526 1608 5583 regno,
1656 5526 1779 5583 quo
1811 5517 1870 5567 ut

1987 3102 2145 3156 enim
2178 3103 2347 3155 .lesus
2375 3098 2631 3167 Chritus,
2657 3116 2838 3171 quem
2870 3109 2930 3156 tu
2960 3101 3126 3167 colis,
3157 3102 3317 3157 misit
3343 3119 3457 3168 me,
3496 3106 3561 3159 ut
3584 3110 3637 3159 te

1988 3196 2386 3261 protegam,et
2426 3194 2703 3245 sanctum
2737 3206 2960 3245 nomen
3003 3191 3132 3262 ejus
3166 3198 3377 3247 notum
3418 3193 3640 3248 faciam

1987 3279 2271 3334 omnibus
2305 3278 2647 3333 timentibus
2678 3294 2837 3333 eum.
2869 3281 3014 3335 Cum
3046 3296 3186 3335 vero
3218 3281 3387 3337 multi
3417 3281 3496 3337 ad
3532 3283 3642 3337 vir-

1988 3369 2187 3436 ginem
2206 3366 2779 3435 accederent,etejus
2803 3367 3239 3437 pulchritudine
3269 3370 3381 3425 frui
3409 3370 3640 3436 vellent,

1987 3455 2230 3525 angelus
2260 3455 2521 3510 excussit
2550 3471 2582 3510 e
2632 3456 2888 3526 pedibus
2952 3457 3075 3511 suis
3126 3458 3454 3529 pulverem,
3497 3462 3641 3517 etin

1988 3560 2193 3599 eorum
2221 3544 2425 3599 oculos
2450 3544 2669 3613 injecit,
2697 3544 2778 3599 ita
2808 3552 2867 3600 ut
2892 3561 2993 3600 eos
3016 3550 3345 3604 excaecarit.
3378 3551 3643 3620 Quapro-

1988 3639 2117 3705 pter
2138 3649 2331 3705 neque
2362 3632 2621 3704 amplius
2652 3633 2992 3696 cernebant.
3024 3635 3121 3691 ubi
3144 3641 3364 3702 essent,
3391 3644 3495 3693 aut
3516 3654 3639 3710 quo

1986 3722 2359 3794 irent,neque
2408 3722 2485 3777 ad
2516 3722 2680 3777 illam
2750 3724 3031 3777 accedere
3072 3731 3364 3795 poterant.
3408 3726 3471 3780 ld
3502 3742 3641 3782 cum

1989 3811 2176 3866 turbae
2200 3811 2501 3876 Vidissent,
2534 3810 2695 3881 quod
2721 3810 3149 3866 admirabiliter
3175 3812 3396 3869 factum
3428 3816 3637 3881 fuerat,

1990 3916 2111 3954 uno
2138 3899 2339 3955 animo
2367 3900 2733 3955 clamabant:
2752 3902 2994 3969 Magnus
3009 3902 3263 3957 estDeus
3287 3902 3524 3958 Pauliet
3544 3904 3641 3958 Ju-

1988 3988 2163 4044 lianaa
2192 3988 2293 4061 qui
2334 3987 2553 4060 ubique
2585 4003 2685 4042 eos
2717 3993 2910 4043 servat
2939 3993 2996 4043 et
3035 3991 3304 4060 protegit,
3339 3991 3440 4064 qui
3472 3990 3640 4048 illum

1990 4082 2213 4136 timent.
2246 4078 2355 4145 Qui
2394 4083 2594 4134 autem
2618 4080 2896 4135 excaacati
2914 4079 3168 4146 fuerant,
3189 4080 3359 4137 flexis
3383 4083 3637 4153 genibus

1992 4168 2295 4242 supplices
2316 4168 2365 4241 ej
2379 4186 2443 4222 us
2455 4183 2630 4241 opem
2652 4168 3076 4239 implorabant,
3092 4170 3351 4226 dicentes
3376 4172 3639 4229 :Juliana

1989 4275 2160 4314 serva
2193 4258 2291 4314 Dei
2322 4256 2615 4323 altissimi,
2648 4258 3025 4328 peccavimus
3054 4259 3297 4331 quidem
3329 4267 3536 4317 contra
3564 4267 3638 4329 te,

1989 4365 2125 4405 cum
2158 4347 2329 4403 stulte
2355 4352 2534 4418 atque
2584 4348 2931 4416 insipienter
2968 4362 3076 4403 nos
3111 4352 3467 4427 gesserimus
3492 4368 3506 4418 ;
3536 4349 3641 4406 sed

1989 4444 2050 4495 tu
2097 4438 2196 4505 da,
2245 4452 2619 4510 quaesumus,
2650 4436 2824 4490 nobis
2875 4438 3130 4502 veniam,
3168 4432 3227 4493 ut
3266 4438 3366 4495 Dei
3407 4456 3582 4496 serva
3622 4456 3635 4496 :

1987 4534 2044 4582 et
2071 4542 2311 4597 precare
2325 4524 2898 4588 Cbristumtuum,ut
2920 4526 3092 4580 nobis
3128 4528 3324 4583 visum
3352 4531 3638 4589 restituat.

1990 4618 2206 4671 Eorum
2249 4613 2651 4670 misericordia
2682 4620 2986 4669 commota
3009 4614 3263 4683 Juliana,
3326 4620 3639 4689 paululum

1989 4720 2161 4776 aquas
2189 4705 2448 4775 accepit:
2483 4710 2537 4758 et
2565 4719 2699 4757 cum
2745 4705 2951 4757 oculos
2979 4704 3036 4758 in
3063 4705 3280 4761 ccelum
3311 4709 3635 4777 extulisset,

1991 4793 2174 4848 Deum
2204 4792 2517 4858 invocavit,
2546 4791 2626 4847 ita
2657 4791 2857 4847 dicens
2884 4809 2896 4843 :
2927 4794 3173 4849 Domine
3203 4796 3346 4850 Jesu
3389 4797 3635 4867 Christe,

1990 4892 2194 4938 auctor
2224 4880 2496 4936 omnium
2525 4880 2751 4945 salutis,
2794 4880 3005 4935 exaudi
3039 4898 3155 4946 me,
3183 4890 3239 4938 et
3265 4900 3425 4941 nunc
3456 4888 3636 4942 etiam

1988 4971 2233 5030 ostende
2276 4968 2562 5025 miracula
2620 4976 2674 5024 et
2716 4969 2988 5039 prodigia
3030 4987 3159 5042 quaa
3190 4972 3335 5027 facis
3399 4982 3639 5047 propter

1989 5078 2098 5118 nos
2124 5060 2278 5115 ﬁlios
2323 5056 2659 5113 hominum.
2690 5056 2952 5113 Restitue
2976 5058 3069 5113 his
3116 5063 3255 5115 viris
3295 5061 3637 5120 facultatem

1989 5150 2248 5213 videndi,
2294 5152 2355 5201 ut
2376 5154 2651 5202 sanctum
2668 5146 3069 5215 etgloriosum
3100 5166 3319 5206 nomen
3352 5159 3520 5207 tuum
3552 5170 3641 5209 ce-

1988 5240 2266 5295 lebretur.
2290 5236 2425 5291 Hinc
2456 5251 2593 5291 cum
2655 5234 2915 5302 dixisset,
2951 5254 3172 5309 aquam
3202 5256 3380 5313 supra
3439 5243 3640 5299 turbas

1986 5329 2118 5385 illas
2148 5325 2378 5390 infudit,
2414 5330 2471 5381 et
2521 5340 2753 5389 omnes,
2801 5327 2905 5397 qui
2955 5330 3233 5384 exctecati
3270 5330 3523 5399 fuerant,
3558 5332 3637 5388 vi-

1988 5435 2121 5474 sum
2188 5418 2558 5485 receperunt.
2616 5416 2763 5469 Tum
2802 5413 2883 5469 illi
2949 5415 3027 5471 ad
3089 5421 3306 5474 terram
3342 5422 3636 5491 prostrati,

1987 5508 2209 5579 gratias
2230 5508 2348 5560 Deo
2378 5501 2727 5566 reddebant,
2750 5504 3161 5574 pmnitentiam
3182 5516 3446 5581 agentes.
3469 5510 3641 5567 Cum-
