4154 6192
261 268 374 323 585

1313 257 1758 317 MARTYRIUM
1792 256 1899 312 SS.
1935 255 2144 313 PAULI
2189 255 2272 311 ΕΤ
2311 257 2632 316 JULIANE

3574 260 3679 315 586

264 392 526 449 militum
551 388 1036 448 Christianorum,
1063 386 1384 457 aTrajauo,
1415 386 1560 440 dum
1589 384 1649 438 in
1689 382 1923 440 Oriente
1954 382 1999 436 A
2031 382 2408 438 benefaciens
2433 383 2737 443 omnibus,
2772 396 2841 435 ac
2870 379 3132 435 liberans
3159 396 3258 436 eos
3290 383 3330 446 ⁸,
3364 385 3464 455 qui
3497 401 3532 440 a
3552 385 3678 442 dia-

265 485 399 554 ipse
420 495 604 552 opera
628 478 855 532 nefaria
902 477 1220 542 commisit,
1245 483 1472 548 patrem
1495 477 1697 529 Jovem
1733 474 1924 528 imita-

270 579 367 628 tus
394 571 424 622 ‘I
453 569 666 624 Eodem
694 566 875 621 modo
906 572 961 620 et
1025 565 1336 636 Dionysius
1391 571 1586 618 vester
1617 563 1711 616 ille
1752 561 1923 625 deus,

271 677 353 716 an
392 673 513 713 non
540 663 594 712 et
633 658 761 727 ipse
787 671 857 710 ex
890 655 1178 709 adulterio
1211 655 1441 723 genitus
1475 657 1562 706 est
1589 667 1659 706 ex
1699 649 1925 705 Semele

274 748 487 805 Cadmi
518 746 672 800 tilia?
693 741 1176 815 Nugator,inquit
1194 741 1561 804 Aurelianus,
1587 745 1641 794 et
1662 738 1929 802 sceleste,

277 855 359 893 an
393 852 513 892 non
545 851 615 890 ex
649 836 876 888 Iunone
908 834 1156 887 deorum
1185 838 1370 886 matre
1402 829 1668 884 Bacchus
1701 827 1934 896 genitus

279 927 429 983 est?
463 926 600 980 Risit
653 921 886 984 Paulus,
933 927 984 975 et
1041 919 1121 974 ait
1180 935 1193 972 :
1258 922 1427 973 Estne
1479 918 1652 979 deus,
1713 915 1816 986 qui
1864 931 1936 969 ex

282 1017 532 1073 muliere
563 1012 795 1084 genitus
823 1011 1066 1082 incipiat
1088 1025 1216 1064 esse
1234 1009 1401 1071 deus,
1432 1012 1529 1062 aut
1561 1007 1667 1077 qui
1697 1020 1938 1060 uxorem

281 1101 716 1162 habeatiTunc
728 1100 1104 1155 Aurelianus:
1123 1100 1468 1168 Quousque,
1490 1095 1702 1167 inquit,
1724 1093 1940 1149 multas

285 1211 483 1265 nugas
506 1192 776 1248 eﬁ‘udens
803 1190 918 1245 diis
950 1188 1264 1243 maledices
1297 1189 1324 1243 ?
1356 1203 1432 1242 an
1487 1201 1607 1241 non
1651 1191 1707 1240 et
1755 1191 1944 1240 vester

286 1286 754 1352 Christus,quem
788 1296 892 1333 vos
921 1278 1226 1332 Christiani
1271 1279 1457 1330 Deum
1490 1275 1785 1329 coalestem
1817 1288 1945 1328 esse

288 1373 505 1441 dicitis,
536 1387 605 1426 ex
638 1369 882 1426 mullere
915 1366 1149 1435 genitus
1177 1371 1267 1420 est
1295 1364 1322 1418 ‘?
1344 1364 1668 1435 Respondit
1691 1363 1942 1417 Paulus:

292 1467 418 1519 Non
441 1479 502 1517 es
521 1469 579 1515 tu
601 1460 842 1527 dignus,
858 1456 962 1528 qui
981 1455 1076 1510 Dei
1099 1455 1450 1526 mysterium
1471 1453 1706 1508 audias.
1728 1453 1946 1506 Verum

290 1569 367 1608 ne
397 1552 662 1606 oratione
689 1555 793 1602 tua
824 1547 1050 1601 multos
1079 1560 1307 1608 eorum,
1328 1544 1429 1614 qui
1458 1547 1772 1613 przesentes
1787 1548 1945 1604 sunt,

292 1639 748 1701 circumvenias,
782 1650 1022 1691 necesse
1050 1640 1138 1688 est
1169 1633 1397 1702 aperire
1424 1631 1504 1691 id,
1526 1630 1686 1701 quod
1706 1628 1946 1700 quaeris.

2035 471 2174 526 bolo
2201 472 2585 527 vexabantur.
2642 471 2846 525 Postea
2873 470 2930 524 in
2985 469 3143 536 ligno
3196 472 3386 525 crucis
3434 474 3682 530 SUfﬁths

2037 567 2140 623 est,
2173 567 2232 615 ut
2259 561 2511 616 salutem
2542 561 2708 616 daret
2758 559 3006 622 mundo,
3039 559 3140 630 qui
3184 560 3436 629 perierat
3464 563 3686 620 diaboli

2039 649 2316 704 violentia
2345 656 2399 705 et
2444 649 2691 704 fallacia.
2755 647 2914 702 Idem
2961 663 3207 718 corpore
3245 655 3512 705 mortuus
3576 657 3684 706 est.

2044 738 2308 809 Cumque
2336 737 2411 792 ad
2443 737 2663 792 inferos
2684 735 3086 791 descendisset
3125 752 3244 790 una
3285 753 3421 792 cum
3484 745 3690 795 sancta

2045 827 2247 882 anima
2295 826 2395 881 illa
2434 842 2560 889 sua,
2599 825 2871 880 contrivit
2909 830 3114 896 portas
3142 841 3347 890 aereas,
3406 831 3460 881 et
3500 832 3693 882 vectes

2047 916 2262 970 ferreos
2293 915 2578 986 confregit
2603 917 2622 950 ⁹
2658 932 2668 968 :
2701 920 2878 985 atque
2924 915 2981 967 in
3010 913 3340 983 caliginosa
3366 915 3696 972 inferorum

2053 1004 2374 1076 penetralia
2403 1005 2725 1072 ingressus,
2755 1001 2969 1068 eripuit
2997 1018 3098 1057 eos
3130 1004 3231 1074 qui
3277 1005 3525 1059 vinculis
3556 1005 3700 1060 deti-

2053 1095 2367 1156 nebantur,
2409 1099 2463 1147 et
2488 1110 2558 1148 ex
2588 1107 2822 1147 carcere
2840 1091 3062 1145 diaboli
3092 1092 3218 1146 illos
3247 1092 3306 1146 in
3332 1093 3701 1163 superiorem

2055 1185 2359 1251 regionem
2391 1183 2592 1237 eduxit
2623 1184 2690 1234 ¹ο.
2723 1179 2890 1245 Quod
2917 1185 3106 1234 totum
3131 1181 3316 1250 ipsius
3358 1182 3706 1252 benignitati

2057 1279 2371 1342 acceptum
2391 1270 2686 1326 referetur.
2720 1271 2865 1324 Cum
2893 1283 3030 1323 vero
3059 1269 3138 1324 ita
3171 1277 3302 1341 post
3359 1277 3472 1326 tres
3519 1271 3645 1327 dies
3672 1289 3706 1328 a

2059 1361 2307 1416 mortuis
2365 1359 2806 1422 resurrexisset,
2885 1360 3163 1430 apparuit
3224 1359 3344 1412 suis
3402 1360 3709 1432 discipulis

2060 1457 2238 1522 atque
2265 1447 2567 1519 apostolis,
2611 1453 2667 1502 et
2731 1449 2858 1503 aliis
2910 1447 3125 1517 multis,
3188 1448 3291 1519 qui
3324 1463 3458 1503 vere
3487 1449 3544 1503 in
3572 1465 3709 1504 eum

2060 1537 2436 1593 crediderant
2453 1556 2463 1594 :
2482 1542 2686 1592 etcum
2700 1537 3006 1608 aliquoties
3023 1537 3441 1592 commedisset
3456 1543 3508 1591 et
3533 1537 3714 1593 bibis-

2063 1633 2146 1682 set
2171 1643 2305 1680 cum
2340 1626 2623 1696 apostolis
2651 1641 2755 1697 per
2778 1627 2902 1679 dies
2935 1624 3358 1697 quadraginta,
3403 1625 3486 1679 sic
3507 1633 3714 1697 postea

365 1730 515 1786 XXII.
566 1726 732 1782 Initio
781 1726 932 1780 Deus
977 1725 1102 1794 ipse
1146 1737 1284 1777 cum
1321 1721 1536 1775 coelum
1588 1723 1643 1772 et
1709 1724 1944 1781 terram,
1984 1738 2031 1794 Β
2065 1717 2121 1770 in
2169 1714 2386 1770 caelum
2419 1720 2761 1785 assumptus
2801 1719 2906 1778 est,
2953 1718 3006 1769 et
3062 1713 3226 1767 sedet
3283 1714 3359 1769 ad
3407 1714 3711 1770 dexteram

298 1835 463 1876 mare
496 1826 550 1873 et
571 1818 794 1882 omnia,
848 1829 982 1885 quae
1016 1812 1069 1865 in
1105 1813 1186 1865 eis
1230 1816 1382 1870 sunt,
1421 1807 1726 1871 effecisset,
1761 1806 1948 1860 homi-

297 1926 437 1964 nem
478 1906 703 1962 effinxit
735 1904 810 1958 ad
842 1900 1167 1969 imaginem
1196 1904 1251 1953 et
1281 1896 1732 1952 similitudinem
1758 1911 1951 1948 suam.

302 1999 521 2052 Purum
564 1995 721 2050 enim
763 2008 798 2046 a
831 1989 1074 2053 malitia,
1110 1991 1507 2053 innocentem,
1538 1985 1787 2054 justum,
1836 1982 1955 2054 pie-

303 2095 416 2142 tate
451 2083 770 2157 praeditum
802 2079 1020 2133 creavit
1048 2076 1213 2131 illum
1267 2078 1438 2138 Deus,
1473 2080 1528 2128 et
1553 2075 1611 2127 in
1673 2071 1955 2144 paradiso

293 2174 641 2230 deliciarum
660 2170 835 2242 pleno
855 2183 992 2221 eum
1009 2164 1336 2219 collocavit.
1365 2165 1531 2218 Pater
1544 2167 1741 2216 autem
1762 2167 1956 2216 vester

294 2262 572 2318 diabolus
601 2274 720 2314 non
767 2258 958 2311 ferens
1008 2260 1235 2308 tantam
1290 2252 1550 2306 hominis
1597 2250 1953 2311 felicitatem,

298 2355 479 2407 Evam
514 2348 766 2410 seduxit,
795 2350 850 2399 et
876 2360 981 2416 per
1013 2343 1198 2408 illam,
1225 2342 1415 2395 Adam
1443 2341 1519 2395 ad
1567 2338 1755 2393 divini
1807 2353 1956 2408 pras-

295 2441 448 2510 cepti
478 2436 1005 2507 transgressionem
1036 2430 1286 2502 impulit.
1334 2430 1458 2494 Quo
1487 2428 1708 2482 factum
1751 2433 1856 2488 est,
1893 2430 1957 2480 ut

294 2537 350 2586 et
401 2531 590 2584 Adam
629 2526 760 2596 ipse
810 2529 1089 2592 tanquam
1132 2527 1540 2586 transgressor
1596 2533 1626 2571 e
1669 2514 1954 2587 paradiso

297 2619 582 2691 expulsus
603 2616 697 2678 sit,
726 2618 781 2668 et
813 2627 1000 2681 genus
1054 2623 1232 2665 omne
1276 2608 1614 2662 humanum
1676 2605 1850 2659 morti
1900 2609 1957 2659 et

296 2707 523 2781 peccati
575 2719 769 2776 pmnaa
835 2699 1162 2757 obnoxium
1224 2694 1494 2751 evaserit.
1551 2693 1952 2759 Quamobrem

295 2780 552 2853 celestis
585 2793 755 2848 Pater
783 2797 839 2846 et
897 2788 1277 2858 omnipotens
1325 2788 1477 2840 Deus
1546 2780 1952 2837 misericordia

299 2895 518 2946 motus,
558 2882 828 2938 humano
889 2877 1088 2948 generi
1144 2874 1458 2929 subvenire
1515 2871 1739 2938 volens,
1797 2871 1951 2925 misit

299 2975 512 3031 Filium
539 2986 737 3035 suum,
768 2973 832 3024 ut
858 2969 1192 3022 humanam
1224 2978 1464 3018 carnem
1518 2962 1862 3032 susciperet,
1898 2964 1952 3013 et

296 3065 490 3120 Adam
507 3065 790 3123 solveret,
811 3071 1031 3127 eosque
1043 3055 1146 3126 qui
1170 3054 1247 3108 ab
1265 3053 1490 3122 injusto
1506 3051 1948 3112 detinebantur,
1988 3082 2028 3138 C

300 3160 429 3227 Ipse
461 3154 636 3222 igitur
689 3153 857 3213 Deus,
930 3145 1185 3199 Verbum
1247 3143 1346 3196 Dei
1404 3157 1472 3196 ac
1519 3142 1698 3196 Patris
1753 3140 1947 3204 Filius,

297 3249 436 3299 ante
485 3239 706 3295 saecula
736 3236 938 3292 omnia
977 3239 1066 3288 est
1093 3231 1382 3302 sapientia
1414 3229 1625 3298 ipsius,
1669 3234 1723 3284 et
1751 3233 1951 3299 poten-

298 3333 384 3388 tia
410 3338 464 3386 et
501 3330 742 3384 dextera
773 3348 784 3378 :
836 3323 940 3396 qui
977 3338 1080 3393 per
1129 3319 1560 3387 archangelum
1619 3317 1950 3373 Gabrielem

301 3418 692 3477 annuntiatus
740 3413 849 3468 fuit
905 3415 1124 3466 sanctae
1164 3408 1245 3463 illi
1297 3407 1515 3476 Virgini
1567 3422 1726 3477 purae
1775 3411 1952 3477 atque

297 3507 818 3570 honestissimae,ex
836 3500 1179 3571 prophetico
1198 3503 1252 3552 et
1268 3496 1432 3565 regio
1447 3511 1661 3567 genere
1673 3495 1954 3563 originem

297 3597 559 3655 ducenti.
591 3594 653 3648 1n
675 3593 848 3661 cujus
883 3595 1048 3644 utero
1089 3591 1238 3641 Deus
1264 3585 1408 3657 ipse,
1446 3585 1560 3640 hoc
1597 3589 1704 3648 est,
1730 3584 1956 3637 cceleste

302 3688 582 3748 Verbum,
615 3680 778 3753 quod
810 3678 998 3734 oculis
1024 3675 1323 3747 corporeis
1347 3689 1466 3728 nou
1493 3673 1772 3737 cernitur,
1794 3671 1956 3726 habi-

302 3785 456 3845 tans,
477 3772 734 3842 suscepit
747 3784 986 3840 corpus,
1004 3781 1140 3820 cum
1158 3763 1393 3820 Gabriel
1410 3762 1489 3818 ita
1502 3762 1742 3818 Mariam
1763 3761 1957 3831 ipsam

305 3867 522 3925 affatus
553 3867 708 3919 esset
743 3884 754 3913 :
785 3862 908 3914 Ave
927 3856 1128 3927 gratia
1154 3856 1337 3923 plena
1373 3869 1384 3907 :
1416 3854 1690 3908 Dominus
1724 3857 1913 3906 tecum
1944 3871 1954 3912 ;

309 3963 363 4014 et
395 3955 579 4028 paulo
602 3955 737 4022 post
762 3965 773 4002 :
798 3948 1058 4016 Spiritus
1085 3950 1326 4000 sanctus
1345 3939 1790 4011 supervenietin
1815 3945 1886 4003 te,
1908 3943 1960 3994 et

313 4026 809 4103 vir—lusAttissimi
866 4034 1236 4091 obumbrabit
1303 4032 1410 4086 tibi
1457 4048 1470 4084 ε
1514 4030 1757 4099 ideoque
1806 4026 1964 4098 quod

312 4139 596 4190 nascetur
629 4145 697 4184 ea:
728 4135 781 4183 te
809 4131 1098 4185 sanctum,
1157 4121 1469 4178 vocabitur
1534 4118 1726 4174 Filius
1767 4118 1872 4171 Dei
1901 4117 1921 4150 ⁵
1949 4156 1960 4168 .

317 4224 557 4280 Genitus
595 4219 770 4289 igitur
817 4213 928 4270 fuit
958 4213 1106 4267 Deus
1154 4217 1207 4265 et
1251 4209 1486 4265 caeleste
1534 4207 1797 4262 Verbum
1865 4219 1969 4276 per

319 4313 638 4384 Virginem,
654 4305 817 4362 omni
830 4303 964 4358 labe
982 4299 1386 4371 purissimam,
1402 4302 1970 4368 corpore.tanquam

319 4382 480 4458 veste
524 4397 811 4470 quadam,
855 4391 1100 4447 indutus
1143 4393 1386 4460 propter
1437 4387 1719 4441 humanae
1764 4382 1973 4438 salutis

321 4487 848 4560 dispensationem.
883 4483 1064 4534 Nemo
1092 4477 1252 4532 enim
1284 4480 1514 4547 poterat
1535 4477 1716 4529 Deum
1744 4486 1973 4533 verum,

326 4558 495 4634 ita-ut
523 4580 630 4640 est,
670 4573 1024 4644 praesentem
1057 4566 1276 4629 videre,
1324 4579 1461 4618 cum
1522 4565 1672 4618 Deus
1718 4562 1847 4632 ipse
1906 4558 1979 4612 sit

327 4667 483 4737 ignis
513 4675 872 4719 consumens
893 4658 934 4724 ⁸,
961 4671 1154 4726 neque
1180 4654 1363 4708 homo
1395 4652 1609 4723 aliquis
1639 4651 1836 4705 vivens
1883 4644 1980 4702 Dei

329 4735 535 4812 faciem
563 4750 763 4806 videre
815 4744 1023 4818 possit.
1065 4743 1076 4795 l
1110 4743 1295 4812 Hujus
1323 4741 1496 4811 igitur
1528 4735 1982 4809 dispensationis

333 4858 523 4901 causa
577 4841 730 4894 Deus
772 4841 994 4898 noster,
1055 4831 1220 4904 quod
1263 4830 1342 4885 ad
1407 4843 1650 4883 carnem
1710 4826 1982 4897 pertinet,

337 4932 568 5005 genitus
592 4929 714 4995 fuit,
763 4929 820 4980 et
874 4929 934 4978 ut
987 4922 1186 4976 infans
1212 4921 1360 4976 lacte
1419 4918 1677 4972 nutritus
1712 4921 1819 4980 est,
1847 4929 1986 4969 cum

338 5004 493 5079 esset
517 5024 715 5074 tamen
743 5011 1049 5068 divinitate
1080 5009 1391 5081 perfectus.
1416 5006 1653 5077 Insuper
1683 5004 1870 5060 factus
1903 5006 1993 5057 est

338 5125 508 5185 puer,
551 5103 883 5176 etjuvenis,
943 5114 1200 5170 cumque
1267 5097 1632 5159 hominibus,
1677 5102 1741 5149 ut
1787 5094 1991 5155 homo,

342 5180 725 5257 conversatus
758 5196 849 5246 est
879 5203 1070 5245 annos
1125 5186 1362 5254 triginta
1387 5192 1521 5248 tres,
1554 5184 1753 5248 urbes,
1809 5180 1996 5251 regio-

345 5306 475 5352 nes,
517 5292 573 5341 et
629 5279 867 5338 castella
915 5277 1078 5334 orbis
1138 5281 1432 5330 terrarum
1485 5271 1903 5345 pertransiens,
1941 5274 1999 5324 et

418 5486 438 5520 5
471 5484 608 5537 Luc.
641 5495 679 5544 ι,
710 5481 795 5536 28.
831 5479 917 5532 32.
1033 5476 1052 5508 ⁸
1087 5475 1246 5528 Deut.
1279 5487 1356 5526 iv.
1390 5470 1452 5524 24
1487 5485 1499 5534 ;
1538 5468 1708 5532 Hebr,
1750 5482 1855 5529 xu,
1886 5468 1976 5519 29.

352 5558 402 5592 ¹⁰
433 5557 452 5610 Ι
485 5557 633 5609 Petr.
665 5565 745 5614 iu,
779 5549 866 5603 19:

645 5673 892 5731 Punon.
935 5670 1039 5728 Ga.
1081 5665 1246 5724 CXV.

2066 1805 2245 1860 Patris
2276 1820 2413 1858 cum
2456 1819 2704 1874 corpore
2735 1802 2854 1864 illo,
2911 1803 3071 1874 quod
3117 1802 3242 1872 ipse
3279 1805 3429 1856 Deus
3459 1804 3711 1858 Verbum

2067 1893 2178 1948 sibi
2195 1892 2683 1963 copulavit.Nunc
2705 1892 2882 1959 igitur
2898 1891 3174 1946 diabolus
3192 1890 3395 1946 dolore
3415 1891 3714 1958 afﬂigitur,

2068 1984 2232 2037 Illum
2266 1982 2424 2036 enim
2471 1979 2731 2035 Christus
2775 1980 2900 2051 ipse
2950 1979 3420 2034 Christianorum
3465 1980 3720 2050 pedibus

2066 2065 2400 2122 conculcari
2455 2065 2609 2130 fecit,
2668 2064 2770 2136 qui
2804 2079 2909 2134 per
2945 2069 3218 2118 sanctum
3261 2063 3446 2134 ipsius
3501 2079 3719 2120 nomen

2065 2155 2473 2224 ingrediuntur
2511 2153 2569 2207 in
2603 2167 2854 2224 regnum
2909 2152 3197 2207 caelorum
3243 2167 3255 2205 :
3295 2167 3331 2206 a
3373 2167 3495 2223 quo
3535 2167 3721 2220 regno

2066 2249 2127 2298 tu
2144 2243 2372 2297 alienus
2397 2256 2480 2295 es.
2508 2241 2700 2295 Habes
2734 2240 2894 2294 enim
2937 2244 3159 2294 sortem
3203 2244 3259 2292 et
3304 2245 3532 2308 partem
3557 2244 3721 2295 mter-

2066 2348 2206 2387 nam
2240 2331 2394 2400 ignis
2421 2329 2782 2399 gehennam,
2839 2327 3249 2382 hmreditatem
3284 2326 3508 2382 diaboli
3538 2327 3720 2398 patris

2066 2421 2148 2476 tui
2181 2420 2534 2490 precipiens.

2135 2509 2358 2565 XXXIII.
2397 2507 2491 2561 His
2523 2505 2763 2568 auditis,
2790 2504 3141 2559 Aurelianus
3174 2519 3293 2574 prae
3329 2504 3524 2560 furore
3557 2505 3718 2561 vultu

2067 2603 2326 2653 mutatus
2393 2602 2500 2656 est,
2561 2600 2618 2649 et
2672 2593 2953 2648 dentibus
3006 2592 3250 2646 stridere
3291 2593 3488 2664 ccepit,
3549 2610 3720 2650 exar-

2063 2688 2314 2743 descens
2372 2686 2429 2739 in
2484 2683 2672 2745 illum,
2754 2681 2846 2736 cui
2907 2689 2964 2736 et
3012 2683 3424 2751 respondens:
3487 2683 3716 2750 Multas,

2063 2777 2271 2848 inquit,
2303 2789 2493 2843 nugas
2528 2778 2580 2827 te
2637 2771 2814 2825 modo
2860 2769 3263 2824 effundentem
3319 2785 3530 2840 passus
3561 2787 3716 2837 sum,

2064 2866 2406 2938 patientiam
2438 2862 2497 2916 in
2526 2865 2602 2928 te,
2636 2874 2836 2928 nugax
2869 2864 2924 2912 et
2952 2860 3219 2922 sceleste,
3250 2857 3550 2914 audiendo
3590 2860 3720 2916 reti-

2061 2970 2228 3009 nens.
2253 2953 2335 3006 Tu
2364 2966 2503 3005 vero
2551 2948 2821 3020 quandiu
2862 2962 3072 3018 perges
3111 2962 3204 3001 me
3239 2954 3638 3013 contemnere,
3664 2954 3720 3005 et

2062 3044 2176 3099 diis
2200 3039 2555 3097 maledicere
2572 3036 2600 3091 ?
2614 3039 2778 3091 Nunc
2796 3035 2970 3105 igitur
2985 3036 3092 3089 nisi
3107 3035 3218 3089 diis
3239 3035 3717 3103 immolaveritis,

2062 3130 2334 3204 pessimis
2359 3127 2555 3183 modis
2580 3142 2683 3180 vos
2715 3125 2981 3194 perdam,
3019 3125 3097 3178 ita
3131 3130 3191 3178 ut
3257 3140 3433 3179 nemo
3480 3126 3719 3196 possite

2063 3220 2342 3276 manibus
2370 3217 2516 3271 meis
2537 3230 2641 3270 vos
2661 3215 2908 3285 eripere.
2963 3214 3111 3268 Tum
3154 3212 3368 3268 Paulus
3396 3218 3452 3268 et
3482 3214 3719 3271 Juliana

2064 3308 2342 3366 concordi
2370 3305 2574 3361 animo
2607 3310 2661 3358 et
2714 3317 2935 3370 magna
2988 3317 3130 3357 voce
3175 3301 3499 3357 clamantes
3531 3321 3543 3358 :
3577 3307 3714 3374 Nos,

2065 3396 2361 3471 inquiunt,
2386 3391 2948 3453 Christianisumus,
2977 3395 3034 3445 et
3060 3391 3118 3444 in
3151 3389 3384 3446 Christo
3419 3391 3555 3462 ipso
3586 3410 3722 3463 spes

2065 3500 2297 3544 nostras
2322 3482 2642 3540 collocatas
2665 3479 2962 3534 habemus
2995 3495 3008 3543 ;
3051 3477 3357 3534 daamones
3377 3495 3494 3534 non
3511 3481 3722 3538 adora-

2069 3594 2202 3632 mus
2235 3573 2407 3629 idolis
2437 3571 2550 3627 tuis
2610 3585 2730 3623 non
2772 3569 3089 3631 servimus,
3155 3573 3447 3622 tormenta
3472 3575 3573 3624 tua
3599 3586 3719 3627 non

2067 3668 2365 3722 timemus.
2411 3659 2686 3725 Excogita
2713 3657 2888 3727 igitur
2924 3671 3318 3727 quoscunque
3387 3657 3468 3710 vis
3499 3660 3723 3714 crucia-

2071 3763 2182 3821 tus,
2217 3751 2391 3806 ﬁdem
2427 3748 2586 3803 enim
2620 3747 2677 3800 in
2724 3749 2839 3800 Deo
2894 3744 3211 3807 habemus,
3245 3746 3365 3800 fore
3403 3753 3527 3801 uta
3551 3747 3722 3804 nobis

2072 3842 2386 3914 supereris,
2446 3834 2954 3907 quemadmodum
3008 3839 3176 3903 pater
3203 3839 3334 3888 tuus
3383 3834 3724 3894 diabolusa

2073 3934 2298 3990 Christo
2328 3930 2643 3998 superatus
2673 3922 2799 3987 fuit,
2826 3921 2925 3993 qui
2954 3937 3064 3977 nos
3112 3921 3290 3977 etiam
3339 3923 3617 3980 robustos
3643 3926 3722 3982 fa-

2074 4023 2168 4085 cit,
2196 4025 2253 4075 et
2283 4032 2499 4089 pravas
2527 4017 2683 4068 artes
2715 4017 2846 4066 tuas
2876 4015 3200 4081 expugnat.
3227 4012 3358 4065 Haac
3379 4027 3506 4066 cum
3531 4015 3727 4070 audis-

2076 4116 2161 4166 set
2182 4101 2754 4170 Aurelianus,jussit
2807 4099 3036 4170 lignum
3091 4099 3401 4170 quoddam
3435 4117 3724 4168 magnum

2080 4196 2296 4254 afferri.
2330 4193 2499 4259 Quod
2539 4205 2677 4245 cum
2731 4188 2980 4243 allatum
3026 4186 3252 4250 fuisset.
3299 4187 3434 4244 fecit
3477 4191 3728 4248 Paulum

2079 4289 2137 4344 in
2170 4301 2240 4340 eo
2267 4281 2514 4350 alligari.
2551 4275 2867 4334 Carniﬁces
2891 4290 3030 4330 vero
3070 4275 3199 4344 ejus
3252 4292 3471 4332 manus
3494 4280 3732 4350 colliga-

2080 4381 2238 4432 runt.
2269 4372 2433 4426 Tunc
2454 4365 2803 4423 Aurelianus
2817 4363 3100 4435 praecepit
3121 4380 3404 4421 accensas
3422 4366 3733 4440 lampades

2085 4461 2302 4525 afferri,
2339 4467 2393 4514 et
2424 4459 2481 4512 in
2508 4457 2636 4525 ejus
2679 4454 2889 4508 faciem
2922 4453 3102 4521 injici,
3138 4469 3413 4523 praecone
3471 4457 3551 4513 ita
3580 4460 3736 4514 voci-

2089 4554 2349 4610 ferante:
2387 4550 2463 4602 Ne
2497 4546 2556 4600 in
2591 4543 2752 4598 orbis
2785 4549 3072 4597 terrarum
3113 4541 3399 4598 dominos
3425 4552 3739 4603 contume-

2089 4643 2278 4698 liosus
2329 4638 2427 4701 sis,
2486 4649 2632 4688 neve
2681 4633 2739 4687 in
2801 4632 2966 4702 ipsos
3048 4630 3366 4688 maledicta
3427 4635 3738 4705 conjicias.

2162 4728 2331 4784 XXIV.
2363 4724 2596 4780 Iuliana
2627 4736 2765 4775 cum
2791 4719 3029 4773 fratrem
3080 4735 3257 4774 suum
3306 4721 3442 4791 igne
3469 4723 3745 4780 comburi

2093 4820 2404 4891 spectaret,
2454 4825 2694 4866 summa
2740 4822 2878 4863 voce
2929 4807 3248 4862 clamavit:
3313 4810 3356 4864 Ο
3412 4814 3662 4880 tyranne
3693 4815 3751 4868 et

2096 4907 2357 4967 sceleste,
2392 4901 2535 4974 quid
2570 4896 2709 4953 mali
2768 4895 2946 4950 frater
3001 4911 3170 4950 meus
3222 4897 3544 4967 commisit,
3581 4906 3638 4954 ut
3671 4899 3753 4956 ita

2099 4993 2410 5052 crudeliter
2477 5003 2611 5042 eum
2668 4985 2893 5040 crucies
2977 4985 3004 5040 ?
3063 4983 3245 5039 Jussit
3315 4987 3669 5042 Aurelianus
3699 4993 3756 5046 et

2099 5084 2394 5142 Julianam
2427 5094 2486 5134 in
2511 5077 2674 5146 ligno
2700 5073 2928 5142 alligari
2981 5078 3037 5128 et
3084 5089 3366 5130 accensas
3392 5075 3550 5132 faces
3593 5078 3651 5132 in
3686 5093 3757 5134 os

2104 5176 2232 5246 ejus
2255 5171 2390 5226 etin
2419 5173 2606 5223 totum
2665 5178 2882 5233 corpus
2910 5161 3180 5216 adhiberi
3232 5181 3245 5229 ;
3304 5164 3398 5218 cui
3456 5171 3513 5220 οι
3568 5165 3757 5222 dixi“

2105 5257 2624 5334 impudentissima
2655 5251 2861 5307 mulier
2891 5250 3195 5315 erubesce,
3241 5255 3761 5324 quemadmodum

2768 5447 2789 5482 ⁸
2824 5449 3022 5510 Act.x.
3059 5445 3147 5502 38.

2093 5458 2268 5516 Exod.
2313 5469 2508 5512 xxxiii.
2569 5454 2654 5505 20.
2768 5451 2789 5482 ⁸
2824 5451 3022 5510 Act.x.
3059 5451 3147 5502 38.
3263 5451 3283 5484 θ
3327 5451 3477 5508 Psal.
3513 5468 3624 5521 CVI,
3665 5452 3764 5510 16.

3353 5648 3421 5704 19
