4154 6192
517 266 620 321 587

1895 267 2152 323 MENSIS
2187 265 2559 349 AUCUSTUS
3823 265 3920 323 esss

513 391 793 446 mulieres
825 393 1010 448 decet.
1044 396 1188 449 Tum
1209 395 1444 450 Juliana
1469 395 1669 449 ridens
1715 396 1912 458 :Vere,
1941 393 2154 465 inquit,
2196 400 2238 452 A
2269 392 2330 447 in
2360 392 2577 448 costum
2604 392 2806 456 erexit,
2833 397 2890 447 et
2918 394 3035 447 Deo
3067 392 3284 461 gratias
3315 391 3447 462 egit,
3507 407 3578 446 ac
3636 392 3827 449 crucis
3854 393 3922 447 si-

511 480 839 546 Aureliane,
884 487 936 536 te
987 482 1410 539 admonentem
1453 489 1763 554 acceptum
1815 483 2031 550 habeo,
2089 498 2159 538 eo

509 571 671 640 quod
700 570 887 624 dixisti
921 569 1107 626 :Cum
1131 571 1206 626 sis
1253 572 1480 636 mulier,
1515 572 1797 627 erubesce
1839 589 1852 638 ;
1887 587 2159 626 revereor

509 658 686 724 enim,
729 663 784 712 et
831 659 1115 714 erubesco
1157 660 1451 716 Christum
1498 660 1597 716 Dei
1633 662 1880 717 viventis
1926 660 2154 724 Filium,

508 747 608 818 qui
639 752 727 801 est
755 756 889 802 ante
940 747 1149 803 faciem
1193 765 1414 816 meam,
1458 765 1653 822 neque
1697 749 1861 805 illum
1906 765 2154 821 possum

507 835 935 908 derelinquere,
970 843 1022 892 et
1044 837 1350 894 daemones
1377 839 1586 894 colere.
1619 839 1836 895 Furore
1867 855 2154 894 accensus

507 930 592 980 est
623 925 993 992 Aurelianus,
1050 943 1188 982 cum
1242 944 1300 982 se
1344 929 1420 983 ab
1457 928 1571 983 illis
1627 929 1866 984 irrisum
1909 929 2151 984 videret.

507 1016 707 1086 Itaque
739 1014 914 1084 jussit
962 1016 1270 1071 carniﬁces
1311 1017 1510 1088 ignem
1541 1032 1647 1088 per
1698 1021 1886 1072 totum
1934 1033 2152 1089 corpus

505 1102 741 1157 illorum
774 1103 1170 1159 circumferre.
1204 1105 1374 1170 Quod
1405 1123 1542 1161 cum
1578 1105 1659 1161 illi
1688 1122 1825 1161 mox
1858 1106 2150 1175 fecissent,

506 1195 626 1247 tota
653 1193 874 1257 civitas,
906 1209 1041 1265 quae
1073 1198 1417 1251 sanctorum
1449 1200 1778 1266 martyrum
1811 1195 2152 1266 spectaculo

505 1283 801 1346 intererat,
837 1297 980 1337 voce
1010 1298 1230 1351 magna
1259 1283 1559 1340 clamabat
1583 1303 1594 1342 :
1617 1285 1944 1356 Imperator
1969 1290 2150 1340 Aure-

501 1367 679 1435 liane,
714 1369 929 1440 injuste
969 1370 1224 1440 judicas,
1257 1369 1472 1441 injuste
1516 1371 1647 1427 illos
1679 1373 1929 1427 crucias.
1966 1373 2019 1429 Si
2048 1389 2154 1429 no-

501 1457 631 1512 lunt
656 1457 768 1512 diis
796 1458 1150 1524 sacriﬁcare,
1181 1461 1533 1515 sententiam
1580 1468 1786 1516 contra
1817 1461 1947 1516 illos
1973 1461 2145 1516 feras.

500 1547 645 1600 Tum
719 1547 1094 1615 Aurelianus,
1163 1563 1298 1603 cum
1372 1555 1677 1615 metueret,
1756 1565 1829 1604 ne
1888 1550 2148 1621 populus

500 1635 849 1690 seditionem
883 1637 1166 1691 adversus
1193 1638 1389 1708 ipsum
1425 1639 1764 1705 concitaret,
1798 1641 2148 1696 sententiam

501 1722 644 1788 tulit,
702 1728 765 1779 ut
815 1739 1019 1779 eorum
1067 1726 1261 1796 capita
1320 1731 1752 1792 truncarentur,
1797 1731 1852 1782 et
1901 1743 2149 1799 corpora
2181 1756 2223 1809 Β

497 1811 749 1866 canibus
780 1829 849 1868 ac
878 1813 1014 1867 feris
1063 1819 1117 1869 et
1149 1813 1488 1870 volucribus
1532 1815 1663 1870 coeli
1699 1815 2142 1887 projicerentur.

567 1901 731 1955 XXV.
763 1904 965 1965 Itaque
997 1904 1230 1958 decimo
1249 1904 1502 1975 septimo
1533 1905 1629 1959 die
1657 1906 1878 1959 mensis
1898 1909 2145 1975 Augusti

495 1990 758 2045 exierunt
779 1990 954 2045 simul
978 1991 1262 2055 laetantes,
1293 1999 1466 2064 atque
1496 2009 1732 2048 versum
1748 1993 1908 2049 hunc
1932 1996 2146 2066 psalmi

495 2080 902 2134 concinentes:
920 2081 1189 2136 Salvasti
1207 2097 1332 2146 nos,
1359 2082 1625 2144 Domine,
1649 2083 1724 2137 ab
1746 2083 2146 2153 afﬂigentibus

492 2182 596 2221 nos
619 2173 670 2222 et
702 2169 961 2224 odientes
979 2185 1081 2223 nos
1112 2170 1459 2237 confudisti.
1491 2172 1636 2225 Cum
1667 2187 1808 2226 vero
1839 2171 1915 2226 ad
1944 2172 2143 2229 locum

495 2255 750 2324 martyrii
769 2257 1061 2310 venissent
1079 2261 1243 2312 extra
1259 2257 1478 2320 urbem.
1497 2258 1699 2314 Paulus
1713 2261 2144 2328 rogavitcarni-

490 2342 687 2407 ﬁcem,
706 2349 768 2398 ut
788 2343 1080 2399 Julianam
1103 2346 1265 2416 prius
1283 2363 1469 2418 quam
1495 2348 1711 2420 ipsum,
1729 2351 1918 2404 securi
1939 2367 2144 2420 percu-

491 2436 648 2486 teret.
681 2431 918 2487 Juliana
949 2449 1105 2497 vero,
1137 2450 1270 2489 cum
1305 2435 1514 2491 faciem
1537 2453 1708 2491 suam
1731 2437 1942 2494 Christi
1971 2440 2142 2511 signo

489 2520 800 2586 munisset,
833 2521 1154 2577 admodum
1188 2522 1322 2579 laeta
1344 2524 1561 2580 collum
1583 2527 1860 2591 extendit,
1887 2543 2141 2601 eamque

487 2611 812 2682 spiculator
841 2611 1028 2666 securi
1051 2613 1361 2682 percussit.
1385 2613 1602 2669 Paulus
1625 2614 1799 2683 igitur
1821 2632 1958 2671 cum
1975 2634 2140 2674 soro-

484 2714 612 2754 rem
641 2697 851 2754 Christi
893 2701 1172 2770 martyrio
1218 2701 1586 2772 perfunctam
1629 2703 1890 2769 vidisset,
1923 2707 2132 2762 oculos

558 2875 600 2909 ¹¹
635 2877 788 2930 Psal.
823 2878 982 2941 XLIII,
1026 2880 1078 2932 8.

2269 495 2389 550 gno
2403 497 2461 535 se
2477 481 2669 536 itidem
2690 482 2966 536 muniens
2979 481 3201 537 collum
3219 497 3394 536 suum
3411 479 3680 535 extendit
3709 503 3721 534 :
3743 496 3920 553 quem

2267 569 2662 641 etspiculator
2690 586 2826 626 mox
2858 569 3254 626 obtruncavit.

2341 659 2518 713 XXVI.
2553 661 2725 715 Erant
2768 659 3003 714 illorum
3048 675 3302 731 corpora
3357 663 3529 714 extra
3585 657 3793 714 urbem
3837 658 3918 729 ja-

2266 749 2477 818 centia,
2507 765 2644 804 cum
2676 764 2706 803 e
2733 748 2864 804 loco
2891 748 2990 803 illo
3017 765 3087 804 ea
3142 748 3344 804 tollere
3382 748 3697 803 Christiani
3730 749 3923 819 prohi-

2265 837 2563 894 berentur.
2599 839 2798 894 Milites
2819 839 2999 904 enim,
3035 839 3114 894 ita
3149 845 3210 894 ut
3243 839 3506 909 jusserat
3549 837 3920 902 Aurelianus,

2263 926 2683 992 observabant,
2700 942 2772 982 ne
2793 928 2929 1000 quis
2957 927 3236 998 reliquias
3259 927 3394 984 illas
3415 925 3696 983 auferret.
3727 925 3924 981 Venie-

2263 1014 2408 1071 bant
2431 1022 2630 1072 autem
2651 1017 2710 1070 in
2732 1033 2868 1072 eum
2897 1015 3094 1072 locum
3144 1015 3288 1087 lupi,
3331 1032 3512 1071 canes
3541 1018 3600 1070 et
3632 1014 3921 1080 volucres,

2264 1112 2320 1160 et
2342 1107 2499 1160 circa
2539 1112 2882 1160 sanctorum
2945 1111 3276 1176 martyrum
3325 1120 3577 1176 corpora
3631 1104 3922 1170 sedentes,

2262 1194 2362 1249 illa
2412 1194 2829 1250 custodiebant
2905 1212 2917 1248 :
2960 1210 3215 1268 cumque
3247 1210 3489 1250 muscas
3527 1199 3584 1248 et
3627 1192 3922 1264 ejusmodi

2261 1283 2547 1340 animalia
2572 1299 2753 1353 supra
2783 1299 3034 1356 corpora
3055 1283 3154 1339 illa
3185 1283 3453 1340 sedentia
3484 1281 3761 1338 viderent
3787 1298 3922 1338 aves

2261 1371 2401 1444 ipsae
2431 1371 2539 1428 alis
2566 1388 2635 1428 ea
2661 1373 3057 1444 expellebant,
3111 1388 3232 1427 non
3295 1373 3724 1444 permittentes,
3778 1371 3919 1426 utin

2261 1462 2478 1516 sanctis
2508 1461 2621 1516 illis
2653 1461 3004 1533 corporibus
3033 1462 3373 1517 insiderent.
3431 1461 3636 1532 Itaque
3695 1465 3917 1530 septem

2258 1550 2386 1605 dies
2411 1555 2466 1606 et
2490 1555 2716 1622 septem
2748 1555 2952 1606 noctes
2983 1549 3120 1606 fera;
3151 1566 3220 1606 ac
3277 1549 3550 1605 volucres
3596 1549 3729 1604 coeli
3770 1549 3920 1604 circa

2259 1643 2591 1710 martyrum
2633 1639 2909 1710 reliquias
2953 1639 3371 1695 consederunt.
3428 1641 3722 1695 Caeterum
3775 1653 3920 1692 unn-

2259 1726 2405 1783 tiata
2449 1730 2588 1781 sunt
2613 1728 2818 1783 omnia
2850 1726 2978 1783 haec
3012 1743 3047 1783 a
3088 1727 3372 1782 militibus
3434 1725 3780 1782 Aureliano.
3813 1725 3915 1790 Qui

2257 1831 2394 1870 cum
2415 1831 2487 1871 ea
2507 1815 2832 1872 audivisset
2860 1832 2871 1870 :
2902 1817 2946 1874 Ο
3000 1815 3282 1884 furorem,
3341 1815 3549 1887 inquit,
3589 1815 3914 1887 pessimum

2257 1904 2724 1960 Christianorum
2754 1907 3027 1971 istorum,
3062 1922 3216 1978 quos
3271 1921 3344 1962 ne
3377 1912 3650 1961 mortuos
3673 1904 3915 1976 quidem

2255 2009 2538 2065 superare
2568 1995 2892 2065 potuimus,
2931 1995 3082 2051 Misit
3126 1995 3322 2066 igitur,
3383 2001 3440 2050 et
3491 1994 3732 2050 millites
3759 1994 3916 2065 ipsos

2255 2088 2433 2138 noctu
2459 2083 2616 2138 illinc
2648 2083 2898 2140 abduxit
2939 2107 2952 2138 :
3001 2100 3196 2156 neque
3219 2084 3377 2139 enim
3428 2082 3671 2140 volebat
3720 2082 3794 2138 de
3825 2081 3914 2137 die

2253 2185 2356 2226 eos
2386 2170 2545 2226 illinc
2576 2187 2898 2237 removere,
2925 2189 2998 2228 ne
3038 2188 3074 2228 a
3110 2172 3480 2237 Christianis,
3504 2172 3909 2238 irriderentur,

2255 2261 2398 2315 Cum
2439 2276 2574 2316 vero
2600 2261 2726 2317 dies
2775 2262 3085 2327 illuxisset,
3143 2263 3414 2317 exierunt
3479 2260 3818 2325 Christiani,
3859 2264 3912 2313 et

2253 2355 2584 2420 martyrum
2627 2366 2875 2421 corpora
2927 2356 3224 2416 curantes,
3266 2356 3624 2422 sumptuose
3679 2351 3735 2404 in
3771 2362 3910 2419 pace

2251 2437 2667 2502 condiderunt,
2688 2444 2967 2508 regnante
2984 2439 3235 2494 Domino
3273 2445 3470 2494 nostro
3503 2438 3642 2494 Jesu
3667 2436 3904 2495 Christo.

2251 2542 2389 2581 cum
2418 2542 2539 2598 quo
2577 2527 2730 2583 Patri
2756 2527 2932 2584 simul
2965 2533 3021 2584 et
3052 2533 3258 2584 sancto
3291 2528 3531 2599 Spiritui
3585 2527 3660 2582 sit
3699 2524 3903 2596 gloria,

2251 2623 2444 2680 honor
2464 2629 2520 2680 et
2557 2625 2875 2697 imperium
2907 2641 3068 2682 nunc
3094 2631 3152 2680 et
3202 2640 3455 2698 semper,
3487 2631 3545 2680 et
3577 2626 3638 2680 in
3691 2621 3904 2678 saecula

2253 2712 2621 2770 saeculorum.
2645 2720 2853 2770 Amen.

1129 3213 1341 3334 DE
1429 3214 1555 3336 S.
1669 3218 2374 3346 ANDREA
2484 3227 3236 3350 TRIBUNO

1834 3527 1988 3619 AC
2127 3531 2541 3628 SOCIIS

1715 3789 2157 3851 MATYRIBUS
2217 3793 2292 3852 IN
2353 3793 2648 3854 CILICIA.

1539 3971 1694 4029 (Acta
1712 3971 1798 4021 SS.
1840 3973 2078 4024 Bolland.
2103 3977 2169 4025 ad
2201 3977 2342 4026 diem
2374 3979 2433 4025 19
2457 3979 2733 4041 Augusti.)

547 4313 574 4385 §
592 4314 632 4368 Ι.
653 4311 895 4394 Ριιριἱσα
907 4327 1103 4394 eorum
1117 4317 1430 4394 veneratio,
1449 4331 1649 4373 nomen
1663 4319 1724 4373 S.
1745 4320 1980 4376 Andreae
1993 4337 2126 4378 con-
2163 4331 2201 4384 C
2238 4326 2384 4394 tyris
2414 4340 2520 4380 nec
2542 4342 2660 4382 non
2675 4326 2919 4383 eosdem
2933 4341 3184 4383 numero
3203 4324 3392 4380 socios
3410 4323 3651 4394 signant
3667 4323 3884 4378 Menaaa

737 4384 963 4452 fusum,
990 4387 1161 4449 Acta,
1189 4392 1528 4455 martyrum
1560 4405 1862 4446 numerus.

549 4494 774 4547 Nomen
807 4490 984 4560 hujus
1015 4491 1386 4548 celeberrimi
1418 4495 1695 4567 martyris
1721 4512 1792 4552 ac
1824 4499 2127 4556 sociorum

477 4596 654 4653 quam
677 4580 750 4634 sit
791 4578 1202 4644 memorabile,
1250 4587 1594 4654 quantaque
1649 4587 1809 4657 aqud
1864 4595 2129 4657 posteros

479 4668 762 4737 manserit
784 4668 840 4722 in
872 4667 1313 4734 benedictione,
1350 4675 1634 4728 testantur
1663 4673 1888 4731 affatim
1923 4692 2130 4732 monu-

477 4756 1090 4828 mentaantiqua,quae
1117 4757 1192 4812 ad
1211 4774 1323 4814 nos
1346 4775 1536 4830 usque
1549 4761 1621 4815 de
1638 4761 1753 4817 illis
1775 4769 1914 4819 sunt
1941 4771 2128 4820 trans-

475 4848 678 4904 missa.
708 4846 1058 4916 Incipiamus
1085 4861 1122 4902 a
1152 4845 1340 4901 Fastis
1362 4847 1598 4903 Graecis.
1627 4853 1928 4922 Typicum,
1964 4854 2130 4925 quod

475 4936 588 4991 sub
620 4937 677 5000 S,
726 4933 948 4990 Sabbaa
988 4935 1231 4990 nomine
1277 4936 1508 5002 citatur,
1561 4941 1836 4997 meminit
1881 4941 1991 4998 hoc
2035 4943 2130 4999 die

479 5044 503 5076 ι
536 5024 732 5080 Sancti
763 5023 1040 5094 martyris
1065 5023 1325 5093 Andreae,
1345 5024 1516 5081 ducis
1539 5027 1832 5096 militaris,
1856 5046 1925 5086 ac
1944 5032 2130 5088 socio-

469 5129 604 5169 rum
628 5113 718 5168 bis
739 5112 902 5167 mille
914 5111 1377 5183 quingentorum
1394 5117 2128 5188 etnonagintatrium.Me~

467 5199 774 5271 nalogium
799 5199 986 5256 Sirleti
1001 5201 1084 5255 sic
1097 5200 1304 5257 habet:
1329 5203 1592 5258 «Natalis
1609 5212 1953 5263 sanctorum
1975 5225 2128 5265 mar-

467 5297 654 5362 tyrum
674 5289 946 5354 Andreae,
962 5289 1134 5344 ducis
1157 5292 1466 5353 exercitus.
1483 5295 1845 5351 etsociorum
1864 5297 2123 5354 duorum

469 5377 724 5433 millium
757 5378 1228 5448 quingentorum
1257 5381 1587 5450 nonaginta
1607 5383 1804 5453 trium,
1828 5386 1929 5456 qui
1951 5388 2120 5442 Maxi-

463 5466 649 5523 miani
683 5466 1070 5538 persecutoris
1095 5469 1466 5540 temporibus
1505 5470 1676 5527 delati
1724 5474 1886 5546 apud
1918 5476 2122 5532 Antio-

463 5555 639 5613 chum
710 5555 926 5609 ducem
983 5558 1266 5612 exercitus
1319 5558 1485 5629 quod
1546 5566 1740 5616 essent
1795 5561 2114 5621 Christiani

2241 4429 2462 4482 magna
2483 4414 2798 4487 impressa,
2821 4432 2892 4472 ac
2926 4419 3242 4488 sequentes
3268 4412 3382 4468 illis
3411 4409 3880 4468 accinuntversi-

2238 4505 2406 4558 culos
2435 4520 2448 4557 :

2235 4609 2396 4666 Ἒστη
2409 4629 2464 4661 σε
2494 4614 2702 4681 τμηθεὶς
2734 4612 2964 4684 αἱμάτων
2994 4611 3174 4684 lipara};
3198 4608 3357 4680 ὄχλος

2240 4687 2323 4733 Σοὶ
2353 4690 2423 4750 τῷ
2455 4681 2854 4755 παραστ-ἡσαύτι
2883 4681 3064 4754 λίμνας
3093 4681 3322 4755 ὑδάτορν.

2240 4747 2410 4805 Ἐννέά
2474 4747 2562 4806 xui.
2645 4753 2847 4826 δεκάτῳ
2917 4747 3076 4827 {signa
3148 4749 3397 4825 Ἀνδρέου
3478 4747 3880 4893 α“ὶχ³να[λ⁰ἳμ’

3738 4837 3876 4892 προν.

3738 4837 3876 4892 προν.

2251 4895 2553 4974 [ναζιραρα
2584 4897 2734 4952 rivos
2762 4895 3209 4974 sanguinispg'o
3251 4901 3306 4949 te
3335 4893 3510 4974 dcuit.

2249 4966 2444 5044 Zurbu
2479 4967 2617 5044 haec,
2661 4959 3267 5044 ίζᾳιιανᾶιηε-ΟΙιήεεθξ
3321 4963 3425 5035 qui
3448 4959 3877 5044 rivos-tiaqu

2239 5037 2549 5105 Nonapost
2571 5034 2857 5095 decimam
2884 5041 3106 5094 cottum
3128 5034 3385 5092 Andreae
3422 5034 3688 5088 Abscidit
3710 5034 3876 5088 ensis.

2239 5142 2460 5196 Censeo
2491 5142 2753 5198 alludere
2785 5152 3023 5215 poetam
3055 5142 3130 5196 ad
3171 5156 3360 5210 genus
3393 5137 3677 5209 martyrii,
3724 5141 3778 5191 et
3806 5130 3879 5215 ad

2236 5220 2556 5277 salutarem
2579 5214 2799 5278 fontem
2836 5242 2848 5278 :
2879 5223 3090 5295 dequo
3113 5221 3247 5275 vide
3273 5223 3416 5274 Acta
3445 5234 3612 5287 num,
3649 5217 3702 5271 11
3743 5216 3804 5295 i2
3827 5214 3879 5295 et

2239 5305 2319 5356 t3.
2355 5302 2518 5358 Dicta
2563 5305 2780 5358 Menaea
2802 5293 3162 5375 peculiarem
3189 5317 3260 5356 ac
3317 5299 3625 5354 solennem
3661 5293 3878 5351 faciunt

2232 5389 2305 5444 de
2330 5392 2384 5446 S.
2423 5393 2676 5447 Andraea
2709 5394 3060 5448 memoriam
3127 5391 3183 5445 in
3249 5388 3456 5445 Ofﬁcio
3510 5403 3680 5442 sacro
3703 5382 3874 5452 hujus

2230 5477 2362 5547 diei,
2397 5481 2636 5536 condito
2697 5483 2873 5538 etiam
2935 5485 3173 5536 Canone
3228 5479 3286 5533 in
3330 5477 3617 5532 honorem
3662 5468 3871 5530 Sancti,

2229 5569 2400 5635 cujus
2429 5570 2556 5624 haec
2587 5575 2678 5624 est
2703 5569 3049 5626 acrostichis
3079 5586 3092 5620 :

458 5647 896 5717 perseverantes
926 5643 985 5698 in
1013 5643 1223 5700 Christi
1257 5645 1650 5714 confessione,
1672 5664 1812 5705 ense
1845 5654 2108 5723 percussi

2255 5662 2432 5727 Υμνοις
2460 5668 2637 5731 κροτὼ
2668 5679 2743 5724 σε,
2770 5655 3014 5730 Ἀνδρέα,
3045 5655 3394 5730 Στρατη).άτα.

459 5741 654 5790 sunt.»
673 5733 963 5790 Eumdem
984 5749 1113 5788 cum
1129 5732 1460 5791 honoriﬁco
1480 5739 1712 5795 nomine
1729 5741 2105 5812 megalomar-

2226 5746 2450 5804 Laudes
2468 5753 2620 5814 tuas,
2651 5764 2683 5804 ο
2720 5750 2941 5805 Ductor
2967 5747 3229 5818 Andrea,
3263 5757 3430 5802 cane.
