4154 6192
205 258 321 312 589

1584 257 1764 318 ,νιΤΑ
1808 254 1872 309 S.
1921 252 2254 312 ANDRE/E.

3527 265 3636 318 590

280 386 338 438 2.
375 384 550 439 Porro
598 382 866 438 hodierni
917 383 1103 439 nostri
1151 382 1383 455 pugiles
1423 383 1482 439 in
1516 381 1692 436 variis
1732 379 1862 435 aliis
1893 379 1943 431 Α
1977 379 2068 435 cia
2097 381 2310 437 natalis
2347 385 2534 439 sancti
2563 385 2810 440 Andreae
2850 384 3094 453 tribuni,
3121 389 3494 445 etsociorum
3525 392 3628 448 mi.

209 473 404 528 Fastis
445 472 627 528 sacris
669 478 1097 528 memorantur:
1131 478 1187 528 et
1217 473 1376 527 enim
1418 473 1478 527 in
1511 470 1861 527 Kalendario

210 562 616 617 Ruthenorum
648 562 810 633 apud
842 562 1226 617 Possevinum
1269 561 1331 616 ﬁt
1363 562 1583 616 mentio
1616 563 1671 616 8.
1699 562 1859 616 Mart.

210 651 458 706 Andrem
491 667 502 704 :
533 651 591 705 in
620 652 848 706 Menaao
889 650 1179 718 Cltiﬁletii,
1221 647 1467 723 ’Δνδρέου
1509 649 1860 723 Σρατηλάτου,

208 740 460 794 Andreae
503 740 767 795 militaris
795 740 990 796 ducis.
1051 739 1534 812 Martyrologium
1584 738 1865 794 Arabico-

207 828 553 900 Aﬂgyptium
588 845 658 885 ac
676 845 788 884 ms.
821 831 1179 885 Taurinense
1213 847 1349 884 cum
1383 830 1571 901 ipsius
1605 833 1731 884 tum
1773 843 1863 882 so-

209 919 440 973 ciorum
482 917 539 973 in
571 933 782 986 genere
816 919 1136 974 meminere
1185 935 1198 984 ;
1249 935 1508 990 quorum
1542 933 1859 972 numerum

205 1007 567 1062 determinat
632 1007 1030 1077 Menologium
1099 1008 1622 1063 Slavo-Russicum
1684 1009 1861 1076 Spar-

206 1096 671 1152 wenfeldianum
733 1097 946 1152 eodem
1008 1097 1210 1160 modo,
1268 1112 1390 1168 quo
1443 1095 1732 1168 Typicum
1787 1109 1858 1149 ac

205 1184 601 1253 Menologium
633 1184 1247 1256 Sirleti.Synaxarium
1279 1201 1310 1239 e
1336 1184 1858 1254 Menologio,jussu

207 1272 405 1328 Basilii
445 1273 820 1345 imperatoris
877 1273 1148 1339 collecto,
1190 1278 1328 1344 post
1383 1274 1542 1328 hunc
1600 1272 1856 1336 titulum,

214 1368 526 1418 Certamen
561 1363 748 1418 sancti
786 1363 1307 1434 megalomartyris
1355 1363 1608 1418 Andreas
1642 1361 1857 1416 militiae

207 1452 402 1518 ducis,
437 1467 506 1506 ac
538 1453 836 1506 sociorum
867 1452 1021 1522 ejus,
1055 1452 1222 1522 ponit
1263 1454 1544 1506 Actorum
1575 1465 1858 1519 compen-

201 1540 574 1610 dium,cujus
594 1547 783 1596 textus
804 1542 1042 1596 Griecus
1063 1557 1318 1596 excusus
1339 1541 1518 1595 datur
1538 1540 1614 1595 ad
1631 1539 1856 1595 calcem

202 1632 348 1684 tomi
386 1631 402 1682 l
460 1630 682 1685 mensis
722 1629 999 1700 Augusti,
1046 1631 1242 1685 Latine
1291 1636 1490 1685 autem
1523 1628 1608 1684 sic
1643 1634 1854 1683 sonat:

1976 468 2167 532 litum,
2198 471 2297 542 qui
2333 472 2576 529 victoria
2606 473 2680 528 de
2722 473 2913 528 Persis
2963 473 3247 530 divinitus
3279 477 3516 549 adepta,
3550 481 3625 536 ad

1974 559 2155 612 ﬁdem
2188 559 2397 616 Christi
2421 563 2708 630 conversi,
2728 567 2785 618 et
2801 562 2914 618 hoc
2936 562 3180 618 nomine
3203 567 3483 629 accusati.
3511 569 3626 624 sub

1975 649 2327 707 Maximiano
2357 651 2715 721 imperatore
2747 652 2805 705 in
2855 651 3149 719 angustiis
3201 655 3372 708 Tauri
3407 658 3624 712 montis

1973 737 2050 792 ab
2081 740 2336 796 exercitu
2370 739 2592 795 Seleuci
2617 741 2886 811 prassidis
2916 741 3189 796 trucidati
3224 749 3380 798 sunt.
3416 764 3443 794 »

2041 831 2092 882 4.
2124 829 2274 894 Quia
2297 844 2434 883 vero
2458 828 2612 883 circa
2648 829 3162 884 annuntiationem
3205 832 3367 902 apud
3410 833 3624 889 Galesi-

1971 916 2136 971 nium
2168 917 2456 972 nonnulla
2485 933 2621 972 mox
2662 924 2830 972 erunt
2858 918 3145 984 notanda,
3178 920 3337 974 illam
3379 937 3622 995 quoque

1969 1005 2065 1060 hic
2095 1007 2447 1078 praemittere
2474 1009 2666 1061 visum
2701 1013 2807 1061 est.
2855 1008 2945 1062 Sic
2974 1008 3151 1076 igitur
3189 1013 3363 1065 sonat
3397 1027 3408 1065 :
3442 1032 3465 1062 α
3497 1011 3619 1068 Cae-

1969 1111 2174 1163 sareae,
2199 1101 2543 1151 sanctorum
2571 1100 2904 1167 martyrum
2926 1098 3137 1167 Magni,
3160 1099 3422 1171 Andreae,
3448 1105 3504 1155 et
3527 1118 3619 1156 so-

1969 1182 2217 1247 ciorum,
2259 1183 2648 1256 quingentiet
2685 1185 3013 1253 nonaginta
3039 1192 3288 1256 septem,
3331 1205 3467 1243 cum
3502 1189 3619 1245 leo-

1969 1287 2103 1327 nem
2137 1274 2580 1344 conspexissent
2613 1273 2669 1328 in
2703 1273 2982 1328 homines
3024 1290 3060 1328 a
3098 1275 3214 1330 ﬁde
3247 1277 3471 1333 alienos
3513 1295 3618 1334 saa-

1971 1361 2328 1425 vientem,ad
2354 1361 2508 1416 beati
2532 1362 2806 1432 martyris
2825 1362 3010 1432 Magni
3031 1363 3212 1434 pedes
3231 1373 3616 1422 mansuetum

1967 1456 2021 1504 et
2051 1455 2411 1522 prostratum
2434 1451 2665 1520 jacere;
2689 1451 2769 1505 rei
2793 1451 3250 1508 admirabilitate
3305 1457 3612 1520 commoti,

1967 1539 2039 1594 ad
2071 1539 2279 1594 Christi
2310 1540 2491 1595 ﬁdem
2524 1557 2586 1594 se
2613 1541 3011 1596 contulerunt.
3055 1542 3456 1606 Quamobrem
3489 1545 3620 1600 Ale-

1969 1627 2180 1682 xandri
2193 1628 2491 1698 praesidisj
2505 1645 2604 1682 uss
2617 1645 2648 1683 u
2665 1629 2848 1701 capite
2864 1629 3466 1700 plectuntur,Magnus
3481 1649 3619 1690 vero

206 1741 228 1767 ι
269 1720 406 1773 Erat
450 1718 564 1781 hic,
599 1717 923 1790 imperante
955 1717 1328 1782 Maximiano,
1361 1718 1481 1773 dux
1513 1717 1765 1773 militum
1798 1717 1858 1772 in
1893 1734 1934 1788 Β
1969 1716 2264 1788 lapidibus
2295 1719 2582 1772 obruitur.
2619 1718 3054 1773 »Annuntiatio
3085 1718 3212 1774 haec
3242 1723 3514 1776 convenit
3555 1726 3612 1779 S.

201 1806 474 1862 orientali
501 1809 740 1875 regione
768 1808 879 1862 sub
909 1808 1211 1872 Antiocho,
1253 1809 1357 1878 qui
1400 1807 1673 1862 universo
1707 1806 1858 1860 mili-

202 1901 333 1950 tum
397 1897 622 1965 agmini
655 1903 920 1967 praeerat.
977 1903 1022 1951 A
1051 1912 1174 1968 quo
1202 1902 1516 1966 postquam
1565 1912 1683 1951 una
1721 1912 1859 1950 cum

203 1985 339 2040 aliis
361 1985 577 2039 militias
600 1985 849 2040 ducibus
875 1984 1094 2040 missus
1129 1990 1284 2040 esset
1317 1985 1603 2040 adversus
1635 1988 1858 2049 Persas,

203 2081 264 2128 et
299 2072 592 2129 Christum
610 2074 1027 2137 invocasset,in
1049 2073 1251 2142 fugam
1285 2074 1398 2142 egit
1424 2076 1709 2138 Persas,et
1731 2078 1864 2143 post

203 2163 566 2232 insperatam
599 2162 905 2218 victoriam
939 2165 1127 2218 socios
1177 2178 1287 2218 nos
1320 2162 1396 2218 ad
1442 2161 1647 2217 Christi
1679 2163 1862 2219 ﬁdem

205 2251 510 2320 pertraxit.
535 2252 804 2306 Accusati
832 2267 970 2306 vero
993 2250 1152 2322 apud
1177 2251 1560 2317 Antiochum,
1577 2255 1861 2322 tanquam

202 2339 286 2393 rei
313 2339 560 2408 judicio,
586 2356 786 2395 coram
819 2340 949 2410 ipso
981 2339 1246 2395 astitere:
1281 2347 1338 2394 et
1363 2341 1490 2410 ipse
1515 2339 1761 2411 quidem
1801 2342 1863 2396 in

202 2426 360 2481 lecto
394 2426 580 2482 ferreo
614 2431 798 2499 ignito
826 2429 936 2484 fuit
967 2437 1279 2490 extensus;
1328 2429 1628 2484 sociorum
1663 2435 1863 2485 autem

205 2532 237 2571 θ
312 2517 618 2587 quadratis
667 2517 844 2586 lignis
907 2534 1123 2573 manus
1166 2516 1430 2572 transﬁxi
1472 2523 1608 2572 sunt
1658 2518 1860 2573 clavis.

209 2605 428 2660 Deinde
459 2613 658 2662 autem
711 2622 780 2662 ex
824 2606 955 2662 aliis
988 2605 1166 2678 mille,
1197 2606 1447 2676 jubente
1488 2607 1801 2670 Antiocho,
1833 2625 1864 2663 e

202 2693 466 2764 regionis
488 2695 711 2750 finibus
734 2695 926 2751 exacti
962 2713 972 2750 :
1009 2712 1155 2766 quos
1176 2695 1274 2752 ubi
1304 2696 1676 2750 instruxisset
1720 2697 1864 2750 San-

202 2787 352 2847 ctus,
387 2786 462 2839 ad
516 2782 729 2839 Christi
760 2783 941 2840 ﬁdem
981 2785 1250 2840 adduxit.
1308 2787 1450 2840 Rem
1499 2784 1600 2839 ubi
1626 2799 1863 2856 compe-

199 2870 378 2927 risset
429 2873 774 2944 Antiochus,
819 2889 1042 2945 eosque
1101 2873 1279 2929 simul
1329 2890 1466 2929 cum
1503 2873 1594 2928 his
1640 2873 1861 2944 quibus

199 2967 474 3030 prmerat,
495 2970 647 3019 esset
673 2964 1216 3030 insecutus,omnes
1242 2979 1379 3018 ense
1404 2962 1859 3025 interemit,om-

1971 1806 2381 1876 Magno,cujus
2414 1807 2762 1878 martyrium
2818 1807 3091 1878 pluribus
3119 1807 3400 1865 describit
3421 1811 3621 1867 Petrus

1969 1894 2042 1948 de
2075 1894 2377 1949 Natalibus
2407 1895 2508 1950 lib.
2544 1897 2591 1958 7,
2642 1912 2775 1964 cap.
2803 1896 2872 1950 79
2907 1912 2919 1963 ;
2955 1895 3014 1951 in
3047 1912 3162 1967 quo
3216 1903 3417 1954 tamen
3482 1917 3620 1956 cum

1971 1982 2197 2038 nullum
2230 1982 2303 2038 de
2333 1985 2387 2038 8.
2415 1985 2653 2040 Andrea
2681 1984 2986 2040 inveniam
3033 1987 3366 2056 vestigium,
3404 1989 3622 2046 mirum

1973 2072 2116 2127 mihi
2172 2072 2406 2138 accidit,
2465 2073 2654 2145 ipsius
2712 2089 2933 2129 nomen
3000 2075 3295 2130 intrusum
3375 2077 3489 2147 legi
3562 2079 3620 2133 in

1972 2161 2128 2216 dicta
2150 2163 2742 2219 annuntiatione.Sed
2775 2179 2869 2218 res
2891 2164 3019 2218 haec
3042 2163 3319 2235 pluribus
3341 2171 3624 2222 tractatur

1975 2250 2136 2321 apud
2169 2267 2274 2306 nos
2305 2250 2420 2306 hac
2440 2251 2554 2316 die,
2581 2268 2702 2323 qua
2715 2251 2789 2307 de
2811 2258 3016 2307 sancto
3039 2255 3249 2322 Magno
3272 2255 3625 2326 Cappadoce

1974 2338 2186 2406 agitur,
2212 2354 2350 2410 pag.
2383 2340 2506 2394 717.
2527 2343 2686 2395 Nunc
2702 2340 2774 2395 de
2797 2341 3263 2397 hallucinatione
3289 2344 3626 2415 Martyrolo-

1975 2441 2187 2494 gorum
2220 2428 2768 2497 superiusindicata
2793 2436 2848 2484 et
2870 2430 2961 2484 hic
2997 2430 3267 2500 pluribus
3301 2431 3626 2489 refellenda

1973 2515 2363 2570 tractabimus
2393 2535 2408 2587 ;
2433 2533 2464 2571 e
2494 2533 2616 2588 qua
2645 2517 2872 2573 videtur
2910 2518 3202 2588 originem
3235 2520 3484 2575 traxisse
3510 2521 3627 2578 Ga-

1973 2603 2284 2660 lesiniana.

2044 2698 2093 2747 5.
2131 2696 2194 2749 Et
2231 2710 2302 2749 ea
2331 2694 2578 2765 quidem
2608 2699 2696 2748 est
2725 2694 2943 2766 duplex
2980 2711 2992 2760 ;
3036 2695 3221 2752 altera
3279 2696 3340 2752 in
3389 2714 3458 2752 eo
3493 2713 3617 2754 ver-

1973 2788 2157 2851 satur,
2206 2784 2370 2854 quod
2422 2784 2476 2839 8.
2532 2783 2780 2839 Andreae
2841 2783 3180 2839 addiderint
3222 2801 3442 2841 nomen
3500 2803 3621 2843 non

1973 2887 2174 2936 suum,
2234 2872 2423 2940 Magni
2475 2872 2743 2927 videlicet
2790 2872 3021 2938 ;altera
3069 2873 3349 2929 incertior
3404 2874 3616 2946 priore,

1969 2961 2133 3032 quod
2173 2960 2390 3017 alicubi
2433 2960 2578 3016 forte
2635 2963 2688 3018 S.
2724 2965 2970 3032 Magnus
3013 2962 3182 3018 aliter
3209 2965 3616 3031 annuntietur,

200 3047 496 3122 niumque
538 3058 908 3123 postremum
949 3051 1268 3115 Andream,
1308 3051 1594 3107 illustrem
1648 3050 1856 3106 Christi
1897 3094 1937 3149 Ο
1968 3065 2152 3121 quam
2184 3049 2419 3116 debeat,
2454 3051 2534 3105 uti
2571 3067 2704 3106 mox
2737 3051 3008 3106 referam.
3044 3052 3131 3106 Ad
3155 3052 3410 3123 priorem
3453 3055 3617 3125 quod

199 3143 552 3210 martyrem,
579 3146 634 3197 et
663 3141 814 3196 inter
844 3141 1098 3197 athletas
1131 3141 1292 3196 fama
1322 3140 1676 3196 celebrem.»

279 3233 470 3296 Quam
503 3229 894 3285 memorabile
927 3231 1106 3300 hujus
1134 3229 1318 3284 nostri
1345 3229 1856 3299 Megalomartyris

197 3338 304 3377 seu
336 3319 528 3388 Magni
559 3320 834 3389 martyris
875 3334 1096 3374 nomen
1123 3325 1208 3373 est
1243 3317 1404 3389 apud
1435 3317 1690 3384 Graecos,
1734 3323 1852 3372 tam

199 3408 431 3466 celebre
462 3407 641 3463 etiam
675 3413 764 3462 est
788 3406 950 3478 apud
975 3407 1232 3470 Latinos,
1278 3405 1712 3478 antiquissimis
1745 3407 1855 3462 uti-

198 3515 315 3572 que
332 3513 402 3554 ac
430 3497 638 3568 primas
659 3503 810 3552 notas
839 3495 1266 3567 Martyrologiis
1299 3496 1667 3566 inscriptum.
1704 3499 1852 3552 Nam

202 3586 507 3644 Usuardus
560 3585 671 3640 hac
697 3585 790 3639 die
821 3586 904 3640 ita
946 3601 1080 3640 eum
1106 3584 1316 3640 refert:
1357 3583 1630 3641 «Natalis
1663 3585 1852 3640 sancti

200 3675 415 3745 Magni,
468 3691 575 3729 seu
629 3674 815 3729 sancti
865 3672 1114 3729 Andreae
1147 3673 1448 3744 martyris,
1503 3689 1641 3728 cum
1673 3675 1851 3728 sociis

197 3765 320 3820 suis
360 3763 601 3818 duobus
627 3762 886 3818 millibus
915 3762 1258 3834 quingentis
1289 3763 1614 3832 nonaginta
1639 3767 1695 3817 et
1725 3778 1853 3833 sep-

197 3858 340 3910 tem.
373 3873 400 3902 »
433 3852 523 3907 Ad
554 3867 738 3923 quam
769 3852 1285 3907 annuntiationem
1316 3851 1426 3906 ista
1463 3851 1584 3921 jam
1621 3851 1850 3921 pridem

193 3943 251 3997 in
285 3941 560 3998 Usuardo
591 3957 628 3996 a
669 3940 841 3996 nobis
898 3940 1056 3996 edito
1083 3947 1137 3996 et
1185 3941 1480 3996 illustrato
1538 3939 1851 3995 observata

193 4037 352 4086 sunt.
385 4051 412 4083 (ι
443 4030 742 4085 Andream
769 4031 926 4100 apud
941 4029 1646 4098 Grmcosinclytissimum
1664 4031 1850 4097 Mega-

189 4121 586 4192 lomartyrem
607 4118 978 4189 Martyrologi
996 4120 1173 4173 nostri
1193 4118 1380 4174 Latini
1402 4117 1850 4173 verasimillime

190 4225 262 4264 ex
287 4207 904 4279 Graacaappellatione
943 4207 1276 4262 binomium
1308 4207 1848 4276 fecerintMagnum

189 4314 292 4353 seu
322 4296 644 4351 Andream.
689 4295 782 4352 Sic
814 4297 1033 4352 etenim
1092 4295 1265 4360 Beda,
1325 4301 1501 4367 prout
1534 4295 1695 4366 apud
1741 4311 1850 4350 nos

191 4387 388 4441 editus
415 4390 586 4449 est,et
605 4400 676 4439 eo
696 4384 995 4448 Rabanus,
1025 4386 1364 4441 Romanum
1407 4401 1678 4456 parvum,
1701 4383 1846 4448 Ado,

1969 3141 2190 3202 attinet,
2223 3145 2436 3210 prater
2475 3138 2596 3204 illa,
2624 3155 2756 3210 qum
2805 3139 2984 3210 paulo
3015 3144 3154 3195 ante
3194 3142 3614 3212 praemisimus,

1966 3229 2092 3284 hrec
2118 3229 2271 3284 addo
2288 3231 2360 3284 ad
2389 3229 2681 3300 majorem
2704 3229 2937 3285 illorum
2955 3229 3494 3287 conﬁrmationem.
3518 3235 3618 3289 Ba-

1966 3319 2170 3372 ronius
2203 3320 2258 3372 in
2284 3317 2695 3372 notationibus
2728 3319 2840 3372 hac
2870 3319 2957 3372 die
2988 3321 3055 3374 19
3102 3321 3350 3388 Augusti
3399 3320 3473 3376 ad
3507 3337 3618 3376 an-

1964 3407 2388 3461 nuntiationem
2415 3405 2808 3476 Martyrologii
2845 3407 3094 3461 Romani
3127 3408 3374 3464 Andreae
3400 3409 3614 3465 tribuni

1965 3501 2020 3550 et
2057 3511 2203 3561 soc.,
2241 3516 2262 3545 α
2301 3496 2381 3549 De
2448 3495 2562 3558 his,
2604 3495 2704 3558 ait,
2735 3494 2848 3549 hac
2906 3495 3002 3549 die
3057 3494 3311 3551 Usuard.
3365 3505 3422 3552 et
3449 3497 3611 3565 Ado;

1964 3584 2094 3638 licet
2121 3587 2416 3638 An-lreum
2445 3599 2584 3638 cum
2637 3585 2694 3640 S.
2723 3586 2932 3650 Magno
2959 3585 3351 3641 confundant.
3388 3609 3414 3638 »
3450 3589 3613 3642 Hunc

1964 3689 2222 3728 errorem
2237 3673 2416 3727 etiam
2431 3673 2676 3741 castigat
2694 3673 3036 3727 Lambecius
3051 3675 3610 3731 Commentariorum

1963 3764 2036 3817 de
2056 3761 2661 3816 biblithecaCeesarea
2696 3761 3159 3828 Vindobonensi,
3189 3763 3290 3818 lib.
3319 3780 3432 3828 vni,
3472 3779 3605 3834 pag.

1963 3854 2086 3916 202,
2118 3851 2214 3906 ubi
2254 3849 2570 3906 occasione
2614 3851 2902 3905 versionis
2923 3851 3134 3906 Latinae
3164 3857 3221 3906 et
3249 3852 3475 3907 exordii
3506 3859 3611 3908 Ac-

1963 3946 2159 3996 torum
2185 3941 2240 3995 S.
2260 3939 2508 3994 Andreae
2523 3955 2592 3994 ac
2611 3938 2905 3994 sociorum
2922 3939 3087 4011 apud
3106 3940 3344 3996 Surium
3366 3941 3478 3997 hac
3491 3943 3606 4010 die,

1961 4029 2299 4100 Martyrium
2334 4029 2390 4082 S.
2444 4028 2714 4096 Andreae,
2770 4027 2941 4083 ducis
2995 4030 3304 4093 exercitus,
3333 4034 3389 4084 et
3424 4031 3608 4086 socio-

1959 4133 2114 4181 rum,
2145 4122 2383 4172 auctore
2417 4118 2706 4187 Symeone
2739 4117 3151 4187 Metaphraste.
3198 4118 3453 4173 Vocatur
3502 4135 3609 4175 au-

1961 4212 2076 4262 tem
2108 4206 2204 4262 hic
2231 4205 2498 4261 Andreas
2525 4205 2702 4260 etiam
2737 4221 3047 4275 magnus,»
3079 4212 3225 4270 e‘tc.,
3259 4207 3340 4262 sic
3364 4208 3603 4264 scribit:

1961 4314 1990 4347 α
2024 4298 2140 4350 Hoc
2171 4310 2290 4349 non
2321 4300 2406 4349 est
2458 4292 2908 4361 intelligendum
2957 4293 3031 4349 de
3063 4294 3306 4350 nomine
3365 4297 3607 4367 proprio

1960 4385 2148 4453 Magni
2178 4383 2438 4454 ;quippe
2467 4381 2633 4454 quod
2680 4384 2736 4438 S.
2767 4382 3034 4438 Andreas
3081 4384 3422 4440 Stratelates
3483 4401 3607 4440 non

184 4480 269 4543 et,
305 4475 479 4545 cujus
517 4474 646 4544 jam
698 4474 874 4529 verba
918 4474 1213 4533 dedimus,
1280 4471 1608 4528 Usuardus.
1651 4473 1849 4528 Melius
1883 4462 1927 4516 Ι)
1959 4472 2186 4536 habuit,
2224 4473 2328 4526 scd
2384 4478 2609 4527 tantum
2657 4471 2730 4526 de
2780 4471 2945 4526 titulo
2987 4471 3454 4546 Μεγαλομάρτυρος
3485 4474 3608 4530 sive

196 4564 446 4620 fortasse
479 4562 780 4633 legissent,
809 4563 1010 4633 magni
1037 4563 1314 4617 Andreae:
1351 4577 1545 4633 neque
1568 4562 1725 4616 enim
1763 4578 1850 4616 ve-

194 4651 463 4708 rosimile
497 4658 664 4722 puto,
704 4651 1128 4723 Martyrologos
1157 4658 1390 4706 nostros
1431 4650 1728 4706 Andream
1757 4652 1851 4704 tri-

195 4741 432 4796 bunum
467 4739 718 4795 militum
772 4756 908 4795 cum
943 4742 1150 4812 Magno
1206 4741 1491 4812 episcopo
1530 4739 1846 4807 Anagnino

194 4828 563 4884 confundere
590 4828 867 4883 voluisse.
907 4849 934 4879 »
957 4828 1610 4884 Hancobservationem
1643 4827 1715 4882 de
1739 4828 1853 4882 du-

193 4918 327 4988 plici
353 4916 597 4972 nomine
611 4916 804 4972 eidem
823 4924 1026 4973 nostro
1041 4919 1288 4989 martyri
1310 4933 1622 4989 perperam
1640 4916 1846 4982 indito,

193 5005 443 5062 inferius
473 5005 832 5062 conﬁrmare
889 5009 1262 5063 conabimur.
1293 5007 1582 5062 Habemus
1614 5006 1846 5060 interim

194 5112 269 5151 ex
296 5095 467 5151 dictis
501 5095 672 5165 (nihil
703 5095 922 5167 quippe
955 5098 1110 5165 cogit
1139 5112 1348 5152 omnes
1381 5095 1512 5150 illas
1533 5096 1850 5150 annuntia-

194 5185 388 5240 tiones
415 5183 535 5238 huc
566 5185 830 5253 integras
887 5185 1298 5255 transcribere)
1357 5185 1558 5251 magni
1587 5183 1848 5238 nominis

193 5279 518 5344 martyrem
550 5271 732 5328 fuisse
766 5275 820 5330 S.
854 5274 1160 5331 Andream
1196 5275 1254 5328 in
1305 5273 1562 5328 Ecclesia
1627 5271 1846 5327 Latina.

194 5366 273 5418 De
327 5361 755 5419 Wandelberto
800 5371 1008 5435 postea
1055 5378 1325 5432 agemus.
1369 5359 1849 5431 Martyrologium

194 5453 536 5508 Romanum
571 5454 925 5508 modernum
958 5452 1042 5506 ita
1079 5454 1154 5506 de
1183 5452 1277 5508 illo
1331 5451 1472 5520 legit
1539 5465 1607 5503 ac
1653 5447 1849 5513 sociis,

193 5557 454 5614 quorum
476 5547 674 5596 tamen
693 5557 1008 5596 numerum
1024 5556 1142 5594 non
1171 5540 1525 5595 determinat
1558 5555 1570 5592 :
1603 5540 1694 5591 «In
1721 5535 1850 5590 Cili-

1958 4562 2160 4631 Magni
2183 4563 2486 4631 martyris,
2528 4560 2630 4632 qui
2663 4560 2744 4615 illi
2777 4561 2834 4615 in
2874 4560 3055 4631 hujus
3113 4563 3472 4618 narrationis
3524 4563 3610 4619 in-

1959 4651 2274 4718 scriptione
2345 4650 2548 4704 Graeca
2608 4649 2848 4704 honoris
2899 4666 3081 4705 causa
3131 4651 3420 4706 tribuitur.
3477 4653 3610 4707 Per-

1959 4753 2161 4809 peram
2192 4737 2370 4806 igitur
2423 4743 2482 4792 et
2519 4736 2782 4792 absurde
2813 4737 2871 4792 in
2903 4738 3122 4793 Adonis
3171 4739 3606 4812 archiepiscopi

1962 4825 2307 4881 Viennensis
2320 4825 2728 4896 Martyrologio
2753 4826 2849 4881 die
2872 4827 2938 4881 19
2962 4828 3212 4895 Augusti
3244 4827 3475 4898 legitur:
3500 4832 3606 4885 Na-

1961 4915 2090 4971 talis
2123 4915 2310 4970 sancti
2350 4917 2538 4982 Magni
2571 4932 2674 4970 seu
2709 4917 2895 4972 sancti
2928 4917 3232 4983 Andreae,»
3267 4922 3377 4974 etc.
3412 4919 3608 4974 Merito

1960 5003 2160 5074 itaque
2203 5003 2336 5067 ista,
2371 5023 2400 5054 «
2433 5002 2690 5058 Vocatur
2719 5010 2918 5059 autem
2967 5004 3062 5060 hic
3112 5005 3378 5061 Andreas
3428 5007 3607 5062 etiam

1960 5097 2205 5161 Magnus
2237 5114 2264 5140 ››
2297 5092 2522 5146 omissa
2548 5097 2684 5146 sunt
2710 5092 2768 5147 in
2799 5091 3057 5148 editione
3081 5093 3252 5158 Surii,
3282 5110 3442 5149 anno
3475 5099 3608 5151 1618

1962 5179 2216 5236 Coloniae
2264 5179 2581 5236 edita.Haec
2635 5179 2709 5235 de
2757 5196 2953 5236 errore
3008 5181 3116 5237 isto
3153 5182 3217 5236 In
3244 5182 3428 5238 alium
3463 5183 3609 5239 forte

1961 5270 2166 5341 lapsus
2205 5275 2292 5324 est
2333 5267 2799 5334 Wandelbertus,
2841 5270 2986 5325 dum
3039 5271 3232 5325 eidem
3275 5278 3608 5343 martyrum

1962 5357 2270 5428 manipulo
2299 5357 2531 5412 videtur
2574 5356 2923 5427 adjunxisse
2955 5361 3013 5414 8.
3063 5361 3341 5427 Magnum
3383 5363 3612 5433 Cappa-

1961 5447 2196 5511 docem,
2231 5447 2324 5500 cui
2352 5447 2530 5502 aliam
2567 5447 2833 5516 martyrii
2878 5445 3221 5516 palaestram
3253 5464 3438 5520 supra
3467 5451 3610 5509 assi-

1970 5535 2307 5606 gnavimus.
2350 5536 2440 5591 Sic
2463 5551 2622 5591 enim
2647 5536 2824 5590 cauit.
