4154 6192
241 296 355 350 593

1641 294 1803 350 VITA
1847 296 1904 351 S.
1949 294 2040 350 AN
2048 294 2280 353 DREE.

3563 299 3669 356 594

226 437 302 477 ac
381 437 710 487 recensere,
770 425 828 477 et
878 420 1226 477 Christianis
1310 420 1560 476 liberam
1637 419 1892 491 eligendi
1926 419 1970 474 Α
2006 436 2233 478 annum
2253 423 2458 479 Christi
2478 426 2786 491 30t,num.
2823 431 2869 496 t,
2899 424 3324 481 Diocletianum
3352 425 3666 497 imperato-

220 517 574 583 potestatem
634 511 882 575 fecisset,
939 517 1001 564 ut
1081 509 1171 564 vel
1221 511 1654 582 imperatorum
1700 510 1890 580 jussis

219 600 706 672 obtemperantes
746 600 993 655 honoris
1025 600 1115 654 sui
1147 600 1404 668 gradum
1439 601 1774 661 retinerent,
1802 600 1890 654 vel

217 690 267 744 si
305 705 512 760 parere
542 689 781 750 nollent,
809 689 1031 743 honore
1059 688 1280 743 militia:
1309 689 1698 753 nudarentur;
1727 704 1889 743 com-

216 779 420 851 plures
469 779 800 850 reguiJesu
855 778 1069 833 Christi
1129 778 1364 841 milites,
1423 777 1687 832 nominis
1732 777 1889 833 illius

219 868 658 925 confessionem
679 867 946 923 saeculari
962 866 1164 936 glorias
1187 882 1256 922 ac
1275 867 1562 931 felicitati,
1583 882 1704 938 qua
1727 865 1890 922 frue-

223 957 448 1014 bantur
477 957 708 1030 absque
751 955 867 1012 ulla
923 955 1298 1011 cunctatione
1355 955 1756 1027 prmtulerunt.
1809 957 1890 1010 Ex

226 1046 454 1119 quibus
495 1046 671 1119 pauci
709 1045 1042 1101 admodum
1077 1044 1160 1114 (in
1201 1044 1403 1099 Graeco
1443 1049 1529 1100 est
1554 1045 1625 1105 εἷς
1655 1063 1754 1095 που
1799 1049 1889 1096 καὶ

229 1132 494 1208 δεύτερος,
524 1134 583 1190 id
614 1140 720 1203 est,
757 1150 910 1189 unus
931 1137 987 1189 et
1012 1133 1179 1202 alter)
1225 1149 1344 1188 non
1405 1133 1582 1188 modo
1641 1133 1891 1201 dignita-

225 1229 373 1289 tem,
401 1240 606 1281 verum
639 1224 816 1279 etiam
857 1223 1035 1278 vitam
1078 1223 1346 1277 amittere
1388 1238 1495 1293 pro
1542 1222 1890 1277 defensione

229 1315 465 1385 pietatis
486 1313 894 1369 sustinuerunt
922 1328 933 1366 :
965 1312 1180 1367 cumis
1215 1311 1319 1382 qui
1357 1311 1628 1381 religioni
1669 1317 1889 1366 nostras

228 1402 498 1458 struebat
531 1402 796 1466 insidias,
831 1416 1009 1472 parce
1036 1400 1234 1456 adhuc
1264 1405 1319 1456 et
1358 1416 1494 1455 raro
1530 1400 1888 1470 sanguinem

222 1492 633 1565 quorumdam
666 1490 914 1546 fundere
935 1490 1200 1545 auderet.
1237 1492 1449 1544 Verum
1479 1489 1578 1544 ubi
1629 1489 1889 1561 apertius

223 1598 286 1637 se
318 1581 396 1636 ad
421 1581 642 1636 bellum
684 1580 956 1642 accinxit,
1009 1578 1126 1633 dici
1178 1594 1296 1632 non
1357 1583 1569 1649 potest,
1623 1582 1770 1650 quot
1833 1582 1890 1633 et

222 1675 485 1742 quantos
515 1669 725 1724 Christi
780 1672 1074 1738 martyres
1099 1668 1157 1721 in
1189 1666 1472 1722 omnibus
1519 1666 1666 1722 locis
1713 1671 1888 1738 atque

225 1759 477 1815 urbibus
498 1759 722 1829 passim
750 1771 990 1813 cernere
1037 1755 1283 1819 licuerit,
1328 1778 1355 1805 ››
1399 1761 1533 1826 post
1587 1755 1888 1811 famosum
1918 1781 1957 1834 Β

222 1847 501 1904 videlicet
530 1847 788 1902 edictum
817 1851 1026 1901 contra
1051 1845 1331 1900 ecclesias
1371 1845 1742 1915 propositum
1800 1845 1890 1900 Ni-

226 1938 538 2002 comediae,
571 1937 645 1992 de
674 1953 796 2008 quo
835 1951 968 2007 cap.
996 1937 1030 1990 5
1063 1935 1332 1990 meminit
1361 1934 1519 1990 idem
1576 1936 1884 1990 Eusebius.

307 2031 392 2084 10.
467 2025 523 2083 Si
580 2025 773 2097 itaque
821 2024 1088 2095 pugilum
1131 2030 1468 2080 nostrorum
1538 2025 1886 2096 martyrium

226 2116 465 2172 differre
505 2114 702 2170 liceret
775 2119 955 2185 atque
1027 2113 1105 2168 ad
1176 2112 1339 2168 illam
1406 2112 1884 2168 crudelissimam

224 2205 728 2277 persecutionem,
761 2219 884 2274 qua
915 2202 971 2256 in
999 2217 1177 2257 omne
1204 2216 1395 2270 genus
1418 2201 1736 2257 hominum
1755 2206 1886 2273 aty-

222 2294 429 2350 rannis
449 2295 724 2348 saevitum
745 2297 852 2356 est,
885 2295 1077 2346 textus
1105 2290 1335 2345 Eusebii
1354 2306 1471 2345 non
1485 2296 1709 2346 crearet
1737 2289 1888 2346 difﬁ-

220 2383 504 2439 cultatem
531 2398 544 2444 ;
577 2380 683 2436 sed
715 2397 850 2435 cum
871 2395 942 2434 eo
965 2394 1154 2451 usque
1178 2395 1298 2433 non
1319 2378 1589 2435 videatur
1615 2379 1888 2435 differen-

226 2473 402 2537 dum,
439 2470 649 2526 saltem
682 2468 1014 2525 secundum
1069 2473 1230 2532 Acta,
1265 2473 1444 2539 prout
1493 2468 1755 2523 videlicet
1818 2485 1889 2525 ea

219 2576 382 2616 nunc
401 2564 638 2615 exstant
667 2577 680 2625 ;
707 2574 828 2613 non
849 2557 1184 2624 videamus,
1204 2573 1326 2628 quo
1354 2564 1529 2628 pacto
1559 2557 1699 2612 satis
1729 2573 1888 2613 com-

221 2649 404 2705 mode
434 2649 508 2704 ad
532 2647 718 2703 verba
741 2645 970 2702 Eusebii
997 2645 1342 2718 responderi
1365 2652 1561 2717 queat.
1600 2646 1886 2715 Diximus,

223 2737 436 2794 saltem
466 2737 801 2792 secundum
826 2740 969 2790 Acta
993 2741 1122 2800 etc.,
1163 2751 1301 2806 quae
1324 2733 1382 2789 S.
1412 2735 1662 2790 Andreae
1697 2751 1768 2790 ac
1798 2752 1889 2790 so-

223 2827 456 2882 ciorum
512 2826 768 2881 militum
843 2823 1069 2880 eadem
1115 2829 1362 2878 narrant
1415 2824 1702 2878 accidisse
1757 2829 1889 2896 post

222 2916 454 2973 bellum
487 2915 782 2970 Persicum
816 2934 828 2981 ;
862 2914 1309 2969 circumstantia
1338 2928 1478 2968 vero
1505 2913 1603 2968 illa
1634 2913 1887 2970 fortasse

223 3005 462 3075 adjecta
493 3003 602 3059 fuit
632 3019 806 3058 anon
839 3003 982 3058 satis
1012 3007 1188 3058 cauto
1215 3009 1565 3058 exornatore
1585 3007 1883 3070 Actorum,

219 3110 353 3167 quae
395 3092 638 3148 aliunde
660 3108 772 3148 non
807 3098 938 3147 sunt
961 3107 1199 3163 magna;
1214 3091 1545 3146 admodum
1572 3093 1888 3148 auctorita-

221 3183 295 3238 tis
326 3180 632 3253 Quidquid
688 3181 781 3245 sit,
837 3197 949 3235 nos
1003 3181 1302 3248 ingentem
1365 3179 1530 3234 illum
1587 3183 1886 3236 sociorum

218 3278 556 3342 martyrum
589 3285 929 3334 numerum,
965 3269 1024 3324 in
1069 3270 1282 3324 Graecis
1305 3269 1524 3340 pariter
1552 3285 1622 3324 ac
1671 3270 1886 3324 Latinis

216 3362 404 3418 Fastis
425 3360 870 3428 consignatum,
920 3358 1312 3429 relinquimus
1362 3360 1420 3411 in
1474 3358 1716 3430 antiqua
1778 3374 1884 3414 sua

213 3449 619 3522 possessione,
637 3447 716 3502 ita
734 3452 932 3502 tamen
953 3453 1034 3512 ut,
1051 3445 1532 3518 Martyrologium
1552 3449 1883 3502 Romanum

215 3538 423 3601 secuti,
457 3553 594 3592 eum
648 3537 707 3591 in
755 3535 919 3591 titulo
982 3543 1118 3590 ante
1165 3535 1326 3589 hunc
1383 3536 1885 3591 Commentarium

215 3632 496 3683 nostrum
529 3641 648 3680 non
679 3625 1012 3679 determina
1062 3624 1344 3679 verimus.
1375 3627 1539 3678 Nunc
1563 3641 1598 3679 a
1639 3641 1887 3680 numero

220 3721 556 3788 martyrum
589 3729 914 3786 pergamus
937 3713 1012 3767 ad
1039 3720 1271 3784 tempus
1312 3711 1598 3785 martyrii.

996 3802 1022 3874 §
1063 3802 1131 3856 Il.

631 3892 874 3962 Tempus
899 3890 1181 3958 martyrii
1197 3905 1532 3960 expensum.

303 4004 329 4032 ιι
376 3983 650 4045 Cursum,
679 3981 955 4052 inquiunt
994 3986 1160 4044 Acta,
1207 3981 1462 4052 martyrii
1495 3980 1585 4035 sui
1617 3979 1886 4036 beatissi-

228 4088 368 4128 mus
391 4069 657 4126 Andreas
700 4086 835 4124 cum
867 4074 990 4124 tota
1018 4086 1127 4124 sua
1159 4069 1289 4126 forti
1342 4074 1399 4124 et
1455 4086 1489 4125 a
1545 4071 1664 4124 Deo
1707 4069 1890 4125 electa

228 4159 525 4229 Phalange
551 4150 1045 4228 perfecitdecimo
1063 4175 1222 4213 nono
1253 4157 1348 4212 die
1373 4158 1595 4214 mensis
1617 4158 1884 4227 Augusti,

223 4249 323 4304 die
354 4249 680 4303 Dominico.
722 4268 749 4298 »
797 4247 1006 4302 Littera
1037 4249 1102 4313 G,
1126 4263 1261 4319 quae
1289 4247 1384 4302 hic
1428 4254 1515 4302 est
1545 4246 1732 4302 littera
1771 4247 1887 4302 diei

226 4342 289 4394 19
318 4337 590 4406 Augusti,
626 4351 742 4391 non
767 4335 1059 4390 invenitur
1092 4343 1377 4407 tanquam
1410 4335 1599 4390 littera
1629 4335 1887 4391 Domini-

217 4426 364 4481 calis
404 4425 638 4494 signata
669 4425 745 4480 ad
781 4431 1051 4478 nostrum
1090 4425 1486 4494 propositum,
1547 4425 1657 4479 nisi
1725 4441 1882 4479 anno

2004 526 2129 566 rem
2153 528 2290 568 cum
2325 531 2436 569 suo
2458 515 2678 586 collega
2709 515 3062 570 Maximiano
3097 519 3235 569 tunc
3269 515 3666 585 triumphasse

2002 598 2076 654 de
2104 603 2290 657 Persis
2317 603 2576 660 afﬁrmat
2637 625 2650 669 ;
2705 611 2761 658 et
2814 605 3032 659 ibidem
3089 619 3245 658 num.
3279 608 3329 657 2.
3375 625 3400 653 α
3465 607 3662 669 Porro,

2001 692 2099 754 ait,
2143 693 2351 748 enituit
2373 693 2434 747 in
2459 693 2610 748 bello
2637 692 2873 749 Persico
2903 692 3122 748 eximia
3169 693 3356 747 virtus
3416 692 3663 750 Andreas

2001 778 2222 835 tribuni
2244 781 2520 844 militum,
2555 803 2578 833 υ
2625 788 2737 838 etc.

2079 873 2159 923 tt.
2190 869 2303 925 Sed
2331 871 2543 942 Pagius
2568 872 2645 927 ad
2671 871 2898 927 dictum
2931 886 3177 937 annum,
3213 886 3382 926 num.
3415 876 3471 934 2,
3492 869 3662 926 illum

2002 957 2372 1028 triumphum
2402 959 2767 1016 celebratum
2809 959 3068 1016 afﬁrmat
3096 979 3120 1011 α
3146 975 3307 1015 anno
3333 960 3436 1015 303
3477 979 3505 1012 ιι
3548 976 3660 1030 quo

2000 1047 2338 1102 Lactantius
2366 1048 2467 1104 lib.
2504 1051 2587 1106 De
2608 1050 2886 1105 mortibus
2918 1055 3384 1117 persecutorum,
3416 1049 3658 1121 cap.t7.

2006 1136 2433 1194 Diocletianum
2464 1142 2663 1194 Romte
2689 1138 3028 1195 Vicennalia
3085 1138 3416 1194 celebrasse
3457 1138 3654 1194 tradit.

2000 1225 2144 1279 Nam
2183 1242 2320 1282 cum
2376 1228 2711 1299 triumphus
2765 1227 2860 1283 ille
2893 1230 3088 1282 Romae
3135 1227 3432 1282 exhibitus
3457 1226 3654 1295 fuerit,

2000 1319 2062 1369 ut
2095 1314 2380 1369 Eusebius
2413 1315 2472 1370 in
2506 1317 2816 1382 Chronico,
2851 1316 3165 1387 Eutropius
3188 1322 3242 1371 et
3272 1315 3658 1372 Cassiodorus

1999 1407 2308 1467 testantur,
2380 1409 2439 1458 et
2497 1410 2632 1460 ante
2701 1420 2928 1460 annum
2987 1408 3087 1460 303
3153 1410 3285 1475 post
3346 1405 3656 1460 victoriam

2000 1492 2291 1548 Persicam
2318 1493 2710 1548 Diocletianus
2745 1495 2944 1548 Romae
2975 1509 3098 1549 non
3149 1491 3342 1557 fuerit,
3375 1492 3560 1565 liquet
3584 1509 3656 1549 eo

2000 1597 2160 1636 anno
2187 1582 2555 1653 triumphum
2577 1582 2736 1638 hunc
2753 1589 2953 1638 actum
2975 1599 3124 1638 esse.
3155 1582 3434 1638 Praeterea
3457 1583 3656 1638 trium-

2000 1671 2154 1740 phos
2185 1687 2320 1725 cum
2356 1670 2766 1726 Vicennalibus
2805 1678 2860 1726 et
2891 1672 2948 1726 id
2977 1687 3164 1741 genus
3199 1671 3357 1725 festis
3389 1673 3464 1727 de
3497 1686 3657 1727 more

2000 1758 2284 1814 exbibitos
2299 1759 2786 1832 fuisse,ssepeque
2800 1760 3008 1816 dilatos
3023 1777 3137 1816 non
3153 1759 3326 1816 semel
3341 1760 3654 1816 insinuavi.

2001 1848 2193 1912 Quare
2223 1847 2354 1903 licet
2379 1864 2496 1920 pax
2528 1850 2676 1904 inter
2717 1852 3015 1904 Romanos
3042 1854 3098 1904 et
3149 1850 3354 1904 Persas
3394 1848 3522 1920 jam
3578 1848 3656 1904 ab

1999 1952 2156 1992 anno
2222 1936 2322 1992 297
2382 1937 2610 1992 sancita
2666 1937 2888 2002 fuisset,
2946 1943 3146 1994 tamen
3198 1936 3536 2007 triumphus
3581 1936 3657 1992 de

2001 2024 2188 2080 Persis
2218 2041 2377 2082 anno
2405 2031 2634 2081 tantum
2665 2025 2769 2080 303
2799 2031 2986 2083 actus.
3021 2029 3104 2096 Et,
3141 2024 3445 2082 nonnullis
3479 2025 3659 2080 inter-

1995 2115 2186 2185 jectis,
2217 2114 2294 2170 ad
2317 2115 2457 2170 anni
2479 2114 2574 2170 301
2621 2131 2940 2170 numerum
2999 2119 3052 2178 2,
3121 2130 3276 2188 quos
3325 2131 3358 2171 e
3409 2113 3658 2170 Baronio

2001 2204 2282 2268 citabam,
2315 2209 2372 2260 et
2401 2220 2572 2275 seqq.
2631 2203 2910 2260 observat
2929 2205 3040 2260 ista
3073 2219 3086 2259 :
3135 2227 3155 2253 ι
3218 2203 3660 2260 Diocletianus..

1999 2292 2232 2348 nullum
2254 2293 2368 2348 hoc
2406 2309 2566 2349 anno
2597 2292 2666 2349 de
2725 2294 3139 2364 persecutione
3187 2292 3660 2348 Christianorum

1999 2381 2404 2453 promulgavit
2437 2382 2716 2447 edictum,
2745 2382 2848 2437 sed
2874 2387 3103 2438 tantum
3150 2382 3211 2436 in
3241 2381 3454 2436 milites
3492 2379 3661 2436 saevi-

2001 2473 2148 2534 tum,
2184 2472 2372 2535 Quare
2425 2477 2731 2542 martyres,
2778 2472 2848 2525 de
2895 2471 3117 2542 quibus
3168 2469 3477 2534 Baronius,
3527 2475 3664 2526 ante

1999 2575 2227 2616 annum
2257 2560 2362 2615 303
2398 2559 2554 2630 passi
2612 2575 2731 2616 non
2778 2565 2935 2614 sunt.
2989 2579 3016 2611 ››
3057 2559 3165 2614 Alii
3215 2565 3508 2630 martyres
3571 2558 3665 2614 isti

1998 2649 2116 2704 huc
2147 2663 2267 2703 non
2300 2653 2591 2719 spectant,
2625 2649 2724 2703 sed
2759 2650 2816 2703 L.
2852 2647 3118 2702 Andreas
3140 2662 3278 2701 cum
3337 2646 3460 2701 suis
3510 2645 3658 2702 milio

1999 2738 2172 2803 tibus,
2201 2753 2459 2809 quorum
2493 2737 2845 2808 martyrium
2871 2752 2943 2791 ex
2965 2736 3093 2806 jam
3147 2733 3320 2789 dictis
3366 2733 3529 2804 apud
3558 2735 3666 2790 Ba-

1999 2826 2255 2891 ronium,
2291 2842 2362 2881 ac
2385 2825 2656 2881 criticum
2687 2826 2837 2896 ejus,
2865 2828 3356 2882 consummatum
3390 2823 3464 2878 sit
3502 2839 3664 2880 anno

1997 2906 2121 2962 30f.

2069 3085 2154 3138 12.
2200 3083 2312 3140 Sed
2351 3098 2474 3154 quo
2501 3083 2700 3138 minus
2732 3098 2941 3138 eorum
2967 3082 3402 3155 adstipulemur
3434 3087 3665 3139 senten-

1999 3172 2112 3238 tiae,
2145 3173 2342 3228 obstat
2362 3178 2416 3227 1ο
2442 3189 2454 3228 :
2485 3172 2603 3227 Pax
2624 3172 2774 3228 inter
2795 3175 3094 3228 Romanos
3108 3177 3163 3228 et
3205 3173 3419 3228 Persas
3437 3171 3566 3242 jam
3586 3171 3664 3227 ab

1997 3277 2157 3318 anno
2179 3265 2279 3318 297
2307 3262 2532 3316 sancita
2568 3261 2776 3327 fuerat,
2803 3262 2884 3317 uti
2909 3261 3089 3317 modo
3103 3261 3400 3317 fatebatur
3419 3260 3664 3331 Pagius,

2000 3351 2190 3406 Persis
2223 3350 2798 3407 videlicetaGalerio
2849 3353 3078 3406 Cmsare
3128 3355 3268 3406 tunc
3343 3350 3532 3416 victis,
3593 3366 3665 3406 ex

1997 3440 2206 3495 eodem
2239 3444 2482 3495 auctore
2508 3440 2584 3495 ad
2618 3439 2797 3494 istum
2839 3455 3063 3494 annum
3094 3455 3261 3494 num-
3289 3444 3319 3495 6
3342 3444 3398 3494 et
3449 3446 3502 3494 7.
3550 3439 3668 3496 Cur

1998 3545 2140 3599 ergo
2162 3535 2500 3585 sanctorum
2527 3535 2868 3583 nostrorum
2891 3529 3143 3584 militum
3170 3529 3526 3600 martyrium
3553 3529 3667 3584 dif-

2000 3619 2132 3674 ferri
2184 3619 2399 3674 debeat
2443 3618 2521 3672 ad
2551 3633 2779 3673 annum
2835 3618 3039 3673 Christi
3077 3617 3174 3673 30f
3218 3618 3246 3672 ‘t
3291 3617 3408 3673 Cur
3451 3621 3664 3688 Pagius

2000 3708 2332 3764 secundum
2367 3722 2472 3762 sua
2508 3707 2798 3778 principia
2854 3706 2998 3761 illud
3054 3722 3176 3760 non
3234 3707 3403 3778 ponit
3468 3706 3662 3772 citius,

2000 3814 2139 3853 cum
2161 3812 2321 3852 anno
2352 3799 2454 3851 298
2482 3795 2735 3850 militum
2776 3795 3256 3866 persecutionem
3308 3794 3529 3865 affigat,
3580 3795 3667 3850 di-

2000 3903 2142 3942 cens
2165 3886 2243 3941 ad
2279 3885 2558 3941 eumdem
2599 3900 2826 3939 annum
2843 3900 3017 3939 num.
3040 3888 3071 3939 2
3105 3905 3116 3936 :
3153 3907 3179 3934 «
3215 3884 3545 3940 Persecutio
3563 3883 3663 3940 ad-

2003 3992 2206 4032 versus
2239 3974 2454 4030 milites
2487 3975 2598 4030 hoc
2631 3988 2793 4029 anno
2857 3973 3156 4039 inchoata,
3213 3978 3276 4029 ut
3305 3978 3459 4029 recte
3498 3973 3666 4029 Pros-

1999 4081 2105 4137 per
2131 4067 2188 4119 in
2205 4062 2515 4120 Chronico.
2549 4061 2821 4133 Sicutigit
2834 4079 2900 4118 ur
2919 4063 3253 4134 persecutio
3267 4061 3562 4132 generalis
3579 4063 3662 4118 in-

2000 4154 2144 4226 ipsis
2169 4155 2471 4224 utriusque
2500 4152 2745 4222 Augusti
2777 4153 2999 4221 (sermo
3027 4151 3210 4206 estde
3232 4150 3592 4207 Diocletiano
3606 4156 3664 4208 et

1999 4244 2351 4298 Maximiano
2388 4240 2679 4310 Herculio)
2745 4240 3164 4296 Vicennalibus
3225 4240 3432 4312 cmpit;
3493 4239 3578 4296 sic
3607 4246 3663 4297 et

1991 4333 2124 4402 jeus
2173 4331 2448 4402 quaedam
2489 4329 2745 4383 velitatio
2777 4330 2835 4382 in
2869 4328 3179 4399 utriusque
3234 4329 3661 4394 Quindecenna

1994 4420 2169 4475 libus.
2204 4441 2232 4472 »
2261 4422 2354 4474 2°:
2400 4422 2544 4474 Cum
2573 4418 2770 4473 dicant
2797 4418 2960 4481 Acta,
2991 4433 3158 4472 num.
3206 4421 3239 4470 2
3276 4433 3288 4471 :
3321 4439 3344 4468 α
3370 4418 3660 4489 Tempore

216 4517 324 4570 29$
355 4519 413 4569 et
440 4514 545 4569 305
579 4532 594 4578 ς
631 4515 783 4568 unde
842 4529 1220 4584 consequens
1262 4519 1369 4576 est,
1432 4519 1494 4567 ut
1550 4514 1882 4568 secundum
1920 4503 1961 4557 Ο
1997 4498 2094 4565 illo
2121 4509 2349 4574 accidit,
2383 4513 2444 4563 ut
2475 4509 2836 4563 l’ersicarum
2879 4508 3189 4577 copiarum
3211 4522 3350 4578 pars
3380 4507 3659 4577 quaedam

218 4606 366 4659 Acta
389 4603 606 4658 innecti
636 4602 852 4657 debeat
875 4603 1223 4673 martyrium
1252 4601 1393 4657 illud
1420 4618 1580 4658 anno
1599 4602 1881 4658 alterutri.

225 4693 285 4749 Si
317 4699 518 4747 autem
546 4707 705 4746 anno
735 4691 839 4746 305
873 4691 930 4744 id
965 4691 1201 4758 afﬁgas,
1236 4691 1633 4760 satagendum
1668 4697 1772 4754 est,
1827 4696 1887 4746 ut

225 4781 424 4836 dictus
443 4796 638 4835 annus
657 4785 1050 4851 componatur
1067 4795 1201 4834 cum
1223 4780 1422 4844 modo,
1449 4795 1570 4852 quo
1595 4780 1884 4836 Maximia-

231 4885 349 4925 nus
383 4876 671 4941 martyres
703 4868 937 4924 tractari
975 4868 1225 4938 jussisse
1258 4869 1438 4924 fertur
1487 4869 1544 4923 in
1604 4869 1780 4928 Actis.
1835 4873 1890 4923 et

233 4974 374 5014 cum
404 4957 633 5030 reliqua
658 4957 1008 5012 corumdem
1041 4962 1320 5013 Actorum
1370 4957 1536 5021 serie,
1577 4957 1758 5012 rebus
1790 4956 1891 5011 ibi-

231 5046 367 5101 dem
399 5045 477 5101 ita
506 5046 812 5118 expositis,
841 5050 904 5100 ut
953 5045 1112 5100 dictu
1169 5045 1403 5101 difficile
1459 5047 1742 5110 videatur,
1788 5062 1888 5102 eas

231 5135 525 5191 accidisse
542 5140 807 5204 tempore
828 5135 1253 5205 persecutionis
1266 5134 1559 5202 generalis
1583 5134 1891 5190 Diocletia-

230 5239 382 5278 neaa.
415 5223 579 5277 Adde
597 5223 762 5294 quod
786 5230 1117 5276 memorent
1146 5222 1436 5278 accidisse
1454 5222 1718 5294 palmam
1741 5237 1892 5278 mar-

229 5313 367 5384 tyrii
397 5310 644 5383 quando
668 5315 792 5366 erat
820 5311 1042 5366 bellum
1077 5310 1220 5366 illud
1245 5317 1453 5367 contra
1486 5315 1706 5375 Persas,
1767 5326 1890 5382 quo

224 5417 263 5456 a
287 5401 344 5457 S.
365 5399 600 5455 Andrea
621 5399 870 5472 ejusque
892 5400 1067 5455 sociis
1085 5400 1330 5469 insignis
1356 5400 1600 5456 victoria
1618 5399 1801 5455 relata
1815 5399 1889 5455 de

221 5489 374 5560 ipsis
397 5488 507 5545 fuit.
549 5504 565 5555 ;
600 5488 757 5544 unde
806 5488 888 5553 fit,
919 5494 979 5545 ut
1032 5494 1268 5560 tempus
1319 5490 1584 5561 martyrii
1636 5488 1890 5560 pendeat

222 5595 262 5636 a
293 5583 564 5650 tempore
590 5577 757 5634 istius
786 5577 926 5636 belli
960 5578 1292 5635 secundum
1323 5580 1483 5635 Acta.
1506 5579 1793 5634 Baronius
1814 5578 1890 5634 ad

1995 4601 2145 4656 ﬁnes
2190 4597 2520 4661 transiliret,
2589 4601 2645 4652 et
2684 4596 2898 4651 bellum
2956 4596 3238 4650 adversus
3296 4595 3658 4652 Antiochum

1997 4691 2344 4750 suscitaret;
2379 4707 2405 4738 »
2446 4702 2702 4757 cumque
2733 4685 2955 4740 bellum
2998 4684 3140 4739 illud
3189 4685 3244 4738 S.
3295 4685 3545 4740 Andrem
3581 4684 3660 4740 ab

1997 4777 2285 4834 Antiocho
2314 4775 2745 4831 demandatum
2782 4774 2971 4838 fuerit,
3002 4788 3121 4829 non
3155 4772 3355 4843 utique
3383 4790 3453 4828 ex
3483 4772 3659 4828 dictis

2002 4872 2136 4939 post
2165 4881 2393 4921 annum
2433 4868 2556 4929 297,
2583 4879 2705 4936 quo
2729 4886 2748 4912 ι
2785 4879 2902 4935 pax
2939 4863 3090 4918 inter
3128 4865 3424 4917 Romanos
3446 4867 3500 4917 et
3528 4863 3659 4918 Per-

2001 4973 2097 5012 sas
2118 4956 2366 5020 sancita;
2406 4975 2431 5004 ι
2475 4953 2768 5026 quidnam
2823 4953 2981 5022 cogit
3028 4951 3182 5007 illius
3227 4967 3296 5007 ac
3355 4951 3654 5007 sociorum

2003 5045 2354 5116 martyrium
2393 5041 2828 5115 procrastinare
2876 5057 3063 5114 usque
3089 5041 3160 5096 ad
3189 5055 3419 5096 annum
3451 5039 3660 5096 Christi

2001 5135 2222 5191 301?3°
2274 5150 2285 5189 :
2329 5137 2474 5189 Cum
2507 5131 2767 5202 denique
2798 5129 2893 5187 hic
2953 5145 3151 5186 annus
3192 5128 3477 5199 componi
3538 5143 3660 5184 non

2004 5223 2339 5296 possitcum
2370 5221 2596 5276 ratione
2623 5219 2922 5291 temporis,
2964 5233 3086 5290 quo
3125 5217 3478 5289 martyrium
3514 5217 3663 5273 acci-

2001 5314 2160 5368 disse
2183 5317 2516 5366 memorant
2546 5311 2710 5372 Acta,
2742 5307 3028 5363 nimirum
3060 5325 3088 5356 ι
3117 5306 3355 5363 decimo
3384 5321 3541 5362 nono
3563 5305 3661 5362 die

2003 5401 2224 5458 mensis
2253 5399 2624 5470 Augusti,die
2658 5397 2985 5466 Dominico,
3014 5415 3040 5445 ι
3073 5396 3224 5452 sicut
3255 5411 3440 5468 supra
3460 5395 3662 5452 obser-

2000 5495 2209 5546 vatum
2240 5496 2326 5544 est
2358 5505 2371 5553 ;
2401 5487 2610 5544 melius
2647 5486 2894 5558 quidem
2921 5485 3094 5542 nobis
3146 5484 3460 5549 videretur,
3519 5485 3664 5541 Acta

2000 5580 2060 5637 in
2092 5579 2207 5636 hoc
2237 5576 2575 5641 defendere,
2621 5580 2677 5632 et
2715 5574 2930 5632 erroris
2976 5589 3098 5632 non
3141 5572 3568 5639 condemnare,
3613 5573 3660 5627 si
