4154 6192
570 309 684 364 595

1945 306 2204 364 MENSIS
2244 306 2644 365 AUGUSTUS.
3885 315 3978 370 596

568 435 865 508 probabili
879 434 1076 506 aliquo
1106 439 1462 506 argumento
1491 434 2222 508 eononcompelleremur.
2255 432 2302 486 A
2337 435 2614 503 gentibus
2640 435 2916 494 barbaris
2944 436 3212 506 luctaret,
3243 453 3380 493 cum
3409 437 3509 494 alii
3546 437 3696 494 intra
3742 437 3982 494 laxiores

568 527 669 580 Est
706 529 907 581 autem
941 524 1106 580 illud.

644 705 727 758 13.
758 702 1155 758 Theodericus
1202 704 1536 759 Buinartius
1590 703 1741 759 inter
1807 704 1949 757 Acta
1998 701 2228 756 sincera

569 796 625 848 et
665 792 880 847 selecta
909 808 945 847 a
969 807 1028 846 se
1052 791 1314 862 vulgata,
1363 808 1500 864 pag.
1533 797 1636 848 309
1666 798 1722 847 et
1747 807 1911 864 seqq.
1955 789 2228 845 editionis

571 881 802 953 primas,
835 881 1067 936 exhibet
1121 886 1259 936 Acta
1309 882 1364 937 S.
1400 881 1781 937 Maximiliani
1819 879 2115 952 martyris.
2166 878 2226 932 in

569 971 792 1044 quibus
835 975 1049 1041 praeter
1079 970 1216 1037 alia,
1240 985 1401 1026 anno
1427 971 1639 1026 Christi
1681 974 1784 1026 295
1827 975 2042 1042 quarto
2093 969 2229 1023 ldus

571 1059 751 1115 Martii
782 1075 920 1115 eum
969 1059 1332 1130 impellentia
1374 1065 1436 1115 ut
1485 1060 1704 1115 militiae
1764 1075 1984 1114 nomen
2036 1058 2228 1121 daret,

569 1149 844 1205 dicuntur
875 1149 984 1203 ista
1017 1165 1028 1204 :
1065 1170 1093 1197 ι(
1136 1148 1570 1204 Maximilianus
1606 1148 1913 1220 respondit
1967 1165 1980 1202 :
2034 1145 2228 1203 Militia

571 1254 706 1294 mea
737 1238 813 1293 ad
840 1237 1157 1293 Dominum
1192 1253 1394 1292 meum
1425 1242 1532 1293 est.
1567 1241 1690 1293 Non
1713 1253 1956 1309 possum
2011 1235 2229 1292 saeculo

573 1327 844 1383 militare.
894 1326 1180 1396 Jamdixi,
1252 1326 1614 1382 Christianus
1671 1343 1825 1381 sum.
1889 1325 2040 1381 Dixit
2082 1325 2227 1380 Dion

572 1416 890 1488 proconsul
922 1437 934 1471 :
961 1419 1022 1471 ln
1071 1431 1240 1471 sacro
1271 1415 1559 1471 comitatu
1585 1415 1969 1471 dominorum
1998 1419 2232 1470 nostro-

571 1521 703 1561 rum
736 1505 1071 1560 Diocletiani
1097 1511 1151 1559 et
1180 1504 1535 1574 Maximiani,
1563 1504 1886 1560 Constantii
1909 1503 2228 1568 etMaximi,

575 1595 786 1650 milites
808 1593 1117 1649 Christiani
1169 1600 1307 1649 sunt
1362 1600 1418 1648 et
1472 1594 1768 1649 militant.
1828 1615 1856 1644 »
1915 1594 2232 1659 Quomodo

571 1683 772 1753 igitur,
799 1685 844 1737 si
888 1698 1048 1739 anno
1080 1684 1182 1738 295
1230 1683 1446 1738 milites
1491 1683 1804 1739 Christiani
1849 1681 2234 1738 fuerintinter

2336 528 2394 578 et
2431 524 2729 595 quietores
2768 531 2953 581 terras
2979 526 3227 582 delicate
3267 527 3651 599 imperarent.
3687 548 3713 580 ι)

2416 614 2499 668 14.
2533 616 2722 686 Atque
2761 615 2854 670 ὴω
2893 621 3030 671 sunt
3057 615 3460 681 difﬁcultates,
3490 633 3626 688 qua:
3662 616 3722 672 in
3761 616 3983 687 ﬁgendo

2336 707 2605 774 tempore
2665 704 2931 776 martyrii
2987 721 3116 760 sese
3173 704 3447 761 offerunt.
3512 705 3981 777 Quandoquidem

2339 807 2479 847 vero
2505 808 2624 847 non
2654 798 2742 848 est
2773 793 2916 848 mihi
2947 801 3294 865 promptum
3330 795 3565 850 solvere
3595 795 3756 850 hunc
3774 795 3984 849 nodum

2339 879 2546 936 saltem
2581 882 2925 938 inhaerendo
2952 884 3129 948 Actis,
3156 885 3343 940 satius
3370 899 3504 939 esse
3542 884 3686 939 duxi
3722 884 3985 939 eumdem

2341 969 2628 1036 scindere,
2660 977 2717 1026 et
2739 978 3076 1027 nostrorum
3091 973 3367 1044 Pugilum
3394 974 3746 1045 martyrium
3777 987 3982 1044 ponere

2339 1074 2478 1114 cum
2508 1061 2666 1114 Actis
2692 1061 2804 1115 sub
2832 1061 3206 1127 Maximiano,
3243 1063 3358 1118 sub
3387 1078 3514 1134 quo
3545 1063 3724 1118 etiam
3753 1062 3891 1116 illud
3920 1062 3988 1114 si-

2341 1155 2484 1217 gnat
2510 1150 2995 1221 Martyrologium
3049 1153 3400 1220 Romanum,
3449 1167 3574 1207 non
3614 1151 3988 1207 determinato

2341 1238 2613 1308 ejusdem
2645 1240 2910 1311 martyrii
2941 1256 3120 1296 anno.
3168 1241 3293 1296 Dixi
3323 1262 3346 1292 ι
3402 1241 3618 1297 saltem
3663 1240 3988 1296 inhaerendo

2343 1329 2498 1382 Actis
2527 1347 2539 1393 ;
2571 1349 2595 1378 υ
2630 1343 2768 1383 nam
2795 1329 2841 1382 si
2872 1330 3223 1384 eorumdem
3255 1330 3508 1401 scriptor
3548 1330 3824 1385 habuerit
3867 1334 3988 1383 ante

2343 1431 2404 1471 se
2432 1416 2793 1472 documenta
2818 1417 3077 1472 melioris
3101 1422 3279 1486 notae,
3310 1418 3534 1491 illaque
3593 1419 3674 1474 ita
3726 1415 3988 1473 transfor-

2343 1505 2746 1561 maritornatu
2780 1522 2848 1561 ac
2879 1506 3348 1578 interpolatione,
3389 1513 3451 1562 ut
3483 1507 3866 1564 incommoda
3903 1522 3990 1559 su-

2343 1596 2542 1665 perius
2565 1611 2828 1666 expensa
2858 1595 2934 1651 ad
2966 1595 3140 1650 istam
3186 1612 3436 1652 causam
3494 1596 3616 1651 sint
3672 1594 3985 1658 referenda;

2344 1689 2482 1740 tunc
2514 1699 2632 1739 non
2662 1685 2833 1740 video
2863 1701 2968 1740 cur
3005 1693 3242 1756 tempus
3283 1685 3550 1758 martyrii
3607 1685 3823 1740 innecti
3880 1697 3985 1737 non

573 1772 1280 1828 turmasMaximianietin
1308 1772 2225 1845 aulaejus,quomudo,inquam
2265 1785 2308 1839 Β
2343 1774 2529 1844 possit
2585 1774 2978 1843 persecutioni
3031 1773 3479 1838 Diocletianete;
3531 1790 3639 1829 cur
3696 1788 3815 1828 non
3863 1773 3981 1826 item

573 1860 633 1915 in
665 1860 875 1916 milites
905 1865 1142 1916 nostros
1170 1861 1531 1917 Christianos
1563 1877 1724 1916 anno
1754 1860 1962 1917 Christi
1992 1859 2095 1915 294
2118 1859 2230 1915 sub

573 1951 928 2008 Maximiano
957 1951 1228 2006 saevitum
1257 1956 1344 2005 est
1363 1951 1390 2006 ‘I
1416 1951 1648 2006 Accedit
1676 1967 1765 2016 eo,
1799 1951 1964 2022 quod
1988 1965 2107 2005 non
2141 1965 2231 2003 sa-

573 2041 644 2095 tis
674 2040 1008 2096 verosimile
1063 2040 1351 2104 videatur,
1410 2040 1787 2110 tyrannidem
1833 2039 2230 2113 persequendi

572 2115 936 2185 Christianos
1011 2145 1047 2184 a
1104 2128 1232 2183 solo
1285 2128 1639 2184 Maximiano
1693 2143 1822 2183 esse
1899 2130 2230 2186 executioni

571 2219 944 2282 mandatam,
977 2218 1090 2272 nisi
1127 2221 1260 2286 post
1291 2216 1620 2283 victoriam,
1650 2234 1782 2290 quae
1809 2233 1971 2273 anno
2002 2221 2105 2273 297
2158 2220 2232 2274 de

572 2305 764 2360 Persis
788 2307 967 2360 relata
994 2305 1183 2370 fuerit,
1217 2321 1473 2377 quaeque
1515 2306 1786 2361 animum
1813 2306 1940 2378 ejus
1990 2306 2230 2376 inﬂarit,

569 2393 896 2466 cristasque
919 2394 1048 2464 ejus
1073 2395 1319 2450 erexerit
1351 2394 1429 2449 ad
1461 2395 1810 2450 audendum
1830 2395 2136 2468 quidlibet.
2168 2398 2235 2454 Et

569 2498 710 2539 vero
737 2488 1043 2538 contextus
1095 2485 1374 2538 Actorum
1405 2485 1458 2540 S.
1511 2485 1757 2540 Andreae
1819 2501 1936 2541 non
1983 2486 2233 2542 obscure

568 2572 847 2638 insinuat,
870 2571 1293 2627 Maximianum
1325 2577 1465 2628 tunc
1493 2574 1775 2645 temporis
1819 2590 1944 2630 rem
1977 2575 2232 2646 gessisse

569 2660 632 2716 in
672 2660 938 2717 Oriente:
973 2665 1028 2716 et
1053 2665 1219 2716 extra
1268 2666 1500 2732 tempus
1552 2661 1688 2718 belli
1736 2664 1944 2718 Persici
2001 2664 2233 2720 videtur

570 2765 804 2821 semper
829 2749 1018 2818 egisse
1040 2765 1180 2805 suas
1220 2755 1418 2821 partes
1448 2749 1745 2822 Illyricum
1803 2767 2032 2819 versus,
2092 2769 2230 2809 cum

569 2838 731 2910 apud
750 2839 1113 2893 Lactantium
1127 2838 1226 2893 lib.
1253 2840 1338 2895 De
1354 2841 1638 2895 mortibus
1652 2848 2106 2912 persecutorum,
2122 2858 2231 2913 cap

577 2930 636 2983 18
666 2927 854 2982 dicat:
891 2945 921 2980 ‹
941 2928 1072 2982 Jam
1100 2927 1339 2983 ﬂuxisse
1366 2944 1557 2983 annos
1588 2929 1932 3000 quindecim
1984 2931 2042 2985 in
2097 2931 2228 3004 Illy-

570 3016 692 3072 rico
723 3015 814 3070 vel
844 3015 920 3070 ad
953 3016 1144 3087 ripam
1184 3016 1461 3085 Danubii,
1487 3017 1710 3089 quibus
1762 3018 2060 3088 relegatus
2091 3037 2227 3076 cum

2340 1862 2456 1918 diei
2489 1863 2815 1927 Dominico,
2851 1868 3027 1935 atque
3058 1863 3210 1919 adeo
3236 1879 3396 1919 anno
3421 1880 3555 1920 aera:
3597 1862 3854 1932 vulgaris
3875 1861 3981 1923 305,

2341 1957 2475 2024 post
2513 1951 2900 2024 imperatoria
2937 1952 3204 2007 videlicet
3261 1952 3359 2008 illa
3410 1952 3611 2008 edicta
3652 1951 3811 2021 (vide
3861 1954 3985 2005 Acta

2340 2056 2505 2096 num.
2539 2043 2594 2110 8)
2619 2056 2750 2113 quae
2771 2040 2906 2096 inde
2934 2056 3094 2096 anno
3121 2042 3199 2096 ab
3227 2042 3332 2097 303
3349 2042 3639 2097 adversus
3652 2039 3985 2098 Christianos

2343 2130 2659 2201 prodiere;
2707 2145 2812 2185 cur
2859 2129 3118 2202 denique
3184 2147 3318 2186 cum
3367 2132 3527 2187 Actis
3578 2131 3696 2186 dici
3753 2131 3987 2200 nequeat

2343 2219 2484 2275 illud
2510 2219 2794 2274 accidisse
2836 2219 3195 2291 imperatore
3227 2221 3606 2286 Maximiano,
3637 2235 3848 2289 nempe
3877 2215 3982 2271 veri

2344 2325 2415 2365 ac
2454 2308 2674 2380 proprii
2733 2308 2993 2363 nominis
3032 2311 3386 2380 imperatore
3439 2307 3846 2380 intelligendo,
3893 2305 3984 2377 qui

2344 2402 2481 2453 ante
2511 2397 2736 2452 dictum
2767 2412 2993 2452 annum
3044 2402 3146 2453 305
3205 2401 3404 2455 Caesar
3454 2399 3750 2454 duntaxat
3789 2397 3980 2457 fuerat,

2342 2503 2719 2559 quamquam
2747 2503 2884 2542 cum
2899 2486 3128 2558 adjecto
3147 2487 3274 2558 jam
3291 2493 3415 2543 tum
3431 2488 3512 2544 ab
3526 2487 3798 2544 ann0292
3819 2485 3980 2539 etiam

2343 2576 2512 2631 titulo
2543 2575 2936 2646 imperatoris,
2969 2575 3050 2630 uti
3081 2575 3292 2644 legitur
3322 2577 3488 2648 apud
3521 2582 3821 2632 auctorem
3859 2587 3982 2627 neo-

2343 2666 2588 2722 tericum
2619 2664 2854 2720 Gallum
2883 2664 3158 2720 Historiae
3184 2665 3634 2735 imperatorum,
3671 2671 3812 2721 tom.
3839 2660 3904 2716 ιν
3927 2660 3978 2715 in

2343 2753 2725 2819 Diocletiano,
2758 2759 2871 2808 art.
2907 2755 2960 2824 9,
3007 2768 3143 2824 pag.
3177 2758 3263 2808 2t.
3293 2753 3443 2822 Quia
3485 2771 3622 2811 vero
3679 2754 3847 2826 plane
3899 2765 3978 2803 su-

2342 2858 2781 2915 pervacaneum
2811 2841 3035 2913 judico,
3095 2842 3439 2898 alterutrum
3489 2861 3521 2900 e
3575 2845 3823 2906 duobus,
3860 2854 3978 2912 quae

2344 2931 2503 3002 apud
2537 2947 2630 2986 me
2653 2930 3035 2996 sunt,Graecis
3053 2931 3492 3004 exemplaribus
3525 2926 3978 3006 supraindicatis

2342 3020 2400 3075 in
2443 3021 2714 3076 Latinum
2756 3024 3113 3085 convertere,
3157 3022 3430 3077 exhibeo.

1036 3297 1914 3414 ΜΑΡΤΥΡΙΟΝ
1979 3302 2244 3414 ΤΟΥ
2304 3301 2734 3416 ΑΓΙΟΥ
2793 3299 3485 3419 ΑΝΔΡΕΟΥ

1737 3550 1954 3637 ΤΟΥ
1993 3551 2813 3640 ΣἸῬΑΤΗΛΑΤΟΥ

1932 3758 2043 3807 ΚΑΙ
2083 3759 2220 3808 ΤΩΝ
2259 3762 2383 3809 ΣΥΝ

2438 3762 2632 3814 ΑΥΤΩ.

589 4110 1746 4260 MABTYBIUM
1898 4116 2024 4258 S.
2183 4167 2229 4261 λ

2342 4123 3041 4265 NDRE/E
3167 4118 3956 4270 TRIBUNI

1775 4372 1958 4492 ET
2041 4374 2810 4499 SOCIORUM.

1283 4617 1482 4678 (Greece
1508 4631 1648 4668 nunc
1679 4620 1915 4683 primum
1945 4620 2120 4672 editur
2144 4636 2206 4671 ex
2239 4623 2355 4674 cod.
2389 4639 2484 4673 ms.
2525 4627 2714 4684 Paris,
2748 4641 2800 4677 n.
2839 4628 2948 4685 διδ,
2987 4643 3111 4684 saec.
3154 4633 3266 4692 xii.)

642 4965 692 5019 1.
726 4965 1086 5034 lmperatore
1132 4963 1486 5022 Maximanio
1532 4965 1775 5024 homine
1803 4969 1977 5024 valde
2024 4969 2228 5042 impio,

2416 4971 2487 5025 ΑΖ
2540 4974 2622 5027 Ἐν
2669 4982 2774 5036 τοῖς
2819 4981 3029 5047 χρόνοις
3058 4985 3154 5040 τῆς
3196 4986 3286 5032 τοῦ
3338 4979 3687 5033 ἀσεϐεστάτου
3719 4977 3958 5045 Magium—

569 5051 901 5126 persecutio
916 5051 1196 5123 quaedam
1228 5067 1450 5122 magna
1465 5061 1673 5111 contra
1699 5057 2057 5114 Christianos
2070 5074 2230 5114 com-

572 5147 735 5197 mota
789 5145 877 5196 est
921 5142 1218 5212 praecipue
1285 5149 1484 5199 autem
1539 5145 1598 5200 in
1639 5146 1985 5215 regionibus
2026 5148 2224 5219 Syriae.

568 5234 701 5287 Erat
730 5236 996 5301 tempore
1027 5230 1126 5286 illo
1156 5232 1482 5288 Antiochus
1511 5234 1782 5307 quidam,
1826 5237 2224 5307 superstitioni

567 5321 892 5392 plurimum
913 5319 1166 5384 deditus,
1201 5320 1483 5378 militares
1522 5324 1764 5379 ordines
1816 5326 1929 5380 sub
1977 5326 2226 5397 imperio

569 5424 680 5464 suo
707 5423 917 5476 regens
954 5424 964 5462 :
995 5409 1096 5479 qui
1124 5416 1362 5481 propter
1390 5411 1686 5468 idolorum
1739 5415 2056 5481 insaniam,
2091 5431 2225 5472 con-

567 5502 657 5552 tra
682 5496 812 5567 pios
837 5495 1106 5552 homines
1133 5499 1389 5555 furorem
1419 5517 1615 5558 acrem
1645 5503 1928 5574 spirabat,
1982 5504 2103 5561 Sub
2155 5521 2224 5562 eo

2338 5069 2425 5112 νοῦ
2484 5061 2774 5134 βασιλείας,
2835 5063 3065 5137 διωγμὸς
3111 5071 3244 5119 κατὰ
3295 5078 3392 5120 τῶν
3424 5077 3750 5144 Χριστιανῶν
3783 5065 3958 5137 ἐγένετο

2335 5155 2510 5221 μέγας,
2544 5159 2631 5204 καὶ
2674 5154 2905 5225 μάλιστα
2953 5159 3000 5207 ἐν
3049 5164 3151 5216 τοῖς
3199 5162 3377 5230 μέρεσι
3419 5167 3512 5219 τῶς
3568 5165 3767 5233 Συρίας.
3819 5150 3959 5223 Εἶχεν

2338 5235 2396 5290 δὲ
2447 5245 2559 5292 τότε
2615 5249 2706 5302 τῆς
2782 5241 2943 5295 ἐκεῖσε
2999 5253 3359 5316 στρατηγικῆς
3415 5247 3605 5310 τάξεως
3656 5252 3744 5304 τὴν
3801 5242 3960 5314 ἀρχὴν

2337 5327 2611 5401 Ἀντίοχος
2642 5328 2991 5402 δεισιδαίμων
3038 5353 3136 5398 τις,
3191 5340 3279 5386 καὶ
3329 5333 3556 5409 σφοδρὸν
3593 5345 3689 5388 τῶν
3728 5336 3845 5404 ὑπὲρ
3876 5334 3959 5385 τῆς

2335 5415 2704 5488 έίδωλομανίας
2772 5427 2904 5473 κατά
2975 5431 3073 5474 τῶν
3155 5424 3496 5476 εὐσεϐούντων
3575 5431 3733 5478 πνέων
3792 5422 3956 5490 θυμόν.

2332 5506 2452 5560 Ὑπὸ
2508 5518 2683 5562 τοῦτον
2754 5508 2841 5562 οὖν
2899 5516 2985 5562 τὸν
3057 5512 3328 5585 Ἀντίοχον
3389 5515 3564 5567 πολλοὶ
3626 5510 3959 5587 στρατηλάται

569 5584 717 5650 viro,
744 5599 927 5656 quem
957 5585 1312 5643 Antiochum
1338 5589 1711 5647 nominatum
1751 5592 2032 5662 diximus,
2054 5593 2224 5652 multi

2342 5607 2423 5658 τῆς
2504 5600 2666 5660 αὐτῆς
2736 5605 3146 5674 συμμετέχοντες
3220 5603 3418 5666 πλάνης
3483 5603 3772 5658 ἐτάττοντο.
3847 5594 3959 5651 Ἀνά
