4154 6192
314 312 424 367 597

1706 308 1873 365 VITA
1898 305 1959 361 s.
1996 276 2331 371 Annam.

3574 321 3681 377 598

312 438 471 507 μέσον
503 430 563 487 δε
602 433 769 488 αύτῶν
817 436 990 509 ὥσπερ
1040 435 1113 496 εἰς
1151 432 1373 496 ἀκάνθας
1403 431 1564 511 ῥόδον
1597 438 1688 487 καὶ
1718 430 1914 505 μεταξὺ

2029 430 2247 490 tribuni
2281 436 2564 494 militares
2588 438 2857 511 ejusdem
2884 439 3097 495 erroris
3119 441 3442 515 participes
3473 459 3680 501 nume-

314 520 594 586 δυσωδίας
627 526 868 596 θυμίαμα
895 525 921 575 ό
950 526 1142 587 πιστός
1168 532 1260 577 τοῦ
1293 532 1427 578 Θεοῦ
1458 524 1638 585 δοῦλος
1663 527 1751 575 καὶ
1782 524 1919 594 μάρ-

313 632 406 673 τυς
458 609 707 681 Ἀνδρέας
758 612 1019 664 λανθάνων
1081 613 1337 685 ἐφαίνετο.
1400 616 1494 666 Διά
1540 616 1641 687 γὰρ
1692 617 1787 670 τήν
1824 618 1916 662 τοῦ

312 705 599 775 προσόντος
677 702 819 772 αύτῷ
889 702 1048 762 ζήλου
1110 704 1403 775 θερμότητα
1467 709 1557 761 τῆς
1615 703 1758 773 παρὰ
1824 706 1916 752 τοῦ

311 790 550 863 μαγάλου
602 798 736 843 Θεοῦ
789 795 879 842 καὶ
937 798 1167 863 Σωτῆρος
1234 792 1378 862 ἡμῶν
1452 791 1627 847 Ἰησοῦ
1680 789 1916 863 Χριστοῦ

316 884 593 952 συνεργίας
649 879 1070 952 καταξιούμενος,
1128 886 1228 931 τῶν
1294 881 1605 932 ὑπεναντίων
1682 877 1729 930 έν
1808 884 1915 939 τοῖς

311 969 552 1041 πολέμοις
604 966 807 1043 ἐκράτει
866 974 955 1021 καὶ
1008 968 1216 1031 πολλοῖς
1258 965 1503 1041 διέπρεπε
1558 974 1662 1029 τοῖς
1720 963 1915 1042 ἀνδρα-

310 1060 616 1132 γαθήμασιν
630 1102 643 1114 .

388 1325 459 1379 Β’,
528 1326 656 1378 Κατ’
712 1323 898 1377 ἐκεῖνον
947 1343 1033 1375 τον
1098 1326 1278 1395 καιρόν
1334 1320 1655 1394 συμϐέϐηκεν
1728 1321 1915 1394 μοῖράν

314 1434 431 1466 τινα
491 1420 754 1485 Περσικῆς
807 1408 1077 1484 δυνάμεως
1124 1407 1511 1485 παραδραμεῖν
1564 1412 1628 1461 τὰ
1674 1411 1912 1482 μεθόρια,

313 1508 404 1555 καὶ
434 1502 651 1574 πόλεμον
702 1506 829 1576 πρὸς
868 1504 957 1553 τόν
1004 1500 1279 1571 Ἀντίοχον
1328 1501 1577 1573 ἄρασθαι.
1637 1499 1777 1550 Ἐπεὶ
1827 1495 1913 1549 οὖν

312 1597 399 1643 καί
430 1595 489 1644 τό
521 1588 780 1660 αἰφνίδιον
824 1600 915 1652 τῆς
946 1586 1135 1660 ἐφόδου
1164 1593 1253 1640 καὶ
1296 1593 1355 1640 τό
1395 1589 1591 1649 πλῆθος
1640 1596 1738 1640 τῶν
1770 1585 1915 1639 έπελ-

314 1683 506 1734 θόντων
558 1680 616 1733 ού
669 1684 891 1755 μετρίως
940 1686 1118 1732 τοῦτον
1174 1677 1429 1751 ἐτάραξεν,
1472 1677 1542 1737 εἰς
1590 1681 1797 1748 μνήμην
1839 1675 1910 1727 έλ-

2024 521 2335 579 rabantur.
2365 528 2523 582 Inter
2546 543 2702 600 quos
2720 528 2879 583 velut
2899 544 3039 584 rosa
3059 528 3464 587 ﬂorebatinter
3476 550 3679 604 spinas

2024 614 2080 665 et
2102 609 2253 667 inter
2270 615 2685 683 graveolentes
2708 616 2922 672 odores
2954 616 3225 687 fragrans
3238 618 3453 691 aliquis
3477 638 3675 692 vapor,

2026 697 2414 759 ﬁdelissimus
2446 704 2545 759 Dei
2589 722 2795 761 servus
2825 712 2880 761 et
2907 714 3134 778 martyr
3156 707 3579 781 Andreas:qui
3600 711 3681 766 la-

2026 791 2217 846 tuerat
2247 792 2492 864 quidem
2527 800 2724 861 antea,
2760 795 2863 849 sed
2892 799 3098 867 postea
3154 796 3465 852 manifeste
3497 814 3681 871 appa-

2025 878 2158 934 ruit.
2195 881 2293 935 Hic
2323 887 2569 954 propter
2606 884 2908 940 ardentem
2938 884 3127 939 zelum
3157 890 3335 957 atque
3375 887 3677 958 pietatem,

2028 970 2230 1037 magni
2268 973 2366 1026 Dei
2395 977 2451 1027 et
2477 972 2800 1029 Salvatoris
2862 972 3044 1029 nostri
3096 975 3233 1029 Jesu
3269 974 3473 1032 Christi
3500 992 3678 1048 Opem

2024 1063 2356 1120 assecutus,
2371 1061 2805 1117 adversantium
2822 1060 3103 1118 bellorum
3120 1063 3321 1119 hostes
3338 1080 3403 1120 su
3413 1065 3677 1137 perabat,

2024 1148 2079 1200 et
2117 1146 2319 1202 multis
2362 1150 2615 1222 egregiis
2666 1166 2735 1207 ac
2766 1152 3020 1207 strenuis
3068 1149 3435 1209 facinoribus
3493 1155 3682 1210 excel-

2020 1233 2201 1292 lebat.

2093 1324 2157 1379 lI.
2185 1326 2474 1399 Tempore
2491 1328 2590 1384 illo
2611 1328 2846 1394 accidit,
2874 1333 2937 1384 ut
2960 1329 3328 1385 Persicarum
3360 1331 3675 1403 copiarum

2022 1428 2155 1482 pars
2184 1416 2467 1486 quaedam
2499 1418 2649 1472 ﬁnes
2681 1417 3017 1486 transiliret,
3051 1425 3107 1473 et
3131 1418 3354 1475 bellum
3390 1420 3677 1477 adversus

2022 1503 2377 1560 Antiochum
2433 1507 2761 1563 suscitaret.
2820 1507 3117 1572 Quoniam
3152 1508 3325 1579 igitur
3366 1508 3679 1581 repentina

2020 1590 2281 1648 hostium
2314 1594 2600 1661 incursio,
2630 1602 2683 1651 et
2711 1612 2919 1652 eorum
2950 1596 3271 1652 multitudo
3302 1612 3416 1653 non
3456 1598 3678 1654 medio-

2020 1679 2404 1753 criteripsum
2436 1684 2825 1755 perturbavit,
2854 1685 3107 1741 Andreae
3131 1690 3271 1741 tunc
3302 1686 3527 1743 tribuni
3562 1688 3673 1743 mi-

316 1772 417 1823 θῶν
502 1779 601 1823 τῶν
675 1765 928 1844 Ἀνδρέου
1006 1769 1479 1841 στρατηγημάτων,
1551 1768 1911 1837 μετάπεμπτον

2029 1768 2247 1824 litarem
2278 1771 2357 1843 (t)
2386 1773 2654 1844 peritiam
2687 1779 2743 1829 et
2774 1775 3179 1830 strenuitatem
3202 1775 3570 1840 recordatus,
3608 1774 3668 1831 il-

314 1856 436 1929 ἧγεν
494 1858 647 1911 αὐτόν
712 1856 795 1910 ἰπὶ
845 1863 937 1915 τήν
990 1854 1189 1921 ἠθάδα,
1253 1854 1561 1928 παρακαλῶν
1620 1854 1907 1926 εύτολμίαν,

310 1953 399 2000 καὶ
452 1949 707 2007 τοιούτοις
772 1948 901 2019 πρὸς
956 1945 1113 1998 αὐτόν
1160 1951 1431 2019 χρώμενος
1484 1943 1659 2014 λόγοις
1712 1943 1901 2013 ἔλεγεν·

308 2039 385 2089 Τὰ
431 2044 527 2098 τῆς
576 2032 819 2109 ἀνδρείας
878 2054 994 2098 σου,
1045 2039 1225 2107 φησιν,
1282 2035 1429 2106 ἔργα,
1488 2037 1576 2084 καὶ
1625 2033 1725 2083 ὅσα
1776 2034 1912 2083 κατὰ

310 2133 409 2177 τῶν
438 2125 694 2197 πολεμίων
743 2125 1083 2196 ἠρίστευσας,
1146 2128 1235 2175 καὶ
1290 2122 1403 2194 ἐμοὶ
1451 2117 1592 2179 δῆλα
1639 2126 1728 2172 καὶ
1771 2120 1910 2189 αύτῷ

307 2216 671 2272 καθεστήκασι
720 2221 791 2283 τῷ
839 2215 905 2264 τὰ
960 2221 1205 2284 σκῆπτρα
1247 2207 1509 2275 διέποντι,
1542 2209 1658 2261 ἀνθ’
1707 2210 1775 2259 ὧν
1824 2213 1911 2261 καὶ

306 2312 403 2365 τῆς
450 2302 595 2366 ἀξίας
637 2302 821 2375 ἔλαχες
873 2304 1087 2362 ταύτης.
1150 2302 1430 2375 Τοιγάρτοι
1472 2305 1562 2351 καὶ
1618 2302 1704 2351 τόν
1754 2302 1912 2370 μέγαν

309 2396 432 2445 ὄντα
463 2398 553 2446 καὶ
604 2388 824 2465 σχέδιον
863 2400 925 2464 τῇ
983 2399 1047 2463 σῇ
1096 2392 1365 2464 προθυμίᾳ
1409 2390 1776 2441 καταπιστεύω
1823 2391 1913 2439 πό-

304 2482 475 2554 λεμον,
530 2483 613 2534 ἵνα
658 2501 743 2534 σοι
790 2482 880 2533 κάὶ
932 2479 1120 2550 μᾶλλον
1167 2476 1259 2531 διὰ
1284 2488 1382 2531 τῶν
1429 2481 1511 2530 ἐπὶ
1542 2485 1632 2529 τοῦ
1665 2482 1913 2549 παρόντος

306 2569 518 2642 ἀγώνων
570 2574 599 2630 ἠ
637 2571 838 2623 εὔκλεια
868 2574 1218 2642 περιγένηται.
1251 2570 1457 2621 Τούτων
1486 2568 1511 2617 ό
1542 2573 1634 2618 τοῦ
1676 2572 1913 2637 Χριστοῦ

305 2658 548 2732 ἀριστεὺς
604 2669 704 2712 τῶν
760 2659 925 2730 λόγων
980 2657 1235 2722 ἀκηκοὼς,
1297 2662 1386 2709 καὶ
1442 2656 1501 2708 ού
1557 2654 1740 2713 πλήθει
1822 2658 1911 2705 καὶ

302 2747 485 2811 ὅπλοις
532 2754 622 2802 καὶ
670 2748 922 2823 ἅρμασιν,
978 2753 1117 2821 μόνῳ
1164 2744 1222 2800 δὲ
1250 2754 1318 2817 τῷ
1349 2740 1750 2816 παντοδυνάστη
1799 2749 1913 2812 Θεῷ

299 2840 582 2902 πεποιθὼς,
644 2841 730 2889 τόν
780 2841 941 2909 μέγαν
995 2836 1184 2888 ἐκεῖνον
1255 2835 1484 2898 ἐζήλωσε
1550 2829 1765 2895 Γεδεὼν,
1824 2836 1914 2883 καί

300 2947 447 2989 τινας
500 2936 600 2979 τῶν
655 2928 913 2999 ἑπομένων
966 2925 1169 2997 ὀλίγους
1242 2930 1332 2977 καὶ
1409 2924 1791 2997 εὐαριθμήτους
1846 2921 1913 2982 εἰς

300 3022 394 3075 τήν
444 3016 763 3074 τηλικαύτην
821 3014 1109 3089 παράταξιν
1163 3011 1496 3088 παραλαϐὼν,
1557 3012 1646 3074 οῦς
1703 3008 1912 3084 προδή-

2019 1857 2144 1913 lum
2176 1858 2251 1914 ad
2274 1866 2589 1918 consuetos
2614 1862 2850 1918 ordines
2870 1863 3143 1919 accersiri
3171 1863 3371 1934 jussit,
3402 1864 3677 1920 hortans-

2020 1962 2180 2012 eum,
2216 1953 2277 2003 ut
2306 1948 2438 2005 forti
2472 1950 2676 2007 animo
2708 1957 2881 2016 esset,
2910 1959 3081 2007 utens
3112 1957 3313 2007 autem
3344 1951 3437 2007 his
3453 1968 3679 2009 sermo-

2020 2035 2200 2091 nibus
2243 2039 2653 2111 :Tuaa,inquit,
2698 2039 3061 2095 fortitudinis
3102 2038 3366 2096 facinora
3420 2056 3677 2113 quaeque

2020 2123 2308 2181 adversus
2335 2128 2559 2194 hostes,
2594 2133 2649 2184 et
2672 2129 2818 2183 mihi
2868 2132 2924 2184 et
2952 2128 3024 2193 ei,
3050 2128 3148 2199 qui
3183 2134 3417 2200 sceptra
3441 2129 3675 2200 imperii

2020 2218 2195 2283 tenet,
2230 2215 2490 2271 maxime
2522 2222 2663 2272 nota
2694 2224 2852 2286 sunt,
2883 2221 2940 2272 et
2972 2216 3295 2272 admodum
3323 2216 3673 2274 manifesta:

2019 2310 2385 2375 quapropter
2410 2310 2467 2361 et
2495 2305 2805 2376 dignitatis
2838 2306 3007 2361 istius
3040 2306 3295 2372 gradum
3328 2307 3565 2361 sortitus
3591 2322 3676 2362 es.

2023 2394 2221 2464 itaque
2257 2409 2547 2462 magnum
2571 2394 2684 2449 hoc
2715 2401 2770 2449 et
2797 2396 3174 2465 repentinum
3200 2394 3423 2450 bellum
3451 2395 3679 2451 fortitu-

2020 2479 2144 2535 dini
2170 2482 2243 2552 (2)
2278 2487 2388 2537 tum
2409 2482 2740 2546 committo.
2779 2488 2840 2538 ut
2866 2498 2971 2555 per
3004 2484 3310 2555 praesentis
3334 2484 3680 2540 certaminis

2021 2569 2398 2625 occasionem
2440 2571 2511 2626 ad
2548 2571 2805 2641 gloriam
2861 2577 3022 2627 tuam
3056 2572 3424 2644 superiorem
3484 2573 3681 2644 major

2023 2658 2298 2713 cumulus
2326 2659 2590 2715 accedat.
2628 2659 2745 2715 Hos
2771 2675 2907 2715 cum
2935 2659 3202 2716 audisset
3222 2676 3528 2717 sermones
3570 2677 3679 2733 op-

2024 2749 2203 2805 timus
2238 2746 2449 2803 Christi
2470 2748 2647 2803 miles
2667 2749 2957 2813 Andreas,
2980 2764 3099 2804 non
3126 2748 3335 2821 copiis,
3356 2764 3476 2804 non
3501 2749 3681 2805 armis

2024 2843 2125 2893 aut
2166 2837 2462 2903 curribus,
2489 2836 2595 2891 sed
2623 2836 2748 2892 solo
2775 2842 3139 2909 praepotente
3164 2838 3285 2892 Deo
3317 2836 3518 2905 fretus,
3548 2854 3671 2894 ma-

2023 2941 2210 2995 gnum
2252 2926 2416 2981 illum
2468 2925 2804 2982 Gedeonem
2857 2925 3172 2982 aemulatus
3204 2930 3315 2995 est,
3345 2932 3402 2981 et
3452 2942 3681 2997 paucos

2022 3015 2321 3090 quosdam
2348 3013 2561 3070 milites
2582 3014 2658 3070 ad
2678 3014 3182 3085 ejusmodiaciem
3211 3015 3678 3087 assumpsit.Eos

300 3106 401 3168 λως
436 3106 467 3163 ἠ
503 3106 694 3157 ἄνωθεν
726 3107 890 3177 χάρις
920 3103 1059 3173 αύτῷ
1098 3108 1470 3174 κατεσήμανεν,
1501 3106 1593 3159 τήν
1624 3104 1751 3173 πρὸς
1793 3103 1913 3159 τοὺς

2029 3105 2182 3161 enim
2212 3103 2396 3171 solos,
2431 3119 2585 3176 quos
2614 3102 2927 3159 manifeste
2984 3103 3241 3159 caelestis
3271 3104 3460 3172 gratia
3501 3103 3551 3159 ei
3577 3105 3675 3160 de-

302 3196 759 3265 ἀντιτεταγμένους
798 3192 1090 3265 παράταξιν
1116 3191 1419 3249 ἐποιήσατο.

381 3370 455 3425 Γ’.
504 3368 646 3429 Ἤδη
710 3367 768 3423 δε
818 3378 908 3431 τῆς
942 3368 1247 3442 συμπλοκῆς
1276 3369 1540 3441 ἄρχεσθαι
1571 3366 1783 3439 μέλλων,
1820 3374 1914 3427 τῆς

304 3468 405 3512 τῶν
459 3458 698 3511 ἐναντίων
752 3458 983 3520 πληθύος
1054 3462 1147 3516 τὴν
1236 3454 1519 3529 ὑπερϐολὴν
1601 3457 1914 3525 θεογνωσίας

306 3550 556 3601 ὑπόθεσιν
606 3555 715 3608 τοῖς
769 3544 928 3607 ἰδίοις
969 3551 1269 3621 παρείχετο³
1314 3547 1462 3597 οὔπω
1505 3546 1604 3615 γὰρ
1659 3540 1793 3601 ἦσαν
1825 3550 1913 3602 τῆς

307 3638 375 3698 εἰς
426 3640 660 3711 Χριστόν
709 3641 795 3689 τόν
856 3640 984 3690 Θεὸν
1030 3642 1257 3696 πίστεως
1298 3633 1695 3704 κατηξιωμένοι·
1746 3639 1913 3685 ταῦτα

312 3724 519 3789 διεξιὼν
567 3730 698 3800 πρὸς
744 3726 953 3788 αύτούς·
1013 3728 1204 3797 καιρὸς
1236 3726 1356 3795 ύμῖν
1405 3719 1574 3789 οὗτος,
1607 3728 1785 3793 φησιν,
1819 3730 1913 3780 τῆς

307 3824 401 3868 τοῦ
451 3814 759 3887 έπουρανίου
815 3822 948 3869 Θεοῦ
1002 3813 1339 3885 έπιγνώσεως·
1397 3811 1586 3863 αὐτίκα
1635 3814 1735 3885 γὰρ
1785 3816 1915 3881 γνὼο

308 3906 464 3958 σεσθε
510 3906 578 3967 ὡς
632 3906 681 3957 οἰ
738 3906 842 3956 θεοὶ
894 3912 993 3955 τῶν
1046 3902 1200 3954 έθνὼν
1249 3906 1407 3962 ὅντως
1456 3897 1705 3971 δαιμόνιά
1760 3899 1909 3953 εἰσιν.

309 3996 436 4053 Θεὸς
487 3995 588 4065 γάρ
642 3995 784 4045 ἐστιν
817 3990 1057 4051 ἀληθινός
1106 3992 1130 4041 ό
1169 3990 1312 4062 ἐμὸς,
1346 3991 1400 4051 ὃς
1444 3992 1530 4041 τόν
1581 3988 1796 4062 ούρανὸν
1827 3994 1914 4039 και

303 4086 398 4140 τήν
427 4090 528 4153 γῆν
571 4080 830 4139 ἐποίησεν.
869 4081 1031 4141 Αὐτὸς
1079 4086 1354 4153 τοιγαροῦν
1405 4074 1807 4149 παντοδύναμος
1847 4080 1914 4128 ὤν

309 4171 500 4243 βοηθεῖ
562 4178 668 4232 τοῖς
742 4169 1158 4241 ἐπικαλουμένοις
1206 4168 1381 4232 αὐτὸν,
1446 4163 1783 4219 ἇναδείκνυσί
1864 4184 1916 4217 τε

308 4262 497 4320 αύτούς
548 4260 807 4334 ἰσχυρούς
852 4258 899 4311 ἕν
947 4259 1170 4331 πολέμῳ,
1204 4263 1293 4309 καὶ
1336 4258 1664 4332 παρεμϐολὰς
1716 4257 1912 4309 κλίνου-

309 4368 394 4402 σιν
442 4348 737 4422 ἀλλοτρίων.
798 4344 939 4400 Ἰδοὺ
1010 4352 1183 4399 τοίνυν
1240 4348 1387 4421 ὁρᾶτε
1435 4350 1502 4408 ὡς
1570 4345 1622 4409 ἐξ
1683 4345 1912 4407 ἐναντίας

310 4442 456 4511 ἡμῶν
504 4440 553 4490 οἱ
592 4437 827 4509 πολέμιοι
880 4436 928 4489 έν
976 4436 1145 4507 πολλῴ
1190 4438 1417 4495 ἔστησαν
1462 4435 1666 4509 ἀριθμῷ
1704 4441 1794 4488 καὶ
1824 4454 1912 4487 κε-

308 4532 657 4600 κραταίωνται
734 4530 857 4586 τέως
942 4527 1067 4599 ὑπὲρ
1150 4527 1305 4597 ἡμᾶς’
1386 4524 1512 4575 ἀλλὰ
1588 4522 1736 4576 δεῦτε
1816 4528 1909 4581 τήν

310 4617 508 4675 πλάνην
565 4615 790 4688 ἀφέντες,
836 4618 923 4667 τὸν
971 4618 1127 4675 ὅντως
1182 4618 1303 4667 ὄντα
1352 4618 1479 4666 Θεὸν
1534 4612 1911 4665 ἐπικαλέσασθι

314 4709 409 4758 σὺν
458 4707 590 4777 ἑμοὶ,
668 4709 757 4756 καὶ
823 4702 975 4774 ὃψεθε
1056 4706 1266 4763 τούτους
1350 4702 1704 4763 ἐκλελοιπότας
1779 4704 1913 4753 ὥστε

313 4797 508 4847 καπνόν
579 4798 668 4845 καὶ
736 4795 800 4852 ὡς
856 4795 1116 4865 κονιορτόν
1194 4790 1293 4843 ἀπὸ
1365 4790 1558 4851 άλωιος
1627 4792 1913 4863 ἔμπροσθεν

315 4885 460 4957 ὑμῶν
507 4882 936 4954 ἀπιληλαμενους.
986 4888 1164 4935 Ταῦτα
1205 4882 1230 4933 ό
1278 4884 1368 4953 μεν
1412 4878 1566 4933 εἶπεν·
1601 4881 1649 4933 οἰ
1702 4877 1761 4933 δὲ
1806 4888 1913 4941 τοῖς

392 5057 473 5129 (1)
502 5057 798 5113 Tribunus
852 5055 1120 5112 militaris
1145 5061 1396 5129 praeerat
1422 5054 1676 5111 militum
1702 5056 1917 5127 legioni

318 5145 425 5185 seu
455 5128 611 5201 parti
636 5129 949 5201 exercitus.
982 5130 1154 5200 Apud
1186 5128 1419 5201 Graecos
1450 5132 1699 5201 vocatur
1730 5146 1916 5201 στραττ

322 5198 529 5266 ολάτης,
564 5200 728 5273 quod
761 5202 975 5273 ducem
1014 5198 1304 5273 exercitus
1331 5198 1510 5273 etiam
1547 5198 1918 5273 interpretari

320 5273 537 5344 possis,
584 5269 1017 5344 etsihsubesset
1056 5269 1345 5344 Antiocho
1400 5271 1572 5344 totius
1631 5270 1919 5344 exercitus

315 5340 455 5399 duci
485 5359 497 5397 :
530 5359 670 5399 nam
701 5341 1014 5397 dicebatur
1039 5348 1093 5396 et
1122 5340 1216 5397 ille
1243 5342 1419 5396 etiam
1471 5342 1593 5396 dux
1632 5342 1922 5396 exercitus

313 5415 421 5489 qui
435 5413 527 5471 vel
542 5414 647 5489 uni
663 5419 894 5489 tantum
914 5417 991 5489 ab
1005 5411 1363 5489 imperatore
1378 5411 1594 5489 legioni
1613 5410 1922 5489 praefectus

313 5482 460 5549 e'rat.
496 5491 561 5541 ut
588 5484 875 5557 Ulpianus
902 5482 1162 5539 declarat
1186 5482 1349 5557 apud
1378 5485 1692 5557 Baronium
1723 5483 1798 5537 ad
1823 5498 1925 5557 an-

316 5574 468 5613 num
497 5554 707 5614 Christi
742 5558 867 5622 301,
901 5571 1047 5611 num
1080 5555 1499 5610 2.Detribunis
1532 5561 1733 5609 autem
1766 5554 1931 5609 varia

315 5630 599 5686 observat
612 5626 853 5684 Vossius
874 5626 935 5682 in
954 5625 1364 5699 Etymologico
1381 5626 1595 5696 lingua:
1622 5624 1836 5682 Latinas
1854 5624 1931 5682 ad

2024 3193 2510 3263 signavit,secum
2533 3193 3080 3265 habens,oppositis
3113 3192 3389 3249 hostibus
3404 3192 3679 3266 pretium

2021 3282 2217 3338 intulit
2245 3284 2337 3353 (3).

2093 3372 2187 3426 ΙΙΙ.
2220 3372 2352 3426 Jam
2384 3386 2518 3426 vero
2537 3386 2668 3425 cum
2683 3374 2836 3426 esset
2861 3384 3291 3439 congressurus
3320 3386 3459 3425 cum
3488 3370 3667 3426 hosti~

2022 3460 2157 3523 bus,
2209 3474 2415 3513 eorum
2477 3457 2776 3529 ingentem
2840 3456 3283 3513 multitudinem
3340 3458 3557 3513 divinas
3584 3473 3680 3513 co-

2022 3548 2304 3620 gnitionis
2344 3553 2768 3616 argumentum
2819 3546 2945 3601 suis
3004 3546 3291 3602 militibus
3325 3546 3673 3618 proposuit:

2024 3637 2297 3693 nondum
2322 3636 2479 3691 enim
2530 3635 2736 3691 Christi
2763 3635 2867 3690 Dei
2928 3634 3115 3690 nostri
3144 3635 3259 3689 ﬁde
3312 3635 3515 3691 donati
3559 3636 3677 3692 fue-

2022 3730 2175 3782 rant.
2230 3727 2355 3781 Haec
2388 3724 2567 3793 igitur
2606 3723 3068 3788 illis,enarrabat
3110 3740 3123 3778 :
3176 3726 3438 3779 Praesens
3464 3741 3680 3796 oppor-

2024 3814 2265 3878 tunitas,
2324 3813 2577 3869 cwlestis
2624 3819 2679 3869 et
2718 3812 2936 3867 divinae
2986 3812 3342 3881 cognitionis
3396 3813 3680 3869 concilia-

2024 3905 2152 3969 trix,
2178 3903 2348 3959 vobis
2388 3901 2498 3957 erit
2531 3919 2543 3957 :
2577 3901 2777 3957 statim
2834 3900 2993 3956 enim
3058 3901 3450 3971 cognoscetis,
3514 3902 3679 3975 quod

2023 3992 2104 4048 dii
2131 3992 2395 4061 gentium
2427 4006 2563 4046 vere
2625 3990 2929 4046 daemonia
2955 3995 3111 4056 sunt,
3170 3991 3457 4063 quodque
3510 4007 3680 4046 verus

2026 4082 2179 4137 Deus
2203 4080 2295 4137 ille
2337 4086 2447 4144 est,
2474 4095 2655 4152 quem
2708 4095 2819 4149 ego
2851 4079 3002 4145 colo,
3061 4080 3163 4152 qui
3209 4078 3427 4135 coelum
3486 4085 3542 4135 et
3573 4085 3680 4136 ter-

2024 4186 2152 4226 ram
2185 4168 2396 4225 effecit.
2446 4168 2576 4241 Ipse
2608 4168 2788 4237 igitur
2836 4184 2973 4223 cum
3018 4167 3225 4223 omnia
3257 4169 3465 4241 possit,
3498 4184 3675 4241 opem

2024 4260 2190 4314 affert
2212 4258 2280 4313 iis
2310 4259 2413 4330 qui
2452 4273 2590 4312 eum
2632 4256 2935 4320 invocant,
2964 4272 3179 4328 eosque
3227 4256 3405 4313 fortes
3437 4257 3493 4312 in
3523 4256 3677 4314 bello

2022 4347 2218 4412 efﬁcit,
2260 4354 2313 4403 et
2372 4345 2637 4402 hostium
2688 4345 2959 4401 cohortes
3019 4344 3160 4401 facit
3210 4349 3373 4415 terga
3427 4350 3671 4412 vertere,

2025 4439 2106 4492 En
2138 4435 2333 4505 igitur,
2401 4438 2463 4489 ut
2492 4433 2721 4499 videtis,
2781 4434 2983 4488 hostes
3017 4433 3128 4505 ipsi
3169 4449 3199 4489 e
3230 4433 3475 4504 regione
3501 4434 3677 4490 nobis

2023 4530 2157 4580 sunt
2190 4524 2473 4596 oppositi,
2503 4522 2690 4595 copiis
2721 4521 3198 4578 innumerabiles
3238 4529 3294 4577 et
3324 4523 3500 4578 nobis
3533 4522 3675 4580 vali-

2024 4613 2254 4677 diores;
2289 4611 2411 4676 sed,
2446 4611 2620 4681 agite,
2674 4625 2935 4666 errorem
2964 4610 3257 4667 idolorum
3311 4611 3673 4677 amittentes,

2025 4717 2261 4757 mecum
2297 4717 2415 4756 una
2470 4702 2675 4763 Deum,
2723 4698 2830 4772 qui
2864 4714 2998 4755 vere
3030 4700 3181 4755 Deus
3226 4705 3335 4765 est,
3383 4699 3674 4766 iuvocate,

2027 4806 2097 4847 ac
2118 4790 2312 4845 statim
2336 4788 2607 4844 videbitis
2624 4789 2823 4843 hostes
2840 4788 3197 4861 ipsos,velut
3222 4788 3449 4844 fumum
3467 4804 3675 4860 quem-

2027 4880 2168 4935 dam
2200 4884 2297 4933 aut
2328 4876 2651 4949 pulverem,
2690 4892 2893 4932 coram
2927 4877 3095 4932 vobis
3145 4876 3511 4933 deﬁcientes.
3546 4880 3677 4934 Haec

2030 5072 2235 5112 vocem
2265 5056 2476 5113 tribus.

2100 5131 2175 5198 ('2)
2210 5128 2287 5182 De
2318 5127 2467 5182 bello
2496 5141 2566 5181 ac
2594 5140 2737 5198 pace
2769 5140 2906 5181 cum
2935 5125 3122 5181 Persis
3148 5125 3269 5198 agit
3299 5124 3677 5183 Commenta-

2031 5201 2153 5256 rius
2192 5199 2472 5270 praevius,
2501 5198 2528 5268 ς
2553 5201 2605 5251 2.

2104 5266 2431 5341 (3)'Mirum,
2482 5266 2642 5341 quod
2672 5268 2797 5341 jam
2856 5267 3169 5341 amplexus
3219 5268 3425 5341 Christi
3470 5266 3676 5341 ﬁdem,

2033 5339 2922 5422 nondum[tamen’baptizatush
2957 5339 3162 5422 mortis
3194 5357 3257 5394 se
3289 5340 3677 5422 periculoex-

2037 5415 2287 5485 posuerit
2313 5412 2471 5484 (vide
2525 5410 3087 5485 Commentariumﬁ
3119 5412 3201 5485 t),_
3244 5410 3357 5466 nisi
3410 5412 3681 5485 recurras

2039 5482 2115 5539 ad
2131 5482 2504 5551 miraculum,
2522 5499 2643 5554 quo
2663 5482 2969 5539 victoriam
2998 5482 3371 5553 prmsciverit,
3397 5483 3683 5555 quodque

2040 5556 2136 5611 hic
2173 5556 2405 5611 videtur
2431 5554 2741 5610 insinuari.
