4154 6192
471 275 577 334 599

1812 260 2063 322 MENSIS
2103 256 2508 317 AUGUSTUS.

3745 261 3853 316 600

479 400 575 456 ille
606 399 863 454 dicebat.
895 396 1020 462 Cui,
1054 394 1266 452 milites
1298 392 1624 457 credentes,
1657 393 1715 447 et
1766 405 1901 445 cum
1957 384 2141 442 multa

2253 384 2516 457 λεχθεῖσιν
2568 387 2959 452 πιστεύσαντες,
3013 388 3099 438 καὶ
3155 384 3284 457 μετὰ
3335 383 3525 438 πολλοῦ
3577 392 3666 438 τοῦ
3723 387 3854 458 Θάρ-

480 490 700 545 fiducia
749 489 1036 542 irruentes
1079 483 1384 556 appositas
1445 481 1773 554 phalanges
1823 480 1880 532 in
1939 474 2141 542 fugam

481 581 915 638 converterunt,
957 579 1010 629 et
1047 573 1330 628 illustrem
1363 572 1436 626 de
1476 568 1748 626 hostibus
1781 565 1927 638 ipsis
1960 563 2145 616 victo-

485 668 634 723 riam
670 667 1078 736 deportarunt.
1100 662 1303 718 Milites
1322 665 1519 717 autem
1547 658 1677 713 illos
1699 658 1826 726 ejus
1854 651 2038 726 praelii
2064 651 2144 704 vi-

480 755 898 823 ctores,reique
914 750 1289 806 admirabilis
1308 767 1374 803 su
1387 765 1492 820 pra
1506 747 1778 802 omnium
1795 742 2142 814 opinionem

482 849 681 909 testes,
715 847 956 898 sanctus
1009 857 1096 895 v1r
1123 841 1223 894 Dei
1257 839 1544 902 Andreas,
1585 842 1649 890 ut
1689 835 1904 889 electos
1931 827 2145 886 Christi

479 934 665 998 viros,
694 931 977 1002 perfecte,
1002 933 1300 1002 quantum
1327 928 1383 982 in
1410 927 1506 983 illo
1533 932 1659 982 erat
1675 920 2071 984 conﬁrmavit,
2088 922 2147 974 et

481 1023 559 1080 ad
594 1023 692 1077 Dei
725 1019 1127 1091 cognitionem
1162 1016 1435 1072 adduxit.

503 1177 516 1180 __
553 1112 642 1167 ιν.
665 1113 742 1166 Ea
756 1126 815 1164 re
838 1109 1135 1181 putatisne
1155 1122 1370 1178 parum
1395 1102 1812 1161 adversarium
1831 1097 2143 1155 diabolum

485 1197 1042 1269 conturbatum,qui
1058 1194 1366 1250 victoriam
1384 1194 1544 1249 illam
1559 1197 1759 1247 contra
1775 1206 1837 1246 se
1852 1197 2141 1259 tropmum

487 1289 800 1357 quoddam
853 1293 1115 1342 erectum
1167 1283 1466 1353 cogitavit,
1501 1296 1692 1352 neque
1723 1277 1946 1349 aliquid
1979 1275 2141 1332 aliud

487 1393 620 1433 eam
651 1393 775 1432 rem
838 1375 1037 1437 fuisse,
1090 1372 1196 1428 nisi
1227 1371 1481 1443 proprias
1541 1367 1848 1441 potestatis
1907 1381 2139 1432 casum,

483 1462 896 1522 existimavit?
948 1464 1234 1518 Caeterum
1294 1461 1591 1515 maximus
1626 1457 1722 1512 Dei
1778 1455 2014 1519 athleta,
2065 1452 2140 1508 ad

496 1553 755 1610 stadium
789 1551 1065 1624 progredi
1088 1555 1352 1621 paratus,
1376 1548 1544 1620 quasi
1578 1548 1831 1618 pignora
1859 1543 2140 1616 quaedam

491 1643 774 1706 caelestia,
805 1639 1152 1712 prastantia
1173 1638 1335 1693 dona
1361 1638 1431 1692 ab
1459 1635 1587 1709 ipso
1607 1635 1725 1689 Deo
1754 1631 2137 1704 percipiebat,

2257 494 2380 536 σους
2431 477 2769 548 ὁρμήσαντες·
2829 478 2921 536 τάς
2980 473 3362 545 ἀντιμετώπους
3425 473 3697 548 ἐτρέψαντο
3751 478 3853 547 φά-

2254 563 2464 635 λαγγας,
2501 570 2589 616 καὶ
2622 564 2850 637 μεγάλην
2889 565 3004 615 κατ’
3034 563 3200 615 αὐτῶν
3230 565 3418 638 ἤραντο
3448 570 3614 621 νίκην.
3647 568 3856 626 Ταύτης

2256 649 2313 705 δὲ
2339 657 2605 726 μάρτυρας
2630 661 2720 713 τῆς
2751 652 3081 724 παρατάξεως
3113 657 3200 704 καὶ
3231 661 3323 714 τῆς
3350 649 3801 724 παραδοξοπιοῖας
3829 653 3853 702 ὁ

2255 742 2399 813 ἅγιος
2447 751 2535 794 τοῦ
2587 750 2720 796 Θεοῦ
2765 746 2881 802 τοὺς
2938 741 3197 801 ἐκλεκτούς
3251 741 3429 794 ἑαυτοῦ
3479 744 3850 812 ποιησάμενος,

2255 836 2343 883 καὶ
2373 831 2576 893 τελείως
2606 831 2827 884 ἐντεῦθεν
2874 831 3059 893 αύτούς
3088 829 3406 902 βεϐαιώσας,
3440 838 3500 903 τῇ
3535 839 3627 883 τοῦ
3657 835 3852 904 Κυρίου

2255 926 2586 995 προσήγαγεν
2617 921 2910 992 ἐπιγνώσει.

2324 1097 2392 1151 Δ’.
2445 1104 2545 1152 Καὶ
2588 1107 2697 1161 πῶς
2745 1099 2914 1152 οἴεσθε
2954 1106 3102 1151 τοῦτο
3163 1101 3248 1151 τὸν
3289 1097 3632 1170 ἀντικείμενον
3673 1094 3856 1151 διάϐο-

2251 1187 2335 1240 λον
2369 1189 2726 1260 συνετάραξεν,
2776 1190 2893 1240 καθ’
2940 1188 3125 1241 ἑαυτοῦ
3169 1193 3223 1240 τὸ
3279 1193 3524 1261 τρόπαιον
3576 1188 3856 1260 λογισάμε-

2441 1283 2531 1330 xui
2587 1275 2737 1331 οὐδὲν
2811 1281 2891 1330 ὅτι
2951 1283 3023 1349 μὴ
3075 1287 3274 1330 πτῶσιν
3338 1275 3477 1330 ἰδίαν
3532 1282 3588 1330 τὸ
3646 1282 3854 1349 γεγονὸς

2617 1384 2629 1428 ;
2663 1367 2797 1419 Ἀλλ’
2828 1369 2852 1419 ὁ
2885 1375 2976 1419 τοῦ
3017 1375 3150 1421 Θεοῦ
3195 1372 3414 1439 μέγιστο
3448 1383 3460 1434 ;
3498 1367 3721 1428 ἀθλητὴς
3771 1367 3856 1419 ἐπὶ

2251 1298 2354 1345 νον,

2252 1369 2580 1439 ἡγησάμενον

2251 1459 2308 1508 τὸ
2357 1453 2572 1508 στάδιον
2622 1459 2755 1508 κατὰ
2810 1461 2961 1528 μέρος
3014 1465 3224 1531 χωρῶν,
3277 1459 3449 1529 ὥσπερ
3500 1459 3644 1518 τινὰς
3698 1456 3860 1530 ἀρῥα-

2253 1545 2418 1606 ϐῶνας
2471 1546 2803 1618 ἐπουρανίους
2859 1549 2924 1598 τὰ
2983 1550 3250 1618 κρείττονα
3318 1554 3415 1598 τῶν
3498 1549 3854 1621 χαρισμάτων

2251 1633 2530 1706 ἐλάμϐανεν
2585 1637 2793 1701 ἄνωθεν,
2853 1640 2941 1686 καὶ
3113 1637 3248 1688 κατά
3312 1631 3571 1706 δαιμόνων
3626 1633 3858 1687 ἐπλούτει

487 1749 621 1788 cum
649 1737 706 1788 et
726 1729 1150 1802 ejiciendorum
1181 1729 1522 1782 daemonum
1549 1723 1852 1780 miraculis
1872 1720 2141 1776 abunda-

2255 1726 2669 1798 θαυματουργία.
2745 1724 2969 1784 Πολλούς
3049 1729 3174 1795 γοῦό
3227 1726 3425 1797 ἡμέρας
3483 1724 3705 1785 ἑκάστης
3753 1725 3856 1775 ὑπὸ

489 1827 594 1878 ret.
622 1820 827 1878 Multos
855 1817 1106 1889 igiturin
1134 1815 1398 1884 singulos
1416 1814 1541 1869 dies
1565 1813 1810 1884 impuris
1837 1809 2142 1881 spiritibus

488 1906 1404 1982 perturbatosliberabat,sicque
1422 1902 1636 1958 lethale
1661 1901 1880 1956 vulnus
1899 1897 2141 1954 diabolo

488 1998 814 2066 inﬂigebat,
841 2004 896 2052 et
913 1994 1181 2050 invidum
1203 1999 1257 2048 et
1281 1992 1597 2062 superbum
1621 1990 1855 2044 hostem
1881 1987 2142 2043 maxime

490 2087 860 2158 subjiciebat.
887 2086 1029 2139 Cum
1055 2098 1194 2138 vero
1225 2097 1361 2152 quae
1384 2081 1458 2136 ad
1491 2079 1714 2135 bellum
1741 2077 2140 2150 pertinebant,

489 2178 615 2232 viro
647 2180 855 2230 sancto
886 2189 954 2228 ex
972 2171 1256 2226 sententia
1286 2167 1737 2240 processissent,
1769 2171 1824 2222 et
1854 2165 2144 2220 adversus

493 2264 705 2318 Persas
731 2271 1015 2332 tropteum
1045 2259 1532 2322 statuisset,venit
1552 2273 1686 2313 cum
1708 2257 1831 2310 suis
1861 2253 2144 2310 militibus

491 2355 550 2409 in
585 2352 795 2407 urbem
828 2349 1221 2406 Antiochiam.
1257 2347 1463 2402 Statim
1497 2349 1697 2402 autem
1727 2344 1897 2403 illum
1931 2343 2145 2398 milites

490 2442 741 2514 quidam
774 2457 844 2496 ex
876 2440 944 2495 iis
976 2439 1077 2510 qui
1120 2454 1255 2492 cum
1288 2437 1416 2507 ipso
1447 2435 1698 2500 fuerant,
1742 2434 1967 2489 invidia
1996 2437 2050 2487 et
2083 2431 2146 2486 li-

492 2547 632 2586 vore
653 2528 899 2595 incitati,
934 2544 1070 2584 cum
1102 2527 1329 2582 bonum
1361 2525 1504 2580 illud
1537 2540 1656 2580 non
1706 2522 2039 2578 voluntarie
2065 2521 2142 2592 (4)

489 2619 870 2687 delegissent,
929 2615 1092 2686 apud
1162 2614 1517 2670 Antiochum
1575 2613 1931 2676 detulerunt,
1978 2609 2144 2683 quod

492 2710 676 2765 Deum
710 2707 832 2762 dux
854 2706 1235 2762 conﬁteretur
1260 2710 1316 2760 et
1367 2702 1714 2769 celebraret,
1747 2701 1848 2773 qui
1882 2701 1937 2756 in
1970 2715 2144 2755 cruce

491 2798 740 2853 sufﬁxus
768 2796 980 2852 fuerat.
1010 2797 1088 2850 Ea
1148 2809 1238 2849 res
1289 2793 1620 2847 maximam
1667 2791 1815 2846 iram
1858 2789 2144 2844 Antiocho

490 2886 702 2952 attulit,
732 2891 788 2941 et
815 2885 969 2939 misit
989 2882 1291 2956 quosdam
1320 2898 1390 2936 ex
1417 2881 1626 2936 ordine
1659 2881 1918 2941 militari,
1938 2879 2041 2950 qui
2065 2877 2142 2932 ab

487 2991 560 3032 eo
590 2975 884 3030 discerent
913 2971 1076 3044 quod
1106 2986 1314 3025 verum
1339 2975 1481 3033 erat,
1513 2973 1568 3024 et
1587 2968 1834 3039 planum
1858 2967 2137 3022 facerent.

490 3064 754 3134 Cumque
772 3076 877 3132 per
898 3075 999 3114 eos
1015 3059 1116 3130 qui
1138 3057 1305 3112 missi
1332 3057 1580 3120 fuerant,
1599 3072 1720 3111 rem
1743 3057 1820 3110 ita
1838 3072 1897 3110 se
1922 3055 2140 3109 habere

491 3153 652 3205 certo
670 3147 1013 3210 audivisset,
1039 3146 1199 3216 apud
1228 3161 1365 3200 eum
1389 3143 1895 3214 perinternuntios
1922 3143 2139 3216 partim

490 3234 1003 3292 admonitionibus
1026 3249 1168 3286 usus
1197 3237 1318 3287 est:
1343 3247 1942 3302 commcmoransque
1963 3249 2139 3288 suum

489 3325 547 3379 in
566 3321 930 3379 Christianos
952 3321 1158 3376 odium
1179 3328 1232 3375 et
1251 3319 1763 3390 acerbitatem,per
1780 3320 1942 3391 ipsos
1964 3321 2138 3376 inter-

485 3411 727 3468 nuntios
765 3412 816 3466 ei
847 3411 1110 3465 dicebat:
1149 3410 1294 3464 Cum
1328 3409 1582 3473 noveris,
1617 3409 2136 3480 quemadmodum

485 3507 541 3558 et
570 3499 850 3572 qualibus
878 3499 1184 3555 tormentis
1241 3497 1585 3553 sustulerim
1630 3499 1982 3570 Eutychium
2036 3500 2137 3555 Po-

483 3590 700 3660 lyeucti
740 3589 930 3644 ﬁlium
980 3589 1075 3654 (5),
1135 3593 1192 3643 et
1217 3586 1437 3642 multos
1475 3603 1681 3642 eorum
1713 3586 1815 3658 qui
1851 3604 1967 3642 una
1999 3604 2137 3643 cum

484 3679 804 3734 illoChristi
824 3678 1005 3733 fidem
1030 3678 1214 3732 secuti
1232 3683 1391 3745 sunt,
1415 3693 1484 3732 ac
1497 3675 2014 3748 quemadmodum
2040 3693 2138 3733 ne-

482 3768 705 3823 minem
756 3767 1023 3838 ipsorum
1067 3765 1471 3821 misericordia
1522 3772 1869 3842 prosecutus
1902 3766 2136 3832 fuerim,

479 3861 545 3910 tu
571 3871 692 3927 quo
726 3871 880 3910 nunc
910 3853 1288 3919 consilio,aut
1311 3869 1428 3926 qua
1458 3869 1564 3925 spe
1596 3853 1858 3909 hominis
1879 3853 1938 3909 in
1968 3870 2139 3910 cruce

483 3944 679 4002 suffixi
707 3945 1072 4000 mentionem
1095 3943 1382 4015 proponis
1407 3943 1436 3999 ?

550 4037 611 4090 V.
644 4033 731 4089 Ad
781 4032 909 4088 haec
958 4032 1245 4087 Andraaas
1293 4031 1600 4102 respondit
1640 4048 1652 4088 :
1702 4032 1957 4088 Maxime
2013 4031 2140 4088 istis

479 4124 694 4187 verbis,
735 4139 868 4195 quae
899 4121 1056 4185 dicit,
1105 4121 1507 4176 constantiam
1560 4138 1756 4177 meam
1813 4123 2137 4178 Antiochus

481 4211 845 4268 corroborat.
875 4214 1022 4267 Nam
1042 4210 1487 4281 siomnes,quos
1504 4211 1856 4266 nominatim
1875 4211 2136 4283 protulit,

481 4301 766 4372 gravibus
790 4299 1097 4355 tormentis
1123 4299 1200 4355 ab
1224 4299 1321 4354 illo
1353 4299 1627 4368 subjecti,
1671 4301 1919 4354 victores
1954 4300 2140 4372 ipsius

481 4389 846 4452 exstiterunt,
899 4393 954 4444 et
976 4387 1206 4443 Christo
1237 4391 1351 4442 Deo
1384 4388 1653 4444 coronati
1682 4389 1915 4444 athletae
1949 4391 2141 4445 astite-

485 4483 641 4542 runt,
677 4493 860 4550 quare
889 4492 1007 4532 non
1041 4481 1096 4531 et
1115 4493 1225 4545 ego
1254 4476 1484 4532 studere
1537 4478 1729 4532 debeo
1762 4479 2014 4549 amicus,
2051 4480 2141 4535 vel
2175 4470 2220 4527 Ο

489 4567 686 4640 potius
723 4565 955 4622 Domini
988 4566 1100 4621 mei
1133 4567 1269 4621 Jesu
1303 4565 1504 4621 christi
1539 4583 1763 4630 servus,
1797 4569 1959 4622 omni
1994 4574 2139 4624 tem-

491 4671 637 4728 pore
665 4671 1031 4727 permanere,
1078 4659 1142 4710 ut
1185 4656 1415 4723 eadem,
1485 4671 1619 4728 quin
1651 4656 1754 4720 illi,
1806 4673 2145 4729 consequar

489 4745 740 4818 praemia
774 4745 801 4799 ‘I
837 4748 954 4800 Has
976 4760 1150 4800 voces
1182 4760 1287 4814 per
1317 4761 1417 4800 eos
1449 4746 1550 4816 qui
1578 4745 1862 4810 celeriter,
1896 4763 2030 4818 quae
2059 4748 2144 4802 di-

491 4835 808 4902 cebantur,
881 4833 1280 4904 excipiebant,
1337 4839 1393 4889 et
1439 4834 1640 4889 litteris
1682 4835 2074 4903 mandabant,
2109 4853 2146 4892 a

496 4928 706 4980 sancto
721 4923 846 4978 viro
860 4922 1121 4994 prolatas
1134 4923 1361 4994 accepit
1374 4922 1699 4978 Antiochus
1717 4923 1809 4978 ille
1831 4940 2144 4994 arrogans,

493 5017 552 5069 et
576 5030 612 5069 a
643 5013 738 5068 Dei
770 5013 985 5085 pietate
1015 5012 1372 5076 abhorrens,
1406 5028 1664 5082 eumque
1695 5013 1958 5068 vinctum
1977 5014 2046 5068 ad
2083 5030 2145 5069 se

493 5101 852 5172 ducijussit,
881 5107 937 5157 et
999 5100 1284 5156 omnibus
1339 5100 1721 5156 audientibus
1773 5103 2141 5170 interrogari,

496 5196 553 5247 et
590 5195 788 5264 aperte
821 5190 1009 5261 fateri,
1052 5205 1196 5245 num
1255 5189 1631 5261 imperatoris
1652 5189 1862 5254 edicto,
1925 5206 1998 5246 an
2038 5208 2145 5249 suo

571 5369 649 5438 (4)
687 5369 902 5440 Ecquis
927 5369 1103 5438 igitur
1136 5368 1268 5424 illos
1295 5368 1372 5425 ad
1399 5369 1512 5425 hoc
1541 5371 1732 5439 coegit
1763 5371 1791 5427 ?

573 5441 653 5509 (5)
682 5443 736 5496 S.
787 5440 1102 5512 Polyeucti,
1161 5440 1517 5512 celeberrimi
1555 5441 1832 5512 martyris
1872 5442 2146 5498 Melitenae

501 5510 560 5565 in
593 5510 1078 5585 Armenia'passi.
1105 5511 1401 5585 Actajam
1429 5513 1658 5585 pridem
1691 5510 1830 5585 sunt
1859 5513 2148 5569 illustrata

505 5581 663 5654 apud
697 5597 808 5638 nos
835 5581 927 5638 die
964 5587 1023 5639 13
1059 5581 1356 5639 Februarii
1389 5581 1449 5639 in
1491 5583 1711 5656 quibus
1753 5583 1975 5642 ibidem
2007 5600 2143 5658 pag.

2252 1815 2553 1884 πνευμάτων
2657 1811 2960 1884 ἀκαθάρτων
3076 1811 3448 1884 ἐνοχλουμένου
3459 1834 3479 1875 ς
3560 1812 3852 1886 ἐλευθερῶν,

2253 1907 2460 1974 καιρίαν
2508 1902 2712 1972 πληγὴν
2770 1902 3050 1976 ἐτίτρωσκε
3098 1906 3183 1954 τὸν
3225 1899 3488 1966 διάϐολον,
3537 1907 3626 1955 καὶ
3679 1903 3854 1974 μειζό-

2252 2011 2350 2052 νως
2396 1988 2773 2044 κατεδουλοῦτο
2821 1995 2906 2043 τὸν
2949 1990 3215 2064 βάσκανόν
3255 2010 3308 2044 τε
3355 1996 3444 2044 καὶ
3492 1991 3852 2065 ὑψηλόφρονα.

2254 2076 2466 2138 Ἐπειδὴ
2530 2076 2588 2132 δὲ
2652 2083 2718 2132 τὰ
2795 2087 2885 2132 τοῦ
2939 2081 3160 2152 πολέμου
3229 2083 3363 2132 κατά
3408 2087 3523 2133 νοῦν
3577 2088 3648 2150 τῷ
3720 2080 3854 2152 ἁγίῳ

2253 2169 2626 2243 προύχώρησε,
2687 2173 2776 2221 καὶ
2831 2172 2966 2221 κατὰ
3015 2165 3211 2227 Μήδων
3260 2172 3580 2242 στησάμενος
3611 2175 3857 2233 τρόπαιον

2255 2263 2457 2328 γέγονεν
2513 2263 2606 2309 σὺν
2659 2259 2762 2318 τοῖς
2812 2257 2940 2330 ἀμφὶ
3009 2259 3164 2310 αὐτόν
3216 2263 3347 2331 πρὸς
3423 2263 3508 2310 τὸν
3583 2258 3856 2330 Ἀντίοχον

2258 2347 2407 2410 ἀξίας
2460 2350 2774 2419 κομούμενος
2819 2351 2886 2409 ὡς
2934 2346 3097 2421 ἐχρῆν
3143 2346 3378 2419 ἀμοιϐάς.
3429 2348 3628 2410 Εὐθέως
3678 2357 3858 2402 τοῦτον

2255 2442 2344 2489 καὶ
2392 2441 2507 2497 τοὺς
2557 2441 2650 2489 σὺν
2700 2437 2838 2507 αύτῷ
2874 2443 3199 2511 στρατιώτας
3245 2441 3373 2498 τινες
3405 2440 3591 2509 φθόνου
3624 2442 3712 2510 μὶν
3764 2444 3858 2490 καὶ

2258 2525 2572 2587 ζηλοτυπίας
2629 2528 2773 2598 ἔργον
2863 2523 3274 2592 ἐπιτηδεύοντες,
3339 2525 3533 2597 ἀγαθόν
3594 2523 3666 2579 δι’
3723 2530 3858 2599 ὅμως

2257 2614 2502 2668 ἀκούσιον
2547 2614 2901 2686 ἐργαζόμενοι,
2947 2611 3211 2667 διέϐαλλον
3252 2618 3316 2675 ὡς
3368 2619 3496 2668 Θεὸν
3543 2619 3629 2668 τὸν
3675 2615 3859 2669 ἐσταυο

2254 2708 2477 2775 ρωμένον
2529 2703 2904 2775 ὁμολογοῦντάς
2942 2723 2994 2756 τε
3031 2709 3120 2756 καὶ
3167 2700 3500 2766 δοξάζοντας.
3545 2711 3646 2756 Τοῦ
3693 2701 3750 2756 δε
3781 2701 3858 2756 δι’

2256 2793 2417 2865 ὀργῆς
2469 2796 2525 2844 τό
2569 2799 2790 2867 πρᾶγμα
2837 2797 3191 2864 ποιησαμένου
3235 2798 3325 2844 καὶ
3384 2794 3674 2854 στείλαντος
3729 2797 3858 2866 πρὸς

2255 2881 2407 2933 αὐτὸν
2456 2889 2545 2933 τοῦ
2604 2890 2978 2952 στρατιωτικοῦ
3031 2881 3321 2952 καταλόγου
3365 2885 3504 2942 τινάς
3535 2886 3591 2934 τὸ
3645 2881 3857 2954 ἀκριϐὲς

2253 2973 2649 3042 μαθησομένους
2719 2974 2784 3022 τά
2834 2975 2924 3022 καὶ
2993 2967 3444 3042 διασαφὴσοντας,
3523 2976 3611 3023 καὶ
3688 2979 3858 3024 ταῦτα

2252 3059 2410 3120 οὕτως
2469 3062 2607 3130 ἔχειν
2684 3055 2778 3110 διὰ
2854 3068 2951 3111 τῶν
3027 3059 3421 3132 ἀπεσταλμένων
3478 3060 3851 3132 ἡκριϐωκότος,

2251 3153 2339 3200 καὶ
2398 3156 2466 3206 πῆ
2526 3151 2615 3219 μεν
2685 3148 2972 3214 κολακίαις,
3048 3157 3117 3206 πῆ
3182 3146 3239 3202 δὲ
3298 3149 3387 3200 καί
3453 3148 3706 3215 ἀπειλαῖς,
3778 3153 3855 3202 ἔτι

2252 3234 2310 3289 δὲ
2367 3242 2456 3287 καὶ
2542 3235 2864 3308 ἀναμνήσεσι
2920 3242 3262 3309 χρησαμένου
3314 3245 3405 3297 τῆς
3473 3237 3655 3290 ἑαυτοῦ
3725 3241 3856 3310 πρὸς

2250 3328 2600 3400 Χριστιανοὺς
2661 3321 2967 3397 δυσμενείας
3018 3345 3070 3378 τε
3123 3332 3210 3377 καὶ
3269 3333 3607 3400 πικρότητος,
3687 3325 3855 3379 ἐπιλέ-

2252 3415 2368 3477 ξεώς
2399 3434 2452 3466 τε
2496 3411 2874 3475 δεδηλωκότος·
2913 3414 2992 3466 ὁτι
3041 3411 3205 3475 Οἶδας
3257 3417 3394 3476 ὅπως
3437 3421 3525 3468 καὶ
3564 3417 3697 3477 οἵαις
3721 3415 3852 3468 ἀνεῖ-

2249 3504 2333 3555 λον
2385 3502 2639 3575 βασάνοις
2689 3503 2948 3574 Εύτύχιόν
2993 3523 3045 3555 τε
3080 3507 3165 3556 τὸν
3207 3507 3316 3556 υἱόν
3361 3505 3709 3570 Πολυεύκτου,
3763 3511 3852 3558 καὶ

2249 3591 2468 3652 πολλοὺς
2509 3601 2607 3644 τῶν
2641 3596 2731 3644 σὺν
2763 3591 2934 3663 ἐκείνῳ
2966 3597 3059 3651 τὴν
3091 3593 3161 3653 εἰς
3190 3597 3421 3668 Χριστὸν
3452 3599 3631 3647 πίστιν
3657 3595 3851 3665 ὡμολο-

2248 3687 2499 3751 γηκότας,
2553 3686 2643 3733 καὶ
2697 3682 2789 3734 οῦκ
2837 3681 3038 3739 ἠλέησα
3086 3683 3293 3745 αὐτούς,
3331 3688 3482 3755 φησὶ,
3528 3689 3616 3735 καὶ
3646 3692 3733 3735 νῦν
3765 3704 3851 3737 σοι

2250 3776 2351 3822 τίνι
2383 3780 2560 3842 σκοπῷ
2588 3777 2678 3824 καὶ
2710 3777 2835 3843 ποίᾳ
2860 3768 3011 3825 ἐλπίδ
3019 3792 3034 3824 ι
3065 3775 3150 3824 τὸν
3180 3772 3305 3846 ύπὲρ
3335 3781 3426 3826 τοῦ
3457 3772 3847 3846 ἐσταυρωμένον

2248 3860 2396 3932 λόγον
2423 3860 2684 3934 προϐάλλῃ
2729 3877 2742 3927 ;

2323 4037 2395 4091 Ε¹.
2442 4038 2577 4110 Πρὸς
2625 4043 2793 4089 ταῦτα
2836 4035 3232 4109 ἀποκρινόμενος
3287 4039 3399 4110 ἔφη·
3452 4040 3591 4090 Πάνυ
3640 4041 3728 4110 μεν
3760 4035 3848 4091 οἶν

2253 4124 2346 4180 διά
2393 4129 2582 4178 τούτων
2637 4127 2703 4176 ὧν
2743 4129 2954 4197 εἴρηκας
2996 4127 3358 4200 ἱσχυροποιεῖς
3399 4147 3499 4198 μου
3544 4133 3636 4186 τήν
3668 4131 3845 4181 ἔνσταο

2253 4232 2360 4269 σιν·
2403 4215 2445 4268 εἰ
2475 4217 2570 4289 γὰρ
2605 4215 2748 4267 οὗτοι
2779 4217 2982 4278 πάντες,
3017 4216 3100 4276 οῦς
3131 4215 3480 4288 ἐξωνόμασας,
3506 4219 3605 4268 ύπὸ
3638 4225 3727 4270 τοῦ
3753 4227 3847 4271 σου

2251 4307 2492 4377 μεγέθους
2546 4300 2739 4366 δειναῖς
2791 4303 2988 4366 αἰκίαις
3056 4304 3426 4368 ύποϐληθέντες
3489 4313 3697 4365 νικηταί
3753 4326 3848 4360 σου

2251 4401 2525 4466 γεγόνασιν
2579 4399 2667 4444 καὶ
2727 4399 3106 4467 στεφανηφόροι
3162 4403 3373 4466 Χριστῷ
3421 4405 3492 4466 τῷ
3551 4405 3663 4467 Θεῷ
3719 4417 3852 4471 παρ-

2253 4490 2538 4541 εστηκασνν
2570 4480 2813 4542 ἀθληταὶ,
2842 4491 2950 4544 πῶς
2979 4482 3036 4533 οὐ
3059 4488 3130 4555 μὴ
3170 4481 3458 4536 σπουδάσω
3490 4484 3654 4556 κάγὼ,
3684 4485 3847 4557 φίλος,

2255 4571 2439 4634 δοῦλος
2497 4568 2554 4624 δε
2606 4570 2792 4638 μᾶλλον
2849 4579 2940 4622 τοῦ
2997 4577 3189 4645 Κυρίου
3250 4593 3349 4642 μου
3396 4574 3572 4632 Ἰησοῦ
3613 4583 3849 4647 Χριστοῦ

2255 4659 2520 4732 διαμεῖναι
2549 4665 2711 4732 μέχρι
2744 4664 2953 4724 παντὸς,
3003 4663 3083 4712 ἱνα
3127 4671 3224 4713 τών
3255 4662 3422 4714 αὐτῶν
3471 4662 3680 4725 ἐκείνοις
3717 4663 3847 4717 ἀπο-

2251 4751 2430 4802 λαύσω
2476 4748 2731 4822 βραϐείων
2766 4766 2779 4815 ;
2824 4752 3026 4810 Ταύτας
3056 4747 3142 4801 οὖν
3189 4754 3278 4813 τὰς
3325 4755 3492 4823 φωνὰς
3533 4750 3624 4804 διὰ
3653 4761 3751 4806 τῶν
3778 4755 3849 4815 εἰς

2254 4842 2426 4910 τάχας
2476 4837 2787 4911 γραψάντων
2836 4838 2906 4899 εἰς
2953 4841 3046 4900 τὰς
3117 4839 3275 4891 αὐτοῦ
3343 4860 3428 4908 τον
3491 4843 3640 4914 ἅγιον
3691 4842 3850 4905 ἀκοὰς

2254 4928 2582 4998 ἀποθέμενον,
2643 4927 2953 5001 προσέταξεν
3020 4931 3204 4990 ἐκεῖνος
3281 4931 3306 4980 ό
3375 4929 3576 4990 ἀλαζών
3639 4951 3692 4983 τε
3761 4938 3850 4984 καὶ

2255 5017 2397 5076 ἆθεος
2455 5014 2670 5087 δέσμιον
2753 5016 3066 5087 εἰσαχθέντα
3146 5036 3248 5088 παρ
3318 5017 3458 5088 αύτῷ
3538 5026 3849 5072 κατενώπιον

2253 5109 2453 5157 πάντων
2531 5105 2854 5178 ἐρωτηθῆναι
2915 5110 3000 5156 καὶ
3074 5115 3250 5177 σαφῶς
3330 5104 3560 5171 ἐξειπεῖν,
3638 5114 3850 5183 πότερον

2254 5203 2363 5255 τοῖς
2417 5194 2677 5267 βασιλέως
2720 5196 3093 5266 θεσπίσμασιν,
3145 5199 3173 5252 ἦ
3227 5203 3297 5265 τῷ
3341 5203 3455 5266 Θεῴ
3514 5204 3673 5248 αῦτοῦ
3722 5197 3854 5269 βού-

2253 5371 2358 5425 654
2378 5371 2648 5445 meminit
2665 5371 2816 5445 idem
2835 5371 3083 5445 Sanctus
3099 5371 3296 5445 uxoris
3311 5372 3649 5445 acﬁliorum
3677 5390 3849 5445 ;quo-

2256 5458 2387 5516 rum
2428 5441 2575 5516 forte
2607 5459 2760 5497 unus
2787 5442 2960 5496 fuerit
2988 5443 3307 5516 Eutychius
3336 5441 3447 5507 ille,
3487 5444 3562 5499 de
3605 5441 3853 5516 quo-hic

2255 5513 2320 5586 fit
2347 5515 2592 5586 mentio.
2637 5517 3023 5586 Synonymus
3052 5514 3111 5586 in
3144 5530 3380 5586 crucem
3413 5522 3580 5569 actus
3613 5513 3854 5573 notatur

2255 5585 2315 5640 in
2344 5584 2580 5641 Menaeis
2610 5584 2855 5655 magnis
2874 5584 3105 5641 excusis
3133 5585 3229 5644 die
3252 5589 3285 5641 2
3326 5587 3706 5659 Septembris.
