  <div class='ocr_page' id='page_1' title='image "/cluster/home/n/w/nwhite01/storage/ocr_20150623/115/hvd.32044073502262/306.png"; bbox 0 0 4096 6220; ppageno 0'>
   <div class='ocr_carea' id='block_1_1' title="bbox 272 273 370 330">
    <p class='ocr_par' dir='ltr' id='par_1_1' title="bbox 272 273 370 330">
     <span class='ocr_line' id='line_1_1' title="bbox 272 273 370 330; baseline -0.01 0"><span class='ocrx_word' id='word_1_1' title='bbox 272 273 370 330; x_wconf 86' lang='grc'>601</span> 
     </span>
    </p>
   </div>
   <div class='ocr_carea' id='block_1_2' title="bbox 1633 268 2278 330">
    <p class='ocr_par' dir='ltr' id='par_1_2' title="bbox 1633 268 2278 330">
     <span class='ocr_line' id='line_1_2' title="bbox 1633 268 2278 330; baseline 0.009 -6"><span class='ocrx_word' id='word_1_2' title='bbox 1633 269 1802 325; x_wconf 82' lang='lat' dir='ltr'><strong>VITA</strong></span> <span class='ocrx_word' id='word_1_3' title='bbox 1844 268 1907 328; x_wconf 90' lang='lat' dir='ltr'>S.</span> <span class='ocrx_word' id='word_1_4' title='bbox 1948 268 2278 330; x_wconf 71' lang='lat' dir='ltr'>ANDREE.</span> 
     </span>
    </p>
   </div>
   <div class='ocr_carea' id='block_1_3' title="bbox 3524 278 3631 335">
    <p class='ocr_par' dir='ltr' id='par_1_3' title="bbox 3524 278 3631 335">
     <span class='ocr_line' id='line_1_3' title="bbox 3524 278 3631 335; baseline 0.019 -2"><span class='ocrx_word' id='word_1_5' title='bbox 3524 278 3631 335; x_wconf 75' lang='lat'>602</span> 
     </span>
    </p>
   </div>
   <div class='ocr_carea' id='block_1_4' title="bbox 273 394 1871 477">
    <p class='ocr_par' dir='ltr' id='par_1_4' title="bbox 273 394 1871 473">
     <span class='ocr_line' id='line_1_4' title="bbox 273 394 1871 473; baseline -0.003 -19"><span class='ocrx_word' id='word_1_6' title='bbox 273 402 414 455; x_wconf 90' lang='grc' dir='ltr'>λοιτο</span> <span class='ocrx_word' id='word_1_7' title='bbox 468 402 795 473; x_wconf 85' lang='grc' dir='ltr'>πειθαρχεῖν.</span> <span class='ocrx_word' id='word_1_8' title='bbox 835 405 939 454; x_wconf 86' lang='grc' dir='ltr'>Τοῦ</span> <span class='ocrx_word' id='word_1_9' title='bbox 982 394 1040 452; x_wconf 71' lang='grc' dir='ltr'>δε</span> <span class='ocrx_word' id='word_1_10' title='bbox 1079 398 1149 458; x_wconf 84' lang='grc' dir='ltr'>εἰς</span> <span class='ocrx_word' id='word_1_11' title='bbox 1191 402 1470 473; x_wconf 88' lang='grc' dir='ltr'>πρόσωπον</span> <span class='ocrx_word' id='word_1_12' title='bbox 1516 396 1796 471; x_wconf 86' lang='grc' dir='ltr'>ἀνθρώπων</span> <span class='ocrx_word' id='word_1_13' title='bbox 1828 414 1871 449; x_wconf 73' lang='grc' dir='ltr'>τι</span> 
     </span>
    </p>
   </div>
   <div class='ocr_carea' id='block_1_5' title="bbox 1985 394 3637 477">
    <p class='ocr_par' dir='ltr' id='par_1_5' title="bbox 1994 397 3637 477">
     <span class='ocr_line' id='line_1_5' title="bbox 1994 397 3637 477; baseline 0.005 -26"><span class='ocrx_word' id='word_1_14' title='bbox 1994 397 2129 463; x_wconf 89' lang='lat' dir='ltr'>Doe,</span> <span class='ocrx_word' id='word_1_15' title='bbox 2162 414 2367 471; x_wconf 88' lang='lat' dir='ltr'>parere</span> <span class='ocrx_word' id='word_1_16' title='bbox 2405 402 2598 463; x_wconf 83' lang='lat' dir='ltr'>vellet.</span> <span class='ocrx_word' id='word_1_17' title='bbox 2640 405 2737 461; x_wconf 91' lang='lat' dir='ltr'>llle</span> <span class='ocrx_word' id='word_1_18' title='bbox 2782 410 2983 463; x_wconf 87' lang='lat' dir='ltr'>autem</span> <span class='ocrx_word' id='word_1_19' title='bbox 3022 404 3419 477; x_wconf 68' lang='lat' dir='ltr'>prmsentibus</span> <span class='ocrx_word' id='word_1_20' title='bbox 3444 402 3637 460; x_wconf 86' lang='lat' dir='ltr'>homi-</span> 
     </span>
    </p>
   </div>
   <div class='ocr_carea' id='block_1_6' title="bbox 272 479 1881 563">
    <p class='ocr_par' dir='ltr' id='par_1_6' title="bbox 272 479 1881 563">
     <span class='ocr_line' id='line_1_6' title="bbox 272 479 1881 563; baseline -0.004 -20"><span class='ocrx_word' id='word_1_21' title='bbox 272 496 358 545; x_wconf 81' lang='grc' dir='ltr'>καὶ</span> <span class='ocrx_word' id='word_1_22' title='bbox 398 490 629 563; x_wconf 85' lang='grc' dir='ltr'>ἀγγέλων</span> <span class='ocrx_word' id='word_1_23' title='bbox 676 495 766 543; x_wconf 85' lang='grc' dir='ltr'>καὶ</span> <span class='ocrx_word' id='word_1_24' title='bbox 811 491 988 551; x_wconf 90' lang='grc' dir='ltr'>πάσης</span> <span class='ocrx_word' id='word_1_25' title='bbox 1034 498 1127 550; x_wconf 89' lang='grc' dir='ltr'>τῆς</span> <span class='ocrx_word' id='word_1_26' title='bbox 1180 493 1401 549; x_wconf 76' lang='grc' dir='ltr'>κτίσεως</span> <span class='ocrx_word' id='word_1_27' title='bbox 1440 495 1637 560; x_wconf 82' lang='grc' dir='ltr'>τρανῶς</span> <span class='ocrx_word' id='word_1_28' title='bbox 1686 505 1739 538; x_wconf 91' lang='grc' dir='ltr'>τε</span> <span class='ocrx_word' id='word_1_29' title='bbox 1791 479 1881 537; x_wconf 72' lang='grc' dir='ltr'>καὶ</span> 
     </span>
    </p>
   </div>
   <div class='ocr_carea' id='block_1_7' title="bbox 275 574 1878 654">
    <p class='ocr_par' dir='ltr' id='par_1_7' title="bbox 275 574 1878 654">
     <span class='ocr_line' id='line_1_7' title="bbox 275 574 1878 654; baseline -0.005 -20"><span class='ocrx_word' id='word_1_30' title='bbox 275 581 545 654; x_wconf 72' lang='grc' dir='ltr'>εὐθαρσῶς</span> <span class='ocrx_word' id='word_1_31' title='bbox 603 580 1025 651; x_wconf 73' lang='grc' dir='ltr'>ὁμολογήσαντος</span> <span class='ocrx_word' id='word_1_32' title='bbox 1083 582 1169 631; x_wconf 86' lang='grc' dir='ltr'>τὸν</span> <span class='ocrx_word' id='word_1_33' title='bbox 1222 582 1451 651; x_wconf 81' lang='grc' dir='ltr'>Χριστόν</span> <span class='ocrx_word' id='word_1_34' title='bbox 1484 596 1495 606; x_wconf 81' lang='lat'><strong>&#39;</strong></span> <span class='ocrx_word' id='word_1_35' title='bbox 1531 576 1743 629; x_wconf 76' lang='grc' dir='ltr'>κόλασιν</span> <span class='ocrx_word' id='word_1_36' title='bbox 1796 574 1878 627; x_wconf 80' lang='grc' dir='ltr'>έπ-</span> 
     </span>
    </p>
   </div>
   <div class='ocr_carea' id='block_1_8' title="bbox 274 666 1877 740">
    <p class='ocr_par' dir='ltr' id='par_1_8' title="bbox 274 666 1877 740">
     <span class='ocr_line' id='line_1_8' title="bbox 274 666 1877 740; baseline -0.006 -16"><span class='ocrx_word' id='word_1_37' title='bbox 274 676 455 730; x_wconf 87' lang='grc' dir='ltr'>ενόησε</span> <span class='ocrx_word' id='word_1_38' title='bbox 495 670 608 721; x_wconf 86' lang='grc' dir='ltr'>κατ’</span> <span class='ocrx_word' id='word_1_39' title='bbox 656 669 817 721; x_wconf 74' lang='grc' dir='ltr'>αὐτοῦ</span> <span class='ocrx_word' id='word_1_40' title='bbox 868 670 1097 740; x_wconf 87' lang='grc' dir='ltr'>πονηρὰν</span> <span class='ocrx_word' id='word_1_41' title='bbox 1146 669 1170 719; x_wconf 92' lang='lat'>6</span> <span class='ocrx_word' id='word_1_42' title='bbox 1230 666 1593 735; x_wconf 80' lang='grc' dir='ltr'>σοϐαρῶτατος</span> <span class='ocrx_word' id='word_1_43' title='bbox 1653 668 1877 737; x_wconf 68' lang='grc' dir='ltr'>ἡγεμὼν,</span> 
     </span>
    </p>
   </div>
   <div class='ocr_carea' id='block_1_9' title="bbox 1605 752 1876 814">
    <p class='ocr_par' dir='ltr' id='par_1_9' title="bbox 1605 752 1876 814">
     <span class='ocr_line' id='line_1_9' title="bbox 1605 752 1876 814; baseline -0.004 -6"><span class='ocrx_word' id='word_1_44' title='bbox 1605 774 1616 785; x_wconf 81' lang='lat'><strong><em>°</em></strong></span> <span class='ocrx_word' id='word_1_45' title='bbox 1664 752 1876 814; x_wconf 79' lang='grc' dir='ltr'>Ἐπειδὴ</span> 
     </span>
    </p>
   </div>
   <div class='ocr_carea' id='block_1_10' title="bbox 274 842 1875 920">
    <p class='ocr_par' dir='ltr' id='par_1_10' title="bbox 274 842 1875 920">
     <span class='ocr_line' id='line_1_10' title="bbox 274 842 1875 920; baseline -0.002 -20"><span class='ocrx_word' id='word_1_46' title='bbox 274 848 436 901; x_wconf 89' lang='grc' dir='ltr'>πολλά</span> <span class='ocrx_word' id='word_1_47' title='bbox 494 853 733 920; x_wconf 89' lang='grc' dir='ltr'>φαίνεται</span> <span class='ocrx_word' id='word_1_48' title='bbox 789 844 958 898; x_wconf 78' lang='grc' dir='ltr'>λαϐὼν</span> <span class='ocrx_word' id='word_1_49' title='bbox 1030 842 1281 919; x_wconf 77' lang='grc' dir='ltr'>Ἀνδρέας</span> <span class='ocrx_word' id='word_1_50' title='bbox 1337 844 1385 897; x_wconf 80' lang='grc' dir='ltr'>έν</span> <span class='ocrx_word' id='word_1_51' title='bbox 1462 853 1567 906; x_wconf 91' lang='grc' dir='ltr'>τοῖς</span> <span class='ocrx_word' id='word_1_52' title='bbox 1614 844 1875 916; x_wconf 78' lang='grc' dir='ltr'>πολέμοις,</span> 
     </span>
    </p>
   </div>
   <div class='ocr_carea' id='block_1_11' title="bbox 272 930 1879 1005">
    <p class='ocr_par' dir='ltr' id='par_1_11' title="bbox 272 930 1879 1005">
     <span class='ocr_line' id='line_1_11' title="bbox 272 930 1879 1005; baseline -0.001 -18"><span class='ocrx_word' id='word_1_53' title='bbox 272 942 360 989; x_wconf 82' lang='grc' dir='ltr'>καὶ</span> <span class='ocrx_word' id='word_1_54' title='bbox 410 940 555 997; x_wconf 91' lang='grc' dir='ltr'>νίκας</span> <span class='ocrx_word' id='word_1_55' title='bbox 612 935 705 987; x_wconf 75' lang='grc' dir='ltr'>οὐκ</span> <span class='ocrx_word' id='word_1_56' title='bbox 760 934 935 1005; x_wconf 81' lang='grc' dir='ltr'>ὀλίγας</span> <span class='ocrx_word' id='word_1_57' title='bbox 991 930 1403 1004; x_wconf 87' lang='grc' dir='ltr'>ἀναδησάμενος,</span> <span class='ocrx_word' id='word_1_58' title='bbox 1456 932 1674 995; x_wconf 87' lang='grc' dir='ltr'>ἀνέσεως</span> <span class='ocrx_word' id='word_1_59' title='bbox 1724 933 1879 986; x_wconf 79' lang='grc' dir='ltr'>αὐτὸν</span> 
     </span>
    </p>
   </div>
   <div class='ocr_carea' id='block_1_12' title="bbox 272 1021 1880 1098">
    <p class='ocr_par' dir='ltr' id='par_1_12' title="bbox 272 1021 1880 1098">
     <span class='ocr_line' id='line_1_12' title="bbox 272 1021 1880 1098; baseline -0.001 -22"><span class='ocrx_word' id='word_1_60' title='bbox 272 1027 360 1076; x_wconf 77' lang='grc' dir='ltr'>καὶ</span> <span class='ocrx_word' id='word_1_61' title='bbox 418 1023 762 1087; x_wconf 88' lang='grc' dir='ltr'>ἀναπαύσεως</span> <span class='ocrx_word' id='word_1_62' title='bbox 835 1023 1059 1098; x_wconf 76' lang='grc' dir='ltr'>ἔφευρεῖν</span> <span class='ocrx_word' id='word_1_63' title='bbox 1115 1021 1571 1095; x_wconf 76' lang='grc' dir='ltr'>ἕμηχανησάμεθα</span> <span class='ocrx_word' id='word_1_64' title='bbox 1614 1028 1705 1075; x_wconf 77' lang='grc' dir='ltr'>καὶ</span> <span class='ocrx_word' id='word_1_65' title='bbox 1762 1028 1880 1097; x_wconf 84' lang='grc' dir='ltr'>τρό’</span> 
     </span>
    </p>
   </div>
   <div class='ocr_carea' id='block_1_13' title="bbox 276 1134 389 1168">
    <p class='ocr_par' dir='ltr' id='par_1_13' title="bbox 276 1134 389 1168">
     <span class='ocr_line' id='line_1_13' title="bbox 276 1134 389 1168; baseline 0.009 -1"><span class='ocrx_word' id='word_1_66' title='bbox 276 1134 389 1168; x_wconf 89' lang='grc' dir='ltr'>πον.</span> 
     </span>
    </p>
   </div>
   <div class='ocr_carea' id='block_1_14' title="bbox 359 1198 1879 1285">
    <p class='ocr_par' dir='ltr' id='par_1_14' title="bbox 359 1198 1879 1285">
     <span class='ocr_line' id='line_1_14' title="bbox 359 1198 1879 1285; baseline -0.003 -29"><span class='ocrx_word' id='word_1_67' title='bbox 359 1201 459 1285; x_wconf 73' lang='grc' dir='ltr'>ς’.</span> <span class='ocrx_word' id='word_1_68' title='bbox 532 1206 631 1255; x_wconf 77' lang='grc' dir='ltr'>Καὶ</span> <span class='ocrx_word' id='word_1_69' title='bbox 694 1198 760 1261; x_wconf 87' lang='grc' dir='ltr'>δή</span> <span class='ocrx_word' id='word_1_70' title='bbox 817 1201 1104 1275; x_wconf 82' lang='grc' dir='ltr'>προσέταξε</span> <span class='ocrx_word' id='word_1_71' title='bbox 1157 1202 1333 1260; x_wconf 80' lang='grc' dir='ltr'>κλίνην</span> <span class='ocrx_word' id='word_1_72' title='bbox 1384 1202 1879 1259; x_wconf 82' lang='grc' dir='ltr'>κατασκευασθῆναι</span> 
     </span>
    </p>
   </div>
   <div class='ocr_carea' id='block_1_15' title="bbox 264 1290 1879 1366">
    <p class='ocr_par' dir='ltr' id='par_1_15' title="bbox 264 1290 1879 1366">
     <span class='ocr_line' id='line_1_15' title="bbox 264 1290 1879 1366; baseline 0.001 -24"><span class='ocrx_word' id='word_1_73' title='bbox 264 1290 503 1362; x_wconf 78' lang='grc' dir='ltr'>χαλκῆν,</span> <span class='ocrx_word' id='word_1_74' title='bbox 553 1296 641 1343; x_wconf 79' lang='grc' dir='ltr'>καὶ</span> <span class='ocrx_word' id='word_1_75' title='bbox 692 1294 885 1352; x_wconf 77' lang='grc' dir='ltr'>ταύτης</span> <span class='ocrx_word' id='word_1_76' title='bbox 948 1296 1196 1362; x_wconf 75' lang='grc' dir='ltr'>γενναίως</span> <span class='ocrx_word' id='word_1_77' title='bbox 1254 1290 1663 1366; x_wconf 77' lang='grc' dir='ltr'>ἐκπυρωθείσης,</span> <span class='ocrx_word' id='word_1_78' title='bbox 1726 1291 1879 1365; x_wconf 76' lang='grc' dir='ltr'>ύπερο</span> 
     </span>
    </p>
   </div>
   <div class='ocr_carea' id='block_1_16' title="bbox 271 1376 1879 1451">
    <p class='ocr_par' dir='ltr' id='par_1_16' title="bbox 271 1376 1879 1451">
     <span class='ocr_line' id='line_1_16' title="bbox 271 1376 1879 1451; baseline -0.002 -18"><span class='ocrx_word' id='word_1_79' title='bbox 271 1383 355 1433; x_wconf 88' lang='grc' dir='ltr'>θεν</span> <span class='ocrx_word' id='word_1_80' title='bbox 407 1378 722 1437; x_wconf 88' lang='grc' dir='ltr'>ἀποτεθῆναι</span> <span class='ocrx_word' id='word_1_81' title='bbox 769 1384 853 1432; x_wconf 91' lang='grc' dir='ltr'>τόν</span> <span class='ocrx_word' id='word_1_82' title='bbox 900 1380 1049 1451; x_wconf 78' lang='grc' dir='ltr'>ἅγιον</span> <span class='ocrx_word' id='word_1_83' title='bbox 1107 1379 1389 1437; x_wconf 72' lang='grc' dir='ltr'>ἐκέλευσεν,</span> <span class='ocrx_word' id='word_1_84' title='bbox 1445 1378 1503 1432; x_wconf 76' lang='grc' dir='ltr'><strong>Ὀ</strong></span> <span class='ocrx_word' id='word_1_85' title='bbox 1553 1376 1610 1432; x_wconf 71' lang='grc' dir='ltr'>δε</span> <span class='ocrx_word' id='word_1_86' title='bbox 1657 1378 1769 1431; x_wconf 92' lang='grc' dir='ltr'>λίαν</span> <span class='ocrx_word' id='word_1_87' title='bbox 1802 1378 1879 1431; x_wconf 86' lang='grc' dir='ltr'>εύ-</span> 
     </span>
    </p>
   </div>
   <div class='ocr_carea' id='block_1_17' title="bbox 272 753 1551 830">
    <p class='ocr_par' dir='ltr' id='par_1_17' title="bbox 272 753 1551 830">
     <span class='ocr_line' id='line_1_17' title="bbox 272 753 1551 830; baseline -0.004 -19"><span class='ocrx_word' id='word_1_88' title='bbox 272 764 767 830; x_wconf 74' lang='grc' dir='ltr'>κατειρωνευόμενος</span> <span class='ocrx_word' id='word_1_89' title='bbox 823 753 979 815; x_wconf 81' lang='grc' dir='ltr'>δῆθεν</span> <span class='ocrx_word' id='word_1_90' title='bbox 1034 756 1193 808; x_wconf 86' lang='grc' dir='ltr'>αύτοῦ</span> <span class='ocrx_word' id='word_1_91' title='bbox 1246 762 1335 808; x_wconf 83' lang='grc' dir='ltr'>και</span> <span class='ocrx_word' id='word_1_92' title='bbox 1386 755 1551 827; x_wconf 84' lang='grc' dir='ltr'>λέγων</span> 
     </span>
    </p>
   </div>
   <div class='ocr_carea' id='block_1_18' title="bbox 269 1465 1881 1542">
    <p class='ocr_par' dir='ltr' id='par_1_18' title="bbox 269 1465 1881 1542">
     <span class='ocr_line' id='line_1_18' title="bbox 269 1465 1881 1542; baseline -0.001 -20"><span class='ocrx_word' id='word_1_93' title='bbox 269 1470 449 1540; x_wconf 89' lang='grc' dir='ltr'>θύμως</span> <span class='ocrx_word' id='word_1_94' title='bbox 526 1465 926 1530; x_wconf 80' lang='grc' dir='ltr'>έπεισπηδήσας</span> <span class='ocrx_word' id='word_1_95' title='bbox 1004 1478 1063 1542; x_wconf 78' lang='grc' dir='ltr'>τῆ</span> <span class='ocrx_word' id='word_1_96' title='bbox 1145 1469 1289 1542; x_wconf 83' lang='grc' dir='ltr'>κλίνῃ</span> <span class='ocrx_word' id='word_1_97' title='bbox 1368 1472 1542 1542; x_wconf 79' lang='grc' dir='ltr'>ὧσπερ</span> <span class='ocrx_word' id='word_1_98' title='bbox 1605 1468 1689 1521; x_wconf 76' lang='grc' dir='ltr'>ἐπί</span> <span class='ocrx_word' id='word_1_99' title='bbox 1746 1488 1881 1529; x_wconf 90' lang='grc' dir='ltr'>τινος</span> 
     </span>
    </p>
   </div>
   <div class='ocr_carea' id='block_1_19' title="bbox 268 1555 1875 1632">
    <p class='ocr_par' dir='ltr' id='par_1_19' title="bbox 268 1555 1875 1632">
     <span class='ocr_line' id='line_1_19' title="bbox 268 1555 1875 1632; baseline -0.001 -22"><span class='ocrx_word' id='word_1_100' title='bbox 268 1565 547 1632; x_wconf 82' lang='grc' dir='ltr'>στρωμνῆς</span> <span class='ocrx_word' id='word_1_101' title='bbox 605 1558 804 1619; x_wconf 85' lang='grc' dir='ltr'>ἁπαλῆς</span> <span class='ocrx_word' id='word_1_102' title='bbox 865 1558 1044 1610; x_wconf 69' lang='grc' dir='ltr'>ἕαντόν</span> <span class='ocrx_word' id='word_1_103' title='bbox 1105 1555 1438 1618; x_wconf 85' lang='grc' dir='ltr'>διανέπαυσε,</span> <span class='ocrx_word' id='word_1_104' title='bbox 1497 1563 1588 1610; x_wconf 83' lang='grc' dir='ltr'>καὶ</span> <span class='ocrx_word' id='word_1_105' title='bbox 1635 1561 1875 1630; x_wconf 85' lang='grc' dir='ltr'>παραυτά</span> 
     </span>
    </p>
   </div>
   <div class='ocr_carea' id='block_1_20' title="bbox 263 1644 1881 1721">
    <p class='ocr_par' dir='ltr' id='par_1_20' title="bbox 263 1644 1881 1721">
     <span class='ocr_line' id='line_1_20' title="bbox 263 1644 1881 1721; baseline 0 -22"><span class='ocrx_word' id='word_1_106' title='bbox 263 1650 357 1719; x_wconf 70' lang='grc' dir='ltr'>μὲν</span> <span class='ocrx_word' id='word_1_107' title='bbox 392 1644 601 1720; x_wconf 85' lang='grc' dir='ltr'>σφόδρα</span> <span class='ocrx_word' id='word_1_108' title='bbox 647 1650 837 1721; x_wconf 75' lang='grc' dir='ltr'>ᾔσθετο</span> <span class='ocrx_word' id='word_1_109' title='bbox 874 1657 967 1710; x_wconf 84' lang='grc' dir='ltr'>τῆς</span> <span class='ocrx_word' id='word_1_110' title='bbox 1008 1648 1290 1715; x_wconf 75' lang='grc' dir='ltr'>κολάσεως,</span> <span class='ocrx_word' id='word_1_111' title='bbox 1335 1652 1525 1710; x_wconf 79' lang='grc' dir='ltr'>παντὸς</span> <span class='ocrx_word' id='word_1_112' title='bbox 1568 1648 1706 1719; x_wconf 83' lang='grc' dir='ltr'>αύτῷ</span> <span class='ocrx_word' id='word_1_113' title='bbox 1737 1667 1881 1721; x_wconf 89' lang='grc' dir='ltr'>περι-</span> 
     </span>
    </p>
   </div>
   <div class='ocr_carea' id='block_1_21' title="bbox 1991 487 3631 567">
    <p class='ocr_par' dir='ltr' id='par_1_21' title="bbox 1991 487 3631 567">
     <span class='ocr_line' id='line_1_21' title="bbox 1991 487 3631 567; baseline 0.004 -26"><span class='ocrx_word' id='word_1_114' title='bbox 1991 487 2187 553; x_wconf 89' lang='lat' dir='ltr'>nibus,</span> <span class='ocrx_word' id='word_1_115' title='bbox 2234 490 2481 560; x_wconf 88' lang='lat' dir='ltr'>angelis,</span> <span class='ocrx_word' id='word_1_116' title='bbox 2515 498 2571 549; x_wconf 91' lang='lat' dir='ltr'>et</span> <span class='ocrx_word' id='word_1_117' title='bbox 2598 499 2718 550; x_wconf 89' lang='lat' dir='ltr'>tota</span> <span class='ocrx_word' id='word_1_118' title='bbox 2749 492 3058 567; x_wconf 83' lang='lat' dir='ltr'>spectabili</span> <span class='ocrx_word' id='word_1_119' title='bbox 3091 500 3146 549; x_wconf 93' lang='lat' dir='ltr'>et</span> <span class='ocrx_word' id='word_1_120' title='bbox 3175 499 3374 549; x_wconf 90' lang='lat' dir='ltr'>creata</span> <span class='ocrx_word' id='word_1_121' title='bbox 3400 498 3631 557; x_wconf 88' lang='lat' dir='ltr'>natura,</span> 
     </span>
    </p>
   </div>
   <div class='ocr_carea' id='block_1_22' title="bbox 1990 574 3635 652">
    <p class='ocr_par' dir='ltr' id='par_1_22' title="bbox 1990 574 3635 652">
     <span class='ocr_line' id='line_1_22' title="bbox 1990 574 3635 652; baseline 0.005 -23"><span class='ocrx_word' id='word_1_122' title='bbox 1990 574 2515 652; x_wconf 88' lang='lat' dir='ltr'>distincte,,aperte</span> <span class='ocrx_word' id='word_1_123' title='bbox 2532 589 2582 637; x_wconf 89' lang='lat' dir='ltr'>et</span> <span class='ocrx_word' id='word_1_124' title='bbox 2604 584 2973 640; x_wconf 88' lang='lat' dir='ltr'>conﬁdenter</span> <span class='ocrx_word' id='word_1_125' title='bbox 2999 582 3297 639; x_wconf 79' lang='lat' dir='ltr'>Christum</span> <span class='ocrx_word' id='word_1_126' title='bbox 3324 580 3635 638; x_wconf 90' lang='lat' dir='ltr'>confessus</span> 
     </span>
    </p>
   </div>
   <div class='ocr_carea' id='block_1_23' title="bbox 1989 670 3634 745">
    <p class='ocr_par' dir='ltr' id='par_1_23' title="bbox 1989 670 3634 745">
     <span class='ocr_line' id='line_1_23' title="bbox 1989 670 3634 745; baseline 0.004 -26"><span class='ocrx_word' id='word_1_127' title='bbox 1989 670 2095 721; x_wconf 91' lang='lat' dir='ltr'>est.</span> <span class='ocrx_word' id='word_1_128' title='bbox 2153 670 2353 741; x_wconf 80' lang='lat' dir='ltr'>Itaque</span> <span class='ocrx_word' id='word_1_129' title='bbox 2405 672 2874 743; x_wconf 84' lang='lat' dir='ltr'>superbissimus</span> <span class='ocrx_word' id='word_1_130' title='bbox 2913 688 3134 745; x_wconf 75' lang='lat' dir='ltr'>praeses</span> <span class='ocrx_word' id='word_1_131' title='bbox 3174 670 3634 727; x_wconf 88' lang='lat' dir='ltr'>acerbissimum</span> 
     </span>
    </p>
   </div>
   <div class='ocr_carea' id='block_1_24' title="bbox 1989 754 3637 832">
    <p class='ocr_par' dir='ltr' id='par_1_24' title="bbox 1989 754 3637 832">
     <span class='ocr_line' id='line_1_24' title="bbox 1989 754 3637 832; baseline 0.005 -26"><span class='ocrx_word' id='word_1_132' title='bbox 1989 754 2341 826; x_wconf 84' lang='lat' dir='ltr'>supplicium</span> <span class='ocrx_word' id='word_1_133' title='bbox 2370 761 2662 816; x_wconf 90' lang='lat' dir='ltr'>adversus</span> <span class='ocrx_word' id='word_1_134' title='bbox 2693 761 2861 817; x_wconf 92' lang='lat' dir='ltr'>illum</span> <span class='ocrx_word' id='word_1_135' title='bbox 2916 761 3315 832; x_wconf 88' lang='lat' dir='ltr'>excogitabat,</span> <span class='ocrx_word' id='word_1_136' title='bbox 3363 766 3417 815; x_wconf 91' lang='lat' dir='ltr'>et</span> <span class='ocrx_word' id='word_1_137' title='bbox 3446 759 3637 815; x_wconf 91' lang='lat' dir='ltr'>ironia</span> 
     </span>
    </p>
   </div>
   <div class='ocr_carea' id='block_1_25' title="bbox 1988 845 3637 923">
    <p class='ocr_par' dir='ltr' id='par_1_25' title="bbox 1988 845 3637 923">
     <span class='ocr_line' id='line_1_25' title="bbox 1988 845 3637 923; baseline 0.002 -25"><span class='ocrx_word' id='word_1_138' title='bbox 1988 845 2256 916; x_wconf 91' lang='lat' dir='ltr'>quadam</span> <span class='ocrx_word' id='word_1_139' title='bbox 2285 850 2456 904; x_wconf 89' lang='lat' dir='ltr'>utens</span> <span class='ocrx_word' id='word_1_140' title='bbox 2482 864 2495 903; x_wconf 89' lang='lat'><strong><em>:</em></strong></span> <span class='ocrx_word' id='word_1_141' title='bbox 2520 850 2837 917; x_wconf 84' lang='lat' dir='ltr'>Quoniam,</span> <span class='ocrx_word' id='word_1_142' title='bbox 2879 850 3089 923; x_wconf 87' lang='lat' dir='ltr'>inquit,</span> <span class='ocrx_word' id='word_1_143' title='bbox 3134 850 3389 905; x_wconf 89' lang='lat' dir='ltr'>multum</span> <span class='ocrx_word' id='word_1_144' title='bbox 3419 846 3637 903; x_wconf 85' lang='lat' dir='ltr'>laboris</span> 
     </span>
    </p>
   </div>
   <div class='ocr_carea' id='block_1_26' title="bbox 1989 933 3637 1012">
    <p class='ocr_par' dir='ltr' id='par_1_26' title="bbox 1989 933 3637 1012">
     <span class='ocr_line' id='line_1_26' title="bbox 1989 933 3637 1012; baseline 0.003 -26"><span class='ocrx_word' id='word_1_145' title='bbox 1989 933 2257 990; x_wconf 84' lang='lat' dir='ltr'>Andreas</span> <span class='ocrx_word' id='word_1_146' title='bbox 2296 936 2355 991; x_wconf 93' lang='lat' dir='ltr'>in</span> <span class='ocrx_word' id='word_1_147' title='bbox 2415 937 2589 993; x_wconf 90' lang='lat' dir='ltr'>bellis</span> <span class='ocrx_word' id='word_1_148' title='bbox 2630 955 2951 1012; x_wconf 88' lang='lat' dir='ltr'>perpessus</span> <span class='ocrx_word' id='word_1_149' title='bbox 2985 944 3079 995; x_wconf 90' lang='lat' dir='ltr'>est</span> <span class='ocrx_word' id='word_1_150' title='bbox 3122 944 3178 995; x_wconf 89' lang='lat' dir='ltr'>et</span> <span class='ocrx_word' id='word_1_151' title='bbox 3232 936 3489 993; x_wconf 78' lang='lat' dir='ltr'>victoriis</span> <span class='ocrx_word' id='word_1_152' title='bbox 3515 951 3637 992; x_wconf 91' lang='lat' dir='ltr'>non</span> 
     </span>
    </p>
   </div>
   <div class='ocr_carea' id='block_1_27' title="bbox 1987 1022 3637 1101">
    <p class='ocr_par' dir='ltr' id='par_1_27' title="bbox 1987 1022 3637 1101">
     <span class='ocr_line' id='line_1_27' title="bbox 1987 1022 3637 1101; baseline 0.003 -25"><span class='ocrx_word' id='word_1_153' title='bbox 1987 1022 2193 1094; x_wconf 82' lang='lat' dir='ltr'>paucis</span> <span class='ocrx_word' id='word_1_154' title='bbox 2222 1032 2542 1082; x_wconf 83' lang='lat' dir='ltr'>coronatus</span> <span class='ocrx_word' id='word_1_155' title='bbox 2567 1026 2693 1094; x_wconf 90' lang='lat' dir='ltr'>fuit,</span> <span class='ocrx_word' id='word_1_156' title='bbox 2725 1029 3097 1086; x_wconf 86' lang='lat' dir='ltr'>remissionis</span> <span class='ocrx_word' id='word_1_157' title='bbox 3126 1032 3183 1084; x_wconf 91' lang='lat' dir='ltr'>et</span> <span class='ocrx_word' id='word_1_158' title='bbox 3205 1027 3428 1101; x_wconf 82' lang='lat' dir='ltr'>requiei</span> <span class='ocrx_word' id='word_1_159' title='bbox 3477 1026 3637 1082; x_wconf 89' lang='lat' dir='ltr'>viam</span> 
     </span>
    </p>
   </div>
   <div class='ocr_carea' id='block_1_28' title="bbox 1988 1112 3038 1189">
    <p class='ocr_par' dir='ltr' id='par_1_28' title="bbox 1988 1112 3038 1189">
     <span class='ocr_line' id='line_1_28' title="bbox 1988 1112 3038 1189; baseline 0.005 -23"><span class='ocrx_word' id='word_1_160' title='bbox 1988 1127 2058 1167; x_wconf 90' lang='lat' dir='ltr'>ac</span> <span class='ocrx_word' id='word_1_161' title='bbox 2090 1112 2377 1169; x_wconf 90' lang='lat' dir='ltr'>rationem</span> <span class='ocrx_word' id='word_1_162' title='bbox 2406 1114 2520 1187; x_wconf 85' lang='lat' dir='ltr'>ipsi</span> <span class='ocrx_word' id='word_1_163' title='bbox 2546 1119 3038 1189; x_wconf 83' lang='lat' dir='ltr'>excogitavimus.</span> 
     </span>
    </p>
   </div>
   <div class='ocr_carea' id='block_1_29' title="bbox 2060 1200 3636 1278">
    <p class='ocr_par' dir='ltr' id='par_1_29' title="bbox 2060 1200 3636 1278">
     <span class='ocr_line' id='line_1_29' title="bbox 2060 1200 3636 1278; baseline 0.003 -24"><span class='ocrx_word' id='word_1_164' title='bbox 2060 1200 2141 1256; x_wconf 90' lang='lat' dir='ltr'>Vl.</span> <span class='ocrx_word' id='word_1_165' title='bbox 2205 1204 2381 1259; x_wconf 83' lang='lat' dir='ltr'>Jussit</span> <span class='ocrx_word' id='word_1_166' title='bbox 2416 1204 2597 1275; x_wconf 81' lang='lat' dir='ltr'>igitur</span> <span class='ocrx_word' id='word_1_167' title='bbox 2652 1222 2875 1263; x_wconf 70' lang='lat' dir='ltr'>aereum</span> <span class='ocrx_word' id='word_1_168' title='bbox 2904 1207 3124 1263; x_wconf 90' lang='lat' dir='ltr'>lectum</span> <span class='ocrx_word' id='word_1_169' title='bbox 3172 1206 3456 1278; x_wconf 90' lang='lat' dir='ltr'>componi</span> <span class='ocrx_word' id='word_1_170' title='bbox 3491 1220 3503 1259; x_wconf 94' lang='lat'>:</span> <span class='ocrx_word' id='word_1_171' title='bbox 3533 1204 3636 1277; x_wconf 91' lang='lat' dir='ltr'>qui</span> 
     </span>
    </p>
   </div>
   <div class='ocr_carea' id='block_1_30' title="bbox 1989 1291 3639 1364">
    <p class='ocr_par' dir='ltr' id='par_1_30' title="bbox 1989 1291 3639 1364">
     <span class='ocr_line' id='line_1_30' title="bbox 1989 1291 3639 1364; baseline 0.001 -19"><span class='ocrx_word' id='word_1_172' title='bbox 1989 1307 2117 1346; x_wconf 90' lang='lat' dir='ltr'>cum</span> <span class='ocrx_word' id='word_1_173' title='bbox 2131 1291 2303 1347; x_wconf 83' lang='lat' dir='ltr'>valde</span> <span class='ocrx_word' id='word_1_174' title='bbox 2316 1309 2602 1349; x_wconf 91' lang='lat' dir='ltr'>accensus</span> <span class='ocrx_word' id='word_1_175' title='bbox 2616 1294 3125 1364; x_wconf 86' lang='lat' dir='ltr'>fuisset,senctum</span> <span class='ocrx_word' id='word_1_176' title='bbox 3140 1296 3331 1351; x_wconf 88' lang='lat' dir='ltr'>virum</span> <span class='ocrx_word' id='word_1_177' title='bbox 3354 1295 3639 1350; x_wconf 80' lang='lat' dir='ltr'>Andream</span> 
     </span>
    </p>
   </div>
   <div class='ocr_carea' id='block_1_31' title="bbox 1990 1381 3637 1458">
    <p class='ocr_par' dir='ltr' id='par_1_31' title="bbox 1990 1381 3637 1458">
     <span class='ocr_line' id='line_1_31' title="bbox 1990 1381 3637 1458; baseline 0.002 -24"><span class='ocrx_word' id='word_1_178' title='bbox 1990 1396 2174 1452; x_wconf 85' lang='lat' dir='ltr'>supra</span> <span class='ocrx_word' id='word_1_179' title='bbox 2204 1381 2369 1438; x_wconf 92' lang='lat' dir='ltr'>illum</span> <span class='ocrx_word' id='word_1_180' title='bbox 2404 1384 2544 1455; x_wconf 90' lang='lat' dir='ltr'>poni</span> <span class='ocrx_word' id='word_1_181' title='bbox 2568 1384 2769 1455; x_wconf 88' lang='lat' dir='ltr'>jussit.</span> <span class='ocrx_word' id='word_1_182' title='bbox 2803 1385 2987 1442; x_wconf 82' lang='lat' dir='ltr'>Atille</span> <span class='ocrx_word' id='word_1_183' title='bbox 3046 1385 3320 1458; x_wconf 69' lang='lat' dir='ltr'>prmsenti</span> <span class='ocrx_word' id='word_1_184' title='bbox 3374 1389 3430 1439; x_wconf 92' lang='lat' dir='ltr'>et</span> <span class='ocrx_word' id='word_1_185' title='bbox 3457 1381 3637 1439; x_wconf 88' lang='lat' dir='ltr'>alacri</span> 
     </span>
    </p>
   </div>
   <div class='ocr_carea' id='block_1_32' title="bbox 1990 1469 3638 1547">
    <p class='ocr_par' dir='ltr' id='par_1_32' title="bbox 1990 1469 3638 1547">
     <span class='ocr_line' id='line_1_32' title="bbox 1990 1469 3638 1547; baseline 0.002 -24"><span class='ocrx_word' id='word_1_186' title='bbox 1990 1469 2191 1525; x_wconf 91' lang='lat' dir='ltr'>animo</span> <span class='ocrx_word' id='word_1_187' title='bbox 2218 1470 2278 1526; x_wconf 91' lang='lat' dir='ltr'>in</span> <span class='ocrx_word' id='word_1_188' title='bbox 2308 1472 2526 1528; x_wconf 90' lang='lat' dir='ltr'>lectum</span> <span class='ocrx_word' id='word_1_189' title='bbox 2559 1473 2745 1539; x_wconf 91' lang='lat' dir='ltr'>illum,</span> <span class='ocrx_word' id='word_1_190' title='bbox 2776 1479 3065 1547; x_wconf 81' lang='lat' dir='ltr'>tanquam</span> <span class='ocrx_word' id='word_1_191' title='bbox 3104 1474 3165 1530; x_wconf 91' lang='lat' dir='ltr'>in</span> <span class='ocrx_word' id='word_1_192' title='bbox 3188 1473 3363 1531; x_wconf 91' lang='lat' dir='ltr'>molle</span> <span class='ocrx_word' id='word_1_193' title='bbox 3394 1471 3638 1544; x_wconf 87' lang='lat' dir='ltr'>aliquod</span> 
     </span>
    </p>
   </div>
   <div class='ocr_carea' id='block_1_33' title="bbox 1991 1559 3639 1633">
    <p class='ocr_par' dir='ltr' id='par_1_33' title="bbox 1991 1559 3639 1633">
     <span class='ocr_line' id='line_1_33' title="bbox 1991 1559 3639 1633; baseline 0 -17"><span class='ocrx_word' id='word_1_194' title='bbox 1991 1564 2242 1616; x_wconf 88' lang='lat' dir='ltr'>stratum</span> <span class='ocrx_word' id='word_1_195' title='bbox 2309 1559 2568 1628; x_wconf 85' lang='lat' dir='ltr'>insilivit,</span> <span class='ocrx_word' id='word_1_196' title='bbox 2633 1564 2773 1619; x_wconf 88' lang='lat' dir='ltr'>etin</span> <span class='ocrx_word' id='word_1_197' title='bbox 2832 1563 2929 1619; x_wconf 93' lang='lat' dir='ltr'>illo</span> <span class='ocrx_word' id='word_1_198' title='bbox 2958 1563 3259 1630; x_wconf 85' lang='lat' dir='ltr'>decubuit,</span> <span class='ocrx_word' id='word_1_199' title='bbox 3321 1562 3639 1633; x_wconf 86' lang='lat' dir='ltr'>statimque</span> 
     </span>
    </p>
   </div>
   <div class='ocr_carea' id='block_1_34' title="bbox 1993 1649 3639 1720">
    <p class='ocr_par' dir='ltr' id='par_1_34' title="bbox 1993 1649 3639 1720">
     <span class='ocr_line' id='line_1_34' title="bbox 1993 1649 3639 1720; baseline 0.001 -18"><span class='ocrx_word' id='word_1_200' title='bbox 1993 1649 2399 1705; x_wconf 84' lang='lat' dir='ltr'>vehementem</span> <span class='ocrx_word' id='word_1_201' title='bbox 2428 1652 2755 1708; x_wconf 91' lang='lat' dir='ltr'>cruciatum</span> <span class='ocrx_word' id='word_1_202' title='bbox 2812 1652 3019 1717; x_wconf 88' lang='lat' dir='ltr'>sensit,</span> <span class='ocrx_word' id='word_1_203' title='bbox 3078 1669 3215 1708; x_wconf 95' lang='lat' dir='ltr'>cum</span> <span class='ocrx_word' id='word_1_204' title='bbox 3267 1656 3455 1707; x_wconf 85' lang='lat' dir='ltr'>totum</span> <span class='ocrx_word' id='word_1_205' title='bbox 3511 1650 3639 1720; x_wconf 88' lang='lat' dir='ltr'>ejus</span> 
     </span>
    </p>
   </div>
   <div class='ocr_carea' id='block_1_35' title="bbox 266 1735 1871 1814">
    <p class='ocr_par' dir='ltr' id='par_1_35' title="bbox 266 1735 1871 1811">
     <span class='ocr_line' id='line_1_35' title="bbox 266 1735 1871 1811; baseline 0.001 -23"><span class='ocrx_word' id='word_1_206' title='bbox 266 1735 580 1807; x_wconf 74' lang='grc' dir='ltr'>φλεγομένου</span> <span class='ocrx_word' id='word_1_207' title='bbox 637 1742 726 1789; x_wconf 86' lang='grc' dir='ltr'>καὶ</span> <span class='ocrx_word' id='word_1_208' title='bbox 778 1736 1260 1811; x_wconf 79' lang='grc' dir='ltr'>περιϐρασσομένου</span> <span class='ocrx_word' id='word_1_209' title='bbox 1318 1744 1409 1789; x_wconf 87' lang='grc' dir='ltr'>τοῦ</span> <span class='ocrx_word' id='word_1_210' title='bbox 1471 1742 1729 1809; x_wconf 86' lang='grc' dir='ltr'>σώματος.</span> <span class='ocrx_word' id='word_1_211' title='bbox 1793 1736 1871 1789; x_wconf 79' lang='grc' dir='ltr'>’Υ-</span> 
     </span>
    </p>
   </div>
   <div class='ocr_carea' id='block_1_36' title="bbox 1985 1735 3639 1814">
    <p class='ocr_par' dir='ltr' id='par_1_36' title="bbox 1993 1739 3639 1814">
     <span class='ocr_line' id='line_1_36' title="bbox 1993 1739 3639 1814; baseline 0.001 -21"><span class='ocrx_word' id='word_1_212' title='bbox 1993 1754 2211 1809; x_wconf 89' lang='lat' dir='ltr'>corpus</span> <span class='ocrx_word' id='word_1_213' title='bbox 2234 1740 2701 1807; x_wconf 86' lang='lat' dir='ltr'>combureretur,</span> <span class='ocrx_word' id='word_1_214' title='bbox 2723 1749 2777 1797; x_wconf 90' lang='lat' dir='ltr'>et</span> <span class='ocrx_word' id='word_1_215' title='bbox 2810 1742 3076 1814; x_wconf 90' lang='lat' dir='ltr'>undique</span> <span class='ocrx_word' id='word_1_216' title='bbox 3102 1742 3256 1810; x_wconf 80' lang='lat' dir='ltr'>ignis</span> <span class='ocrx_word' id='word_1_217' title='bbox 3284 1741 3497 1797; x_wconf 89' lang='lat' dir='ltr'>ardore</span> <span class='ocrx_word' id='word_1_218' title='bbox 3523 1739 3639 1794; x_wconf 88' lang='lat' dir='ltr'>fer-</span> 
     </span>
    </p>
   </div>
   <div class='ocr_carea' id='block_1_37' title="bbox 268 1822 1883 1901">
    <p class='ocr_par' dir='ltr' id='par_1_37' title="bbox 268 1822 1883 1901">
     <span class='ocr_line' id='line_1_37' title="bbox 268 1822 1883 1901; baseline 0.001 -24"><span class='ocrx_word' id='word_1_219' title='bbox 268 1844 447 1898; x_wconf 88' lang='grc' dir='ltr'>στερον</span> <span class='ocrx_word' id='word_1_220' title='bbox 478 1822 537 1877; x_wconf 72' lang='grc' dir='ltr'>δε</span> <span class='ocrx_word' id='word_1_221' title='bbox 566 1826 841 1901; x_wconf 79' lang='grc' dir='ltr'>ῥᾳστώνης</span> <span class='ocrx_word' id='word_1_222' title='bbox 881 1824 1135 1898; x_wconf 73' lang='grc' dir='ltr'>έτύγχοινε</span> <span class='ocrx_word' id='word_1_223' title='bbox 1173 1832 1262 1879; x_wconf 82' lang='grc' dir='ltr'>καὶ</span> <span class='ocrx_word' id='word_1_224' title='bbox 1318 1825 1601 1899; x_wconf 76' lang='grc' dir='ltr'>ἀναψυχῆς</span> <span class='ocrx_word' id='word_1_225' title='bbox 1634 1834 1695 1899; x_wconf 75' lang='grc' dir='ltr'>τῇ</span> <span class='ocrx_word' id='word_1_226' title='bbox 1748 1827 1883 1897; x_wconf 81' lang='grc' dir='ltr'>ἄγαν</span> 
     </span>
    </p>
   </div>
   <div class='ocr_carea' id='block_1_38' title="bbox 272 1912 1881 1990">
    <p class='ocr_par' dir='ltr' id='par_1_38' title="bbox 272 1912 1881 1990">
     <span class='ocr_line' id='line_1_38' title="bbox 272 1912 1881 1990; baseline 0.001 -25"><span class='ocrx_word' id='word_1_227' title='bbox 272 1916 557 1988; x_wconf 83' lang='grc' dir='ltr'>θερμότητι</span> <span class='ocrx_word' id='word_1_228' title='bbox 610 1922 704 1978; x_wconf 90' lang='grc' dir='ltr'>τῆς</span> <span class='ocrx_word' id='word_1_229' title='bbox 760 1915 924 1967; x_wconf 73' lang='grc' dir='ltr'>αὐτοῦ</span> <span class='ocrx_word' id='word_1_230' title='bbox 972 1920 1193 1976; x_wconf 85' lang='grc' dir='ltr'>πίστεως</span> <span class='ocrx_word' id='word_1_231' title='bbox 1240 1923 1332 1968; x_wconf 91' lang='grc' dir='ltr'>τοῦ</span> <span class='ocrx_word' id='word_1_232' title='bbox 1380 1919 1541 1990; x_wconf 88' lang='grc' dir='ltr'>πυρός</span> <span class='ocrx_word' id='word_1_233' title='bbox 1587 1912 1881 1969; x_wconf 82' lang='grc' dir='ltr'>ύπενδεδω-</span> 
     </span>
    </p>
   </div>
   <div class='ocr_carea' id='block_1_39' title="bbox 267 2001 1881 2079">
    <p class='ocr_par' dir='ltr' id='par_1_39' title="bbox 267 2001 1881 2079">
     <span class='ocr_line' id='line_1_39' title="bbox 267 2001 1881 2079; baseline 0.002 -25"><span class='ocrx_word' id='word_1_234' title='bbox 267 2012 442 2066; x_wconf 87' lang='grc' dir='ltr'>κότος.</span> <span class='ocrx_word' id='word_1_235' title='bbox 496 2004 735 2075; x_wconf 86' lang='grc' dir='ltr'>’Λγαγὼν</span> <span class='ocrx_word' id='word_1_236' title='bbox 778 2001 837 2057; x_wconf 80' lang='grc' dir='ltr'>δὲ</span> <span class='ocrx_word' id='word_1_237' title='bbox 889 2006 1237 2079; x_wconf 80' lang='grc' dir='ltr'>όπαράνομος</span> <span class='ocrx_word' id='word_1_238' title='bbox 1282 2002 1543 2066; x_wconf 85' lang='grc' dir='ltr'>δικαστὴς</span> <span class='ocrx_word' id='word_1_239' title='bbox 1597 2010 1687 2057; x_wconf 91' lang='grc' dir='ltr'>καί</span> <span class='ocrx_word' id='word_1_240' title='bbox 1742 2025 1881 2067; x_wconf 91' lang='grc' dir='ltr'>τινας</span> 
     </span>
    </p>
   </div>
   <div class='ocr_carea' id='block_1_40' title="bbox 268 2094 1879 2170">
    <p class='ocr_par' dir='ltr' id='par_1_40' title="bbox 268 2094 1879 2170">
     <span class='ocr_line' id='line_1_40' title="bbox 268 2094 1879 2170; baseline 0.002 -25"><span class='ocrx_word' id='word_1_241' title='bbox 268 2102 371 2145; x_wconf 88' lang='grc' dir='ltr'>τῶν</span> <span class='ocrx_word' id='word_1_242' title='bbox 434 2097 527 2146; x_wconf 86' lang='grc' dir='ltr'>σύν</span> <span class='ocrx_word' id='word_1_243' title='bbox 586 2094 725 2165; x_wconf 82' lang='grc' dir='ltr'>αύτῷ</span> <span class='ocrx_word' id='word_1_244' title='bbox 792 2098 924 2146; x_wconf 88' lang='grc' dir='ltr'>κατά</span> <span class='ocrx_word' id='word_1_245' title='bbox 998 2098 1083 2147; x_wconf 87' lang='grc' dir='ltr'>τὸν</span> <span class='ocrx_word' id='word_1_246' title='bbox 1158 2095 1376 2167; x_wconf 89' lang='grc' dir='ltr'>πόλεμον</span> <span class='ocrx_word' id='word_1_247' title='bbox 1457 2094 1879 2170; x_wconf 87' lang='grc' dir='ltr'>ἀριστευσάντων</span> 
     </span>
    </p>
   </div>
   <div class='ocr_carea' id='block_1_41' title="bbox 271 2183 1879 2258">
    <p class='ocr_par' dir='ltr' id='par_1_41' title="bbox 271 2183 1879 2258">
     <span class='ocr_line' id='line_1_41' title="bbox 271 2183 1879 2258; baseline 0.001 -23"><span class='ocrx_word' id='word_1_248' title='bbox 271 2192 626 2257; x_wconf 78' lang='grc' dir='ltr'>στρατιωτῶν,</span> <span class='ocrx_word' id='word_1_249' title='bbox 670 2188 757 2243; x_wconf 82' lang='grc' dir='ltr'>τὰς</span> <span class='ocrx_word' id='word_1_250' title='bbox 809 2191 997 2258; x_wconf 86' lang='grc' dir='ltr'>χεῖρας</span> <span class='ocrx_word' id='word_1_251' title='bbox 1051 2183 1218 2236; x_wconf 72' lang='grc' dir='ltr'>αὐτῶν</span> <span class='ocrx_word' id='word_1_252' title='bbox 1276 2185 1361 2236; x_wconf 82' lang='grc' dir='ltr'>ἐπὶ</span> <span class='ocrx_word' id='word_1_253' title='bbox 1416 2184 1569 2247; x_wconf 81' lang='grc' dir='ltr'>ξύλου</span> <span class='ocrx_word' id='word_1_254' title='bbox 1622 2192 1879 2257; x_wconf 86' lang='grc' dir='ltr'>τετραγω-</span> 
     </span>
    </p>
   </div>
   <div class='ocr_carea' id='block_1_42' title="bbox 266 2270 1877 2346">
    <p class='ocr_par' dir='ltr' id='par_1_42' title="bbox 266 2270 1877 2346">
     <span class='ocr_line' id='line_1_42' title="bbox 266 2270 1877 2346; baseline 0.004 -24"><span class='ocrx_word' id='word_1_255' title='bbox 266 2292 367 2323; x_wconf 90' lang='grc' dir='ltr'>νων</span> <span class='ocrx_word' id='word_1_256' title='bbox 435 2271 845 2345; x_wconf 83' lang='grc' dir='ltr'>προσηλωθῆναι</span> <span class='ocrx_word' id='word_1_257' title='bbox 912 2272 1114 2335; x_wconf 86' lang='grc' dir='ltr'>τελείως</span> <span class='ocrx_word' id='word_1_258' title='bbox 1183 2270 1388 2336; x_wconf 79' lang='grc' dir='ltr'>διέταξε</span> <span class='ocrx_word' id='word_1_259' title='bbox 1470 2271 1711 2346; x_wconf 81' lang='grc' dir='ltr'>μειδιῶν,</span> <span class='ocrx_word' id='word_1_260' title='bbox 1788 2280 1877 2328; x_wconf 78' lang='grc' dir='ltr'>καὶ</span> 
     </span>
    </p>
   </div>
   <div class='ocr_carea' id='block_1_43' title="bbox 267 2358 1879 2434">
    <p class='ocr_par' dir='ltr' id='par_1_43' title="bbox 267 2358 1879 2434">
     <span class='ocr_line' id='line_1_43' title="bbox 267 2358 1879 2434; baseline 0.002 -22"><span class='ocrx_word' id='word_1_261' title='bbox 267 2362 651 2431; x_wconf 86' lang='grc' dir='ltr'>πυνθανόμενος</span> <span class='ocrx_word' id='word_1_262' title='bbox 704 2362 747 2414; x_wconf 82' lang='grc' dir='ltr'>εἰ</span> <span class='ocrx_word' id='word_1_263' title='bbox 792 2366 921 2433; x_wconf 87' lang='grc' dir='ltr'>πρὸς</span> <span class='ocrx_word' id='word_1_264' title='bbox 974 2358 1165 2421; x_wconf 66' lang='grc' dir='ltr'>ἡδονὴν</span> <span class='ocrx_word' id='word_1_265' title='bbox 1215 2365 1407 2434; x_wconf 81' lang='grc' dir='ltr'>ἔχουσι</span> <span class='ocrx_word' id='word_1_266' title='bbox 1458 2371 1630 2429; x_wconf 87' lang='grc' dir='ltr'>τοῦτο,</span> <span class='ocrx_word' id='word_1_267' title='bbox 1682 2365 1753 2426; x_wconf 86' lang='grc' dir='ltr'>ὡς</span> <span class='ocrx_word' id='word_1_268' title='bbox 1782 2364 1879 2415; x_wconf 88' lang='grc' dir='ltr'>αύ-</span> 
     </span>
    </p>
   </div>
   <div class='ocr_carea' id='block_1_44' title="bbox 276 2450 1877 2523">
    <p class='ocr_par' dir='ltr' id='par_1_44' title="bbox 276 2450 1877 2523">
     <span class='ocr_line' id='line_1_44' title="bbox 276 2450 1877 2523; baseline 0.003 -22"><span class='ocrx_word' id='word_1_269' title='bbox 276 2454 401 2501; x_wconf 90' lang='grc' dir='ltr'>τίκα</span> <span class='ocrx_word' id='word_1_270' title='bbox 448 2450 588 2522; x_wconf 89' lang='grc' dir='ltr'>μάλα</span> <span class='ocrx_word' id='word_1_271' title='bbox 643 2453 922 2523; x_wconf 83' lang='grc' dir='ltr'>προθύμως</span> <span class='ocrx_word' id='word_1_272' title='bbox 965 2450 1187 2514; x_wconf 72' lang='grc' dir='ltr'>ἐκείνους</span> <span class='ocrx_word' id='word_1_273' title='bbox 1236 2454 1537 2516; x_wconf 79' lang='grc' dir='ltr'>συνθέσθαι,</span> <span class='ocrx_word' id='word_1_274' title='bbox 1587 2457 1721 2505; x_wconf 88' lang='grc' dir='ltr'>καί·</span> <span class='ocrx_word' id='word_1_275' title='bbox 1759 2455 1877 2507; x_wconf 80' lang='grc' dir='ltr'>Εἴθε</span> 
     </span>
    </p>
   </div>
   <div class='ocr_carea' id='block_1_45' title="bbox 281 2526 1874 2614">
    <p class='ocr_par' dir='ltr' id='par_1_45' title="bbox 281 2526 1874 2614">
     <span class='ocr_line' id='line_1_45' title="bbox 281 2526 1874 2614; baseline 0.003 -25"><span class='ocrx_word' id='word_1_276' title='bbox 281 2541 409 2613; x_wconf 81' lang='grc' dir='ltr'>γὰρ,</span> <span class='ocrx_word' id='word_1_277' title='bbox 444 2541 565 2603; x_wconf 83' lang='grc' dir='ltr'>εἴθε,</span> <span class='ocrx_word' id='word_1_278' title='bbox 616 2545 793 2611; x_wconf 82' lang='grc' dir='ltr'>φησὶν,</span> <span class='ocrx_word' id='word_1_279' title='bbox 840 2548 1075 2614; x_wconf 82' lang='grc' dir='ltr'>Χριστοῦ</span> <span class='ocrx_word' id='word_1_280' title='bbox 1121 2544 1393 2613; x_wconf 86' lang='grc' dir='ltr'>γενοίμεθα</span> <span class='ocrx_word' id='word_1_281' title='bbox 1421 2546 1649 2613; x_wconf 84' lang='grc' dir='ltr'>μιμηταὶ</span> <span class='ocrx_word' id='word_1_282' title='bbox 1680 2549 1767 2593; x_wconf 91' lang='grc' dir='ltr'>τοῦ</span> <span class='ocrx_word' id='word_1_283' title='bbox 1801 2526 1874 2593; x_wconf 72' lang='grc' dir='ltr'>δι’</span> 
     </span>
    </p>
   </div>
   <div class='ocr_carea' id='block_1_46' title="bbox 274 2628 1871 2703">
    <p class='ocr_par' dir='ltr' id='par_1_46' title="bbox 274 2628 1871 2703">
     <span class='ocr_line' id='line_1_46' title="bbox 274 2628 1871 2703; baseline 0.001 -23"><span class='ocrx_word' id='word_1_284' title='bbox 274 2630 419 2699; x_wconf 77' lang='grc' dir='ltr'>ἡμᾶς</span> <span class='ocrx_word' id='word_1_285' title='bbox 462 2628 545 2681; x_wconf 79' lang='grc' dir='ltr'>ἐπὶ</span> <span class='ocrx_word' id='word_1_286' title='bbox 588 2636 658 2699; x_wconf 78' lang='grc' dir='ltr'>τῷ</span> <span class='ocrx_word' id='word_1_287' title='bbox 707 2636 798 2681; x_wconf 87' lang='grc' dir='ltr'>τοῦ</span> <span class='ocrx_word' id='word_1_288' title='bbox 831 2638 1059 2701; x_wconf 86' lang='grc' dir='ltr'>σταυροῦ</span> <span class='ocrx_word' id='word_1_289' title='bbox 1093 2630 1224 2700; x_wconf 81' lang='grc' dir='ltr'>ξύλῳ</span> <span class='ocrx_word' id='word_1_290' title='bbox 1256 2630 1701 2703; x_wconf 87' lang='grc' dir='ltr'>προσηλωθέντος.</span> <span class='ocrx_word' id='word_1_291' title='bbox 1736 2631 1871 2682; x_wconf 86' lang='grc' dir='ltr'>Ἀλλ’</span> 
     </span>
    </p>
   </div>
   <div class='ocr_carea' id='block_1_47' title="bbox 283 2716 1876 2792">
    <p class='ocr_par' dir='ltr' id='par_1_47' title="bbox 283 2716 1876 2792">
     <span class='ocr_line' id='line_1_47' title="bbox 283 2716 1876 2792; baseline 0.002 -23"><span class='ocrx_word' id='word_1_292' title='bbox 283 2716 509 2770; x_wconf 79' lang='grc' dir='ltr'>ἐντεῦθεν</span> <span class='ocrx_word' id='word_1_293' title='bbox 576 2718 725 2769; x_wconf 87' lang='grc' dir='ltr'>πάλιν</span> <span class='ocrx_word' id='word_1_294' title='bbox 787 2717 869 2771; x_wconf 77' lang='grc' dir='ltr'>ἐπὶ</span> <span class='ocrx_word' id='word_1_295' title='bbox 947 2722 1032 2770; x_wconf 89' lang='grc' dir='ltr'>τόν</span> <span class='ocrx_word' id='word_1_296' title='bbox 1087 2721 1323 2792; x_wconf 86' lang='grc' dir='ltr'>θεοφορον</span> <span class='ocrx_word' id='word_1_297' title='bbox 1385 2721 1411 2771; x_wconf 91' lang='lat'>6</span> <span class='ocrx_word' id='word_1_298' title='bbox 1464 2723 1704 2791; x_wconf 90' lang='grc' dir='ltr'>τύραννος</span> <span class='ocrx_word' id='word_1_299' title='bbox 1760 2728 1876 2783; x_wconf 90' lang='grc' dir='ltr'>ταῖς</span> 
     </span>
    </p>
   </div>
   <div class='ocr_carea' id='block_1_48' title="bbox 270 2804 1869 2882">
    <p class='ocr_par' dir='ltr' id='par_1_48' title="bbox 270 2804 1869 2882">
     <span class='ocr_line' id='line_1_48' title="bbox 270 2804 1869 2882; baseline 0.003 -25"><span class='ocrx_word' id='word_1_300' title='bbox 270 2807 658 2878; x_wconf 77' lang='grc' dir='ltr'>ἐπερωτήσεσιν</span> <span class='ocrx_word' id='word_1_301' title='bbox 713 2804 1089 2880; x_wconf 79' lang='grc' dir='ltr'>ἐπαναδραμὼν</span> <span class='ocrx_word' id='word_1_302' title='bbox 1121 2806 1357 2882; x_wconf 72' lang='grc' dir='ltr'>ἐπειρᾶτο</span> <span class='ocrx_word' id='word_1_303' title='bbox 1403 2805 1869 2876; x_wconf 79' lang='grc' dir='ltr'>διαπυνθάνεσθαι,</span> 
     </span>
    </p>
   </div>
   <div class='ocr_carea' id='block_1_49' title="bbox 262 2893 1872 2970">
    <p class='ocr_par' dir='ltr' id='par_1_49' title="bbox 262 2893 1872 2970">
     <span class='ocr_line' id='line_1_49' title="bbox 262 2893 1872 2970; baseline 0.003 -25"><span class='ocrx_word' id='word_1_304' title='bbox 262 2893 312 2946; x_wconf 78' lang='grc' dir='ltr'>εἰ</span> <span class='ocrx_word' id='word_1_305' title='bbox 369 2898 609 2955; x_wconf 87' lang='grc' dir='ltr'>τοιαύτης</span> <span class='ocrx_word' id='word_1_306' title='bbox 653 2900 833 2967; x_wconf 90' lang='grc' dir='ltr'>πείρας</span> <span class='ocrx_word' id='word_1_307' title='bbox 886 2898 1332 2970; x_wconf 85' lang='grc' dir='ltr'>προσενεχθείσης</span> <span class='ocrx_word' id='word_1_308' title='bbox 1384 2897 1526 2968; x_wconf 80' lang='grc' dir='ltr'>αύτῷ</span> <span class='ocrx_word' id='word_1_309' title='bbox 1577 2898 1872 2969; x_wconf 83' lang='grc' dir='ltr'>μεταμελεί-</span> 
     </span>
    </p>
   </div>
   <div class='ocr_carea' id='block_1_50' title="bbox 1995 1828 3641 1903">
    <p class='ocr_par' dir='ltr' id='par_1_50' title="bbox 1995 1828 3641 1903">
     <span class='ocr_line' id='line_1_50' title="bbox 1995 1828 3641 1903; baseline 0.001 -21"><span class='ocrx_word' id='word_1_310' title='bbox 1995 1833 2273 1884; x_wconf 89' lang='lat' dir='ltr'>vesceret.</span> <span class='ocrx_word' id='word_1_311' title='bbox 2308 1830 2437 1884; x_wconf 85' lang='lat' dir='ltr'>Mox</span> <span class='ocrx_word' id='word_1_312' title='bbox 2459 1845 2599 1886; x_wconf 88' lang='lat' dir='ltr'>vero</span> <span class='ocrx_word' id='word_1_313' title='bbox 2624 1838 2866 1903; x_wconf 90' lang='lat' dir='ltr'>propter</span> <span class='ocrx_word' id='word_1_314' title='bbox 2896 1832 3181 1888; x_wconf 91' lang='lat' dir='ltr'>eximium</span> <span class='ocrx_word' id='word_1_315' title='bbox 3204 1829 3340 1886; x_wconf 88' lang='lat' dir='ltr'>ﬁdei</span> <span class='ocrx_word' id='word_1_316' title='bbox 3376 1844 3497 1885; x_wconf 64' lang='lat' dir='ltr'>suae</span> <span class='ocrx_word' id='word_1_317' title='bbox 3526 1828 3641 1884; x_wconf 89' lang='lat' dir='ltr'>fer-</span> 
     </span>
    </p>
   </div>
   <div class='ocr_carea' id='block_1_51' title="bbox 1992 1915 3637 1990">
    <p class='ocr_par' dir='ltr' id='par_1_51' title="bbox 1992 1915 3637 1990">
     <span class='ocr_line' id='line_1_51' title="bbox 1992 1915 3637 1990; baseline -0.001 -17"><span class='ocrx_word' id='word_1_318' title='bbox 1992 1933 2205 1981; x_wconf 88' lang='lat' dir='ltr'>vorem,</span> <span class='ocrx_word' id='word_1_319' title='bbox 2228 1918 2495 1990; x_wconf 90' lang='lat' dir='ltr'>requiem</span> <span class='ocrx_word' id='word_1_320' title='bbox 2538 1926 2592 1974; x_wconf 91' lang='lat' dir='ltr'>et</span> <span class='ocrx_word' id='word_1_321' title='bbox 2618 1921 3037 1977; x_wconf 86' lang='lat' dir='ltr'>recreationem</span> <span class='ocrx_word' id='word_1_322' title='bbox 3062 1920 3291 1984; x_wconf 90' lang='lat' dir='ltr'>habuit,</span> <span class='ocrx_word' id='word_1_323' title='bbox 3325 1934 3463 1973; x_wconf 94' lang='lat' dir='ltr'>cum</span> <span class='ocrx_word' id='word_1_324' title='bbox 3482 1915 3637 1985; x_wconf 88' lang='lat' dir='ltr'>ignis</span> 
     </span>
    </p>
   </div>
   <div class='ocr_carea' id='block_1_52' title="bbox 1988 2004 3637 2079">
    <p class='ocr_par' dir='ltr' id='par_1_52' title="bbox 1988 2004 3637 2079">
     <span class='ocr_line' id='line_1_52' title="bbox 1988 2004 3637 2079; baseline 0 -19"><span class='ocrx_word' id='word_1_325' title='bbox 1988 2006 2117 2079; x_wconf 88' lang='lat' dir='ltr'>ipse</span> <span class='ocrx_word' id='word_1_326' title='bbox 2150 2006 2439 2062; x_wconf 85' lang='lat' dir='ltr'>relaxatus</span> <span class='ocrx_word' id='word_1_327' title='bbox 2456 2013 2633 2063; x_wconf 88' lang='lat' dir='ltr'>esset.</span> <span class='ocrx_word' id='word_1_328' title='bbox 2663 2010 2833 2064; x_wconf 91' lang='lat' dir='ltr'>Duxit</span> <span class='ocrx_word' id='word_1_329' title='bbox 2855 2009 3030 2065; x_wconf 83' lang='lat' dir='ltr'>etiam</span> <span class='ocrx_word' id='word_1_330' title='bbox 3050 2007 3312 2063; x_wconf 86' lang='lat' dir='ltr'>nefarius</span> <span class='ocrx_word' id='word_1_331' title='bbox 3340 2006 3432 2062; x_wconf 91' lang='lat' dir='ltr'>ille</span> <span class='ocrx_word' id='word_1_332' title='bbox 3449 2004 3637 2077; x_wconf 86' lang='lat' dir='ltr'>judex</span> 
     </span>
    </p>
   </div>
   <div class='ocr_carea' id='block_1_53' title="bbox 1988 2095 3637 2168">
    <p class='ocr_par' dir='ltr' id='par_1_53' title="bbox 1988 2095 3637 2168">
     <span class='ocr_line' id='line_1_53' title="bbox 1988 2095 3637 2168; baseline 0 -17"><span class='ocrx_word' id='word_1_333' title='bbox 1988 2096 2285 2168; x_wconf 84' lang='lat' dir='ltr'>quosdam</span> <span class='ocrx_word' id='word_1_334' title='bbox 2322 2114 2391 2152; x_wconf 88' lang='lat' dir='ltr'>ex</span> <span class='ocrx_word' id='word_1_335' title='bbox 2423 2113 2632 2154; x_wconf 92' lang='lat' dir='ltr'>eorum</span> <span class='ocrx_word' id='word_1_336' title='bbox 2657 2099 2908 2154; x_wconf 88' lang='lat' dir='ltr'>militum</span> <span class='ocrx_word' id='word_1_337' title='bbox 2936 2114 3204 2163; x_wconf 91' lang='lat' dir='ltr'>numero,</span> <span class='ocrx_word' id='word_1_338' title='bbox 3228 2095 3330 2168; x_wconf 87' lang='lat' dir='ltr'>qui</span> <span class='ocrx_word' id='word_1_339' title='bbox 3363 2112 3482 2151; x_wconf 91' lang='lat' dir='ltr'>una</span> <span class='ocrx_word' id='word_1_340' title='bbox 3498 2110 3637 2151; x_wconf 92' lang='lat' dir='ltr'>cum</span> 
     </span>
    </p>
   </div>
   <div class='ocr_carea' id='block_1_54' title="bbox 1988 2186 3635 2258">
    <p class='ocr_par' dir='ltr' id='par_1_54' title="bbox 1988 2186 3635 2258">
     <span class='ocr_line' id='line_1_54' title="bbox 1988 2186 3635 2258; baseline 0 -18"><span class='ocrx_word' id='word_1_341' title='bbox 1988 2186 2118 2257; x_wconf 92' lang='lat' dir='ltr'>ipso</span> <span class='ocrx_word' id='word_1_342' title='bbox 2145 2190 2380 2242; x_wconf 86' lang='lat' dir='ltr'>strenue</span> <span class='ocrx_word' id='word_1_343' title='bbox 2411 2187 2470 2241; x_wconf 93' lang='lat' dir='ltr'>in</span> <span class='ocrx_word' id='word_1_344' title='bbox 2501 2186 2658 2243; x_wconf 89' lang='lat' dir='ltr'>bello</span> <span class='ocrx_word' id='word_1_345' title='bbox 2681 2203 2743 2242; x_wconf 91' lang='lat' dir='ltr'>se</span> <span class='ocrx_word' id='word_1_346' title='bbox 2768 2192 3091 2258; x_wconf 87' lang='lat' dir='ltr'>gesserant.</span> <span class='ocrx_word' id='word_1_347' title='bbox 3116 2192 3175 2242; x_wconf 90' lang='lat' dir='ltr'>et</span> <span class='ocrx_word' id='word_1_348' title='bbox 3200 2202 3333 2241; x_wconf 86' lang='lat' dir='ltr'>vere</span> <span class='ocrx_word' id='word_1_349' title='bbox 3360 2186 3419 2240; x_wconf 90' lang='lat' dir='ltr'>in</span> <span class='ocrx_word' id='word_1_350' title='bbox 3452 2188 3635 2240; x_wconf 89' lang='lat' dir='ltr'>Deum</span> 
     </span>
    </p>
   </div>
   <div class='ocr_carea' id='block_1_55' title="bbox 1985 2273 3637 2349">
    <p class='ocr_par' dir='ltr' id='par_1_55' title="bbox 1985 2273 3637 2349">
     <span class='ocr_line' id='line_1_55' title="bbox 1985 2273 3637 2349; baseline 0.001 -20"><span class='ocrx_word' id='word_1_351' title='bbox 1985 2274 2783 2349; x_wconf 85' lang='lat' dir='ltr'>crediderant.ipsorumque</span> <span class='ocrx_word' id='word_1_352' title='bbox 2815 2292 3029 2332; x_wconf 90' lang='lat' dir='ltr'>manus</span> <span class='ocrx_word' id='word_1_353' title='bbox 3068 2276 3125 2331; x_wconf 92' lang='lat' dir='ltr'>in</span> <span class='ocrx_word' id='word_1_354' title='bbox 3158 2273 3637 2347; x_wconf 88' lang='lat' dir='ltr'>lignis,quadra-</span> 
     </span>
    </p>
   </div>
   <div class='ocr_carea' id='block_1_56' title="bbox 1987 2363 3638 2436">
    <p class='ocr_par' dir='ltr' id='par_1_56' title="bbox 1987 2363 3638 2436">
     <span class='ocr_line' id='line_1_56' title="bbox 1987 2363 3638 2436; baseline -0.002 -16"><span class='ocrx_word' id='word_1_355' title='bbox 1987 2370 2106 2420; x_wconf 88' lang='lat' dir='ltr'>tam</span> <span class='ocrx_word' id='word_1_356' title='bbox 2138 2363 2393 2433; x_wconf 85' lang='lat' dir='ltr'>ﬁguram</span> <span class='ocrx_word' id='word_1_357' title='bbox 2415 2364 2799 2433; x_wconf 86' lang='lat' dir='ltr'>habentibus,</span> <span class='ocrx_word' id='word_1_358' title='bbox 2833 2366 3029 2436; x_wconf 87' lang='lat' dir='ltr'>sufﬁgi</span> <span class='ocrx_word' id='word_1_359' title='bbox 3089 2365 3283 2436; x_wconf 86' lang='lat' dir='ltr'>jussit,</span> <span class='ocrx_word' id='word_1_360' title='bbox 3316 2364 3638 2435; x_wconf 88' lang='lat' dir='ltr'>ridensque</span> 
     </span>
    </p>
   </div>
   <div class='ocr_carea' id='block_1_57' title="bbox 1984 2452 3633 2525">
    <p class='ocr_par' dir='ltr' id='par_1_57' title="bbox 1984 2452 3633 2525">
     <span class='ocr_line' id='line_1_57' title="bbox 1984 2452 3633 2525; baseline -0.001 -17"><span class='ocrx_word' id='word_1_361' title='bbox 1984 2452 2062 2508; x_wconf 90' lang='lat' dir='ltr'>ab</span> <span class='ocrx_word' id='word_1_362' title='bbox 2088 2454 2169 2508; x_wconf 90' lang='lat' dir='ltr'>eis</span> <span class='ocrx_word' id='word_1_363' title='bbox 2198 2454 2489 2524; x_wconf 69' lang='lat' dir='ltr'>quresivit,</span> <span class='ocrx_word' id='word_1_364' title='bbox 2521 2470 2663 2509; x_wconf 91' lang='lat' dir='ltr'>num</span> <span class='ocrx_word' id='word_1_365' title='bbox 2698 2471 2769 2510; x_wconf 90' lang='lat' dir='ltr'>ea</span> <span class='ocrx_word' id='word_1_366' title='bbox 2813 2471 2906 2509; x_wconf 90' lang='lat' dir='ltr'>res</span> <span class='ocrx_word' id='word_1_367' title='bbox 2955 2461 3111 2510; x_wconf 84' lang='lat' dir='ltr'>esset</span> <span class='ocrx_word' id='word_1_368' title='bbox 3154 2454 3267 2509; x_wconf 92' lang='lat' dir='ltr'>illis</span> <span class='ocrx_word' id='word_1_369' title='bbox 3322 2452 3633 2525; x_wconf 85' lang='lat' dir='ltr'>voluptati.</span> 
     </span>
    </p>
   </div>
   <div class='ocr_carea' id='block_1_58' title="bbox 1985 2542 3633 2615">
    <p class='ocr_par' dir='ltr' id='par_1_58' title="bbox 1985 2542 3633 2615">
     <span class='ocr_line' id='line_1_58' title="bbox 1985 2542 3633 2615; baseline -0.001 -18"><span class='ocrx_word' id='word_1_370' title='bbox 1985 2544 2241 2613; x_wconf 83' lang='lat' dir='ltr'>Repente</span> <span class='ocrx_word' id='word_1_371' title='bbox 2298 2542 2375 2597; x_wconf 91' lang='lat' dir='ltr'>illi</span> <span class='ocrx_word' id='word_1_372' title='bbox 2434 2545 2637 2599; x_wconf 91' lang='lat' dir='ltr'>animo</span> <span class='ocrx_word' id='word_1_373' title='bbox 2660 2543 2832 2599; x_wconf 89' lang='lat' dir='ltr'>valde</span> <span class='ocrx_word' id='word_1_374' title='bbox 2891 2548 3164 2615; x_wconf 90' lang='lat' dir='ltr'>prompto</span> <span class='ocrx_word' id='word_1_375' title='bbox 3210 2542 3325 2597; x_wconf 89' lang='lat' dir='ltr'>sibi</span> <span class='ocrx_word' id='word_1_376' title='bbox 3350 2557 3482 2597; x_wconf 85' lang='lat' dir='ltr'>eam</span> <span class='ocrx_word' id='word_1_377' title='bbox 3506 2557 3633 2597; x_wconf 87' lang='lat' dir='ltr'>rem</span> 
     </span>
    </p>
   </div>
   <div class='ocr_carea' id='block_1_59' title="bbox 1977 2629 3632 2701">
    <p class='ocr_par' dir='ltr' id='par_1_59' title="bbox 1977 2629 3632 2701">
     <span class='ocr_line' id='line_1_59' title="bbox 1977 2629 3632 2701; baseline -0.001 -16"><span class='ocrx_word' id='word_1_378' title='bbox 1977 2630 2479 2701; x_wconf 88' lang='lat' dir='ltr'>jucundissimam</span> <span class='ocrx_word' id='word_1_379' title='bbox 2528 2648 2659 2686; x_wconf 91' lang='lat' dir='ltr'>esse</span> <span class='ocrx_word' id='word_1_380' title='bbox 2688 2630 3080 2695; x_wconf 73' lang='lat' dir='ltr'>aﬁirmarunt.</span> <span class='ocrx_word' id='word_1_381' title='bbox 3136 2631 3261 2686; x_wconf 65' lang='lat' dir='ltr'>haec</span> <span class='ocrx_word' id='word_1_382' title='bbox 3302 2629 3632 2685; x_wconf 86' lang='lat' dir='ltr'>addentes:</span> 
     </span>
    </p>
   </div>
   <div class='ocr_carea' id='block_1_60' title="bbox 1986 2720 3633 2792">
    <p class='ocr_par' dir='ltr' id='par_1_60' title="bbox 1986 2720 3633 2792">
     <span class='ocr_line' id='line_1_60' title="bbox 1986 2720 3633 2792; baseline -0.001 -17"><span class='ocrx_word' id='word_1_383' title='bbox 1986 2722 2225 2778; x_wconf 87' lang='lat' dir='ltr'>Utinam</span> <span class='ocrx_word' id='word_1_384' title='bbox 2257 2720 2463 2775; x_wconf 85' lang='lat' dir='ltr'>Christi</span> <span class='ocrx_word' id='word_1_385' title='bbox 2499 2720 2686 2775; x_wconf 91' lang='lat' dir='ltr'>simus</span> <span class='ocrx_word' id='word_1_386' title='bbox 2715 2720 3060 2786; x_wconf 82' lang='lat' dir='ltr'>imitatores,</span> <span class='ocrx_word' id='word_1_387' title='bbox 3102 2720 3202 2792; x_wconf 89' lang='lat' dir='ltr'>qui</span> <span class='ocrx_word' id='word_1_388' title='bbox 3238 2725 3469 2791; x_wconf 89' lang='lat' dir='ltr'>propter</span> <span class='ocrx_word' id='word_1_389' title='bbox 3522 2734 3633 2774; x_wconf 92' lang='lat' dir='ltr'>nos</span> 
     </span>
    </p>
   </div>
   <div class='ocr_carea' id='block_1_61' title="bbox 1982 2807 3630 2881">
    <p class='ocr_par' dir='ltr' id='par_1_61' title="bbox 1982 2807 3630 2881">
     <span class='ocr_line' id='line_1_61' title="bbox 1982 2807 3630 2881; baseline -0.002 -17"><span class='ocrx_word' id='word_1_390' title='bbox 1982 2809 2041 2864; x_wconf 91' lang='lat' dir='ltr'>in</span> <span class='ocrx_word' id='word_1_391' title='bbox 2082 2808 2235 2880; x_wconf 90' lang='lat' dir='ltr'>ligno</span> <span class='ocrx_word' id='word_1_392' title='bbox 2256 2809 2447 2864; x_wconf 91' lang='lat' dir='ltr'>crucis</span> <span class='ocrx_word' id='word_1_393' title='bbox 2473 2808 2725 2864; x_wconf 87' lang='lat' dir='ltr'>sufﬁxus</span> <span class='ocrx_word' id='word_1_394' title='bbox 2760 2808 2869 2864; x_wconf 89' lang='lat' dir='ltr'>fuit</span> <span class='ocrx_word' id='word_1_395' title='bbox 2898 2827 2908 2881; x_wconf 66' lang='grc' dir='ltr'><strong><em>ι</em></strong></span> <span class='ocrx_word' id='word_1_396' title='bbox 2940 2810 3228 2880; x_wconf 88' lang='lat' dir='ltr'>Deinceps</span> <span class='ocrx_word' id='word_1_397' title='bbox 3268 2807 3337 2863; x_wconf 90' lang='lat' dir='ltr'>ad</span> <span class='ocrx_word' id='word_1_398' title='bbox 3360 2807 3630 2862; x_wconf 90' lang='lat' dir='ltr'>divinum</span> 
     </span>
    </p>
   </div>
   <div class='ocr_carea' id='block_1_62' title="bbox 1981 2898 3632 2970">
    <p class='ocr_par' dir='ltr' id='par_1_62' title="bbox 1981 2898 3632 2970">
     <span class='ocr_line' id='line_1_62' title="bbox 1981 2898 3632 2970; baseline -0.002 -18"><span class='ocrx_word' id='word_1_399' title='bbox 1981 2898 2275 2953; x_wconf 87' lang='lat' dir='ltr'>Andream</span> <span class='ocrx_word' id='word_1_400' title='bbox 2294 2905 2579 2970; x_wconf 88' lang='lat' dir='ltr'>tyrannus</span> <span class='ocrx_word' id='word_1_401' title='bbox 2603 2898 3100 2969; x_wconf 87' lang='lat' dir='ltr'>interrogationes</span> <span class='ocrx_word' id='word_1_402' title='bbox 3121 2914 3263 2953; x_wconf 92' lang='lat' dir='ltr'>suas</span> <span class='ocrx_word' id='word_1_403' title='bbox 3280 2902 3632 2952; x_wconf 85' lang='lat' dir='ltr'>convertens</span> 
     </span>
    </p>
   </div>
   <div class='ocr_carea' id='block_1_63' title="bbox 254 2981 1871 3062">
    <p class='ocr_par' dir='ltr' id='par_1_63' title="bbox 254 2981 1865 3061">
     <span class='ocr_line' id='line_1_63' title="bbox 254 2981 1865 3061; baseline 0.002 -25"><span class='ocrx_word' id='word_1_404' title='bbox 254 3003 355 3036; x_wconf 81' lang='grc' dir='ltr'>ται</span> <span class='ocrx_word' id='word_1_405' title='bbox 406 2993 506 3036; x_wconf 87' lang='grc' dir='ltr'>τῶν</span> <span class='ocrx_word' id='word_1_406' title='bbox 561 2981 907 3057; x_wconf 79' lang='grc' dir='ltr'>δεδογμένων,</span> <span class='ocrx_word' id='word_1_407' title='bbox 953 2991 1043 3038; x_wconf 89' lang='grc' dir='ltr'>καὶ</span> <span class='ocrx_word' id='word_1_408' title='bbox 1094 2996 1187 3048; x_wconf 89' lang='grc' dir='ltr'>τῆς</span> <span class='ocrx_word' id='word_1_409' title='bbox 1240 2994 1568 3061; x_wconf 83' lang='grc' dir='ltr'>Χριστιανῶν</span> <span class='ocrx_word' id='word_1_410' title='bbox 1599 2989 1865 3059; x_wconf 84' lang='grc' dir='ltr'>μετατίθε-</span> 
     </span>
    </p>
   </div>
   <div class='ocr_carea' id='block_1_64' title="bbox 1985 2981 3633 3062">
    <p class='ocr_par' dir='ltr' id='par_1_64' title="bbox 1985 2986 3633 3058">
     <span class='ocr_line' id='line_1_64' title="bbox 1985 2986 3633 3058; baseline -0.002 -16"><span class='ocrx_word' id='word_1_411' title='bbox 1985 2986 2303 3058; x_wconf 87' lang='lat' dir='ltr'>periculum</span> <span class='ocrx_word' id='word_1_412' title='bbox 2335 2986 2604 3052; x_wconf 84' lang='lat' dir='ltr'>faciebat,</span> <span class='ocrx_word' id='word_1_413' title='bbox 2627 3003 2772 3043; x_wconf 89' lang='lat' dir='ltr'>num</span> <span class='ocrx_word' id='word_1_414' title='bbox 2832 2986 3007 3042; x_wconf 90' lang='lat' dir='ltr'>talem</span> <span class='ocrx_word' id='word_1_415' title='bbox 3061 2987 3391 3042; x_wconf 90' lang='lat' dir='ltr'>cruciatum</span> <span class='ocrx_word' id='word_1_416' title='bbox 3422 2999 3633 3056; x_wconf 87' lang='lat' dir='ltr'>exper-</span> 
     </span>
    </p>
   </div>
   <div class='ocr_carea' id='block_1_65' title="bbox 252 3071 1869 3149">
    <p class='ocr_par' dir='ltr' id='par_1_65' title="bbox 252 3071 1869 3149">
     <span class='ocr_line' id='line_1_65' title="bbox 252 3071 1869 3149; baseline 0.002 -24"><span class='ocrx_word' id='word_1_417' title='bbox 252 3092 355 3125; x_wconf 70' lang='grc' dir='ltr'>ται</span> <span class='ocrx_word' id='word_1_418' title='bbox 408 3079 647 3135; x_wconf 78' lang='grc' dir='ltr'>πίστεως.</span> <span class='ocrx_word' id='word_1_419' title='bbox 703 3081 806 3126; x_wconf 70' lang='lat' dir='ltr'>Teii</span> <span class='ocrx_word' id='word_1_420' title='bbox 864 3071 922 3126; x_wconf 75' lang='grc' dir='ltr'>δε</span> <span class='ocrx_word' id='word_1_421' title='bbox 977 3074 1246 3149; x_wconf 83' lang='grc' dir='ltr'>εἰρηκότος</span> <span class='ocrx_word' id='word_1_422' title='bbox 1307 3082 1392 3128; x_wconf 88' lang='grc' dir='ltr'>τὸν</span> <span class='ocrx_word' id='word_1_423' title='bbox 1446 3084 1544 3129; x_wconf 86' lang='grc' dir='ltr'>τῶν</span> <span class='ocrx_word' id='word_1_424' title='bbox 1603 3076 1675 3139; x_wconf 83' lang='grc' dir='ltr'>εἰς</span> <span class='ocrx_word' id='word_1_425' title='bbox 1731 3078 1869 3140; x_wconf 91' lang='grc' dir='ltr'>τέλος</span> 
     </span>
    </p>
   </div>
   <div class='ocr_carea' id='block_1_66' title="bbox 258 3161 1867 3238">
    <p class='ocr_par' dir='ltr' id='par_1_66' title="bbox 258 3161 1867 3238">
     <span class='ocr_line' id='line_1_66' title="bbox 258 3161 1867 3238; baseline 0.002 -24"><span class='ocrx_word' id='word_1_426' title='bbox 258 3164 623 3235; x_wconf 66' lang='grc' dir='ltr'>ὑπομενόντων</span> <span class='ocrx_word' id='word_1_427' title='bbox 674 3162 935 3235; x_wconf 84' lang='grc' dir='ltr'>ἀναμένειν</span> <span class='ocrx_word' id='word_1_428' title='bbox 990 3184 1043 3217; x_wconf 87' lang='grc' dir='ltr'>τε</span> <span class='ocrx_word' id='word_1_429' title='bbox 1091 3170 1181 3217; x_wconf 82' lang='grc' dir='ltr'>καὶ</span> <span class='ocrx_word' id='word_1_430' title='bbox 1239 3161 1634 3237; x_wconf 86' lang='grc' dir='ltr'>ἀπεκδέχεσθαι</span> <span class='ocrx_word' id='word_1_431' title='bbox 1687 3169 1867 3238; x_wconf 85' lang='grc' dir='ltr'>στέφα-</span> 
     </span>
    </p>
   </div>
   <div class='ocr_carea' id='block_1_67' title="bbox 255 3248 1868 3329">
    <p class='ocr_par' dir='ltr' id='par_1_67' title="bbox 255 3248 1868 3329">
     <span class='ocr_line' id='line_1_67' title="bbox 255 3248 1868 3329; baseline 0.002 -26"><span class='ocrx_word' id='word_1_432' title='bbox 255 3272 371 3319; x_wconf 88' lang='grc' dir='ltr'>νον,</span> <span class='ocrx_word' id='word_1_433' title='bbox 434 3258 524 3304; x_wconf 79' lang='grc' dir='ltr'>καὶ</span> <span class='ocrx_word' id='word_1_434' title='bbox 580 3248 843 3323; x_wconf 84' lang='grc' dir='ltr'>μηδέποτε</span> <span class='ocrx_word' id='word_1_435' title='bbox 919 3262 1016 3304; x_wconf 86' lang='grc' dir='ltr'>τῶν</span> <span class='ocrx_word' id='word_1_436' title='bbox 1100 3253 1270 3315; x_wconf 78' lang='grc' dir='ltr'>καλῶς</span> <span class='ocrx_word' id='word_1_437' title='bbox 1332 3254 1472 3325; x_wconf 83' lang='grc' dir='ltr'>αύτῲ</span> <span class='ocrx_word' id='word_1_438' title='bbox 1518 3260 1868 3329; x_wconf 88' lang='grc' dir='ltr'>κεκριμμένων</span> 
     </span>
    </p>
   </div>
   <div class='ocr_carea' id='block_1_68' title="bbox 256 3340 1865 3417">
    <p class='ocr_par' dir='ltr' id='par_1_68' title="bbox 256 3340 1865 3417">
     <span class='ocr_line' id='line_1_68' title="bbox 256 3340 1865 3417; baseline 0.002 -24"><span class='ocrx_word' id='word_1_439' title='bbox 256 3340 639 3406; x_wconf 76' lang='grc' dir='ltr'>ἕκστήσεσθαι,</span> <span class='ocrx_word' id='word_1_440' title='bbox 709 3342 1021 3414; x_wconf 79' lang='grc' dir='ltr'>προσέταξεν</span> <span class='ocrx_word' id='word_1_441' title='bbox 1086 3351 1267 3395; x_wconf 85' lang='grc' dir='ltr'>τοῦτον</span> <span class='ocrx_word' id='word_1_442' title='bbox 1348 3350 1547 3416; x_wconf 79' lang='grc' dir='ltr'>φρουρᾷ</span> <span class='ocrx_word' id='word_1_443' title='bbox 1600 3363 1865 3417; x_wconf 86' lang='grc' dir='ltr'>κατασφα-</span> 
     </span>
    </p>
   </div>
   <div class='ocr_carea' id='block_1_69' title="bbox 256 3428 1865 3507">
    <p class='ocr_par' dir='ltr' id='par_1_69' title="bbox 256 3428 1865 3507">
     <span class='ocr_line' id='line_1_69' title="bbox 256 3428 1865 3507; baseline 0.001 -24"><span class='ocrx_word' id='word_1_444' title='bbox 256 3430 529 3493; x_wconf 86' lang='grc' dir='ltr'>λισθῆναι,</span> <span class='ocrx_word' id='word_1_445' title='bbox 591 3435 649 3483; x_wconf 87' lang='grc' dir='ltr'>τό</span> <span class='ocrx_word' id='word_1_446' title='bbox 723 3434 813 3503; x_wconf 74' lang='grc' dir='ltr'>μὲν</span> <span class='ocrx_word' id='word_1_447' title='bbox 895 3428 1067 3484; x_wconf 86' lang='grc' dir='ltr'>δοκεῖν</span> <span class='ocrx_word' id='word_1_448' title='bbox 1143 3434 1275 3493; x_wconf 85' lang='grc' dir='ltr'>ὅπως</span> <span class='ocrx_word' id='word_1_449' title='bbox 1336 3436 1516 3507; x_wconf 87' lang='grc' dir='ltr'>καιρὸν</span> <span class='ocrx_word' id='word_1_450' title='bbox 1576 3435 1601 3485; x_wconf 97' lang='lat'>6</span> <span class='ocrx_word' id='word_1_451' title='bbox 1668 3436 1865 3505; x_wconf 79' lang='grc' dir='ltr'>μάρτυς</span> 
     </span>
    </p>
   </div>
   <div class='ocr_carea' id='block_1_70' title="bbox 260 3516 1862 3593">
    <p class='ocr_par' dir='ltr' id='par_1_70' title="bbox 260 3516 1862 3593">
     <span class='ocr_line' id='line_1_70' title="bbox 260 3516 1862 3593; baseline 0.002 -21"><span class='ocrx_word' id='word_1_452' title='bbox 260 3516 593 3590; x_wconf 69' lang='grc' dir='ltr'>διασκέψεως</span> <span class='ocrx_word' id='word_1_453' title='bbox 637 3524 767 3593; x_wconf 87' lang='grc' dir='ltr'>πρὸς</span> <span class='ocrx_word' id='word_1_454' title='bbox 817 3522 875 3572; x_wconf 88' lang='grc' dir='ltr'>τὸ</span> <span class='ocrx_word' id='word_1_455' title='bbox 930 3517 1087 3579; x_wconf 83' lang='grc' dir='ltr'>δῆθεν</span> <span class='ocrx_word' id='word_1_456' title='bbox 1135 3520 1656 3593; x_wconf 84' lang='grc' dir='ltr'>μεταϐουλεύσασθαι</span> <span class='ocrx_word' id='word_1_457' title='bbox 1693 3522 1862 3587; x_wconf 82' lang='grc' dir='ltr'>λάϐοι,</span> 
     </span>
    </p>
   </div>
   <div class='ocr_carea' id='block_1_71' title="bbox 259 3606 1864 3684">
    <p class='ocr_par' dir='ltr' id='par_1_71' title="bbox 259 3606 1864 3684">
     <span class='ocr_line' id='line_1_71' title="bbox 259 3606 1864 3684; baseline 0.002 -24"><span class='ocrx_word' id='word_1_458' title='bbox 259 3608 406 3679; x_wconf 81' lang='grc' dir='ltr'>αύτῷ</span> <span class='ocrx_word' id='word_1_459' title='bbox 461 3606 519 3661; x_wconf 69' lang='grc' dir='ltr'>δι</span> <span class='ocrx_word' id='word_1_460' title='bbox 566 3618 635 3680; x_wconf 82' lang='grc' dir='ltr'>τῷ</span> <span class='ocrx_word' id='word_1_461' title='bbox 685 3612 957 3683; x_wconf 80' lang='grc' dir='ltr'>πράγματι</span> <span class='ocrx_word' id='word_1_462' title='bbox 1000 3615 1089 3662; x_wconf 78' lang='grc' dir='ltr'>καὶ</span> <span class='ocrx_word' id='word_1_463' title='bbox 1144 3618 1203 3683; x_wconf 77' lang='grc' dir='ltr'>τῇ</span> <span class='ocrx_word' id='word_1_464' title='bbox 1262 3610 1477 3684; x_wconf 81' lang='grc' dir='ltr'>ἀληθείᾳ</span> <span class='ocrx_word' id='word_1_465' title='bbox 1521 3613 1603 3664; x_wconf 79' lang='grc' dir='ltr'>ἵνα</span> <span class='ocrx_word' id='word_1_466' title='bbox 1654 3620 1743 3673; x_wconf 89' lang='grc' dir='ltr'>τῆς</span> <span class='ocrx_word' id='word_1_467' title='bbox 1772 3619 1864 3665; x_wconf 81' lang='grc' dir='ltr'>τοῦ</span> 
     </span>
    </p>
   </div>
   <div class='ocr_carea' id='block_1_72' title="bbox 258 3699 1859 3774">
    <p class='ocr_par' dir='ltr' id='par_1_72' title="bbox 258 3699 1859 3774">
     <span class='ocr_line' id='line_1_72' title="bbox 258 3699 1859 3774; baseline 0.004 -25"><span class='ocrx_word' id='word_1_468' title='bbox 258 3705 578 3774; x_wconf 79' lang='grc' dir='ltr'>κρατοῦντος</span> <span class='ocrx_word' id='word_1_469' title='bbox 660 3704 825 3759; x_wconf 82' lang='grc' dir='ltr'>συνεὶς</span> <span class='ocrx_word' id='word_1_470' title='bbox 904 3700 929 3751; x_wconf 92' lang='lat'>6</span> <span class='ocrx_word' id='word_1_471' title='bbox 1014 3699 1282 3771; x_wconf 81' lang='grc' dir='ltr'>Ἀντίοχος</span> <span class='ocrx_word' id='word_1_472' title='bbox 1364 3705 1578 3771; x_wconf 85' lang='grc' dir='ltr'>γένηται</span> <span class='ocrx_word' id='word_1_473' title='bbox 1632 3708 1859 3773; x_wconf 82' lang='grc' dir='ltr'>γνώμης.</span> 
     </span>
    </p>
   </div>
   <div class='ocr_carea' id='block_1_73' title="bbox 1981 3072 3631 3140">
    <p class='ocr_par' dir='ltr' id='par_1_73' title="bbox 1981 3072 3631 3140">
     <span class='ocr_line' id='line_1_73' title="bbox 1981 3072 3631 3140; baseline -0.001 -10"><span class='ocrx_word' id='word_1_474' title='bbox 1981 3080 2098 3140; x_wconf 91' lang='lat' dir='ltr'>tus,</span> <span class='ocrx_word' id='word_1_475' title='bbox 2139 3078 2497 3130; x_wconf 90' lang='lat' dir='ltr'>sententiam</span> <span class='ocrx_word' id='word_1_476' title='bbox 2552 3078 2921 3140; x_wconf 89' lang='lat' dir='ltr'>mutasset,et</span> <span class='ocrx_word' id='word_1_477' title='bbox 2947 3074 3472 3132; x_wconf 87' lang='lat' dir='ltr'>aChristianorum</span> <span class='ocrx_word' id='word_1_478' title='bbox 3513 3072 3631 3129; x_wconf 91' lang='lat' dir='ltr'>ﬁde</span> 
     </span>
    </p>
   </div>
   <div class='ocr_carea' id='block_1_74' title="bbox 1979 3163 3629 3236">
    <p class='ocr_par' dir='ltr' id='par_1_74' title="bbox 1979 3163 3629 3236">
     <span class='ocr_line' id='line_1_74' title="bbox 1979 3163 3629 3236; baseline -0.002 -15"><span class='ocrx_word' id='word_1_479' title='bbox 1979 3166 2249 3221; x_wconf 90' lang='lat' dir='ltr'>animum</span> <span class='ocrx_word' id='word_1_480' title='bbox 2304 3165 2631 3220; x_wconf 90' lang='lat' dir='ltr'>avertisset.</span> <span class='ocrx_word' id='word_1_481' title='bbox 2674 3164 2786 3221; x_wconf 92' lang='lat' dir='ltr'>Sed</span> <span class='ocrx_word' id='word_1_482' title='bbox 2835 3181 2972 3221; x_wconf 92' lang='lat' dir='ltr'>cum</span> <span class='ocrx_word' id='word_1_483' title='bbox 3002 3164 3051 3220; x_wconf 88' lang='lat' dir='ltr'>is</span> <span class='ocrx_word' id='word_1_484' title='bbox 3104 3163 3535 3236; x_wconf 89' lang='lat' dir='ltr'>respondisset,</span> <span class='ocrx_word' id='word_1_485' title='bbox 3567 3177 3629 3218; x_wconf 89' lang='lat' dir='ltr'>se</span> 
     </span>
    </p>
   </div>
   <div class='ocr_carea' id='block_1_75' title="bbox 1978 3252 3631 3327">
    <p class='ocr_par' dir='ltr' id='par_1_75' title="bbox 1978 3252 3631 3327">
     <span class='ocr_line' id='line_1_75' title="bbox 1978 3252 3631 3327; baseline -0.002 -17"><span class='ocrx_word' id='word_1_486' title='bbox 1978 3270 2262 3310; x_wconf 88' lang='lat' dir='ltr'>coronam</span> <span class='ocrx_word' id='word_1_487' title='bbox 2302 3254 2468 3309; x_wconf 90' lang='lat' dir='ltr'>illam</span> <span class='ocrx_word' id='word_1_488' title='bbox 2493 3270 2699 3327; x_wconf 89' lang='lat' dir='ltr'>quam,</span> <span class='ocrx_word' id='word_1_489' title='bbox 2755 3254 2859 3326; x_wconf 90' lang='lat' dir='ltr'>qui</span> <span class='ocrx_word' id='word_1_490' title='bbox 2880 3253 2957 3309; x_wconf 90' lang='lat' dir='ltr'>ad</span> <span class='ocrx_word' id='word_1_491' title='bbox 2982 3253 3162 3308; x_wconf 87' lang='lat' dir='ltr'>ﬁnem</span> <span class='ocrx_word' id='word_1_492' title='bbox 3197 3268 3384 3325; x_wconf 91' lang='lat' dir='ltr'>usque</span> <span class='ocrx_word' id='word_1_493' title='bbox 3406 3252 3631 3324; x_wconf 87' lang='lat' dir='ltr'>patien-</span> 
     </span>
    </p>
   </div>
   <div class='ocr_carea' id='block_1_76' title="bbox 1976 3343 3628 3413">
    <p class='ocr_par' dir='ltr' id='par_1_76' title="bbox 1976 3343 3628 3413">
     <span class='ocr_line' id='line_1_76' title="bbox 1976 3343 3628 3413; baseline -0.002 -14"><span class='ocrx_word' id='word_1_494' title='bbox 1976 3345 2119 3400; x_wconf 89' lang='lat' dir='ltr'>tiam</span> <span class='ocrx_word' id='word_1_495' title='bbox 2167 3344 2439 3408; x_wconf 89' lang='lat' dir='ltr'>retinent,</span> <span class='ocrx_word' id='word_1_496' title='bbox 2503 3343 2936 3413; x_wconf 83' lang='lat' dir='ltr'>adipiscuntur,</span> <span class='ocrx_word' id='word_1_497' title='bbox 2998 3358 3033 3397; x_wconf 92' lang='lat' dir='ltr'>a</span> <span class='ocrx_word' id='word_1_498' title='bbox 3093 3345 3210 3397; x_wconf 90' lang='lat' dir='ltr'>Deo</span> <span class='ocrx_word' id='word_1_499' title='bbox 3266 3346 3628 3413; x_wconf 87' lang='lat' dir='ltr'>exspectare,</span> 
     </span>
    </p>
   </div>
   <div class='ocr_carea' id='block_1_77' title="bbox 1975 3430 3631 3506">
    <p class='ocr_par' dir='ltr' id='par_1_77' title="bbox 1975 3430 3631 3506">
     <span class='ocr_line' id='line_1_77' title="bbox 1975 3430 3631 3506; baseline -0.002 -18"><span class='ocrx_word' id='word_1_500' title='bbox 1975 3449 2169 3506; x_wconf 89' lang='lat' dir='ltr'>neque</span> <span class='ocrx_word' id='word_1_501' title='bbox 2199 3448 2467 3503; x_wconf 88' lang='lat' dir='ltr'>unquam</span> <span class='ocrx_word' id='word_1_502' title='bbox 2497 3432 2665 3486; x_wconf 88' lang='lat' dir='ltr'>abiis</span> <span class='ocrx_word' id='word_1_503' title='bbox 2708 3448 2845 3504; x_wconf 68' lang='lat' dir='ltr'>quae</span> <span class='ocrx_word' id='word_1_504' title='bbox 2871 3437 3021 3487; x_wconf 90' lang='lat' dir='ltr'>recte</span> <span class='ocrx_word' id='word_1_505' title='bbox 3052 3436 3110 3486; x_wconf 89' lang='lat' dir='ltr'>et</span> <span class='ocrx_word' id='word_1_506' title='bbox 3139 3430 3384 3486; x_wconf 83' lang='lat' dir='ltr'>ﬁrmiter</span> <span class='ocrx_word' id='word_1_507' title='bbox 3414 3434 3631 3485; x_wconf 90' lang='lat' dir='ltr'>statuta</span> 
     </span>
    </p>
   </div>
   <div class='ocr_carea' id='block_1_78' title="bbox 1976 3518 3629 3591">
    <p class='ocr_par' dir='ltr' id='par_1_78' title="bbox 1976 3518 3629 3591">
     <span class='ocr_line' id='line_1_78' title="bbox 1976 3518 3629 3591; baseline -0.001 -14"><span class='ocrx_word' id='word_1_508' title='bbox 1976 3528 2133 3591; x_wconf 88' lang='lat' dir='ltr'>sunt,</span> <span class='ocrx_word' id='word_1_509' title='bbox 2169 3537 2231 3576; x_wconf 93' lang='lat' dir='ltr'>se</span> <span class='ocrx_word' id='word_1_510' title='bbox 2287 3521 2690 3589; x_wconf 88' lang='lat' dir='ltr'>decessurum,</span> <span class='ocrx_word' id='word_1_511' title='bbox 2719 3520 2898 3590; x_wconf 91' lang='lat' dir='ltr'>jussit</span> <span class='ocrx_word' id='word_1_512' title='bbox 2940 3525 3227 3591; x_wconf 88' lang='lat' dir='ltr'>tyrannus</span> <span class='ocrx_word' id='word_1_513' title='bbox 3266 3518 3561 3574; x_wconf 82' lang='lat' dir='ltr'>Andream</span> <span class='ocrx_word' id='word_1_514' title='bbox 3598 3534 3629 3575; x_wconf 88' lang='lat' dir='ltr'>e</span> 
     </span>
    </p>
   </div>
   <div class='ocr_carea' id='block_1_79' title="bbox 1972 3607 3627 3679">
    <p class='ocr_par' dir='ltr' id='par_1_79' title="bbox 1972 3607 3627 3679">
     <span class='ocr_line' id='line_1_79' title="bbox 1972 3607 3627 3679; baseline -0.003 -13"><span class='ocrx_word' id='word_1_515' title='bbox 1972 3611 2124 3667; x_wconf 86' lang='lat' dir='ltr'>lecto</span> <span class='ocrx_word' id='word_1_516' title='bbox 2155 3610 2252 3666; x_wconf 91' lang='lat' dir='ltr'>illo</span> <span class='ocrx_word' id='word_1_517' title='bbox 2284 3610 2590 3674; x_wconf 90' lang='lat' dir='ltr'>eductum,</span> <span class='ocrx_word' id='word_1_518' title='bbox 2618 3610 2676 3664; x_wconf 93' lang='lat' dir='ltr'>in</span> <span class='ocrx_word' id='word_1_519' title='bbox 2716 3625 2947 3665; x_wconf 90' lang='lat' dir='ltr'>carcere</span> <span class='ocrx_word' id='word_1_520' title='bbox 2977 3609 3291 3679; x_wconf 89' lang='lat' dir='ltr'>diligenter</span> <span class='ocrx_word' id='word_1_521' title='bbox 3318 3607 3627 3671; x_wconf 87' lang='lat' dir='ltr'>custodiri,</span> 
     </span>
    </p>
   </div>
   <div class='ocr_carea' id='block_1_80' title="bbox 1972 3696 3631 3771">
    <p class='ocr_par' dir='ltr' id='par_1_80' title="bbox 1972 3696 3631 3771">
     <span class='ocr_line' id='line_1_80' title="bbox 1972 3696 3631 3771; baseline -0.003 -16"><span class='ocrx_word' id='word_1_522' title='bbox 1972 3699 2157 3755; x_wconf 90' lang='lat' dir='ltr'>verbo</span> <span class='ocrx_word' id='word_1_523' title='bbox 2188 3698 2452 3771; x_wconf 90' lang='lat' dir='ltr'>quidem,</span> <span class='ocrx_word' id='word_1_524' title='bbox 2474 3698 2638 3770; x_wconf 94' lang='lat' dir='ltr'>quod</span> <span class='ocrx_word' id='word_1_525' title='bbox 2662 3697 2905 3769; x_wconf 87' lang='lat' dir='ltr'>martyri</span> <span class='ocrx_word' id='word_1_526' title='bbox 2934 3704 3167 3769; x_wconf 89' lang='lat' dir='ltr'>tempus</span> <span class='ocrx_word' id='word_1_527' title='bbox 3188 3697 3332 3751; x_wconf 85' lang='lat' dir='ltr'>dare</span> <span class='ocrx_word' id='word_1_528' title='bbox 3354 3696 3543 3764; x_wconf 90' lang='lat' dir='ltr'>vellet,</span> <span class='ocrx_word' id='word_1_529' title='bbox 3568 3700 3631 3751; x_wconf 92' lang='lat' dir='ltr'>ut</span> 
     </span>
    </p>
   </div>
   <div class='ocr_carea' id='block_1_81' title="bbox 258 3785 3629 3859">
    <p class='ocr_par' dir='ltr' id='par_1_81' title="bbox 258 3785 3629 3859">
     <span class='ocr_line' id='line_1_81' title="bbox 258 3785 3629 3859; baseline -0.001 -17"><span class='ocrx_word' id='word_1_530' title='bbox 258 3803 389 3843; x_wconf 89' lang='lat' dir='ltr'>rem</span> <span class='ocrx_word' id='word_1_531' title='bbox 424 3802 596 3842; x_wconf 90' lang='lat' dir='ltr'>suam</span> <span class='ocrx_word' id='word_1_532' title='bbox 648 3788 859 3843; x_wconf 91' lang='lat' dir='ltr'>melius</span> <span class='ocrx_word' id='word_1_533' title='bbox 904 3789 1326 3855; x_wconf 90' lang='lat' dir='ltr'>consideraret,</span> <span class='ocrx_word' id='word_1_534' title='bbox 1379 3795 1438 3844; x_wconf 89' lang='lat' dir='ltr'>et</span> <span class='ocrx_word' id='word_1_535' title='bbox 1470 3792 1819 3845; x_wconf 90' lang='lat' dir='ltr'>sententiam</span> <span class='ocrx_word' id='word_1_536' title='bbox 1864 3794 2092 3845; x_wconf 91' lang='lat' dir='ltr'>mutare</span> <span class='ocrx_word' id='word_1_537' title='bbox 2126 3795 2327 3859; x_wconf 91' lang='lat' dir='ltr'>posset</span> <span class='ocrx_word' id='word_1_538' title='bbox 2371 3802 2483 3842; x_wconf 89' lang='lat' dir='ltr'>:re</span> <span class='ocrx_word' id='word_1_539' title='bbox 2509 3794 2706 3842; x_wconf 88' lang='lat' dir='ltr'>autem</span> <span class='ocrx_word' id='word_1_540' title='bbox 2741 3803 2879 3842; x_wconf 87' lang='lat' dir='ltr'>vera</span> <span class='ocrx_word' id='word_1_541' title='bbox 2924 3787 3038 3842; x_wconf 87' lang='lat' dir='ltr'>hoc</span> <span class='ocrx_word' id='word_1_542' title='bbox 3093 3785 3364 3849; x_wconf 88' lang='lat' dir='ltr'>faciebat,</span> <span class='ocrx_word' id='word_1_543' title='bbox 3410 3790 3472 3839; x_wconf 93' lang='lat' dir='ltr'>ut</span> <span class='ocrx_word' id='word_1_544' title='bbox 3500 3785 3629 3855; x_wconf 92' lang='lat' dir='ltr'>ipse</span> 
     </span>
    </p>
   </div>
   <div class='ocr_carea' id='block_1_82' title="bbox 262 3874 3631 3951">
    <p class='ocr_par' dir='ltr' id='par_1_82' title="bbox 262 3874 3631 3951">
     <span class='ocr_line' id='line_1_82' title="bbox 262 3874 3631 3951; baseline -0.001 -20"><span class='ocrx_word' id='word_1_545' title='bbox 262 3877 491 3931; x_wconf 88' lang='lat' dir='ltr'>interea</span> <span class='ocrx_word' id='word_1_546' title='bbox 518 3876 664 3931; x_wconf 88' lang='lat' dir='ltr'>scire</span> <span class='ocrx_word' id='word_1_547' title='bbox 695 3882 922 3948; x_wconf 91' lang='lat' dir='ltr'>posset,</span> <span class='ocrx_word' id='word_1_548' title='bbox 964 3892 1248 3949; x_wconf 64' lang='lat' dir='ltr'>quasnam</span> <span class='ocrx_word' id='word_1_549' title='bbox 1288 3884 1445 3934; x_wconf 90' lang='lat' dir='ltr'>esset</span> <span class='ocrx_word' id='word_1_550' title='bbox 1487 3894 1666 3951; x_wconf 88' lang='lat' dir='ltr'>super</span> <span class='ocrx_word' id='word_1_551' title='bbox 1690 3880 1944 3944; x_wconf 84' lang='lat' dir='ltr'>Andrea,</span> <span class='ocrx_word' id='word_1_552' title='bbox 1978 3877 2326 3950; x_wconf 62' lang='lat' dir='ltr'>caeterisque</span> <span class='ocrx_word' id='word_1_553' title='bbox 2372 3876 2662 3932; x_wconf 91' lang='lat' dir='ltr'>militibus</span> <span class='ocrx_word' id='word_1_554' title='bbox 2691 3875 3059 3944; x_wconf 89' lang='lat' dir='ltr'>Christianis,</span> <span class='ocrx_word' id='word_1_555' title='bbox 3088 3874 3464 3947; x_wconf 90' lang='lat' dir='ltr'>imperatoris</span> <span class='ocrx_word' id='word_1_556' title='bbox 3493 3889 3631 3929; x_wconf 90' lang='lat' dir='ltr'>sen-</span> 
     </span>
    </p>
   </div>
   <div class='ocr_carea' id='block_1_83' title="bbox 262 3964 469 4021">
    <p class='ocr_par' dir='ltr' id='par_1_83' title="bbox 262 3964 469 4021">
     <span class='ocr_line' id='line_1_83' title="bbox 262 3964 469 4021; baseline -0.01 0"><span class='ocrx_word' id='word_1_557' title='bbox 262 3964 469 4021; x_wconf 88' lang='lat' dir='ltr'>tentia.</span> 
     </span>
    </p>
   </div>
   <div class='ocr_carea' id='block_1_84' title="bbox 336 4054 1862 4132">
    <p class='ocr_par' dir='ltr' id='par_1_84' title="bbox 336 4054 1862 4132">
     <span class='ocr_line' id='line_1_84' title="bbox 336 4054 1862 4132; baseline 0.002 -25"><span class='ocrx_word' id='word_1_558' title='bbox 336 4054 411 4109; x_wconf 83' lang='lat' dir='ltr'>Z&#39;.</span> <span class='ocrx_word' id='word_1_559' title='bbox 456 4057 655 4107; x_wconf 80' lang='grc' dir='ltr'>Αύτίκα</span> <span class='ocrx_word' id='word_1_560' title='bbox 699 4062 825 4126; x_wconf 88' lang='grc' dir='ltr'>γοῦν</span> <span class='ocrx_word' id='word_1_561' title='bbox 872 4061 1097 4128; x_wconf 84' lang='grc' dir='ltr'>μήνυσις</span> <span class='ocrx_word' id='word_1_562' title='bbox 1153 4056 1275 4132; x_wconf 89' lang='grc' dir='ltr'>παρ’</span> <span class='ocrx_word' id='word_1_563' title='bbox 1328 4056 1487 4109; x_wconf 75' lang='grc' dir='ltr'>αὐτοῦ</span> <span class='ocrx_word' id='word_1_564' title='bbox 1531 4060 1663 4131; x_wconf 88' lang='grc' dir='ltr'>πρὸς</span> <span class='ocrx_word' id='word_1_565' title='bbox 1699 4058 1862 4121; x_wconf 82' lang='grc' dir='ltr'>Μαξι·</span> 
     </span>
    </p>
   </div>
   <div class='ocr_carea' id='block_1_85' title="bbox 263 4142 1864 4221">
    <p class='ocr_par' dir='ltr' id='par_1_85' title="bbox 263 4142 1864 4221">
     <span class='ocr_line' id='line_1_85' title="bbox 263 4142 1864 4221; baseline 0.002 -25"><span class='ocrx_word' id='word_1_566' title='bbox 263 4148 449 4217; x_wconf 86' lang='grc' dir='ltr'>μιανόν</span> <span class='ocrx_word' id='word_1_567' title='bbox 500 4142 871 4198; x_wconf 83' lang='grc' dir='ltr'>ἀποστέλλεται</span> <span class='ocrx_word' id='word_1_568' title='bbox 911 4144 967 4207; x_wconf 89' lang='grc' dir='ltr'>ὃς</span> <span class='ocrx_word' id='word_1_569' title='bbox 1006 4142 1185 4205; x_wconf 75' lang='grc' dir='ltr'>ἐπειδὴ</span> <span class='ocrx_word' id='word_1_570' title='bbox 1228 4149 1294 4198; x_wconf 87' lang='grc' dir='ltr'>τά</span> <span class='ocrx_word' id='word_1_571' title='bbox 1339 4149 1472 4199; x_wconf 87' lang='grc' dir='ltr'>κατά</span> <span class='ocrx_word' id='word_1_572' title='bbox 1507 4150 1594 4199; x_wconf 86' lang='grc' dir='ltr'>τόν</span> <span class='ocrx_word' id='word_1_573' title='bbox 1627 4150 1864 4221; x_wconf 89' lang='grc' dir='ltr'>θεοφόρον</span> 
     </span>
    </p>
   </div>
   <div class='ocr_carea' id='block_1_86' title="bbox 265 4230 1866 4308">
    <p class='ocr_par' dir='ltr' id='par_1_86' title="bbox 265 4230 1866 4308">
     <span class='ocr_line' id='line_1_86' title="bbox 265 4230 1866 4308; baseline 0 -21"><span class='ocrx_word' id='word_1_574' title='bbox 265 4230 518 4304; x_wconf 78' lang='grc' dir='ltr'>’Δνδρέαν</span> <span class='ocrx_word' id='word_1_575' title='bbox 573 4238 663 4285; x_wconf 77' lang='grc' dir='ltr'>καὶ</span> <span class='ocrx_word' id='word_1_576' title='bbox 719 4237 834 4295; x_wconf 86' lang='grc' dir='ltr'>τοὺς</span> <span class='ocrx_word' id='word_1_577' title='bbox 881 4232 1013 4307; x_wconf 87' lang='grc' dir='ltr'>ἀμφὶ</span> <span class='ocrx_word' id='word_1_578' title='bbox 1069 4234 1223 4288; x_wconf 74' lang='grc' dir='ltr'>αὐτόν</span> <span class='ocrx_word' id='word_1_579' title='bbox 1285 4232 1379 4287; x_wconf 88' lang='grc' dir='ltr'>διά</span> <span class='ocrx_word' id='word_1_580' title='bbox 1435 4244 1534 4287; x_wconf 87' lang='grc' dir='ltr'>τῶν</span> <span class='ocrx_word' id='word_1_581' title='bbox 1592 4235 1866 4308; x_wconf 80' lang='grc' dir='ltr'>εἰρημένων</span> 
     </span>
    </p>
   </div>
   <div class='ocr_carea' id='block_1_87' title="bbox 260 4324 1867 4399">
    <p class='ocr_par' dir='ltr' id='par_1_87' title="bbox 260 4324 1867 4399">
     <span class='ocr_line' id='line_1_87' title="bbox 260 4324 1867 4399; baseline 0.001 -24"><span class='ocrx_word' id='word_1_582' title='bbox 260 4325 397 4393; x_wconf 75' lang='grc' dir='ltr'>ἔγνω</span> <span class='ocrx_word' id='word_1_583' title='bbox 449 4324 789 4397; x_wconf 86' lang='grc' dir='ltr'>γραμμάτων,</span> <span class='ocrx_word' id='word_1_584' title='bbox 876 4328 1037 4395; x_wconf 82' lang='grc' dir='ltr'>κρίνει</span> <span class='ocrx_word' id='word_1_585' title='bbox 1114 4324 1172 4376; x_wconf 80' lang='grc' dir='ltr'>ού</span> <span class='ocrx_word' id='word_1_586' title='bbox 1249 4327 1434 4399; x_wconf 87' lang='grc' dir='ltr'>μικρὸν</span> <span class='ocrx_word' id='word_1_587' title='bbox 1509 4327 1668 4377; x_wconf 81' lang='grc' dir='ltr'>οἴσειν</span> <span class='ocrx_word' id='word_1_588' title='bbox 1727 4325 1867 4395; x_wconf 83' lang='grc' dir='ltr'>αύτῷ</span> 
     </span>
    </p>
   </div>
   <div class='ocr_carea' id='block_1_88' title="bbox 262 4412 1864 4487">
    <p class='ocr_par' dir='ltr' id='par_1_88' title="bbox 262 4412 1864 4487">
     <span class='ocr_line' id='line_1_88' title="bbox 262 4412 1864 4487; baseline 0.002 -26"><span class='ocrx_word' id='word_1_589' title='bbox 262 4416 568 4482; x_wconf 75' lang='grc' dir='ltr'>γογγυσμόν</span> <span class='ocrx_word' id='word_1_590' title='bbox 641 4429 695 4463; x_wconf 90' lang='grc' dir='ltr'>τε</span> <span class='ocrx_word' id='word_1_591' title='bbox 768 4416 856 4463; x_wconf 82' lang='grc' dir='ltr'>καὶ</span> <span class='ocrx_word' id='word_1_592' title='bbox 926 4414 1180 4485; x_wconf 86' lang='grc' dir='ltr'>τάραχον,</span> <span class='ocrx_word' id='word_1_593' title='bbox 1239 4412 1283 4465; x_wconf 84' lang='grc' dir='ltr'>εἰ</span> <span class='ocrx_word' id='word_1_594' title='bbox 1333 4420 1564 4465; x_wconf 89' lang='grc' dir='ltr'>τοιοῦτον</span> <span class='ocrx_word' id='word_1_595' title='bbox 1613 4421 1864 4487; x_wconf 77' lang='grc' dir='ltr'>περιφανῆ</span> 
     </span>
    </p>
   </div>
   <div class='ocr_carea' id='block_1_89' title="bbox 2044 4052 3628 4127">
    <p class='ocr_par' dir='ltr' id='par_1_89' title="bbox 2044 4052 3628 4127">
     <span class='ocr_line' id='line_1_89' title="bbox 2044 4052 3628 4127; baseline -0.003 -15"><span class='ocrx_word' id='word_1_596' title='bbox 2044 4058 2159 4112; x_wconf 83' lang='lat' dir='ltr'>VII.</span> <span class='ocrx_word' id='word_1_597' title='bbox 2201 4056 2409 4113; x_wconf 85' lang='lat' dir='ltr'>Statim</span> <span class='ocrx_word' id='word_1_598' title='bbox 2430 4055 2606 4127; x_wconf 91' lang='lat' dir='ltr'>igitur</span> <span class='ocrx_word' id='word_1_599' title='bbox 2635 4055 2712 4110; x_wconf 91' lang='lat' dir='ltr'>ad</span> <span class='ocrx_word' id='word_1_600' title='bbox 2750 4054 3170 4112; x_wconf 81' lang='lat' dir='ltr'>Maximianum</span> <span class='ocrx_word' id='word_1_601' title='bbox 3196 4053 3417 4109; x_wconf 90' lang='lat' dir='ltr'>litieras</span> <span class='ocrx_word' id='word_1_602' title='bbox 3445 4052 3628 4116; x_wconf 89' lang='lat' dir='ltr'>misit,</span> 
     </span>
    </p>
   </div>
   <div class='ocr_carea' id='block_1_90' title="bbox 1975 4142 3632 4214">
    <p class='ocr_par' dir='ltr' id='par_1_90' title="bbox 1975 4142 3632 4214">
     <span class='ocr_line' id='line_1_90' title="bbox 1975 4142 3632 4214; baseline -0.002 -12"><span class='ocrx_word' id='word_1_603' title='bbox 1975 4152 2032 4202; x_wconf 92' lang='lat' dir='ltr'>et</span> <span class='ocrx_word' id='word_1_604' title='bbox 2052 4162 2176 4201; x_wconf 91' lang='lat' dir='ltr'>rem</span> <span class='ocrx_word' id='word_1_605' title='bbox 2205 4144 2368 4200; x_wconf 87' lang='lat' dir='ltr'>illam</span> <span class='ocrx_word' id='word_1_606' title='bbox 2420 4143 2790 4214; x_wconf 87' lang='lat' dir='ltr'>signiﬁcavit.</span> <span class='ocrx_word' id='word_1_607' title='bbox 2839 4144 3229 4200; x_wconf 83' lang='lat' dir='ltr'>Maximianus</span> <span class='ocrx_word' id='word_1_608' title='bbox 3250 4159 3387 4198; x_wconf 91' lang='lat' dir='ltr'>cum</span> <span class='ocrx_word' id='word_1_609' title='bbox 3414 4142 3488 4198; x_wconf 88' lang='lat' dir='ltr'>de</span> <span class='ocrx_word' id='word_1_610' title='bbox 3518 4148 3632 4198; x_wconf 79' lang='lat' dir='ltr'>An-</span> 
     </span>
    </p>
   </div>
   <div class='ocr_carea' id='block_1_91' title="bbox 1976 4231 3632 4306">
    <p class='ocr_par' dir='ltr' id='par_1_91' title="bbox 1976 4231 3632 4306">
     <span class='ocr_line' id='line_1_91' title="bbox 1976 4231 3632 4306; baseline -0.003 -14"><span class='ocrx_word' id='word_1_611' title='bbox 1976 4235 2121 4291; x_wconf 91' lang='lat' dir='ltr'>drea</span> <span class='ocrx_word' id='word_1_612' title='bbox 2168 4239 2222 4291; x_wconf 92' lang='lat' dir='ltr'>et</span> <span class='ocrx_word' id='word_1_613' title='bbox 2274 4235 2345 4290; x_wconf 89' lang='lat' dir='ltr'>iis</span> <span class='ocrx_word' id='word_1_614' title='bbox 2375 4234 2470 4306; x_wconf 87' lang='lat' dir='ltr'>qui</span> <span class='ocrx_word' id='word_1_615' title='bbox 2520 4249 2658 4289; x_wconf 89' lang='lat' dir='ltr'>cum</span> <span class='ocrx_word' id='word_1_616' title='bbox 2710 4233 2811 4289; x_wconf 91' lang='lat' dir='ltr'>illo</span> <span class='ocrx_word' id='word_1_617' title='bbox 2838 4240 3024 4298; x_wconf 88' lang='lat' dir='ltr'>erant,</span> <span class='ocrx_word' id='word_1_618' title='bbox 3080 4234 3291 4288; x_wconf 90' lang='lat' dir='ltr'>certior</span> <span class='ocrx_word' id='word_1_619' title='bbox 3330 4231 3519 4288; x_wconf 87' lang='lat' dir='ltr'>factus</span> <span class='ocrx_word' id='word_1_620' title='bbox 3545 4236 3632 4287; x_wconf 92' lang='lat' dir='ltr'>est</span> 
     </span>
    </p>
   </div>
   <div class='ocr_carea' id='block_1_92' title="bbox 1977 4320 3629 4397">
    <p class='ocr_par' dir='ltr' id='par_1_92' title="bbox 1977 4320 3629 4397">
     <span class='ocr_line' id='line_1_92' title="bbox 1977 4320 3629 4397; baseline -0.003 -17"><span class='ocrx_word' id='word_1_621' title='bbox 1977 4340 2082 4397; x_wconf 91' lang='lat' dir='ltr'>per</span> <span class='ocrx_word' id='word_1_622' title='bbox 2107 4339 2211 4379; x_wconf 90' lang='lat' dir='ltr'>eas</span> <span class='ocrx_word' id='word_1_623' title='bbox 2238 4324 2478 4386; x_wconf 85' lang='lat' dir='ltr'>litteras,</span> <span class='ocrx_word' id='word_1_624' title='bbox 2502 4338 2655 4395; x_wconf 90' lang='lat' dir='ltr'>quas</span> <span class='ocrx_word' id='word_1_625' title='bbox 2706 4338 2889 4394; x_wconf 87' lang='lat' dir='ltr'>supra</span> <span class='ocrx_word' id='word_1_626' title='bbox 2952 4320 3236 4390; x_wconf 86' lang='lat' dir='ltr'>diximus,</span> <span class='ocrx_word' id='word_1_627' title='bbox 3287 4322 3629 4378; x_wconf 89' lang='lat' dir='ltr'>existimans</span> 
     </span>
    </p>
   </div>
   <div class='ocr_carea' id='block_1_93' title="bbox 1980 4410 3632 4484">
    <p class='ocr_par' dir='ltr' id='par_1_93' title="bbox 1980 4410 3632 4484">
     <span class='ocr_line' id='line_1_93' title="bbox 1980 4410 3632 4484; baseline -0.001 -17"><span class='ocrx_word' id='word_1_628' title='bbox 1980 4428 2102 4468; x_wconf 93' lang='lat' dir='ltr'>non</span> <span class='ocrx_word' id='word_1_629' title='bbox 2134 4428 2349 4484; x_wconf 92' lang='lat' dir='ltr'>parum</span> <span class='ocrx_word' id='word_1_630' title='bbox 2370 4410 2833 4483; x_wconf 84' lang='lat' dir='ltr'>perturbationis</span> <span class='ocrx_word' id='word_1_631' title='bbox 2859 4415 2917 4466; x_wconf 94' lang='lat' dir='ltr'>et</span> <span class='ocrx_word' id='word_1_632' title='bbox 2942 4412 3232 4466; x_wconf 91' lang='lat' dir='ltr'>tumultus</span> <span class='ocrx_word' id='word_1_633' title='bbox 3250 4410 3326 4467; x_wconf 85' lang='lat' dir='ltr'>ad</span> <span class='ocrx_word' id='word_1_634' title='bbox 3341 4427 3479 4466; x_wconf 92' lang='lat' dir='ltr'>eum</span> <span class='ocrx_word' id='word_1_635' title='bbox 3499 4426 3632 4482; x_wconf 88' lang='lat' dir='ltr'>per-</span> 
     </span>
    </p>
   </div>
   <div class='ocr_carea' id='block_1_94' title="bbox 268 4484 1871 4573">
    <p class='ocr_par' dir='ltr' id='par_1_94' title="bbox 268 4500 1869 4573">
     <span class='ocr_line' id='line_1_94' title="bbox 268 4500 1869 4573; baseline 0.001 -21"><span class='ocrx_word' id='word_1_636' title='bbox 268 4503 567 4573; x_wconf 82' lang='grc' dir='ltr'>στρατηγόν</span> <span class='ocrx_word' id='word_1_637' title='bbox 632 4504 723 4552; x_wconf 83' lang='grc' dir='ltr'>καὶ</span> <span class='ocrx_word' id='word_1_638' title='bbox 796 4504 1077 4562; x_wconf 88' lang='grc' dir='ltr'>τοσούτους</span> <span class='ocrx_word' id='word_1_639' title='bbox 1152 4500 1262 4572; x_wconf 86' lang='grc' dir='ltr'>μετ’</span> <span class='ocrx_word' id='word_1_640' title='bbox 1337 4502 1497 4554; x_wconf 77' lang='grc' dir='ltr'>αὑτοῦ</span> <span class='ocrx_word' id='word_1_641' title='bbox 1550 4508 1639 4554; x_wconf 78' lang='grc' dir='ltr'>καὶ</span> <span class='ocrx_word' id='word_1_642' title='bbox 1701 4503 1869 4563; x_wconf 80' lang='grc' dir='ltr'>οὔπως</span> 
     </span>
    </p>
   </div>
   <div class='ocr_carea' id='block_1_95' title="bbox 1985 4484 3634 4573">
    <p class='ocr_par' dir='ltr' id='par_1_95' title="bbox 1985 4500 3634 4571">
     <span class='ocr_line' id='line_1_95' title="bbox 1985 4500 3634 4571; baseline -0.001 -16"><span class='ocrx_word' id='word_1_643' title='bbox 1985 4508 2313 4566; x_wconf 87' lang='lat' dir='ltr'>venturum,</span> <span class='ocrx_word' id='word_1_644' title='bbox 2339 4502 2386 4556; x_wconf 88' lang='lat' dir='ltr'>si</span> <span class='ocrx_word' id='word_1_645' title='bbox 2426 4507 2545 4556; x_wconf 83' lang='lat' dir='ltr'>tam</span> <span class='ocrx_word' id='word_1_646' title='bbox 2574 4500 2873 4571; x_wconf 91' lang='lat' dir='ltr'>insignem</span> <span class='ocrx_word' id='word_1_647' title='bbox 2895 4500 3184 4555; x_wconf 88' lang='lat' dir='ltr'>etclarum</span> <span class='ocrx_word' id='word_1_648' title='bbox 3224 4500 3438 4555; x_wconf 89' lang='lat' dir='ltr'>ducem</span> <span class='ocrx_word' id='word_1_649' title='bbox 3470 4515 3634 4555; x_wconf 89' lang='lat' dir='ltr'>exer-</span> 
     </span>
    </p>
   </div>
   <div class='ocr_carea' id='block_1_96' title="bbox 270 4585 1867 4666">
    <p class='ocr_par' dir='ltr' id='par_1_96' title="bbox 270 4585 1867 4666">
     <span class='ocr_line' id='line_1_96' title="bbox 270 4585 1867 4666; baseline 0.003 -27"><span class='ocrx_word' id='word_1_650' title='bbox 270 4586 519 4662; x_wconf 83' lang='grc' dir='ltr'>ἀρίστους</span> <span class='ocrx_word' id='word_1_651' title='bbox 548 4588 759 4650; x_wconf 90' lang='grc' dir='ltr'>όπλίτας</span> <span class='ocrx_word' id='word_1_652' title='bbox 805 4597 867 4661; x_wconf 75' lang='grc' dir='ltr'>τῇ</span> <span class='ocrx_word' id='word_1_653' title='bbox 903 4585 997 4641; x_wconf 84' lang='grc' dir='ltr'>διὰ</span> <span class='ocrx_word' id='word_1_654' title='bbox 1044 4590 1222 4663; x_wconf 82' lang='grc' dir='ltr'>ξίφους</span> <span class='ocrx_word' id='word_1_655' title='bbox 1261 4586 1397 4662; x_wconf 76' lang='grc' dir='ltr'>έκδῷ</span> <span class='ocrx_word' id='word_1_656' title='bbox 1440 4595 1685 4666; x_wconf 83' lang='grc' dir='ltr'>τιμωρίᾳ,</span> <span class='ocrx_word' id='word_1_657' title='bbox 1731 4590 1867 4643; x_wconf 87' lang='grc' dir='ltr'>ἀντι-</span> 
     </span>
    </p>
   </div>
   <div class='ocr_carea' id='block_1_97' title="bbox 265 4679 1869 4753">
    <p class='ocr_par' dir='ltr' id='par_1_97' title="bbox 265 4679 1869 4753">
     <span class='ocr_line' id='line_1_97' title="bbox 265 4679 1869 4753; baseline 0.003 -25"><span class='ocrx_word' id='word_1_658' title='bbox 265 4679 452 4750; x_wconf 85' lang='grc' dir='ltr'>γράφει</span> <span class='ocrx_word' id='word_1_659' title='bbox 481 4681 607 4751; x_wconf 89' lang='grc' dir='ltr'>πρός</span> <span class='ocrx_word' id='word_1_660' title='bbox 647 4679 927 4750; x_wconf 79' lang='grc' dir='ltr'>Ἀντίοχον</span> <span class='ocrx_word' id='word_1_661' title='bbox 979 4680 1114 4732; x_wconf 82' lang='grc' dir='ltr'>ὥστε</span> <span class='ocrx_word' id='word_1_662' title='bbox 1160 4679 1315 4732; x_wconf 87' lang='grc' dir='ltr'>αύτόν</span> <span class='ocrx_word' id='word_1_663' title='bbox 1354 4688 1485 4753; x_wconf 82' lang='grc' dir='ltr'>μετά</span> <span class='ocrx_word' id='word_1_664' title='bbox 1527 4700 1660 4741; x_wconf 87' lang='grc' dir='ltr'>τινος</span> <span class='ocrx_word' id='word_1_665' title='bbox 1708 4679 1869 4733; x_wconf 80' lang='grc' dir='ltr'>έπιτε-</span> 
     </span>
    </p>
   </div>
   <div class='ocr_carea' id='block_1_98' title="bbox 268 4771 1867 4842">
    <p class='ocr_par' dir='ltr' id='par_1_98' title="bbox 268 4771 1867 4842">
     <span class='ocr_line' id='line_1_98' title="bbox 268 4771 1867 4842; baseline 0.002 -23"><span class='ocrx_word' id='word_1_666' title='bbox 268 4771 509 4838; x_wconf 83' lang='grc' dir='ltr'>χνήσεῶς</span> <span class='ocrx_word' id='word_1_667' title='bbox 556 4784 608 4819; x_wconf 88' lang='grc' dir='ltr'>τε</span> <span class='ocrx_word' id='word_1_668' title='bbox 659 4771 749 4819; x_wconf 84' lang='grc' dir='ltr'>καὶ</span> <span class='ocrx_word' id='word_1_669' title='bbox 800 4772 1124 4842; x_wconf 89' lang='grc' dir='ltr'>πανουργίας</span> <span class='ocrx_word' id='word_1_670' title='bbox 1199 4772 1257 4821; x_wconf 88' lang='grc' dir='ltr'>τό</span> <span class='ocrx_word' id='word_1_671' title='bbox 1312 4773 1563 4841; x_wconf 82' lang='grc' dir='ltr'>πρακτέον</span> <span class='ocrx_word' id='word_1_672' title='bbox 1620 4771 1756 4822; x_wconf 87' lang='grc' dir='ltr'>κατά</span> <span class='ocrx_word' id='word_1_673' title='bbox 1816 4773 1867 4822; x_wconf 86' lang='grc' dir='ltr'>τό</span> 
     </span>
    </p>
   </div>
   <div class='ocr_carea' id='block_1_99' title="bbox 266 4852 1865 4930">
    <p class='ocr_par' dir='ltr' id='par_1_99' title="bbox 266 4852 1865 4930">
     <span class='ocr_line' id='line_1_99' title="bbox 266 4852 1865 4930; baseline 0.003 -25"><span class='ocrx_word' id='word_1_674' title='bbox 266 4852 477 4917; x_wconf 87' lang='grc' dir='ltr'>λεληθὸς</span> <span class='ocrx_word' id='word_1_675' title='bbox 526 4854 794 4921; x_wconf 77' lang='grc' dir='ltr'>έξανῦσαι,</span> <span class='ocrx_word' id='word_1_676' title='bbox 829 4860 1018 4927; x_wconf 75' lang='grc' dir='ltr'>καὶμὴ</span> <span class='ocrx_word' id='word_1_677' title='bbox 1078 4853 1261 4909; x_wconf 87' lang='grc' dir='ltr'>δοῦναι</span> <span class='ocrx_word' id='word_1_678' title='bbox 1312 4853 1405 4909; x_wconf 83' lang='grc' dir='ltr'>διὰ</span> <span class='ocrx_word' id='word_1_679' title='bbox 1457 4860 1645 4910; x_wconf 88' lang='grc' dir='ltr'>τούτου</span> <span class='ocrx_word' id='word_1_680' title='bbox 1686 4862 1865 4930; x_wconf 88' lang='grc' dir='ltr'>καιρὸν</span> 
     </span>
    </p>
   </div>
   <div class='ocr_carea' id='block_1_100' title="bbox 268 4943 1861 5021">
    <p class='ocr_par' dir='ltr' id='par_1_100' title="bbox 268 4943 1861 5021">
     <span class='ocr_line' id='line_1_100' title="bbox 268 4943 1861 5021; baseline 0.003 -26"><span class='ocrx_word' id='word_1_681' title='bbox 268 4952 611 5018; x_wconf 79' lang='grc' dir='ltr'>νεωτερισμοῦ</span> <span class='ocrx_word' id='word_1_682' title='bbox 668 4963 722 4996; x_wconf 86' lang='grc' dir='ltr'>τε</span> <span class='ocrx_word' id='word_1_683' title='bbox 778 4950 868 4997; x_wconf 85' lang='grc' dir='ltr'>καὶ</span> <span class='ocrx_word' id='word_1_684' title='bbox 926 4943 1135 5009; x_wconf 77' lang='grc' dir='ltr'>ἀταξίας</span> <span class='ocrx_word' id='word_1_685' title='bbox 1206 4955 1276 5017; x_wconf 83' lang='grc' dir='ltr'>τῷ</span> <span class='ocrx_word' id='word_1_686' title='bbox 1332 4946 1431 5017; x_wconf 84' lang='grc' dir='ltr'>ὅλῳ</span> <span class='ocrx_word' id='word_1_687' title='bbox 1491 4949 1861 5021; x_wconf 87' lang='grc' dir='ltr'>στρατεύματι.</span> 
     </span>
    </p>
   </div>
   <div class='ocr_carea' id='block_1_101' title="bbox 268 5029 1864 5098">
    <p class='ocr_par' dir='ltr' id='par_1_101' title="bbox 268 5029 1864 5098">
     <span class='ocr_line' id='line_1_101' title="bbox 268 5029 1864 5098; baseline 0.003 -15"><span class='ocrx_word' id='word_1_688' title='bbox 268 5037 445 5084; x_wconf 86' lang='grc' dir='ltr'>Ταῦτα</span> <span class='ocrx_word' id='word_1_689' title='bbox 501 5029 562 5085; x_wconf 71' lang='grc' dir='ltr'>δε</span> <span class='ocrx_word' id='word_1_690' title='bbox 606 5029 872 5096; x_wconf 80' lang='grc' dir='ltr'>διεξῆλθεν</span> <span class='ocrx_word' id='word_1_691' title='bbox 926 5031 1078 5095; x_wconf 83' lang='grc' dir='ltr'>εἰδὼς</span> <span class='ocrx_word' id='word_1_692' title='bbox 1134 5038 1203 5096; x_wconf 85' lang='grc' dir='ltr'>ὡς</span> <span class='ocrx_word' id='word_1_693' title='bbox 1257 5038 1300 5087; x_wconf 86' lang='grc' dir='ltr'>εἶ</span> <span class='ocrx_word' id='word_1_694' title='bbox 1342 5055 1422 5098; x_wconf 91' lang='grc' dir='ltr'>τις</span> <span class='ocrx_word' id='word_1_695' title='bbox 1465 5036 1626 5096; x_wconf 83' lang='grc' dir='ltr'>ἐνίους</span> <span class='ocrx_word' id='word_1_696' title='bbox 1671 5034 1725 5087; x_wconf 80' lang='grc' dir='ltr'>έκ</span> <span class='ocrx_word' id='word_1_697' title='bbox 1774 5044 1864 5089; x_wconf 88' lang='grc' dir='ltr'>τοῦ</span> 
     </span>
    </p>
   </div>
   <div class='ocr_carea' id='block_1_102' title="bbox 270 5120 1866 5199">
    <p class='ocr_par' dir='ltr' id='par_1_102' title="bbox 270 5120 1866 5199">
     <span class='ocr_line' id='line_1_102' title="bbox 270 5120 1866 5199; baseline 0.004 -27"><span class='ocrx_word' id='word_1_698' title='bbox 270 5120 500 5183; x_wconf 77' lang='grc' dir='ltr'>πλήθους</span> <span class='ocrx_word' id='word_1_699' title='bbox 584 5121 1002 5197; x_wconf 88' lang='grc' dir='ltr'>παραλυπήσειεν</span> <span class='ocrx_word' id='word_1_700' title='bbox 1068 5128 1138 5194; x_wconf 73' lang='grc' dir='ltr'>μή</span> <span class='ocrx_word' id='word_1_701' title='bbox 1212 5128 1468 5198; x_wconf 66' lang='grc' dir='ltr'>προφανὲς</span> <span class='ocrx_word' id='word_1_702' title='bbox 1526 5122 1709 5177; x_wconf 66' lang='grc' dir='ltr'>εἰδικόν</span> <span class='ocrx_word' id='word_1_703' title='bbox 1766 5126 1866 5199; x_wconf 84' lang='grc' dir='ltr'>εἰρ-</span> 
     </span>
    </p>
   </div>
   <div class='ocr_carea' id='block_1_103' title="bbox 269 5208 1862 5287">
    <p class='ocr_par' dir='ltr' id='par_1_103' title="bbox 269 5208 1862 5287">
     <span class='ocr_line' id='line_1_103' title="bbox 269 5208 1862 5287; baseline 0.004 -26"><span class='ocrx_word' id='word_1_704' title='bbox 269 5214 575 5281; x_wconf 86' lang='grc' dir='ltr'>γασμένους,</span> <span class='ocrx_word' id='word_1_705' title='bbox 630 5210 725 5263; x_wconf 84' lang='grc' dir='ltr'>κάν</span> <span class='ocrx_word' id='word_1_706' title='bbox 768 5208 955 5274; x_wconf 78' lang='grc' dir='ltr'>ἄδοξοί</span> <span class='ocrx_word' id='word_1_707' title='bbox 1005 5230 1139 5274; x_wconf 90' lang='grc' dir='ltr'>τινες</span> <span class='ocrx_word' id='word_1_708' title='bbox 1196 5209 1311 5278; x_wconf 84' lang='grc' dir='ltr'>εἶεν,</span> <span class='ocrx_word' id='word_1_709' title='bbox 1351 5212 1446 5264; x_wconf 82' lang='grc' dir='ltr'>κᾶν</span> <span class='ocrx_word' id='word_1_710' title='bbox 1495 5212 1862 5287; x_wconf 86' lang='grc' dir='ltr'>ἀναρίθμητοι,</span> 
     </span>
    </p>
   </div>
   <div class='ocr_carea' id='block_1_104' title="bbox 272 5294 1868 5374">
    <p class='ocr_par' dir='ltr' id='par_1_104' title="bbox 272 5294 1868 5374">
     <span class='ocr_line' id='line_1_104' title="bbox 272 5294 1868 5374; baseline 0.004 -25"><span class='ocrx_word' id='word_1_711' title='bbox 272 5294 348 5348; x_wconf 73' lang='grc' dir='ltr'>ἔπ’</span> <span class='ocrx_word' id='word_1_712' title='bbox 405 5298 591 5361; x_wconf 85' lang='grc' dir='ltr'>αύτούς</span> <span class='ocrx_word' id='word_1_713' title='bbox 641 5301 671 5358; x_wconf 77' lang='grc' dir='ltr'><em>ὴ</em></span> <span class='ocrx_word' id='word_1_714' title='bbox 724 5300 858 5374; x_wconf 79' lang='grc' dir='ltr'>ῥοπὴ</span> <span class='ocrx_word' id='word_1_715' title='bbox 926 5304 1125 5371; x_wconf 90' lang='grc' dir='ltr'>γίνεται</span> <span class='ocrx_word' id='word_1_716' title='bbox 1178 5310 1278 5353; x_wconf 88' lang='grc' dir='ltr'>τῶν</span> <span class='ocrx_word' id='word_1_717' title='bbox 1333 5301 1594 5367; x_wconf 88' lang='grc' dir='ltr'>πλειόνων,</span> <span class='ocrx_word' id='word_1_718' title='bbox 1646 5301 1868 5355; x_wconf 74' lang='grc' dir='ltr'>ἐνταῦθα</span> 
     </span>
    </p>
   </div>
   <div class='ocr_carea' id='block_1_105' title="bbox 270 5388 1865 5466">
    <p class='ocr_par' dir='ltr' id='par_1_105' title="bbox 270 5388 1865 5466">
     <span class='ocr_line' id='line_1_105' title="bbox 270 5388 1865 5466; baseline 0.003 -27"><span class='ocrx_word' id='word_1_719' title='bbox 270 5392 443 5457; x_wconf 83' lang='grc' dir='ltr'>μέντοι</span> <span class='ocrx_word' id='word_1_720' title='bbox 489 5392 579 5440; x_wconf 84' lang='grc' dir='ltr'>καὶ</span> <span class='ocrx_word' id='word_1_721' title='bbox 632 5390 662 5447; x_wconf 83' lang='grc' dir='ltr'>ἡ</span> <span class='ocrx_word' id='word_1_722' title='bbox 716 5396 809 5441; x_wconf 86' lang='grc' dir='ltr'>τοῦ</span> <span class='ocrx_word' id='word_1_723' title='bbox 852 5394 1134 5464; x_wconf 82' lang='grc' dir='ltr'>προσώπου</span> <span class='ocrx_word' id='word_1_724' title='bbox 1180 5388 1391 5453; x_wconf 79' lang='grc' dir='ltr'>ἀξίωσις</span> <span class='ocrx_word' id='word_1_725' title='bbox 1444 5390 1659 5449; x_wconf 90' lang='grc' dir='ltr'>πλείστη</span> <span class='ocrx_word' id='word_1_726' title='bbox 1701 5392 1865 5466; x_wconf 80' lang='grc' dir='ltr'>ὑπῆρ-</span> 
     </span>
    </p>
   </div>
   <div class='ocr_carea' id='block_1_106' title="bbox 270 5479 1869 5551">
    <p class='ocr_par' dir='ltr' id='par_1_106' title="bbox 270 5479 1869 5551">
     <span class='ocr_line' id='line_1_106' title="bbox 270 5479 1869 5551; baseline 0.003 -23"><span class='ocrx_word' id='word_1_727' title='bbox 270 5494 363 5546; x_wconf 84' lang='grc' dir='ltr'>χεν</span> <span class='ocrx_word' id='word_1_728' title='bbox 412 5482 504 5530; x_wconf 79' lang='grc' dir='ltr'>καὶ</span> <span class='ocrx_word' id='word_1_729' title='bbox 556 5480 967 5551; x_wconf 87' lang='grc' dir='ltr'>μαρτυρούμενοι</span> <span class='ocrx_word' id='word_1_730' title='bbox 1005 5479 1231 5550; x_wconf 86' lang='grc' dir='ltr'>κάματοι</span> <span class='ocrx_word' id='word_1_731' title='bbox 1274 5485 1364 5532; x_wconf 82' lang='grc' dir='ltr'>καὶ</span> <span class='ocrx_word' id='word_1_732' title='bbox 1404 5487 1504 5532; x_wconf 87' lang='grc' dir='ltr'>τῶν</span> <span class='ocrx_word' id='word_1_733' title='bbox 1552 5479 1695 5551; x_wconf 82' lang='grc' dir='ltr'>αύτῷ</span> <span class='ocrx_word' id='word_1_734' title='bbox 1742 5499 1869 5532; x_wconf 90' lang='grc' dir='ltr'>συν-</span> 
     </span>
    </p>
   </div>
   <div class='ocr_carea' id='block_1_107' title="bbox 272 5565 1868 5643">
    <p class='ocr_par' dir='ltr' id='par_1_107' title="bbox 272 5565 1868 5643">
     <span class='ocr_line' id='line_1_107' title="bbox 272 5565 1868 5643; baseline 0.003 -26"><span class='ocrx_word' id='word_1_735' title='bbox 272 5570 425 5618; x_wconf 89' lang='grc' dir='ltr'>όντων</span> <span class='ocrx_word' id='word_1_736' title='bbox 455 5570 513 5618; x_wconf 91' lang='grc' dir='ltr'>τό</span> <span class='ocrx_word' id='word_1_737' title='bbox 552 5567 741 5629; x_wconf 76' lang='grc' dir='ltr'>πλῆθος</span> <span class='ocrx_word' id='word_1_738' title='bbox 779 5567 838 5620; x_wconf 88' lang='grc' dir='ltr'>ού</span> <span class='ocrx_word' id='word_1_739' title='bbox 880 5571 1108 5643; x_wconf 87' lang='grc' dir='ltr'>μέτριον.</span> <span class='ocrx_word' id='word_1_740' title='bbox 1159 5572 1244 5622; x_wconf 89' lang='grc' dir='ltr'>Διὸ</span> <span class='ocrx_word' id='word_1_741' title='bbox 1294 5565 1361 5627; x_wconf 78' lang='grc' dir='ltr'>δή</span> <span class='ocrx_word' id='word_1_742' title='bbox 1407 5573 1496 5621; x_wconf 81' lang='grc' dir='ltr'>καὶ</span> <span class='ocrx_word' id='word_1_743' title='bbox 1539 5568 1797 5642; x_wconf 74' lang='grc' dir='ltr'>ἐπήγαγεν</span> <span class='ocrx_word' id='word_1_744' title='bbox 1841 5570 1868 5622; x_wconf 91' lang='lat'>6</span> 
     </span>
    </p>
   </div>
   <div class='ocr_carea' id='block_1_108' title="bbox 1981 4589 3629 4663">
    <p class='ocr_par' dir='ltr' id='par_1_108' title="bbox 1981 4589 3629 4663">
     <span class='ocr_line' id='line_1_108' title="bbox 1981 4589 3629 4663; baseline -0.002 -16"><span class='ocrx_word' id='word_1_745' title='bbox 1981 4592 2152 4661; x_wconf 90' lang='lat' dir='ltr'>citus,</span> <span class='ocrx_word' id='word_1_746' title='bbox 2183 4595 2383 4663; x_wconf 90' lang='lat' dir='ltr'>totque</span> <span class='ocrx_word' id='word_1_747' title='bbox 2405 4597 2459 4646; x_wconf 81' lang='lat' dir='ltr'>et</span> <span class='ocrx_word' id='word_1_748' title='bbox 2480 4594 2679 4646; x_wconf 88' lang='lat' dir='ltr'>tantos</span> <span class='ocrx_word' id='word_1_749' title='bbox 2734 4589 2915 4655; x_wconf 88' lang='lat' dir='ltr'>viros,</span> <span class='ocrx_word' id='word_1_750' title='bbox 2960 4589 3065 4661; x_wconf 91' lang='lat' dir='ltr'>qui</span> <span class='ocrx_word' id='word_1_751' title='bbox 3111 4606 3247 4645; x_wconf 90' lang='lat' dir='ltr'>cum</span> <span class='ocrx_word' id='word_1_752' title='bbox 3276 4589 3409 4660; x_wconf 89' lang='lat' dir='ltr'>ipso</span> <span class='ocrx_word' id='word_1_753' title='bbox 3440 4593 3629 4653; x_wconf 86' lang='lat' dir='ltr'>erant,</span> 
     </span>
    </p>
   </div>
   <div class='ocr_carea' id='block_1_109' title="bbox 1980 4678 3633 4753">
    <p class='ocr_par' dir='ltr' id='par_1_109' title="bbox 1980 4678 3633 4753">
     <span class='ocr_line' id='line_1_109' title="bbox 1980 4678 3633 4753; baseline -0.002 -16"><span class='ocrx_word' id='word_1_754' title='bbox 1980 4680 2196 4737; x_wconf 89' lang='lat' dir='ltr'>milites</span> <span class='ocrx_word' id='word_1_755' title='bbox 2214 4682 2475 4753; x_wconf 91' lang='lat' dir='ltr'>optimos</span> <span class='ocrx_word' id='word_1_756' title='bbox 2498 4679 2699 4750; x_wconf 88' lang='lat' dir='ltr'>gladio</span> <span class='ocrx_word' id='word_1_757' title='bbox 2727 4680 2950 4751; x_wconf 89' lang='lat' dir='ltr'>percuti</span> <span class='ocrx_word' id='word_1_758' title='bbox 2971 4678 3223 4750; x_wconf 88' lang='lat' dir='ltr'>juberet,</span> <span class='ocrx_word' id='word_1_759' title='bbox 3243 4678 3633 4749; x_wconf 89' lang='lat' dir='ltr'>rescripsitad</span> 
     </span>
    </p>
   </div>
   <div class='ocr_carea' id='block_1_110' title="bbox 1979 4766 3633 4840">
    <p class='ocr_par' dir='ltr' id='par_1_110' title="bbox 1979 4766 3633 4840">
     <span class='ocr_line' id='line_1_110' title="bbox 1979 4766 3633 4840; baseline -0.002 -16"><span class='ocrx_word' id='word_1_760' title='bbox 1979 4769 2360 4834; x_wconf 85' lang='lat' dir='ltr'>Antiochum,</span> <span class='ocrx_word' id='word_1_761' title='bbox 2442 4776 2504 4823; x_wconf 91' lang='lat' dir='ltr'>ut</span> <span class='ocrx_word' id='word_1_762' title='bbox 2594 4768 2844 4825; x_wconf 87' lang='lat' dir='ltr'>artiﬁcio</span> <span class='ocrx_word' id='word_1_763' title='bbox 2925 4768 3121 4840; x_wconf 90' lang='lat' dir='ltr'>aliquo</span> <span class='ocrx_word' id='word_1_764' title='bbox 3213 4771 3319 4823; x_wconf 89' lang='lat' dir='ltr'>aut</span> <span class='ocrx_word' id='word_1_765' title='bbox 3376 4766 3633 4822; x_wconf 85' lang='lat' dir='ltr'>versutia</span> 
     </span>
    </p>
   </div>
   <div class='ocr_carea' id='block_1_111' title="bbox 1977 4855 3629 4930">
    <p class='ocr_par' dir='ltr' id='par_1_111' title="bbox 1977 4855 3629 4930">
     <span class='ocr_line' id='line_1_111' title="bbox 1977 4855 3629 4930; baseline -0.002 -16"><span class='ocrx_word' id='word_1_766' title='bbox 1977 4858 2106 4914; x_wconf 81' lang='lat' dir='ltr'>viro</span> <span class='ocrx_word' id='word_1_767' title='bbox 2159 4858 2409 4914; x_wconf 89' lang='lat' dir='ltr'>latenter</span> <span class='ocrx_word' id='word_1_768' title='bbox 2466 4857 2545 4913; x_wconf 94' lang='lat' dir='ltr'>ad</span> <span class='ocrx_word' id='word_1_769' title='bbox 2598 4857 2659 4913; x_wconf 90' lang='lat' dir='ltr'>id</span> <span class='ocrx_word' id='word_1_770' title='bbox 2711 4858 2873 4930; x_wconf 91' lang='lat' dir='ltr'>quod</span> <span class='ocrx_word' id='word_1_771' title='bbox 2952 4857 3144 4920; x_wconf 88' lang='lat' dir='ltr'>vellet,</span> <span class='ocrx_word' id='word_1_772' title='bbox 3196 4855 3629 4928; x_wconf 88' lang='lat' dir='ltr'>perﬁciendum</span> 
     </span>
    </p>
   </div>
   <div class='ocr_carea' id='block_1_112' title="bbox 1979 4942 3632 5019">
    <p class='ocr_par' dir='ltr' id='par_1_112' title="bbox 1979 4942 3632 5019">
     <span class='ocr_line' id='line_1_112' title="bbox 1979 4942 3632 5019; baseline -0.002 -17"><span class='ocrx_word' id='word_1_773' title='bbox 1979 4946 2457 5019; x_wconf 70' lang='lat' dir='ltr'>allicereLneque</span> <span class='ocrx_word' id='word_1_774' title='bbox 2482 4963 2676 5001; x_wconf 87' lang='lat' dir='ltr'>rerum</span> <span class='ocrx_word' id='word_1_775' title='bbox 2718 4945 3158 5014; x_wconf 86' lang='lat' dir='ltr'>novandarum,</span> <span class='ocrx_word' id='word_1_776' title='bbox 3201 4949 3303 5001; x_wconf 90' lang='lat' dir='ltr'>aut</span> <span class='ocrx_word' id='word_1_777' title='bbox 3329 4942 3632 4999; x_wconf 89' lang='lat' dir='ltr'>seditionis</span> 
     </span>
    </p>
   </div>
   <div class='ocr_carea' id='block_1_113' title="bbox 1978 5032 3635 5107">
    <p class='ocr_par' dir='ltr' id='par_1_113' title="bbox 1978 5032 3635 5107">
     <span class='ocr_line' id='line_1_113' title="bbox 1978 5032 3635 5107; baseline -0.002 -15"><span class='ocrx_word' id='word_1_778' title='bbox 1978 5037 2356 5092; x_wconf 88' lang='lat' dir='ltr'>occasionem</span> <span class='ocrx_word' id='word_1_779' title='bbox 2386 5037 2486 5091; x_wconf 91' lang='lat' dir='ltr'>toti</span> <span class='ocrx_word' id='word_1_780' title='bbox 2542 5036 2819 5092; x_wconf 83' lang='lat' dir='ltr'>exercitui</span> <span class='ocrx_word' id='word_1_781' title='bbox 2892 5036 3203 5107; x_wconf 65' lang='lat' dir='ltr'>praeberet.</span> <span class='ocrx_word' id='word_1_782' title='bbox 3251 5036 3377 5090; x_wconf 66' lang='lat' dir='ltr'>Haec</span> <span class='ocrx_word' id='word_1_783' title='bbox 3400 5032 3635 5105; x_wconf 90' lang='lat' dir='ltr'>scripsit</span> 
     </span>
    </p>
   </div>
   <div class='ocr_carea' id='block_1_114' title="bbox 1977 5121 3633 5197">
    <p class='ocr_par' dir='ltr' id='par_1_114' title="bbox 1977 5121 3633 5197">
     <span class='ocr_line' id='line_1_114' title="bbox 1977 5121 3633 5197; baseline -0.002 -16"><span class='ocrx_word' id='word_1_784' title='bbox 1977 5126 2323 5197; x_wconf 88' lang='lat' dir='ltr'>imperator,</span> <span class='ocrx_word' id='word_1_785' title='bbox 2356 5124 2500 5182; x_wconf 89' lang='lat' dir='ltr'>illud</span> <span class='ocrx_word' id='word_1_786' title='bbox 2520 5126 2931 5190; x_wconf 89' lang='lat' dir='ltr'>considerans,</span> <span class='ocrx_word' id='word_1_787' title='bbox 2968 5124 3131 5197; x_wconf 91' lang='lat' dir='ltr'>quod</span> <span class='ocrx_word' id='word_1_788' title='bbox 3164 5123 3233 5191; x_wconf 91' lang='lat' dir='ltr'>si,</span> <span class='ocrx_word' id='word_1_789' title='bbox 3257 5139 3396 5180; x_wconf 92' lang='lat' dir='ltr'>cum</span> <span class='ocrx_word' id='word_1_790' title='bbox 3420 5121 3633 5195; x_wconf 82' lang='lat' dir='ltr'>aliqui-</span> 
     </span>
    </p>
   </div>
   <div class='ocr_carea' id='block_1_115' title="bbox 1978 5212 3633 5286">
    <p class='ocr_par' dir='ltr' id='par_1_115' title="bbox 1978 5212 3633 5286">
     <span class='ocr_line' id='line_1_115' title="bbox 1978 5212 3633 5286; baseline -0.002 -16"><span class='ocrx_word' id='word_1_791' title='bbox 1978 5214 2095 5271; x_wconf 92' lang='lat' dir='ltr'>bus</span> <span class='ocrx_word' id='word_1_792' title='bbox 2120 5214 2361 5270; x_wconf 90' lang='lat' dir='ltr'>obcuris</span> <span class='ocrx_word' id='word_1_793' title='bbox 2411 5214 2764 5279; x_wconf 87' lang='lat' dir='ltr'>hominibus,</span> <span class='ocrx_word' id='word_1_794' title='bbox 2817 5230 3077 5286; x_wconf 92' lang='lat' dir='ltr'>quorum</span> <span class='ocrx_word' id='word_1_795' title='bbox 3122 5214 3370 5269; x_wconf 90' lang='lat' dir='ltr'>crimina</span> <span class='ocrx_word' id='word_1_796' title='bbox 3394 5212 3633 5268; x_wconf 77' lang='lat' dir='ltr'>sintin-</span> 
     </span>
    </p>
   </div>
   <div class='ocr_carea' id='block_1_116' title="bbox 1977 5301 3630 5375">
    <p class='ocr_par' dir='ltr' id='par_1_116' title="bbox 1977 5301 3630 5375">
     <span class='ocr_line' id='line_1_116' title="bbox 1977 5301 3630 5375; baseline -0.001 -16"><span class='ocrx_word' id='word_1_797' title='bbox 1977 5309 2410 5375; x_wconf 73' lang='lat' dir='ltr'>certa,pa:nam</span> <span class='ocrx_word' id='word_1_798' title='bbox 2436 5303 2618 5374; x_wconf 82' lang='lat' dir='ltr'>judex</span> <span class='ocrx_word' id='word_1_799' title='bbox 2642 5301 2856 5358; x_wconf 89' lang='lat' dir='ltr'>inferre</span> <span class='ocrx_word' id='word_1_800' title='bbox 2876 5301 3099 5369; x_wconf 89' lang='lat' dir='ltr'>vult,ad</span> <span class='ocrx_word' id='word_1_801' title='bbox 3114 5303 3349 5359; x_wconf 92' lang='lat' dir='ltr'>illorum</span> <span class='ocrx_word' id='word_1_802' title='bbox 3382 5317 3630 5357; x_wconf 89' lang='lat' dir='ltr'>causam</span> 
     </span>
    </p>
   </div>
   <div class='ocr_carea' id='block_1_117' title="bbox 1978 5390 3629 5465">
    <p class='ocr_par' dir='ltr' id='par_1_117' title="bbox 1978 5390 3629 5465">
     <span class='ocr_line' id='line_1_117' title="bbox 1978 5390 3629 5465; baseline 0 -17"><span class='ocrx_word' id='word_1_803' title='bbox 1978 5391 2422 5449; x_wconf 87' lang='lat' dir='ltr'>defendendam</span> <span class='ocrx_word' id='word_1_804' title='bbox 2455 5392 2719 5465; x_wconf 89' lang='lat' dir='ltr'>plerique</span> <span class='ocrx_word' id='word_1_805' title='bbox 2742 5392 3022 5465; x_wconf 91' lang='lat' dir='ltr'>propensi</span> <span class='ocrx_word' id='word_1_806' title='bbox 3051 5398 3210 5457; x_wconf 89' lang='lat' dir='ltr'>sunt,</span> <span class='ocrx_word' id='word_1_807' title='bbox 3257 5406 3327 5447; x_wconf 91' lang='lat' dir='ltr'>eo</span> <span class='ocrx_word' id='word_1_808' title='bbox 3357 5390 3547 5460; x_wconf 87' lang='lat' dir='ltr'>magis</span> <span class='ocrx_word' id='word_1_809' title='bbox 3568 5390 3629 5448; x_wconf 91' lang='lat' dir='ltr'>in</span> 
     </span>
    </p>
   </div>
   <div class='ocr_carea' id='block_1_118' title="bbox 1979 5480 3627 5553">
    <p class='ocr_par' dir='ltr' id='par_1_118' title="bbox 1979 5480 3627 5553">
     <span class='ocr_line' id='line_1_118' title="bbox 1979 5480 3627 5553; baseline -0.002 -14"><span class='ocrx_word' id='word_1_810' title='bbox 1979 5481 2095 5539; x_wconf 93' lang='lat' dir='ltr'>hoc</span> <span class='ocrx_word' id='word_1_811' title='bbox 2126 5482 2249 5537; x_wconf 88' lang='lat' dir='ltr'>viro</span> <span class='ocrx_word' id='word_1_812' title='bbox 2270 5481 2329 5537; x_wconf 92' lang='lat' dir='ltr'>id</span> <span class='ocrx_word' id='word_1_813' title='bbox 2346 5482 2533 5550; x_wconf 88' lang='lat' dir='ltr'>ﬁeret,</span> <span class='ocrx_word' id='word_1_814' title='bbox 2561 5481 2740 5553; x_wconf 90' lang='lat' dir='ltr'>quiet</span> <span class='ocrx_word' id='word_1_815' title='bbox 2759 5480 3059 5551; x_wconf 89' lang='lat' dir='ltr'>dignitatis</span> <span class='ocrx_word' id='word_1_816' title='bbox 3082 5480 3335 5551; x_wconf 89' lang='lat' dir='ltr'>gradum</span> <span class='ocrx_word' id='word_1_817' title='bbox 3372 5480 3627 5548; x_wconf 88' lang='lat' dir='ltr'>tenebat,</span> 
     </span>
    </p>
   </div>
   <div class='ocr_carea' id='block_1_119' title="bbox 1979 5569 3634 5641">
    <p class='ocr_par' dir='ltr' id='par_1_119' title="bbox 1979 5569 3634 5641">
     <span class='ocr_line' id='line_1_119' title="bbox 1979 5569 3634 5641; baseline 0 -14"><span class='ocrx_word' id='word_1_818' title='bbox 1979 5577 2036 5627; x_wconf 92' lang='lat' dir='ltr'>et</span> <span class='ocrx_word' id='word_1_819' title='bbox 2059 5586 2177 5626; x_wconf 91' lang='lat' dir='ltr'>non</span> <span class='ocrx_word' id='word_1_820' title='bbox 2195 5570 2729 5641; x_wconf 89' lang='lat' dir='ltr'>vulgareslabores,</span> <span class='ocrx_word' id='word_1_821' title='bbox 2752 5569 3077 5627; x_wconf 90' lang='lat' dir='ltr'>multorum</span> <span class='ocrx_word' id='word_1_822' title='bbox 3090 5572 3352 5627; x_wconf 87' lang='lat' dir='ltr'>virorum</span> <span class='ocrx_word' id='word_1_823' title='bbox 3376 5570 3634 5627; x_wconf 89' lang='lat' dir='ltr'>testimo-</span> 
     </span>
    </p>
   </div>
  </div>
