4154 6192
465 257 572 319 603

1802 256 2059 314 MENSIS
2100 254 2492 313 AUGUSTUS.

3762 249 3869 309 601i

466 385 581 442 niis
599 383 1049 458 comprobatos,
1064 383 1407 458 pertulerat,
1426 402 1494 443 ac
1511 385 1701 443 ordini
1724 384 1979 442 militum
2002 397 2124 439 non

2235 381 2557 455 Μαξιμιανὸς
2600 384 2650 435 ἐν
2679 390 2787 446 τοῖς
2822 386 2946 459 πρὸς
2976 387 3063 437 τὸν
3092 384 3245 437 αὐτὸν
3277 385 3582 455 Ἀντίοχον
3614 382 3871 455 γράμμα-

467 475 907 532 contemnendo
921 477 1604 547 prmeratQuamobrem
1622 478 1679 531 in
1695 476 1818 530 suis
1835 474 1912 529 ad
1930 472 2125 528 Antio-

469 563 651 620 chum
668 563 878 620 litteris
893 563 985 635 adj
996 564 1190 620 unxit:
1212 565 1401 621 Placet
1416 564 1688 635 mihi,huj
1700 581 1767 619 us
1781 562 1943 619 modi
1966 560 2124 617 viros

468 670 504 710 a
536 669 770 709 carcere
802 652 1059 717 liberari,
1092 653 1268 724 quasi
1294 658 1703 710 anteactarum
1732 668 1931 709 rerum
1956 650 2123 707 venia

468 743 537 799 iis
568 758 886 799 concessa:
912 742 1088 814 paulo
1120 747 1312 798 autem
1349 748 1573 815 postea,
1602 742 1715 797 nisi
1751 738 2120 813 resipuerint,

2236 492 2318 524 σιν
2346 491 2358 504 ⁶
2393 474 2473 525 ὃτι
2513 473 2670 537 Δόξαν
2718 478 2809 546 μὲν
2843 474 3028 536 αύτούς
3073 483 3163 535 τῆς
3211 477 3430 546 εἱρκτῆς
3475 470 3735 523 ἀπολύειν
3782 474 3876 521 καὶ

2234 568 2332 611 τῶν
2384 558 2490 620 ἤδη
2550 568 2935 636 προγεγονότων
2991 568 3305 635 συγγνώμην
3357 560 3719 634 χαρίζεσθαι
3773 578 3785 589 ·
3823 556 3875 608 έν

2232 650 2553 724 παραϐύστῳ
2586 648 2620 704 δ
2625 660 2643 704 ε
2671 653 2781 722 μετ’
2810 653 3001 724 ὀλίγον,
3030 656 3098 713 ὡς
3128 652 3200 725 ἐφ’
3242 652 3397 724 ἑτέρῳ
3434 648 3875 721 πλημμελήματι

2234 742 2445 801 τούτους
2473 741 2745 813 μετελθεῖν.

471 840 761 904 tanquam
776 831 855 887 ob
869 831 943 887 ali
955 833 1032 887 ub
1049 831 1274 887 crimen
1289 831 1678 896 delatos,illos
1690 830 1851 904 ipsos
1871 827 2129 899 graviter
2166 828 2383 900 puniri.

543 920 685 975 Vill.
742 921 1069 976 Antiochus
1124 921 1301 990 igitur
1328 938 1465 977 cum
1496 922 1605 976 has
1632 920 1852 975 litteras
1884 935 1921 974 a
1945 915 2121 974 Maxi-

473 1010 676 1067 miano
709 1011 1053 1082 accepisset,
1070 1010 1200 1066 fecit
1224 1011 1387 1083 quod
1414 1010 1740 1083 imperator
1762 1010 2042 1080 jusserat,
2066 1012 2121 1062 et

472 1101 770 1174 insignem
801 1100 901 1156 Dei
934 1116 1167 1156 servum
1193 1101 1516 1164 Andream,
1543 1105 1600 1156 et
1622 1114 1833 1155 omnes
1854 1099 1956 1172 qui
1983 1113 2120 1153 cum

470 1184 813 1263 ipso'erant,
858 1206 926 1246 ex
956 1189 1204 1245 vinculis
1233 1190 1455 1257 eduxit,
1497 1194 1554 1245 et
1590 1188 1777 1245 libero
1816 1204 1885 1243 ac
1911 1201 2120 1242 securo

471 1279 678 1335 animo
717 1280 897 1335 vitam
962 1279 1177 1348 degere
1230 1278 1516 1351 permisit.
1571 1280 1642 1334 At
1702 1282 1944 1334 sanctus
2016 1274 2115 1331 Dei

473 1367 746 1424 minister
772 1367 1040 1422 Andreas
1054 1367 1617 1438 ejusmodifallaciae
1640 1366 1946 1422 inventum
1975 1363 2122 1419 divi-

471 1457 629 1513 nitus
652 1457 761 1513 sibi
790 1457 1155 1530 patefactum
1210 1457 1506 1528 cognovit,
1574 1461 1632 1512 et
1660 1471 1761 1511 eos
1817 1454 1917 1525 qui
1981 1468 2120 1508 cum

2305 924 2366 974 Η.
2424 919 2698 991 Ἀντίοχος
2756 917 2843 973 οὖν
2894 924 2979 982 τὰς
3019 925 3268 983 τοιαύτας
3297 920 3678 992 ἀντιγράφους
3713 914 3873 979 65595-

2229 1027 2379 1079 μενος
2428 1008 2756 1079 Μαξιμιανοῦ
2836 1009 3092 1072 συλλαϐὰς
3153 1010 3230 1062 ἐπ’
3288 1014 3443 1085 ἔργον
3500 1013 3710 1080 ἤγαγεν
3803 1009 3870 1059 τὰ

2230 1102 2674 1170 προστεταγμένα,
2724 1104 2813 1152 καὶ
2867 1103 2951 1152 τὸν
2981 1103 3069 1172 μὲν
3119 1097 3322 1163 ἔνδοξον
3351 1107 3449 1152 τοῦ
3487 1105 3637 1151 Θεοῦ
3672 1093 3867 1149 δοῦλον

2230 1182 2477 1260 Ἀνδρέαν
2537 1192 2626 1239 καὶ
2681 1193 2801 1249 τούς
2857 1191 2967 1261 μετ’
3051 1189 3209 1242 αὐτοῦ
3278 1191 3486 1250 πάντας
3550 1186 3867 1257 ὑπεξήγαγε

2230 1284 2328 1328 τῶν
2378 1272 2751 1349 δεσμωτηρίων
2806 1284 2896 1330 καὶ
2968 1274 3131 1338 ἀδεῶς
3190 1275 3347 1337 δῆθεν
3401 1281 3503 1328 καὶ
3555 1274 3868 1348 ἀμερίμνως

2232 1361 2434 1436 διάγειν
2491 1368 2778 1439 ἐπέτρεπεν.
2823 1367 2882 1419 Ὀ
2933 1363 2993 1420 δε
3040 1367 3190 1439 οἷγιος
3246 1374 3336 1419 τοῦ
3396 1373 3546 1420 Θεοῦ
3618 1366 3865 1437 θεράπων

2230 1463 2325 1515 τῆς
2372 1458 2615 1517 τοιαύτης
2671 1455 2933 1519 ἐξαπάτης
2989 1461 3074 1509 τὸν
3145 1461 3332 1528 τρόπον
3402 1454 3464 1506 ἐκ
3530 1456 3685 1515 θείας
3734 1452 3867 1504 ἀπο-

470 1546 603 1619 ipso
634 1546 1071 1615 laboraverant,
1105 1547 1354 1619 ejusque
1382 1544 1895 1603 admonitionibus
1929 1543 2006 1598 ad
2036 1542 2122 1597 di-

2235 1544 2499 1615 καλύψεως
2551 1543 2797 1615 ἐγνωκώς,
2839 1546 3094 1619 παρέλαϐε
3143 1550 3258 1606 τοὺς
3301 1545 3446 1615 αύτῷ
3518 1546 3866 1616 συγκάμνον-

472 1636 673 1691 vinam
687 1636 1086 1706 cognitionem
1101 1636 1368 1708 perducti
1387 1632 2119 1699 fuerant,secumhabens,

470 1725 528 1781 in
581 1725 843 1782 Ciliciam
873 1725 951 1781 ad
988 1728 1238 1781 Tarsum
1273 1723 1677 1798 mettropolim
1709 1740 1771 1778 se
1810 1720 2063 1778 contulit
2103 1737 2116 1775 :

464 1815 591 1886 jam
606 1814 838 1871 dudum
853 1816 1009 1871 enim
1028 1815 1402 1887 propositum
1427 1814 1849 1884 habuerat,per
1862 1812 2118 1874 Petrum,

469 1905 566 1976 qui
598 1910 861 1978 tempore
924 1905 1024 1960 illo
1087 1903 1359 1973 religiose
1417 1909 1473 1958 et
1535 1907 1732 1957 sancte
1764 1898 2123 1971 praesidebat

464 1993 588 2064 jam
613 1994 779 2049 dictas
817 1993 1154 2065 metropoli,
1196 1999 1251 2048 et
1287 1991 1485 2046 multis
1509 1991 1744 2060 egregie
1775 1988 1947 2044 factis
1979 2003 2123 2060 prm-

470 2082 933 2154 stabat,Deoque
961 2082 1067 2153 ipsi
1083 2087 1283 2153 gratus
1305 2079 1533 2143 erat.ad
1552 2078 1875 2134 salutarem
1897 2078 2122 2149 baptis-

468 2187 635 2227 mum
664 2170 929 2243 perduci.
953 2173 1101 2227 Nam
1150 2170 1253 2225 etsi
1284 2169 1474 2225 fuerat
1507 2169 1580 2223 ab
1608 2167 1794 2233 initio,
1834 2173 1897 2222 ut
1938 2183 2121 2239 supra

469 2258 692 2315 dictum
721 2265 827 2325 est,
855 2258 1242 2314 ﬁdelissimus
1270 2258 1368 2313 Dei
1400 2258 1684 2320 minister,
1713 2262 1770 2312 et
1798 2256 1925 2327 ejus
1954 2256 2120 2311 donis

470 2347 1012 2413 refertus,nondum
1028 2354 1225 2404 tamen
1240 2346 1425 2402 divini
1442 2344 1805 2418 baptismatis
1820 2346 2119 2417 particeps

471 2437 663 2495 factus
706 2443 851 2493 erat.
913 2437 1236 2494 Antiochus
1284 2452 1423 2493 cum
1481 2435 1753 2501 Andrem,
1805 2442 1860 2490 et
1911 2450 2119 2491 eorum

469 2527 573 2599 qui
599 2543 736 2583 cum
768 2526 899 2598 ipso
931 2531 1118 2593 erant,
1143 2525 1574 2581 discessionem
1608 2523 1685 2595 (6)
1720 2525 2118 2593 cognovisset,

471 2614 665 2672 furore
696 2632 1003 2681 accensus,
1059 2614 1429 2671 consiliarios
1472 2629 1638 2678 suos,
1671 2617 1753 2680 et,
1784 2612 2005 2686 quibus
2039 2612 2120 2667 uti

469 2709 876 2775 consueverat,
905 2704 1230 2770 accersivit,
1288 2718 1540 2776 qumque
1572 2702 1837 2758 Andreas
1881 2701 2112 2767 fecerat,

471 2809 609 2850 cum
637 2793 749 2850 illis
775 2793 1256 2864 communicavit,
1286 2800 1340 2848 et
1363 2793 1583 2848 litteras
1629 2791 1785 2847 misit
1811 2791 1884 2846 ad
1921 2790 2120 2848 Seleu-

471 2900 629 2949 cum,
662 2884 844 2956 quiin
871 2882 1079 2939 Ciliciae
1112 2882 1644 2949 administratione,
1677 2880 1842 2953 quod
1863 2880 1939 2935 ad
1969 2880 2118 2935 mili-
2152 2911 2193 2968 ε

471 2975 591 3028 tare
657 2988 807 3042 opus
856 2972 1207 3043 pertinebat,
1276 2971 1405 3040 ejus
1427 2970 1678 3024 vicarius
1718 2973 1860 3024 erat.
1894 2969 2120 3024 Litterae

472 3066 673 3117 autem
722 3058 835 3114 illae
866 3060 946 3114 ita
986 3075 1049 3113 se
1080 3058 1387 3115 habebant
1418 3074 1431 3113 :
1468 3060 1610 3113 Puto
1641 3062 1693 3112 te
1722 3056 2016 3112 audivisse
2046 3056 2120 3114 de

469 3147 725 3211 Andrea,
754 3146 857 3218 qui
887 3146 1026 3202 olim
1056 3146 1177 3202 dux
1211 3145 1316 3201 fuit
1344 3146 1403 3200 in
1430 3148 1687 3200 exercitu
1716 3144 2118 3200 maximorum

470 3234 1092 3307 imperatorum,quod
1110 3250 1267 3290 nunc
1288 3250 1410 3290 non
1423 3232 1617 3290 solum
1635 3234 1902 3305 seipsum
1917 3249 2116 3289 amen-

473 3324 565 3380 tiae
596 3323 966 3388 tradidit,sed
994 3323 1286 3395 plurimos
1316 3322 1495 3378 etiam
1529 3322 1802 3387 militum,
1836 3338 1990 3395 quos
2035 3337 2120 3378 se-

471 3428 612 3468 cum
642 3411 921 3477 habebat,
953 3411 1306 3479 concitatos,
1348 3412 1423 3468 ad
1444 3427 1577 3468 eam
1631 3414 1979 3468 sententiam
2008 3413 2123 3467 im-

472 3500 641 3573 pulit,
667 3506 729 3556 ut
749 3500 1050 3572 regalibus
1080 3506 1136 3556 et
1156 3500 1374 3556 divinis
1395 3500 1607 3556 edictis
1637 3500 2117 3557 adversarentur.

473 3589 769 3657 Quoniam
790 3606 926 3646 vero
944 3590 1334 3660 cognovimus
1356 3589 1512 3646 clam
1531 3590 1669 3645 hinc
1690 3591 1886 3661 ipsum
1908 3589 2121 3646 disces-

472 3679 635 3747 sisse,
666 3680 797 3736 etin
824 3679 1065 3737 Cilicum
1088 3679 1398 3752 provincia
1420 3694 1580 3735 nunc
1609 3678 1909 3746 exsistere,
1941 3679 2123 3752 aequi-

471 3769 576 3826 tati
605 3773 721 3826 tum
778 3769 1213 3842 placeat,regiae
1241 3768 1533 3825 voluntati
1580 3767 2038 3840 obtemperanti,
2068 3772 2122 3824 et

472 3858 794 3924 Andream,
828 3864 885 3915 et
927 3873 1030 3914 eos
1059 3856 1161 3931 qui
1193 3873 1330 3913 cum
1362 3857 1495 3929 ipso
1527 3861 1683 3923 sunt,
1716 3858 2019 3930 persequi,
2053 3873 2122 3914 ac

473 3947 745 4005 detentos
775 3951 832 4003 et
862 3947 1093 4003 vinctos
1121 3947 1337 4002 nostris
1370 3946 1651 4002 manibus
1678 3947 1930 4003 tradere.
1950 3945 2124 4015 Quod

474 4036 523 4093 si
544 4037 835 4093 adversati
865 4035 1101 4099 fuerint,
1123 4041 1227 4090 aut
1251 4034 1455 4104 fugere
1480 4035 1609 4106 jam
1640 4036 1947 4106 coeperint,
1978 4035 2124 4091 mili-

478 4125 706 4182 taribus
734 4125 948 4195 gladiis
981 4124 1231 4181 conﬁce.

546 4215 634 4269 IX.
668 4214 944 4270 Seleucus
975 4229 1112 4269 cum
1136 4211 1433 4284 ejusmodi
1495 4211 1717 4268 litteras
1768 4213 2119 4284 accepisset,

479 4302 785 4375 eXpeditos
814 4310 870 4357 et
907 4302 1361 4374 probatissimos
1394 4300 1626 4365 milites,
1677 4316 1830 4373 quos
1872 4302 2127 4358 Romani

476 4391 812 4449 ordinarios
845 4392 921 4463 (Ἰ)
937 4388 1760 4463 appellant,quamplurimos
1792 4406 1995 4446 secum
2022 4390 2125 4446 ha-

476 4481 649 4547 bens,
684 4485 832 4552 (erat
862 4479 1021 4536 enim
1052 4485 1109 4536 et
1135 4480 1264 4552 ipse
1307 4484 1513 4536 contra
1565 4478 1776 4535 Christi
1806 4496 2007 4535 servos
2039 4479 2129 4535 ni-

482 4570 603 4625 mio
630 4569 828 4625 furore
847 4569 1148 4641 percitus),
1173 4569 1247 4624 ad
1267 4567 1648 4623 Tarsensium
1676 4567 1885 4624 urbem
1918 4584 2124 4641 prope-

477 4657 654 4727 ravit,
687 4673 823 4714 cum
845 4664 1184 4713 sanctorum
1199 4656 1515 4714 hominum
1541 4662 1840 4713 catervam
1856 4656 1973 4713 illic
1999 4673 2128 4714 esse

480 4746 814 4805 didicisset.
842 4747 1113 4804 Andreas
1144 4762 1282 4802 vero
1315 4751 1560 4802 sanctus
1588 4746 1697 4813 vir,
1722 4763 1859 4802 cum
1890 4745 1950 4801 id
1982 4763 2129 4820 pra:-

551 4888 630 4956 (6)
657 4888 786 4943 Non
808 4885 1259 4959 satisgequidem
1279 4886 1892 4959 concipio,quomodo
1916 4887 2132 4959 disces:

478 4959 565 5016 sio
595 4959 694 5016 illa
725 4958 851 5014 fieri
877 4974 913 5013 a
938 4957 1158 5029 Sancto
1189 4958 1447 5029 potuerit
1475 4957 1661 5013 invito
1695 4959 2001 5023 Antiocho,
2035 4958 2131 5014 cui

478 5032 723 5087 suberat
760 5028 1091 5084 secundum
1139 5028 1279 5084 Acta
1321 5031 1494 5083 Estne
1533 5029 1876 5087 huiusmodi
1910 5029 2127 5085 factum

478 5102 811 5173 disciplinae
839 5101 1072 5156 militari
1100 5116 1169 5155 ac
1194 5099 1428 5168 legibus
1458 5099 1732 5155 civilibus
1752 5116 2077 5156 consonum
2104 5100 2133 5155 ?

484 5176 802 5245 Utramque
816 5180 973 5245 certe
994 5180 1533 5245 transgressionem
1556 5187 1793 5245 semper
1814 5173 2027 5228 obnixe
2040 5188 2135 5245 ca;

479 5242 973 5301 vehant—Sancti.
1019 5243 1101 5298 Ad
1162 5242 1309 5303 hac.
1356 5259 1493 5298 cum
1558 5244 1808 5299 Sanctus
1865 5260 1935 5298 ac
1997 5243 2136 5298 socii

481 5315 610 5386 ejus
658 5315 953 5370 voluerint
1000 5314 1201 5383 fugere
1246 5314 1743 5387 persecutionem,
1801 5315 2134 5387 secundum

487 5385 636 5448 Acta,
682 5389 907 5447 num.9.
946 5401 1051 5440 cur
1083 5385 1433 5441 manserunt
1492 5385 1691 5453 simul,
1754 5400 1823 5441 ac
1876 5386 2137 5456 separati

480 5472 603 5512 non
630 5463 767 5529 sunt
802 5457 831 5512 ?
856 5458 1160 5529 separatio
1200 5462 1353 5513 certe
1416 5455 1516 5513 illa
1547 5473 1616 5512 ex
1648 5462 1862 5512 natura
1907 5455 1989 5510 rei
2016 5462 2139 5511 erat

482 5528 744 5583 maxime
774 5527 1135 5595 conducens,
1180 5528 1230 5585 si
1270 5544 1391 5584 non
1423 5529 1781 5592 necessaria,
1825 5532 1884 5582 ut
1904 5543 2140 5600 perscu-

2230 1652 2318 1693 τας
2368 1638 2457 1685 καὶ
2506 1630 2599 1685 διὰ
2649 1642 2742 1697 τῆς
2803 1634 2962 1687 αὐτοῦ
3014 1639 3363 1709 παραινέσεως
3410 1637 3516 1691 τὴν
3559 1634 3711 1684 θείαν
3773 1631 3864 1682 λα-

2231 1721 2411 1782 ϐόντας
2463 1722 2762 1793 ἐπίγνωσιν,
2817 1729 2905 1775 καὶ
2958 1728 3089 1776 κατά
3135 1728 3226 1782 τὴν
3264 1727 3519 1798 Ταρσέων
3576 1725 3861 1793 μητρόπο-

2228 1810 2308 1863 λιν
2355 1821 2449 1872 τῆς
2505 1811 2742 1873 Κιλικίας
2791 1817 2990 1885 γέγονεν
3042 1812 3322 1886 ἐπαρχίας.
3372 1811 3476 1864 Ἦν
3532 1814 3641 1884 γὰρ
3677 1814 3773 1862 καὶ
3805 1809 3862 1861 ἐκ

2230 1899 2416 1952 πολλοῦ
2478 1904 2669 1953 σκοπόν
2749 1905 2885 1975 ἔχων
2950 1899 3043 1955 διὰ
3110 1907 3303 1975 Πέτρου
3374 1909 3469 1954 τοῦ
3554 1906 3864 1958 τηνικαῦτα

2231 1991 2385 2050 ὁσίως
2466 1998 2560 2053 τῆς
2643 1990 2915 2064 εἰρημένης
2979 1988 3379 2063 προεδρεύοντος
3444 1987 3855 2062 μητροπόλεως,

2230 2084 2318 2131 καὶ
2370 2079 2572 2140 πολλοῖς
2620 2087 2728 2141 τοῖς
2776 2083 2913 2133 κατὰ
2962 2084 3089 2133 Θεὸν
3132 2077 3527 2152 διαλάμποντος
3578 2078 3849 2148 κατορθώ⁷

2229 2189 2364 2242 μασι
2419 2178 2490 2220 τῶ
2549 2174 2792 2244 σωτηρίῳ
2870 2172 3245 2242 προσαχθῆναι
3314 2168 3699 2242 βαπτίσματι.
3768 2166 3857 2231 Ἐξ

2231 2257 2408 2331 ἀρχῆς
2445 2262 2533 2331 μεν
2571 2262 2694 2333 γὰρ,
2742 2262 2809 2322 ὡς
2857 2265 3183 2334 προείρηται,
3233 2262 3415 2319 πιστός
3465 2259 3723 2331 ὑπῆρχεν
3765 2258 3852 2309 θε-

2229 2349 2407 2423 ράπων
2481 2355 2614 2401 Θεοῦ
2688 2352 2775 2401 καὶ
2834 2357 2932 2400 τῶν
2994 2348 3154 2400 αὐτοῦ
3215 2350 3581 2423 χαρισμάτων
3638 2344 3851 2402 πεπλη-

2230 2441 2474 2509 ρωμένος,
2526 2438 2667 2489 οὔπω
2722 2434 2781 2491 δὲ
2842 2437 3153 2509 μεταλαχών
3204 2445 3295 2489 τοῦ
3346 2440 3487 2489 θείου
3532 2434 3853 2509 βαπτίσμα-

2231 2544 2337 2592 τος,
2371 2525 2645 2597 Ἀντίοχος
2704 2522 2763 2577 δε
2819 2530 2913 2584 τὴν
2964 2528 3209 2583 τοιαύτην
3259 2525 3420 2577 αὑτοῦ
3480 2545 3538 2578 τε
3599 2528 3695 2576 καὶ
3754 2532 3854 2575 τῶν

2234 2618 2328 2667 σὺν
2380 2614 2519 2685 αὐτῷ
2573 2617 2751 2685 μαθὼν
2803 2613 3166 2690 ἀναχώρησιν,
3199 2620 3289 2667 καὶ
3340 2617 3514 2686 θυμοῦ
3566 2613 3849 2677 πλησθεὶς,

2231 2707 2349 2766 τοὺς
2382 2704 2568 2757 ἑαυτοῦ
2619 2703 2944 2777 συμϐούλους
2996 2724 3050 2757 τε
3093 2710 3181 2757 καὶ
3232 2706 3477 2765 συνήθεις
3527 2701 3851 2776 προσεκαλέ-

2235 2813 2363 2846 σατο
2447 2798 2532 2845 καὶ
2602 2796 2666 2846 τὰ
2736 2800 2852 2867 περὶ
2930 2797 3115 2847 τούτου
3190 2790 3365 2856 αὐτοῖς
3434 2795 3845 2863 κοινωσάμενος,

2231 2885 2452 2957 γράμμα
2488 2886 2618 2956 πρὸς
2661 2882 2896 2936 Σέλευκον
2937 2880 3265 2955 διεπέμψατο
3314 2886 3401 2935 τὸν
3451 2883 3622 2936 αῦτοῦ
3654 2885 3715 2934 τό
3746 2886 3848 2933 πᾶν

2233 2970 2627 3046 ἀναπληροῦντα
2678 2971 2725 3024 έν
2774 2980 2884 3032 ταῖς
2959 2971 3041 3024 ἐπὶ
3108 2980 3197 3032 τῆς
3248 2972 3483 3032 Κιλικίας
3552 2990 3844 3043 στρατηγι-

3266 3061 3581 3119 Ἀκηκοέναι
3630 3080 3690 3113 σε
3736 3055 3843 3117 ἤδη

2230 3150 2505 3221 νομίζομεν
2554 3151 2619 3200 τὰ
2665 3154 2781 3221 περὶ
2834 3146 3079 3222 Ἀνδρέου
3116 3157 3207 3201 τοῦ
3252 3154 3429 3222 πρώην
3478 3152 3582 3221 μὲν
3618 3167 3846 3224 στρατη-

2229 3239 2384 3291 λάτου
2413 3247 2510 3290 τῶν
2544 3242 2803 3310 μεγίστων
2852 3239 3267 3314 αὐτοκρατόρων,
3299 3243 3409 3291 νυνὶ
3458 3235 3525 3291 δὲ
3562 3243 3637 3312 μὴ
3688 3242 3841 3310 μόνον

2230 3068 2343 3122 καῑς
2378 3057 2728 3127 διοικήσεσιν,
2760 3058 2865 3114 ὧδέ
2893 3081 3001 3124 πως
3046 3064 3171 3133 ἔχον
3212 3076 3224 3088 ⁸

2231 3328 2407 3380 ἑαυτὸν
2456 3327 2521 3388 εἰς
2571 3326 2811 3379 ἀπόνοιαν
2862 3329 3101 3398 ἄραντος,
3146 3327 3273 3380 ἀλλὰ
3304 3332 3394 3379 καὶ
3423 3327 3711 3387 πλείστους
3740 3333 3840 3379 τῶν

2234 3420 2326 3469 σὺν
2382 3416 2521 3485 αύτῲ
2577 3426 2906 3488 στρατιωτῶν
2958 3421 3083 3487 πρὸς
3128 3416 3423 3469 ἐναντίωσιν
3468 3426 3576 3469 τῶν
3629 3414 3841 3488 βασιλι-

2230 3515 2331 3558 κῶν
2387 3504 2824 3580 ἁναρῥιπίσαντος
2902 3508 3290 3577 θεσπισμάτων.
3363 3503 3583 3565 Ἐπειδὴ
3670 3509 3839 3557 τοίνυν

2231 3598 2451 3667 ἔγνωμεν
2518 3594 2673 3646 αὐτόν
2722 3594 2982 3669 λαθραίως
3036 3597 3258 3648 ἐντεῦθεν
3329 3596 3840 3670 ὑπαναχωρησαντα

2231 3687 2368 3737 κατά
2413 3693 2506 3745 τῆς
2558 3684 2802 3737 Κιλικίων
2854 3692 2940 3736 νῦν
2974 3687 3236 3759 ἐπαρχίαν
3268 3682 3613 3756 ἀναφανῆναι,
3643 3682 3835 3754 θελήσῃ

2233 3776 2263 3833 ἡ
2314 3778 2379 3832 σὴ
2432 3774 2681 3826 ἐπιείκεια
2730 3780 2804 3844 τῷ
2850 3771 3112 3845 βασιλικῷ
3158 3772 3627 3826 κατακολουθοῦσα
3658 3778 3837 3840 σκοπῷ

2234 3859 2510 3926 έπιδιῶξαι
2561 3871 2737 3914 τοῦτον
2776 3866 3016 3923 καὶτοὺς
3057 3866 3147 3913 σὺν
3192 3862 3355 3932 αύτῷ,
3400 3866 3490 3914 καὶ
3515 3866 3834 3933 κατασχεῖν,

2233 3958 2323 4005 καὶ
2355 3949 2610 4025 δεσμίους
2638 3959 2751 4013 ταῖς
2781 3954 3055 4023 ἡμετέραις
3076 3948 3405 4023 παραδόῦναὶ
3436 3957 3626 4023 χερσίν
3662 3968 3674 3980 ·
3710 3949 3753 4002 εἰ
3778 3945 3835 4000 δι

2233 4045 2362 4116 πρὸς
2394 4040 2691 4093 ἐναντίωσιν
2750 4040 2778 4099 ἣ
2836 4044 3003 4111 φυγὴν
3051 4036 3180 4093 ἰδεῖν
3221 4038 3635 4115 ἕγχειρήσωσιν,
3682 4057 3837 4110 στρα-

2235 4136 2492 4190 τιωτικοῖς
2533 4129 2731 4201 ξίφεσιν
2759 4128 2949 4189 αύτούς
2989 4128 3326 4192 ἐξαναλῶσαι.

2308 4218 2390 4274 Θ’.
2431 4218 2488 4271 εΟ
2547 4214 2605 4270 δὲ
2655 4222 2890 4279 Σέλευκος
2940 4222 2997 4269 τὸ
3044 4225 3271 4270 τοιοῦτον
3309 4220 3528 4291 γράμμα
3563 4215 3834 4289 δεξάμενος

2238 4312 2326 4360 καὶ
2403 4314 2502 4359 τῶν
2582 4306 2812 4367 εὐζώνων
2891 4311 2980 4358 καὶ
3063 4302 3435 4377 δοκιμωτάτων
3503 4312 3832 4380 στρατιωτῶν

2239 4396 2326 4457 οῦς
2382 4392 2449 4454 δὴ
2503 4395 2755 4458 ταξάτους
2808 4395 3075 4459 καλοῦσιν,
3126 4396 3206 4447 ὅτι
3262 4396 3494 4467 μάλιστα
3557 4396 3835 4452 πλείστους

2237 4484 2548 4559 παραλαϐὼν
2614 4481 2698 4556 (ἧν
2750 4486 2850 4559 γὰρ
2910 4490 2998 4537 καὶ
3070 4484 3214 4545 οὗτος
3262 4492 3356 4546 τῆς
3408 4487 3543 4537 κατὰ
3594 4493 3696 4537 τῶν
3746 4487 3835 4533 τοῦ

2240 4582 2474 4648 Χριστοῦ
2533 4576 2854 4645 θεραπόντων
2903 4577 3090 4645 μανίας
3133 4573 3571 4647 πεπληρωμένος),
3623 4572 3706 4625 ἐπὶ
3744 4572 3834 4627 τὴν

2240 4664 2510 4740 εἰρημένην
2567 4666 2807 4736 Ταρσέων
2860 4661 3176 4735 μητρόπολιν
3233 4664 3494 4736 ὥρμησεν,
3558 4662 3723 4715 έκείσε
3780 4660 3835 4708 τὸ

2238 4764 2338 4807 τῶν
2397 4754 2557 4824 ἁγίων
2614 4760 2792 4824 στῖφος
2843 4748 3045 4823 διάγειν
3102 4754 3437 4825 μεμαθηκώς.
3486 4753 3543 4806 Ὁ
3585 4751 3644 4806 δέ
3688 4751 3835 4822 οἷγιος

2242 4887 2467 4944 toribus
2510 4902 2635 4941 sese
2679 4885 3095 4942 subducerent.
3150 4886 3228 4941 De
3276 4886 3370 4943 his
3399 4887 3601 4959 itaque
3631 4883 3833 4941 viderit

2244 4964 2524 5015 Actorum
2557 4962 2784 5012 auctor.

2316 5028 2799 5103 (7)_Ordinari_os.
2858 5028 2938 5103 In;
2971 5033 3172 5103 nostro
3232 5029 3557 5103 exemplari
3614 5031 3830 5103 Graeco,

2245 5099 3652 5190 3199‘},lubuit".l,‘?-‘i9f“9.eil‘%_‘_2‘2_‘§“5?T?’i<
3682 5099 3826 5190 lea?-

2248 5168 2474 5241 Cangio
2512 5172 2571 5226 in
2617 5170 2904 5239 glossario
2950 5168 3440 5227 Graeco-barbaro
3491 5179 3628 5227 sunt
3674 5168 3831 5241 τοιξᾴ-

2247 5263 2347 5308 τοι,
2382 5239 2596 5299 milites
2626 5242 2833 5313 quivis,
2879 5259 2914 5297 8.
2959 5258 3104 5298 voce
3152 5242 3318 5306 τάξις,
3372 5263 3399 5294 (ι
3442 5243 3579 5309 Nisi,
3628 5239 3829 5313 inquit.

2251 5315 2378 5386 quis
2403 5314 2592 5386 malit
2624 5312 2708 5368 sic
2738 5312 3092 5386 appellatos,
3126 5314 3287 5386 quod
3330 5313 3400 5368 iis
3435 5320 3662 5369 taxetur
3687 5316 3837 5367 certa

2250 5385 2309 5440 in
2344 5385 2705 5456 stipendium
2728 5385 2993 5455 pecuniae
3026 5385 3288 5440 summa.
3326 5406 3353 5437 »
3394 5386 3613 5441 Deinde
3644 5386 3836 5456 observ

2252 5462 2354 5512 vat
2383 5452 2528 5513 voce
2550 5452 2763 5519 ταξάτὸι
2792 5457 3051 5511 maxime
3069 5456 3182 5511 dici
3208 5457 3424 5528 milites
3451 5452 3837 5528 prmsidiarios

2254 5544 2360 5584 seu
2398 5530 2499 5601 qui
2530 5529 2589 5583 in
2621 5534 2949 5584 castrorum
2977 5528 3257 5599 praesidia
3289 5527 3670 5585 induCuntur.
