  <div class='ocr_page' id='page_1' title='image "/cluster/home/n/w/nwhite01/storage/ocr_20150623/115/hvd.32044073502262/308.png"; bbox 0 0 4154 6192; ppageno 0'>
   <div class='ocr_carea' id='block_1_1' title="bbox 402 282 512 337">
    <p class='ocr_par' dir='ltr' id='par_1_1' title="bbox 402 282 512 337">
     <span class='ocr_line' id='line_1_1' title="bbox 402 282 512 337; baseline 0 0"><span class='ocrx_word' id='word_1_1' title='bbox 402 282 512 337; x_wconf 83' lang='grc'><strong>605</strong></span> 
     </span>
    </p>
   </div>
   <div class='ocr_carea' id='block_1_2' title="bbox 1760 280 2405 344">
    <p class='ocr_par' dir='ltr' id='par_1_2' title="bbox 1760 280 2405 344">
     <span class='ocr_line' id='line_1_2' title="bbox 1760 280 2405 344; baseline 0.009 -6"><span class='ocrx_word' id='word_1_2' title='bbox 1760 281 1928 338; x_wconf 86' lang='lat' dir='ltr'><strong>VITA</strong></span> <span class='ocrx_word' id='word_1_3' title='bbox 1967 280 2026 336; x_wconf 92' lang='lat' dir='ltr'><strong>S.</strong></span> <span class='ocrx_word' id='word_1_4' title='bbox 2068 282 2405 344; x_wconf 63' lang='lat' dir='ltr'><strong>ANDRE/E.</strong></span> 
     </span>
    </p>
   </div>
   <div class='ocr_carea' id='block_1_3' title="bbox 3657 291 3763 346">
    <p class='ocr_par' dir='ltr' id='par_1_3' title="bbox 3657 291 3763 346">
     <span class='ocr_line' id='line_1_3' title="bbox 3657 291 3763 346; baseline 0 0"><span class='ocrx_word' id='word_1_5' title='bbox 3657 291 3763 346; x_wconf 86' lang='lat'><strong>606</strong></span> 
     </span>
    </p>
   </div>
   <div class='ocr_carea' id='block_1_4' title="bbox 399 404 1995 487">
    <p class='ocr_par' dir='ltr' id='par_1_4' title="bbox 399 408 1995 484">
     <span class='ocr_line' id='line_1_4' title="bbox 399 408 1995 484; baseline -0.001 -27"><span class='ocrx_word' id='word_1_6' title='bbox 399 413 553 458; x_wconf 90' lang='grc' dir='ltr'>τοῦτο</span> <span class='ocrx_word' id='word_1_7' title='bbox 628 409 880 479; x_wconf 77' lang='grc' dir='ltr'><strong>προγνοὺς</strong></span> <span class='ocrx_word' id='word_1_8' title='bbox 934 411 1021 459; x_wconf 79' lang='grc' dir='ltr'>καὶ</span> <span class='ocrx_word' id='word_1_9' title='bbox 1074 408 1301 471; x_wconf 80' lang='grc' dir='ltr'>αἰτήσας</span> <span class='ocrx_word' id='word_1_10' title='bbox 1350 411 1497 484; x_wconf 88' lang='grc' dir='ltr'>παρὰ</span> <span class='ocrx_word' id='word_1_11' title='bbox 1563 415 1654 462; x_wconf 90' lang='grc' dir='ltr'><strong>τοῦ</strong></span> <span class='ocrx_word' id='word_1_12' title='bbox 1736 410 1995 481; x_wconf 78' lang='grc' dir='ltr'><strong>μακαρίου</strong></span> 
     </span>
    </p>
   </div>
   <div class='ocr_carea' id='block_1_5' title="bbox 2107 404 3763 487">
    <p class='ocr_par' dir='ltr' id='par_1_5' title="bbox 2109 412 3763 487">
     <span class='ocr_line' id='line_1_5' title="bbox 2109 412 3763 487; baseline 0.002 -23"><span class='ocrx_word' id='word_1_13' title='bbox 2109 412 2504 479; x_wconf 87' lang='lat' dir='ltr'><strong>cognovisset,</strong></span> <span class='ocrx_word' id='word_1_14' title='bbox 2534 415 2696 487; x_wconf 81' lang='lat' dir='ltr'><strong>petiit</strong></span> <span class='ocrx_word' id='word_1_15' title='bbox 2726 431 2763 470; x_wconf 89' lang='lat' dir='ltr'><strong>a</strong></span> <span class='ocrx_word' id='word_1_16' title='bbox 2791 414 2968 471; x_wconf 90' lang='lat' dir='ltr'><strong>beato</strong></span> <span class='ocrx_word' id='word_1_17' title='bbox 2999 416 3165 469; x_wconf 87' lang='lat' dir='ltr'><strong>Petro</strong></span> <span class='ocrx_word' id='word_1_18' title='bbox 3194 414 3484 486; x_wconf 89' lang='lat' dir='ltr'><strong>episcopo</strong></span> <span class='ocrx_word' id='word_1_19' title='bbox 3514 414 3763 472; x_wconf 87' lang='lat' dir='ltr'><strong>sanctis-</strong></span> 
     </span>
    </p>
   </div>
   <div class='ocr_carea' id='block_1_6' title="bbox 404 495 1996 573">
    <p class='ocr_par' dir='ltr' id='par_1_6' title="bbox 404 495 1996 573">
     <span class='ocr_line' id='line_1_6' title="bbox 404 495 1996 573; baseline -0.001 -24"><span class='ocrx_word' id='word_1_20' title='bbox 404 500 599 569; x_wconf 79' lang='grc' dir='ltr'><strong>Πέτρου</strong></span> <span class='ocrx_word' id='word_1_21' title='bbox 653 503 743 548; x_wconf 88' lang='grc' dir='ltr'><strong>τοῦ</strong></span> <span class='ocrx_word' id='word_1_22' title='bbox 790 495 1079 549; x_wconf 70' lang='grc' dir='ltr'><strong>ἐπισκόπου</strong></span> <span class='ocrx_word' id='word_1_23' title='bbox 1131 501 1190 550; x_wconf 86' lang='grc' dir='ltr'>τὸ</span> <span class='ocrx_word' id='word_1_24' title='bbox 1248 517 1505 572; x_wconf 81' lang='grc' dir='ltr'>σωτηριον</span> <span class='ocrx_word' id='word_1_25' title='bbox 1560 499 1861 573; x_wconf 79' lang='grc' dir='ltr'>βάπτισμα,</span> <span class='ocrx_word' id='word_1_26' title='bbox 1911 500 1996 547; x_wconf 76' lang='grc' dir='ltr'><strong>καὶ</strong></span> 
     </span>
    </p>
   </div>
   <div class='ocr_carea' id='block_1_7' title="bbox 401 585 1999 657">
    <p class='ocr_par' dir='ltr' id='par_1_7' title="bbox 401 585 1999 657">
     <span class='ocr_line' id='line_1_7' title="bbox 401 585 1999 657; baseline -0.001 -20"><span class='ocrx_word' id='word_1_27' title='bbox 401 592 553 637; x_wconf 92' lang='grc' dir='ltr'>τοῦτο</span> <span class='ocrx_word' id='word_1_28' title='bbox 628 587 760 657; x_wconf 81' lang='grc' dir='ltr'>μετὰ</span> <span class='ocrx_word' id='word_1_29' title='bbox 804 585 994 637; x_wconf 90' lang='grc' dir='ltr'>πολλοῦ</span> <span class='ocrx_word' id='word_1_30' title='bbox 1046 594 1137 638; x_wconf 92' lang='grc' dir='ltr'><strong>τοῦ</strong></span> <span class='ocrx_word' id='word_1_31' title='bbox 1203 589 1367 639; x_wconf 88' lang='grc' dir='ltr'>πόθου</span> <span class='ocrx_word' id='word_1_32' title='bbox 1434 593 1521 641; x_wconf 85' lang='grc' dir='ltr'>καὶ</span> <span class='ocrx_word' id='word_1_33' title='bbox 1580 587 1861 645; x_wconf 82' lang='grc' dir='ltr'>ἀθλητικοῦ</span> <span class='ocrx_word' id='word_1_34' title='bbox 1907 591 1999 636; x_wconf 90' lang='grc' dir='ltr'><strong>τοῦ</strong></span> 
     </span>
    </p>
   </div>
   <div class='ocr_carea' id='block_1_8' title="bbox 403 671 1992 749">
    <p class='ocr_par' dir='ltr' id='par_1_8' title="bbox 403 671 1992 749">
     <span class='ocr_line' id='line_1_8' title="bbox 403 671 1992 749; baseline 0.001 -23"><span class='ocrx_word' id='word_1_35' title='bbox 403 674 564 735; x_wconf 80' lang='grc' dir='ltr'>ζήλου</span> <span class='ocrx_word' id='word_1_36' title='bbox 615 671 912 747; x_wconf 83' lang='grc' dir='ltr'>δεξάμενος,</span> <span class='ocrx_word' id='word_1_37' title='bbox 958 675 1067 747; x_wconf 75' lang='grc' dir='ltr'>ἅμα</span> <span class='ocrx_word' id='word_1_38' title='bbox 1107 684 1218 735; x_wconf 92' lang='grc' dir='ltr'>τοῖς</span> <span class='ocrx_word' id='word_1_39' title='bbox 1262 681 1356 729; x_wconf 83' lang='grc' dir='ltr'>σὺν</span> <span class='ocrx_word' id='word_1_40' title='bbox 1406 679 1546 749; x_wconf 77' lang='grc' dir='ltr'>αὐτῷ</span> <span class='ocrx_word' id='word_1_41' title='bbox 1589 685 1795 737; x_wconf 82' lang='grc' dir='ltr'><strong>πιστοῖς</strong></span> <span class='ocrx_word' id='word_1_42' title='bbox 1827 693 1992 747; x_wconf 80' lang='grc' dir='ltr'>στρα·</span> 
     </span>
    </p>
   </div>
   <div class='ocr_carea' id='block_1_9' title="bbox 400 769 1998 843">
    <p class='ocr_par' dir='ltr' id='par_1_9' title="bbox 400 769 1998 843">
     <span class='ocr_line' id='line_1_9' title="bbox 400 769 1998 843; baseline 0 -28"><span class='ocrx_word' id='word_1_43' title='bbox 400 769 633 829; x_wconf 82' lang='grc' dir='ltr'>τιὼταις,</span> <span class='ocrx_word' id='word_1_44' title='bbox 696 769 1058 839; x_wconf 77' lang='grc' dir='ltr'><strong>συμπαρόντος</strong></span> <span class='ocrx_word' id='word_1_45' title='bbox 1119 774 1211 818; x_wconf 88' lang='grc' dir='ltr'><strong>τοῦ</strong></span> <span class='ocrx_word' id='word_1_46' title='bbox 1271 772 1464 843; x_wconf 88' lang='grc' dir='ltr'>Πέτρου</span> <span class='ocrx_word' id='word_1_47' title='bbox 1520 773 1609 820; x_wconf 80' lang='grc' dir='ltr'>καὶ</span> <span class='ocrx_word' id='word_1_48' title='bbox 1661 773 1852 820; x_wconf 88' lang='grc' dir='ltr'>Νόννου</span> <span class='ocrx_word' id='word_1_49' title='bbox 1909 771 1998 816; x_wconf 87' lang='grc' dir='ltr'><strong>τοῦ</strong></span> 
     </span>
    </p>
   </div>
   <div class='ocr_carea' id='block_1_10' title="bbox 401 851 1998 930">
    <p class='ocr_par' dir='ltr' id='par_1_10' title="bbox 401 851 1998 930">
     <span class='ocr_line' id='line_1_10' title="bbox 401 851 1998 930; baseline 0 -27"><span class='ocrx_word' id='word_1_50' title='bbox 401 853 690 904; x_wconf 70' lang='grc' dir='ltr'>ἐπισκόπου</span> <span class='ocrx_word' id='word_1_51' title='bbox 744 851 1008 927; x_wconf 80' lang='grc' dir='ltr'>Βερῥοίας’</span> <span class='ocrx_word' id='word_1_52' title='bbox 1058 851 1269 927; x_wconf 76' lang='grc' dir='ltr'>σπουδῇ</span> <span class='ocrx_word' id='word_1_53' title='bbox 1322 874 1374 908; x_wconf 90' lang='grc' dir='ltr'><strong>τε</strong></span> <span class='ocrx_word' id='word_1_54' title='bbox 1413 857 1750 930; x_wconf 85' lang='grc' dir='ltr'>χρησάμενος</span> <span class='ocrx_word' id='word_1_55' title='bbox 1794 852 1998 916; x_wconf 73' lang='grc' dir='ltr'>ἐξῆλθεν</span> 
     </span>
    </p>
   </div>
   <div class='ocr_carea' id='block_1_11' title="bbox 401 938 1999 1013">
    <p class='ocr_par' dir='ltr' id='par_1_11' title="bbox 401 938 1999 1013">
     <span class='ocr_line' id='line_1_11' title="bbox 401 938 1999 1013; baseline 0.001 -21"><span class='ocrx_word' id='word_1_56' title='bbox 401 938 484 993; x_wconf 69' lang='grc' dir='ltr'><strong>ἐπὶ</strong></span> <span class='ocrx_word' id='word_1_57' title='bbox 538 945 633 999; x_wconf 77' lang='grc' dir='ltr'>τὴν</span> <span class='ocrx_word' id='word_1_58' title='bbox 678 940 953 1013; x_wconf 85' lang='grc' dir='ltr'>λεγομένην</span> <span class='ocrx_word' id='word_1_59' title='bbox 1000 942 1295 1009; x_wconf 82' lang='grc' dir='ltr'>Ταξανῖτιν,</span> <span class='ocrx_word' id='word_1_60' title='bbox 1348 944 1441 997; x_wconf 79' lang='grc' dir='ltr'><strong>οῦκ</strong></span> <span class='ocrx_word' id='word_1_61' title='bbox 1499 944 1553 997; x_wconf 84' lang='grc' dir='ltr'><strong>έκ</strong></span> <span class='ocrx_word' id='word_1_62' title='bbox 1605 940 1801 1005; x_wconf 79' lang='grc' dir='ltr'><strong>δειλίας</strong></span> <span class='ocrx_word' id='word_1_63' title='bbox 1848 949 1999 994; x_wconf 85' lang='grc' dir='ltr'>τοῦτο</span> 
     </span>
    </p>
   </div>
   <div class='ocr_carea' id='block_1_12' title="bbox 399 1028 1999 1104">
    <p class='ocr_par' dir='ltr' id='par_1_12' title="bbox 399 1028 1999 1104">
     <span class='ocr_line' id='line_1_12' title="bbox 399 1028 1999 1104; baseline 0.001 -23"><span class='ocrx_word' id='word_1_64' title='bbox 399 1032 664 1103; x_wconf 78' lang='grc' dir='ltr'><strong>πράττων,</strong></span> <span class='ocrx_word' id='word_1_65' title='bbox 738 1030 864 1083; x_wconf 80' lang='grc' dir='ltr'>ἀλλά</span> <span class='ocrx_word' id='word_1_66' title='bbox 931 1028 1240 1086; x_wconf 81' lang='grc' dir='ltr'>δεσποτικὸν</span> <span class='ocrx_word' id='word_1_67' title='bbox 1310 1033 1522 1087; x_wconf 72' lang='grc' dir='ltr'>ἐκτελῶν</span> <span class='ocrx_word' id='word_1_68' title='bbox 1594 1037 1864 1104; x_wconf 74' lang='grc' dir='ltr'>θέσπισμα</span> <span class='ocrx_word' id='word_1_69' title='bbox 1941 1034 1999 1083; x_wconf 87' lang='grc' dir='ltr'>τὸ</span> 
     </span>
    </p>
   </div>
   <div class='ocr_carea' id='block_1_13' title="bbox 402 1116 1997 1196">
    <p class='ocr_par' dir='ltr' id='par_1_13' title="bbox 402 1116 1997 1196">
     <span class='ocr_line' id='line_1_13' title="bbox 402 1116 1997 1196; baseline 0.001 -25"><span class='ocrx_word' id='word_1_70' title='bbox 402 1116 655 1192; x_wconf 74' lang='grc' dir='ltr'>διορίζονο</span> <span class='ocrx_word' id='word_1_71' title='bbox 708 1127 869 1173; x_wconf 87' lang='grc' dir='ltr'>Ὀταν</span> <span class='ocrx_word' id='word_1_72' title='bbox 919 1118 1184 1174; x_wconf 82' lang='grc' dir='ltr'>διώκωσιν</span> <span class='ocrx_word' id='word_1_73' title='bbox 1228 1124 1366 1195; x_wconf 81' lang='grc' dir='ltr'>ὑμᾶς</span> <span class='ocrx_word' id='word_1_74' title='bbox 1412 1123 1460 1175; x_wconf 81' lang='grc' dir='ltr'>ἐν</span> <span class='ocrx_word' id='word_1_75' title='bbox 1503 1132 1565 1196; x_wconf 77' lang='grc' dir='ltr'>τῇ</span> <span class='ocrx_word' id='word_1_76' title='bbox 1625 1123 1767 1176; x_wconf 89' lang='grc' dir='ltr'>πόλει</span> <span class='ocrx_word' id='word_1_77' title='bbox 1809 1125 1997 1194; x_wconf 78' lang='grc' dir='ltr'>ταύτῃ,</span> 
     </span>
    </p>
   </div>
   <div class='ocr_carea' id='block_1_14' title="bbox 402 1209 1999 1284">
    <p class='ocr_par' dir='ltr' id='par_1_14' title="bbox 402 1209 1999 1284">
     <span class='ocr_line' id='line_1_14' title="bbox 402 1209 1999 1284; baseline 0.001 -23"><span class='ocrx_word' id='word_1_78' title='bbox 402 1211 608 1280; x_wconf 74' lang='grc' dir='ltr'>φεύγετε</span> <span class='ocrx_word' id='word_1_79' title='bbox 656 1209 726 1272; x_wconf 86' lang='grc' dir='ltr'><strong>εἰς</strong></span> <span class='ocrx_word' id='word_1_80' title='bbox 776 1215 870 1268; x_wconf 81' lang='grc' dir='ltr'>τὴν</span> <span class='ocrx_word' id='word_1_81' title='bbox 922 1210 1116 1284; x_wconf 70' lang='grc' dir='ltr'>ἑτέραν.</span> <span class='ocrx_word' id='word_1_82' title='bbox 1177 1217 1335 1275; x_wconf 82' lang='grc' dir='ltr'>Γνοὺς</span> <span class='ocrx_word' id='word_1_83' title='bbox 1387 1211 1447 1265; x_wconf 75' lang='grc' dir='ltr'>δε</span> <span class='ocrx_word' id='word_1_84' title='bbox 1511 1213 1537 1265; x_wconf 83' lang='grc' dir='ltr'><strong><em>ὀ</em></strong></span> <span class='ocrx_word' id='word_1_85' title='bbox 1616 1212 1852 1272; x_wconf 82' lang='grc' dir='ltr'>Σέλευκος</span> <span class='ocrx_word' id='word_1_86' title='bbox 1914 1214 1999 1263; x_wconf 87' lang='grc' dir='ltr'>τὸν</span> 
     </span>
    </p>
   </div>
   <div class='ocr_carea' id='block_1_15' title="bbox 403 1297 2000 1375">
    <p class='ocr_par' dir='ltr' id='par_1_15' title="bbox 403 1297 2000 1375">
     <span class='ocr_line' id='line_1_15' title="bbox 403 1297 2000 1375; baseline 0.001 -25"><span class='ocrx_word' id='word_1_87' title='bbox 403 1299 643 1370; x_wconf 70' lang='grc' dir='ltr'>θεοφόρον</span> <span class='ocrx_word' id='word_1_88' title='bbox 695 1297 882 1352; x_wconf 76' lang='grc' dir='ltr'>ἐκεῖθεν</span> <span class='ocrx_word' id='word_1_89' title='bbox 930 1299 1223 1375; x_wconf 82' lang='grc' dir='ltr'>ἀπάραντα,</span> <span class='ocrx_word' id='word_1_90' title='bbox 1278 1298 1545 1375; x_wconf 80' lang='grc' dir='ltr'>ἀδημονίᾳ</span> <span class='ocrx_word' id='word_1_91' title='bbox 1599 1320 1653 1354; x_wconf 89' lang='grc' dir='ltr'><strong>τε</strong></span> <span class='ocrx_word' id='word_1_92' title='bbox 1712 1301 2000 1372; x_wconf 83' lang='grc' dir='ltr'>συγχυθεὶς</span> 
     </span>
    </p>
   </div>
   <div class='ocr_carea' id='block_1_16' title="bbox 398 1385 1999 1464">
    <p class='ocr_par' dir='ltr' id='par_1_16' title="bbox 398 1385 1999 1464">
     <span class='ocr_line' id='line_1_16' title="bbox 398 1385 1999 1464; baseline 0.001 -27"><span class='ocrx_word' id='word_1_93' title='bbox 398 1391 488 1439; x_wconf 76' lang='grc' dir='ltr'><strong>καί</strong></span> <span class='ocrx_word' id='word_1_94' title='bbox 541 1385 823 1449; x_wconf 80' lang='grc' dir='ltr'>ἀλλοιώσας</span> <span class='ocrx_word' id='word_1_95' title='bbox 869 1397 929 1460; x_wconf 76' lang='grc' dir='ltr'>τῇ</span> <span class='ocrx_word' id='word_1_96' title='bbox 980 1389 1117 1462; x_wconf 80' lang='grc' dir='ltr'>λύπη</span> <span class='ocrx_word' id='word_1_97' title='bbox 1149 1395 1206 1442; x_wconf 87' lang='grc' dir='ltr'>τὸ</span> <span class='ocrx_word' id='word_1_98' title='bbox 1254 1394 1551 1464; x_wconf 87' lang='grc' dir='ltr'>πρόσωπον,</span> <span class='ocrx_word' id='word_1_99' title='bbox 1603 1387 1813 1443; x_wconf 73' lang='grc' dir='ltr'>ἐδίωκεν</span> <span class='ocrx_word' id='word_1_100' title='bbox 1844 1389 1999 1441; x_wconf 69' lang='grc' dir='ltr'>αὐτὸν</span> 
     </span>
    </p>
   </div>
   <div class='ocr_carea' id='block_1_17' title="bbox 399 1478 1998 1552">
    <p class='ocr_par' dir='ltr' id='par_1_17' title="bbox 399 1478 1998 1552">
     <span class='ocr_line' id='line_1_17' title="bbox 399 1478 1998 1552; baseline 0.001 -25"><span class='ocrx_word' id='word_1_101' title='bbox 399 1495 451 1528; x_wconf 89' lang='grc' dir='ltr'><strong>τε</strong></span> <span class='ocrx_word' id='word_1_102' title='bbox 497 1481 587 1528; x_wconf 77' lang='grc' dir='ltr'>καὶ</span> <span class='ocrx_word' id='word_1_103' title='bbox 654 1480 771 1537; x_wconf 84' lang='grc' dir='ltr'>τοὺς</span> <span class='ocrx_word' id='word_1_104' title='bbox 826 1483 944 1551; x_wconf 86' lang='grc' dir='ltr'>περὶ</span> <span class='ocrx_word' id='word_1_105' title='bbox 997 1478 1151 1530; x_wconf 77' lang='grc' dir='ltr'>αὐτὸν</span> <span class='ocrx_word' id='word_1_106' title='bbox 1206 1480 1594 1552; x_wconf 77' lang='grc' dir='ltr'>ἐπιτεταμένως·</span> <span class='ocrx_word' id='word_1_107' title='bbox 1657 1482 1682 1532; x_wconf 94' lang='grc' dir='ltr'><strong>ό</strong></span> <span class='ocrx_word' id='word_1_108' title='bbox 1760 1480 1998 1551; x_wconf 72' lang='grc' dir='ltr'>θεοφόρος</span> 
     </span>
    </p>
   </div>
   <div class='ocr_carea' id='block_1_18' title="bbox 401 1560 1997 1641">
    <p class='ocr_par' dir='ltr' id='par_1_18' title="bbox 401 1560 1997 1641">
     <span class='ocr_line' id='line_1_18' title="bbox 401 1560 1997 1641; baseline 0.001 -24"><span class='ocrx_word' id='word_1_109' title='bbox 401 1560 462 1617; x_wconf 75' lang='grc' dir='ltr'>δε</span> <span class='ocrx_word' id='word_1_110' title='bbox 514 1570 608 1622; x_wconf 78' lang='grc' dir='ltr'>τὴν</span> <span class='ocrx_word' id='word_1_111' title='bbox 662 1563 763 1618; x_wconf 82' lang='grc' dir='ltr'><strong>ἀπὸ</strong></span> <span class='ocrx_word' id='word_1_112' title='bbox 809 1574 904 1627; x_wconf 80' lang='grc' dir='ltr'>τῆς</span> <span class='ocrx_word' id='word_1_113' title='bbox 959 1567 1232 1638; x_wconf 72' lang='grc' dir='ltr'>λεγομένης</span> <span class='ocrx_word' id='word_1_114' title='bbox 1282 1565 1627 1631; x_wconf 78' lang='grc' dir='ltr'>Ταξανίτιδος</span> <span class='ocrx_word' id='word_1_115' title='bbox 1679 1564 1997 1641; x_wconf 81' lang='grc' dir='ltr'>ὀδοιπωρίαν</span> 
     </span>
    </p>
   </div>
   <div class='ocr_carea' id='block_1_19' title="bbox 402 1651 1997 1730">
    <p class='ocr_par' dir='ltr' id='par_1_19' title="bbox 402 1651 1997 1730">
     <span class='ocr_line' id='line_1_19' title="bbox 402 1651 1997 1730; baseline 0.002 -25"><span class='ocrx_word' id='word_1_116' title='bbox 402 1652 727 1726; x_wconf 73' lang='grc' dir='ltr'>στειλάμενος</span> <span class='ocrx_word' id='word_1_117' title='bbox 773 1651 1000 1708; x_wconf 85' lang='grc' dir='ltr'>ὦδευσεν</span> <span class='ocrx_word' id='word_1_118' title='bbox 1050 1655 1162 1709; x_wconf 83' lang='grc' dir='ltr'>ὅλον</span> <span class='ocrx_word' id='word_1_119' title='bbox 1194 1659 1279 1708; x_wconf 88' lang='grc' dir='ltr'>τὸν</span> <span class='ocrx_word' id='word_1_120' title='bbox 1307 1664 1507 1730; x_wconf 85' lang='grc' dir='ltr'>Ταῦρον</span> <span class='ocrx_word' id='word_1_121' title='bbox 1554 1662 1717 1730; x_wconf 83' lang='grc' dir='ltr'>μέχρι</span> <span class='ocrx_word' id='word_1_122' title='bbox 1764 1665 1853 1717; x_wconf 76' lang='grc' dir='ltr'>τῆς</span> <span class='ocrx_word' id='word_1_123' title='bbox 1896 1676 1997 1708; x_wconf 90' lang='grc' dir='ltr'>κα-</span> 
     </span>
    </p>
   </div>
   <div class='ocr_carea' id='block_1_20' title="bbox 399 1742 1301 1818">
    <p class='ocr_par' dir='ltr' id='par_1_20' title="bbox 399 1742 1301 1818">
     <span class='ocr_line' id='line_1_20' title="bbox 399 1742 1301 1818; baseline 0.004 -23"><span class='ocrx_word' id='word_1_124' title='bbox 399 1742 644 1815; x_wconf 65' lang='grc' dir='ltr'>λουμένης</span> <span class='ocrx_word' id='word_1_125' title='bbox 721 1744 1016 1817; x_wconf 88' lang='grc' dir='ltr'>Ταμαλινῆς</span> <span class='ocrx_word' id='word_1_126' title='bbox 1082 1749 1276 1818; x_wconf 75' lang='grc' dir='ltr'>ἑνορίας</span> <span class='ocrx_word' id='word_1_127' title='bbox 1289 1762 1301 1775; x_wconf 73' lang='grc'>⁸</span> 
     </span>
    </p>
   </div>
   <div class='ocr_carea' id='block_1_21' title="bbox 400 1832 1997 1909">
    <p class='ocr_par' dir='ltr' id='par_1_21' title="bbox 400 1832 1997 1909">
     <span class='ocr_line' id='line_1_21' title="bbox 400 1832 1997 1909; baseline 0.001 -24"><span class='ocrx_word' id='word_1_128' title='bbox 400 1838 529 1907; x_wconf 90' lang='grc' dir='ltr'>μέρη</span> <span class='ocrx_word' id='word_1_129' title='bbox 570 1842 661 1894; x_wconf 84' lang='grc' dir='ltr'>τῆς</span> <span class='ocrx_word' id='word_1_130' title='bbox 702 1839 869 1906; x_wconf 86' lang='grc' dir='ltr'>κόμης</span> <span class='ocrx_word' id='word_1_131' title='bbox 916 1843 1009 1897; x_wconf 84' lang='grc' dir='ltr'>τῆς</span> <span class='ocrx_word' id='word_1_132' title='bbox 1056 1835 1325 1908; x_wconf 75' lang='grc' dir='ltr'>λεγομένης</span> <span class='ocrx_word' id='word_1_133' title='bbox 1374 1837 1709 1909; x_wconf 80' lang='grc' dir='ltr'>Ὀρχηστών,</span> <span class='ocrx_word' id='word_1_134' title='bbox 1760 1841 1849 1888; x_wconf 81' lang='grc' dir='ltr'>καὶ</span> <span class='ocrx_word' id='word_1_135' title='bbox 1880 1832 1997 1888; x_wconf 86' lang='grc' dir='ltr'>δια-</span> 
     </span>
    </p>
   </div>
   <div class='ocr_carea' id='block_1_22' title="bbox 400 1922 1995 2000">
    <p class='ocr_par' dir='ltr' id='par_1_22' title="bbox 400 1922 1995 2000">
     <span class='ocr_line' id='line_1_22' title="bbox 400 1922 1995 2000; baseline 0.002 -27"><span class='ocrx_word' id='word_1_136' title='bbox 400 1927 632 1994; x_wconf 82' lang='grc' dir='ltr'>κειμένης</span> <span class='ocrx_word' id='word_1_137' title='bbox 686 1922 733 1975; x_wconf 81' lang='grc' dir='ltr'><strong>έν</strong></span> <span class='ocrx_word' id='word_1_138' title='bbox 782 1932 842 1997; x_wconf 78' lang='grc' dir='ltr'>τῇ</span> <span class='ocrx_word' id='word_1_139' title='bbox 898 1930 1075 1997; x_wconf 82' lang='grc' dir='ltr'>πρώτῃ</span> <span class='ocrx_word' id='word_1_140' title='bbox 1127 1934 1226 1977; x_wconf 84' lang='grc' dir='ltr'>τῶν</span> <span class='ocrx_word' id='word_1_141' title='bbox 1271 1927 1550 1999; x_wconf 82' lang='grc' dir='ltr'>’Δρμενίων</span> <span class='ocrx_word' id='word_1_142' title='bbox 1600 1924 1835 2000; x_wconf 73' lang='grc' dir='ltr'>ἐπαρχίᾳ</span> <span class='ocrx_word' id='word_1_143' title='bbox 1863 1925 1995 1983; x_wconf 90' lang='grc' dir='ltr'>πλη-</span> 
     </span>
    </p>
   </div>
   <div class='ocr_carea' id='block_1_23' title="bbox 404 2012 1993 2088">
    <p class='ocr_par' dir='ltr' id='par_1_23' title="bbox 404 2012 1993 2088">
     <span class='ocr_line' id='line_1_23' title="bbox 404 2012 1993 2088; baseline 0.001 -24"><span class='ocrx_word' id='word_1_144' title='bbox 404 2017 517 2064; x_wconf 86' lang='grc' dir='ltr'>σίον</span> <span class='ocrx_word' id='word_1_145' title='bbox 569 2020 662 2075; x_wconf 69' lang='grc' dir='ltr'>τῆς</span> <span class='ocrx_word' id='word_1_146' title='bbox 717 2012 996 2065; x_wconf 79' lang='grc' dir='ltr'>Μελιτινῶν</span> <span class='ocrx_word' id='word_1_147' title='bbox 1062 2022 1367 2086; x_wconf 78' lang='grc' dir='ltr'>περιφανοῦς</span> <span class='ocrx_word' id='word_1_148' title='bbox 1420 2013 1804 2087; x_wconf 84' lang='grc' dir='ltr'>μητροπόλεως,</span> <span class='ocrx_word' id='word_1_149' title='bbox 1863 2033 1993 2088; x_wconf 77' lang='grc' dir='ltr'>παρο</span> 
     </span>
    </p>
   </div>
   <div class='ocr_carea' id='block_1_24' title="bbox 398 2100 1996 2175">
    <p class='ocr_par' dir='ltr' id='par_1_24' title="bbox 398 2100 1996 2175">
     <span class='ocr_line' id='line_1_24' title="bbox 398 2100 1996 2175; baseline 0.001 -20"><span class='ocrx_word' id='word_1_150' title='bbox 398 2100 596 2155; x_wconf 72' lang='grc' dir='ltr'>ενέέαλε</span> <span class='ocrx_word' id='word_1_151' title='bbox 648 2109 752 2161; x_wconf 88' lang='grc' dir='ltr'>τοῖς</span> <span class='ocrx_word' id='word_1_152' title='bbox 808 2101 1142 2173; x_wconf 81' lang='grc' dir='ltr'>καλουμένοις</span> <span class='ocrx_word' id='word_1_153' title='bbox 1220 2107 1519 2174; x_wconf 81' lang='grc' dir='ltr'>Χαυσόριος</span> <span class='ocrx_word' id='word_1_154' title='bbox 1575 2110 1665 2157; x_wconf 79' lang='grc' dir='ltr'>καὶ</span> <span class='ocrx_word' id='word_1_155' title='bbox 1752 2102 1996 2175; x_wconf 79' lang='grc' dir='ltr'>Χαραϐά-</span> 
     </span>
    </p>
   </div>
   <div class='ocr_carea' id='block_1_25' title="bbox 396 2187 1992 2263">
    <p class='ocr_par' dir='ltr' id='par_1_25' title="bbox 396 2187 1992 2263">
     <span class='ocr_line' id='line_1_25' title="bbox 396 2187 1992 2263; baseline 0.003 -22"><span class='ocrx_word' id='word_1_156' title='bbox 396 2191 490 2242; x_wconf 83' lang='grc' dir='ltr'><strong>θων</strong></span> <span class='ocrx_word' id='word_1_157' title='bbox 535 2195 730 2251; x_wconf 82' lang='grc' dir='ltr'>τόποις.</span> <span class='ocrx_word' id='word_1_158' title='bbox 763 2190 849 2253; x_wconf 84' lang='grc' dir='ltr'><strong>Ὠς</strong></span> <span class='ocrx_word' id='word_1_159' title='bbox 882 2187 940 2242; x_wconf 76' lang='grc' dir='ltr'>δε</span> <span class='ocrx_word' id='word_1_160' title='bbox 970 2199 1121 2243; x_wconf 92' lang='grc' dir='ltr'>τοῦτο</span> <span class='ocrx_word' id='word_1_161' title='bbox 1163 2191 1255 2244; x_wconf 71' lang='grc' dir='ltr'>οὐκ</span> <span class='ocrx_word' id='word_1_162' title='bbox 1289 2195 1417 2263; x_wconf 81' lang='grc' dir='ltr'>ἔγνω</span> <span class='ocrx_word' id='word_1_163' title='bbox 1454 2193 1690 2254; x_wconf 82' lang='grc' dir='ltr'>Σέλευκος</span> <span class='ocrx_word' id='word_1_164' title='bbox 1739 2199 1828 2246; x_wconf 83' lang='grc' dir='ltr'>καὶ</span> <span class='ocrx_word' id='word_1_165' title='bbox 1868 2193 1992 2246; x_wconf 82' lang='grc' dir='ltr'>ἂπο-</span> 
     </span>
    </p>
   </div>
   <div class='ocr_carea' id='block_1_26' title="bbox 396 2278 1995 2353">
    <p class='ocr_par' dir='ltr' id='par_1_26' title="bbox 396 2278 1995 2353">
     <span class='ocr_line' id='line_1_26' title="bbox 396 2278 1995 2353; baseline 0.003 -22"><span class='ocrx_word' id='word_1_166' title='bbox 396 2297 484 2352; x_wconf 90' lang='grc' dir='ltr'><strong>ρον</strong></span> <span class='ocrx_word' id='word_1_167' title='bbox 541 2279 680 2348; x_wconf 71' lang='grc' dir='ltr'>αὐτῷ</span> <span class='ocrx_word' id='word_1_168' title='bbox 738 2280 1069 2332; x_wconf 88' lang='grc' dir='ltr'>παντάπασιν</span> <span class='ocrx_word' id='word_1_169' title='bbox 1144 2278 1203 2339; x_wconf 80' lang='grc' dir='ltr'>ἦν</span> <span class='ocrx_word' id='word_1_170' title='bbox 1252 2284 1311 2333; x_wconf 88' lang='grc' dir='ltr'>τὸ</span> <span class='ocrx_word' id='word_1_171' title='bbox 1369 2284 1551 2353; x_wconf 83' lang='grc' dir='ltr'>μαθεῖν</span> <span class='ocrx_word' id='word_1_172' title='bbox 1610 2279 1703 2335; x_wconf 80' lang='grc' dir='ltr'><strong>διὰ</strong></span> <span class='ocrx_word' id='word_1_173' title='bbox 1760 2287 1913 2345; x_wconf 88' lang='grc' dir='ltr'>ποίας</span> <span class='ocrx_word' id='word_1_174' title='bbox 1970 2284 1995 2335; x_wconf 90' lang='grc' dir='ltr'><strong>ό</strong></span> 
     </span>
    </p>
   </div>
   <div class='ocr_carea' id='block_1_27' title="bbox 398 2365 1996 2445">
    <p class='ocr_par' dir='ltr' id='par_1_27' title="bbox 398 2365 1996 2445">
     <span class='ocr_line' id='line_1_27' title="bbox 398 2365 1996 2445; baseline 0.003 -26"><span class='ocrx_word' id='word_1_175' title='bbox 398 2368 544 2439; x_wconf 79' lang='grc' dir='ltr'>ἅγιος</span> <span class='ocrx_word' id='word_1_176' title='bbox 572 2365 820 2435; x_wconf 75' lang='grc' dir='ltr'>ὧδευσεν,</span> <span class='ocrx_word' id='word_1_177' title='bbox 851 2365 1149 2441; x_wconf 81' lang='grc' dir='ltr'>εἰσδραμών</span> <span class='ocrx_word' id='word_1_178' title='bbox 1179 2389 1259 2431; x_wconf 82' lang='grc' dir='ltr'><strong>τις</strong></span> <span class='ocrx_word' id='word_1_179' title='bbox 1307 2369 1435 2444; x_wconf 79' lang='grc' dir='ltr'>ἀνὴρ</span> <span class='ocrx_word' id='word_1_180' title='bbox 1484 2376 1610 2445; x_wconf 84' lang='grc' dir='ltr'>πρὸς</span> <span class='ocrx_word' id='word_1_181' title='bbox 1640 2372 1795 2424; x_wconf 73' lang='grc' dir='ltr'>αὐτὸν</span> <span class='ocrx_word' id='word_1_182' title='bbox 1843 2379 1996 2445; x_wconf 75' lang='grc' dir='ltr'>Μαρο</span> 
     </span>
    </p>
   </div>
   <div class='ocr_carea' id='block_1_28' title="bbox 397 2461 1993 2536">
    <p class='ocr_par' dir='ltr' id='par_1_28' title="bbox 397 2461 1993 2536">
     <span class='ocr_line' id='line_1_28' title="bbox 397 2461 1993 2536; baseline 0.004 -28"><span class='ocrx_word' id='word_1_183' title='bbox 397 2464 532 2519; x_wconf 84' lang='grc' dir='ltr'>τίνος</span> <span class='ocrx_word' id='word_1_184' title='bbox 579 2461 805 2531; x_wconf 71' lang='grc' dir='ltr'>τοῦνομα</span> <span class='ocrx_word' id='word_1_185' title='bbox 858 2463 1208 2530; x_wconf 80' lang='grc' dir='ltr'>κατεμήνυσεν</span> <span class='ocrx_word' id='word_1_186' title='bbox 1258 2462 1321 2521; x_wconf 84' lang='grc' dir='ltr'>ὡς</span> <span class='ocrx_word' id='word_1_187' title='bbox 1365 2464 1422 2512; x_wconf 90' lang='grc' dir='ltr'><strong>τό</strong></span> <span class='ocrx_word' id='word_1_188' title='bbox 1478 2464 1594 2535; x_wconf 79' lang='grc' dir='ltr'>ὄρος</span> <span class='ocrx_word' id='word_1_189' title='bbox 1649 2469 1740 2513; x_wconf 91' lang='grc' dir='ltr'><strong>τοῦ</strong></span> <span class='ocrx_word' id='word_1_190' title='bbox 1788 2464 1993 2536; x_wconf 87' lang='grc' dir='ltr'>Ταύρου</span> 
     </span>
    </p>
   </div>
   <div class='ocr_carea' id='block_1_29' title="bbox 397 2544 1921 2622">
    <p class='ocr_par' dir='ltr' id='par_1_29' title="bbox 397 2544 1921 2622">
     <span class='ocr_line' id='line_1_29' title="bbox 397 2544 1921 2622; baseline 0.004 -24"><span class='ocrx_word' id='word_1_191' title='bbox 397 2545 568 2599; x_wconf 82' lang='grc' dir='ltr'>λαϐὼν</span> <span class='ocrx_word' id='word_1_192' title='bbox 597 2556 659 2620; x_wconf 77' lang='grc' dir='ltr'>τῇ</span> <span class='ocrx_word' id='word_1_193' title='bbox 694 2544 729 2600; x_wconf 78' lang='grc' dir='ltr'><em>δ</em></span> <span class='ocrx_word' id='word_1_194' title='bbox 734 2547 767 2599; x_wconf 87' lang='grc' dir='ltr'>ι’</span> <span class='ocrx_word' id='word_1_195' title='bbox 799 2546 990 2600; x_wconf 78' lang='grc' dir='ltr'>ἐκείνου</span> <span class='ocrx_word' id='word_1_196' title='bbox 1016 2552 1202 2620; x_wconf 83' lang='grc' dir='ltr'>πορείᾳ</span> <span class='ocrx_word' id='word_1_197' title='bbox 1230 2552 1323 2607; x_wconf 74' lang='grc' dir='ltr'><strong>την</strong></span> <span class='ocrx_word' id='word_1_198' title='bbox 1355 2546 1584 2622; x_wconf 78' lang='grc' dir='ltr'>πάροδον</span> <span class='ocrx_word' id='word_1_199' title='bbox 1615 2549 1921 2608; x_wconf 79' lang='grc' dir='ltr'>ἐποιήσατο.</span> 
     </span>
    </p>
   </div>
   <div class='ocr_carea' id='block_1_30' title="bbox 470 2721 1996 2799">
    <p class='ocr_par' dir='ltr' id='par_1_30' title="bbox 470 2721 1996 2799">
     <span class='ocr_line' id='line_1_30' title="bbox 470 2721 1996 2799; baseline 0.001 -21"><span class='ocrx_word' id='word_1_200' title='bbox 470 2724 526 2778; x_wconf 88' lang='grc' dir='ltr'><strong>Ι’.</strong></span> <span class='ocrx_word' id='word_1_201' title='bbox 577 2730 701 2776; x_wconf 88' lang='grc' dir='ltr'>Τότε</span> <span class='ocrx_word' id='word_1_202' title='bbox 729 2722 816 2776; x_wconf 80' lang='grc' dir='ltr'>οὖν</span> <span class='ocrx_word' id='word_1_203' title='bbox 863 2725 888 2776; x_wconf 93' lang='grc' dir='ltr'><strong>ό</strong></span> <span class='ocrx_word' id='word_1_204' title='bbox 936 2721 1162 2786; x_wconf 84' lang='grc' dir='ltr'>διώκτης</span> <span class='ocrx_word' id='word_1_205' title='bbox 1209 2724 1392 2788; x_wconf 81' lang='grc' dir='ltr'>έκεῖνος</span> <span class='ocrx_word' id='word_1_206' title='bbox 1439 2734 1590 2779; x_wconf 89' lang='grc' dir='ltr'>τοῦτο</span> <span class='ocrx_word' id='word_1_207' title='bbox 1640 2729 1839 2799; x_wconf 86' lang='grc' dir='ltr'>μαθὼν,</span> <span class='ocrx_word' id='word_1_208' title='bbox 1872 2745 1996 2780; x_wconf 84' lang='grc' dir='ltr'>κατ-</span> 
     </span>
    </p>
   </div>
   <div class='ocr_carea' id='block_1_31' title="bbox 398 2810 1994 2889">
    <p class='ocr_par' dir='ltr' id='par_1_31' title="bbox 398 2810 1994 2889">
     <span class='ocr_line' id='line_1_31' title="bbox 398 2810 1994 2889; baseline 0.004 -26"><span class='ocrx_word' id='word_1_209' title='bbox 398 2810 542 2864; x_wconf 69' lang='grc' dir='ltr'>ελαϐε</span> <span class='ocrx_word' id='word_1_210' title='bbox 610 2816 696 2864; x_wconf 85' lang='grc' dir='ltr'>τὸν</span> <span class='ocrx_word' id='word_1_211' title='bbox 756 2817 911 2865; x_wconf 89' lang='grc' dir='ltr'>τόπον</span> <span class='ocrx_word' id='word_1_212' title='bbox 963 2817 1049 2866; x_wconf 88' lang='grc' dir='ltr'><strong>τόν</strong></span> <span class='ocrx_word' id='word_1_213' title='bbox 1121 2814 1391 2887; x_wconf 86' lang='grc' dir='ltr'>λεγόμενον</span> <span class='ocrx_word' id='word_1_214' title='bbox 1443 2819 1789 2889; x_wconf 82' lang='grc' dir='ltr'>Χαυσούριος·</span> <span class='ocrx_word' id='word_1_215' title='bbox 1851 2818 1877 2868; x_wconf 94' lang='grc' dir='ltr'><strong>ό</strong></span> <span class='ocrx_word' id='word_1_216' title='bbox 1935 2812 1994 2869; x_wconf 71' lang='grc' dir='ltr'><strong>δὲ</strong></span> 
     </span>
    </p>
   </div>
   <div class='ocr_carea' id='block_1_32' title="bbox 394 2904 1993 2978">
    <p class='ocr_par' dir='ltr' id='par_1_32' title="bbox 394 2904 1993 2978">
     <span class='ocr_line' id='line_1_32' title="bbox 394 2904 1993 2978; baseline 0.003 -26"><span class='ocrx_word' id='word_1_217' title='bbox 394 2904 720 2974; x_wconf 79' lang='grc' dir='ltr'>πανεύφημος</span> <span class='ocrx_word' id='word_1_218' title='bbox 776 2904 975 2977; x_wconf 82' lang='grc' dir='ltr'>μάρτυς</span> <span class='ocrx_word' id='word_1_219' title='bbox 1036 2908 1290 2957; x_wconf 85' lang='grc' dir='ltr'>συνόντων</span> <span class='ocrx_word' id='word_1_220' title='bbox 1336 2905 1477 2975; x_wconf 77' lang='grc' dir='ltr'>αύτῴ</span> <span class='ocrx_word' id='word_1_221' title='bbox 1534 2910 1841 2978; x_wconf 87' lang='grc' dir='ltr'>πανταχόσε</span> <span class='ocrx_word' id='word_1_222' title='bbox 1894 2913 1993 2957; x_wconf 86' lang='grc' dir='ltr'>τῶν</span> 
     </span>
    </p>
   </div>
   <div class='ocr_carea' id='block_1_33' title="bbox 395 2990 1990 3069">
    <p class='ocr_par' dir='ltr' id='par_1_33' title="bbox 395 2990 1990 3069">
     <span class='ocr_line' id='line_1_33' title="bbox 395 2990 1990 3069; baseline 0.003 -27"><span class='ocrx_word' id='word_1_223' title='bbox 395 2999 597 3042; x_wconf 86' lang='grc' dir='ltr'>πιστῶν</span> <span class='ocrx_word' id='word_1_224' title='bbox 653 2990 852 3044; x_wconf 75' lang='grc' dir='ltr'>ἐκείνων</span> <span class='ocrx_word' id='word_1_225' title='bbox 912 3000 1243 3067; x_wconf 85' lang='grc' dir='ltr'>στρατιωτῶν</span> <span class='ocrx_word' id='word_1_226' title='bbox 1300 2994 1541 3067; x_wconf 82' lang='grc' dir='ltr'>ὥρμησεν</span> <span class='ocrx_word' id='word_1_227' title='bbox 1590 2993 1673 3046; x_wconf 75' lang='grc' dir='ltr'><strong>ἐπὶ</strong></span> <span class='ocrx_word' id='word_1_228' title='bbox 1732 2997 1795 3047; x_wconf 76' lang='grc' dir='ltr'>τὰ</span> <span class='ocrx_word' id='word_1_229' title='bbox 1860 2998 1990 3069; x_wconf 87' lang='grc' dir='ltr'>μέρη</span> 
     </span>
    </p>
   </div>
   <div class='ocr_carea' id='block_1_34' title="bbox 2108 499 3764 574">
    <p class='ocr_par' dir='ltr' id='par_1_34' title="bbox 2108 499 3764 574">
     <span class='ocr_line' id='line_1_34' title="bbox 2108 499 3764 574; baseline 0.005 -24"><span class='ocrx_word' id='word_1_230' title='bbox 2108 499 2326 556; x_wconf 89' lang='lat' dir='ltr'><strong>simum</strong></span> <span class='ocrx_word' id='word_1_231' title='bbox 2354 501 2672 574; x_wconf 89' lang='lat' dir='ltr'><strong>baptisma.</strong></span> <span class='ocrx_word' id='word_1_232' title='bbox 2697 502 2867 569; x_wconf 88' lang='lat' dir='ltr'><strong>Quod</strong></span> <span class='ocrx_word' id='word_1_233' title='bbox 2891 502 3076 558; x_wconf 89' lang='lat' dir='ltr'><strong>multo</strong></span> <span class='ocrx_word' id='word_1_234' title='bbox 3103 518 3238 557; x_wconf 90' lang='lat' dir='ltr'><strong>cum</strong></span> <span class='ocrx_word' id='word_1_235' title='bbox 3253 503 3548 560; x_wconf 90' lang='lat' dir='ltr'><strong>desiderio</strong></span> <span class='ocrx_word' id='word_1_236' title='bbox 3572 507 3764 560; x_wconf 89' lang='lat' dir='ltr'><strong>etcer—</strong></span> 
     </span>
    </p>
   </div>
   <div class='ocr_carea' id='block_1_35' title="bbox 2110 588 3759 664">
    <p class='ocr_par' dir='ltr' id='par_1_35' title="bbox 2110 588 3759 664">
     <span class='ocr_line' id='line_1_35' title="bbox 2110 588 3759 664; baseline 0.005 -24"><span class='ocrx_word' id='word_1_237' title='bbox 2110 588 2275 643; x_wconf 78' lang='lat' dir='ltr'><strong>tandi</strong></span> <span class='ocrx_word' id='word_1_238' title='bbox 2304 590 2517 647; x_wconf 84' lang='lat' dir='ltr'><strong>ardore</strong></span> <span class='ocrx_word' id='word_1_239' title='bbox 2553 593 2817 664; x_wconf 82' lang='lat' dir='ltr'><strong>suscepit</strong></span> <span class='ocrx_word' id='word_1_240' title='bbox 2845 607 2967 648; x_wconf 90' lang='lat' dir='ltr'><strong>una</strong></span> <span class='ocrx_word' id='word_1_241' title='bbox 3002 608 3138 647; x_wconf 91' lang='lat' dir='ltr'><strong>cum</strong></span> <span class='ocrx_word' id='word_1_242' title='bbox 3168 590 3519 646; x_wconf 85' lang='lat' dir='ltr'><strong>ﬁdellisimis</strong></span> <span class='ocrx_word' id='word_1_243' title='bbox 3560 592 3759 649; x_wconf 89' lang='lat' dir='ltr'><strong>militi-</strong></span> 
     </span>
    </p>
   </div>
   <div class='ocr_carea' id='block_1_36' title="bbox 2108 674 3758 752">
    <p class='ocr_par' dir='ltr' id='par_1_36' title="bbox 2108 674 3758 752">
     <span class='ocr_line' id='line_1_36' title="bbox 2108 674 3758 752; baseline 0.004 -22"><span class='ocrx_word' id='word_1_244' title='bbox 2108 674 2243 742; x_wconf 87' lang='lat' dir='ltr'><strong>bus,</strong></span> <span class='ocrx_word' id='word_1_245' title='bbox 2283 695 2437 751; x_wconf 92' lang='lat' dir='ltr'><strong>quos</strong></span> <span class='ocrx_word' id='word_1_246' title='bbox 2465 698 2668 738; x_wconf 86' lang='lat' dir='ltr'><strong>secum</strong></span> <span class='ocrx_word' id='word_1_247' title='bbox 2723 680 2987 738; x_wconf 79' lang='lat' dir='ltr'><strong>habebat</strong></span> <span class='ocrx_word' id='word_1_248' title='bbox 3032 680 3132 752; x_wconf 92' lang='lat'><strong>(8).</strong></span> <span class='ocrx_word' id='word_1_249' title='bbox 3188 682 3322 736; x_wconf 82' lang='lat' dir='ltr'><strong>Erat</strong></span> <span class='ocrx_word' id='word_1_250' title='bbox 3372 685 3572 737; x_wconf 88' lang='lat' dir='ltr'><strong>autem</strong></span> <span class='ocrx_word' id='word_1_251' title='bbox 3618 696 3758 737; x_wconf 89' lang='lat' dir='ltr'><strong>cum</strong></span> 
     </span>
    </p>
   </div>
   <div class='ocr_carea' id='block_1_37' title="bbox 2112 769 3762 842">
    <p class='ocr_par' dir='ltr' id='par_1_37' title="bbox 2112 769 3762 842">
     <span class='ocr_line' id='line_1_37' title="bbox 2112 769 3762 842; baseline 0.004 -21"><span class='ocrx_word' id='word_1_252' title='bbox 2112 769 2279 824; x_wconf 89' lang='lat' dir='ltr'><strong>Petro</strong></span> <span class='ocrx_word' id='word_1_253' title='bbox 2295 769 2581 842; x_wconf 88' lang='lat' dir='ltr'><strong>episcopo</strong></span> <span class='ocrx_word' id='word_1_254' title='bbox 2610 777 2666 826; x_wconf 90' lang='lat' dir='ltr'><strong>et</strong></span> <span class='ocrx_word' id='word_1_255' title='bbox 2695 775 2942 827; x_wconf 84' lang='lat' dir='ltr'><strong>Nonnus</strong></span> <span class='ocrx_word' id='word_1_256' title='bbox 2979 770 3301 842; x_wconf 90' lang='lat' dir='ltr'><strong>episcopus</strong></span> <span class='ocrx_word' id='word_1_257' title='bbox 3351 771 3587 826; x_wconf 69' lang='lat' dir='ltr'><strong>Bermm.</strong></span> <span class='ocrx_word' id='word_1_258' title='bbox 3625 773 3762 827; x_wconf 85' lang='lat' dir='ltr'><strong>Post</strong></span> 
     </span>
    </p>
   </div>
   <div class='ocr_carea' id='block_1_38' title="bbox 2108 856 3764 930">
    <p class='ocr_par' dir='ltr' id='par_1_38' title="bbox 2108 856 3764 930">
     <span class='ocr_line' id='line_1_38' title="bbox 2108 856 3764 930; baseline 0.001 -18"><span class='ocrx_word' id='word_1_259' title='bbox 2108 856 2239 912; x_wconf 73' lang='lat' dir='ltr'><strong>haec</strong></span> <span class='ocrx_word' id='word_1_260' title='bbox 2273 859 2536 915; x_wconf 72' lang='lat' dir='ltr'><strong>Andreas</strong></span> <span class='ocrx_word' id='word_1_261' title='bbox 2566 860 2856 916; x_wconf 82' lang='lat' dir='ltr'><strong>celeritate</strong></span> <span class='ocrx_word' id='word_1_262' title='bbox 2888 875 3053 927; x_wconf 87' lang='lat' dir='ltr'><strong>usus,</strong></span> <span class='ocrx_word' id='word_1_263' title='bbox 3102 859 3245 914; x_wconf 82' lang='lat' dir='ltr'><strong>exiit</strong></span> <span class='ocrx_word' id='word_1_264' title='bbox 3277 859 3337 914; x_wconf 91' lang='lat' dir='ltr'><strong>in</strong></span> <span class='ocrx_word' id='word_1_265' title='bbox 3390 860 3610 922; x_wconf 91' lang='lat' dir='ltr'><strong>locum,</strong></span> <span class='ocrx_word' id='word_1_266' title='bbox 3655 858 3764 930; x_wconf 88' lang='lat' dir='ltr'><strong>qui</strong></span> 
     </span>
    </p>
   </div>
   <div class='ocr_carea' id='block_1_39' title="bbox 2109 945 3759 1016">
    <p class='ocr_par' dir='ltr' id='par_1_39' title="bbox 2109 945 3759 1016">
     <span class='ocr_line' id='line_1_39' title="bbox 2109 945 3759 1016; baseline 0.001 -16"><span class='ocrx_word' id='word_1_267' title='bbox 2109 945 2324 1002; x_wconf 90' lang='lat' dir='ltr'><strong>dicitur</strong></span> <span class='ocrx_word' id='word_1_268' title='bbox 2363 950 2663 1016; x_wconf 84' lang='lat' dir='ltr'><strong>Taxanite,</strong></span> <span class='ocrx_word' id='word_1_269' title='bbox 2723 964 2844 1005; x_wconf 91' lang='lat' dir='ltr'><strong>non</strong></span> <span class='ocrx_word' id='word_1_270' title='bbox 2896 952 3058 1005; x_wconf 89' lang='lat' dir='ltr'><strong>metu</strong></span> <span class='ocrx_word' id='word_1_271' title='bbox 3122 948 3183 1003; x_wconf 89' lang='lat' dir='ltr'><strong>id</strong></span> <span class='ocrx_word' id='word_1_272' title='bbox 3239 947 3488 1013; x_wconf 79' lang='lat' dir='ltr'><strong>faciens,</strong></span> <span class='ocrx_word' id='word_1_273' title='bbox 3551 946 3657 1003; x_wconf 85' lang='lat' dir='ltr'><strong>sed</strong></span> <span class='ocrx_word' id='word_1_274' title='bbox 3694 951 3759 1002; x_wconf 91' lang='lat' dir='ltr'><strong>ut</strong></span> 
     </span>
    </p>
   </div>
   <div class='ocr_carea' id='block_1_40' title="bbox 2111 1036 3759 1109">
    <p class='ocr_par' dir='ltr' id='par_1_40' title="bbox 2111 1036 3759 1109">
     <span class='ocr_line' id='line_1_40' title="bbox 2111 1036 3759 1109; baseline 0.001 -20"><span class='ocrx_word' id='word_1_275' title='bbox 2111 1040 2475 1107; x_wconf 65' lang='lat' dir='ltr'><strong>praeceptum</strong></span> <span class='ocrx_word' id='word_1_276' title='bbox 2512 1038 2741 1094; x_wconf 88' lang='lat' dir='ltr'><strong>Domini</strong></span> <span class='ocrx_word' id='word_1_277' title='bbox 2761 1043 3043 1102; x_wconf 82' lang='lat' dir='ltr'><strong>servaret,</strong></span> <span class='ocrx_word' id='word_1_278' title='bbox 3061 1037 3226 1109; x_wconf 88' lang='lat' dir='ltr'><strong>quod</strong></span> <span class='ocrx_word' id='word_1_279' title='bbox 3240 1037 3321 1092; x_wconf 89' lang='lat' dir='ltr'><strong>ita</strong></span> <span class='ocrx_word' id='word_1_280' title='bbox 3350 1036 3587 1092; x_wconf 86' lang='lat' dir='ltr'><strong>deﬁnit:</strong></span> <span class='ocrx_word' id='word_1_281' title='bbox 3608 1036 3759 1092; x_wconf 84' lang='lat' dir='ltr'><strong>Cum</strong></span> 
     </span>
    </p>
   </div>
   <div class='ocr_carea' id='block_1_41' title="bbox 2106 1126 3758 1196">
    <p class='ocr_par' dir='ltr' id='par_1_41' title="bbox 2106 1126 3758 1196">
     <span class='ocr_line' id='line_1_41' title="bbox 2106 1126 3758 1196; baseline 0.002 -18"><span class='ocrx_word' id='word_1_282' title='bbox 2106 1126 2402 1193; x_wconf 80' lang='lat' dir='ltr'><strong>persecuti</strong></span> <span class='ocrx_word' id='word_1_283' title='bbox 2415 1127 2851 1195; x_wconf 76' lang='lat' dir='ltr'><strong>vosfuem’nt,ea:</strong></span> <span class='ocrx_word' id='word_1_284' title='bbox 2862 1142 2983 1183; x_wconf 84' lang='lat' dir='ltr'><strong>una</strong></span> <span class='ocrx_word' id='word_1_285' title='bbox 2993 1126 3225 1182; x_wconf 75' lang='lat' dir='ltr'><strong>civitate</strong></span> <span class='ocrx_word' id='word_1_286' title='bbox 3230 1126 3429 1196; x_wconf 81' lang='lat' dir='ltr'><strong>fugite</strong></span> <span class='ocrx_word' id='word_1_287' title='bbox 3442 1128 3503 1181; x_wconf 76' lang='lat' dir='ltr'><strong>in</strong></span> <span class='ocrx_word' id='word_1_288' title='bbox 3516 1127 3701 1182; x_wconf 79' lang='lat' dir='ltr'><strong>aliam</strong></span> <span class='ocrx_word' id='word_1_289' title='bbox 3714 1126 3733 1161; x_wconf 87' lang='grc'>¹</span> <span class='ocrx_word' id='word_1_290' title='bbox 3743 1166 3758 1182; x_wconf 94' lang='grc'><strong>.</strong></span> 
     </span>
    </p>
   </div>
   <div class='ocr_carea' id='block_1_42' title="bbox 2112 1213 3759 1272">
    <p class='ocr_par' dir='ltr' id='par_1_42' title="bbox 2112 1213 3759 1272">
     <span class='ocr_line' id='line_1_42' title="bbox 2112 1213 3759 1272; baseline 0 -2"><span class='ocrx_word' id='word_1_291' title='bbox 2112 1213 2388 1270; x_wconf 82' lang='lat' dir='ltr'><strong>Seleucus</strong></span> <span class='ocrx_word' id='word_1_292' title='bbox 2410 1230 2549 1271; x_wconf 90' lang='lat' dir='ltr'><strong>vero</strong></span> <span class='ocrx_word' id='word_1_293' title='bbox 2578 1232 2717 1270; x_wconf 89' lang='lat' dir='ltr'><strong>cum</strong></span> <span class='ocrx_word' id='word_1_294' title='bbox 2743 1214 3536 1272; x_wconf 85' lang='lat' dir='ltr'><strong>audivissetdivinumillum</strong></span> <span class='ocrx_word' id='word_1_295' title='bbox 3564 1214 3759 1270; x_wconf 89' lang='lat' dir='ltr'><strong>virum</strong></span> 
     </span>
    </p>
   </div>
   <div class='ocr_carea' id='block_1_43' title="bbox 2108 1302 3757 1374">
    <p class='ocr_par' dir='ltr' id='par_1_43' title="bbox 2108 1302 3757 1374">
     <span class='ocr_line' id='line_1_43' title="bbox 2108 1302 3757 1374; baseline 0.001 -17"><span class='ocrx_word' id='word_1_296' title='bbox 2108 1319 2176 1358; x_wconf 83' lang='lat' dir='ltr'><strong>ex</strong></span> <span class='ocrx_word' id='word_1_297' title='bbox 2207 1318 2279 1358; x_wconf 90' lang='lat' dir='ltr'><strong>ea</strong></span> <span class='ocrx_word' id='word_1_298' title='bbox 2304 1303 2449 1359; x_wconf 91' lang='lat' dir='ltr'><strong>urbe</strong></span> <span class='ocrx_word' id='word_1_299' title='bbox 2481 1303 2860 1374; x_wconf 89' lang='lat' dir='ltr'><strong>migravisse,</strong></span> <span class='ocrx_word' id='word_1_300' title='bbox 2907 1304 3299 1360; x_wconf 76' lang='lat' dir='ltr'><strong>sollicitudine</strong></span> <span class='ocrx_word' id='word_1_301' title='bbox 3326 1302 3757 1359; x_wconf 85' lang='lat' dir='ltr'><strong>etconfusione</strong></span> 
     </span>
    </p>
   </div>
   <div class='ocr_carea' id='block_1_44' title="bbox 2108 1392 3758 1465">
    <p class='ocr_par' dir='ltr' id='par_1_44' title="bbox 2108 1392 3758 1465">
     <span class='ocr_line' id='line_1_44' title="bbox 2108 1392 3758 1465; baseline 0 -19"><span class='ocrx_word' id='word_1_302' title='bbox 2108 1392 2369 1464; x_wconf 89' lang='lat' dir='ltr'><strong>quadam</strong></span> <span class='ocrx_word' id='word_1_303' title='bbox 2399 1392 2666 1458; x_wconf 80' lang='lat' dir='ltr'><strong>affectus,</strong></span> <span class='ocrx_word' id='word_1_304' title='bbox 2702 1398 2759 1449; x_wconf 92' lang='lat' dir='ltr'><strong>et</strong></span> <span class='ocrx_word' id='word_1_305' title='bbox 2781 1408 2901 1465; x_wconf 72' lang='lat' dir='ltr'><strong>pm</strong></span> <span class='ocrx_word' id='word_1_306' title='bbox 2920 1393 3151 1448; x_wconf 85' lang='lat' dir='ltr'><strong>tristitia</strong></span> <span class='ocrx_word' id='word_1_307' title='bbox 3180 1392 3413 1447; x_wconf 85' lang='lat' dir='ltr'><strong>vultum</strong></span> <span class='ocrx_word' id='word_1_308' title='bbox 3460 1396 3758 1447; x_wconf 90' lang='lat' dir='ltr'><strong>mutatum</strong></span> 
     </span>
    </p>
   </div>
   <div class='ocr_carea' id='block_1_45' title="bbox 2108 1480 3759 1552">
    <p class='ocr_par' dir='ltr' id='par_1_45' title="bbox 2108 1480 3759 1552">
     <span class='ocr_line' id='line_1_45' title="bbox 2108 1480 3759 1552; baseline -0.001 -15"><span class='ocrx_word' id='word_1_309' title='bbox 2108 1480 2357 1545; x_wconf 87' lang='lat' dir='ltr'><strong>habens,</strong></span> <span class='ocrx_word' id='word_1_310' title='bbox 2387 1481 2609 1537; x_wconf 89' lang='lat' dir='ltr'><strong>intento</strong></span> <span class='ocrx_word' id='word_1_311' title='bbox 2637 1498 2814 1537; x_wconf 87' lang='lat' dir='ltr'><strong>cursu</strong></span> <span class='ocrx_word' id='word_1_312' title='bbox 2854 1486 2909 1537; x_wconf 91' lang='lat' dir='ltr'><strong>et</strong></span> <span class='ocrx_word' id='word_1_313' title='bbox 2935 1482 3155 1552; x_wconf 90' lang='lat' dir='ltr'><strong>ipsum,</strong></span> <span class='ocrx_word' id='word_1_314' title='bbox 3184 1488 3237 1536; x_wconf 87' lang='lat' dir='ltr'><strong>et</strong></span> <span class='ocrx_word' id='word_1_315' title='bbox 3277 1481 3406 1552; x_wconf 87' lang='lat' dir='ltr'><strong>ejus</strong></span> <span class='ocrx_word' id='word_1_316' title='bbox 3426 1481 3623 1537; x_wconf 88' lang='lat' dir='ltr'><strong>socios</strong></span> <span class='ocrx_word' id='word_1_317' title='bbox 3670 1480 3759 1535; x_wconf 87' lang='lat' dir='ltr'><strong>in-</strong></span> 
     </span>
    </p>
   </div>
   <div class='ocr_carea' id='block_1_46' title="bbox 2108 1570 3755 1641">
    <p class='ocr_par' dir='ltr' id='par_1_46' title="bbox 2108 1570 3755 1641">
     <span class='ocr_line' id='line_1_46' title="bbox 2108 1570 3755 1641; baseline 0 -16"><span class='ocrx_word' id='word_1_318' title='bbox 2108 1571 2485 1641; x_wconf 87' lang='lat' dir='ltr'><strong>sequebatur.</strong></span> <span class='ocrx_word' id='word_1_319' title='bbox 2511 1573 2684 1627; x_wconf 88' lang='lat' dir='ltr'><strong>Porro</strong></span> <span class='ocrx_word' id='word_1_320' title='bbox 2707 1571 2991 1635; x_wconf 83' lang='lat' dir='ltr'><strong>Andreas,</strong></span> <span class='ocrx_word' id='word_1_321' title='bbox 3016 1586 3154 1626; x_wconf 91' lang='lat' dir='ltr'><strong>cum</strong></span> <span class='ocrx_word' id='word_1_322' title='bbox 3180 1575 3235 1626; x_wconf 90' lang='lat' dir='ltr'><strong>et</strong></span> <span class='ocrx_word' id='word_1_323' title='bbox 3259 1585 3290 1625; x_wconf 91' lang='lat' dir='ltr'><strong>e</strong></span> <span class='ocrx_word' id='word_1_324' title='bbox 3319 1570 3452 1626; x_wconf 94' lang='lat' dir='ltr'><strong>loco</strong></span> <span class='ocrx_word' id='word_1_325' title='bbox 3470 1570 3755 1626; x_wconf 82' lang='lat' dir='ltr'><strong>Taxanite</strong></span> 
     </span>
    </p>
   </div>
   <div class='ocr_carea' id='block_1_47' title="bbox 2107 1658 3754 1731">
    <p class='ocr_par' dir='ltr' id='par_1_47' title="bbox 2107 1658 3754 1731">
     <span class='ocr_line' id='line_1_47' title="bbox 2107 1658 3754 1731; baseline 0.001 -18"><span class='ocrx_word' id='word_1_326' title='bbox 2107 1658 2494 1725; x_wconf 88' lang='lat' dir='ltr'><strong>discessisset,</strong></span> <span class='ocrx_word' id='word_1_327' title='bbox 2554 1665 2732 1716; x_wconf 90' lang='lat' dir='ltr'><strong>totum</strong></span> <span class='ocrx_word' id='word_1_328' title='bbox 2786 1666 3050 1717; x_wconf 89' lang='lat' dir='ltr'><strong>montem</strong></span> <span class='ocrx_word' id='word_1_329' title='bbox 3081 1660 3347 1715; x_wconf 90' lang='lat' dir='ltr'><strong>Taurum</strong></span> <span class='ocrx_word' id='word_1_330' title='bbox 3406 1658 3754 1731; x_wconf 83' lang='lat' dir='ltr'><strong>peragravit</strong></span> 
     </span>
    </p>
   </div>
   <div class='ocr_carea' id='block_1_48' title="bbox 1380 1744 1995 1820">
    <p class='ocr_par' dir='ltr' id='par_1_48' title="bbox 1380 1746 1993 1807">
     <span class='ocr_line' id='line_1_48' title="bbox 1380 1746 1993 1807; baseline 0.002 -9"><span class='ocrx_word' id='word_1_331' title='bbox 1380 1752 1471 1800; x_wconf 78' lang='grc' dir='ltr'>καὶ</span> <span class='ocrx_word' id='word_1_332' title='bbox 1546 1746 1700 1799; x_wconf 79' lang='grc' dir='ltr'>ἐλθὼν</span> <span class='ocrx_word' id='word_1_333' title='bbox 1782 1746 1855 1807; x_wconf 79' lang='grc' dir='ltr'>εἰς</span> <span class='ocrx_word' id='word_1_334' title='bbox 1932 1749 1993 1800; x_wconf 83' lang='grc' dir='ltr'>τὰ</span> 
     </span>
    </p>
   </div>
   <div class='ocr_carea' id='block_1_49' title="bbox 2107 1744 3760 1820">
    <p class='ocr_par' dir='ltr' id='par_1_49' title="bbox 2110 1747 3760 1820">
     <span class='ocr_line' id='line_1_49' title="bbox 2110 1747 3760 1820; baseline 0 -18"><span class='ocrx_word' id='word_1_335' title='bbox 2110 1764 2298 1820; x_wconf 89' lang='lat' dir='ltr'><strong>usque</strong></span> <span class='ocrx_word' id='word_1_336' title='bbox 2312 1749 2389 1804; x_wconf 86' lang='lat' dir='ltr'><strong>ad</strong></span> <span class='ocrx_word' id='word_1_337' title='bbox 2417 1749 2566 1804; x_wconf 82' lang='lat' dir='ltr'><strong>ﬁnes</strong></span> <span class='ocrx_word' id='word_1_338' title='bbox 2597 1750 2727 1818; x_wconf 90' lang='lat' dir='ltr'><strong>ejus</strong></span> <span class='ocrx_word' id='word_1_339' title='bbox 2744 1750 3025 1818; x_wconf 80' lang='lat' dir='ltr'><strong>regionis,</strong></span> <span class='ocrx_word' id='word_1_340' title='bbox 3044 1764 3179 1820; x_wconf 74' lang='lat' dir='ltr'><strong>quae</strong></span> <span class='ocrx_word' id='word_1_341' title='bbox 3195 1749 3499 1803; x_wconf 88' lang='lat' dir='ltr'><strong>Tamalme</strong></span> <span class='ocrx_word' id='word_1_342' title='bbox 3519 1749 3597 1819; x_wconf 84' lang='lat'><strong>(9)</strong></span> <span class='ocrx_word' id='word_1_343' title='bbox 3616 1747 3760 1803; x_wconf 89' lang='lat' dir='ltr'><strong>dici-</strong></span> 
     </span>
    </p>
   </div>
   <div class='ocr_carea' id='block_1_50' title="bbox 2108 1836 3759 1906">
    <p class='ocr_par' dir='ltr' id='par_1_50' title="bbox 2108 1836 3759 1906">
     <span class='ocr_line' id='line_1_50' title="bbox 2108 1836 3759 1906; baseline -0.001 -13"><span class='ocrx_word' id='word_1_344' title='bbox 2108 1843 2218 1893; x_wconf 89' lang='lat' dir='ltr'><strong>tur.</strong></span> <span class='ocrx_word' id='word_1_345' title='bbox 2254 1840 2399 1893; x_wconf 85' lang='lat' dir='ltr'><strong>Cum</strong></span> <span class='ocrx_word' id='word_1_346' title='bbox 2416 1838 2673 1894; x_wconf 83' lang='lat' dir='ltr'><strong>venisset</strong></span> <span class='ocrx_word' id='word_1_347' title='bbox 2693 1844 2893 1895; x_wconf 91' lang='lat' dir='ltr'><strong>autem</strong></span> <span class='ocrx_word' id='word_1_348' title='bbox 2911 1837 2990 1893; x_wconf 86' lang='lat' dir='ltr'><strong>ad</strong></span> <span class='ocrx_word' id='word_1_349' title='bbox 3014 1837 3322 1893; x_wconf 88' lang='lat' dir='ltr'><strong>castellum</strong></span> <span class='ocrx_word' id='word_1_350' title='bbox 3345 1837 3511 1906; x_wconf 91' lang='lat' dir='ltr'><strong>quod</strong></span> <span class='ocrx_word' id='word_1_351' title='bbox 3541 1836 3759 1892; x_wconf 89' lang='lat' dir='ltr'><strong>dicitur</strong></span> 
     </span>
    </p>
   </div>
   <div class='ocr_carea' id='block_1_51' title="bbox 2107 1926 3750 1997">
    <p class='ocr_par' dir='ltr' id='par_1_51' title="bbox 2107 1926 3750 1997">
     <span class='ocr_line' id='line_1_51' title="bbox 2107 1926 3750 1997; baseline -0.002 -14"><span class='ocrx_word' id='word_1_352' title='bbox 2107 1927 2457 1993; x_wconf 86' lang='lat' dir='ltr'><strong>Orchesum,</strong></span> <span class='ocrx_word' id='word_1_353' title='bbox 2488 1928 2547 1982; x_wconf 90' lang='lat' dir='ltr'><strong>in</strong></span> <span class='ocrx_word' id='word_1_354' title='bbox 2572 1928 2987 1983; x_wconf 81' lang='lat' dir='ltr'><strong>Armeniorum</strong></span> <span class='ocrx_word' id='word_1_355' title='bbox 3020 1926 3319 1997; x_wconf 86' lang='lat' dir='ltr'><strong>provincia</strong></span> <span class='ocrx_word' id='word_1_356' title='bbox 3348 1926 3530 1981; x_wconf 88' lang='lat' dir='ltr'><strong>situm</strong></span> <span class='ocrx_word' id='word_1_357' title='bbox 3562 1940 3750 1996; x_wconf 90' lang='lat' dir='ltr'><strong>prope</strong></span> 
     </span>
    </p>
   </div>
   <div class='ocr_carea' id='block_1_52' title="bbox 2105 2013 3752 2087">
    <p class='ocr_par' dir='ltr' id='par_1_52' title="bbox 2105 2013 3752 2087">
     <span class='ocr_line' id='line_1_52' title="bbox 2105 2013 3752 2087; baseline -0.002 -15"><span class='ocrx_word' id='word_1_358' title='bbox 2105 2016 2866 2073; x_wconf 79' lang='lat' dir='ltr'><strong>Melitinensiumillustrem</strong></span> <span class='ocrx_word' id='word_1_359' title='bbox 2887 2014 3280 2086; x_wconf 84' lang='lat' dir='ltr'><strong>metrOpolim,</strong></span> <span class='ocrx_word' id='word_1_360' title='bbox 3312 2014 3576 2087; x_wconf 89' lang='lat' dir='ltr'><strong>pervenit</strong></span> <span class='ocrx_word' id='word_1_361' title='bbox 3614 2013 3752 2069; x_wconf 89' lang='lat' dir='ltr'><strong>inde</strong></span> 
     </span>
    </p>
   </div>
   <div class='ocr_carea' id='block_1_53' title="bbox 2106 2101 3751 2173">
    <p class='ocr_par' dir='ltr' id='par_1_53' title="bbox 2106 2101 3751 2173">
     <span class='ocr_line' id='line_1_53' title="bbox 2106 2101 3751 2173; baseline -0.003 -12"><span class='ocrx_word' id='word_1_362' title='bbox 2106 2104 2185 2161; x_wconf 88' lang='lat' dir='ltr'><strong>ad</strong></span> <span class='ocrx_word' id='word_1_363' title='bbox 2226 2105 2533 2161; x_wconf 86' lang='lat' dir='ltr'><strong>Chausorii</strong></span> <span class='ocrx_word' id='word_1_364' title='bbox 2581 2112 2635 2161; x_wconf 92' lang='lat' dir='ltr'><strong>et</strong></span> <span class='ocrx_word' id='word_1_365' title='bbox 2682 2103 3272 2165; x_wconf 87' lang='lat' dir='ltr'><strong>Charavatinensium</strong></span> <span class='ocrx_word' id='word_1_366' title='bbox 3328 2104 3625 2173; x_wconf 79' lang='lat' dir='ltr'><strong>regiones.</strong></span> <span class='ocrx_word' id='word_1_367' title='bbox 3687 2101 3751 2157; x_wconf 90' lang='lat' dir='ltr'><strong>ld</strong></span> 
     </span>
    </p>
   </div>
   <div class='ocr_carea' id='block_1_54' title="bbox 2106 2191 3754 2266">
    <p class='ocr_par' dir='ltr' id='par_1_54' title="bbox 2106 2191 3754 2266">
     <span class='ocr_line' id='line_1_54' title="bbox 2106 2191 3754 2266; baseline -0.002 -16"><span class='ocrx_word' id='word_1_368' title='bbox 2106 2210 2245 2251; x_wconf 90' lang='lat' dir='ltr'><strong>cum</strong></span> <span class='ocrx_word' id='word_1_369' title='bbox 2278 2195 2528 2250; x_wconf 88' lang='lat' dir='ltr'><strong>nesciret</strong></span> <span class='ocrx_word' id='word_1_370' title='bbox 2554 2194 2854 2259; x_wconf 90' lang='lat' dir='ltr'><strong>Seleucus,</strong></span> <span class='ocrx_word' id='word_1_371' title='bbox 2898 2209 3093 2266; x_wconf 89' lang='lat' dir='ltr'><strong>neque</strong></span> <span class='ocrx_word' id='word_1_372' title='bbox 3144 2192 3437 2248; x_wconf 82' lang='lat' dir='ltr'><strong>rationem</strong></span> <span class='ocrx_word' id='word_1_373' title='bbox 3486 2191 3754 2264; x_wconf 87' lang='lat' dir='ltr'><strong>aliquam</strong></span> 
     </span>
    </p>
   </div>
   <div class='ocr_carea' id='block_1_55' title="bbox 2105 2278 3757 2355">
    <p class='ocr_par' dir='ltr' id='par_1_55' title="bbox 2105 2278 3757 2355">
     <span class='ocr_line' id='line_1_55' title="bbox 2105 2278 3757 2355; baseline -0.002 -17"><span class='ocrx_word' id='word_1_374' title='bbox 2105 2282 2251 2338; x_wconf 90' lang='lat' dir='ltr'><strong>inire</strong></span> <span class='ocrx_word' id='word_1_375' title='bbox 2280 2289 2499 2355; x_wconf 83' lang='lat' dir='ltr'><strong>posset,</strong></span> <span class='ocrx_word' id='word_1_376' title='bbox 2516 2298 2638 2355; x_wconf 90' lang='lat' dir='ltr'><strong>qua</strong></span> <span class='ocrx_word' id='word_1_377' title='bbox 2656 2282 2850 2350; x_wconf 87' lang='lat' dir='ltr'><strong>sciret,</strong></span> <span class='ocrx_word' id='word_1_378' title='bbox 2874 2298 3176 2355; x_wconf 90' lang='lat' dir='ltr'><strong>perquam</strong></span> <span class='ocrx_word' id='word_1_379' title='bbox 3200 2282 3359 2337; x_wconf 86' lang='lat' dir='ltr'><strong>viam</strong></span> <span class='ocrx_word' id='word_1_380' title='bbox 3396 2285 3639 2335; x_wconf 85' lang='lat' dir='ltr'><strong>sanctus</strong></span> <span class='ocrx_word' id='word_1_381' title='bbox 3662 2278 3757 2334; x_wconf 89' lang='lat' dir='ltr'><strong>ille</strong></span> 
     </span>
    </p>
   </div>
   <div class='ocr_carea' id='block_1_56' title="bbox 2109 2369 3759 2438">
    <p class='ocr_par' dir='ltr' id='par_1_56' title="bbox 2109 2369 3759 2438">
     <span class='ocr_line' id='line_1_56' title="bbox 2109 2369 3759 2438; baseline -0.002 -11"><span class='ocrx_word' id='word_1_382' title='bbox 2109 2372 2194 2428; x_wconf 86' lang='lat' dir='ltr'><strong>vir</strong></span> <span class='ocrx_word' id='word_1_383' title='bbox 2219 2373 2328 2429; x_wconf 86' lang='lat' dir='ltr'><strong>iter</strong></span> <span class='ocrx_word' id='word_1_384' title='bbox 2373 2372 2624 2438; x_wconf 82' lang='lat' dir='ltr'><strong>fecisset,</strong></span> <span class='ocrx_word' id='word_1_385' title='bbox 2658 2373 2819 2428; x_wconf 91' lang='lat' dir='ltr'><strong>venit</strong></span> <span class='ocrx_word' id='word_1_386' title='bbox 2878 2388 3197 2428; x_wconf 89' lang='lat' dir='ltr'><strong>accurrens</strong></span> <span class='ocrx_word' id='word_1_387' title='bbox 3250 2370 3327 2427; x_wconf 90' lang='lat' dir='ltr'><strong>ad</strong></span> <span class='ocrx_word' id='word_1_388' title='bbox 3384 2386 3523 2425; x_wconf 90' lang='lat' dir='ltr'><strong>eum</strong></span> <span class='ocrx_word' id='word_1_389' title='bbox 3575 2369 3759 2425; x_wconf 87' lang='lat' dir='ltr'><strong>homo</strong></span> 
     </span>
    </p>
   </div>
   <div class='ocr_carea' id='block_1_57' title="bbox 2103 2458 3763 2534">
    <p class='ocr_par' dir='ltr' id='par_1_57' title="bbox 2103 2458 3763 2534">
     <span class='ocr_line' id='line_1_57' title="bbox 2103 2458 3763 2534; baseline -0.002 -18"><span class='ocrx_word' id='word_1_390' title='bbox 2103 2461 2373 2534; x_wconf 89' lang='lat' dir='ltr'><strong>quidam,</strong></span> <span class='ocrx_word' id='word_1_391' title='bbox 2433 2461 2711 2517; x_wconf 85' lang='lat' dir='ltr'><strong>Martinus</strong></span> <span class='ocrx_word' id='word_1_392' title='bbox 2760 2461 3023 2526; x_wconf 88' lang='lat' dir='ltr'><strong>nomine,</strong></span> <span class='ocrx_word' id='word_1_393' title='bbox 3080 2462 3179 2533; x_wconf 90' lang='lat' dir='ltr'><strong>qui</strong></span> <span class='ocrx_word' id='word_1_394' title='bbox 3223 2458 3600 2529; x_wconf 78' lang='lat' dir='ltr'><strong>significavit,</strong></span> <span class='ocrx_word' id='word_1_395' title='bbox 3647 2463 3763 2515; x_wconf 83' lang='lat' dir='ltr'><strong>An-</strong></span> 
     </span>
    </p>
   </div>
   <div class='ocr_carea' id='block_1_58' title="bbox 2102 2548 3745 2621">
    <p class='ocr_par' dir='ltr' id='par_1_58' title="bbox 2102 2548 3745 2621">
     <span class='ocr_line' id='line_1_58' title="bbox 2102 2548 3745 2621; baseline -0.002 -17"><span class='ocrx_word' id='word_1_396' title='bbox 2102 2549 2309 2605; x_wconf 87' lang='lat' dir='ltr'><strong>dream</strong></span> <span class='ocrx_word' id='word_1_397' title='bbox 2330 2549 2405 2605; x_wconf 86' lang='lat' dir='ltr'><strong>ad</strong></span> <span class='ocrx_word' id='word_1_398' title='bbox 2433 2552 2689 2606; x_wconf 88' lang='lat' dir='ltr'><strong>Taurum</strong></span> <span class='ocrx_word' id='word_1_399' title='bbox 2710 2555 2975 2605; x_wconf 89' lang='lat' dir='ltr'><strong>montem</strong></span> <span class='ocrx_word' id='word_1_400' title='bbox 3008 2548 3371 2621; x_wconf 88' lang='lat' dir='ltr'><strong>pervenisse,</strong></span> <span class='ocrx_word' id='word_1_401' title='bbox 3396 2552 3451 2603; x_wconf 90' lang='lat' dir='ltr'><strong>et</strong></span> <span class='ocrx_word' id='word_1_402' title='bbox 3474 2563 3579 2620; x_wconf 86' lang='lat' dir='ltr'><strong>per</strong></span> <span class='ocrx_word' id='word_1_403' title='bbox 3610 2562 3745 2603; x_wconf 89' lang='lat' dir='ltr'><strong>eum</strong></span> 
     </span>
    </p>
   </div>
   <div class='ocr_carea' id='block_1_59' title="bbox 2102 2638 2849 2694">
    <p class='ocr_par' dir='ltr' id='par_1_59' title="bbox 2102 2638 2849 2694">
     <span class='ocr_line' id='line_1_59' title="bbox 2102 2638 2849 2694; baseline -0.001 -2"><span class='ocrx_word' id='word_1_404' title='bbox 2102 2643 2159 2694; x_wconf 88' lang='lat' dir='ltr'><strong>et</strong></span> <span class='ocrx_word' id='word_1_405' title='bbox 2197 2638 2316 2694; x_wconf 89' lang='lat' dir='ltr'><strong>alia</strong></span> <span class='ocrx_word' id='word_1_406' title='bbox 2354 2639 2484 2694; x_wconf 90' lang='lat' dir='ltr'><strong>loca</strong></span> <span class='ocrx_word' id='word_1_407' title='bbox 2527 2638 2849 2693; x_wconf 89' lang='lat' dir='ltr'><strong>transiisse.</strong></span> 
     </span>
    </p>
   </div>
   <div class='ocr_carea' id='block_1_60' title="bbox 2174 2721 3757 2798">
    <p class='ocr_par' dir='ltr' id='par_1_60' title="bbox 2174 2721 3757 2798">
     <span class='ocr_line' id='line_1_60' title="bbox 2174 2721 3757 2798; baseline -0.003 -16"><span class='ocrx_word' id='word_1_408' title='bbox 2174 2728 2247 2783; x_wconf 84' lang='lat' dir='ltr'><strong>X.</strong></span> <span class='ocrx_word' id='word_1_409' title='bbox 2276 2726 2426 2783; x_wconf 92' lang='lat' dir='ltr'><strong>Tum</strong></span> <span class='ocrx_word' id='word_1_410' title='bbox 2458 2732 2799 2798; x_wconf 89' lang='lat' dir='ltr'><strong>persecutor</strong></span> <span class='ocrx_word' id='word_1_411' title='bbox 2821 2726 2934 2796; x_wconf 88' lang='lat' dir='ltr'><strong>ille,</strong></span> <span class='ocrx_word' id='word_1_412' title='bbox 2962 2742 3101 2783; x_wconf 90' lang='lat' dir='ltr'><strong>cum</strong></span> <span class='ocrx_word' id='word_1_413' title='bbox 3128 2726 3188 2781; x_wconf 89' lang='lat' dir='ltr'><strong>id</strong></span> <span class='ocrx_word' id='word_1_414' title='bbox 3222 2721 3757 2791; x_wconf 86' lang='lat' dir='ltr'><strong>didicisset,celeri-</strong></span> 
     </span>
    </p>
   </div>
   <div class='ocr_carea' id='block_1_61' title="bbox 2105 2811 3757 2888">
    <p class='ocr_par' dir='ltr' id='par_1_61' title="bbox 2105 2811 3757 2888">
     <span class='ocr_line' id='line_1_61' title="bbox 2105 2811 3757 2888; baseline -0.005 -15"><span class='ocrx_word' id='word_1_415' title='bbox 2105 2821 2188 2873; x_wconf 87' lang='lat' dir='ltr'><strong>ter</strong></span> <span class='ocrx_word' id='word_1_416' title='bbox 2218 2815 2378 2871; x_wconf 89' lang='lat' dir='ltr'><strong>venit</strong></span> <span class='ocrx_word' id='word_1_417' title='bbox 2399 2815 2473 2872; x_wconf 90' lang='lat' dir='ltr'><strong>ad</strong></span> <span class='ocrx_word' id='word_1_418' title='bbox 2500 2815 2722 2884; x_wconf 89' lang='lat' dir='ltr'><strong>locum,</strong></span> <span class='ocrx_word' id='word_1_419' title='bbox 2751 2816 2853 2888; x_wconf 91' lang='lat' dir='ltr'><strong>qui</strong></span> <span class='ocrx_word' id='word_1_420' title='bbox 2875 2814 3090 2871; x_wconf 86' lang='lat' dir='ltr'><strong>dicitur</strong></span> <span class='ocrx_word' id='word_1_421' title='bbox 3116 2814 3454 2887; x_wconf 89' lang='lat' dir='ltr'><strong>Capsurius.</strong></span> <span class='ocrx_word' id='word_1_422' title='bbox 3485 2811 3757 2868; x_wconf 87' lang='lat' dir='ltr'><strong>Celeber-</strong></span> 
     </span>
    </p>
   </div>
   <div class='ocr_carea' id='block_1_62' title="bbox 2102 2900 3756 2977">
    <p class='ocr_par' dir='ltr' id='par_1_62' title="bbox 2102 2900 3756 2977">
     <span class='ocr_line' id='line_1_62' title="bbox 2102 2900 3756 2977; baseline -0.004 -16"><span class='ocrx_word' id='word_1_423' title='bbox 2102 2905 2289 2961; x_wconf 85' lang='lat' dir='ltr'><strong>rimus</strong></span> <span class='ocrx_word' id='word_1_424' title='bbox 2318 2910 2515 2961; x_wconf 90' lang='lat' dir='ltr'><strong>autem</strong></span> <span class='ocrx_word' id='word_1_425' title='bbox 2541 2910 2766 2977; x_wconf 89' lang='lat' dir='ltr'><strong>martyr</strong></span> <span class='ocrx_word' id='word_1_426' title='bbox 2804 2920 2927 2961; x_wconf 89' lang='lat' dir='ltr'><strong>una</strong></span> <span class='ocrx_word' id='word_1_427' title='bbox 2955 2920 3094 2960; x_wconf 91' lang='lat' dir='ltr'><strong>cum</strong></span> <span class='ocrx_word' id='word_1_428' title='bbox 3117 2902 3465 2959; x_wconf 84' lang='lat' dir='ltr'><strong>ﬁdellisimis</strong></span> <span class='ocrx_word' id='word_1_429' title='bbox 3495 2902 3608 2957; x_wconf 91' lang='lat' dir='ltr'><strong>illis</strong></span> <span class='ocrx_word' id='word_1_430' title='bbox 3652 2900 3756 2955; x_wconf 86' lang='lat' dir='ltr'><strong>mi-</strong></span> 
     </span>
    </p>
   </div>
   <div class='ocr_carea' id='block_1_63' title="bbox 2102 2991 3758 3065">
    <p class='ocr_par' dir='ltr' id='par_1_63' title="bbox 2102 2991 3758 3065">
     <span class='ocr_line' id='line_1_63' title="bbox 2102 2991 3758 3065; baseline -0.004 -15"><span class='ocrx_word' id='word_1_431' title='bbox 2102 2994 2306 3050; x_wconf 87' lang='lat' dir='ltr'><strong>litibus</strong></span> <span class='ocrx_word' id='word_1_432' title='bbox 2334 3009 2538 3050; x_wconf 91' lang='lat' dir='ltr'><strong>secum</strong></span> <span class='ocrx_word' id='word_1_433' title='bbox 2585 2993 2983 3060; x_wconf 86' lang='lat' dir='ltr'><strong>versantibus,</strong></span> <span class='ocrx_word' id='word_1_434' title='bbox 3030 2993 3375 3065; x_wconf 89' lang='lat' dir='ltr'><strong>properavit</strong></span> <span class='ocrx_word' id='word_1_435' title='bbox 3400 2991 3477 3048; x_wconf 87' lang='lat' dir='ltr'><strong>ad</strong></span> <span class='ocrx_word' id='word_1_436' title='bbox 3518 3006 3649 3046; x_wconf 91' lang='lat' dir='ltr'><strong>eam</strong></span> <span class='ocrx_word' id='word_1_437' title='bbox 3671 3004 3758 3045; x_wconf 87' lang='lat' dir='ltr'><strong>re-</strong></span> 
     </span>
    </p>
   </div>
   <div class='ocr_carea' id='block_1_64' title="bbox 397 3078 1995 3159">
    <p class='ocr_par' dir='ltr' id='par_1_64' title="bbox 397 3078 1995 3159">
     <span class='ocr_line' id='line_1_64' title="bbox 397 3078 1995 3159; baseline 0.004 -28"><span class='ocrx_word' id='word_1_438' title='bbox 397 3082 461 3131; x_wconf 77' lang='grc' dir='ltr'>τά</span> <span class='ocrx_word' id='word_1_439' title='bbox 527 3084 1017 3155; x_wconf 85' lang='grc' dir='ltr'>προσαγορευόμενα</span> <span class='ocrx_word' id='word_1_440' title='bbox 1074 3078 1450 3157; x_wconf 81' lang='grc' dir='ltr'>Ἀνδροκαλῶν,</span> <span class='ocrx_word' id='word_1_441' title='bbox 1512 3083 1570 3135; x_wconf 77' lang='grc' dir='ltr'>οὐ</span> <span class='ocrx_word' id='word_1_442' title='bbox 1647 3082 1821 3159; x_wconf 84' lang='grc' dir='ltr'>πόρῥω</span> <span class='ocrx_word' id='word_1_443' title='bbox 1897 3092 1995 3147; x_wconf 81' lang='grc' dir='ltr'>τῆς</span> 
     </span>
    </p>
   </div>
   <div class='ocr_carea' id='block_1_65' title="bbox 2107 3078 3759 3159">
    <p class='ocr_par' dir='ltr' id='par_1_65' title="bbox 2107 3080 3759 3155">
     <span class='ocr_line' id='line_1_65' title="bbox 2107 3080 3759 3155; baseline -0.004 -15"><span class='ocrx_word' id='word_1_444' title='bbox 2107 3085 2364 3155; x_wconf 89' lang='lat' dir='ltr'><strong>gionem,</strong></span> <span class='ocrx_word' id='word_1_445' title='bbox 2390 3099 2527 3155; x_wconf 74' lang='lat' dir='ltr'><strong>qum</strong></span> <span class='ocrx_word' id='word_1_446' title='bbox 2557 3082 2769 3138; x_wconf 87' lang='lat' dir='ltr'><strong>dicitur</strong></span> <span class='ocrx_word' id='word_1_447' title='bbox 2790 3082 3279 3149; x_wconf 84' lang='lat' dir='ltr'><strong>Androcaloni,et</strong></span> <span class='ocrx_word' id='word_1_448' title='bbox 3300 3083 3359 3137; x_wconf 91' lang='lat' dir='ltr'><strong>in</strong></span> <span class='ocrx_word' id='word_1_449' title='bbox 3388 3080 3560 3136; x_wconf 88' lang='lat' dir='ltr'><strong>Tauri</strong></span> <span class='ocrx_word' id='word_1_450' title='bbox 3592 3094 3759 3134; x_wconf 90' lang='lat' dir='ltr'><strong>mon-</strong></span> 
     </span>
    </p>
   </div>
   <div class='ocr_carea' id='block_1_66' title="bbox 396 3169 1994 3246">
    <p class='ocr_par' dir='ltr' id='par_1_66' title="bbox 396 3169 1994 3246">
     <span class='ocr_line' id='line_1_66' title="bbox 396 3169 1994 3246; baseline 0.004 -27"><span class='ocrx_word' id='word_1_451' title='bbox 396 3170 835 3241; x_wconf 81' lang='grc' dir='ltr'>μνημονευθείσης</span> <span class='ocrx_word' id='word_1_452' title='bbox 892 3169 1208 3241; x_wconf 84' lang='grc' dir='ltr'>Ὀρχηστῶν</span> <span class='ocrx_word' id='word_1_453' title='bbox 1275 3174 1609 3243; x_wconf 85' lang='grc' dir='ltr'>τυγχάνοντα</span> <span class='ocrx_word' id='word_1_454' title='bbox 1662 3177 1847 3246; x_wconf 83' lang='grc' dir='ltr'>κόμης,</span> <span class='ocrx_word' id='word_1_455' title='bbox 1905 3178 1994 3226; x_wconf 84' lang='grc' dir='ltr'>καὶ</span> 
     </span>
    </p>
   </div>
   <div class='ocr_carea' id='block_1_67' title="bbox 396 3256 1992 3333">
    <p class='ocr_par' dir='ltr' id='par_1_67' title="bbox 396 3256 1992 3333">
     <span class='ocr_line' id='line_1_67' title="bbox 396 3256 1992 3333; baseline 0.004 -24"><span class='ocrx_word' id='word_1_456' title='bbox 396 3256 701 3333; x_wconf 72' lang='grc' dir='ltr'>κατέρριψεν</span> <span class='ocrx_word' id='word_1_457' title='bbox 770 3258 843 3319; x_wconf 86' lang='grc' dir='ltr'>εὶς</span> <span class='ocrx_word' id='word_1_458' title='bbox 884 3258 1020 3310; x_wconf 77' lang='grc' dir='ltr'>αὐτὰ</span> <span class='ocrx_word' id='word_1_459' title='bbox 1069 3261 1136 3311; x_wconf 80' lang='grc' dir='ltr'>τὰ</span> <span class='ocrx_word' id='word_1_460' title='bbox 1201 3259 1354 3313; x_wconf 87' lang='grc' dir='ltr'>στενά</span> <span class='ocrx_word' id='word_1_461' title='bbox 1403 3268 1495 3313; x_wconf 93' lang='grc' dir='ltr'><strong>τοῦ</strong></span> <span class='ocrx_word' id='word_1_462' title='bbox 1549 3263 1774 3329; x_wconf 89' lang='grc' dir='ltr'>Ταύρου.</span> <span class='ocrx_word' id='word_1_463' title='bbox 1833 3261 1992 3316; x_wconf 88' lang='grc' dir='ltr'>Ὀτου</span> 
     </span>
    </p>
   </div>
   <div class='ocr_carea' id='block_1_68' title="bbox 398 3342 1993 3423">
    <p class='ocr_par' dir='ltr' id='par_1_68' title="bbox 398 3342 1993 3423">
     <span class='ocr_line' id='line_1_68' title="bbox 398 3342 1993 3423; baseline 0.004 -24"><span class='ocrx_word' id='word_1_464' title='bbox 398 3342 457 3399; x_wconf 76' lang='grc' dir='ltr'>δε</span> <span class='ocrx_word' id='word_1_465' title='bbox 501 3349 664 3420; x_wconf 89' lang='grc' dir='ltr'>χάριν</span> <span class='ocrx_word' id='word_1_466' title='bbox 734 3349 884 3399; x_wconf 86' lang='grc' dir='ltr'>στενὰ</span> <span class='ocrx_word' id='word_1_467' title='bbox 962 3351 1406 3421; x_wconf 81' lang='grc' dir='ltr'>προσαγορεύεται</span> <span class='ocrx_word' id='word_1_468' title='bbox 1487 3352 1543 3402; x_wconf 87' lang='grc' dir='ltr'><strong>τό</strong></span> <span class='ocrx_word' id='word_1_469' title='bbox 1597 3358 1790 3423; x_wconf 83' lang='grc' dir='ltr'>σχῆμα</span> <span class='ocrx_word' id='word_1_470' title='bbox 1842 3357 1993 3405; x_wconf 87' lang='grc' dir='ltr'>τοῦτό</span> 
     </span>
    </p>
   </div>
   <div class='ocr_carea' id='block_1_69' title="bbox 395 3434 1993 3512">
    <p class='ocr_par' dir='ltr' id='par_1_69' title="bbox 395 3434 1993 3512">
     <span class='ocr_line' id='line_1_69' title="bbox 395 3434 1993 3512; baseline 0.003 -24"><span class='ocrx_word' id='word_1_471' title='bbox 395 3455 497 3489; x_wconf 90' lang='grc' dir='ltr'><strong>που</strong></span> <span class='ocrx_word' id='word_1_472' title='bbox 548 3440 887 3511; x_wconf 63' lang='grc' dir='ltr'>παρίστησιν</span> <span class='ocrx_word' id='word_1_473' title='bbox 934 3435 1151 3508; x_wconf 67' lang='grc' dir='ltr'>αὐχένες</span> <span class='ocrx_word' id='word_1_474' title='bbox 1193 3440 1293 3512; x_wconf 83' lang='grc' dir='ltr'><strong>γὰρ</strong></span> <span class='ocrx_word' id='word_1_475' title='bbox 1346 3434 1443 3491; x_wconf 85' lang='grc' dir='ltr'>δύο</span> <span class='ocrx_word' id='word_1_476' title='bbox 1492 3446 1583 3491; x_wconf 84' lang='grc' dir='ltr'><strong>τοῦ</strong></span> <span class='ocrx_word' id='word_1_477' title='bbox 1615 3443 1761 3512; x_wconf 83' lang='grc' dir='ltr'>ὄρους</span> <span class='ocrx_word' id='word_1_478' title='bbox 1791 3439 1993 3494; x_wconf 82' lang='grc' dir='ltr'>ἀντίθε-</span> 
     </span>
    </p>
   </div>
   <div class='ocr_carea' id='block_1_70' title="bbox 397 3522 1996 3600">
    <p class='ocr_par' dir='ltr' id='par_1_70' title="bbox 397 3522 1996 3600">
     <span class='ocr_line' id='line_1_70' title="bbox 397 3522 1996 3600; baseline 0.003 -23"><span class='ocrx_word' id='word_1_479' title='bbox 397 3544 478 3577; x_wconf 87' lang='grc' dir='ltr'><strong>τοι</strong></span> <span class='ocrx_word' id='word_1_480' title='bbox 506 3528 641 3577; x_wconf 81' lang='grc' dir='ltr'>κατὰ</span> <span class='ocrx_word' id='word_1_481' title='bbox 672 3522 858 3598; x_wconf 84' lang='grc' dir='ltr'>βραχὺ</span> <span class='ocrx_word' id='word_1_482' title='bbox 908 3530 1183 3593; x_wconf 85' lang='grc' dir='ltr'>συνιόντες,</span> <span class='ocrx_word' id='word_1_483' title='bbox 1220 3522 1417 3598; x_wconf 84' lang='grc' dir='ltr'>σχεδὸν</span> <span class='ocrx_word' id='word_1_484' title='bbox 1465 3531 1555 3600; x_wconf 77' lang='grc' dir='ltr'><strong>μεν</strong></span> <span class='ocrx_word' id='word_1_485' title='bbox 1604 3528 1845 3592; x_wconf 78' lang='grc' dir='ltr'>ἀλλήλοις</span> <span class='ocrx_word' id='word_1_486' title='bbox 1877 3549 1996 3582; x_wconf 87' lang='grc' dir='ltr'>συν-</span> 
     </span>
    </p>
   </div>
   <div class='ocr_carea' id='block_1_71' title="bbox 396 3610 1995 3692">
    <p class='ocr_par' dir='ltr' id='par_1_71' title="bbox 396 3610 1995 3692">
     <span class='ocr_line' id='line_1_71' title="bbox 396 3610 1995 3692; baseline 0.003 -25"><span class='ocrx_word' id='word_1_487' title='bbox 396 3617 665 3667; x_wconf 82' lang='grc' dir='ltr'>άπτονται·</span> <span class='ocrx_word' id='word_1_488' title='bbox 720 3612 775 3666; x_wconf 85' lang='grc' dir='ltr'><strong>έκ</strong></span> <span class='ocrx_word' id='word_1_489' title='bbox 833 3610 893 3666; x_wconf 78' lang='grc' dir='ltr'>δε</span> <span class='ocrx_word' id='word_1_490' title='bbox 966 3622 1058 3667; x_wconf 90' lang='grc' dir='ltr'><strong>τοῦ</strong></span> <span class='ocrx_word' id='word_1_491' title='bbox 1133 3616 1274 3667; x_wconf 87' lang='grc' dir='ltr'>κάτω</span> <span class='ocrx_word' id='word_1_492' title='bbox 1349 3620 1697 3692; x_wconf 80' lang='grc' dir='ltr'>παρέρποντος</span> <span class='ocrx_word' id='word_1_493' title='bbox 1760 3627 1995 3692; x_wconf 83' lang='grc' dir='ltr'>ποταμοῦ</span> 
     </span>
    </p>
   </div>
   <div class='ocr_carea' id='block_1_72' title="bbox 399 3699 1994 3780">
    <p class='ocr_par' dir='ltr' id='par_1_72' title="bbox 399 3699 1994 3780">
     <span class='ocr_line' id='line_1_72' title="bbox 399 3699 1994 3780; baseline 0.004 -25"><span class='ocrx_word' id='word_1_494' title='bbox 399 3699 745 3779; x_wconf 83' lang='grc' dir='ltr'>διειργόμενοι</span> <span class='ocrx_word' id='word_1_495' title='bbox 805 3707 972 3757; x_wconf 79' lang='grc' dir='ltr'>στενοὶ</span> <span class='ocrx_word' id='word_1_496' title='bbox 1025 3706 1114 3775; x_wconf 69' lang='grc' dir='ltr'>μὲν</span> <span class='ocrx_word' id='word_1_497' title='bbox 1186 3708 1415 3776; x_wconf 86' lang='grc' dir='ltr'>γίνονται</span> <span class='ocrx_word' id='word_1_498' title='bbox 1489 3714 1677 3780; x_wconf 80' lang='grc' dir='ltr'>μικροῦ</span> <span class='ocrx_word' id='word_1_499' title='bbox 1740 3703 1847 3760; x_wconf 83' lang='grc' dir='ltr'>δεῖν</span> <span class='ocrx_word' id='word_1_500' title='bbox 1906 3714 1994 3762; x_wconf 84' lang='grc' dir='ltr'>καὶ</span> 
     </span>
    </p>
   </div>
   <div class='ocr_carea' id='block_1_73' title="bbox 398 3787 1993 3869">
    <p class='ocr_par' dir='ltr' id='par_1_73' title="bbox 398 3787 1993 3869">
     <span class='ocr_line' id='line_1_73' title="bbox 398 3787 1993 3869; baseline 0.004 -25"><span class='ocrx_word' id='word_1_501' title='bbox 398 3791 694 3867; x_wconf 71' lang='grc' dir='ltr'>ἂπόρευτοιο</span> <span class='ocrx_word' id='word_1_502' title='bbox 746 3795 939 3864; x_wconf 86' lang='grc' dir='ltr'>χάσμα</span> <span class='ocrx_word' id='word_1_503' title='bbox 968 3787 1027 3845; x_wconf 80' lang='grc' dir='ltr'>δε</span> <span class='ocrx_word' id='word_1_504' title='bbox 1072 3793 1262 3864; x_wconf 84' lang='grc' dir='ltr'>μεταξὺ</span> <span class='ocrx_word' id='word_1_505' title='bbox 1306 3791 1610 3869; x_wconf 82' lang='grc' dir='ltr'>κρημνῶδες</span> <span class='ocrx_word' id='word_1_506' title='bbox 1663 3795 1993 3863; x_wconf 79' lang='grc' dir='ltr'>ἀποτελοῦσι,</span> 
     </span>
    </p>
   </div>
   <div class='ocr_carea' id='block_1_74' title="bbox 399 3880 1994 3957">
    <p class='ocr_par' dir='ltr' id='par_1_74' title="bbox 399 3880 1994 3957">
     <span class='ocr_line' id='line_1_74' title="bbox 399 3880 1994 3957; baseline 0.004 -23"><span class='ocrx_word' id='word_1_507' title='bbox 399 3881 610 3957; x_wconf 69' lang='grc' dir='ltr'>φοϐερὸν</span> <span class='ocrx_word' id='word_1_508' title='bbox 662 3886 750 3935; x_wconf 81' lang='grc' dir='ltr'>καὶ</span> <span class='ocrx_word' id='word_1_509' title='bbox 798 3888 902 3943; x_wconf 88' lang='grc' dir='ltr'>τοῖς</span> <span class='ocrx_word' id='word_1_510' title='bbox 953 3880 1076 3943; x_wconf 84' lang='grc' dir='ltr'>ὅλως</span> <span class='ocrx_word' id='word_1_511' title='bbox 1117 3881 1553 3955; x_wconf 81' lang='grc' dir='ltr'>προσϐλέπουσιν.</span> <span class='ocrx_word' id='word_1_512' title='bbox 1607 3884 1762 3938; x_wconf 82' lang='grc' dir='ltr'>Ἀλλὰ</span> <span class='ocrx_word' id='word_1_513' title='bbox 1808 3889 1994 3940; x_wconf 89' lang='grc' dir='ltr'>τούτου</span> 
     </span>
    </p>
   </div>
   <div class='ocr_carea' id='block_1_75' title="bbox 396 3971 1992 4046">
    <p class='ocr_par' dir='ltr' id='par_1_75' title="bbox 396 3971 1992 4046">
     <span class='ocr_line' id='line_1_75' title="bbox 396 3971 1992 4046; baseline 0.003 -21"><span class='ocrx_word' id='word_1_514' title='bbox 396 3974 487 4044; x_wconf 72' lang='grc' dir='ltr'><strong>μεν</strong></span> <span class='ocrx_word' id='word_1_515' title='bbox 516 3974 674 4025; x_wconf 74' lang='grc' dir='ltr'>ἕνεκεν</span> <span class='ocrx_word' id='word_1_516' title='bbox 704 3971 862 4031; x_wconf 79' lang='grc' dir='ltr'>οὕτως</span> <span class='ocrx_word' id='word_1_517' title='bbox 890 3973 919 4030; x_wconf 81' lang='grc' dir='ltr'>ἡ</span> <span class='ocrx_word' id='word_1_518' title='bbox 972 3973 1188 4029; x_wconf 79' lang='grc' dir='ltr'>τοιαύτη</span> <span class='ocrx_word' id='word_1_519' title='bbox 1236 3972 1588 4045; x_wconf 80' lang='grc' dir='ltr'>χρηματίζειν</span> <span class='ocrx_word' id='word_1_520' title='bbox 1636 3974 1795 4046; x_wconf 84' lang='grc' dir='ltr'>ἔλαχε</span> <span class='ocrx_word' id='word_1_521' title='bbox 1832 3978 1992 4038; x_wconf 86' lang='grc' dir='ltr'>θέσις.</span> 
     </span>
    </p>
   </div>
   <div class='ocr_carea' id='block_1_76' title="bbox 394 4055 1996 4138">
    <p class='ocr_par' dir='ltr' id='par_1_76' title="bbox 394 4055 1996 4138">
     <span class='ocr_line' id='line_1_76' title="bbox 394 4055 1996 4138; baseline 0.002 -25"><span class='ocrx_word' id='word_1_522' title='bbox 394 4058 454 4114; x_wconf 74' lang='grc' dir='ltr'>Ὀ</span> <span class='ocrx_word' id='word_1_523' title='bbox 510 4055 568 4112; x_wconf 74' lang='grc' dir='ltr'>δε</span> <span class='ocrx_word' id='word_1_524' title='bbox 622 4062 786 4131; x_wconf 83' lang='grc' dir='ltr'>μέγας</span> <span class='ocrx_word' id='word_1_525' title='bbox 832 4063 921 4111; x_wconf 83' lang='grc' dir='ltr'>καὶ</span> <span class='ocrx_word' id='word_1_526' title='bbox 977 4064 1297 4132; x_wconf 86' lang='grc' dir='ltr'>περιώνυμος</span> <span class='ocrx_word' id='word_1_527' title='bbox 1352 4062 1549 4133; x_wconf 90' lang='grc' dir='ltr'>μάρτυς</span> <span class='ocrx_word' id='word_1_528' title='bbox 1580 4060 1635 4113; x_wconf 81' lang='grc' dir='ltr'>ἐκ</span> <span class='ocrx_word' id='word_1_529' title='bbox 1691 4063 1829 4125; x_wconf 88' lang='grc' dir='ltr'>θείας</span> <span class='ocrx_word' id='word_1_530' title='bbox 1872 4084 1996 4138; x_wconf 85' lang='grc' dir='ltr'>προ-</span> 
     </span>
    </p>
   </div>
   <div class='ocr_carea' id='block_1_77' title="bbox 398 4150 1991 4227">
    <p class='ocr_par' dir='ltr' id='par_1_77' title="bbox 398 4150 1991 4227">
     <span class='ocr_line' id='line_1_77' title="bbox 398 4150 1991 4227; baseline 0.003 -27"><span class='ocrx_word' id='word_1_531' title='bbox 398 4150 720 4220; x_wconf 63' lang='grc' dir='ltr'>αγορεύσεως</span> <span class='ocrx_word' id='word_1_532' title='bbox 798 4150 1007 4208; x_wconf 81' lang='grc' dir='ltr'>τούτους</span> <span class='ocrx_word' id='word_1_533' title='bbox 1053 4151 1442 4223; x_wconf 86' lang='grc' dir='ltr'>προορισθῶναι</span> <span class='ocrx_word' id='word_1_534' title='bbox 1512 4154 1629 4211; x_wconf 80' lang='grc' dir='ltr'>τοὺς</span> <span class='ocrx_word' id='word_1_535' title='bbox 1681 4156 1870 4215; x_wconf 87' lang='grc' dir='ltr'>τόπους</span> <span class='ocrx_word' id='word_1_536' title='bbox 1930 4163 1991 4227; x_wconf 77' lang='grc' dir='ltr'>τῇ</span> 
     </span>
    </p>
   </div>
   <div class='ocr_carea' id='block_1_78' title="bbox 398 4236 1997 4314">
    <p class='ocr_par' dir='ltr' id='par_1_78' title="bbox 398 4236 1997 4314">
     <span class='ocr_line' id='line_1_78' title="bbox 398 4236 1997 4314; baseline 0.004 -25"><span class='ocrx_word' id='word_1_537' title='bbox 398 4237 558 4290; x_wconf 73' lang='grc' dir='ltr'>αὑτοῦ</span> <span class='ocrx_word' id='word_1_538' title='bbox 605 4256 658 4290; x_wconf 90' lang='grc' dir='ltr'>τε</span> <span class='ocrx_word' id='word_1_539' title='bbox 718 4241 808 4290; x_wconf 82' lang='grc' dir='ltr'><strong>καὶ</strong></span> <span class='ocrx_word' id='word_1_540' title='bbox 859 4245 959 4289; x_wconf 87' lang='grc' dir='ltr'>τῶν</span> <span class='ocrx_word' id='word_1_541' title='bbox 1020 4236 1151 4309; x_wconf 77' lang='grc' dir='ltr'>ἀμφὶ</span> <span class='ocrx_word' id='word_1_542' title='bbox 1205 4238 1360 4290; x_wconf 71' lang='grc' dir='ltr'>αὐτὸν</span> <span class='ocrx_word' id='word_1_543' title='bbox 1428 4238 1684 4292; x_wconf 84' lang='grc' dir='ltr'>τελειώσει</span> <span class='ocrx_word' id='word_1_544' title='bbox 1740 4260 1997 4314; x_wconf 88' lang='grc' dir='ltr'>προεγνω-</span> 
     </span>
    </p>
   </div>
   <div class='ocr_carea' id='block_1_79' title="bbox 396 4323 1997 4402">
    <p class='ocr_par' dir='ltr' id='par_1_79' title="bbox 396 4323 1997 4402">
     <span class='ocr_line' id='line_1_79' title="bbox 396 4323 1997 4402; baseline 0.005 -27"><span class='ocrx_word' id='word_1_545' title='bbox 396 4331 501 4388; x_wconf 78' lang='grc' dir='ltr'>κὼς</span> <span class='ocrx_word' id='word_1_546' title='bbox 548 4324 736 4400; x_wconf 74' lang='grc' dir='ltr'>(ἐχρῆν</span> <span class='ocrx_word' id='word_1_547' title='bbox 774 4329 876 4400; x_wconf 81' lang='grc' dir='ltr'>γὰρ</span> <span class='ocrx_word' id='word_1_548' title='bbox 924 4327 1027 4398; x_wconf 79' lang='grc' dir='ltr'>ἄρα</span> <span class='ocrx_word' id='word_1_549' title='bbox 1055 4327 1140 4378; x_wconf 88' lang='grc' dir='ltr'><strong>τόν</strong></span> <span class='ocrx_word' id='word_1_550' title='bbox 1192 4323 1492 4402; x_wconf 84' lang='grc' dir='ltr'>θεόδρομον.</span> <span class='ocrx_word' id='word_1_551' title='bbox 1545 4333 1639 4387; x_wconf 77' lang='grc' dir='ltr'>τὴν</span> <span class='ocrx_word' id='word_1_552' title='bbox 1689 4335 1869 4388; x_wconf 83' lang='grc' dir='ltr'>στενὴν</span> <span class='ocrx_word' id='word_1_553' title='bbox 1908 4336 1997 4384; x_wconf 86' lang='grc' dir='ltr'>καὶ</span> 
     </span>
    </p>
   </div>
   <div class='ocr_carea' id='block_1_80' title="bbox 2104 3170 3758 3243">
    <p class='ocr_par' dir='ltr' id='par_1_80' title="bbox 2104 3170 3758 3243">
     <span class='ocr_line' id='line_1_80' title="bbox 2104 3170 3758 3243; baseline -0.004 -15"><span class='ocrx_word' id='word_1_554' title='bbox 2104 3174 2175 3229; x_wconf 90' lang='lat' dir='ltr'><strong>tis</strong></span> <span class='ocrx_word' id='word_1_555' title='bbox 2205 3173 2508 3240; x_wconf 79' lang='lat' dir='ltr'><strong>angustias</strong></span> <span class='ocrx_word' id='word_1_556' title='bbox 2544 3170 2657 3243; x_wconf 81' lang='grc'>(10)</span> <span class='ocrx_word' id='word_1_557' title='bbox 2697 3186 2758 3227; x_wconf 91' lang='lat' dir='ltr'><strong>se</strong></span> <span class='ocrx_word' id='word_1_558' title='bbox 2798 3171 3025 3242; x_wconf 90' lang='lat' dir='ltr'><strong>dejecit.</strong></span> <span class='ocrx_word' id='word_1_559' title='bbox 3083 3170 3341 3227; x_wconf 90' lang='lat' dir='ltr'><strong>Causam</strong></span> <span class='ocrx_word' id='word_1_560' title='bbox 3393 3184 3532 3224; x_wconf 91' lang='lat' dir='ltr'><strong>vero</strong></span> <span class='ocrx_word' id='word_1_561' title='bbox 3569 3182 3758 3240; x_wconf 88' lang='lat' dir='ltr'><strong>quare</strong></span> 
     </span>
    </p>
   </div>
   <div class='ocr_carea' id='block_1_81' title="bbox 2103 3257 3757 3332">
    <p class='ocr_par' dir='ltr' id='par_1_81' title="bbox 2103 3257 3757 3332">
     <span class='ocr_line' id='line_1_81' title="bbox 2103 3257 3757 3332; baseline -0.005 -14"><span class='ocrx_word' id='word_1_562' title='bbox 2103 3260 2395 3332; x_wconf 68' lang='lat' dir='ltr'><strong>angustia)</strong></span> <span class='ocrx_word' id='word_1_563' title='bbox 2435 3265 2737 3325; x_wconf 89' lang='lat' dir='ltr'><strong>vocentur,</strong></span> <span class='ocrx_word' id='word_1_564' title='bbox 2769 3260 2899 3330; x_wconf 89' lang='lat' dir='ltr'><strong>ejus</strong></span> <span class='ocrx_word' id='word_1_565' title='bbox 2932 3259 3046 3316; x_wconf 87' lang='lat' dir='ltr'><strong>loci</strong></span> <span class='ocrx_word' id='word_1_566' title='bbox 3090 3259 3280 3330; x_wconf 83' lang='lat' dir='ltr'><strong>ﬁgura</strong></span> <span class='ocrx_word' id='word_1_567' title='bbox 3309 3257 3593 3314; x_wconf 90' lang='lat' dir='ltr'><strong>declarat.</strong></span> <span class='ocrx_word' id='word_1_568' title='bbox 3634 3259 3757 3311; x_wconf 91' lang='lat' dir='ltr'><strong>Duo</strong></span> 
     </span>
    </p>
   </div>
   <div class='ocr_carea' id='block_1_82' title="bbox 2103 3343 3759 3421">
    <p class='ocr_par' dir='ltr' id='par_1_82' title="bbox 2103 3343 3759 3421">
     <span class='ocr_line' id='line_1_82' title="bbox 2103 3343 3759 3421; baseline -0.004 -14"><span class='ocrx_word' id='word_1_569' title='bbox 2103 3351 2265 3409; x_wconf 93' lang='lat' dir='ltr'><strong>enim</strong></span> <span class='ocrx_word' id='word_1_570' title='bbox 2294 3348 2513 3405; x_wconf 92' lang='lat' dir='ltr'><strong>montis</strong></span> <span class='ocrx_word' id='word_1_571' title='bbox 2535 3349 2685 3420; x_wconf 85' lang='lat' dir='ltr'><strong>juga</strong></span> <span class='ocrx_word' id='word_1_572' title='bbox 2709 3346 2971 3403; x_wconf 89' lang='lat' dir='ltr'><strong>vicissim</strong></span> <span class='ocrx_word' id='word_1_573' title='bbox 2993 3347 3105 3403; x_wconf 88' lang='lat' dir='ltr'><strong>sibi</strong></span> <span class='ocrx_word' id='word_1_574' title='bbox 3130 3348 3425 3421; x_wconf 88' lang='lat' dir='ltr'><strong>opposita,</strong></span> <span class='ocrx_word' id='word_1_575' title='bbox 3450 3362 3521 3401; x_wconf 90' lang='lat' dir='ltr'><strong>ac</strong></span> <span class='ocrx_word' id='word_1_576' title='bbox 3554 3343 3759 3416; x_wconf 87' lang='lat' dir='ltr'><strong>paula.-</strong></span> 
     </span>
    </p>
   </div>
   <div class='ocr_carea' id='block_1_83' title="bbox 2104 3434 3754 3508">
    <p class='ocr_par' dir='ltr' id='par_1_83' title="bbox 2104 3434 3754 3508">
     <span class='ocr_line' id='line_1_83' title="bbox 2104 3434 3754 3508; baseline -0.005 -11"><span class='ocrx_word' id='word_1_577' title='bbox 2104 3440 2212 3497; x_wconf 87' lang='lat' dir='ltr'><strong>tim</strong></span> <span class='ocrx_word' id='word_1_578' title='bbox 2228 3438 2523 3503; x_wconf 89' lang='lat' dir='ltr'><strong>coeuntia,</strong></span> <span class='ocrx_word' id='word_1_579' title='bbox 2546 3437 2666 3493; x_wconf 85' lang='lat' dir='ltr'><strong>fere</strong></span> <span class='ocrx_word' id='word_1_580' title='bbox 2693 3436 2844 3492; x_wconf 86' lang='lat' dir='ltr'><strong>inter</strong></span> <span class='ocrx_word' id='word_1_581' title='bbox 2858 3452 2919 3493; x_wconf 91' lang='lat' dir='ltr'><strong>se</strong></span> <span class='ocrx_word' id='word_1_582' title='bbox 2949 3436 3306 3508; x_wconf 87' lang='lat' dir='ltr'><strong>copulantur</strong></span> <span class='ocrx_word' id='word_1_583' title='bbox 3338 3452 3350 3490; x_wconf 89' lang='lat'>:</span> <span class='ocrx_word' id='word_1_584' title='bbox 3387 3435 3491 3491; x_wconf 91' lang='lat' dir='ltr'><strong>sed</strong></span> <span class='ocrx_word' id='word_1_585' title='bbox 3505 3434 3754 3491; x_wconf 82' lang='lat' dir='ltr'><strong>flumine</strong></span> 
     </span>
    </p>
   </div>
   <div class='ocr_carea' id='block_1_84' title="bbox 2104 3522 3756 3600">
    <p class='ocr_par' dir='ltr' id='par_1_84' title="bbox 2104 3522 3756 3600">
     <span class='ocr_line' id='line_1_84' title="bbox 2104 3522 3756 3600; baseline -0.004 -16"><span class='ocrx_word' id='word_1_586' title='bbox 2104 3528 2217 3600; x_wconf 81' lang='grc'>(14)</span> <span class='ocrx_word' id='word_1_587' title='bbox 2265 3525 2692 3600; x_wconf 86' lang='lat' dir='ltr'><strong>praeterﬂuente</strong></span> <span class='ocrx_word' id='word_1_588' title='bbox 2738 3524 3040 3593; x_wconf 88' lang='lat' dir='ltr'><strong>distincta,</strong></span> <span class='ocrx_word' id='word_1_589' title='bbox 3081 3525 3391 3597; x_wconf 90' lang='lat' dir='ltr'><strong>angustias</strong></span> <span class='ocrx_word' id='word_1_590' title='bbox 3452 3522 3756 3597; x_wconf 90' lang='lat' dir='ltr'><strong>quasdam</strong></span> 
     </span>
    </p>
   </div>
   <div class='ocr_carea' id='block_1_85' title="bbox 2104 3612 3749 3688">
    <p class='ocr_par' dir='ltr' id='par_1_85' title="bbox 2104 3612 3749 3688">
     <span class='ocr_line' id='line_1_85' title="bbox 2104 3612 3749 3688; baseline -0.004 -14"><span class='ocrx_word' id='word_1_591' title='bbox 2104 3616 2389 3682; x_wconf 85' lang='lat' dir='ltr'><strong>efﬁciunt,</strong></span> <span class='ocrx_word' id='word_1_592' title='bbox 2416 3631 2546 3688; x_wconf 69' lang='lat' dir='ltr'><strong>quae</strong></span> <span class='ocrx_word' id='word_1_593' title='bbox 2577 3614 2693 3670; x_wconf 84' lang='lat' dir='ltr'><strong>fere</strong></span> <span class='ocrx_word' id='word_1_594' title='bbox 2723 3612 2897 3669; x_wconf 68' lang='lat' dir='ltr'><strong>invia:</strong></span> <span class='ocrx_word' id='word_1_595' title='bbox 2928 3618 3067 3669; x_wconf 89' lang='lat' dir='ltr'><strong>sunt</strong></span> <span class='ocrx_word' id='word_1_596' title='bbox 3104 3630 3116 3668; x_wconf 95' lang='lat'><strong>:</strong></span> <span class='ocrx_word' id='word_1_597' title='bbox 3150 3614 3381 3669; x_wconf 89' lang='lat' dir='ltr'><strong>hiatum</strong></span> <span class='ocrx_word' id='word_1_598' title='bbox 3413 3628 3550 3668; x_wconf 92' lang='lat' dir='ltr'><strong>vero</strong></span> <span class='ocrx_word' id='word_1_599' title='bbox 3600 3627 3749 3683; x_wconf 67' lang='lat' dir='ltr'><strong>prse-</strong></span> 
     </span>
    </p>
   </div>
   <div class='ocr_carea' id='block_1_86' title="bbox 2104 3700 3754 3778">
    <p class='ocr_par' dir='ltr' id='par_1_86' title="bbox 2104 3700 3754 3778">
     <span class='ocr_line' id='line_1_86' title="bbox 2104 3700 3754 3778; baseline -0.004 -16"><span class='ocrx_word' id='word_1_600' title='bbox 2104 3707 2342 3778; x_wconf 89' lang='lat' dir='ltr'><strong>cipitem</strong></span> <span class='ocrx_word' id='word_1_601' title='bbox 2368 3705 2519 3760; x_wconf 89' lang='lat' dir='ltr'><strong>inter</strong></span> <span class='ocrx_word' id='word_1_602' title='bbox 2540 3719 2603 3758; x_wconf 90' lang='lat' dir='ltr'><strong>se</strong></span> <span class='ocrx_word' id='word_1_603' title='bbox 2632 3702 2872 3772; x_wconf 84' lang='lat' dir='ltr'><strong>habent,</strong></span> <span class='ocrx_word' id='word_1_604' title='bbox 2904 3716 3196 3772; x_wconf 89' lang='lat' dir='ltr'><strong>magnum</strong></span> <span class='ocrx_word' id='word_1_605' title='bbox 3219 3702 3385 3758; x_wconf 89' lang='lat' dir='ltr'><strong>illum</strong></span> <span class='ocrx_word' id='word_1_606' title='bbox 3408 3700 3677 3774; x_wconf 89' lang='lat' dir='ltr'><strong>quidem,</strong></span> <span class='ocrx_word' id='word_1_607' title='bbox 3695 3703 3754 3756; x_wconf 92' lang='lat' dir='ltr'><strong>et</strong></span> 
     </span>
    </p>
   </div>
   <div class='ocr_carea' id='block_1_87' title="bbox 2104 3788 3753 3866">
    <p class='ocr_par' dir='ltr' id='par_1_87' title="bbox 2104 3788 3753 3866">
     <span class='ocr_line' id='line_1_87' title="bbox 2104 3788 3753 3866; baseline -0.003 -16"><span class='ocrx_word' id='word_1_608' title='bbox 2104 3796 2198 3851; x_wconf 89' lang='lat' dir='ltr'><strong>vel</strong></span> <span class='ocrx_word' id='word_1_609' title='bbox 2239 3794 2308 3850; x_wconf 89' lang='lat' dir='ltr'><strong>iis</strong></span> <span class='ocrx_word' id='word_1_610' title='bbox 2341 3793 2446 3866; x_wconf 91' lang='lat' dir='ltr'><strong>qui</strong></span> <span class='ocrx_word' id='word_1_611' title='bbox 2480 3793 2684 3864; x_wconf 87' lang='lat' dir='ltr'><strong>ipsum</strong></span> <span class='ocrx_word' id='word_1_612' title='bbox 2737 3791 3055 3863; x_wconf 82' lang='lat' dir='ltr'><strong>accipiunt,</strong></span> <span class='ocrx_word' id='word_1_613' title='bbox 3110 3790 3455 3847; x_wconf 87' lang='lat' dir='ltr'><strong>terribilem.</strong></span> <span class='ocrx_word' id='word_1_614' title='bbox 3516 3789 3635 3845; x_wconf 86' lang='lat' dir='ltr'><strong>Hac</strong></span> <span class='ocrx_word' id='word_1_615' title='bbox 3674 3788 3753 3845; x_wconf 89' lang='lat' dir='ltr'><strong>de</strong></span> 
     </span>
    </p>
   </div>
   <div class='ocr_carea' id='block_1_88' title="bbox 2104 3876 3753 3953">
    <p class='ocr_par' dir='ltr' id='par_1_88' title="bbox 2104 3876 3753 3953">
     <span class='ocr_line' id='line_1_88' title="bbox 2104 3876 3753 3953; baseline -0.003 -13"><span class='ocrx_word' id='word_1_616' title='bbox 2104 3898 2288 3940; x_wconf 88' lang='lat' dir='ltr'><strong>causa</strong></span> <span class='ocrx_word' id='word_1_617' title='bbox 2311 3881 2436 3953; x_wconf 90' lang='lat' dir='ltr'><strong>ejus</strong></span> <span class='ocrx_word' id='word_1_618' title='bbox 2464 3880 2578 3937; x_wconf 92' lang='lat' dir='ltr'><strong>loci</strong></span> <span class='ocrx_word' id='word_1_619' title='bbox 2610 3880 2759 3936; x_wconf 90' lang='lat' dir='ltr'><strong>situs</strong></span> <span class='ocrx_word' id='word_1_620' title='bbox 2792 3878 2971 3935; x_wconf 87' lang='lat' dir='ltr'><strong>talem</strong></span> <span class='ocrx_word' id='word_1_621' title='bbox 3002 3878 3465 3952; x_wconf 88' lang='lat' dir='ltr'><strong>appellationem</strong></span> <span class='ocrx_word' id='word_1_622' title='bbox 3496 3876 3753 3950; x_wconf 90' lang='lat' dir='ltr'><strong>accepit.</strong></span> 
     </span>
    </p>
   </div>
   <div class='ocr_carea' id='block_1_89' title="bbox 2106 3968 3756 4044">
    <p class='ocr_par' dir='ltr' id='par_1_89' title="bbox 2106 3968 3756 4044">
     <span class='ocr_line' id='line_1_89' title="bbox 2106 3968 3756 4044; baseline -0.004 -15"><span class='ocrx_word' id='word_1_623' title='bbox 2106 3972 2361 4041; x_wconf 90' lang='lat' dir='ltr'><strong>Magnus</strong></span> <span class='ocrx_word' id='word_1_624' title='bbox 2384 3970 2496 4044; x_wconf 83' lang='lat' dir='ltr'><strong>(l2)</strong></span> <span class='ocrx_word' id='word_1_625' title='bbox 2524 3984 2664 4039; x_wconf 90' lang='lat' dir='ltr'><strong>ergo</strong></span> <span class='ocrx_word' id='word_1_626' title='bbox 2697 3975 2752 4024; x_wconf 91' lang='lat' dir='ltr'><strong>et</strong></span> <span class='ocrx_word' id='word_1_627' title='bbox 2779 3968 3199 4025; x_wconf 89' lang='lat' dir='ltr'><strong>celeberrimus</strong></span> <span class='ocrx_word' id='word_1_628' title='bbox 3225 3973 3469 4039; x_wconf 81' lang='lat' dir='ltr'><strong>martyr,</strong></span> <span class='ocrx_word' id='word_1_629' title='bbox 3516 3982 3656 4022; x_wconf 93' lang='lat' dir='ltr'><strong>cum</strong></span> <span class='ocrx_word' id='word_1_630' title='bbox 3683 3982 3756 4023; x_wconf 83' lang='lat' dir='ltr'><strong>ex</strong></span> 
     </span>
    </p>
   </div>
   <div class='ocr_carea' id='block_1_90' title="bbox 2104 4055 3754 4132">
    <p class='ocr_par' dir='ltr' id='par_1_90' title="bbox 2104 4055 3754 4132">
     <span class='ocr_line' id='line_1_90' title="bbox 2104 4055 3754 4132; baseline -0.005 -15"><span class='ocrx_word' id='word_1_631' title='bbox 2104 4060 2309 4117; x_wconf 91' lang='lat' dir='ltr'><strong>divina</strong></span> <span class='ocrx_word' id='word_1_632' title='bbox 2338 4059 2714 4132; x_wconf 66' lang='lat' dir='ltr'><strong>praedictione</strong></span> <span class='ocrx_word' id='word_1_633' title='bbox 2742 4057 2875 4114; x_wconf 91' lang='lat' dir='ltr'><strong>loca</strong></span> <span class='ocrx_word' id='word_1_634' title='bbox 2891 4057 2992 4114; x_wconf 92' lang='lat' dir='ltr'><strong>illa</strong></span> <span class='ocrx_word' id='word_1_635' title='bbox 3009 4073 3121 4113; x_wconf 91' lang='lat' dir='ltr'><strong>suo</strong></span> <span class='ocrx_word' id='word_1_636' title='bbox 3147 4063 3424 4114; x_wconf 89' lang='lat' dir='ltr'><strong>eteorum</strong></span> <span class='ocrx_word' id='word_1_637' title='bbox 3455 4055 3754 4120; x_wconf 85' lang='lat' dir='ltr'><strong>omnium,</strong></span> 
     </span>
    </p>
   </div>
   <div class='ocr_carea' id='block_1_91' title="bbox 2105 4146 3755 4224">
    <p class='ocr_par' dir='ltr' id='par_1_91' title="bbox 2105 4146 3755 4224">
     <span class='ocr_line' id='line_1_91' title="bbox 2105 4146 3755 4224; baseline -0.003 -18"><span class='ocrx_word' id='word_1_638' title='bbox 2105 4150 2207 4224; x_wconf 89' lang='lat' dir='ltr'><strong>qui</strong></span> <span class='ocrx_word' id='word_1_639' title='bbox 2233 4165 2371 4205; x_wconf 92' lang='lat' dir='ltr'><strong>cum</strong></span> <span class='ocrx_word' id='word_1_640' title='bbox 2391 4149 2523 4220; x_wconf 91' lang='lat' dir='ltr'><strong>ipso</strong></span> <span class='ocrx_word' id='word_1_641' title='bbox 2552 4152 2738 4212; x_wconf 89' lang='lat' dir='ltr'><strong>erant,</strong></span> <span class='ocrx_word' id='word_1_642' title='bbox 2775 4147 3061 4219; x_wconf 89' lang='lat' dir='ltr'><strong>martyrio</strong></span> <span class='ocrx_word' id='word_1_643' title='bbox 3079 4146 3371 4218; x_wconf 69' lang='lat' dir='ltr'><strong>prmﬁnita</strong></span> <span class='ocrx_word' id='word_1_644' title='bbox 3391 4160 3520 4201; x_wconf 89' lang='lat' dir='ltr'><strong>esse</strong></span> <span class='ocrx_word' id='word_1_645' title='bbox 3534 4159 3755 4216; x_wconf 89' lang='lat' dir='ltr'><strong>cogno-</strong></span> 
     </span>
    </p>
   </div>
   <div class='ocr_carea' id='block_1_92' title="bbox 2106 4235 3756 4311">
    <p class='ocr_par' dir='ltr' id='par_1_92' title="bbox 2106 4235 3756 4311">
     <span class='ocr_line' id='line_1_92' title="bbox 2106 4235 3756 4311; baseline -0.005 -14"><span class='ocrx_word' id='word_1_646' title='bbox 2106 4242 2290 4297; x_wconf 90' lang='lat' dir='ltr'><strong>visset</strong></span> <span class='ocrx_word' id='word_1_647' title='bbox 2317 4237 2654 4311; x_wconf 90' lang='lat' dir='ltr'><strong>(oportebat</strong></span> <span class='ocrx_word' id='word_1_648' title='bbox 2682 4237 2840 4293; x_wconf 92' lang='lat' dir='ltr'><strong>enim</strong></span> <span class='ocrx_word' id='word_1_649' title='bbox 2880 4253 3039 4303; x_wconf 92' lang='lat' dir='ltr'><strong>eum,</strong></span> <span class='ocrx_word' id='word_1_650' title='bbox 3064 4235 3169 4309; x_wconf 90' lang='lat' dir='ltr'><strong>qui</strong></span> <span class='ocrx_word' id='word_1_651' title='bbox 3212 4235 3487 4291; x_wconf 88' lang='lat' dir='ltr'><strong>divinum</strong></span> <span class='ocrx_word' id='word_1_652' title='bbox 3511 4249 3756 4291; x_wconf 88' lang='lat' dir='ltr'><strong>cursum</strong></span> 
     </span>
    </p>
   </div>
   <div class='ocr_carea' id='block_1_93' title="bbox 2108 4325 3755 4398">
    <p class='ocr_par' dir='ltr' id='par_1_93' title="bbox 2108 4325 3755 4398">
     <span class='ocr_line' id='line_1_93' title="bbox 2108 4325 3755 4398; baseline -0.005 -11"><span class='ocrx_word' id='word_1_653' title='bbox 2108 4328 2483 4393; x_wconf 82' lang='lat' dir='ltr'><strong>conﬁciebat,</strong></span> <span class='ocrx_word' id='word_1_654' title='bbox 2510 4332 2565 4383; x_wconf 88' lang='lat' dir='ltr'><strong>et</strong></span> <span class='ocrx_word' id='word_1_655' title='bbox 2589 4342 2694 4398; x_wconf 91' lang='lat' dir='ltr'><strong>per</strong></span> <span class='ocrx_word' id='word_1_656' title='bbox 2718 4330 3039 4395; x_wconf 85' lang='lat' dir='ltr'><strong>angustam</strong></span> <span class='ocrx_word' id='word_1_657' title='bbox 3068 4331 3124 4381; x_wconf 90' lang='lat' dir='ltr'><strong>et</strong></span> <span class='ocrx_word' id='word_1_658' title='bbox 3149 4331 3374 4382; x_wconf 88' lang='lat' dir='ltr'><strong>arctam</strong></span> <span class='ocrx_word' id='word_1_659' title='bbox 3426 4325 3586 4381; x_wconf 92' lang='lat' dir='ltr'><strong>viam</strong></span> <span class='ocrx_word' id='word_1_660' title='bbox 3629 4339 3755 4379; x_wconf 88' lang='lat' dir='ltr'><strong>am-</strong></span> 
     </span>
    </p>
   </div>
   <div class='ocr_carea' id='block_1_94' title="bbox 396 4412 1995 4491">
    <p class='ocr_par' dir='ltr' id='par_1_94' title="bbox 396 4412 1995 4491">
     <span class='ocr_line' id='line_1_94' title="bbox 396 4412 1995 4491; baseline 0.002 -21"><span class='ocrx_word' id='word_1_661' title='bbox 396 4415 732 4490; x_wconf 82' lang='grc' dir='ltr'>τεθλιμμένην</span> <span class='ocrx_word' id='word_1_662' title='bbox 785 4412 1078 4468; x_wconf 83' lang='grc' dir='ltr'>ὁδεύσαντα</span> <span class='ocrx_word' id='word_1_663' title='bbox 1135 4412 1258 4468; x_wconf 84' lang='grc' dir='ltr'>όδόν</span> <span class='ocrx_word' id='word_1_664' title='bbox 1308 4417 1377 4480; x_wconf 83' lang='grc' dir='ltr'>εἰς</span> <span class='ocrx_word' id='word_1_665' title='bbox 1425 4422 1518 4476; x_wconf 73' lang='grc' dir='ltr'>τὴν</span> <span class='ocrx_word' id='word_1_666' title='bbox 1584 4417 1855 4491; x_wconf 84' lang='grc' dir='ltr'>βασιλείαν</span> <span class='ocrx_word' id='word_1_667' title='bbox 1907 4429 1995 4473; x_wconf 90' lang='grc' dir='ltr'><strong>τοῦ</strong></span> 
     </span>
    </p>
   </div>
   <div class='ocr_carea' id='block_1_95' title="bbox 2107 4412 3755 4491">
    <p class='ocr_par' dir='ltr' id='par_1_95' title="bbox 2110 4412 3755 4491">
     <span class='ocr_line' id='line_1_95' title="bbox 2110 4412 3755 4491; baseline -0.004 -17"><span class='ocrx_word' id='word_1_668' title='bbox 2110 4417 2361 4475; x_wconf 89' lang='lat' dir='ltr'><strong>bulabat</strong></span> <span class='ocrx_word' id='word_1_669' title='bbox 2380 4416 2459 4472; x_wconf 92' lang='lat' dir='ltr'><strong>ad</strong></span> <span class='ocrx_word' id='word_1_670' title='bbox 2481 4415 2715 4491; x_wconf 66' lang='lat' dir='ltr'><strong>caeleste</strong></span> <span class='ocrx_word' id='word_1_671' title='bbox 2752 4415 2849 4471; x_wconf 90' lang='lat' dir='ltr'><strong>Dei</strong></span> <span class='ocrx_word' id='word_1_672' title='bbox 2891 4430 3145 4485; x_wconf 90' lang='lat' dir='ltr'><strong>regnum</strong></span> <span class='ocrx_word' id='word_1_673' title='bbox 3203 4414 3477 4487; x_wconf 90' lang='lat' dir='ltr'><strong>ingredi),</strong></span> <span class='ocrx_word' id='word_1_674' title='bbox 3515 4412 3755 4469; x_wconf 90' lang='lat' dir='ltr'><strong>ulterius</strong></span> 
     </span>
    </p>
   </div>
   <div class='ocr_carea' id='block_1_96' title="bbox 398 4503 1993 4580">
    <p class='ocr_par' dir='ltr' id='par_1_96' title="bbox 398 4503 1993 4580">
     <span class='ocr_line' id='line_1_96' title="bbox 398 4503 1993 4580; baseline 0.003 -21"><span class='ocrx_word' id='word_1_675' title='bbox 398 4509 525 4559; x_wconf 86' lang='grc' dir='ltr'>Θεοῦ</span> <span class='ocrx_word' id='word_1_676' title='bbox 599 4503 886 4576; x_wconf 78' lang='grc' dir='ltr'>εἰσελθεῖν),</span> <span class='ocrx_word' id='word_1_677' title='bbox 941 4510 1037 4566; x_wconf 77' lang='grc' dir='ltr'>τῆς</span> <span class='ocrx_word' id='word_1_678' title='bbox 1099 4508 1381 4580; x_wconf 87' lang='grc' dir='ltr'>περαιτέρω</span> <span class='ocrx_word' id='word_1_679' title='bbox 1438 4511 1648 4579; x_wconf 86' lang='grc' dir='ltr'>πορείας</span> <span class='ocrx_word' id='word_1_680' title='bbox 1706 4509 1993 4563; x_wconf 74' lang='grc' dir='ltr'>ᾶπαύσατο.</span> 
     </span>
    </p>
   </div>
   <div class='ocr_carea' id='block_1_97' title="bbox 472 4602 923 4670">
    <p class='ocr_par' dir='ltr' id='par_1_97' title="bbox 472 4602 923 4670">
     <span class='ocr_line' id='line_1_97' title="bbox 472 4602 923 4670; baseline -0.009 -8"><span class='ocrx_word' id='word_1_681' title='bbox 472 4604 489 4640; x_wconf 75' lang='grc' dir='ltr'>ί</span> <span class='ocrx_word' id='word_1_682' title='bbox 517 4602 714 4661; x_wconf 76' lang='lat' dir='ltr'><strong>Matth.</strong></span> <span class='ocrx_word' id='word_1_683' title='bbox 747 4617 807 4670; x_wconf 74' lang='grc' dir='ltr'>χ,</span> <span class='ocrx_word' id='word_1_684' title='bbox 834 4606 923 4659; x_wconf 84' lang='grc'><strong>23.</strong></span> 
     </span>
    </p>
   </div>
   <div class='ocr_carea' id='block_1_98' title="bbox 471 4725 1998 4802">
    <p class='ocr_par' dir='ltr' id='par_1_98' title="bbox 471 4725 1998 4802">
     <span class='ocr_line' id='line_1_98' title="bbox 471 4725 1998 4802; baseline 0.002 -18"><span class='ocrx_word' id='word_1_685' title='bbox 471 4726 549 4802; x_wconf 91' lang='lat'><strong>(8)</strong></span> <span class='ocrx_word' id='word_1_686' title='bbox 578 4726 832 4802; x_wconf 78' lang='lat' dir='ltr'><strong>Tandem</strong></span> <span class='ocrx_word' id='word_1_687' title='bbox 863 4725 1192 4802; x_wconf 79' lang='lat' dir='ltr'><strong>aliquando</strong></span> <span class='ocrx_word' id='word_1_688' title='bbox 1223 4727 1465 4802; x_wconf 82' lang='lat' dir='ltr'><strong>ponitur</strong></span> <span class='ocrx_word' id='word_1_689' title='bbox 1492 4727 1599 4802; x_wconf 75' lang='lat' dir='ltr'><strong>hic</strong></span> <span class='ocrx_word' id='word_1_690' title='bbox 1630 4730 1685 4786; x_wconf 92' lang='lat' dir='ltr'><strong>S.</strong></span> <span class='ocrx_word' id='word_1_691' title='bbox 1721 4729 1998 4789; x_wconf 84' lang='lat' dir='ltr'><strong>Andreas</strong></span> 
     </span>
    </p>
   </div>
   <div class='ocr_carea' id='block_1_99' title="bbox 398 4797 1999 4871">
    <p class='ocr_par' dir='ltr' id='par_1_99' title="bbox 398 4797 1999 4871">
     <span class='ocr_line' id='line_1_99' title="bbox 398 4797 1999 4871; baseline 0.001 -14"><span class='ocrx_word' id='word_1_692' title='bbox 398 4797 538 4857; x_wconf 80' lang='lat' dir='ltr'><strong>cum</strong></span> <span class='ocrx_word' id='word_1_693' title='bbox 568 4800 695 4855; x_wconf 87' lang='lat' dir='ltr'><strong>suis</strong></span> <span class='ocrx_word' id='word_1_694' title='bbox 717 4797 1089 4871; x_wconf 78' lang='lat' dir='ltr'><strong>baptismum</strong></span> <span class='ocrx_word' id='word_1_695' title='bbox 1113 4797 1466 4871; x_wconf 84' lang='lat' dir='ltr'><strong>suscepisse.</strong></span> <span class='ocrx_word' id='word_1_696' title='bbox 1490 4799 1610 4855; x_wconf 85' lang='lat' dir='ltr'><strong>Vid.</strong></span> <span class='ocrx_word' id='word_1_697' title='bbox 1626 4803 1999 4859; x_wconf 90' lang='lat' dir='ltr'><strong>Commenta-</strong></span> 
     </span>
    </p>
   </div>
   <div class='ocr_carea' id='block_1_100' title="bbox 396 4869 1042 4942">
    <p class='ocr_par' dir='ltr' id='par_1_100' title="bbox 396 4869 1042 4942">
     <span class='ocr_line' id='line_1_100' title="bbox 396 4869 1042 4942; baseline -0.008 -14"><span class='ocrx_word' id='word_1_698' title='bbox 396 4871 555 4928; x_wconf 91' lang='lat' dir='ltr'><strong>rium</strong></span> <span class='ocrx_word' id='word_1_699' title='bbox 593 4869 902 4942; x_wconf 69' lang='lat' dir='ltr'><strong>praevium,</strong></span> <span class='ocrx_word' id='word_1_700' title='bbox 932 4869 959 4942; x_wconf 84' lang='lat'>§</span> <span class='ocrx_word' id='word_1_701' title='bbox 990 4870 1042 4924; x_wconf 89' lang='grc'>1.</span> 
     </span>
    </p>
   </div>
   <div class='ocr_carea' id='block_1_101' title="bbox 470 4940 1992 5014">
    <p class='ocr_par' dir='ltr' id='par_1_101' title="bbox 470 4940 1992 5014">
     <span class='ocr_line' id='line_1_101' title="bbox 470 4940 1992 5014; baseline 0 -15"><span class='ocrx_word' id='word_1_702' title='bbox 470 4943 545 5014; x_wconf 80' lang='lat'><strong>(9)</strong></span> <span class='ocrx_word' id='word_1_703' title='bbox 585 4940 908 5014; x_wconf 83' lang='lat' dir='ltr'><strong>Tamalme,</strong></span> <span class='ocrx_word' id='word_1_704' title='bbox 940 4940 1355 5006; x_wconf 56' lang='lat' dir='ltr'><strong>&#39;Androcalon,</strong></span> <span class='ocrx_word' id='word_1_705' title='bbox 1391 4940 1802 5014; x_wconf 86' lang='lat' dir='ltr'><strong>Chausorium,</strong></span> <span class='ocrx_word' id='word_1_706' title='bbox 1849 4944 1992 5001; x_wconf 87' lang='lat' dir='ltr'><strong>Cha-</strong></span> 
     </span>
    </p>
   </div>
   <div class='ocr_carea' id='block_1_102' title="bbox 396 5013 1995 5083">
    <p class='ocr_par' dir='ltr' id='par_1_102' title="bbox 396 5013 1995 5083">
     <span class='ocr_line' id='line_1_102' title="bbox 396 5013 1995 5083; baseline 0.001 -14"><span class='ocrx_word' id='word_1_707' title='bbox 396 5013 750 5070; x_wconf 85' lang='lat' dir='ltr'><strong>ravatinium</strong></span> <span class='ocrx_word' id='word_1_708' title='bbox 783 5013 867 5083; x_wconf 89' lang='lat' dir='ltr'><strong>(in</strong></span> <span class='ocrx_word' id='word_1_709' title='bbox 898 5016 1058 5068; x_wconf 81' lang='lat' dir='ltr'><strong>textu</strong></span> <span class='ocrx_word' id='word_1_710' title='bbox 1087 5018 1288 5067; x_wconf 87' lang='lat' dir='ltr'><strong>nostro</strong></span> <span class='ocrx_word' id='word_1_711' title='bbox 1315 5015 1567 5069; x_wconf 87' lang='lat' dir='ltr'><strong>Suriano</strong></span> <span class='ocrx_word' id='word_1_712' title='bbox 1594 5020 1683 5070; x_wconf 89' lang='lat' dir='ltr'><strong>est</strong></span> <span class='ocrx_word' id='word_1_713' title='bbox 1705 5013 1995 5072; x_wconf 77' lang='lat' dir='ltr'><strong>Charava-</strong></span> 
     </span>
    </p>
   </div>
   <div class='ocr_carea' id='block_1_103' title="bbox 399 5084 1995 5158">
    <p class='ocr_par' dir='ltr' id='par_1_103' title="bbox 399 5084 1995 5158">
     <span class='ocr_line' id='line_1_103' title="bbox 399 5084 1995 5158; baseline 0.001 -17"><span class='ocrx_word' id='word_1_714' title='bbox 399 5084 742 5155; x_wconf 87' lang='lat' dir='ltr'><strong>tinensium)</strong></span> <span class='ocrx_word' id='word_1_715' title='bbox 756 5084 1045 5158; x_wconf 76' lang='lat' dir='ltr'><strong>regiones,</strong></span> <span class='ocrx_word' id='word_1_716' title='bbox 1061 5090 1118 5158; x_wconf 82' lang='lat' dir='ltr'><strong>et</strong></span> <span class='ocrx_word' id='word_1_717' title='bbox 1140 5086 1421 5158; x_wconf 80' lang='lat' dir='ltr'><strong>Taxanite</strong></span> <span class='ocrx_word' id='word_1_718' title='bbox 1445 5091 1624 5158; x_wconf 81' lang='lat' dir='ltr'><strong>atque</strong></span> <span class='ocrx_word' id='word_1_719' title='bbox 1641 5088 1995 5158; x_wconf 86' lang='lat' dir='ltr'><strong>Capsurium</strong></span> 
     </span>
    </p>
   </div>
   <div class='ocr_carea' id='block_1_104' title="bbox 397 5154 1999 5228">
    <p class='ocr_par' dir='ltr' id='par_1_104' title="bbox 397 5154 1999 5228">
     <span class='ocr_line' id='line_1_104' title="bbox 397 5154 1999 5228; baseline 0.001 -16"><span class='ocrx_word' id='word_1_720' title='bbox 397 5163 678 5228; x_wconf 82' lang='lat' dir='ltr'><strong>notantur</strong></span> <span class='ocrx_word' id='word_1_721' title='bbox 703 5154 869 5228; x_wconf 72' lang='lat' dir='ltr'><strong>apud</strong></span> <span class='ocrx_word' id='word_1_722' title='bbox 898 5154 1198 5228; x_wconf 9' lang='lat' dir='ltr'><strong>Ogrtelium,</strong></span> <span class='ocrx_word' id='word_1_723' title='bbox 1232 5156 1335 5228; x_wconf 87' lang='lat' dir='ltr'><strong>sed</strong></span> <span class='ocrx_word' id='word_1_724' title='bbox 1364 5154 1699 5228; x_wconf 43' lang='lat' dir='ltr'><strong>quod—nihil</strong></span> <span class='ocrx_word' id='word_1_725' title='bbox 1725 5154 1838 5212; x_wconf 64' lang='lat' dir='ltr'><strong>&#39;vel</strong></span> <span class='ocrx_word' id='word_1_726' title='bbox 1893 5175 1999 5228; x_wconf 90' lang='lat' dir='ltr'><strong>pa-</strong></span> 
     </span>
    </p>
   </div>
   <div class='ocr_carea' id='block_1_105' title="bbox 397 5226 1996 5311">
    <p class='ocr_par' dir='ltr' id='par_1_105' title="bbox 397 5226 1996 5311">
     <span class='ocr_line' id='line_1_105' title="bbox 397 5226 1996 5311; baseline 0.003 -30"><span class='ocrx_word' id='word_1_727' title='bbox 397 5244 530 5311; x_wconf 70' lang='lat' dir='ltr'><strong>rum</strong></span> <span class='ocrx_word' id='word_1_728' title='bbox 562 5226 806 5311; x_wconf 69' lang='lat' dir='ltr'><strong>aliunde</strong></span> <span class='ocrx_word' id='word_1_729' title='bbox 836 5226 909 5307; x_wconf 80' lang='lat' dir='ltr'><strong>de</strong></span> <span class='ocrx_word' id='word_1_730' title='bbox 939 5226 1051 5311; x_wconf 72' lang='lat' dir='ltr'><strong>illis</strong></span> <span class='ocrx_word' id='word_1_731' title='bbox 1083 5226 1538 5311; x_wconf 53' lang='lat' dir='ltr'><strong>didicerininde</strong></span> <span class='ocrx_word' id='word_1_732' title='bbox 1570 5227 1802 5309; x_wconf 84' lang='lat' dir='ltr'><strong>colligo,</strong></span> <span class='ocrx_word' id='word_1_733' title='bbox 1835 5226 1996 5311; x_wconf 84' lang='lat' dir='ltr'><strong>quod</strong></span> 
     </span>
    </p>
   </div>
   <div class='ocr_carea' id='block_1_106' title="bbox 397 5297 1994 5357">
    <p class='ocr_par' dir='ltr' id='par_1_106' title="bbox 397 5297 1994 5357">
     <span class='ocr_line' id='line_1_106' title="bbox 397 5297 1994 5357; baseline 0.002 -3"><span class='ocrx_word' id='word_1_734' title='bbox 397 5299 614 5354; x_wconf 89' lang='lat' dir='ltr'><strong>addat:</strong></span> <span class='ocrx_word' id='word_1_735' title='bbox 653 5318 677 5348; x_wconf 74' lang='grc' dir='ltr'><strong><em>α</em></strong></span> <span class='ocrx_word' id='word_1_736' title='bbox 716 5298 866 5353; x_wconf 86' lang='lat' dir='ltr'><strong>Loca</strong></span> <span class='ocrx_word' id='word_1_737' title='bbox 894 5297 1007 5353; x_wconf 89' lang='lat' dir='ltr'><strong>ista</strong></span> <span class='ocrx_word' id='word_1_738' title='bbox 1035 5298 1215 5354; x_wconf 87' lang='lat' dir='ltr'><strong>habet</strong></span> <span class='ocrx_word' id='word_1_739' title='bbox 1242 5298 1399 5354; x_wconf 86' lang='lat' dir='ltr'><strong>circa</strong></span> <span class='ocrx_word' id='word_1_740' title='bbox 1428 5300 1771 5354; x_wconf 86' lang='lat' dir='ltr'><strong>Armeniam</strong></span> <span class='ocrx_word' id='word_1_741' title='bbox 1807 5297 1994 5357; x_wconf 73' lang='lat' dir='ltr'><strong>mino-</strong></span> 
     </span>
    </p>
   </div>
   <div class='ocr_carea' id='block_1_107' title="bbox 397 5368 1991 5442">
    <p class='ocr_par' dir='ltr' id='par_1_107' title="bbox 397 5368 1991 5442">
     <span class='ocr_line' id='line_1_107' title="bbox 397 5368 1991 5442; baseline 0.002 -17"><span class='ocrx_word' id='word_1_742' title='bbox 397 5384 526 5425; x_wconf 87' lang='lat' dir='ltr'><strong>rem</strong></span> <span class='ocrx_word' id='word_1_743' title='bbox 554 5368 641 5442; x_wconf 83' lang='lat' dir='ltr'><strong>vel</strong></span> <span class='ocrx_word' id='word_1_744' title='bbox 667 5369 931 5442; x_wconf 73' lang='lat' dir='ltr'><strong>Ciliciam</strong></span> <span class='ocrx_word' id='word_1_745' title='bbox 956 5369 1366 5442; x_wconf 81' lang='lat' dir='ltr'><strong>Metaphrastes</strong></span> <span class='ocrx_word' id='word_1_746' title='bbox 1399 5369 1459 5425; x_wconf 91' lang='lat' dir='ltr'><strong>in</strong></span> <span class='ocrx_word' id='word_1_747' title='bbox 1488 5370 1547 5425; x_wconf 94' lang='lat' dir='ltr'><strong>S.</strong></span> <span class='ocrx_word' id='word_1_748' title='bbox 1580 5371 1792 5427; x_wconf 74' lang='lat' dir='ltr'><strong>Andrze</strong></span> <span class='ocrx_word' id='word_1_749' title='bbox 1819 5372 1991 5428; x_wconf 90' lang='lat' dir='ltr'><strong>ducis</strong></span> 
     </span>
    </p>
   </div>
   <div class='ocr_carea' id='block_1_108' title="bbox 398 5440 930 5497">
    <p class='ocr_par' dir='ltr' id='par_1_108' title="bbox 398 5440 930 5497">
     <span class='ocr_line' id='line_1_108' title="bbox 398 5440 930 5497; baseline -0.013 -1"><span class='ocrx_word' id='word_1_750' title='bbox 398 5440 694 5497; x_wconf 82' lang='lat' dir='ltr'><strong>exercitus</strong></span> <span class='ocrx_word' id='word_1_751' title='bbox 722 5440 870 5495; x_wconf 83' lang='lat' dir='ltr'><strong>Vita.</strong></span> <span class='ocrx_word' id='word_1_752' title='bbox 901 5461 930 5490; x_wconf 86' lang='grc'><strong>››</strong></span> 
     </span>
    </p>
   </div>
   <div class='ocr_carea' id='block_1_109' title="bbox 468 5512 1993 5583">
    <p class='ocr_par' dir='ltr' id='par_1_109' title="bbox 468 5512 1993 5583">
     <span class='ocr_line' id='line_1_109' title="bbox 468 5512 1993 5583; baseline 0.003 -16"><span class='ocrx_word' id='word_1_753' title='bbox 468 5512 582 5583; x_wconf 84' lang='grc'>(10)</span> <span class='ocrx_word' id='word_1_754' title='bbox 602 5513 942 5582; x_wconf 74' lang='lat' dir='ltr'><strong>Augustius.</strong></span> <span class='ocrx_word' id='word_1_755' title='bbox 962 5512 1025 5566; x_wconf 87' lang='lat' dir='ltr'><strong>In</strong></span> <span class='ocrx_word' id='word_1_756' title='bbox 1048 5517 1246 5567; x_wconf 91' lang='lat' dir='ltr'><strong>nostro</strong></span> <span class='ocrx_word' id='word_1_757' title='bbox 1267 5512 1429 5568; x_wconf 89' lang='lat' dir='ltr'><strong>dicto</strong></span> <span class='ocrx_word' id='word_1_758' title='bbox 1452 5514 1645 5569; x_wconf 60' lang='lat' dir='ltr'><strong>Graeco</strong></span> <span class='ocrx_word' id='word_1_759' title='bbox 1668 5513 1993 5583; x_wconf 82' lang='lat' dir='ltr'><strong>exemplari</strong></span> 
     </span>
    </p>
   </div>
   <div class='ocr_carea' id='block_1_110' title="bbox 399 5584 1994 5655">
    <p class='ocr_par' dir='ltr' id='par_1_110' title="bbox 399 5584 1994 5655">
     <span class='ocr_line' id='line_1_110' title="bbox 399 5584 1994 5655; baseline 0.004 -19"><span class='ocrx_word' id='word_1_760' title='bbox 399 5584 467 5636; x_wconf 79' lang='grc' dir='ltr'>τὰ</span> <span class='ocrx_word' id='word_1_761' title='bbox 519 5585 690 5651; x_wconf 83' lang='grc' dir='ltr'>στενὰ,</span> <span class='ocrx_word' id='word_1_762' title='bbox 740 5598 863 5655; x_wconf 89' lang='lat' dir='ltr'><strong>qua</strong></span> <span class='ocrx_word' id='word_1_763' title='bbox 893 5597 1034 5639; x_wconf 89' lang='lat' dir='ltr'><strong>voce</strong></span> <span class='ocrx_word' id='word_1_764' title='bbox 1064 5584 1242 5640; x_wconf 88' lang='lat' dir='ltr'><strong>etiam</strong></span> <span class='ocrx_word' id='word_1_765' title='bbox 1286 5600 1428 5639; x_wconf 88' lang='lat' dir='ltr'><strong>usus</strong></span> <span class='ocrx_word' id='word_1_766' title='bbox 1457 5588 1550 5640; x_wconf 88' lang='lat' dir='ltr'><strong>est</strong></span> <span class='ocrx_word' id='word_1_767' title='bbox 1580 5584 1812 5651; x_wconf 82' lang='lat' dir='ltr'><strong>Strabo,</strong></span> <span class='ocrx_word' id='word_1_768' title='bbox 1845 5584 1950 5644; x_wconf 78' lang='lat' dir='ltr'><strong>lib.</strong></span> <span class='ocrx_word' id='word_1_769' title='bbox 1976 5602 1994 5642; x_wconf 84' lang='lat'>1</span> 
     </span>
    </p>
   </div>
   <div class='ocr_carea' id='block_1_111' title="bbox 2110 4490 3752 4580">
    <p class='ocr_par' dir='ltr' id='par_1_111' title="bbox 2110 4490 3752 4580">
     <span class='ocr_line' id='line_1_111' title="bbox 2110 4490 3752 4580; baseline -0.004 -16"><span class='ocrx_word' id='word_1_770' title='bbox 2110 4506 2339 4580; x_wconf 85' lang='lat' dir='ltr'><strong>regredi</strong></span> <span class='ocrx_word' id='word_1_771' title='bbox 2368 4490 2784 4562; x_wconf 64' lang='lat' dir='ltr'><strong>destititTunc</strong></span> <span class='ocrx_word' id='word_1_772' title='bbox 2829 4504 3106 4562; x_wconf 87' lang='lat' dir='ltr'><strong>Seleucus</strong></span> <span class='ocrx_word' id='word_1_773' title='bbox 3139 4504 3317 4569; x_wconf 86' lang='lat' dir='ltr'><strong>venit,</strong></span> <span class='ocrx_word' id='word_1_774' title='bbox 3348 4509 3405 4561; x_wconf 91' lang='lat' dir='ltr'><strong>et</strong></span> <span class='ocrx_word' id='word_1_775' title='bbox 3430 4502 3571 4559; x_wconf 88' lang='lat' dir='ltr'><strong>vidit</strong></span> <span class='ocrx_word' id='word_1_776' title='bbox 3599 4503 3752 4570; x_wconf 91' lang='lat' dir='ltr'><strong>loca,</strong></span> 
     </span>
    </p>
   </div>
   <div class='ocr_carea' id='block_1_112' title="bbox 2108 4725 3758 4803">
    <p class='ocr_par' dir='ltr' id='par_1_112' title="bbox 2108 4725 3758 4803">
     <span class='ocr_line' id='line_1_112' title="bbox 2108 4725 3758 4803; baseline -0.002 -17"><span class='ocrx_word' id='word_1_777' title='bbox 2108 4744 2249 4803; x_wconf 90' lang='lat' dir='ltr'><strong>pag.</strong></span> <span class='ocrx_word' id='word_1_778' title='bbox 2286 4732 2350 4786; x_wconf 86' lang='lat'><strong>53</strong></span> <span class='ocrx_word' id='word_1_779' title='bbox 2382 4727 2660 4803; x_wconf 86' lang='lat' dir='ltr'><strong>editionis</strong></span> <span class='ocrx_word' id='word_1_780' title='bbox 2692 4726 3039 4803; x_wconf 85' lang='lat' dir='ltr'><strong>Parisiensis</strong></span> <span class='ocrx_word' id='word_1_781' title='bbox 3082 4728 3226 4803; x_wconf 79' lang='lat' dir='ltr'><strong>anni</strong></span> <span class='ocrx_word' id='word_1_782' title='bbox 3260 4728 3423 4803; x_wconf 54' lang='lat'><strong>1620,</strong></span> <span class='ocrx_word' id='word_1_783' title='bbox 3452 4739 3483 4780; x_wconf 90' lang='lat' dir='ltr'><strong>e</strong></span> <span class='ocrx_word' id='word_1_784' title='bbox 3522 4739 3641 4797; x_wconf 92' lang='lat' dir='ltr'><strong>quo</strong></span> <span class='ocrx_word' id='word_1_785' title='bbox 3670 4725 3758 4803; x_wconf 84' lang='lat' dir='ltr'><strong>di-</strong></span> 
     </span>
    </p>
   </div>
   <div class='ocr_carea' id='block_1_113' title="bbox 2109 4798 3763 4870">
    <p class='ocr_par' dir='ltr' id='par_1_113' title="bbox 2109 4798 3763 4870">
     <span class='ocr_line' id='line_1_113' title="bbox 2109 4798 3763 4870; baseline -0.001 -13"><span class='ocrx_word' id='word_1_786' title='bbox 2109 4798 2338 4857; x_wconf 75' lang='lat' dir='ltr'><strong>ctarum</strong></span> <span class='ocrx_word' id='word_1_787' title='bbox 2360 4801 2773 4870; x_wconf 89' lang='lat' dir='ltr'><strong>augustiarum</strong></span> <span class='ocrx_word' id='word_1_788' title='bbox 2803 4802 2982 4855; x_wconf 90' lang='lat' dir='ltr'><strong>situm</strong></span> <span class='ocrx_word' id='word_1_789' title='bbox 3014 4798 3231 4855; x_wconf 91' lang='lat' dir='ltr'><strong>subdo.</strong></span> <span class='ocrx_word' id='word_1_790' title='bbox 3258 4801 3582 4870; x_wconf 86' lang='lat' dir='ltr'><strong>Postquam</strong></span> <span class='ocrx_word' id='word_1_791' title='bbox 3601 4798 3763 4870; x_wconf 82' lang='lat' dir='ltr'><strong>enim</strong></span> 
     </span>
    </p>
   </div>
   <div class='ocr_carea' id='block_1_114' title="bbox 2110 4868 3756 4948">
    <p class='ocr_par' dir='ltr' id='par_1_114' title="bbox 2110 4868 3756 4948">
     <span class='ocr_line' id='line_1_114' title="bbox 2110 4868 3756 4948; baseline -0.002 -20"><span class='ocrx_word' id='word_1_792' title='bbox 2110 4874 2328 4948; x_wconf 76' lang='lat' dir='ltr'><strong>egisset</strong></span> <span class='ocrx_word' id='word_1_793' title='bbox 2372 4868 2469 4927; x_wconf 52' lang='lat' dir='ltr'><strong>de&#39;</strong></span> <span class='ocrx_word' id='word_1_794' title='bbox 2498 4872 2756 4948; x_wconf 81' lang='lat' dir='ltr'><strong>Pyramo</strong></span> <span class='ocrx_word' id='word_1_795' title='bbox 2799 4870 3005 4948; x_wconf 77' lang='lat' dir='ltr'><strong>ﬂuvio</strong></span> <span class='ocrx_word' id='word_1_796' title='bbox 3052 4870 3286 4948; x_wconf 68' lang='lat' dir='ltr'><strong>Ciliciaa,</strong></span> <span class='ocrx_word' id='word_1_797' title='bbox 3336 4868 3756 4948; x_wconf 49' lang='lat' dir='ltr'><strong>«flavigabilis,</strong></span> 
     </span>
    </p>
   </div>
   <div class='ocr_carea' id='block_1_115' title="bbox 2105 4938 3761 5019">
    <p class='ocr_par' dir='ltr' id='par_1_115' title="bbox 2105 4938 3761 5019">
     <span class='ocr_line' id='line_1_115' title="bbox 2105 4938 3761 5019; baseline -0.001 -19"><span class='ocrx_word' id='word_1_798' title='bbox 2105 4938 2309 5019; x_wconf 62' lang='lat' dir='ltr'><strong>aitille</strong></span> <span class='ocrx_word' id='word_1_799' title='bbox 2338 4958 2411 4999; x_wconf 79' lang='lat' dir='ltr'><strong>ex</strong></span> <span class='ocrx_word' id='word_1_800' title='bbox 2444 4938 2666 5019; x_wconf 64' lang='lat' dir='ltr'><strong>mediis</strong></span> <span class='ocrx_word' id='word_1_801' title='bbox 2707 4943 3006 5019; x_wconf 70' lang='lat' dir='ltr'><strong>Cataoniaa</strong></span> <span class='ocrx_word' id='word_1_802' title='bbox 3036 4942 3283 5019; x_wconf 71' lang='lat' dir='ltr'><strong>campis</strong></span> <span class='ocrx_word' id='word_1_803' title='bbox 3316 4938 3661 5019; x_wconf 73' lang='lat' dir='ltr'><strong>eﬁunditur,</strong></span> <span class='ocrx_word' id='word_1_804' title='bbox 3691 4956 3761 4998; x_wconf 89' lang='lat' dir='ltr'><strong>ac</strong></span> 
     </span>
    </p>
   </div>
   <div class='ocr_carea' id='block_1_116' title="bbox 2105 5009 3758 5086">
    <p class='ocr_par' dir='ltr' id='par_1_116' title="bbox 2105 5009 3758 5086">
     <span class='ocr_line' id='line_1_116' title="bbox 2105 5009 3758 5086; baseline -0.001 -15"><span class='ocrx_word' id='word_1_805' title='bbox 2105 5015 2339 5071; x_wconf 90' lang='lat' dir='ltr'><strong>delatus</strong></span> <span class='ocrx_word' id='word_1_806' title='bbox 2365 5030 2469 5086; x_wconf 89' lang='lat' dir='ltr'><strong>per</strong></span> <span class='ocrx_word' id='word_1_807' title='bbox 2499 5015 2669 5069; x_wconf 85' lang='lat' dir='ltr'><strong>Tauri</strong></span> <span class='ocrx_word' id='word_1_808' title='bbox 2708 5013 3020 5083; x_wconf 87' lang='lat' dir='ltr'><strong>angustias</strong></span> <span class='ocrx_word' id='word_1_809' title='bbox 3042 5014 3101 5069; x_wconf 89' lang='lat' dir='ltr'><strong>in</strong></span> <span class='ocrx_word' id='word_1_810' title='bbox 3130 5009 3413 5086; x_wconf 80' lang='lat' dir='ltr'><strong>Ciliciam,</strong></span> <span class='ocrx_word' id='word_1_811' title='bbox 3435 5010 3495 5065; x_wconf 89' lang='lat' dir='ltr'><strong>in</strong></span> <span class='ocrx_word' id='word_1_812' title='bbox 3516 5009 3758 5080; x_wconf 87' lang='lat' dir='ltr'><strong>fretum,</strong></span> 
     </span>
    </p>
   </div>
   <div class='ocr_carea' id='block_1_117' title="bbox 2107 5084 3397 5160">
    <p class='ocr_par' dir='ltr' id='par_1_117' title="bbox 2107 5084 3397 5160">
     <span class='ocr_line' id='line_1_117' title="bbox 2107 5084 3397 5160; baseline -0.005 -19"><span class='ocrx_word' id='word_1_813' title='bbox 2107 5087 2279 5160; x_wconf 90' lang='lat' dir='ltr'><strong>quod</strong></span> <span class='ocrx_word' id='word_1_814' title='bbox 2302 5084 2451 5142; x_wconf 81' lang='lat' dir='ltr'><strong>inter</strong></span> <span class='ocrx_word' id='word_1_815' title='bbox 2487 5086 2724 5160; x_wconf 89' lang='lat' dir='ltr'><strong>hanc_e_t</strong></span> <span class='ocrx_word' id='word_1_816' title='bbox 2751 5087 3012 5160; x_wconf 85' lang='lat' dir='ltr'><strong>Cyprum</strong></span> <span class='ocrx_word' id='word_1_817' title='bbox 3051 5091 3159 5150; x_wconf 91' lang='lat' dir='ltr'><strong>est,</strong></span> <span class='ocrx_word' id='word_1_818' title='bbox 3188 5084 3338 5160; x_wconf 84' lang='lat' dir='ltr'><strong>e_x_it._</strong></span> <span class='ocrx_word' id='word_1_819' title='bbox 3370 5106 3397 5136; x_wconf 83' lang='lat'><strong>»</strong></span> 
     </span>
    </p>
   </div>
   <div class='ocr_carea' id='block_1_118' title="bbox 2180 5156 3396 5229">
    <p class='ocr_par' dir='ltr' id='par_1_118' title="bbox 2180 5156 3396 5229">
     <span class='ocr_line' id='line_1_118' title="bbox 2180 5156 3396 5229; baseline -0.002 -16"><span class='ocrx_word' id='word_1_820' title='bbox 2180 5158 2580 5229; x_wconf 85' lang='lat' dir='ltr'><strong>(tt)Pyramo</strong></span> <span class='ocrx_word' id='word_1_821' title='bbox 2615 5156 2902 5221; x_wconf 82' lang='lat' dir='ltr'><strong>videlicet,</strong></span> <span class='ocrx_word' id='word_1_822' title='bbox 2938 5173 3007 5212; x_wconf 82' lang='lat' dir='ltr'><strong>ex</strong></span> <span class='ocrx_word' id='word_1_823' title='bbox 3041 5172 3177 5211; x_wconf 80' lang='lat' dir='ltr'><strong>mox</strong></span> <span class='ocrx_word' id='word_1_824' title='bbox 3201 5156 3396 5229; x_wconf 81' lang='lat' dir='ltr'><strong>dictis.</strong></span> 
     </span>
    </p>
   </div>
   <div class='ocr_carea' id='block_1_119' title="bbox 2107 5226 3755 5301">
    <p class='ocr_par' dir='ltr' id='par_1_119' title="bbox 2107 5226 3755 5301">
     <span class='ocr_line' id='line_1_119' title="bbox 2107 5226 3755 5301; baseline -0.003 -15"><span class='ocrx_word' id='word_1_825' title='bbox 2107 5226 2521 5301; x_wconf 54' lang='lat' dir='ltr'><strong>(1&#39;2&quot;)Magnus.</strong></span> <span class='ocrx_word' id='word_1_826' title='bbox 2569 5231 2791 5283; x_wconf 86' lang='lat' dir='ltr'><strong>Nomen</strong></span> <span class='ocrx_word' id='word_1_827' title='bbox 2844 5229 2976 5293; x_wconf 92' lang='lat' dir='ltr'><strong>hoc,</strong></span> <span class='ocrx_word' id='word_1_828' title='bbox 3034 5229 3113 5283; x_wconf 90' lang='lat' dir='ltr'><strong>uti</strong></span> <span class='ocrx_word' id='word_1_829' title='bbox 3166 5227 3353 5295; x_wconf 89' lang='lat' dir='ltr'><strong>vides,</strong></span> <span class='ocrx_word' id='word_1_830' title='bbox 3415 5234 3508 5287; x_wconf 89' lang='lat' dir='ltr'><strong>est</strong></span> <span class='ocrx_word' id='word_1_831' title='bbox 3555 5226 3755 5301; x_wconf 72' lang='lat' dir='ltr'><strong>appel-</strong></span> 
     </span>
    </p>
   </div>
   <div class='ocr_carea' id='block_1_120' title="bbox 2105 5295 3761 5371">
    <p class='ocr_par' dir='ltr' id='par_1_120' title="bbox 2105 5295 3761 5371">
     <span class='ocr_line' id='line_1_120' title="bbox 2105 5295 3761 5371; baseline -0.002 -17"><span class='ocrx_word' id='word_1_832' title='bbox 2105 5295 2371 5355; x_wconf 32' lang='lat' dir='ltr'><strong>l‘ati&#39;vum&#39;</strong></span> <span class='ocrx_word' id='word_1_833' title='bbox 2394 5297 2761 5369; x_wconf 74' lang='lat' dir='ltr'><strong>suffragante</strong></span> <span class='ocrx_word' id='word_1_834' title='bbox 2779 5306 2983 5354; x_wconf 88' lang='lat' dir='ltr'><strong>nostro</strong></span> <span class='ocrx_word' id='word_1_835' title='bbox 3008 5301 3358 5371; x_wconf 88' lang='lat' dir='ltr'><strong>apographo</strong></span> <span class='ocrx_word' id='word_1_836' title='bbox 3388 5295 3610 5367; x_wconf 67' lang='lat' dir='ltr'><strong>Graeco,</strong></span> <span class='ocrx_word' id='word_1_837' title='bbox 3639 5295 3665 5353; x_wconf 75' lang='grc' dir='ltr'><strong>ὃ</strong></span> <span class='ocrx_word' id='word_1_838' title='bbox 3700 5295 3761 5353; x_wconf 65' lang='grc' dir='ltr'><strong>δὲ</strong></span> 
     </span>
    </p>
   </div>
   <div class='ocr_carea' id='block_1_121' title="bbox 2101 5371 3747 5445">
    <p class='ocr_par' dir='ltr' id='par_1_121' title="bbox 2101 5371 3747 5445">
     <span class='ocr_line' id='line_1_121' title="bbox 2101 5371 3747 5445; baseline 0.004 -24"><span class='ocrx_word' id='word_1_839' title='bbox 2101 5376 2259 5445; x_wconf 82' lang='grc' dir='ltr'>μέγας</span> <span class='ocrx_word' id='word_1_840' title='bbox 2304 5374 2391 5423; x_wconf 85' lang='grc' dir='ltr'>καὶ</span> <span class='ocrx_word' id='word_1_841' title='bbox 2436 5376 2758 5445; x_wconf 84' lang='grc' dir='ltr'>περιώνυμος</span> <span class='ocrx_word' id='word_1_842' title='bbox 2810 5373 3023 5443; x_wconf 87' lang='grc' dir='ltr'>μάρτυς,</span> <span class='ocrx_word' id='word_1_843' title='bbox 3076 5386 3218 5445; x_wconf 83' lang='lat' dir='ltr'><strong>non</strong></span> <span class='ocrx_word' id='word_1_844' title='bbox 3302 5377 3611 5445; x_wconf 88' lang='lat' dir='ltr'><strong>proprium</strong></span> <span class='ocrx_word' id='word_1_845' title='bbox 3681 5371 3747 5445; x_wconf 18' lang='lat' dir='ltr'><strong>SA.</strong></span> 
     </span>
    </p>
   </div>
   <div class='ocr_carea' id='block_1_122' title="bbox 2103 5442 3757 5513">
    <p class='ocr_par' dir='ltr' id='par_1_122' title="bbox 2103 5442 3757 5513">
     <span class='ocr_line' id='line_1_122' title="bbox 2103 5442 3757 5513; baseline 0 -14"><span class='ocrx_word' id='word_1_846' title='bbox 2103 5442 2370 5507; x_wconf 71' lang='lat' dir='ltr'><strong>Andreae,</strong></span> <span class='ocrx_word' id='word_1_847' title='bbox 2403 5457 2472 5497; x_wconf 92' lang='lat' dir='ltr'><strong>ac</strong></span> <span class='ocrx_word' id='word_1_848' title='bbox 2504 5442 2669 5513; x_wconf 88' lang='lat' dir='ltr'><strong>proin</strong></span> <span class='ocrx_word' id='word_1_849' title='bbox 2699 5458 2845 5499; x_wconf 88' lang='lat' dir='ltr'><strong>cave</strong></span> <span class='ocrx_word' id='word_1_850' title='bbox 2876 5458 2947 5498; x_wconf 89' lang='lat' dir='ltr'><strong>ne</strong></span> <span class='ocrx_word' id='word_1_851' title='bbox 2972 5458 3045 5499; x_wconf 81' lang='lat' dir='ltr'><strong>ex</strong></span> <span class='ocrx_word' id='word_1_852' title='bbox 3074 5443 3186 5498; x_wconf 91' lang='lat' dir='ltr'><strong>hac</strong></span> <span class='ocrx_word' id='word_1_853' title='bbox 3211 5442 3353 5499; x_wconf 79' lang='lat' dir='ltr'><strong>voce</strong></span> <span class='ocrx_word' id='word_1_854' title='bbox 3382 5442 3472 5503; x_wconf 79' lang='lat' dir='ltr'><strong>vel</strong></span> <span class='ocrx_word' id='word_1_855' title='bbox 3504 5443 3757 5502; x_wconf 85' lang='lat' dir='ltr'><strong>binomi-</strong></span> 
     </span>
    </p>
   </div>
   <div class='ocr_carea' id='block_1_123' title="bbox 2103 5513 3754 5579">
    <p class='ocr_par' dir='ltr' id='par_1_123' title="bbox 2103 5513 3754 5579">
     <span class='ocr_line' id='line_1_123' title="bbox 2103 5513 3754 5579; baseline 0.001 -9"><span class='ocrx_word' id='word_1_856' title='bbox 2103 5531 2241 5571; x_wconf 93' lang='lat' dir='ltr'><strong>nem</strong></span> <span class='ocrx_word' id='word_1_857' title='bbox 2260 5513 2441 5569; x_wconf 82' lang='lat' dir='ltr'><strong>facias</strong></span> <span class='ocrx_word' id='word_1_858' title='bbox 2470 5520 2766 5579; x_wconf 89' lang='lat' dir='ltr'><strong>sanctum,</strong></span> <span class='ocrx_word' id='word_1_859' title='bbox 2800 5514 2891 5570; x_wconf 91' lang='lat' dir='ltr'><strong>vel</strong></span> <span class='ocrx_word' id='word_1_860' title='bbox 2916 5529 3034 5571; x_wconf 89' lang='lat' dir='ltr'><strong>non</strong></span> <span class='ocrx_word' id='word_1_861' title='bbox 3053 5522 3206 5571; x_wconf 90' lang='lat' dir='ltr'><strong>recte</strong></span> <span class='ocrx_word' id='word_1_862' title='bbox 3245 5516 3587 5576; x_wconf 89' lang='lat' dir='ltr'><strong>annunties.</strong></span> <span class='ocrx_word' id='word_1_863' title='bbox 3608 5518 3754 5573; x_wconf 91' lang='lat' dir='ltr'><strong>Con-</strong></span> 
     </span>
    </p>
   </div>
   <div class='ocr_carea' id='block_1_124' title="bbox 2104 5586 2918 5660">
    <p class='ocr_par' dir='ltr' id='par_1_124' title="bbox 2104 5586 2918 5660">
     <span class='ocr_line' id='line_1_124' title="bbox 2104 5586 2918 5660; baseline 0.001 -18"><span class='ocrx_word' id='word_1_864' title='bbox 2104 5586 2231 5643; x_wconf 90' lang='lat' dir='ltr'><strong>sule</strong></span> <span class='ocrx_word' id='word_1_865' title='bbox 2258 5587 2786 5656; x_wconf 87' lang='lat' dir='ltr'><strong>Commentarium,</strong></span> <span class='ocrx_word' id='word_1_866' title='bbox 2813 5586 2918 5660; x_wconf 68' lang='lat'><strong>$1.</strong></span> 
     </span>
    </p>
   </div>
  </div>
