4096 6220
453 252 554 306 607

1773 245 2032 308 MENSIS
2072 244 2474 309 AUGUSTUS.

3709 259 3808 316 608

468 376 528 430 in
559 374 779 447 quibus
803 373 910 430 viri
936 374 1020 431 illi
1050 393 1084 431 a
1109 378 1228 432 Deo
1257 377 1420 434 ducti
1463 377 1848 434 constiterant
1880 393 1892 430 :
1922 375 1981 430 in
2008 387 2092 429 eo:

2223 381 2346 430 Τότε
2402 381 2427 432 ό
2481 382 2717 447 Σελευκος
2763 384 2918 439 ἐλθὼν
2974 389 3059 438 xui
3123 382 3249 438 ἰδὼν
3292 387 3354 438 τὰ
3409 389 3595 458 χωρία
3640 384 3687 437 ἐν
3737 387 3809 449 οἷς

457 470 657 520 autem
691 466 1034 530 exercitum,
1075 483 1256 539 quem
1299 484 1502 524 secum
1531 467 1815 532 habebat,
1841 464 2105 521 immisit-

449 553 513 608 ld
549 570 683 608 cum
710 555 990 610 sensisset
1019 557 1118 611 Dei
1158 557 1442 622 minister,
1484 563 1540 613 et
1569 573 1630 613 se
1653 561 1709 613 et
1753 556 1944 611 socios
1965 569 2105 609 suos

453 642 530 698 ad
557 658 760 714 preces
788 643 1075 708 excitans,
1117 645 1196 700 ait
1222 662 1234 700 :
1273 648 1316 703 Ο
1345 647 1523 701 amici
1553 652 1610 701 et
1642 644 2099 708 commilitones,

451 748 519 789 ac
545 733 646 788 ﬁlii
708 733 840 797 mei,
895 749 1054 788 nunc
1099 740 1184 790 est
1238 740 1472 806 tempus
1510 734 1894 806 acceptabile,
1942 749 2099 788 nunc

447 821 571 877 dies
599 822 800 878 salutis
835 837 847 876 :
883 829 1214 893 perstemus
1241 825 1298 879 in
1327 824 1422 880 Dei
1467 841 1694 889 amore,
1746 824 2096 879 resistamus

450 911 652 967 animo
678 927 853 983 aequo
879 920 935 968 et
963 912 1119 982 forti,
1152 914 1670 984 quemadmodum
1689 911 1965 985 praecepit
1997 927 2097 966 no-

448 1000 541 1057 bis
571 1004 724 1057 Deus
758 1021 769 1060 ε
796 1018 1014 1057 manus
1048 1007 1282 1059 nostras
1315 1019 1435 1058 non
1463 1003 1539 1060 ad
1574 1002 2099 1074 ulciscendosper-

449 1095 768 1156 secutores,
801 1089 899 1145 sed
940 1091 1016 1146 ad
1054 1094 1236 1147 Deum
1266 1092 1658 1163 precandum,
1682 1091 1849 1163 eique
1871 1090 2096 1160 gratias

445 1179 748 1249 agendum
772 1180 1092 1249 erigamus,
1119 1181 1282 1251 quod
1325 1181 1495 1237 nobis
1535 1181 1910 1244 concesserit,
1939 1184 2000 1234 ut
2019 1179 2093 1235 ad

447 1269 654 1322 horam
675 1267 832 1323 hanc
864 1269 1062 1324 venire
1084 1270 1479 1340 potuerimus,
1507 1286 1630 1341 quo
1653 1275 1882 1340 partem
1903 1272 1959 1324 et
1976 1283 2086 1323 sor-

446 1360 566 1411 tem
611 1373 746 1411 cum
780 1357 1063 1414 omnibus
1093 1358 1162 1413 iis
1187 1358 1290 1430 qui
1323 1359 1636 1414 sanctitate
1679 1357 1904 1429 priediti
1936 1361 2092 1422 sunt,

446 1460 865 1517 assequamur.
901 1446 1207 1518 Supplices
1265 1446 1338 1504 ab
1376 1448 1476 1504 illo
1508 1447 1898 1519 postulemus,
1929 1445 2092 1518 quod

445 1540 777 1605 martyrum
818 1535 1044 1606 primus
1077 1537 1498 1593 celeberrimus
1543 1537 1904 1609 Stephanus,
1955 1551 2089 1590 cum

445 1621 748 1694 lapidibus
767 1624 1136 1692 obrueretur,
1162 1642 1196 1682 a
1217 1630 1333 1682 Deo
1358 1627 1564 1699 petivit
1583 1626 1846 1682 dicentes
1868 1631 1923 1681 et
1939 1641 2050 1680 nos
2076 1640 2089 1679 :

2219 469 2266 518 οὶ
2317 467 2648 542 θεοδιηγητοι
2696 474 2877 527 ἐκεῖνοι
2906 476 3173 547 ὑπῆφχον,
3207 473 3464 548 ἐπαῆρκεν
3520 474 3696 536 αὐτοῖς
3728 480 3807 527 τόν

2216 557 2456 628 ἑπόμενον
2488 562 2625 633 αύτῷ
2660 571 2899 640 στρατόν.
2950 571 3142 618 Τοῦτον
3193 561 3250 617 δι
3291 566 3314 616 ὁ
3357 572 3454 617 τοῦ
3506 573 3639 618 Θεοῦ
3673 566 3809 638 θερά-

2213 666 2319 699 πων
2372 649 2697 723 αὶσθόμενος,
2754 654 2823 715 εἰς
2874 659 3180 726 προσευχὴν
3231 654 3414 706 ἑαυτὸν
3461 673 3516 707 τε
3563 659 3651 706 καὶ
3699 659 3809 715 τοὺς

2213 739 2307 788 σὺν
2353 737 2493 809 αύτῷ
2555 738 2893 800 διανίστησιν
2940 741 3116 814 λέγων’
3168 743 3238 794 ’.(1.
3285 743 3426 814 φίλοι
3497 751 3809 816 στρατιῶται

2207 830 2297 878 καὶ
2327 832 2499 881 τεκνία
2546 849 2666 901 μου,
2717 839 2804 882 νῦν
2857 836 3038 904 καιρός
3083 828 3469 906 εὐπρόσδεκτος
3524 835 3615 884 καὶ
3648 835 3810 904 ἡμέρα

2211 920 2492 990 σωτηρίας·

2205 1007 2517 1078 προσέταξεν
2572 1011 2693 1081 ἡμῖν
2747 1011 2773 1061 ό
2823 1014 2967 1076 Θεὸς,
3013 1013 3100 1071 τὰς
3142 1018 3328 1083 χεῖρας
3383 1012 3558 1083 ἡμῶν,
3615 1011 3708 1062 οὐκ
3756 1009 3808 1082 ἐφ

2207 1095 2245 1164 ᾧ
2299 1099 2416 1158 τούς
2479 1093 2762 1160 διώκοντας
2816 1098 3133 1170 ἀμύνασθαι,
3199 1099 3303 1151 ἀλλ’
3365 1099 3436 1160 εἰς
3501 1096 3688 1157 δέησιν
3735 1103 3808 1152 α’ί-

2204 1202 2372 1257 ροντες
2423 1190 2512 1238 τοὺ
2551 1188 2968 1251 καταξιώσαντος
3020 1191 3159 1261 ἡμᾶς
3211 1194 3360 1251 Θεοῦ,
3405 1189 3474 1249 εἰς
3533 1193 3626 1246 τὴν
3679 1192 3804 1261 ὥραν

2205 1276 2399 1332 ταύτην
2457 1275 2636 1343 ἐλθεῖν,
2727 1279 2810 1329 ἵνα
2881 1277 3114 1350 λάϐωμεν
3195 1275 3392 1352 μερίδα
3459 1284 3553 1330 καὶ
3628 1278 3806 1352 κλῆρον

2571 928 2768 992 στῶμεν
2827 920 3086 994 θεοφιλῶς,
3160 930 3361 993 στῶμεν
3421 920 3679 986 ἐπιεικῶς,
3750 923 3809 982 ὡς

2205 1360 2253 1413 ἐν
2304 1370 2436 1416 πᾶσι
2490 1373 2597 1426 τοῖς
2659 1369 3012 1438 ἡγιασμένοις
3085 1370 3412 1439 ίκετεύσομεν
3502 1367 3658 1419 αὐτόν
3723 1373 3805 1420 καὶ

2738 1456 2968 1527 λέγοντες
3065 1458 3186 1530 ὅπερ
3277 1455 3705 1528 λιθοϐολούμενος
3782 1458 3805 1506 ό

2751 1547 3185 1617 προηγησάμενος
3289 1547 3540 1616 ἀοίδιμος
3642 1548 3804 1617 εἴρηκε

2205 1634 2467 1702 Στέφανος
2523 1636 2677 1706 Κύριε
2724 1636 2902 1691 Ἰησοῦ
2952 1638 3168 1708 Χριστε,
3221 1630 3368 1697 δέξαι
3426 1636 3496 1686 τά
3533 1642 3633 1686 τῶν
3692 1629 3804 1686 δού-

2204 1453 2646 1527 παρακαλέσομεν,

2204 1550 2301 1592 τῶν
2385 1547 2660 1618 μαρτύρων
2751 1547 3185 1617 προηγησάμενος
3289 1542 3540 1616 ἀοίδιμος

449 1714 696 1770 Domine
722 1717 860 1771 Jesu
877 1715 1120 1787 Christe,
1149 1717 1352 1790 accipe
1375 1717 1616 1788 spiritus
1640 1732 1948 1772 servorum
1969 1721 2092 1772 tuo-

2203 1719 2300 1771 λων
2338 1740 2431 1773 σου
2485 1725 2770 1794 πνεύματα,
2821 1723 2888 1783 εἰς
2944 1725 3038 1785 τάς
3079 1726 3174 1785 σάς
3225 1727 3326 1798 γὰρ
3383 1723 3600 1784 ἑαυτοὺς
3646 1741 3802 1796 παρα-

443 1819 598 1867 rum,
629 1820 781 1876 quos
811 1805 870 1861 in
912 1821 1130 1862 manus
1159 1811 1290 1863 tuas
1330 1806 1849 1862 commendamus.

514 1937 597 1993 ΧΙ.
643 1940 790 1994 Cum
838 1955 973 1995 vero
1021 1939 1080 1995 in
1135 1940 1334 1995 medio
1402 1940 1668 2011 ipsorum
1713 1937 2090 2004 constitisset,

444 2026 720 2081 manibus
751 2032 930 2099 atque
948 2027 1136 2084 oculis
1166 2029 1226 2083 in
1267 2028 1483 2084 caelum
1505 2027 1728 2093 erectis,
1753 2031 1934 2082 Deum
1962 2042 2092 2082 ora-

441 2114 521 2170 vit
541 2116 666 2171 haec
693 2115 895 2172 dicens
930 2135 942 2176 :
975 2119 1222 2173 Domine
1251 2119 1425 2183 Deus,
1470 2117 1569 2188 qui
1603 2132 1860 2186 magnus
1913 2130 1976 2170 es
2037 2120 2095 2171 et

441 2207 843 2276 omnipotens,
885 2208 1089 2279 accipe
1122 2208 1234 2262 mei
1261 2207 1587 2278 peccatoris
1604 2212 1657 2262 et
1685 2206 1915 2275 indigni
1941 2206 2092 2261 servi

441 2296 524 2350 tui
551 2310 776 2365 preces,
819 2311 1149 2368 eorumque
1180 2297 1476 2362 omnium,
1510 2296 1613 2367 qui
1643 2312 1880 2350 mecum
1927 2301 2086 2361 sunt,

439 2389 495 2439 et
530 2382 706 2438 ﬁdem
729 2391 892 2438 tuam
927 2384 1300 2440 immobilem
1332 2390 1755 2440 servaverunt:
1782 2384 2092 2440 omnibus-

439 2487 558 2546 que
588 2472 704 2538 his,
738 2473 840 2544 qui
873 2473 1241 2530 necessitatis
1284 2480 1551 2545 tempore
1574 2478 1800 2539 nostra,
1860 2476 1961 2545 qui
1991 2490 2091 2528 su-

439 2561 845 2633 musindigni,
881 2564 1127 2618 nomina
1159 2563 1582 2627 invocaverint,
1616 2568 1832 2636 praesta
1861 2563 2087 2633 petitio-

438 2666 545 2706 nes
572 2650 724 2713 illas,
745 2667 881 2723 quae
913 2651 990 2707 ad
1019 2652 1266 2707 salutem
1301 2652 1632 2725 pertinent:
1663 2651 1884 2724 quique
1902 2651 1977 2707 ad
2003 2653 2090 2707 lo-

438 2755 576 2794 cum
603 2740 761 2795 hunc
807 2740 1201 2813 confugerint,
1237 2757 1338 2797 eos
1385 2747 1648 2813 protege,
1684 2747 1739 2796 et
1771 2757 1806 2795 a
1831 2740 1991 2796 malo
2021 2757 2091 2796 ac

438 2830 784 2884 necessitate
823 2829 1028 2898 libera,
1055 2830 1311 2901 largiens
1342 2831 1487 2901 ipsis
1531 2830 1842 2885 sanitatem
1872 2830 2089 2886 animae

439 2922 496 2973 et
520 2919 782 2990 corporis
813 2935 824 2972 :
861 2923 915 2972 et
963 2935 1084 2990 quo
1124 2919 1255 2974 loco
1295 2919 1538 2974 humilis
1584 2920 1831 2988 sanguis
1891 2924 2091 2974 noster

439 3005 668 3060 eﬂusus
686 3005 877 3068 fuerit,
897 3005 1125 3061 ﬁatillic
1147 3007 1519 3061 curationum
1537 3007 1758 3074 fons,et
1775 3007 2090 3077 spirituum

2204 1812 2448 1882 τιθέμεθα
2477 1819 2686 1885 χεῖρας.

2277 1933 2382 1988 IA'.
2439 1940 2537 1987 Kui
2593 1937 2722 1996 στὰς
2775 1934 2820 1988 ἔν
2873 1940 3016 2008 μέσῳ
3074 1935 3242 1988 αὐτῶν
3293 1940 3386 1988 καὶ
3441 1934 3660 1996 ἐκτείνας
3717 1938 3799 1995 τὰς

2201 2030 2387 2095 χεῖρας
2431 2030 2514 2075 xui
2571 2028 2629 2076 τὸ
2675 2029 2818 2096 ὄμμα
2874 2026 2944 2085 εἰς
3006 2028 3093 2077 τὸν
3149 2025 3388 2099 ούρανὸν,
3470 2024 3799 2097 προσηύξατο

2201 2111 2379 2183 λέγων·
2437 2113 2495 2164 Ὀ
2542 2117 2670 2175 Θεὸς
2709 2115 2733 2166 ὁ
2784 2118 2959 2186 μέγας,
3008 2116 3033 2166 ό
3073 2117 3469 2188 παντοκράτωρ,
3519 2109 3798 2186 πρόσδεξαί

3451 2200 3641 2256 δούλου
3711 2207 3797 2259 τὴν

2204 2295 2527 2365 προσευχὴν,
2583 2296 2671 2344 καὶ
2727 2295 2930 2344 πάντων
2997 2302 3096 2345 τῶν
3146 2296 3238 2345 σὺν
3297 2291 3414 2365 ἕμοὶ
3473 2291 3650 2350 ἀκλινῆ
3709 2295 3793 2349 τὴν

2203 2222 2301 2271 μου
2356 2210 2446 2253 τοῦ
2501 2202 2808 2275 ἀμαρτωλοῦ
2865 2210 2953 2256 καὶ
3007 2202 3216 2266 ἀναξίου
3279 2212 3376 2256 σοῦ

2203 2381 2269 2440 εἰς
2325 2384 2380 2432 σε
2423 2385 2601 2432 πίστιν
2631 2387 3010 2455 τετηρηκότων,
3044 2388 3133 2434 καὶ
3163 2389 3296 2435 πᾶσι
3327 2389 3440 2440 τοίς
3473 2381 3795 2451 ἐπικαλουμέ»

2201 2489 2302 2530 νοις
2369 2469 2416 2520 ἐν
2468 2478 2633 2544 καιρῷ
2689 2469 2934 2542 βοηθείας
2979 2479 3068 2532 τῆς
3140 2470 3481 2534 ἀναξιότητος
3547 2471 3688 2542 ἡμῶν
3737 2473 3794 2521 τὰ

2203 2558 2446 2630 ὀνόματα,
2500 2563 2786 2633 παράσχου
2836 2567 2997 2613 πᾶσιν
3045 2563 3109 2612 τά
3157 2564 3281 2635 πρὸς
3338 2565 3604 2632 σωτηρίαν
3657 2558 3794 2615 αἰτή·

2201 2668 2360 2721 ματα,
2448 2654 2538 2701 καὶ
2621 2654 2738 2710 τοὺς
2819 2649 2898 2702 ἐπὶ
2973 2654 3059 2702 τὸν
3146 2655 3303 2702 τόπόν
3386 2652 3793 2721 καταφεύγοντας

2201 2746 2381 2789 τοῦτον
2438 2742 2721 2807 σκέπασον,
2771 2744 2858 2791 καὶ
2902 2741 3062 2814 ῥῦσαι
3113 2737 3213 2791 ἀπὸ
3257 2743 3455 2802 παντὸς
3506 2746 3666 2790 κακοῦ
3712 2741 3792 2788 καὶ

2201 2829 2377 2888 πάσης
2427 2825 2674 2898 ἀνάγκης,
2749 2825 3071 2902 δωρούμενος
3142 2823 3315 2888 αὐτοῖς
3391 2827 3652 2900 ἁγιασμόν
3701 2825 3791 2896 ψυ-

2202 2924 2312 2986 χῆς
2362 2935 2416 2967 τε
2468 2921 2556 2967 καὶ
2614 2921 2869 2989 σώματος·
2929 2922 3016 2969 καὶ
3074 2919 3194 2969 ἔνθα
3248 2921 3306 2969 τὸ
3367 2920 3602 2970 ταπεινὸν
3658 2916 3790 2985 ἡμῶν

2203 3003 2334 3064 αἷμα
2410 3006 2667 3076 ἐκχεῖται,
2742 3009 2964 3078 γενέσθω
3018 3006 3123 3058 ἐκεῖ
3170 3011 3312 3077 πηγὴ
3401 3007 3646 3078 ἰαμάτων,
3709 3006 3789 3054 καὶ

440 3093 812 3163 impurorum
847 3094 1181 3161 redargutio
1214 3110 1280 3148 ac
1311 3093 1602 3159 liberatio,
1639 3100 1701 3148 ut
1736 3095 2006 3150 terribilis
2036 3101 2092 3151 et

2203 3095 2503 3162 πνευμάτων
2559 3092 2864 3168 ἀκαθάρτων
2923 3094 3132 3168 ἐλεγμός
3179 3115 3231 3148 τε
3279 3101 3371 3149 καὶ
3423 3096 3787 3167 ἀπολύτρωσις,

444 3182 658 3245 sancti,
692 3182 1105 3254 benedictique
1139 3183 1399 3238 nominis
1430 3184 1532 3252 tui,
1587 3184 1871 3253 unigeniti
1915 3185 2086 3240 etiam

439 3271 558 3328 Filii
593 3271 676 3325 tui
708 3271 911 3326 Christi
954 3271 1052 3326 Dei
1099 3271 1286 3326 nostri
1345 3272 1727 3336 sanctissimi,
1796 3277 1851 3328 et
1910 3274 2090 3328 vitam

436 3358 633 3415 dantis
672 3357 924 3430 Spiritus
961 3360 1147 3415 sancti
1181 3359 1372 3429 gloria
1412 3359 1736 3415 celebretur
1772 3361 1828 3415 in
1874 3361 2090 3417 smcula

437 3447 811 3513 saeculorum,
845 3449 1027 3502 Amen
1089 3448 1222 3520 (t3).
1279 3448 1592 3520 Completis
1649 3448 1739 3503 his
1788 3450 2088 3520 precibus,

436 3537 748 3593 astiterunt
806 3537 1006 3592 statim
1075 3541 1505 3609 persecutores,
1571 3538 1707 3594 feris
1760 3539 2089 3594 immitibus

436 3625 816 3682 crudeliores.
851 3625 968 3698 Ipsi
999 3642 1162 3691 vero,
1196 3631 1481 3697 tanquam
1515 3627 1654 3695 agni
1684 3627 1983 3698 simplices
2014 3629 2089 3683 ad

433 3714 874 3771 immolandum
918 3715 1098 3780 ducti,
1129 3721 1439 3772 mansuete
1470 3716 1750 3772 etleniter
1777 3718 2006 3788 seipsos
2026 3717 2090 3773 il-

432 3803 629 3860 lorum
670 3804 949 3860 manibus
974 3803 1366 3875 tradiderunt,
1399 3821 1782 3862 communem
1814 3806 2087 3862 omnium

436 3893 755 3968 Dominum
787 3892 1111 3948 imitantes.

507 4026 620 4081 XII.
648 4024 880 4082 Profani
919 4026 1098 4096 igitur
1125 4025 1207 4081 illi
1267 4031 1322 4081 et
1372 4024 1585 4081 nefarii
1652 4030 2083 4098 persecutores,

432 4114 723 4182 ferociter,
755 4119 811 4170 et
841 4131 978 4170 cum
1021 4115 1291 4186 quodam
1349 4116 1532 4183 (utita
1557 4114 1778 4186 dicam)
1819 4116 2086 4172 dentium

436 4203 687 4258 stridore
727 4219 795 4258 ac
826 4203 1066 4260 fremitu
1098 4203 1409 4270 irruentes,
1443 4204 1656 4260 strictis
1684 4204 1897 4276 gladiis
1948 4204 2088 4260 bea-

437 4292 691 4349 tissimos
722 4293 880 4349 viros
915 4293 1353 4360 interfecerunt,
1383 4299 1438 4349 et
1465 4293 1695 4349 illorum
1737 4293 1924 4349 multo
1955 4309 2090 4349 san-

431 4383 610 4453 guine
637 4382 1150 4454 praeterlabentem
1208 4381 1456 4439 ﬂuvium
1509 4383 1926 4455 impleverunt.
1963 4386 2087 4442 Sta-

431 4471 537 4529 tim
562 4477 783 4537 autem,
824 4471 1344 4544 quemadmodum
1379 4477 1620 4528 sanctus
1652 4479 1875 4545 martyr
1901 4474 2091 4545 preci-

431 4561 545 4617 bus
572 4569 694 4617 suts
727 4561 1151 4632 postulaverat,
1202 4561 1391 4626 locus,
1417 4563 1472 4617 iu
1505 4579 1685 4635 quem
1719 4564 2091 4619 venerandus

431 4650 675 4723 sanguis
721 4650 814 4705 ille
855 4649 1204 4716 defluxerat,
1249 4650 1381 4706 fons
1422 4650 1663 4722 quidam
1698 4652 1940 4722 effectus
1979 4657 2089 4719 est,

429 4740 890 4809 omnigenarum
933 4740 1393 4811 aegrotationum
1427 4741 1744 4797 sanitatem
1777 4740 2037 4798 aﬁ‘erens
2075 4766 2086 4798 :

426 4829 528 4902 qui
549 4829 682 4885 fons
704 4829 778 4884 ad
798 4829 1154 4885 hodiernum
1178 4845 1365 4902 usque
1383 4829 1543 4885 diem
1560 4831 1743 4900 gratis
1768 4831 2065 4887 redundat

428 4925 485 4976 et
532 4919 899 4975 curationem
961 4918 1211 4988 singulis
1240 4921 1764 4976 accommodatam
1814 4907 2093 4992 largitur:

428 5009 834 5074 Quamobrem
881 5023 1003 5063 non
1038 5007 1114 5063 ad
1149 5023 1251 5064 eos
1281 5008 1473 5064 solum
1507 5008 1608 5081 qui
1667 5024 1876 5082 prope,
1921 5014 1977 5064 et
2032 5011 2092 5065 in

424 5113 495 5154 eo
523 5098 656 5154 loco
701 5114 771 5154 ac
807 5097 1063 5153 ﬁnitima
1125 5096 1365 5166 regione
1430 5103 1585 5164 sunt,
1636 5098 1740 5154 sed
1806 5098 1884 5154 ad
1921 5099 2091 5169 ipsos

420 5188 620 5253 etiam,
661 5187 766 5261 qui
797 5187 974 5256 longe
1005 5188 1246 5255 absunt,
1266 5192 1323 5242 et
1348 5186 1426 5243 ab
1454 5187 1565 5241 illis
1627 5187 1773 5243 locis
1829 5186 2091 5244 multum

421 5276 643 5332 distant
681 5277 861 5346 hujus
892 5278 999 5330 viri
1041 5276 1230 5332 sancti
1270 5274 1436 5333 fama
1466 5275 1730 5333 celeriter
1773 5277 2037 5349 pervenit
2071 5300 2083 5332 :

425 5380 554 5437 quae
577 5363 732 5428 facit,
768 5369 831 5418 ut
852 5380 1064 5420 omnes
1099 5374 1217 5421 tam
1243 5365 1431 5436 parvi,
1466 5381 1650 5438 quam
1681 5366 2011 5422 mediocres
2035 5371 2090 5424 et

426 5452 647 5509 summi
687 5453 817 5520 viri,
851 5469 1143 5508 concursu
1177 5470 1396 5523 magno
1437 5453 1578 5511 illuc
1606 5454 2085 5528 proﬁciscantur,

500 5594 617 5667 (t3)
660 5593 1003 5652 Orationem
1031 5595 1190 5652 hanc
1215 5595 1639 5667 castigavimus
1668 5595 1892 5653 ibidem
1918 5610 2088 5652 num.
2121 5599 2175 5650 7.

2205 3182 2285 3232 ἵνα
2325 3179 2615 3243 δοξάζηταί
2675 3202 2768 3234 σου
2813 3187 2869 3235 τὸ
2927 3183 3260 3255 εύλογημένον
3319 3189 3408 3237 καὶ
3456 3182 3662 3256 φοϐερὸν
3706 3183 3786 3230 καὶ

2201 3270 2348 3340 ἅγιον
2401 3275 2580 3342 ὄνομα,
2639 3278 2729 3324 καὶ
2761 3281 2852 3324 τοῦ
2908 3281 3213 3345 μονογενοῦς
3257 3282 3353 3326 σοῦ
3400 3276 3523 3327 Υίοῦ
3571 3274 3787 3346 Χριστοῦ

2199 3365 2290 3410 τοῦ
2340 3366 2472 3410 Θεοῦ
2504 3362 2669 3430 ἡμῶν,
2717 3367 2806 3413 καὶ
2837 3370 2928 3414 τοῦ
2974 3367 3230 3434 παναγίου
3276 3368 3369 3416 καὶ
3413 3366 3663 3426 ζωοποῖου
3703 3375 3786 3410 σου

2204 3449 2518 3518 Πνεύματος,
2579 3449 2652 3510 εἰς
2703 3454 2820 3511 τοὺς
2885 3452 3089 3512 αἰῶνας.
3147 3452 3334 3523 Ἀμήν.
3403 3453 3548 3507 Μετά
3598 3445 3656 3501 δὲ
3702 3450 3784 3503 τὴν

2203 3542 2520 3608 προσευχὴν,
2578 3537 2870 3597 ἐπέστησαν
2924 3541 3106 3603 εὐθέως
3159 3541 3337 3603 αὐτοῖς
3395 3543 3442 3593 οἱ
3510 3537 3782 3598 διώκοντες,

2205 3627 2395 3699 θηρίων
2472 3626 2735 3702 ἀνημέρων
2800 3627 3099 3702 δεινότεροι.
3160 3631 3313 3683 Αὐτοὶ
3392 3629 3450 3683 δὲ
3510 3632 3573 3688 ὡς
3648 3627 3785 3697 ἀρνία

2202 3713 2442 3787 ἀγόμενοι
2489 3718 2662 3768 ἄκακα
2710 3726 2800 3770 τοῦ
2852 3721 3084 3784 θύεσθαι,
3133 3720 3296 3781 οὕτως
3338 3721 3556 3791 ἡσύχως
3588 3715 3786 3769 ἑαυτοὺς

2200 3809 2288 3856 καὶ
2336 3805 2499 3866 ἠπίως
2551 3814 2664 3868 ταῖς
2706 3805 2904 3860 ἐκείνων
2958 3813 3147 3882 χερσὶν
3178 3805 3530 3872 ἐκδεδῶκασι,
3581 3808 3661 3857 τόν
3690 3819 3785 3852 κοι-

2198 3896 2281 3944 νὸν
2322 3899 2586 3953 Δεσπότην
2613 3899 2942 3968 μιμούμενοι.
3139 3902 3146 3908 ’

2269 4018 2366 4072 ΙΒ’.
2418 4018 2637 4091 Ἀγρίως
2669 4016 2727 4073 δὲ
2765 4025 2854 4073 καὶ
2905 4021 3034 4093 μετά
3062 4040 3220 4085 τινος,
3266 4023 3334 4084 ὡς
3367 4020 3543 4075 εἰπεῖν.
3587 4015 3784 4090 βρυχη-

2200 4110 2331 4181 θμοῦ
2389 4107 2670 4170 ἐπελθόντες
2733 4113 2935 4173 τούτοις
3008 4112 3056 4162 οἱ
3133 4109 3368 4183 βέϐηλοι,
3444 4115 3546 4168 τοῖς
3605 4105 3781 4158 ἑαυτῶν

2197 4195 2496 4250 ἀπέκτειναν
2566 4199 2784 4271 ξίφεσιν,
2861 4205 2949 4252 καὶ
3004 4206 3107 4261 τοῖς
3192 4203 3384 4252 τούτων
3467 4199 3650 4269 αἱμασι
3702 4192 3779 4242 τὸν

2197 4291 2520 4362 παραρέοντα
2571 4293 2800 4360 ποταμὸν
2852 4287 3176 4363 ἐπλήρωσαν.
3214 4291 3360 4343 Κατά
3393 4285 3450 4342 δὲ
3501 4290 3592 4344 τὴν
3639 4281 3778 4350 ἁγίαν

2198 4385 2288 4430 τοῦ
2318 4379 2576 4452 μάρτυρος
2624 4383 2928 4451 προσευχὴν
2973 4380 2997 4430 ὁ
3052 4384 3204 4439 τόπος
3250 4377 3297 4430 ίν
3431 4381 3487 4430 τὸ
3539 4372 3776 4427 πολύσεπο

2199 4487 2282 4519 τον
2337 4468 2493 4519 αὐτοῦ
2545 4472 2633 4519 καὶ
2687 4473 2857 4539 τίμιον
2911 4467 3144 4542 ἕρῥευσεν
3194 4465 3344 4540 αἷμα,
3400 4469 3538 4538 πηγὴ
3592 4463 3776 4533 γέγονεν

2202 4559 2360 4629 φορὰν
2466 4555 2844 4628 ἀναπέμπουσα
2926 4553 3273 4610 παντοδαπῶν
3353 4557 3595 4630 ἰαμάτων·
3678 4549 3775 4604 ἣτις

2202 4650 2363 4719 μέχρι
2448 4655 2542 4708 τῆς
2611 4647 2804 4720 ἡμέρας
2875 4646 3243 4719 ὑπερεκχείται
3313 4651 3404 4698 καὶ
3498 4637 3773 4710 πλημμυρεῖ

2202 4739 2291 4787 καὶ
2357 4737 2421 4787 τά
2469 4740 2595 4808 πρός
2646 4735 2870 4798 ἰατρείαν
2945 4733 3146 4807 ἑκάστῳ
3217 4735 3523 4810 χαρίζεται.
3584 4727 3770 4779 Πάντων

2205 4828 2293 4897 μὲν
2340 4827 2463 4896 γὰρ.
2525 4826 2588 4885 ὡς
2636 4825 2660 4876 ὅ
2714 4826 2914 4897 φθάσας
2962 4821 3192 4882 ἐδήλωσε
3248 4824 3418 4896 λόγος,
3473 4828 3568 4873 τῶν
3619 4826 3770 4880 κρειτ-

2206 4919 2360 4966 τόνων
2409 4915 2434 4964 ό
2510 4915 2706 4988 μάρτυς
2756 4913 2976 4976 ἠξίωται
3033 4915 3402 4987 χαρισμάτωνο
3453 4907 3771 4978 διαφερόντως

2205 5000 2264 5056 δὲ
2312 5008 2402 5056 καὶ
2453 5002 2806 5075 κατεξαίρετον
2855 5007 2913 5054 τό
2966 5004 3097 5053 κατὰ
3147 4999 3416 5074 δαιμόνιον
3463 4996 3769 5075 ἐκληρώσατο

2203 5096 2470 5166 χάρισμα.
2515 5094 2665 5145 Ὀθεν
2712 5091 2770 5144 ού
2821 5098 2931 5152 τοῖς
2978 5093 3197 5162 ἔγγιστα
3238 5096 3389 5162 μόνον
3434 5091 3518 5140 xui
3561 5081 3669 5154 περὶ
3693 5073 3769 5125 τόν

2202 5189 2357 5236 τόπον
2408 5182 2560 5234 αὑτὸν
2613 5186 2700 5234 καὶ
2747 5181 2839 5239 τὴν
2887 5180 3104 5256 ἕνορίαν,
3153 5179 3279 5232 ἀλλά
3309 5184 3396 5232 καὶ
3442 5181 3547 5235 τοῖς
3584 5181 3768 5243 μακρσν

2204 5272 2393 5325 ἀποῦσι
2426 5276 2514 5324 καὶ
2553 5271 2726 5346 πόρρω
2776 5266 2809 5322 δ
2816 5274 3029 5322 ιεστῶσί
3067 5289 3120 5322 τε
3149 5274 3239 5322 καὶ
3289 5269 3574 5340 ἀπέχουσιν
3603 5261 3630 5315 ἦ
3661 5270 3768 5350 TW:

2200 5382 2290 5415 του
2341 5358 2560 5436 ἔδραμεν
2639 5359 2790 5417 ἀκοή·
2852 5363 2939 5411 xui
3019 5361 3211 5420 πάντας
3286 5357 3495 5432 μικρούς
3575 5364 3624 5398 τι
3687 5353 3766 5390 καί

2199 5457 2392 5526 μέσους
2465 5455 2554 5502 καὶ
2607 5450 2955 5522 ὑπερέχοντας
3019 5449 3186 5502 ἐκεῖσε
3262 5460 3556 5524 συντρεχειν
3612 5445 3767 5501 MP“
