4096 6220
323 289 431 345 609

1397 289 1579 346 ACTA
1620 286 1723 344 ss.
1765 282 2082 352 EUDOXII,
2127 285 2424 361 ROMULI,
2468 292 2619 351 ETC.

3581 299 3689 354 610

327 417 592 479 σκευάζει,
625 419 716 467 καὶ
749 410 989 478 δοξάζειν
1015 417 1078 467 τὰ
1110 418 1352 488 γινόμενα
1380 422 1562 470 ταῦτα.
1593 419 1692 468 Τόν
1717 416 1807 486 μὲν
1837 408 1925 464 οὖν

2046 419 2092 466 et
2124 416 2433 484 miracula,
2489 435 2620 491 quae
2676 421 2790 477 illic
2840 422 3014 486 ﬁunt,
3080 423 3333 493 gloriose
3369 425 3685 486 celebrent.

325 499 530 577 δρόμον
565 505 590 556 ὁ
615 506 869 577 μακάριος
898 505 1043 564 οὗτος
1072 506 1202 576 μετὰ
1239 507 1415 565 πάσης
1445 505 1601 557 αὑτοῦ
1644 511 1734 563 τῆς
1763 501 1928 554 θεολί-

323 613 450 644 κτου
473 598 560 645 καὶ
590 601 843 668 καρτερᾶς
873 592 1066 646 ἕτελεσε
1097 593 1376 666 φάλαγγος,
1407 602 1469 666 τῇ
1497 588 1925 662 ἐννεακαιδεκάτῃ

321 691 415 735 τοῦ
450 682 752 754 Αὐγούστου
783 687 966 756 μηνὸς,
991 688 1079 735 καὶ
1109 686 1274 756 ταύτῃ
1307 692 1406 735 τῶν
1433 684 1635 757 ἡμερῶν
1665 690 1727 754 τῇ
1749 685 1924 755 κυρίᾳ,

325 775 437 847 ὥρᾳ
465 769 700 847 δευτέρᾳ.
1549 791 1552 794 ‘

404 859 499 914 II".
540 867 726 936 Πέτρος
767 859 824 914 δε
863 863 888 913 ό
933 871 1025 925 τῆς
1073 867 1314 935 Ταρσέων
1354 861 1637 924 ἐπίσκοπος
1685 863 1710 913 ὁ
1757 862 1928 912 καὶτὸ

330 951 466 1003 θεῖον
525 950 664 1022 αύτῷ
721 953 950 1026 κεράσας
999 951 1212 1025 λουτρὸν
1262 959 1354 1003 τοῦ
1405 950 1796 1023 βαπτίσματος,
1837 953 1928 1000 καὶ

325 1046 519 1100 Νόννος
576 1041 601 1091 ό
650 1039 934 1103 ἐπίσκοπος
976 1047 1070 1101 τῆς
1121 1040 1384 1115 Βερῥοίων,
1435 1037 1721 1100 Θεόδουλός
1751 1058 1804 1091 τε
1841 1044 1930 1090 καὶ

327 1133 568 1190 Συνέσιος
614 1125 868 1192 διάκονοι,
913 1135 1144 1204 Μαρίνός
1198 1149 1251 1182 τε
1303 1135 1388 1182 καὶ
1448 1129 1720 1195 Νικόλαος,
1779 1127 1932 1181 Εὐσέ-

327 1217 468 1280 ϐειός
515 1239 568 1271 τε
625 1224 711 1271 καὶ
771 1225 1050 1295 Λαμυρίων
1118 1218 1465 1290 ἁναγνῶστιιι,
1513 1219 1563 1271 ἐν
1616 1227 1685 1288 τῷ
1735 1217 1930 1290 μέλλειν

328 1309 485 1360 αὐτόν
540 1327 593 1361 τε
653 1313 742 1360 καὶ
798 1313 918 1370 τούς
977 1313 1069 1361 σὺν
1127 1308 1266 1380 αύτῷ
1329 1309 1416 1360 τὸν
1474 1307 1649 1379 ἀγῶνα
1702 1307 1931 1378 πληροῦν

325 1406 422 1458 τῆς
475 1396 757 1464 ἀθλήσεως,
846 1399 1103 1474 μακρόθεν
1178 1397 1559 1456 ἐπηκολούθουν
1632 1396 1932 1449 ἕπιποθοῦν-

324 1507 410 1549 τες
467 1491 525 1539 τὸ
579 1491 738 1562 πέρας
791 1485 920 1540 ἰδεῖν
989 1503 1002 1515 ’
1060 1493 1149 1540 καί
1191 1507 1250 1559 γε
1303 1493 1391 1540 καὶ
1433 1483 1572 1540 εἶδον
1625 1491 1718 1545 τήν
1757 1489 1932 1543 κοινήν

325 1579 536 1630 πάντων
590 1575 640 1628 ἐν
699 1582 874 1650 Κυρίῳ
930 1576 1191 1630 τελείωσιν
1249 1581 1337 1628 καὶ
1403 1579 1466 1628 τὰ
1538 1580 1688 1648 τίμια
1740 1577 1933 1627 τούτων

329 1665 496 1718 ἕκείσε
557 1668 822 1718 κατέθεντο
880 1665 1100 1737 λείψανα
1155 1669 1284 1739 μετά
1342 1673 1433 1717 τοῦ
1493 1670 1792 1740 προσφόρου
1854 1681 1935 1716 σε·

329 1754 618 1825 ϐάσματος.
701 1755 1010 1808 Ἐθεάσαντο
1065 1752 1123 1808 δὲ
1198 1760 1288 1806 καὶ
1357 1760 1450 1813 τήν
1509 1759 1684 1826 πηγήν
1737 1754 1934 1811 ἐκείνην

334 1849 428 1902 τὴν
465 1843 751 1916 σεϐάσμιόν
780 1864 834 1897 τε
868 1850 954 1897 καὶ
989 1845 1432 1915 πολυθαύμαστον
1472 1853 1543 1915 τῷ
1592 1849 1799 1916 σιαγόνι
1843 1851 1934 1895 τοῦ

341 1935 563 2006 αἵματος
623 1942 714 1986 τοῦ
779 1931 989 1987 δικαίου
1044 1934 1504 2008 μεγαλομάρτυρος
1555 1936 1934 1986 ὑπακούσασαν

339 2032 675 2098 παραχρῆμα
721 2028 809 2076 καὶ
858 2026 987 2096 μετὰ
1025 2032 1115 2084 τῆς
1164 2032 1261 2075 τῶν
1301 2024 1529 2087 ἰαμάτων
1588 2022 1784 2096 ἁθρόων
1817 2022 1936 2075 ἀνα-

335 2113 606 2166 ϐλύσασαν
657 2115 882 2188 χάριτος
915 2131 926 2143 ⁸
963 2114 1113 2174 εὐθὺς
1169 2121 1293 2185 γοῦν
1350 2113 1398 2165 ἐν
1448 2119 1669 2186 πρώτοις
1719 2117 1801 2166 τὸν
1850 2116 1936 2167 ἕνα

328 2211 428 2253 τῶν
486 2202 764 2278 εἰρημένων
822 2202 1166 2274 ἁναγνωστῶν
1247 2209 1554 2277 Λαμυρίονα
1625 2205 1724 2255 ύπό
1782 2207 1932 2256 πνεύ-

328 2310 493 2363 ματος
568 2297 824 2366 κρυφαίου
905 2292 1383 2365 παρενοχλούμενον
1463 2291 1784 2366 ἀκαθάρτου,
1843 2299 1932 2346 καὶ

327 2385 486 2452 μήπω
537 2385 701 2453 μέχρι
749 2386 864 2435 τότε
914 2384 1268 2455 φανερωθέντα
1323 2381 1527 2446 ἰάσατο,
1578 2387 1666 2434 καὶ
1712 2386 1806 2434 σῦν
1843 2383 1932 2434 αύ-

325 2478 432 2530 τοίς
466 2475 637 2542 ᾤχετο
684 2477 951 2543 γενόμενος
982 2473 1157 2543 ὑγιής.
1213 2472 1318 2543 Ἐφ’
1366 2472 1442 2533 οἷς
1488 2473 1808 2543 ὑμνήσαντες
1846 2475 1930 2524 τὸν

324 2562 395 2621 ὡς
426 2559 631 2622 ἀληθῶς
661 2560 709 2612 ἐν
759 2568 862 2622 τοῖς
908 2561 1080 2633 ἁγίοις
1128 2561 1288 2612 αὐτοῦ
1339 2559 1745 2633 εύδοξαζόμενον
1785 2566 1926 2627 Θεὸν,

322 2654 418 2707 τήν
471 2649 744 2711 Κηλικίαις
793 2647 916 2702 ὁδὸν
970 2655 1346 2724 παρῃτήσαντο
1391 2668 1402 2680 ’
1440 2647 1577 2702 διότι
1625 2656 1814 2724 Πέτρον
1844 2654 1930 2702 τὸν

323 2747 419 2800 τῆς
478 2743 719 2812 Ταρσέων
773 2741 1057 2792 ἐπίσκοπον
1109 2744 1193 2792 τὸν
1245 2739 1409 2811 άγιον,
1464 2742 1530 2801 ὡς
1580 2743 1800 2813 εἴρηται,
1835 2739 1933 2812 βα-

325 2832 587 2880 πτίσαντα
642 2830 904 2903 μάρτυρα,
968 2827 1236 2881 συλλαϐεῖν
1308 2830 1332 2879 ὁ
1378 2834 1616 2890 Σέλευκος
1673 2828 1929 2889 ἐπεζήτει.

323 2913 594 2969 Ὠδευσαν
641 2914 698 2970 δὲ
756 2919 868 2990 μετ’
921 2918 1122 2993 εἰρήνης
1175 2922 1269 2976 τήν
1327 2918 1613 2992 Ἰσαυρίαν,
1674 2917 1933 2978 αἰνοῦντες

326 3005 439 3077 ἅμα
490 3011 580 3058 καὶ
634 3006 958 3078 εὐλογοῦντες
1010 3010 1096 3058 τόν
1157 3011 1342 3079 Κύριον
1426 3007 1630 3064 Ἰησοῦν
1705 3011 1932 3082 Χριστὸν

330 3094 574 3154 ἀληθινὸν
627 3100 748 3148 Θεὸν
801 3097 948 3168 ήμῶν
1082 3100 1262 3170 πρέπει
1292 3103 1438 3148 πᾶσα
1469 3093 1620 3162 δόξα,
1654 3102 1778 3169 τιμὴ
1843 3101 1933 3150 καὶ

332 3188 693 3259 προσκύνησις
743 3189 836 3237 σὺν
886 3193 958 3257 τῷ
1014 3190 1178 3260 Πατρὶ
1231 3190 1429 3256 καὶτῷ
1474 3186 1606 3258 ἁγίῳ
1649 3189 1932 3259 Πνεῦματι,

330 3281 420 3326 νῦν
476 3279 566 3327 καὶ
625 3273 703 3326 ἀεὶ
781 3279 870 3328 καὶ

333 3362 518 3435 Ἀμήν.

937 3275 1006 3338 εἰς
1083 3278 1200 3336 τοὺς
1273 3274 1463 3336 αἰῶνας
1541 3284 1640 3327 τῶν
1715 3276 1930 3329 αἰώνων.

334 3541 519 3668 ιἅψει)
563 3543 657 3668 [ge2
667 3540 780 3598 hac
813 3541 1095 3614 temporis
1139 3545 1284 3598 nota
1334 3541 1592 3613 disputat
1619 3541 1934 3598 Commen-

396 3629 536 3668 Ηυξ.
567 3665 574 3668 _
664 3655 676 3666 .

396 3629 536 3677 rius,
567 3629 594 3679 3
624 3629 676 3667 z.

404 3617 733 3756 l(ltt’l:ss;’ll%a2g.is
766 3684 910 3740 mihi
939 3684 1198 3756 placeret
1229 3689 1453 3740 auctor.
1485 3685 1530 3738 si
1561 3684 1806 3747 diceret.
1832 3685 1935 3742 Se-

329 3755 666 3828 qaebantur
694 3772 763 3828 ac
793 3755 1233 3828 comitabantur
1254 3758 1534 3812 Sanctum
1567 3760 1815 3828 ejusque
1840 3775 1934 3812 so-

331 3826 696 3892 cios,utillos
718 3827 774 3882 in
791 3826 904 3882 ﬁde
933 3827 1375 3892 conﬁrmarent,
1399 3834 1455 3882 et
1481 3828 1554 3882 ad
1577 3826 1930 3900 martyrium

332 3905 774 3970 compararent.
789 3915 971 3970 quam
988 3906 1266 3954 uteorum
1285 3900 1466 3953 ﬁnem
1482 3907 1928 3966 cognoscerent.

333 3970 434 4024 Cui
463 3969 626 4024 enim
653 3969 822 4025 bono
849 3971 1278 4035 subserviebat,
1303 3986 1333 4026 e
1362 3970 1648 4042 Ioginquo
1678 3970 1816 4026 illos
1845 3987 1932 4027 se-

2037 500 2286 558 Cursum
2320 505 2498 575 igitur
2538 509 2804 580 martyrii
2849 511 2940 564 sui
3000 510 3377 568 beatissimos
3417 514 3683 571 Andreas

2037 605 2174 645 cum
2217 598 2339 648 tota
2366 611 2475 650 sua
2513 595 2643 651 forti
2677 603 2732 652 et
2761 600 2874 654 Deo
2932 598 3115 654 electa
3162 601 3461 670 phalange
3499 603 3688 674 perfe-

2039 680 2115 735 cit
2140 681 2372 738 decimo
2399 701 2561 741 nono
2591 687 2685 742 dei
2717 689 2938 743 mensis
2956 690 3221 758 Angusti,
3257 689 3352 746 die
3382 693 3686 748 Dominico

2041 768 2175 840 (14),
2209 771 2363 829 hora
2388 776 2675 831 secunda.

2112 860 2247 915 XIII.
2312 862 2516 917 Petrus
2576 880 2711 921 vero
2763 867 3064 922 Tarsensis
3124 867 3286 922 urbis
3347 867 3685 940 episcopus,

2040 950 2140 1022 qui
2168 951 2372 1007 divino
2396 953 2767 1025 baptismatis
2797 956 3036 1012 lavacro
3061 973 3198 1012 eum
3225 959 3518 1028 purgavit,
3538 959 3691 1015 Non-

2043 1055 2156 1094 nus
2179 1042 2494 1114 episcopus
2520 1047 2914 1100 Bermensium
2957 1046 3291 1102 Theodulus
3323 1053 3377 1102 et
3409 1048 3690 1120 Synesius

2041 1128 2274 1184 diaconi
2333 1133 2587 1188 Marinus
2639 1139 2697 1189 et
2728 1134 3015 1204 Nicolaus,
3061 1136 3347 1192 Eusebius
3395 1143 3451 1193 et
3484 1140 3691 1210 Lamy-

2040 1218 2170 1274 rion
2215 1219 2484 1286 lectores,
2519 1239 2656 1278 cum
2705 1224 2970 1279 Andreas
2994 1225 3141 1295 ipse,
3175 1230 3230 1281 et
3259 1226 3296 1280 ii
3318 1226 3420 1298 qui
3458 1243 3594 1281 cum
3623 1243 3689 1283 eo

2041 1314 2226 1375 erant,
2268 1315 2570 1366 certamen
2613 1313 2948 1385 perpessuri
2975 1321 3190 1378 essent,
3233 1330 3263 1368 e
3289 1314 3577 1387 loginquo
3599 1333 3692 1372 se-

2041 1398 2396 1470 quebantur,
2433 1403 2732 1472 cupientes
2753 1418 2958 1458 eorum
2990 1402 3172 1459 ﬁnem
3195 1419 3552 1473 cognoscere
3579 1407 3689 1478 (15)

2041 1504 2221 1559 quem
2245 1496 2301 1544 et
2324 1493 3690 1565 cognoverunt,communem,inquam,illorum

2043 1578 2314 1633 omnium
2346 1579 2404 1634 in
2437 1581 2687 1636 Domino
2708 1583 3284 1638 consummationem
3316 1599 3608 1655 :quorum
3627 1599 3691 1639 se

2044 1668 2417 1724 venerandas
2464 1669 2744 1742 reliquias
2795 1679 3206 1743 reposuerunt,
3263 1679 3692 1740 congruentem

1971 1784 2012 1839 Β
2045 1757 2483 1812 venerationem
2513 1760 2884 1815 adhibentes.
2911 1760 3494 1816 Videruntetfontem
3524 1760 3690 1817 illum

2045 1845 2541 1911 venerandum,et
2559 1851 2882 1903 multorum
2903 1848 3331 1904 miraculorum
3351 1848 3691 1905 effectorem

2043 1948 2113 1988 ex
2140 1934 2282 2004 justi
2307 1941 2359 1990 et
2393 1937 2594 2005 magni
2616 1939 2890 2009 martyris
2918 1938 3215 1994 deﬂuente
3243 1940 3532 2008 sanguine
3557 1955 3692 1995 sca-

2045 2022 2383 2087 turientem,
2409 2025 2512 2096 qui
2546 2025 2676 2080 fons
2706 2042 2842 2081 cum
2871 2027 3130 2097 primum
3172 2027 3454 2092 scaturiit,
3480 2043 3690 2099 repen-

2045 2116 2097 2166 te
2122 2114 2496 2169 curationum
2527 2114 2778 2186 gratiam
2809 2117 3005 2170 emisit
3032 2132 3043 2170 :
3076 2116 3273 2170 statim
3301 2116 3459 2170 enim
3502 2132 3690 2171 unum

2044 2216 2112 2254 ex
2132 2200 2470 2270 lectoribus,
2494 2219 2649 2274 quos
2671 2204 2953 2272 diximus,
2971 2204 3406 2276 Lamyrionem,
3427 2220 3464 2260 a
3480 2204 3691 2276 spiritu

2041 2289 2308 2361 quodam
2352 2308 2538 2364 pravo
2571 2298 2626 2348 et
2661 2295 2898 2364 impuro
2925 2295 3358 2366 perturbatum,
3388 2309 3582 2365 neque
3611 2292 3688 2349 ad

2041 2377 2206 2435 illum
2256 2397 2446 2452 usque
2493 2381 2652 2436 diem
2685 2382 3021 2450 liberatum,
3081 2382 3376 2453 imprimis
3436 2381 3688 2447 curavit,

2041 2469 2139 2542 qui
2193 2486 2327 2525 cum
2370 2470 2498 2524 aliis
2551 2471 2870 2526 lectoribus
2901 2488 3083 2527 sanus
3135 2472 3326 2526 rediit.
3361 2471 3582 2527 Idcirco
3612 2471 3693 2526 illi

2041 2559 2226 2613 Deum
2256 2559 2491 2630 hymnis
2518 2559 2910 2624 celebrarunt,
2936 2560 3040 2631 qui
3065 2575 3196 2616 vere
3228 2561 3286 2614 in
3317 2561 3535 2615 sanctis
3569 2560 3692 2614 suis

2041 2647 2336 2717 gloriosus
2364 2648 2624 2702 efﬁcitur.
2659 2649 2946 2703 Caeterum
2998 2648 3058 2702 in
3116 2648 3378 2702 Ciliciam
3434 2648 3694 2719 amplius

2040 2737 2230 2792 redire
2261 2737 2600 2802 noluerunt,
2625 2736 2912 2808 quoniam
2947 2737 3173 2791 Petrum
3200 2737 3504 2791 Tarsensis
3530 2735 3695 2790 urbis

2042 2827 2415 2899 episcopum,
2437 2825 2538 2898 qui
2568 2832 2891 2897 martyrem
2916 2825 3221 2882 Andream
3249 2841 3384 2879 cum
3402 2824 3600 2892 sociis,
3633 2829 3694 2879 ut

2041 2916 2266 2971 dictum
2285 2923 2390 2982 est,
2411 2915 2774 2987 baptismate
2794 2913 3457 2986 purgaverat,Seleucus
3479 2929 3692 2984 capere

2045 3006 2345 3061 studebat.
2371 3004 2866 3076 Abieruntigitur,
2901 3003 3103 3058 divina
3134 3003 3507 3075 providentia
3532 3002 3690 3057 ducti

2043 3113 2080 3151 n
2115 3096 2398 3151 Isauriam
2430 3095 2565 3165 (l6),
2601 3093 2920 3148 laudantes
2952 3092 3130 3148 simul
3181 3098 3235 3147 et
3267 3092 3690 3148 benedicentes

2047 3186 2296 3240 Domino
2343 3184 2482 3238 Jesu
2539 3183 2767 3238 Christo
2800 3199 2812 3237 :
2841 3197 2978 3237 cum
3021 3197 3144 3254 quo
3199 3181 3351 3237 Patri
3404 3180 3582 3237 simul
3639 3186 3696 3236 et

2045 3280 2250 3330 sancto
2284 3272 2519 3344 Spiritui
2550 3272 2622 3328 sit
2648 3271 2838 3341 gloria
2857 3285 3017 3326 nunc
3048 3275 3106 3327 et
3132 3285 3386 3342 semper,
3412 3275 3469 3326 et
3499 3269 3556 3325 in
3589 3285 3697 3325 sae-

2045 3362 2181 3419 cula
2211 3362 2589 3418 saeculorum.
2620 3366 2830 3418 Amen.

2045 3540 2148 3613 qui
2173 3556 2244 3595 ea
2275 3538 2348 3593 de
2380 3536 2606 3613 causa?

2117 3615 2226 3684 (l6)
2283 3613 2437 3673 Esto,
2474 3609 2700 3684 ‘Petrus
2730 3605 2996 3676 aliquam
3048 3605 3365 3684 rationem.
3396 3605 3691 3684 habuerit,

2045 3675 2186 3762 quia
2217 3696 2434 3762 nempe
2467 3675 2906 3762 Seleucus‘euin
2937 3693 3150 3762 capere
3177 3675 3468 3741 studebat,
3501 3679 3546 3731 si
3590 3679 3691 3730 Ac-

2047 3747 2118 3810 tis
2165 3747 2486 3815 credimus,
2523 3748 2788 3804 abeundi
2841 3754 2900 3802 In
2954 3747 3240 3803 Isauriam
3272 3765 3289 3816 ;
3323 3763 3528 3801 verum
3585 3763 3691 3800 cur

2047 3827 2203 3881 idem
2235 3825 2494 3878 fecerunt
2527 3825 2771 3876 Nonnus
2823 3819 3140 3891 episcOpus
3183 3818 3535 3891 Bermensis,
3567 3817 3693 3891 alii;

2044 3915 2161 3970 que
2216 3893 2699 3970 ecclesiastici,et
2745 3889 2875 3946 cur’
2907 3889 3043 3945 non'
3078 3889 3276 3962 potius
3345 3889 3565 3944 rediere
3622 3889 3693 3942 ad

2046 3965 2286 4042 propria
2309 3965 2338 4020 ?

1298 4201 1491 4318 DE
1577 4198 2135 4322 SANLTO
2229 4192 2819 4318 BOMULO

1649 4415 1974 4470 MARTYRE
2011 4414 2080 4470 IN
2122 4412 2396 4469 GRECIA

1952 4555 2080 4594 lTEM

614 4665 713 4725 DE
757 4664 860 4725 SS.
910 4662 1409 4724 MARTYRIBUS
1457 4663 1826 4738 EUDOXIO,
1871 4663 2208 4734 ZENONE,
2257 4659 2599 4721 MACARIO
2643 4660 2738 4719 ET
2782 4657 2971 4718 MCIV
3013 4659 3395 4720 MILITIBUS

1396 4762 1785 4823 MELITINJE
1829 4763 1906 4822 IN
1951 4761 2302 4822 ARMENIA
2347 4758 2641 4820 MlNORI.

1143 4949 1293 5008 (Acta
1322 4951 1630 4999 sanctorum
1653 4947 1889 4998 Bolland.
1925 4947 1992 4998 ad
2018 4947 2162 4998 diem
2193 4949 2219 4996 5
2240 4945 2585 5010 Septembris,
2623 4947 2768 4994 tome
2799 4943 2884 5005 ll.)

327 5296 356 5367 ἓ
392 5299 444 5354 1.
477 5295 686 5352 Cultus
717 5295 875 5362 apud
894 5296 1136 5352 Latinos
1168 5296 1390 5353 Graecos
1420 5296 1709 5353 :‘ntrt’cata
1730 5305 1782 5353 et
1809 5311 1926 5352 non
1959 5314 2004 5368 ι)
2039 5293 2294 5358 Romuli,
2329 5292 2481 5349 aulae
2512 5292 2749 5363 Trajani
2783 5290 3062 5363 praefecti,
3093 5291 3195 5362 qui
3226 5306 3365 5345 cum
3400 5291 3694 5346 saevitiam

473 5368 765 5424 cohaerens
798 5368 1123 5438 Menologii
1158 5369 1451 5426 Basiliam
1488 5371 1782 5426 narratio.

401 5474 885 5546 Martyrologium
910 5476 1228 5530 Romanum
1245 5481 1482 5532 sanctos
1498 5477 1679 5532 hosce
1693 5473 1929 5544 Pugilcs

329 5563 410 5619 ad
429 5565 463 5617 5
481 5561 846 5633 Septembris
863 5563 942 5619 ita
959 5563 1276 5620 annuntiat
1304 5581 1318 5621 :
1343 5587 1371 5616 «
1396 5565 1618 5620 Eodem
1631 5565 1726 5619 die
1739 5563 1929 5619 sancti

2039 5382 2414 5455 imperatoris
2431 5382 2492 5436 in
2506 5381 2865 5436 Christianos
2879 5381 3288 5443 detestaretur,
3304 5393 3498 5434 caesus
3520 5379 3696 5450 virgis

2039 5473 2229 5544 capite
2261 5476 2568 5528 truncatus
2605 5476 2714 5524 est.
2747 5467 3013 5524 Melitinaa
3043 5469 3102 5523 in
3155 5468 3435 5524 Armenia
3495 5469 3698 5540 passio

2043 5568 2385 5617 sanctorum
2449 5557 2699 5614 militum
2741 5557 3009 5626 Eudoxii,
3039 5558 3315 5622 Zenonis,
3351 5559 3610 5625 Macarii,
3643 5563 3699 5612 et
