  <div class='ocr_page' id='page_1' title='image "/cluster/home/n/w/nwhite01/storage/ocr_20150623/115/hvd.32044073502262/311.png"; bbox 0 0 4154 6192; ppageno 0'>
   <div class='ocr_carea' id='block_1_1' title="bbox 390 219 2464 283">
    <p class='ocr_par' dir='ltr' id='par_1_1' title="bbox 390 219 2464 283">
     <span class='ocr_line' id='line_1_1' title="bbox 390 219 2464 283; baseline 0.005 -11"><span class='ocrx_word' id='word_1_1' title='bbox 390 219 487 272; x_wconf 80' lang='lat' dir='ltr'><strong>6H</strong></span> <span class='ocrx_word' id='word_1_2' title='bbox 1732 219 1994 275; x_wconf 71' lang='lat' dir='ltr'><strong>MENSIS</strong></span> <span class='ocrx_word' id='word_1_3' title='bbox 2034 220 2464 283; x_wconf 74' lang='lat' dir='ltr'><strong>SEPTEMDEH.</strong></span> 
     </span>
    </p>
   </div>
   <div class='ocr_carea' id='block_1_2' title="bbox 3702 239 3811 293">
    <p class='ocr_par' dir='ltr' id='par_1_2' title="bbox 3702 239 3811 293">
     <span class='ocr_line' id='line_1_2' title="bbox 3702 239 3811 293; baseline 0 -1"><span class='ocrx_word' id='word_1_4' title='bbox 3702 239 3811 293; x_wconf 76' lang='grc'><strong>612</strong></span> 
     </span>
    </p>
   </div>
   <div class='ocr_carea' id='block_1_3' title="bbox 390 339 3811 423">
    <p class='ocr_par' dir='ltr' id='par_1_3' title="bbox 390 339 3811 423">
     <span class='ocr_line' id='line_1_3' title="bbox 390 339 3811 423; baseline 0.001 -27"><span class='ocrx_word' id='word_1_5' title='bbox 390 341 693 398; x_wconf 88' lang='lat' dir='ltr'><strong>sociorum</strong></span> <span class='ocrx_word' id='word_1_6' title='bbox 745 339 903 397; x_wconf 90' lang='lat' dir='ltr'><strong>mille</strong></span> <span class='ocrx_word' id='word_1_7' title='bbox 934 344 1171 398; x_wconf 91' lang='lat' dir='ltr'><strong>centum</strong></span> <span class='ocrx_word' id='word_1_8' title='bbox 1198 345 1254 399; x_wconf 90' lang='lat' dir='ltr'><strong>et</strong></span> <span class='ocrx_word' id='word_1_9' title='bbox 1282 346 1519 415; x_wconf 92' lang='lat' dir='ltr'><strong>quator,</strong></span> <span class='ocrx_word' id='word_1_10' title='bbox 1540 343 1646 417; x_wconf 86' lang='lat' dir='ltr'><strong>qui</strong></span> <span class='ocrx_word' id='word_1_11' title='bbox 1692 344 2040 415; x_wconf 89' lang='lat' dir='ltr'><strong>abjicientes</strong></span> <span class='ocrx_word' id='word_1_12' title='bbox 2066 347 2115 400; x_wconf 86' lang='lat' dir='ltr'><strong>A</strong></span> <span class='ocrx_word' id='word_1_13' title='bbox 2151 348 2228 403; x_wconf 89' lang='lat' dir='ltr'><strong>ad</strong></span> <span class='ocrx_word' id='word_1_14' title='bbox 2251 354 2530 423; x_wconf 88' lang='lat' dir='ltr'><strong>tempora</strong></span> <span class='ocrx_word' id='word_1_15' title='bbox 2560 344 2948 409; x_wconf 79' lang='lat' dir='ltr'><strong>Maximiani?</strong></span> <span class='ocrx_word' id='word_1_16' title='bbox 2972 343 3121 400; x_wconf 86' lang='lat' dir='ltr'><strong>Vidit</strong></span> <span class='ocrx_word' id='word_1_17' title='bbox 3151 342 3311 400; x_wconf 92' lang='lat' dir='ltr'><strong>haud</strong></span> <span class='ocrx_word' id='word_1_18' title='bbox 3343 342 3522 399; x_wconf 87' lang='lat' dir='ltr'><strong>dubie</strong></span> <span class='ocrx_word' id='word_1_19' title='bbox 3543 344 3811 402; x_wconf 85' lang='lat' dir='ltr'><strong>Molanus</strong></span> 
     </span>
    </p>
   </div>
   <div class='ocr_carea' id='block_1_4' title="bbox 389 429 2039 507">
    <p class='ocr_par' dir='ltr' id='par_1_4' title="bbox 389 429 2039 507">
     <span class='ocr_line' id='line_1_4' title="bbox 389 429 2039 507; baseline 0.003 -22"><span class='ocrx_word' id='word_1_20' title='bbox 389 429 608 486; x_wconf 64' lang='lat' dir='ltr'><strong>militia:</strong></span> <span class='ocrx_word' id='word_1_21' title='bbox 634 430 964 501; x_wconf 80' lang='lat' dir='ltr'><strong>cingulum,</strong></span> <span class='ocrx_word' id='word_1_22' title='bbox 997 430 1053 485; x_wconf 89' lang='lat' dir='ltr'><strong>in</strong></span> <span class='ocrx_word' id='word_1_23' title='bbox 1087 432 1499 503; x_wconf 90' lang='lat' dir='ltr'><strong>persecutione</strong></span> <span class='ocrx_word' id='word_1_24' title='bbox 1536 433 1875 490; x_wconf 76' lang='lat' dir='ltr'><strong>Diocletiani</strong></span> <span class='ocrx_word' id='word_1_25' title='bbox 1930 450 2039 507; x_wconf 88' lang='lat' dir='ltr'><strong>pro</strong></span> 
     </span>
    </p>
   </div>
   <div class='ocr_carea' id='block_1_5' title="bbox 388 519 2035 579">
    <p class='ocr_par' dir='ltr' id='par_1_5' title="bbox 388 519 2035 579">
     <span class='ocr_line' id='line_1_5' title="bbox 388 519 2035 579; baseline 0.002 -4"><span class='ocrx_word' id='word_1_26' title='bbox 388 519 761 576; x_wconf 81' lang='lat' dir='ltr'><strong>confessione</strong></span> <span class='ocrx_word' id='word_1_27' title='bbox 779 519 989 575; x_wconf 85' lang='lat' dir='ltr'><strong>Christi</strong></span> <span class='ocrx_word' id='word_1_28' title='bbox 1004 521 1197 576; x_wconf 84' lang='lat' dir='ltr'><strong>necati</strong></span> <span class='ocrx_word' id='word_1_29' title='bbox 1215 526 1407 577; x_wconf 89' lang='lat' dir='ltr'><strong>sunt.»</strong></span> <span class='ocrx_word' id='word_1_30' title='bbox 1425 522 1700 579; x_wconf 87' lang='lat' dir='ltr'><strong>Patethic</strong></span> <span class='ocrx_word' id='word_1_31' title='bbox 1719 524 2035 579; x_wconf 90' lang='lat' dir='ltr'><strong>Romulum</strong></span> 
     </span>
    </p>
   </div>
   <div class='ocr_carea' id='block_1_6' title="bbox 386 607 2040 681">
    <p class='ocr_par' dir='ltr' id='par_1_6' title="bbox 386 607 2040 681">
     <span class='ocr_line' id='line_1_6' title="bbox 386 607 2040 681; baseline 0.004 -18"><span class='ocrx_word' id='word_1_32' title='bbox 386 608 617 680; x_wconf 88' lang='lat' dir='ltr'><strong>sejungi</strong></span> <span class='ocrx_word' id='word_1_33' title='bbox 639 625 674 665; x_wconf 89' lang='lat' dir='ltr'><strong>a</strong></span> <span class='ocrx_word' id='word_1_34' title='bbox 699 607 941 681; x_wconf 81' lang='lat' dir='ltr'><strong>reliquis</strong></span> <span class='ocrx_word' id='word_1_35' title='bbox 967 626 981 676; x_wconf 88' lang='lat'><strong>;</strong></span> <span class='ocrx_word' id='word_1_36' title='bbox 1014 615 1255 675; x_wconf 89' lang='lat' dir='ltr'><strong>etrecte,</strong></span> <span class='ocrx_word' id='word_1_37' title='bbox 1283 611 1365 667; x_wconf 89' lang='lat' dir='ltr'><strong>uti</strong></span> <span class='ocrx_word' id='word_1_38' title='bbox 1395 614 1540 668; x_wconf 84' lang='lat' dir='ltr'><strong>Acta</strong></span> <span class='ocrx_word' id='word_1_39' title='bbox 1566 611 1812 668; x_wconf 86' lang='lat' dir='ltr'><strong>inferius</strong></span> <span class='ocrx_word' id='word_1_40' title='bbox 1833 613 2040 670; x_wconf 91' lang='lat' dir='ltr'><strong>danda</strong></span> 
     </span>
    </p>
   </div>
   <div class='ocr_carea' id='block_1_7' title="bbox 385 698 2039 766">
    <p class='ocr_par' dir='ltr' id='par_1_7' title="bbox 385 698 2039 766">
     <span class='ocr_line' id='line_1_7' title="bbox 385 698 2039 766; baseline 0.003 -13"><span class='ocrx_word' id='word_1_41' title='bbox 385 699 723 754; x_wconf 89' lang='lat' dir='ltr'><strong>ostendent.</strong></span> <span class='ocrx_word' id='word_1_42' title='bbox 760 698 995 753; x_wconf 83' lang='lat' dir='ltr'><strong>Fallitur</strong></span> <span class='ocrx_word' id='word_1_43' title='bbox 1026 704 1227 754; x_wconf 89' lang='lat' dir='ltr'><strong>tamen</strong></span> <span class='ocrx_word' id='word_1_44' title='bbox 1260 699 1575 766; x_wconf 68' lang='lat' dir='ltr'><strong>Brronius,</strong></span> <span class='ocrx_word' id='word_1_45' title='bbox 1606 700 1752 757; x_wconf 91' lang='lat' dir='ltr'><strong>dum</strong></span> <span class='ocrx_word' id='word_1_46' title='bbox 1781 701 1839 757; x_wconf 92' lang='lat' dir='ltr'><strong>in</strong></span> <span class='ocrx_word' id='word_1_47' title='bbox 1868 705 2039 758; x_wconf 83' lang='lat' dir='ltr'><strong>Nota-</strong></span> 
     </span>
    </p>
   </div>
   <div class='ocr_carea' id='block_1_8' title="bbox 386 786 2035 860">
    <p class='ocr_par' dir='ltr' id='par_1_8' title="bbox 386 786 2035 860">
     <span class='ocr_line' id='line_1_8' title="bbox 386 786 2035 860; baseline 0.003 -18"><span class='ocrx_word' id='word_1_48' title='bbox 386 786 647 843; x_wconf 88' lang='lat' dir='ltr'><strong>tionibus</strong></span> <span class='ocrx_word' id='word_1_49' title='bbox 682 786 757 842; x_wconf 90' lang='lat' dir='ltr'><strong>ad</strong></span> <span class='ocrx_word' id='word_1_50' title='bbox 791 787 1273 860; x_wconf 81' lang='lat' dir='ltr'><strong>Martyrologium</strong></span> <span class='ocrx_word' id='word_1_51' title='bbox 1304 789 1403 854; x_wconf 88' lang='lat' dir='ltr'><strong>ait,</strong></span> <span class='ocrx_word' id='word_1_52' title='bbox 1436 810 1461 840; x_wconf 75' lang='grc' dir='ltr'>ι</span> <span class='ocrx_word' id='word_1_53' title='bbox 1492 790 1674 846; x_wconf 74' lang='lat' dir='ltr'><strong>Graeci</strong></span> <span class='ocrx_word' id='word_1_54' title='bbox 1722 792 1794 846; x_wconf 90' lang='lat' dir='ltr'><strong>de</strong></span> <span class='ocrx_word' id='word_1_55' title='bbox 1824 790 2035 847; x_wconf 89' lang='lat' dir='ltr'><strong>eodem</strong></span> 
     </span>
    </p>
   </div>
   <div class='ocr_carea' id='block_1_9' title="bbox 384 873 2035 950">
    <p class='ocr_par' dir='ltr' id='par_1_9' title="bbox 384 873 2035 950">
     <span class='ocr_line' id='line_1_9' title="bbox 384 873 2035 950; baseline 0.002 -20"><span class='ocrx_word' id='word_1_56' title='bbox 384 873 687 944; x_wconf 86' lang='lat' dir='ltr'><strong>(Romulo)</strong></span> <span class='ocrx_word' id='word_1_57' title='bbox 719 875 859 930; x_wconf 89' lang='lat' dir='ltr'><strong>item</strong></span> <span class='ocrx_word' id='word_1_58' title='bbox 890 876 1003 931; x_wconf 92' lang='lat' dir='ltr'><strong>hac</strong></span> <span class='ocrx_word' id='word_1_59' title='bbox 1032 875 1126 931; x_wconf 93' lang='lat' dir='ltr'><strong>die</strong></span> <span class='ocrx_word' id='word_1_60' title='bbox 1155 876 1215 931; x_wconf 93' lang='lat' dir='ltr'><strong>in</strong></span> <span class='ocrx_word' id='word_1_61' title='bbox 1248 876 1581 949; x_wconf 89' lang='lat' dir='ltr'><strong>Menologio</strong></span> <span class='ocrx_word' id='word_1_62' title='bbox 1626 884 1812 950; x_wconf 89' lang='lat' dir='ltr'><strong>agunt</strong></span> <span class='ocrx_word' id='word_1_63' title='bbox 1845 901 1857 932; x_wconf 85' lang='lat'><strong>:</strong></span> <span class='ocrx_word' id='word_1_64' title='bbox 1893 894 2035 934; x_wconf 92' lang='lat' dir='ltr'><strong>nam</strong></span> 
     </span>
    </p>
   </div>
   <div class='ocr_carea' id='block_1_10' title="bbox 384 963 2031 1034">
    <p class='ocr_par' dir='ltr' id='par_1_10' title="bbox 384 963 2031 1034">
     <span class='ocr_line' id='line_1_10' title="bbox 384 963 2031 1034; baseline 0.002 -15"><span class='ocrx_word' id='word_1_65' title='bbox 384 963 778 1033; x_wconf 89' lang='lat' dir='ltr'><strong>Menologium</strong></span> <span class='ocrx_word' id='word_1_66' title='bbox 831 964 1030 1019; x_wconf 87' lang='lat' dir='ltr'><strong>Latine</strong></span> <span class='ocrx_word' id='word_1_67' title='bbox 1073 980 1310 1020; x_wconf 91' lang='lat' dir='ltr'><strong>versum</strong></span> <span class='ocrx_word' id='word_1_68' title='bbox 1362 982 1400 1022; x_wconf 90' lang='lat' dir='ltr'><strong>a</strong></span> <span class='ocrx_word' id='word_1_69' title='bbox 1450 967 1655 1023; x_wconf 88' lang='lat' dir='ltr'><strong>Sirleto</strong></span> <span class='ocrx_word' id='word_1_70' title='bbox 1713 968 2031 1034; x_wconf 89' lang='lat' dir='ltr'><strong>cardinale,</strong></span> 
     </span>
    </p>
   </div>
   <div class='ocr_carea' id='block_1_11' title="bbox 382 1051 2033 1127">
    <p class='ocr_par' dir='ltr' id='par_1_11' title="bbox 382 1051 2033 1127">
     <span class='ocr_line' id='line_1_11' title="bbox 382 1051 2033 1127; baseline 0.002 -20"><span class='ocrx_word' id='word_1_71' title='bbox 382 1051 548 1123; x_wconf 91' lang='lat' dir='ltr'><strong>quod</strong></span> <span class='ocrx_word' id='word_1_72' title='bbox 605 1052 728 1123; x_wconf 88' lang='lat' dir='ltr'><strong>ipse</strong></span> <span class='ocrx_word' id='word_1_73' title='bbox 754 1052 1051 1110; x_wconf 87' lang='lat' dir='ltr'><strong>Baronius</strong></span> <span class='ocrx_word' id='word_1_74' title='bbox 1083 1054 1161 1109; x_wconf 92' lang='lat' dir='ltr'><strong>ad</strong></span> <span class='ocrx_word' id='word_1_75' title='bbox 1187 1053 1453 1110; x_wconf 84' lang='lat' dir='ltr'><strong>Januarii</strong></span> <span class='ocrx_word' id='word_1_76' title='bbox 1482 1056 1794 1127; x_wconf 83' lang='lat' dir='ltr'><strong>proﬁtetur</strong></span> <span class='ocrx_word' id='word_1_77' title='bbox 1834 1072 1897 1111; x_wconf 91' lang='lat' dir='ltr'><strong>se</strong></span> <span class='ocrx_word' id='word_1_78' title='bbox 1928 1058 2033 1112; x_wconf 88' lang='lat' dir='ltr'><strong>Me-</strong></span> 
     </span>
    </p>
   </div>
   <div class='ocr_carea' id='block_1_12' title="bbox 381 1138 2035 1217">
    <p class='ocr_par' dir='ltr' id='par_1_12' title="bbox 381 1138 2035 1217">
     <span class='ocr_line' id='line_1_12' title="bbox 381 1138 2035 1217; baseline 0.004 -22"><span class='ocrx_word' id='word_1_79' title='bbox 381 1138 605 1210; x_wconf 90' lang='lat' dir='ltr'><strong>nologii</strong></span> <span class='ocrx_word' id='word_1_80' title='bbox 632 1140 874 1196; x_wconf 88' lang='lat' dir='ltr'><strong>nomine</strong></span> <span class='ocrx_word' id='word_1_81' title='bbox 906 1157 1140 1213; x_wconf 89' lang='lat' dir='ltr'><strong>semper</strong></span> <span class='ocrx_word' id='word_1_82' title='bbox 1170 1142 1511 1216; x_wconf 72' lang='lat' dir='ltr'><strong>intelligere,</strong></span> <span class='ocrx_word' id='word_1_83' title='bbox 1552 1143 1768 1217; x_wconf 88' lang='lat' dir='ltr'><strong>aliique</strong></span> <span class='ocrx_word' id='word_1_84' title='bbox 1807 1145 2035 1201; x_wconf 71' lang='lat' dir='ltr'><strong>Graeco-</strong></span> 
     </span>
    </p>
   </div>
   <div class='ocr_carea' id='block_1_13' title="bbox 381 1228 2031 1303">
    <p class='ocr_par' dir='ltr' id='par_1_13' title="bbox 381 1228 2031 1303">
     <span class='ocr_line' id='line_1_13' title="bbox 381 1228 2031 1303; baseline 0.003 -20"><span class='ocrx_word' id='word_1_85' title='bbox 381 1242 515 1283; x_wconf 87' lang='lat' dir='ltr'><strong>rum</strong></span> <span class='ocrx_word' id='word_1_86' title='bbox 548 1228 687 1284; x_wconf 79' lang='lat' dir='ltr'><strong>lasti</strong></span> <span class='ocrx_word' id='word_1_87' title='bbox 717 1229 1097 1285; x_wconf 81' lang='lat' dir='ltr'><strong>ecclesiastici</strong></span> <span class='ocrx_word' id='word_1_88' title='bbox 1145 1230 1289 1286; x_wconf 84' lang='lat' dir='ltr'><strong>nihil</strong></span> <span class='ocrx_word' id='word_1_89' title='bbox 1329 1247 1572 1303; x_wconf 90' lang='lat' dir='ltr'><strong>prorsus</strong></span> <span class='ocrx_word' id='word_1_90' title='bbox 1636 1233 1751 1288; x_wconf 91' lang='lat' dir='ltr'><strong>hac</strong></span> <span class='ocrx_word' id='word_1_91' title='bbox 1810 1232 1907 1288; x_wconf 93' lang='lat' dir='ltr'><strong>die</strong></span> <span class='ocrx_word' id='word_1_92' title='bbox 1958 1232 2031 1288; x_wconf 92' lang='lat' dir='ltr'><strong>de</strong></span> 
     </span>
    </p>
   </div>
   <div class='ocr_carea' id='block_1_14' title="bbox 384 1316 2032 1393">
    <p class='ocr_par' dir='ltr' id='par_1_14' title="bbox 384 1316 2032 1393">
     <span class='ocr_line' id='line_1_14' title="bbox 384 1316 2032 1393; baseline 0.004 -22"><span class='ocrx_word' id='word_1_93' title='bbox 384 1316 631 1372; x_wconf 91' lang='lat' dir='ltr'><strong>Romulo</strong></span> <span class='ocrx_word' id='word_1_94' title='bbox 661 1317 885 1373; x_wconf 89' lang='lat' dir='ltr'><strong>habent</strong></span> <span class='ocrx_word' id='word_1_95' title='bbox 916 1335 929 1383; x_wconf 90' lang='lat'><strong>;</strong></span> <span class='ocrx_word' id='word_1_96' title='bbox 955 1319 1056 1373; x_wconf 91' lang='lat' dir='ltr'><strong>sed</strong></span> <span class='ocrx_word' id='word_1_97' title='bbox 1076 1334 1213 1375; x_wconf 91' lang='lat' dir='ltr'><strong>eum</strong></span> <span class='ocrx_word' id='word_1_98' title='bbox 1248 1336 1368 1375; x_wconf 90' lang='lat' dir='ltr'><strong>una</strong></span> <span class='ocrx_word' id='word_1_99' title='bbox 1389 1336 1527 1376; x_wconf 91' lang='lat' dir='ltr'><strong>cum</strong></span> <span class='ocrx_word' id='word_1_100' title='bbox 1555 1322 1780 1377; x_wconf 70' lang='lat' dir='ltr'><strong>caeteris</strong></span> <span class='ocrx_word' id='word_1_101' title='bbox 1815 1328 2032 1393; x_wconf 85' lang='lat' dir='ltr'><strong>marty-</strong></span> 
     </span>
    </p>
   </div>
   <div class='ocr_carea' id='block_1_15' title="bbox 381 1404 1349 1479">
    <p class='ocr_par' dir='ltr' id='par_1_15' title="bbox 381 1404 1349 1479">
     <span class='ocr_line' id='line_1_15' title="bbox 381 1404 1349 1479; baseline 0.002 -19"><span class='ocrx_word' id='word_1_102' title='bbox 381 1404 547 1461; x_wconf 86' lang='lat' dir='ltr'><strong>ribus</strong></span> <span class='ocrx_word' id='word_1_103' title='bbox 571 1406 873 1463; x_wconf 87' lang='lat' dir='ltr'><strong>celebrant</strong></span> <span class='ocrx_word' id='word_1_104' title='bbox 896 1407 931 1460; x_wconf 91' lang='lat'><strong>6</strong></span> <span class='ocrx_word' id='word_1_105' title='bbox 962 1408 1349 1479; x_wconf 86' lang='lat' dir='ltr'><strong>Septembris.</strong></span> 
     </span>
    </p>
   </div>
   <div class='ocr_carea' id='block_1_16' title="bbox 450 1495 2029 1567">
    <p class='ocr_par' dir='ltr' id='par_1_16' title="bbox 450 1495 2029 1567">
     <span class='ocr_line' id='line_1_16' title="bbox 450 1495 2029 1567; baseline 0.003 -16"><span class='ocrx_word' id='word_1_106' title='bbox 450 1500 501 1551; x_wconf 87' lang='lat'><strong>2.</strong></span> <span class='ocrx_word' id='word_1_107' title='bbox 537 1496 745 1567; x_wconf 81' lang='lat' dir='ltr'><strong>Accipe</strong></span> <span class='ocrx_word' id='word_1_108' title='bbox 777 1497 957 1551; x_wconf 91' lang='lat' dir='ltr'><strong>verba</strong></span> <span class='ocrx_word' id='word_1_109' title='bbox 986 1495 1210 1552; x_wconf 86' lang='lat' dir='ltr'><strong>laudati</strong></span> <span class='ocrx_word' id='word_1_110' title='bbox 1261 1496 1566 1567; x_wconf 88' lang='lat' dir='ltr'><strong>Menologii</strong></span> <span class='ocrx_word' id='word_1_111' title='bbox 1627 1498 1893 1555; x_wconf 89' lang='lat' dir='ltr'><strong>Sirlctani</strong></span> <span class='ocrx_word' id='word_1_112' title='bbox 1951 1501 2029 1555; x_wconf 91' lang='lat' dir='ltr'><strong>ab</strong></span> 
     </span>
    </p>
   </div>
   <div class='ocr_carea' id='block_1_17' title="bbox 385 1585 2030 1658">
    <p class='ocr_par' dir='ltr' id='par_1_17' title="bbox 385 1585 2030 1658">
     <span class='ocr_line' id='line_1_17' title="bbox 385 1585 2030 1658; baseline 0.002 -18"><span class='ocrx_word' id='word_1_113' title='bbox 385 1585 634 1641; x_wconf 88' lang='lat' dir='ltr'><strong>Henrico</strong></span> <span class='ocrx_word' id='word_1_114' title='bbox 666 1585 900 1642; x_wconf 89' lang='lat' dir='ltr'><strong>Canisio</strong></span> <span class='ocrx_word' id='word_1_115' title='bbox 931 1585 1067 1639; x_wconf 88' lang='lat' dir='ltr'><strong>editi</strong></span> <span class='ocrx_word' id='word_1_116' title='bbox 1102 1602 1115 1639; x_wconf 91' lang='lat'><strong>:</strong></span> <span class='ocrx_word' id='word_1_117' title='bbox 1152 1608 1179 1635; x_wconf 82' lang='lat'><strong>«</strong></span> <span class='ocrx_word' id='word_1_118' title='bbox 1215 1586 1435 1641; x_wconf 89' lang='lat' dir='ltr'><strong>Eodem</strong></span> <span class='ocrx_word' id='word_1_119' title='bbox 1466 1587 1560 1642; x_wconf 92' lang='lat' dir='ltr'><strong>die</strong></span> <span class='ocrx_word' id='word_1_120' title='bbox 1596 1588 1668 1658; x_wconf 88' lang='lat'><strong>[6]</strong></span> <span class='ocrx_word' id='word_1_121' title='bbox 1727 1593 2030 1644; x_wconf 86' lang='lat' dir='ltr'><strong>certamen</strong></span> 
     </span>
    </p>
   </div>
   <div class='ocr_carea' id='block_1_18' title="bbox 2149 432 3809 507">
    <p class='ocr_par' dir='ltr' id='par_1_18' title="bbox 2149 432 3809 507">
     <span class='ocr_line' id='line_1_18' title="bbox 2149 432 3809 507; baseline -0.001 -14"><span class='ocrx_word' id='word_1_122' title='bbox 2149 438 2261 495; x_wconf 89' lang='lat' dir='ltr'><strong>ista</strong></span> <span class='ocrx_word' id='word_1_123' title='bbox 2309 456 2432 496; x_wconf 91' lang='lat' dir='ltr'><strong>non</strong></span> <span class='ocrx_word' id='word_1_124' title='bbox 2485 440 2781 497; x_wconf 64' lang='lat' dir='ltr'><strong>cohaerere</strong></span> <span class='ocrx_word' id='word_1_125' title='bbox 2811 434 3103 507; x_wconf 85' lang='lat' dir='ltr'><strong>;ideoque</strong></span> <span class='ocrx_word' id='word_1_126' title='bbox 3161 434 3223 489; x_wconf 91' lang='lat' dir='ltr'><strong>in</strong></span> <span class='ocrx_word' id='word_1_127' title='bbox 3278 432 3687 490; x_wconf 85' lang='lat' dir='ltr'><strong>additionibus</strong></span> <span class='ocrx_word' id='word_1_128' title='bbox 3727 435 3809 491; x_wconf 92' lang='lat' dir='ltr'><strong>ad</strong></span> 
     </span>
    </p>
   </div>
   <div class='ocr_carea' id='block_1_19' title="bbox 2152 522 3807 601">
    <p class='ocr_par' dir='ltr' id='par_1_19' title="bbox 2152 522 3807 601">
     <span class='ocr_line' id='line_1_19' title="bbox 2152 522 3807 601; baseline -0.003 -17"><span class='ocrx_word' id='word_1_129' title='bbox 2152 530 2493 586; x_wconf 89' lang='lat' dir='ltr'><strong>Usuardum</strong></span> <span class='ocrx_word' id='word_1_130' title='bbox 2544 536 2574 587; x_wconf 81' lang='grc'><strong>5</strong></span> <span class='ocrx_word' id='word_1_131' title='bbox 2624 525 2987 601; x_wconf 90' lang='lat' dir='ltr'><strong>Septembris</strong></span> <span class='ocrx_word' id='word_1_132' title='bbox 3013 522 3312 596; x_wconf 85' lang='lat' dir='ltr'><strong>scripserit</strong></span> <span class='ocrx_word' id='word_1_133' title='bbox 3343 540 3355 579; x_wconf 91' lang='lat'>:</span> <span class='ocrx_word' id='word_1_134' title='bbox 3389 546 3409 573; x_wconf 77' lang='grc' dir='ltr'>ι</span> <span class='ocrx_word' id='word_1_135' title='bbox 3442 524 3659 579; x_wconf 88' lang='lat' dir='ltr'><strong>Eodem</strong></span> <span class='ocrx_word' id='word_1_136' title='bbox 3708 524 3807 579; x_wconf 91' lang='lat' dir='ltr'><strong>die</strong></span> 
     </span>
    </p>
   </div>
   <div class='ocr_carea' id='block_1_20' title="bbox 2150 612 3807 691">
    <p class='ocr_par' dir='ltr' id='par_1_20' title="bbox 2150 612 3807 691">
     <span class='ocr_line' id='line_1_20' title="bbox 2150 612 3807 691; baseline -0.007 -10"><span class='ocrx_word' id='word_1_137' title='bbox 2150 626 2245 681; x_wconf 90' lang='lat' dir='ltr'><strong>SS.</strong></span> <span class='ocrx_word' id='word_1_138' title='bbox 2277 625 2405 683; x_wconf 88' lang='lat' dir='ltr'><strong>MM.</strong></span> <span class='ocrx_word' id='word_1_139' title='bbox 2433 620 2701 686; x_wconf 80' lang='lat' dir='ltr'><strong>Eudoxii,</strong></span> <span class='ocrx_word' id='word_1_140' title='bbox 2733 615 2836 691; x_wconf 90' lang='lat' dir='ltr'><strong>qui</strong></span> <span class='ocrx_word' id='word_1_141' title='bbox 2882 620 2935 671; x_wconf 90' lang='lat' dir='ltr'><strong>et</strong></span> <span class='ocrx_word' id='word_1_142' title='bbox 2982 612 3296 679; x_wconf 87' lang='lat' dir='ltr'><strong>Marianus,</strong></span> <span class='ocrx_word' id='word_1_143' title='bbox 3330 612 3561 668; x_wconf 81' lang='lat' dir='ltr'><strong>Romuli</strong></span> <span class='ocrx_word' id='word_1_144' title='bbox 3620 616 3807 670; x_wconf 92' lang='lat' dir='ltr'><strong>Zeno-</strong></span> 
     </span>
    </p>
   </div>
   <div class='ocr_carea' id='block_1_21' title="bbox 2148 703 3803 781">
    <p class='ocr_par' dir='ltr' id='par_1_21' title="bbox 2148 703 3803 781">
     <span class='ocr_line' id='line_1_21' title="bbox 2148 703 3803 781; baseline -0.006 -12"><span class='ocrx_word' id='word_1_145' title='bbox 2148 715 2258 781; x_wconf 91' lang='lat' dir='ltr'><strong>nis,</strong></span> <span class='ocrx_word' id='word_1_146' title='bbox 2290 720 2347 771; x_wconf 91' lang='lat' dir='ltr'><strong>et</strong></span> <span class='ocrx_word' id='word_1_147' title='bbox 2387 704 2644 776; x_wconf 75' lang='lat' dir='ltr'><strong>Macarii,</strong></span> <span class='ocrx_word' id='word_1_148' title='bbox 2669 708 2773 781; x_wconf 89' lang='lat' dir='ltr'><strong>qui</strong></span> <span class='ocrx_word' id='word_1_149' title='bbox 2818 704 2935 760; x_wconf 89' lang='lat' dir='ltr'><strong>sub</strong></span> <span class='ocrx_word' id='word_1_150' title='bbox 2982 703 3237 774; x_wconf 88' lang='lat' dir='ltr'><strong>Trajano</strong></span> <span class='ocrx_word' id='word_1_151' title='bbox 3295 703 3580 775; x_wconf 88' lang='lat' dir='ltr'><strong>martyrio</strong></span> <span class='ocrx_word' id='word_1_152' title='bbox 3632 719 3803 759; x_wconf 85' lang='lat' dir='ltr'><strong>coro-</strong></span> 
     </span>
    </p>
   </div>
   <div class='ocr_carea' id='block_1_22' title="bbox 2148 791 3801 865">
    <p class='ocr_par' dir='ltr' id='par_1_22' title="bbox 2148 791 3801 865">
     <span class='ocr_line' id='line_1_22' title="bbox 2148 791 3801 865; baseline -0.007 -6"><span class='ocrx_word' id='word_1_153' title='bbox 2148 810 2386 860; x_wconf 88' lang='lat' dir='ltr'><strong>nantur.</strong></span> <span class='ocrx_word' id='word_1_154' title='bbox 2423 826 2445 855; x_wconf 78' lang='grc' dir='ltr'><strong><em>ι</em></strong></span> <span class='ocrx_word' id='word_1_155' title='bbox 2481 802 2598 858; x_wconf 90' lang='lat' dir='ltr'><strong>Sed</strong></span> <span class='ocrx_word' id='word_1_156' title='bbox 2629 796 3081 865; x_wconf 88' lang='lat' dir='ltr'><strong>Metaphrastes,</strong></span> <span class='ocrx_word' id='word_1_157' title='bbox 3104 808 3285 864; x_wconf 88' lang='lat' dir='ltr'><strong>quem</strong></span> <span class='ocrx_word' id='word_1_158' title='bbox 3313 791 3555 861; x_wconf 85' lang='lat' dir='ltr'><strong>allegat,</strong></span> <span class='ocrx_word' id='word_1_159' title='bbox 3580 791 3801 849; x_wconf 87' lang='lat' dir='ltr'><strong>diserte</strong></span> 
     </span>
    </p>
   </div>
   <div class='ocr_carea' id='block_1_23' title="bbox 2148 881 3799 960">
    <p class='ocr_par' dir='ltr' id='par_1_23' title="bbox 2148 881 3799 960">
     <span class='ocr_line' id='line_1_23' title="bbox 2148 881 3799 960; baseline -0.007 -11"><span class='ocrx_word' id='word_1_160' title='bbox 2148 893 2324 950; x_wconf 88' lang='lat' dir='ltr'><strong>tradit</strong></span> <span class='ocrx_word' id='word_1_161' title='bbox 2346 891 2663 951; x_wconf 90' lang='lat' dir='ltr'><strong>Romulum</strong></span> <span class='ocrx_word' id='word_1_162' title='bbox 2681 890 2854 960; x_wconf 88' lang='lat' dir='ltr'><strong>jussu</strong></span> <span class='ocrx_word' id='word_1_163' title='bbox 2874 881 3109 954; x_wconf 90' lang='lat' dir='ltr'><strong>Trajani</strong></span> <span class='ocrx_word' id='word_1_164' title='bbox 3129 887 3433 947; x_wconf 89' lang='lat' dir='ltr'><strong>necatum,</strong></span> <span class='ocrx_word' id='word_1_165' title='bbox 3463 881 3799 938; x_wconf 88' lang='lat' dir='ltr'><strong>Eudoxium</strong></span> 
     </span>
    </p>
   </div>
   <div class='ocr_carea' id='block_1_24' title="bbox 2144 969 3800 1053">
    <p class='ocr_par' dir='ltr' id='par_1_24' title="bbox 2144 969 3800 1053">
     <span class='ocr_line' id='line_1_24' title="bbox 2144 969 3800 1053; baseline -0.007 -15"><span class='ocrx_word' id='word_1_166' title='bbox 2144 998 2284 1038; x_wconf 90' lang='lat' dir='ltr'><strong>vero</strong></span> <span class='ocrx_word' id='word_1_167' title='bbox 2316 981 2586 1053; x_wconf 90' lang='lat' dir='ltr'><strong>aliosque</strong></span> <span class='ocrx_word' id='word_1_168' title='bbox 2616 978 2723 1034; x_wconf 91' lang='lat' dir='ltr'><strong>diu</strong></span> <span class='ocrx_word' id='word_1_169' title='bbox 2753 978 2891 1047; x_wconf 90' lang='lat' dir='ltr'><strong>post</strong></span> <span class='ocrx_word' id='word_1_170' title='bbox 2923 970 3208 1043; x_wconf 87' lang='lat' dir='ltr'><strong>martyrio</strong></span> <span class='ocrx_word' id='word_1_171' title='bbox 3249 969 3493 1027; x_wconf 71' lang='lat' dir='ltr'><strong>affectos</strong></span> <span class='ocrx_word' id='word_1_172' title='bbox 3525 985 3653 1026; x_wconf 90' lang='lat' dir='ltr'><strong>esse</strong></span> <span class='ocrx_word' id='word_1_173' title='bbox 3685 970 3800 1026; x_wconf 91' lang='lat' dir='ltr'><strong>sub</strong></span> 
     </span>
    </p>
   </div>
   <div class='ocr_carea' id='block_1_25' title="bbox 2147 1059 3800 1130">
    <p class='ocr_par' dir='ltr' id='par_1_25' title="bbox 2147 1059 3800 1130">
     <span class='ocr_line' id='line_1_25' title="bbox 2147 1059 3800 1130; baseline -0.007 -4"><span class='ocrx_word' id='word_1_174' title='bbox 2147 1072 2525 1128; x_wconf 86' lang='lat' dir='ltr'><strong>Diocletiano.</strong></span> <span class='ocrx_word' id='word_1_175' title='bbox 2553 1065 2855 1124; x_wconf 89' lang='lat' dir='ltr'><strong>Ferrarius</strong></span> <span class='ocrx_word' id='word_1_176' title='bbox 2883 1063 2944 1119; x_wconf 92' lang='lat' dir='ltr'><strong>in</strong></span> <span class='ocrx_word' id='word_1_177' title='bbox 2972 1060 3253 1129; x_wconf 87' lang='lat' dir='ltr'><strong>Catalogo</strong></span> <span class='ocrx_word' id='word_1_178' title='bbox 3282 1059 3541 1130; x_wconf 85' lang='lat' dir='ltr'><strong>generali</strong></span> <span class='ocrx_word' id='word_1_179' title='bbox 3565 1063 3800 1117; x_wconf 89' lang='lat' dir='ltr'><strong>sancto-</strong></span> 
     </span>
    </p>
   </div>
   <div class='ocr_carea' id='block_1_26' title="bbox 2141 1148 3800 1231">
    <p class='ocr_par' dir='ltr' id='par_1_26' title="bbox 2141 1148 3800 1231">
     <span class='ocr_line' id='line_1_26' title="bbox 2141 1148 3800 1231; baseline -0.008 -15"><span class='ocrx_word' id='word_1_180' title='bbox 2141 1177 2275 1217; x_wconf 90' lang='lat' dir='ltr'><strong>rum</strong></span> <span class='ocrx_word' id='word_1_181' title='bbox 2305 1162 2382 1217; x_wconf 90' lang='lat' dir='ltr'><strong>ad</strong></span> <span class='ocrx_word' id='word_1_182' title='bbox 2409 1164 2440 1215; x_wconf 88' lang='lat'><strong>6</strong></span> <span class='ocrx_word' id='word_1_183' title='bbox 2473 1153 2836 1231; x_wconf 86' lang='lat' dir='ltr'><strong>Septembris</strong></span> <span class='ocrx_word' id='word_1_184' title='bbox 2854 1151 3086 1208; x_wconf 90' lang='lat' dir='ltr'><strong>videtur</strong></span> <span class='ocrx_word' id='word_1_185' title='bbox 3117 1153 3411 1221; x_wconf 86' lang='lat' dir='ltr'><strong>martyres</strong></span> <span class='ocrx_word' id='word_1_186' title='bbox 3438 1148 3585 1204; x_wconf 84' lang='lat' dir='ltr'><strong>velle</strong></span> <span class='ocrx_word' id='word_1_187' title='bbox 3615 1149 3800 1219; x_wconf 85' lang='lat' dir='ltr'><strong>gemi-</strong></span> 
     </span>
    </p>
   </div>
   <div class='ocr_carea' id='block_1_27' title="bbox 2142 1237 3797 1321">
    <p class='ocr_par' dir='ltr' id='par_1_27' title="bbox 2142 1237 3797 1321">
     <span class='ocr_line' id='line_1_27' title="bbox 2142 1237 3797 1321; baseline -0.008 -15"><span class='ocrx_word' id='word_1_188' title='bbox 2142 1264 2329 1306; x_wconf 89' lang='lat' dir='ltr'><strong>nare:</strong></span> <span class='ocrx_word' id='word_1_189' title='bbox 2378 1247 2684 1321; x_wconf 66' lang='lat' dir='ltr'><strong>prwmissa</strong></span> <span class='ocrx_word' id='word_1_190' title='bbox 2739 1241 2892 1299; x_wconf 87' lang='lat' dir='ltr'><strong>enim</strong></span> <span class='ocrx_word' id='word_1_191' title='bbox 2927 1239 3038 1295; x_wconf 91' lang='lat' dir='ltr'><strong>hac</strong></span> <span class='ocrx_word' id='word_1_192' title='bbox 3088 1238 3561 1304; x_wconf 91' lang='lat' dir='ltr'><strong>annuntiatione,</strong></span> <span class='ocrx_word' id='word_1_193' title='bbox 3629 1237 3797 1293; x_wconf 89' lang='lat' dir='ltr'><strong>Meli-</strong></span> 
     </span>
    </p>
   </div>
   <div class='ocr_carea' id='block_1_28' title="bbox 2142 1326 3792 1402">
    <p class='ocr_par' dir='ltr' id='par_1_28' title="bbox 2142 1326 3792 1402">
     <span class='ocr_line' id='line_1_28' title="bbox 2142 1326 3792 1402; baseline -0.008 -7"><span class='ocrx_word' id='word_1_194' title='bbox 2142 1343 2296 1395; x_wconf 75' lang='lat' dir='ltr'><strong>tente</strong></span> <span class='ocrx_word' id='word_1_195' title='bbox 2325 1339 2386 1394; x_wconf 92' lang='lat' dir='ltr'><strong>in</strong></span> <span class='ocrx_word' id='word_1_196' title='bbox 2416 1337 2694 1394; x_wconf 82' lang='lat' dir='ltr'><strong>Armenia</strong></span> <span class='ocrx_word' id='word_1_197' title='bbox 2723 1335 2821 1400; x_wconf 91' lang='lat' dir='ltr'><strong>SS,</strong></span> <span class='ocrx_word' id='word_1_198' title='bbox 2854 1331 3179 1402; x_wconf 87' lang='lat' dir='ltr'><strong>Martyrum</strong></span> <span class='ocrx_word' id='word_1_199' title='bbox 3214 1326 3484 1391; x_wconf 83' lang='lat' dir='ltr'><strong>Eudoxii,</strong></span> <span class='ocrx_word' id='word_1_200' title='bbox 3528 1326 3792 1396; x_wconf 85' lang='lat' dir='ltr'><strong>Romuli,</strong></span> 
     </span>
    </p>
   </div>
   <div class='ocr_carea' id='block_1_29' title="bbox 2141 1414 3797 1493">
    <p class='ocr_par' dir='ltr' id='par_1_29' title="bbox 2141 1414 3797 1493">
     <span class='ocr_line' id='line_1_29' title="bbox 2141 1414 3797 1493; baseline -0.009 -8"><span class='ocrx_word' id='word_1_201' title='bbox 2141 1433 2195 1485; x_wconf 91' lang='lat' dir='ltr'><strong>et</strong></span> <span class='ocrx_word' id='word_1_202' title='bbox 2225 1429 2521 1485; x_wconf 91' lang='lat' dir='ltr'><strong>sociorum</strong></span> <span class='ocrx_word' id='word_1_203' title='bbox 2553 1426 2666 1481; x_wconf 91' lang='lat' dir='ltr'><strong>sub</strong></span> <span class='ocrx_word' id='word_1_204' title='bbox 2694 1422 2970 1493; x_wconf 83' lang='lat' dir='ltr'><strong>Trajano,</strong></span> <span class='ocrx_word' id='word_1_205' title='bbox 2999 1438 3026 1470; x_wconf 88' lang='lat'><strong>»</strong></span> <span class='ocrx_word' id='word_1_206' title='bbox 3062 1431 3249 1489; x_wconf 87' lang='lat' dir='ltr'><strong>quam</strong></span> <span class='ocrx_word' id='word_1_207' title='bbox 3295 1420 3461 1472; x_wconf 87' lang='lat' dir='ltr'><strong>notat</strong></span> <span class='ocrx_word' id='word_1_208' title='bbox 3513 1432 3585 1471; x_wconf 89' lang='lat' dir='ltr'><strong>ex</strong></span> <span class='ocrx_word' id='word_1_209' title='bbox 3628 1414 3797 1471; x_wconf 87' lang='lat' dir='ltr'><strong>Gale-</strong></span> 
     </span>
    </p>
   </div>
   <div class='ocr_carea' id='block_1_30' title="bbox 2140 1503 3797 1586">
    <p class='ocr_par' dir='ltr' id='par_1_30' title="bbox 2140 1503 3797 1586">
     <span class='ocr_line' id='line_1_30' title="bbox 2140 1503 3797 1586; baseline -0.008 -13"><span class='ocrx_word' id='word_1_210' title='bbox 2140 1517 2290 1573; x_wconf 91' lang='lat' dir='ltr'><strong>sinio</strong></span> <span class='ocrx_word' id='word_1_211' title='bbox 2325 1517 2708 1586; x_wconf 90' lang='lat' dir='ltr'><strong>desumptam</strong></span> <span class='ocrx_word' id='word_1_212' title='bbox 2752 1527 2900 1579; x_wconf 88' lang='lat' dir='ltr'><strong>esse,</strong></span> <span class='ocrx_word' id='word_1_213' title='bbox 2952 1506 3148 1563; x_wconf 87' lang='lat' dir='ltr'><strong>subdit</strong></span> <span class='ocrx_word' id='word_1_214' title='bbox 3190 1524 3259 1558; x_wconf 87' lang='lat'><strong>:«</strong></span> <span class='ocrx_word' id='word_1_215' title='bbox 3312 1507 3386 1560; x_wconf 91' lang='lat' dir='ltr'><strong>De</strong></span> <span class='ocrx_word' id='word_1_216' title='bbox 3441 1503 3701 1559; x_wconf 84' lang='lat' dir='ltr'><strong>Eudoxio</strong></span> <span class='ocrx_word' id='word_1_217' title='bbox 3739 1508 3797 1559; x_wconf 86' lang='lat' dir='ltr'><strong>et</strong></span> 
     </span>
    </p>
   </div>
   <div class='ocr_carea' id='block_1_31' title="bbox 2142 1591 3792 1673">
    <p class='ocr_par' dir='ltr' id='par_1_31' title="bbox 2142 1591 3792 1673">
     <span class='ocr_line' id='line_1_31' title="bbox 2142 1591 3792 1673; baseline -0.008 -12"><span class='ocrx_word' id='word_1_218' title='bbox 2142 1622 2266 1661; x_wconf 83' lang='lat' dir='ltr'><strong>soc.</strong></span> <span class='ocrx_word' id='word_1_219' title='bbox 2298 1604 2576 1661; x_wconf 67' lang='lat' dir='ltr'><strong>Melitenas</strong></span> <span class='ocrx_word' id='word_1_220' title='bbox 2610 1601 2801 1673; x_wconf 88' lang='lat' dir='ltr'><strong>passis</strong></span> <span class='ocrx_word' id='word_1_221' title='bbox 2831 1597 3028 1669; x_wconf 90' lang='lat' dir='ltr'><strong>agitur</strong></span> <span class='ocrx_word' id='word_1_222' title='bbox 3055 1595 3113 1651; x_wconf 93' lang='lat' dir='ltr'><strong>in</strong></span> <span class='ocrx_word' id='word_1_223' title='bbox 3158 1591 3451 1665; x_wconf 86' lang='lat' dir='ltr'><strong>Martyrol.</strong></span> <span class='ocrx_word' id='word_1_224' title='bbox 3486 1594 3649 1649; x_wconf 89' lang='lat' dir='ltr'><strong>Rom.</strong></span> <span class='ocrx_word' id='word_1_225' title='bbox 3695 1592 3792 1648; x_wconf 89' lang='lat' dir='ltr'><strong>die</strong></span> 
     </span>
    </p>
   </div>
   <div class='ocr_carea' id='block_1_32' title="bbox 378 1674 3794 1767">
    <p class='ocr_par' dir='ltr' id='par_1_32' title="bbox 378 1674 3794 1767">
     <span class='ocr_line' id='line_1_32' title="bbox 378 1674 3794 1767; baseline -0.002 -38"><span class='ocrx_word' id='word_1_226' title='bbox 378 1680 722 1731; x_wconf 90' lang='lat' dir='ltr'><strong>sanctorum</strong></span> <span class='ocrx_word' id='word_1_227' title='bbox 768 1680 1097 1767; x_wconf 78' lang='lat' dir='ltr'><strong>martyrum</strong></span> <span class='ocrx_word' id='word_1_228' title='bbox 1132 1674 1398 1740; x_wconf 83' lang='lat' dir='ltr'><strong>Eudoxii,</strong></span> <span class='ocrx_word' id='word_1_229' title='bbox 1454 1678 1721 1767; x_wconf 72' lang='lat' dir='ltr'><strong>lenonis,</strong></span> <span class='ocrx_word' id='word_1_230' title='bbox 1773 1677 2025 1743; x_wconf 89' lang='lat' dir='ltr'><strong>Romuli,</strong></span> <span class='ocrx_word' id='word_1_231' title='bbox 2061 1702 2109 1759; x_wconf 78' lang='grc' dir='ltr'><strong>Β</strong></span> <span class='ocrx_word' id='word_1_232' title='bbox 2143 1694 2373 1767; x_wconf 66' lang='grc' dir='ltr'><strong>ρτεεοεά</strong></span> <span class='ocrx_word' id='word_1_233' title='bbox 2406 1710 2419 1758; x_wconf 59' lang='grc' dir='ltr'><strong>ς</strong></span> <span class='ocrx_word' id='word_1_234' title='bbox 2468 1691 2572 1747; x_wconf 69' lang='lat' dir='ltr'><strong>sed</strong></span> <span class='ocrx_word' id='word_1_235' title='bbox 2604 1689 2712 1745; x_wconf 73' lang='lat' dir='ltr'><strong>sub</strong></span> <span class='ocrx_word' id='word_1_236' title='bbox 2762 1683 3126 1743; x_wconf 59' lang='lat' dir='ltr'><strong>Diocletiano</strong></span> <span class='ocrx_word' id='word_1_237' title='bbox 3162 1702 3175 1737; x_wconf 70' lang='grc' dir='ltr'><em>τ</em></span> <span class='ocrx_word' id='word_1_238' title='bbox 3217 1682 3277 1738; x_wconf 74' lang='lat' dir='ltr'><strong>hi</strong></span> <span class='ocrx_word' id='word_1_239' title='bbox 3314 1697 3455 1737; x_wconf 64' lang='lat' dir='ltr'><strong>vero</strong></span> <span class='ocrx_word' id='word_1_240' title='bbox 3511 1681 3623 1735; x_wconf 72' lang='lat' dir='ltr'><strong>sub</strong></span> <span class='ocrx_word' id='word_1_241' title='bbox 3658 1680 3794 1736; x_wconf 68' lang='lat' dir='ltr'><strong>Tm-</strong></span> 
     </span>
    </p>
   </div>
   <div class='ocr_carea' id='block_1_33' title="bbox 378 1762 3796 1853">
    <p class='ocr_par' dir='ltr' id='par_1_33' title="bbox 378 1762 3796 1853">
     <span class='ocr_line' id='line_1_33' title="bbox 378 1762 3796 1853; baseline 0.001 -33"><span class='ocrx_word' id='word_1_242' title='bbox 378 1764 608 1820; x_wconf 83' lang='lat' dir='ltr'><strong>Macarii</strong></span> <span class='ocrx_word' id='word_1_243' title='bbox 654 1769 711 1818; x_wconf 92' lang='lat' dir='ltr'><strong>et</strong></span> <span class='ocrx_word' id='word_1_244' title='bbox 765 1762 1152 1834; x_wconf 89' lang='lat' dir='ltr'><strong>reliquorum.</strong></span> <span class='ocrx_word' id='word_1_245' title='bbox 1186 1766 1435 1820; x_wconf 92' lang='lat' dir='ltr'><strong>Sanctus</strong></span> <span class='ocrx_word' id='word_1_246' title='bbox 1491 1764 1781 1820; x_wconf 85' lang='lat' dir='ltr'><strong>Romulus</strong></span> <span class='ocrx_word' id='word_1_247' title='bbox 1836 1768 2027 1836; x_wconf 89' lang='lat' dir='ltr'><strong>capite</strong></span> <span class='ocrx_word' id='word_1_248' title='bbox 2132 1762 2273 1853; x_wconf 57' lang='grc' dir='ltr'><strong>ίαηο</strong></span> <span class='ocrx_word' id='word_1_249' title='bbox 2304 1780 2465 1853; x_wconf 67' lang='lat' dir='ltr'><strong>passi</strong></span> <span class='ocrx_word' id='word_1_250' title='bbox 2514 1778 2849 1833; x_wconf 61' lang='lat' dir='ltr'><strong>traduntur.</strong></span> <span class='ocrx_word' id='word_1_251' title='bbox 2902 1775 2983 1828; x_wconf 79' lang='lat' dir='ltr'><strong>De</strong></span> <span class='ocrx_word' id='word_1_252' title='bbox 3032 1769 3283 1828; x_wconf 90' lang='lat' dir='ltr'><strong>Romulo</strong></span> <span class='ocrx_word' id='word_1_253' title='bbox 3331 1768 3620 1823; x_wconf 83' lang='lat' dir='ltr'><strong>duntaxat</strong></span> <span class='ocrx_word' id='word_1_254' title='bbox 3670 1768 3796 1837; x_wconf 87' lang='lat' dir='ltr'><strong>agit</strong></span> 
     </span>
    </p>
   </div>
   <div class='ocr_carea' id='block_1_34' title="bbox 375 1853 2027 1927">
    <p class='ocr_par' dir='ltr' id='par_1_34' title="bbox 375 1853 2027 1927">
     <span class='ocr_line' id='line_1_34' title="bbox 375 1853 2027 1927; baseline 0 -18"><span class='ocrx_word' id='word_1_255' title='bbox 375 1854 764 1909; x_wconf 85' lang='lat' dir='ltr'><strong>obtruncatus</strong></span> <span class='ocrx_word' id='word_1_256' title='bbox 805 1858 895 1909; x_wconf 91' lang='lat' dir='ltr'><strong>est</strong></span> <span class='ocrx_word' id='word_1_257' title='bbox 937 1869 972 1908; x_wconf 88' lang='lat' dir='ltr'><strong>a</strong></span> <span class='ocrx_word' id='word_1_258' title='bbox 1000 1853 1251 1923; x_wconf 88' lang='lat' dir='ltr'><strong>Trajano</strong></span> <span class='ocrx_word' id='word_1_259' title='bbox 1293 1853 1674 1925; x_wconf 89' lang='lat' dir='ltr'><strong>imperatore,</strong></span> <span class='ocrx_word' id='word_1_260' title='bbox 1700 1855 1803 1927; x_wconf 89' lang='lat' dir='ltr'><strong>qui</strong></span> <span class='ocrx_word' id='word_1_261' title='bbox 1832 1855 2027 1911; x_wconf 85' lang='lat' dir='ltr'><strong>Chris-</strong></span> 
     </span>
    </p>
   </div>
   <div class='ocr_carea' id='block_1_35' title="bbox 374 1942 2024 2013">
    <p class='ocr_par' dir='ltr' id='par_1_35' title="bbox 374 1942 2024 2013">
     <span class='ocr_line' id='line_1_35' title="bbox 374 1942 2024 2013; baseline 0 -14"><span class='ocrx_word' id='word_1_262' title='bbox 374 1942 567 1999; x_wconf 84' lang='lat' dir='ltr'><strong>tianos</strong></span> <span class='ocrx_word' id='word_1_263' title='bbox 599 1942 887 2013; x_wconf 90' lang='lat' dir='ltr'><strong>plurimos</strong></span> <span class='ocrx_word' id='word_1_264' title='bbox 905 1942 965 1997; x_wconf 92' lang='lat' dir='ltr'><strong>in</strong></span> <span class='ocrx_word' id='word_1_265' title='bbox 994 1942 1261 1997; x_wconf 86' lang='lat' dir='ltr'><strong>diversas</strong></span> <span class='ocrx_word' id='word_1_266' title='bbox 1285 1943 1556 2011; x_wconf 87' lang='lat' dir='ltr'><strong>regiones</strong></span> <span class='ocrx_word' id='word_1_267' title='bbox 1588 1943 1821 1998; x_wconf 86' lang='lat' dir='ltr'><strong>exsules</strong></span> <span class='ocrx_word' id='word_1_268' title='bbox 1846 1944 2024 2011; x_wconf 89' lang='lat' dir='ltr'><strong>misit,</strong></span> 
     </span>
    </p>
   </div>
   <div class='ocr_carea' id='block_1_36' title="bbox 370 2030 2023 2104">
    <p class='ocr_par' dir='ltr' id='par_1_36' title="bbox 370 2030 2023 2104">
     <span class='ocr_line' id='line_1_36' title="bbox 370 2030 2023 2104; baseline 0.002 -18"><span class='ocrx_word' id='word_1_269' title='bbox 370 2031 476 2086; x_wconf 90' lang='lat' dir='ltr'><strong>sed</strong></span> <span class='ocrx_word' id='word_1_270' title='bbox 505 2032 564 2086; x_wconf 90' lang='lat' dir='ltr'><strong>in</strong></span> <span class='ocrx_word' id='word_1_271' title='bbox 619 2030 961 2085; x_wconf 67' lang='lat' dir='ltr'><strong>Christianas</strong></span> <span class='ocrx_word' id='word_1_272' title='bbox 1019 2030 1152 2084; x_wconf 87' lang='lat' dir='ltr'><strong>tidei</strong></span> <span class='ocrx_word' id='word_1_273' title='bbox 1183 2031 1554 2087; x_wconf 83' lang='lat' dir='ltr'><strong>confessione</strong></span> <span class='ocrx_word' id='word_1_274' title='bbox 1606 2040 2023 2104; x_wconf 85' lang='lat' dir='ltr'><strong>permanentes</strong></span> 
     </span>
    </p>
   </div>
   <div class='ocr_carea' id='block_1_37' title="bbox 374 2118 2023 2189">
    <p class='ocr_par' dir='ltr' id='par_1_37' title="bbox 374 2118 2023 2189">
     <span class='ocr_line' id='line_1_37' title="bbox 374 2118 2023 2189; baseline 0.002 -15"><span class='ocrx_word' id='word_1_275' title='bbox 374 2119 581 2174; x_wconf 89' lang='lat' dir='ltr'><strong>mortis</strong></span> <span class='ocrx_word' id='word_1_276' title='bbox 602 2118 895 2189; x_wconf 91' lang='lat' dir='ltr'><strong>supplicio</strong></span> <span class='ocrx_word' id='word_1_277' title='bbox 921 2118 1197 2189; x_wconf 87' lang='lat' dir='ltr'><strong>subjecit.</strong></span> <span class='ocrx_word' id='word_1_278' title='bbox 1220 2119 1521 2174; x_wconf 86' lang='lat' dir='ltr'><strong>Eudoxius</strong></span> <span class='ocrx_word' id='word_1_279' title='bbox 1543 2136 1677 2175; x_wconf 88' lang='lat' dir='ltr'><strong>vero</strong></span> <span class='ocrx_word' id='word_1_280' title='bbox 1694 2137 1896 2176; x_wconf 90' lang='lat' dir='ltr'><strong>comes</strong></span> <span class='ocrx_word' id='word_1_281' title='bbox 1910 2123 2023 2178; x_wconf 91' lang='lat' dir='ltr'><strong>sub</strong></span> 
     </span>
    </p>
   </div>
   <div class='ocr_carea' id='block_1_38' title="bbox 372 2206 2022 2278">
    <p class='ocr_par' dir='ltr' id='par_1_38' title="bbox 372 2206 2022 2278">
     <span class='ocr_line' id='line_1_38' title="bbox 372 2206 2022 2278; baseline 0.002 -15"><span class='ocrx_word' id='word_1_282' title='bbox 372 2206 731 2263; x_wconf 88' lang='lat' dir='ltr'><strong>Diocletiano</strong></span> <span class='ocrx_word' id='word_1_283' title='bbox 762 2206 1037 2261; x_wconf 89' lang='lat' dir='ltr'><strong>detentus</strong></span> <span class='ocrx_word' id='word_1_284' title='bbox 1072 2223 1107 2262; x_wconf 92' lang='lat' dir='ltr'><strong>a</strong></span> <span class='ocrx_word' id='word_1_285' title='bbox 1129 2207 1379 2278; x_wconf 70' lang='lat' dir='ltr'><strong>praeside</strong></span> <span class='ocrx_word' id='word_1_286' title='bbox 1409 2208 1678 2265; x_wconf 69' lang='lat' dir='ltr'><strong>Melitinae</strong></span> <span class='ocrx_word' id='word_1_287' title='bbox 1709 2210 2022 2266; x_wconf 85' lang='lat' dir='ltr'><strong>obtrunca-</strong></span> 
     </span>
    </p>
   </div>
   <div class='ocr_carea' id='block_1_39' title="bbox 372 2295 2021 2366">
    <p class='ocr_par' dir='ltr' id='par_1_39' title="bbox 372 2295 2021 2366">
     <span class='ocr_line' id='line_1_39' title="bbox 372 2295 2021 2366; baseline 0.002 -15"><span class='ocrx_word' id='word_1_288' title='bbox 372 2301 465 2351; x_wconf 86' lang='lat' dir='ltr'><strong>tus</strong></span> <span class='ocrx_word' id='word_1_289' title='bbox 509 2301 889 2366; x_wconf 88' lang='lat' dir='ltr'><strong>estcumque</strong></span> <span class='ocrx_word' id='word_1_290' title='bbox 919 2311 990 2350; x_wconf 94' lang='lat' dir='ltr'><strong>eo</strong></span> <span class='ocrx_word' id='word_1_291' title='bbox 1046 2295 1262 2351; x_wconf 90' lang='lat' dir='ltr'><strong>milites</strong></span> <span class='ocrx_word' id='word_1_292' title='bbox 1316 2312 1568 2353; x_wconf 89' lang='lat' dir='ltr'><strong>numero</strong></span> <span class='ocrx_word' id='word_1_293' title='bbox 1617 2298 1775 2353; x_wconf 73' lang='grc'>1104.</span> <span class='ocrx_word' id='word_1_294' title='bbox 1810 2298 2021 2354; x_wconf 88' lang='lat' dir='ltr'><strong>Paucis</strong></span> 
     </span>
    </p>
   </div>
   <div class='ocr_carea' id='block_1_40' title="bbox 370 2383 2018 2457">
    <p class='ocr_par' dir='ltr' id='par_1_40' title="bbox 370 2383 2018 2457">
     <span class='ocr_line' id='line_1_40' title="bbox 370 2383 2018 2457; baseline 0.003 -19"><span class='ocrx_word' id='word_1_295' title='bbox 370 2391 505 2455; x_wconf 89' lang='lat' dir='ltr'><strong>post</strong></span> <span class='ocrx_word' id='word_1_296' title='bbox 535 2383 746 2439; x_wconf 86' lang='lat' dir='ltr'><strong>diebus</strong></span> <span class='ocrx_word' id='word_1_297' title='bbox 770 2383 833 2438; x_wconf 88' lang='grc' dir='ltr'>Β.</span> <span class='ocrx_word' id='word_1_298' title='bbox 865 2386 1019 2439; x_wconf 93' lang='lat' dir='ltr'><strong>Zeno</strong></span> <span class='ocrx_word' id='word_1_299' title='bbox 1044 2400 1180 2439; x_wconf 86' lang='lat' dir='ltr'><strong>cum</strong></span> <span class='ocrx_word' id='word_1_300' title='bbox 1210 2384 1451 2457; x_wconf 90' lang='lat' dir='ltr'><strong>reliquis</strong></span> <span class='ocrx_word' id='word_1_301' title='bbox 1476 2389 1531 2442; x_wconf 92' lang='lat' dir='ltr'><strong>S.</strong></span> <span class='ocrx_word' id='word_1_302' title='bbox 1560 2386 1803 2443; x_wconf 85' lang='lat' dir='ltr'><strong>Eudoxii</strong></span> <span class='ocrx_word' id='word_1_303' title='bbox 1825 2387 2018 2455; x_wconf 90' lang='lat' dir='ltr'><strong>sociis,</strong></span> 
     </span>
    </p>
   </div>
   <div class='ocr_carea' id='block_1_41' title="bbox 367 2473 2021 2545">
    <p class='ocr_par' dir='ltr' id='par_1_41' title="bbox 367 2473 2021 2545">
     <span class='ocr_line' id='line_1_41' title="bbox 367 2473 2021 2545; baseline 0.004 -19"><span class='ocrx_word' id='word_1_304' title='bbox 367 2473 635 2544; x_wconf 86' lang='lat' dir='ltr'><strong>martyrii</strong></span> <span class='ocrx_word' id='word_1_305' title='bbox 666 2488 952 2528; x_wconf 87' lang='lat' dir='ltr'><strong>coronam</strong></span> <span class='ocrx_word' id='word_1_306' title='bbox 976 2475 1224 2545; x_wconf 91' lang='lat' dir='ltr'><strong>accepit.</strong></span> <span class='ocrx_word' id='word_1_307' title='bbox 1251 2496 1277 2523; x_wconf 84' lang='grc'><strong>››</strong></span> <span class='ocrx_word' id='word_1_308' title='bbox 1311 2475 1481 2532; x_wconf 88' lang='lat' dir='ltr'><strong>Clara</strong></span> <span class='ocrx_word' id='word_1_309' title='bbox 1505 2475 1635 2531; x_wconf 55' lang='lat' dir='ltr'><strong>haec</strong></span> <span class='ocrx_word' id='word_1_310' title='bbox 1661 2483 1717 2532; x_wconf 92' lang='lat' dir='ltr'><strong>et</strong></span> <span class='ocrx_word' id='word_1_311' title='bbox 1746 2476 2021 2533; x_wconf 88' lang='lat' dir='ltr'><strong>distincta</strong></span> 
     </span>
    </p>
   </div>
   <div class='ocr_carea' id='block_1_42' title="bbox 369 2561 2020 2637">
    <p class='ocr_par' dir='ltr' id='par_1_42' title="bbox 369 2561 2020 2637">
     <span class='ocr_line' id='line_1_42' title="bbox 369 2561 2020 2637; baseline 0.004 -22"><span class='ocrx_word' id='word_1_312' title='bbox 369 2566 546 2616; x_wconf 87' lang='lat' dir='ltr'><strong>sunt:</strong></span> <span class='ocrx_word' id='word_1_313' title='bbox 583 2568 641 2616; x_wconf 92' lang='lat' dir='ltr'><strong>at</strong></span> <span class='ocrx_word' id='word_1_314' title='bbox 667 2561 1060 2632; x_wconf 87' lang='lat' dir='ltr'><strong>Menologium</strong></span> <span class='ocrx_word' id='word_1_315' title='bbox 1086 2564 1261 2633; x_wconf 88' lang='lat' dir='ltr'><strong>jussu</strong></span> <span class='ocrx_word' id='word_1_316' title='bbox 1281 2564 1474 2619; x_wconf 87' lang='lat' dir='ltr'><strong>Basilii</strong></span> <span class='ocrx_word' id='word_1_317' title='bbox 1502 2564 2020 2637; x_wconf 89' lang='lat' dir='ltr'><strong>imperatorisPor-</strong></span> 
     </span>
    </p>
   </div>
   <div class='ocr_carea' id='block_1_43' title="bbox 365 2648 2017 2721">
    <p class='ocr_par' dir='ltr' id='par_1_43' title="bbox 365 2648 2017 2721">
     <span class='ocr_line' id='line_1_43' title="bbox 365 2648 2017 2721; baseline 0.004 -18"><span class='ocrx_word' id='word_1_318' title='bbox 365 2648 833 2721; x_wconf 69' lang='lat' dir='ltr'><strong>phyrogennetas</strong></span> <span class='ocrx_word' id='word_1_319' title='bbox 861 2650 1080 2706; x_wconf 70' lang='lat' dir='ltr'><strong>smculo</strong></span> <span class='ocrx_word' id='word_1_320' title='bbox 1108 2666 1147 2706; x_wconf 90' lang='lat' dir='ltr'><strong>x</strong></span> <span class='ocrx_word' id='word_1_321' title='bbox 1175 2651 1511 2716; x_wconf 90' lang='lat' dir='ltr'><strong>collectum,</strong></span> <span class='ocrx_word' id='word_1_322' title='bbox 1543 2659 1599 2708; x_wconf 90' lang='lat' dir='ltr'><strong>et</strong></span> <span class='ocrx_word' id='word_1_323' title='bbox 1631 2653 1832 2709; x_wconf 90' lang='lat' dir='ltr'><strong>Urbini</strong></span> <span class='ocrx_word' id='word_1_324' title='bbox 1856 2670 2017 2711; x_wconf 90' lang='lat' dir='ltr'><strong>anno</strong></span> 
     </span>
    </p>
   </div>
   <div class='ocr_carea' id='block_1_44' title="bbox 368 2738 2014 2811">
    <p class='ocr_par' dir='ltr' id='par_1_44' title="bbox 368 2738 2014 2811">
     <span class='ocr_line' id='line_1_44' title="bbox 368 2738 2014 2811; baseline 0.004 -19"><span class='ocrx_word' id='word_1_325' title='bbox 368 2742 501 2793; x_wconf 80' lang='grc'><strong>1727</strong></span> <span class='ocrx_word' id='word_1_326' title='bbox 563 2739 926 2811; x_wconf 89' lang='lat' dir='ltr'><strong>impressum</strong></span> <span class='ocrx_word' id='word_1_327' title='bbox 1010 2738 1472 2809; x_wconf 60' lang='lat' dir='ltr'><strong>Greco-Latine,</strong></span> <span class='ocrx_word' id='word_1_328' title='bbox 1561 2747 1861 2798; x_wconf 81' lang='lat' dir='ltr'><strong>certamen</strong></span> <span class='ocrx_word' id='word_1_329' title='bbox 1914 2743 2014 2800; x_wconf 91' lang='lat' dir='ltr'><strong>SS.</strong></span> 
     </span>
    </p>
   </div>
   <div class='ocr_carea' id='block_1_45' title="bbox 365 2826 2014 2894">
    <p class='ocr_par' dir='ltr' id='par_1_45' title="bbox 365 2826 2014 2894">
     <span class='ocr_line' id='line_1_45' title="bbox 365 2826 2014 2894; baseline 0.004 -13"><span class='ocrx_word' id='word_1_330' title='bbox 365 2826 503 2881; x_wconf 90' lang='lat' dir='ltr'><strong>MM.</strong></span> <span class='ocrx_word' id='word_1_331' title='bbox 526 2827 795 2893; x_wconf 88' lang='lat' dir='ltr'><strong>Eudoxii,</strong></span> <span class='ocrx_word' id='word_1_332' title='bbox 824 2828 1075 2894; x_wconf 90' lang='lat' dir='ltr'><strong>Romuli,</strong></span> <span class='ocrx_word' id='word_1_333' title='bbox 1100 2834 1157 2883; x_wconf 92' lang='lat' dir='ltr'><strong>et</strong></span> <span class='ocrx_word' id='word_1_334' title='bbox 1185 2829 1485 2885; x_wconf 89' lang='lat' dir='ltr'><strong>sociorum</strong></span> <span class='ocrx_word' id='word_1_335' title='bbox 1508 2830 1581 2886; x_wconf 91' lang='lat' dir='ltr'><strong>ad</strong></span> <span class='ocrx_word' id='word_1_336' title='bbox 1606 2830 1833 2886; x_wconf 91' lang='lat' dir='ltr'><strong>dictum</strong></span> <span class='ocrx_word' id='word_1_337' title='bbox 1855 2832 2014 2887; x_wconf 90' lang='lat' dir='ltr'><strong>diem</strong></span> 
     </span>
    </p>
   </div>
   <div class='ocr_carea' id='block_1_46' title="bbox 362 2914 2010 2976">
    <p class='ocr_par' dir='ltr' id='par_1_46' title="bbox 362 2914 2010 2976">
     <span class='ocr_line' id='line_1_46' title="bbox 362 2914 2010 2976; baseline 0.004 -7"><span class='ocrx_word' id='word_1_338' title='bbox 362 2914 534 2971; x_wconf 82' lang='lat' dir='ltr'><strong>valde</strong></span> <span class='ocrx_word' id='word_1_339' title='bbox 597 2915 866 2972; x_wconf 91' lang='lat' dir='ltr'><strong>intricate</strong></span> <span class='ocrx_word' id='word_1_340' title='bbox 923 2922 981 2972; x_wconf 92' lang='lat' dir='ltr'><strong>et</strong></span> <span class='ocrx_word' id='word_1_341' title='bbox 1036 2916 1280 2973; x_wconf 86' lang='lat' dir='ltr'><strong>confuse</strong></span> <span class='ocrx_word' id='word_1_342' title='bbox 1347 2923 1551 2974; x_wconf 87' lang='lat' dir='ltr'><strong>narrat</strong></span> <span class='ocrx_word' id='word_1_343' title='bbox 1602 2918 1712 2974; x_wconf 88' lang='lat' dir='ltr'><strong>hoc</strong></span> <span class='ocrx_word' id='word_1_344' title='bbox 1767 2921 1949 2975; x_wconf 92' lang='lat' dir='ltr'><strong>modo</strong></span> <span class='ocrx_word' id='word_1_345' title='bbox 1999 2939 2010 2976; x_wconf 89' lang='lat'>:</span> 
     </span>
    </p>
   </div>
   <div class='ocr_carea' id='block_1_47' title="bbox 365 3004 2011 3077">
    <p class='ocr_par' dir='ltr' id='par_1_47' title="bbox 365 3004 2011 3077">
     <span class='ocr_line' id='line_1_47' title="bbox 365 3004 2011 3077; baseline 0.005 -22"><span class='ocrx_word' id='word_1_346' title='bbox 365 3022 393 3055; x_wconf 89' lang='grc'><em>‹‹</em></span> <span class='ocrx_word' id='word_1_347' title='bbox 450 3004 747 3060; x_wconf 89' lang='lat' dir='ltr'><strong>Eudoxius</strong></span> <span class='ocrx_word' id='word_1_348' title='bbox 805 3004 1015 3060; x_wconf 90' lang='lat' dir='ltr'><strong>Christi</strong></span> <span class='ocrx_word' id='word_1_349' title='bbox 1104 3011 1348 3077; x_wconf 89' lang='lat' dir='ltr'><strong>martyr,</strong></span> <span class='ocrx_word' id='word_1_350' title='bbox 1403 3007 1657 3077; x_wconf 90' lang='lat' dir='ltr'><strong>Trajano</strong></span> <span class='ocrx_word' id='word_1_351' title='bbox 1714 3007 2011 3070; x_wconf 83' lang='lat' dir='ltr'><strong>Romano-</strong></span> 
     </span>
    </p>
   </div>
   <div class='ocr_carea' id='block_1_48' title="bbox 359 3092 2013 3164">
    <p class='ocr_par' dir='ltr' id='par_1_48' title="bbox 359 3092 2013 3164">
     <span class='ocr_line' id='line_1_48' title="bbox 359 3092 2013 3164; baseline 0.003 -16"><span class='ocrx_word' id='word_1_352' title='bbox 359 3108 495 3148; x_wconf 88' lang='lat' dir='ltr'><strong>rum</strong></span> <span class='ocrx_word' id='word_1_353' title='bbox 586 3092 961 3164; x_wconf 88' lang='lat' dir='ltr'><strong>imperatore,</strong></span> <span class='ocrx_word' id='word_1_354' title='bbox 1030 3109 1232 3149; x_wconf 92' lang='lat' dir='ltr'><strong>comes</strong></span> <span class='ocrx_word' id='word_1_355' title='bbox 1311 3095 1519 3150; x_wconf 86' lang='lat' dir='ltr'><strong>ordine</strong></span> <span class='ocrx_word' id='word_1_356' title='bbox 1597 3095 1723 3162; x_wconf 86' lang='lat' dir='ltr'><strong>fuit,</strong></span> <span class='ocrx_word' id='word_1_357' title='bbox 1788 3097 2013 3153; x_wconf 88' lang='lat' dir='ltr'><strong>multis-</strong></span> 
     </span>
    </p>
   </div>
   <div class='ocr_carea' id='block_1_49' title="bbox 359 3181 2007 3258">
    <p class='ocr_par' dir='ltr' id='par_1_49' title="bbox 359 3181 2007 3258">
     <span class='ocr_line' id='line_1_49' title="bbox 359 3181 2007 3258; baseline 0.002 -23"><span class='ocrx_word' id='word_1_358' title='bbox 359 3196 477 3252; x_wconf 91' lang='lat' dir='ltr'><strong>que</strong></span> <span class='ocrx_word' id='word_1_359' title='bbox 506 3181 757 3236; x_wconf 76' lang='lat' dir='ltr'><strong>militum</strong></span> <span class='ocrx_word' id='word_1_360' title='bbox 800 3181 1036 3237; x_wconf 86' lang='lat' dir='ltr'><strong>milibus</strong></span> <span class='ocrx_word' id='word_1_361' title='bbox 1081 3182 1303 3253; x_wconf 68' lang='lat' dir='ltr'><strong>(Graece</strong></span> <span class='ocrx_word' id='word_1_362' title='bbox 1351 3188 1575 3258; x_wconf 81' lang='grc' dir='ltr'><strong>μυρίους</strong></span> <span class='ocrx_word' id='word_1_363' title='bbox 1632 3190 1722 3237; x_wconf 78' lang='grc' dir='ltr'><strong>καὶ</strong></span> <span class='ocrx_word' id='word_1_364' title='bbox 1777 3185 2007 3257; x_wconf 78' lang='grc' dir='ltr'><strong>χιλίους,</strong></span> 
     </span>
    </p>
   </div>
   <div class='ocr_carea' id='block_1_50' title="bbox 360 3268 2012 3344">
    <p class='ocr_par' dir='ltr' id='par_1_50' title="bbox 360 3268 2012 3344">
     <span class='ocr_line' id='line_1_50' title="bbox 360 3268 2012 3344; baseline 0.005 -21"><span class='ocrx_word' id='word_1_365' title='bbox 360 3268 420 3324; x_wconf 89' lang='lat' dir='ltr'><strong>id</strong></span> <span class='ocrx_word' id='word_1_366' title='bbox 452 3275 561 3335; x_wconf 91' lang='lat' dir='ltr'><strong>est,</strong></span> <span class='ocrx_word' id='word_1_367' title='bbox 591 3286 651 3324; x_wconf 81' lang='lat' dir='ltr'><strong>x1</strong></span> <span class='ocrx_word' id='word_1_368' title='bbox 684 3269 859 3334; x_wconf 93' lang='lat' dir='ltr'><strong>mille)</strong></span> <span class='ocrx_word' id='word_1_369' title='bbox 887 3270 946 3325; x_wconf 89' lang='lat' dir='ltr'><strong>in</strong></span> <span class='ocrx_word' id='word_1_370' title='bbox 995 3270 1184 3326; x_wconf 89' lang='lat' dir='ltr'><strong>Gallia</strong></span> <span class='ocrx_word' id='word_1_371' title='bbox 1234 3271 1561 3344; x_wconf 88' lang='lat' dir='ltr'><strong>imperavit.</strong></span> <span class='ocrx_word' id='word_1_372' title='bbox 1596 3274 1882 3330; x_wconf 90' lang='lat' dir='ltr'><strong>Romulus</strong></span> <span class='ocrx_word' id='word_1_373' title='bbox 1909 3293 2012 3332; x_wconf 89' lang='lat' dir='ltr'><strong>au-</strong></span> 
     </span>
    </p>
   </div>
   <div class='ocr_carea' id='block_1_51' title="bbox 359 3357 2010 3431">
    <p class='ocr_par' dir='ltr' id='par_1_51' title="bbox 359 3357 2010 3431">
     <span class='ocr_line' id='line_1_51' title="bbox 359 3357 2010 3431; baseline 0.005 -20"><span class='ocrx_word' id='word_1_374' title='bbox 359 3360 479 3412; x_wconf 91' lang='lat' dir='ltr'><strong>tem</strong></span> <span class='ocrx_word' id='word_1_375' title='bbox 511 3357 662 3413; x_wconf 71' lang='lat' dir='ltr'><strong>aulae</strong></span> <span class='ocrx_word' id='word_1_376' title='bbox 688 3357 1081 3429; x_wconf 64' lang='lat' dir='ltr'><strong>imperatoriae</strong></span> <span class='ocrx_word' id='word_1_377' title='bbox 1132 3360 1506 3431; x_wconf 74' lang='lat' dir='ltr'><strong>praepositus,</strong></span> <span class='ocrx_word' id='word_1_378' title='bbox 1540 3368 1748 3417; x_wconf 89' lang='lat' dir='ltr'><strong>auctor</strong></span> <span class='ocrx_word' id='word_1_379' title='bbox 1795 3363 1904 3419; x_wconf 83' lang='lat' dir='ltr'><strong>fuit</strong></span> <span class='ocrx_word' id='word_1_380' title='bbox 1932 3365 2010 3420; x_wconf 88' lang='lat' dir='ltr'><strong>ei-</strong></span> 
     </span>
    </p>
   </div>
   <div class='ocr_carea' id='block_1_52' title="bbox 357 3444 2009 3521">
    <p class='ocr_par' dir='ltr' id='par_1_52' title="bbox 357 3444 2009 3521">
     <span class='ocr_line' id='line_1_52' title="bbox 357 3444 2009 3521; baseline 0.005 -21"><span class='ocrx_word' id='word_1_381' title='bbox 357 3444 496 3501; x_wconf 89' lang='lat' dir='ltr'><strong>dem</strong></span> <span class='ocrx_word' id='word_1_382' title='bbox 526 3446 797 3516; x_wconf 89' lang='lat' dir='ltr'><strong>Trajano,</strong></span> <span class='ocrx_word' id='word_1_383' title='bbox 834 3451 896 3502; x_wconf 93' lang='lat' dir='ltr'><strong>ut</strong></span> <span class='ocrx_word' id='word_1_384' title='bbox 917 3448 976 3503; x_wconf 90' lang='lat' dir='ltr'><strong>in</strong></span> <span class='ocrx_word' id='word_1_385' title='bbox 1007 3447 1256 3503; x_wconf 88' lang='lat' dir='ltr'><strong>Galliam</strong></span> <span class='ocrx_word' id='word_1_386' title='bbox 1288 3449 1559 3516; x_wconf 89' lang='lat' dir='ltr'><strong>mitteret,</strong></span> <span class='ocrx_word' id='word_1_387' title='bbox 1593 3452 1698 3521; x_wconf 88' lang='lat' dir='ltr'><strong>qui</strong></span> <span class='ocrx_word' id='word_1_388' title='bbox 1732 3451 2009 3510; x_wconf 79' lang='lat' dir='ltr'><strong>Christia-</strong></span> 
     </span>
    </p>
   </div>
   <div class='ocr_carea' id='block_1_53' title="bbox 354 3534 2006 3613">
    <p class='ocr_par' dir='ltr' id='par_1_53' title="bbox 354 3534 2006 3613">
     <span class='ocr_line' id='line_1_53' title="bbox 354 3534 2006 3613; baseline 0.005 -23"><span class='ocrx_word' id='word_1_389' title='bbox 354 3549 466 3591; x_wconf 90' lang='lat' dir='ltr'><strong>nos</strong></span> <span class='ocrx_word' id='word_1_390' title='bbox 498 3535 710 3591; x_wconf 88' lang='lat' dir='ltr'><strong>milites</strong></span> <span class='ocrx_word' id='word_1_391' title='bbox 742 3534 857 3590; x_wconf 91' lang='lat' dir='ltr'><strong>diis</strong></span> <span class='ocrx_word' id='word_1_392' title='bbox 886 3536 1199 3592; x_wconf 89' lang='lat' dir='ltr'><strong>immolare</strong></span> <span class='ocrx_word' id='word_1_393' title='bbox 1240 3538 1681 3609; x_wconf 86' lang='lat' dir='ltr'><strong>compellerent.</strong></span> <span class='ocrx_word' id='word_1_394' title='bbox 1709 3541 1837 3605; x_wconf 88' lang='lat' dir='ltr'><strong>Quo</strong></span> <span class='ocrx_word' id='word_1_395' title='bbox 1878 3558 2006 3613; x_wconf 90' lang='lat' dir='ltr'><strong>per-</strong></span> 
     </span>
    </p>
   </div>
   <div class='ocr_carea' id='block_1_54' title="bbox 355 3623 2004 3702">
    <p class='ocr_par' dir='ltr' id='par_1_54' title="bbox 355 3623 2004 3702">
     <span class='ocr_line' id='line_1_54' title="bbox 355 3623 2004 3702; baseline 0.004 -23"><span class='ocrx_word' id='word_1_396' title='bbox 355 3628 508 3693; x_wconf 89' lang='lat' dir='ltr'><strong>acto,</strong></span> <span class='ocrx_word' id='word_1_397' title='bbox 539 3639 676 3679; x_wconf 91' lang='lat' dir='ltr'><strong>cum</strong></span> <span class='ocrx_word' id='word_1_398' title='bbox 696 3623 908 3680; x_wconf 88' lang='lat' dir='ltr'><strong>milites</strong></span> <span class='ocrx_word' id='word_1_399' title='bbox 934 3625 1085 3681; x_wconf 90' lang='lat' dir='ltr'><strong>adid</strong></span> <span class='ocrx_word' id='word_1_400' title='bbox 1105 3626 1441 3681; x_wconf 84' lang='lat' dir='ltr'><strong>faciendum</strong></span> <span class='ocrx_word' id='word_1_401' title='bbox 1467 3627 1666 3684; x_wconf 87' lang='lat' dir='ltr'><strong>induci</strong></span> <span class='ocrx_word' id='word_1_402' title='bbox 1692 3632 2004 3702; x_wconf 90' lang='lat' dir='ltr'><strong>nequirent</strong></span> 
     </span>
    </p>
   </div>
   <div class='ocr_carea' id='block_1_55' title="bbox 354 3711 2002 3788">
    <p class='ocr_par' dir='ltr' id='par_1_55' title="bbox 354 3711 2002 3788">
     <span class='ocr_line' id='line_1_55' title="bbox 354 3711 2002 3788; baseline 0.005 -21"><span class='ocrx_word' id='word_1_403' title='bbox 354 3712 415 3767; x_wconf 92' lang='lat' dir='ltr'><strong>in</strong></span> <span class='ocrx_word' id='word_1_404' title='bbox 448 3711 761 3768; x_wconf 82' lang='lat' dir='ltr'><strong>Melitinam</strong></span> <span class='ocrx_word' id='word_1_405' title='bbox 795 3714 1084 3769; x_wconf 68' lang='lat' dir='ltr'><strong>Armeniae</strong></span> <span class='ocrx_word' id='word_1_406' title='bbox 1145 3716 1354 3771; x_wconf 90' lang='lat' dir='ltr'><strong>urbem</strong></span> <span class='ocrx_word' id='word_1_407' title='bbox 1398 3715 1639 3788; x_wconf 86' lang='lat' dir='ltr'><strong>relegati</strong></span> <span class='ocrx_word' id='word_1_408' title='bbox 1679 3725 1833 3773; x_wconf 90' lang='lat' dir='ltr'><strong>sunt.</strong></span> <span class='ocrx_word' id='word_1_409' title='bbox 1869 3721 2002 3775; x_wconf 89' lang='lat' dir='ltr'><strong>Post</strong></span> 
     </span>
    </p>
   </div>
   <div class='ocr_carea' id='block_1_56' title="bbox 354 3801 2001 3874">
    <p class='ocr_par' dir='ltr' id='par_1_56' title="bbox 354 3801 2001 3874">
     <span class='ocr_line' id='line_1_56' title="bbox 354 3801 2001 3874; baseline 0.006 -19"><span class='ocrx_word' id='word_1_410' title='bbox 354 3801 479 3857; x_wconf 65' lang='lat' dir='ltr'><strong>haec</strong></span> <span class='ocrx_word' id='word_1_411' title='bbox 504 3802 792 3857; x_wconf 91' lang='lat' dir='ltr'><strong>Romulus</strong></span> <span class='ocrx_word' id='word_1_412' title='bbox 825 3802 1169 3874; x_wconf 85' lang='lat' dir='ltr'><strong>poenitentia</strong></span> <span class='ocrx_word' id='word_1_413' title='bbox 1188 3804 1421 3873; x_wconf 89' lang='lat' dir='ltr'><strong>ductus,</strong></span> <span class='ocrx_word' id='word_1_414' title='bbox 1449 3821 1587 3861; x_wconf 90' lang='lat' dir='ltr'><strong>cum</strong></span> <span class='ocrx_word' id='word_1_415' title='bbox 1614 3805 1675 3860; x_wconf 88' lang='lat' dir='ltr'><strong>in</strong></span> <span class='ocrx_word' id='word_1_416' title='bbox 1708 3807 2001 3865; x_wconf 86' lang='lat' dir='ltr'><strong>Christum</strong></span> 
     </span>
    </p>
   </div>
   <div class='ocr_carea' id='block_1_57' title="bbox 352 3888 2003 3969">
    <p class='ocr_par' dir='ltr' id='par_1_57' title="bbox 352 3888 2003 3969">
     <span class='ocr_line' id='line_1_57' title="bbox 352 3888 2003 3969; baseline 0.005 -25"><span class='ocrx_word' id='word_1_417' title='bbox 352 3888 713 3955; x_wconf 89' lang='lat' dir='ltr'><strong>credidisset,</strong></span> <span class='ocrx_word' id='word_1_418' title='bbox 747 3892 1188 3963; x_wconf 88' lang='lat' dir='ltr'><strong>Trajanumque</strong></span> <span class='ocrx_word' id='word_1_419' title='bbox 1218 3892 1624 3963; x_wconf 87' lang='lat' dir='ltr'><strong>objurgasset,</strong></span> <span class='ocrx_word' id='word_1_420' title='bbox 1654 3897 1845 3967; x_wconf 89' lang='lat' dir='ltr'><strong>capite</strong></span> <span class='ocrx_word' id='word_1_421' title='bbox 1879 3898 2003 3969; x_wconf 90' lang='lat' dir='ltr'><strong>ple-</strong></span> 
     </span>
    </p>
   </div>
   <div class='ocr_carea' id='block_1_58' title="bbox 350 3978 2000 4053">
    <p class='ocr_par' dir='ltr' id='par_1_58' title="bbox 350 3978 2000 4053">
     <span class='ocr_line' id='line_1_58' title="bbox 350 3978 2000 4053; baseline 0.005 -19"><span class='ocrx_word' id='word_1_422' title='bbox 350 3995 464 4034; x_wconf 85' lang='lat' dir='ltr'><strong>xus</strong></span> <span class='ocrx_word' id='word_1_423' title='bbox 483 3984 588 4034; x_wconf 89' lang='lat' dir='ltr'><strong>est.</strong></span> <span class='ocrx_word' id='word_1_424' title='bbox 610 3978 833 4035; x_wconf 90' lang='lat' dir='ltr'><strong>Deinde</strong></span> <span class='ocrx_word' id='word_1_425' title='bbox 850 3997 984 4035; x_wconf 89' lang='lat' dir='ltr'><strong>cum</strong></span> <span class='ocrx_word' id='word_1_426' title='bbox 1006 3981 1258 4052; x_wconf 90' lang='lat' dir='ltr'><strong>imperio</strong></span> <span class='ocrx_word' id='word_1_427' title='bbox 1290 3982 1510 4053; x_wconf 91' lang='lat' dir='ltr'><strong>potitus</strong></span> <span class='ocrx_word' id='word_1_428' title='bbox 1537 3991 1691 4039; x_wconf 90' lang='lat' dir='ltr'><strong>esset</strong></span> <span class='ocrx_word' id='word_1_429' title='bbox 1708 3987 2000 4043; x_wconf 86' lang='lat' dir='ltr'><strong>Maximia-</strong></span> 
     </span>
    </p>
   </div>
   <div class='ocr_carea' id='block_1_59' title="bbox 349 4068 2000 4140">
    <p class='ocr_par' dir='ltr' id='par_1_59' title="bbox 349 4068 2000 4140">
     <span class='ocr_line' id='line_1_59' title="bbox 349 4068 2000 4140; baseline 0.007 -19"><span class='ocrx_word' id='word_1_430' title='bbox 349 4082 481 4136; x_wconf 89' lang='lat' dir='ltr'><strong>nus,</strong></span> <span class='ocrx_word' id='word_1_431' title='bbox 517 4068 913 4140; x_wconf 85' lang='lat' dir='ltr'><strong>edixissetque</strong></span> <span class='ocrx_word' id='word_1_432' title='bbox 972 4069 1336 4125; x_wconf 87' lang='lat' dir='ltr'><strong>Christianos</strong></span> <span class='ocrx_word' id='word_1_433' title='bbox 1388 4070 1659 4136; x_wconf 81' lang='lat' dir='ltr'><strong>interfici,</strong></span> <span class='ocrx_word' id='word_1_434' title='bbox 1690 4075 2000 4133; x_wconf 87' lang='lat' dir='ltr'><strong>mandavit</strong></span> 
     </span>
    </p>
   </div>
   <div class='ocr_carea' id='block_1_60' title="bbox 351 4155 1998 4230">
    <p class='ocr_par' dir='ltr' id='par_1_60' title="bbox 351 4155 1998 4230">
     <span class='ocr_line' id='line_1_60' title="bbox 351 4155 1998 4230; baseline 0.006 -19"><span class='ocrx_word' id='word_1_435' title='bbox 351 4172 455 4228; x_wconf 92' lang='lat' dir='ltr'><strong>per</strong></span> <span class='ocrx_word' id='word_1_436' title='bbox 482 4155 702 4211; x_wconf 88' lang='lat' dir='ltr'><strong>litteras</strong></span> <span class='ocrx_word' id='word_1_437' title='bbox 728 4162 785 4213; x_wconf 88' lang='lat' dir='ltr'><strong>et</strong></span> <span class='ocrx_word' id='word_1_438' title='bbox 820 4157 1087 4214; x_wconf 77' lang='lat' dir='ltr'><strong>Melitinae</strong></span> <span class='ocrx_word' id='word_1_439' title='bbox 1114 4159 1414 4230; x_wconf 70' lang='lat' dir='ltr'><strong>praefecto,</strong></span> <span class='ocrx_word' id='word_1_440' title='bbox 1448 4167 1512 4216; x_wconf 91' lang='lat' dir='ltr'><strong>ut</strong></span> <span class='ocrx_word' id='word_1_441' title='bbox 1575 4161 1788 4218; x_wconf 91' lang='lat' dir='ltr'><strong>Christi</strong></span> <span class='ocrx_word' id='word_1_442' title='bbox 1817 4165 1998 4221; x_wconf 93' lang='lat' dir='ltr'><strong>culto-</strong></span> 
     </span>
    </p>
   </div>
   <div class='ocr_carea' id='block_1_61' title="bbox 347 4244 1995 4326">
    <p class='ocr_par' dir='ltr' id='par_1_61' title="bbox 347 4244 1995 4326">
     <span class='ocr_line' id='line_1_61' title="bbox 347 4244 1995 4326; baseline 0.005 -25"><span class='ocrx_word' id='word_1_443' title='bbox 347 4260 445 4301; x_wconf 89' lang='lat' dir='ltr'><strong>res</strong></span> <span class='ocrx_word' id='word_1_444' title='bbox 479 4244 791 4302; x_wconf 90' lang='lat' dir='ltr'><strong>occideret.</strong></span> <span class='ocrx_word' id='word_1_445' title='bbox 818 4248 1007 4311; x_wconf 89' lang='lat' dir='ltr'><strong>Quare</strong></span> <span class='ocrx_word' id='word_1_446' title='bbox 1047 4247 1381 4303; x_wconf 91' lang='lat' dir='ltr'><strong>Eudoxium</strong></span> <span class='ocrx_word' id='word_1_447' title='bbox 1417 4252 1714 4314; x_wconf 89' lang='lat' dir='ltr'><strong>comitem.</strong></span> <span class='ocrx_word' id='word_1_448' title='bbox 1744 4252 1995 4326; x_wconf 89' lang='lat' dir='ltr'><strong>ejusque</strong></span> 
     </span>
    </p>
   </div>
   <div class='ocr_carea' id='block_1_62' title="bbox 348 4334 1993 4408">
    <p class='ocr_par' dir='ltr' id='par_1_62' title="bbox 348 4334 1993 4408">
     <span class='ocr_line' id='line_1_62' title="bbox 348 4334 1993 4408; baseline 0.007 -20"><span class='ocrx_word' id='word_1_449' title='bbox 348 4336 542 4390; x_wconf 89' lang='lat' dir='ltr'><strong>socios</strong></span> <span class='ocrx_word' id='word_1_450' title='bbox 571 4334 781 4390; x_wconf 90' lang='lat' dir='ltr'><strong>milites</strong></span> <span class='ocrx_word' id='word_1_451' title='bbox 831 4336 1318 4407; x_wconf 88' lang='lat' dir='ltr'><strong>comprehensos,</strong></span> <span class='ocrx_word' id='word_1_452' title='bbox 1354 4339 1514 4408; x_wconf 89' lang='lat' dir='ltr'><strong>quod</strong></span> <span class='ocrx_word' id='word_1_453' title='bbox 1548 4338 1710 4395; x_wconf 85' lang='lat' dir='ltr'><strong>idola</strong></span> <span class='ocrx_word' id='word_1_454' title='bbox 1741 4342 1993 4399; x_wconf 91' lang='lat' dir='ltr'><strong>adorare</strong></span> 
     </span>
    </p>
   </div>
   <div class='ocr_carea' id='block_1_63' title="bbox 346 4421 1995 4498">
    <p class='ocr_par' dir='ltr' id='par_1_63' title="bbox 346 4421 1995 4498">
     <span class='ocr_line' id='line_1_63' title="bbox 346 4421 1995 4498; baseline 0.007 -21"><span class='ocrx_word' id='word_1_455' title='bbox 346 4421 588 4492; x_wconf 90' lang='lat' dir='ltr'><strong>nollent,</strong></span> <span class='ocrx_word' id='word_1_456' title='bbox 617 4424 881 4495; x_wconf 89' lang='lat' dir='ltr'><strong>primum</strong></span> <span class='ocrx_word' id='word_1_457' title='bbox 917 4423 1161 4495; x_wconf 90' lang='lat' dir='ltr'><strong>quidem</strong></span> <span class='ocrx_word' id='word_1_458' title='bbox 1192 4425 1391 4481; x_wconf 90' lang='lat' dir='ltr'><strong>multis</strong></span> <span class='ocrx_word' id='word_1_459' title='bbox 1425 4427 1731 4498; x_wconf 89' lang='lat' dir='ltr'><strong>suppliciis</strong></span> <span class='ocrx_word' id='word_1_460' title='bbox 1762 4433 1995 4489; x_wconf 88' lang='lat' dir='ltr'><strong>vexavit</strong></span> 
     </span>
    </p>
   </div>
   <div class='ocr_carea' id='block_1_64' title="bbox 343 4510 1293 4584">
    <p class='ocr_par' dir='ltr' id='par_1_64' title="bbox 343 4510 1293 4584">
     <span class='ocr_line' id='line_1_64' title="bbox 343 4510 1293 4584; baseline -0.001 -18"><span class='ocrx_word' id='word_1_461' title='bbox 343 4510 591 4569; x_wconf 90' lang='lat' dir='ltr'><strong>demum</strong></span> <span class='ocrx_word' id='word_1_462' title='bbox 617 4514 807 4584; x_wconf 89' lang='lat' dir='ltr'><strong>capite</strong></span> <span class='ocrx_word' id='word_1_463' title='bbox 838 4511 1232 4569; x_wconf 89' lang='lat' dir='ltr'><strong>obtruncavit.</strong></span> <span class='ocrx_word' id='word_1_464' title='bbox 1264 4534 1293 4565; x_wconf 85' lang='lat'><strong>»</strong></span> 
     </span>
    </p>
   </div>
   <div class='ocr_carea' id='block_1_65' title="bbox 417 4608 1991 4688">
    <p class='ocr_par' dir='ltr' id='par_1_65' title="bbox 417 4608 1991 4688">
     <span class='ocr_line' id='line_1_65' title="bbox 417 4608 1991 4688; baseline 0.004 -22"><span class='ocrx_word' id='word_1_465' title='bbox 417 4614 468 4666; x_wconf 90' lang='lat'><strong>3.</strong></span> <span class='ocrx_word' id='word_1_466' title='bbox 506 4611 703 4666; x_wconf 88' lang='lat' dir='ltr'><strong>Versio</strong></span> <span class='ocrx_word' id='word_1_467' title='bbox 722 4608 959 4664; x_wconf 79' lang='lat' dir='ltr'><strong>Arcudii</strong></span> <span class='ocrx_word' id='word_1_468' title='bbox 991 4609 1103 4664; x_wconf 92' lang='lat' dir='ltr'><strong>col.</strong></span> <span class='ocrx_word' id='word_1_469' title='bbox 1139 4614 1242 4665; x_wconf 74' lang='lat'><strong>250</strong></span> <span class='ocrx_word' id='word_1_470' title='bbox 1268 4611 1417 4667; x_wconf 89' lang='lat' dir='ltr'><strong>inter</strong></span> <span class='ocrx_word' id='word_1_471' title='bbox 1443 4614 1743 4671; x_wconf 84' lang='lat' dir='ltr'><strong>Anecdota</strong></span> <span class='ocrx_word' id='word_1_472' title='bbox 1776 4617 1991 4688; x_wconf 85' lang='lat' dir='ltr'><strong>Ughel-</strong></span> 
     </span>
    </p>
   </div>
   <div class='ocr_carea' id='block_1_66' title="bbox 342 4698 1991 4777">
    <p class='ocr_par' dir='ltr' id='par_1_66' title="bbox 342 4698 1991 4777">
     <span class='ocr_line' id='line_1_66' title="bbox 342 4698 1991 4777; baseline 0.006 -24"><span class='ocrx_word' id='word_1_473' title='bbox 342 4698 506 4755; x_wconf 88' lang='lat' dir='ltr'><strong>liana</strong></span> <span class='ocrx_word' id='word_1_474' title='bbox 536 4705 699 4755; x_wconf 91' lang='lat' dir='ltr'><strong>tomo</strong></span> <span class='ocrx_word' id='word_1_475' title='bbox 729 4699 783 4751; x_wconf 83' lang='grc' dir='ltr'>Χ</span> <span class='ocrx_word' id='word_1_476' title='bbox 810 4698 1000 4754; x_wconf 65' lang='lat' dir='ltr'><strong>Italia</strong></span> <span class='ocrx_word' id='word_1_477' title='bbox 1028 4715 1220 4755; x_wconf 77' lang='lat' dir='ltr'><strong>sacra:</strong></span> <span class='ocrx_word' id='word_1_478' title='bbox 1242 4702 1490 4756; x_wconf 90' lang='lat' dir='ltr'><strong>Venetiis</strong></span> <span class='ocrx_word' id='word_1_479' title='bbox 1514 4718 1760 4771; x_wconf 61' lang='lat' dir='ltr'><strong>recusa,</strong></span> <span class='ocrx_word' id='word_1_480' title='bbox 1788 4707 1991 4777; x_wconf 90' lang='lat' dir='ltr'><strong>quoad</strong></span> 
     </span>
    </p>
   </div>
   <div class='ocr_carea' id='block_1_67' title="bbox 342 4786 1990 4860">
    <p class='ocr_par' dir='ltr' id='par_1_67' title="bbox 342 4786 1990 4860">
     <span class='ocr_line' id='line_1_67' title="bbox 342 4786 1990 4860; baseline 0.006 -19"><span class='ocrx_word' id='word_1_481' title='bbox 342 4802 585 4843; x_wconf 89' lang='lat' dir='ltr'><strong>sensum</strong></span> <span class='ocrx_word' id='word_1_482' title='bbox 617 4787 829 4843; x_wconf 90' lang='lat' dir='ltr'><strong>eadem</strong></span> <span class='ocrx_word' id='word_1_483' title='bbox 860 4786 980 4842; x_wconf 85' lang='lat' dir='ltr'><strong>fere</strong></span> <span class='ocrx_word' id='word_1_484' title='bbox 1010 4793 1115 4853; x_wconf 90' lang='lat' dir='ltr'><strong>est,</strong></span> <span class='ocrx_word' id='word_1_485' title='bbox 1147 4788 1388 4860; x_wconf 89' lang='lat' dir='ltr'><strong>qualem</strong></span> <span class='ocrx_word' id='word_1_486' title='bbox 1418 4796 1474 4845; x_wconf 93' lang='lat' dir='ltr'><strong>et</strong></span> <span class='ocrx_word' id='word_1_487' title='bbox 1500 4790 1832 4848; x_wconf 89' lang='lat' dir='ltr'><strong>Galesinius</strong></span> <span class='ocrx_word' id='word_1_488' title='bbox 1854 4801 1990 4851; x_wconf 89' lang='lat' dir='ltr'><strong>ante</strong></span> 
     </span>
    </p>
   </div>
   <div class='ocr_carea' id='block_1_68' title="bbox 340 4875 1986 4954">
    <p class='ocr_par' dir='ltr' id='par_1_68' title="bbox 340 4875 1986 4954">
     <span class='ocr_line' id='line_1_68' title="bbox 340 4875 1986 4954; baseline 0.005 -23"><span class='ocrx_word' id='word_1_489' title='bbox 340 4876 586 4933; x_wconf 89' lang='lat' dir='ltr'><strong>dederat</strong></span> <span class='ocrx_word' id='word_1_490' title='bbox 613 4878 672 4932; x_wconf 93' lang='lat' dir='ltr'><strong>in</strong></span> <span class='ocrx_word' id='word_1_491' title='bbox 698 4892 808 4931; x_wconf 89' lang='lat' dir='ltr'><strong>suo</strong></span> <span class='ocrx_word' id='word_1_492' title='bbox 829 4875 1276 4947; x_wconf 87' lang='lat' dir='ltr'><strong>Martyrologio:</strong></span> <span class='ocrx_word' id='word_1_493' title='bbox 1306 4884 1573 4935; x_wconf 89' lang='lat' dir='ltr'><strong>nostrum</strong></span> <span class='ocrx_word' id='word_1_494' title='bbox 1604 4897 1848 4954; x_wconf 91' lang='lat' dir='ltr'><strong>quoque</strong></span> <span class='ocrx_word' id='word_1_495' title='bbox 1876 4900 1986 4939; x_wconf 89' lang='lat' dir='ltr'><strong>ms.</strong></span> 
     </span>
    </p>
   </div>
   <div class='ocr_carea' id='block_1_69' title="bbox 340 4965 1988 5039">
    <p class='ocr_par' dir='ltr' id='par_1_69' title="bbox 340 4965 1988 5039">
     <span class='ocr_line' id='line_1_69' title="bbox 340 4965 1988 5039; baseline 0.005 -19"><span class='ocrx_word' id='word_1_496' title='bbox 340 4966 644 5039; x_wconf 88' lang='lat' dir='ltr'><strong>exemplar</strong></span> <span class='ocrx_word' id='word_1_497' title='bbox 673 4965 942 5020; x_wconf 71' lang='lat' dir='ltr'><strong>Graecum</strong></span> <span class='ocrx_word' id='word_1_498' title='bbox 976 4966 1282 5035; x_wconf 90' lang='lat' dir='ltr'><strong>Menologii</strong></span> <span class='ocrx_word' id='word_1_499' title='bbox 1320 4967 1605 5024; x_wconf 89' lang='lat' dir='ltr'><strong>Basiliani</strong></span> <span class='ocrx_word' id='word_1_500' title='bbox 1639 4972 1842 5027; x_wconf 83' lang='lat' dir='ltr'><strong>statuit</strong></span> <span class='ocrx_word' id='word_1_501' title='bbox 1881 4975 1988 5027; x_wconf 87' lang='lat' dir='ltr'><strong>Eu-</strong></span> 
     </span>
    </p>
   </div>
   <div class='ocr_carea' id='block_1_70' title="bbox 335 5053 1989 5127">
    <p class='ocr_par' dir='ltr' id='par_1_70' title="bbox 335 5053 1989 5127">
     <span class='ocr_line' id='line_1_70' title="bbox 335 5053 1989 5127; baseline 0.004 -18"><span class='ocrx_word' id='word_1_502' title='bbox 335 5054 585 5109; x_wconf 90' lang='lat' dir='ltr'><strong>doxium</strong></span> <span class='ocrx_word' id='word_1_503' title='bbox 615 5054 896 5109; x_wconf 89' lang='lat' dir='ltr'><strong>comitem</strong></span> <span class='ocrx_word' id='word_1_504' title='bbox 929 5053 1043 5108; x_wconf 90' lang='lat' dir='ltr'><strong>sub</strong></span> <span class='ocrx_word' id='word_1_505' title='bbox 1072 5053 1345 5124; x_wconf 85' lang='lat' dir='ltr'><strong>Trajano,</strong></span> <span class='ocrx_word' id='word_1_506' title='bbox 1379 5059 1707 5127; x_wconf 89' lang='lat' dir='ltr'><strong>martyrem</strong></span> <span class='ocrx_word' id='word_1_507' title='bbox 1730 5059 1842 5114; x_wconf 90' lang='lat' dir='ltr'><strong>sub</strong></span> <span class='ocrx_word' id='word_1_508' title='bbox 1868 5060 1989 5117; x_wconf 85' lang='lat' dir='ltr'><strong>Ma-</strong></span> 
     </span>
    </p>
   </div>
   <div class='ocr_carea' id='block_1_71' title="bbox 335 5139 1971 5218">
    <p class='ocr_par' dir='ltr' id='par_1_71' title="bbox 335 5139 1971 5218">
     <span class='ocr_line' id='line_1_71' title="bbox 335 5139 1971 5218; baseline 0.004 -21"><span class='ocrx_word' id='word_1_509' title='bbox 335 5142 686 5198; x_wconf 90' lang='lat' dir='ltr'><strong>ximiniano.</strong></span> <span class='ocrx_word' id='word_1_510' title='bbox 713 5139 1027 5196; x_wconf 89' lang='lat' dir='ltr'><strong>Conciliari</strong></span> <span class='ocrx_word' id='word_1_511' title='bbox 1066 5140 1189 5196; x_wconf 74' lang='lat' dir='ltr'><strong>haec</strong></span> <span class='ocrx_word' id='word_1_512' title='bbox 1236 5140 1441 5197; x_wconf 88' lang='lat' dir='ltr'><strong>forsan</strong></span> <span class='ocrx_word' id='word_1_513' title='bbox 1498 5151 1793 5217; x_wconf 91' lang='lat' dir='ltr'><strong>utcunque</strong></span> <span class='ocrx_word' id='word_1_514' title='bbox 1854 5164 1971 5218; x_wconf 42' lang='lat' dir='ltr'><strong>pos.</strong></span> 
     </span>
    </p>
   </div>
   <div class='ocr_carea' id='block_1_72' title="bbox 337 5229 1983 5307">
    <p class='ocr_par' dir='ltr' id='par_1_72' title="bbox 337 5229 1983 5307">
     <span class='ocr_line' id='line_1_72' title="bbox 337 5229 1983 5307; baseline 0.005 -23"><span class='ocrx_word' id='word_1_515' title='bbox 337 5236 487 5295; x_wconf 88' lang='lat' dir='ltr'><strong>sent,</strong></span> <span class='ocrx_word' id='word_1_516' title='bbox 515 5230 564 5285; x_wconf 91' lang='lat' dir='ltr'><strong>si</strong></span> <span class='ocrx_word' id='word_1_517' title='bbox 618 5247 721 5302; x_wconf 84' lang='lat' dir='ltr'><strong>per</strong></span> <span class='ocrx_word' id='word_1_518' title='bbox 749 5229 1072 5300; x_wconf 86' lang='lat' dir='ltr'><strong>Trajanum</strong></span> <span class='ocrx_word' id='word_1_519' title='bbox 1126 5230 1492 5300; x_wconf 83' lang='lat' dir='ltr'><strong>signiﬁcetur</strong></span> <span class='ocrx_word' id='word_1_520' title='bbox 1521 5233 1749 5300; x_wconf 90' lang='lat' dir='ltr'><strong>Decius,</strong></span> <span class='ocrx_word' id='word_1_521' title='bbox 1781 5240 1983 5307; x_wconf 88' lang='lat' dir='ltr'><strong>utpote</strong></span> 
     </span>
    </p>
   </div>
   <div class='ocr_carea' id='block_1_73' title="bbox 334 5318 1982 5394">
    <p class='ocr_par' dir='ltr' id='par_1_73' title="bbox 334 5318 1982 5394">
     <span class='ocr_line' id='line_1_73' title="bbox 334 5318 1982 5394; baseline 0.005 -21"><span class='ocrx_word' id='word_1_522' title='bbox 334 5319 624 5388; x_wconf 75' lang='lat' dir='ltr'><strong>Traianus</strong></span> <span class='ocrx_word' id='word_1_523' title='bbox 668 5318 1036 5389; x_wconf 65' lang='lat' dir='ltr'><strong>praenomine</strong></span> <span class='ocrx_word' id='word_1_524' title='bbox 1066 5334 1079 5385; x_wconf 91' lang='lat'><strong>;</strong></span> <span class='ocrx_word' id='word_1_525' title='bbox 1111 5323 1172 5374; x_wconf 92' lang='lat' dir='ltr'><strong>at</strong></span> <span class='ocrx_word' id='word_1_526' title='bbox 1218 5318 1265 5373; x_wconf 91' lang='lat' dir='ltr'><strong>si</strong></span> <span class='ocrx_word' id='word_1_527' title='bbox 1302 5320 1620 5387; x_wconf 80' lang='lat' dir='ltr'><strong>Eudoxius,</strong></span> <span class='ocrx_word' id='word_1_528' title='bbox 1653 5324 1982 5394; x_wconf 90' lang='lat' dir='ltr'><strong>imperante</strong></span> 
     </span>
    </p>
   </div>
   <div class='ocr_carea' id='block_1_74' title="bbox 333 5405 1981 5477">
    <p class='ocr_par' dir='ltr' id='par_1_74' title="bbox 333 5405 1981 5477">
     <span class='ocr_line' id='line_1_74' title="bbox 333 5405 1981 5477; baseline 0.006 -17"><span class='ocrx_word' id='word_1_529' title='bbox 333 5405 589 5476; x_wconf 88' lang='lat' dir='ltr'><strong>Trajano</strong></span> <span class='ocrx_word' id='word_1_530' title='bbox 615 5406 889 5477; x_wconf 89' lang='lat' dir='ltr'><strong>proximo</strong></span> <span class='ocrx_word' id='word_1_531' title='bbox 920 5408 1123 5462; x_wconf 72' lang='lat' dir='ltr'><strong>Nervas</strong></span> <span class='ocrx_word' id='word_1_532' title='bbox 1163 5422 1531 5474; x_wconf 88' lang='lat' dir='ltr'><strong>successore,</strong></span> <span class='ocrx_word' id='word_1_533' title='bbox 1561 5410 1726 5467; x_wconf 90' lang='lat' dir='ltr'><strong>initio</strong></span> <span class='ocrx_word' id='word_1_534' title='bbox 1779 5414 1981 5470; x_wconf 66' lang='lat' dir='ltr'><strong>saeculi</strong></span> 
     </span>
    </p>
   </div>
   <div class='ocr_carea' id='block_1_75' title="bbox 337 5493 1979 5572">
    <p class='ocr_par' dir='ltr' id='par_1_75' title="bbox 337 5493 1979 5572">
     <span class='ocr_line' id='line_1_75' title="bbox 337 5493 1979 5572; baseline 0.005 -22"><span class='ocrx_word' id='word_1_535' title='bbox 337 5513 373 5550; x_wconf 90' lang='grc' dir='ltr'>ιι</span> <span class='ocrx_word' id='word_1_536' title='bbox 405 5510 607 5550; x_wconf 87' lang='lat' dir='ltr'><strong>comes</strong></span> <span class='ocrx_word' id='word_1_537' title='bbox 630 5493 757 5559; x_wconf 87' lang='lat' dir='ltr'><strong>fuit,</strong></span> <span class='ocrx_word' id='word_1_538' title='bbox 787 5496 922 5565; x_wconf 90' lang='lat' dir='ltr'><strong>quis</strong></span> <span class='ocrx_word' id='word_1_539' title='bbox 953 5496 1157 5551; x_wconf 85' lang='lat' dir='ltr'><strong>credat</strong></span> <span class='ocrx_word' id='word_1_540' title='bbox 1186 5496 1355 5552; x_wconf 90' lang='lat' dir='ltr'><strong>illum</strong></span> <span class='ocrx_word' id='word_1_541' title='bbox 1390 5498 1571 5554; x_wconf 84' lang='lat' dir='ltr'><strong>vitam</strong></span> <span class='ocrx_word' id='word_1_542' title='bbox 1626 5502 1979 5572; x_wconf 80' lang='lat' dir='ltr'><strong>produxisse</strong></span> 
     </span>
    </p>
   </div>
   <div class='ocr_carea' id='block_1_76' title="bbox 2138 1857 3792 1941">
    <p class='ocr_par' dir='ltr' id='par_1_76' title="bbox 2138 1857 3792 1941">
     <span class='ocr_line' id='line_1_76' title="bbox 2138 1857 3792 1941; baseline -0.008 -15"><span class='ocrx_word' id='word_1_543' title='bbox 2138 1868 2430 1941; x_wconf 71' lang='lat' dir='ltr'><strong>Martyrol.</strong></span> <span class='ocrx_word' id='word_1_544' title='bbox 2467 1870 2631 1931; x_wconf 92' lang='lat' dir='ltr'><strong>Rom,</strong></span> <span class='ocrx_word' id='word_1_545' title='bbox 2664 1860 3021 1937; x_wconf 70' lang='lat' dir='ltr'><strong>praecedenti</strong></span> <span class='ocrx_word' id='word_1_546' title='bbox 3047 1860 3164 1915; x_wconf 90' lang='lat' dir='ltr'><strong>die.</strong></span> <span class='ocrx_word' id='word_1_547' title='bbox 3198 1879 3221 1909; x_wconf 70' lang='grc' dir='ltr'><strong>ιο</strong></span> <span class='ocrx_word' id='word_1_548' title='bbox 3266 1857 3504 1913; x_wconf 84' lang='lat' dir='ltr'><strong>Nicolao</strong></span> <span class='ocrx_word' id='word_1_549' title='bbox 3536 1857 3792 1912; x_wconf 81' lang='lat' dir='ltr'><strong>Antonio</strong></span> 
     </span>
    </p>
   </div>
   <div class='ocr_carea' id='block_1_77' title="bbox 2136 1947 3788 2021">
    <p class='ocr_par' dir='ltr' id='par_1_77' title="bbox 2136 1947 3788 2021">
     <span class='ocr_line' id='line_1_77' title="bbox 2136 1947 3788 2021; baseline -0.009 -6"><span class='ocrx_word' id='word_1_550' title='bbox 2136 1960 2292 2015; x_wconf 81' lang='lat' dir='ltr'><strong>intra</strong></span> <span class='ocrx_word' id='word_1_551' title='bbox 2305 1957 2545 2013; x_wconf 89' lang='lat' dir='ltr'><strong>citando</strong></span> <span class='ocrx_word' id='word_1_552' title='bbox 2559 1955 2824 2010; x_wconf 83' lang='lat' dir='ltr'><strong>videntur</strong></span> <span class='ocrx_word' id='word_1_553' title='bbox 2836 1966 3049 2008; x_wconf 92' lang='lat' dir='ltr'><strong>omnes</strong></span> <span class='ocrx_word' id='word_1_554' title='bbox 3067 1947 3340 2021; x_wconf 87' lang='lat' dir='ltr'><strong>ejusdem</strong></span> <span class='ocrx_word' id='word_1_555' title='bbox 3354 1948 3564 2017; x_wconf 91' lang='lat' dir='ltr'><strong>agonis</strong></span> <span class='ocrx_word' id='word_1_556' title='bbox 3581 1947 3788 2001; x_wconf 86' lang='lat' dir='ltr'><strong>trium-</strong></span> 
     </span>
    </p>
   </div>
   <div class='ocr_carea' id='block_1_78' title="bbox 2134 2033 3785 2120">
    <p class='ocr_par' dir='ltr' id='par_1_78' title="bbox 2134 2033 3785 2120">
     <span class='ocr_line' id='line_1_78' title="bbox 2134 2033 3785 2120; baseline -0.008 -16"><span class='ocrx_word' id='word_1_557' title='bbox 2134 2047 2416 2120; x_wconf 85' lang='lat' dir='ltr'><strong>phatores</strong></span> <span class='ocrx_word' id='word_1_558' title='bbox 2449 2060 2576 2101; x_wconf 89' lang='lat' dir='ltr'><strong>esse</strong></span> <span class='ocrx_word' id='word_1_559' title='bbox 2606 2059 2620 2109; x_wconf 90' lang='lat'>;</span> <span class='ocrx_word' id='word_1_560' title='bbox 2662 2048 2721 2098; x_wconf 90' lang='lat' dir='ltr'><strong>at</strong></span> <span class='ocrx_word' id='word_1_561' title='bbox 2752 2057 2869 2096; x_wconf 90' lang='lat' dir='ltr'><strong>non</strong></span> <span class='ocrx_word' id='word_1_562' title='bbox 2905 2037 3176 2095; x_wconf 85' lang='lat' dir='ltr'><strong>edisserit</strong></span> <span class='ocrx_word' id='word_1_563' title='bbox 3226 2034 3339 2091; x_wconf 90' lang='lat' dir='ltr'><strong>sub</strong></span> <span class='ocrx_word' id='word_1_564' title='bbox 3369 2050 3491 2107; x_wconf 93' lang='lat' dir='ltr'><strong>quo</strong></span> <span class='ocrx_word' id='word_1_565' title='bbox 3533 2033 3785 2107; x_wconf 53' lang='lat' dir='ltr'><strong>impera.</strong></span> 
     </span>
    </p>
   </div>
   <div class='ocr_carea' id='block_1_79' title="bbox 2136 2143 3787 2285">
    <p class='ocr_par' dir='ltr' id='par_1_79' title="bbox 2136 2143 3787 2285">
     <span class='ocr_line' id='line_1_79' title="bbox 2136 2143 3787 2285; baseline -0.008 -4"><span class='ocrx_word' id='word_1_566' title='bbox 2136 2143 2522 2280; x_wconf 42' lang='lat' dir='ltr'><strong>tm:il‘estum</strong></span> <span class='ocrx_word' id='word_1_567' title='bbox 2557 2224 2612 2278; x_wconf 92' lang='lat' dir='ltr'><strong>S.</strong></span> <span class='ocrx_word' id='word_1_568' title='bbox 2647 2219 2894 2276; x_wconf 89' lang='lat' dir='ltr'><strong>Eudoxii</strong></span> <span class='ocrx_word' id='word_1_569' title='bbox 2921 2222 2978 2274; x_wconf 91' lang='lat' dir='ltr'><strong>et</strong></span> <span class='ocrx_word' id='word_1_570' title='bbox 3010 2216 3301 2273; x_wconf 88' lang='lat' dir='ltr'><strong>sociorum</strong></span> <span class='ocrx_word' id='word_1_571' title='bbox 3332 2214 3391 2268; x_wconf 91' lang='lat' dir='ltr'><strong>in</strong></span> <span class='ocrx_word' id='word_1_572' title='bbox 3430 2214 3645 2285; x_wconf 82' lang='lat' dir='ltr'><strong>Typico</strong></span> <span class='ocrx_word' id='word_1_573' title='bbox 3677 2229 3787 2268; x_wconf 91' lang='lat' dir='ltr'><strong>seu</strong></span> 
     </span>
    </p>
   </div>
   <div class='ocr_carea' id='block_1_80' title="bbox 2131 2302 3783 2378">
    <p class='ocr_par' dir='ltr' id='par_1_80' title="bbox 2131 2302 3783 2378">
     <span class='ocr_line' id='line_1_80' title="bbox 2131 2302 3783 2378; baseline -0.008 -8"><span class='ocrx_word' id='word_1_574' title='bbox 2131 2315 2341 2370; x_wconf 90' lang='lat' dir='ltr'><strong>Rituali</strong></span> <span class='ocrx_word' id='word_1_575' title='bbox 2368 2314 2423 2370; x_wconf 92' lang='lat' dir='ltr'><strong>S.</strong></span> <span class='ocrx_word' id='word_1_576' title='bbox 2452 2311 2623 2369; x_wconf 68' lang='lat' dir='ltr'><strong>Sabaa</strong></span> <span class='ocrx_word' id='word_1_577' title='bbox 2663 2309 2976 2366; x_wconf 90' lang='lat' dir='ltr'><strong>colendum</strong></span> <span class='ocrx_word' id='word_1_578' title='bbox 3020 2303 3426 2378; x_wconf 68' lang='lat' dir='ltr'><strong>praescribitur</strong></span> <span class='ocrx_word' id='word_1_579' title='bbox 3458 2302 3489 2356; x_wconf 91' lang='lat'><strong>6</strong></span> <span class='ocrx_word' id='word_1_580' title='bbox 3523 2304 3783 2373; x_wconf 88' lang='lat' dir='ltr'><strong>Septem-</strong></span> 
     </span>
    </p>
   </div>
   <div class='ocr_carea' id='block_1_81' title="bbox 2132 2388 3780 2467">
    <p class='ocr_par' dir='ltr' id='par_1_81' title="bbox 2132 2388 3780 2467">
     <span class='ocr_line' id='line_1_81' title="bbox 2132 2388 3780 2467; baseline -0.01 -9"><span class='ocrx_word' id='word_1_581' title='bbox 2132 2403 2254 2458; x_wconf 85' lang='lat' dir='ltr'><strong>bris</strong></span> <span class='ocrx_word' id='word_1_582' title='bbox 2285 2401 2375 2457; x_wconf 85' lang='lat' dir='ltr'><strong>his</strong></span> <span class='ocrx_word' id='word_1_583' title='bbox 2409 2399 2607 2457; x_wconf 80' lang='lat' dir='ltr'><strong>verbis</strong></span> <span class='ocrx_word' id='word_1_584' title='bbox 2649 2417 2663 2454; x_wconf 86' lang='lat'><strong>:</strong></span> <span class='ocrx_word' id='word_1_585' title='bbox 2699 2403 2799 2451; x_wconf 74' lang='lat' dir='ltr'><strong>Kal</strong></span> <span class='ocrx_word' id='word_1_586' title='bbox 2852 2404 2944 2449; x_wconf 82' lang='grc' dir='ltr'>τοῦ</span> <span class='ocrx_word' id='word_1_587' title='bbox 2992 2394 3144 2467; x_wconf 74' lang='grc' dir='ltr'>ἁγίου</span> <span class='ocrx_word' id='word_1_588' title='bbox 3200 2394 3461 2467; x_wconf 81' lang='grc' dir='ltr'>μάρτυρος</span> <span class='ocrx_word' id='word_1_589' title='bbox 3506 2388 3780 2461; x_wconf 78' lang='grc' dir='ltr'><strong>Εὐδοξίου,</strong></span> 
     </span>
    </p>
   </div>
   <div class='ocr_carea' id='block_1_82' title="bbox 2130 2481 3784 2558">
    <p class='ocr_par' dir='ltr' id='par_1_82' title="bbox 2130 2481 3784 2558">
     <span class='ocr_line' id='line_1_82' title="bbox 2130 2481 3784 2558; baseline -0.008 -14"><span class='ocrx_word' id='word_1_590' title='bbox 2130 2497 2217 2544; x_wconf 76' lang='grc' dir='ltr'><strong>καὶ</strong></span> <span class='ocrx_word' id='word_1_591' title='bbox 2292 2500 2391 2543; x_wconf 84' lang='grc' dir='ltr'><strong>τῶν</strong></span> <span class='ocrx_word' id='word_1_592' title='bbox 2454 2494 2549 2542; x_wconf 83' lang='grc' dir='ltr'><strong>σὺν</strong></span> <span class='ocrx_word' id='word_1_593' title='bbox 2639 2491 2779 2558; x_wconf 83' lang='grc' dir='ltr'>αὐτῳ</span> <span class='ocrx_word' id='word_1_594' title='bbox 2840 2484 3177 2543; x_wconf 83' lang='grc' dir='ltr'>ἁθλησοὲντων</span> <span class='ocrx_word' id='word_1_595' title='bbox 3252 2481 3414 2553; x_wconf 74' lang='grc' dir='ltr'><strong>ἁγίων</strong></span> <span class='ocrx_word' id='word_1_596' title='bbox 3494 2482 3784 2555; x_wconf 79' lang='grc' dir='ltr'><strong>Μαρτύρων</strong></span> 
     </span>
    </p>
   </div>
   <div class='ocr_carea' id='block_1_83' title="bbox 2128 2571 3783 2646">
    <p class='ocr_par' dir='ltr' id='par_1_83' title="bbox 2128 2571 3783 2646">
     <span class='ocr_line' id='line_1_83' title="bbox 2128 2571 3783 2646; baseline -0.008 -10"><span class='ocrx_word' id='word_1_597' title='bbox 2128 2581 2188 2636; x_wconf 92' lang='lat' dir='ltr'><strong>id</strong></span> <span class='ocrx_word' id='word_1_598' title='bbox 2220 2585 2328 2646; x_wconf 88' lang='lat' dir='ltr'><strong>est,</strong></span> <span class='ocrx_word' id='word_1_599' title='bbox 2366 2581 2437 2635; x_wconf 82' lang='lat' dir='ltr'><strong>Et</strong></span> <span class='ocrx_word' id='word_1_600' title='bbox 2467 2579 2521 2633; x_wconf 89' lang='lat' dir='ltr'><strong>S.</strong></span> <span class='ocrx_word' id='word_1_601' title='bbox 2558 2579 2638 2634; x_wconf 85' lang='lat' dir='ltr'><strong>M.</strong></span> <span class='ocrx_word' id='word_1_602' title='bbox 2686 2575 2958 2640; x_wconf 72' lang='lat' dir='ltr'><strong>Eudoxii,</strong></span> <span class='ocrx_word' id='word_1_603' title='bbox 3010 2588 3080 2629; x_wconf 87' lang='lat' dir='ltr'><strong>ac</strong></span> <span class='ocrx_word' id='word_1_604' title='bbox 3115 2572 3225 2628; x_wconf 91' lang='lat' dir='ltr'><strong>SS.</strong></span> <span class='ocrx_word' id='word_1_605' title='bbox 3281 2571 3612 2641; x_wconf 76' lang='lat' dir='ltr'><strong>Martyrum</strong></span> <span class='ocrx_word' id='word_1_606' title='bbox 3651 2585 3783 2624; x_wconf 76' lang='lat' dir='ltr'><strong>cum</strong></span> 
     </span>
    </p>
   </div>
   <div class='ocr_carea' id='block_1_84' title="bbox 2128 2658 3781 2740">
    <p class='ocr_par' dir='ltr' id='par_1_84' title="bbox 2128 2658 3781 2740">
     <span class='ocr_line' id='line_1_84' title="bbox 2128 2658 3781 2740; baseline -0.008 -15"><span class='ocrx_word' id='word_1_607' title='bbox 2128 2672 2253 2740; x_wconf 81' lang='lat' dir='ltr'><strong>ipso</strong></span> <span class='ocrx_word' id='word_1_608' title='bbox 2265 2683 2594 2737; x_wconf 77' lang='lat' dir='ltr'><strong>passorum,</strong></span> <span class='ocrx_word' id='word_1_609' title='bbox 2614 2669 2833 2723; x_wconf 78' lang='lat' dir='ltr'><strong>Meneea</strong></span> <span class='ocrx_word' id='word_1_610' title='bbox 2851 2678 3071 2733; x_wconf 86' lang='lat' dir='ltr'><strong>magna</strong></span> <span class='ocrx_word' id='word_1_611' title='bbox 3092 2660 3385 2733; x_wconf 89' lang='lat' dir='ltr'><strong>impressa</strong></span> <span class='ocrx_word' id='word_1_612' title='bbox 3408 2658 3484 2713; x_wconf 87' lang='lat' dir='ltr'><strong>ad</strong></span> <span class='ocrx_word' id='word_1_613' title='bbox 3501 2658 3781 2713; x_wconf 88' lang='lat' dir='ltr'><strong>eumdem</strong></span> 
     </span>
    </p>
   </div>
   <div class='ocr_carea' id='block_1_85' title="bbox 2126 2746 3780 2819">
    <p class='ocr_par' dir='ltr' id='par_1_85' title="bbox 2126 2746 3780 2819">
     <span class='ocr_line' id='line_1_85' title="bbox 2126 2746 3780 2819; baseline -0.007 -5"><span class='ocrx_word' id='word_1_614' title='bbox 2126 2759 2283 2815; x_wconf 91' lang='lat' dir='ltr'><strong>diem</strong></span> <span class='ocrx_word' id='word_1_615' title='bbox 2315 2758 2514 2813; x_wconf 68' lang='lat' dir='ltr'><strong>Graece</strong></span> <span class='ocrx_word' id='word_1_616' title='bbox 2536 2756 2620 2812; x_wconf 89' lang='lat' dir='ltr'><strong>sic</strong></span> <span class='ocrx_word' id='word_1_617' title='bbox 2637 2754 2865 2811; x_wconf 89' lang='lat' dir='ltr'><strong>habent</strong></span> <span class='ocrx_word' id='word_1_618' title='bbox 2892 2769 2903 2807; x_wconf 90' lang='lat'>:</span> <span class='ocrx_word' id='word_1_619' title='bbox 2935 2774 2954 2801; x_wconf 79' lang='grc' dir='ltr'>ι</span> <span class='ocrx_word' id='word_1_620' title='bbox 2987 2750 3291 2806; x_wconf 86' lang='lat' dir='ltr'><strong>Certamen</strong></span> <span class='ocrx_word' id='word_1_621' title='bbox 3313 2748 3410 2805; x_wconf 92' lang='lat' dir='ltr'><strong>SS.</strong></span> <span class='ocrx_word' id='word_1_622' title='bbox 3435 2747 3559 2819; x_wconf 71' lang='lat' dir='ltr'><strong>MM.</strong></span> <span class='ocrx_word' id='word_1_623' title='bbox 3595 2746 3780 2803; x_wconf 90' lang='lat' dir='ltr'><strong>Eudo-</strong></span> 
     </span>
    </p>
   </div>
   <div class='ocr_carea' id='block_1_86' title="bbox 2124 2822 3776 2914">
    <p class='ocr_par' dir='ltr' id='par_1_86' title="bbox 2124 2822 3776 2914">
     <span class='ocr_line' id='line_1_86' title="bbox 2124 2822 3776 2914; baseline -0.008 -10"><span class='ocrx_word' id='word_1_624' title='bbox 2124 2848 2225 2914; x_wconf 90' lang='lat' dir='ltr'><strong>xii,</strong></span> <span class='ocrx_word' id='word_1_625' title='bbox 2250 2845 2525 2910; x_wconf 89' lang='lat' dir='ltr'><strong>Zenonis,</strong></span> <span class='ocrx_word' id='word_1_626' title='bbox 2560 2843 2794 2900; x_wconf 90' lang='lat' dir='ltr'><strong>Romuli</strong></span> <span class='ocrx_word' id='word_1_627' title='bbox 2838 2846 2895 2898; x_wconf 90' lang='lat' dir='ltr'><strong>et</strong></span> <span class='ocrx_word' id='word_1_628' title='bbox 2923 2838 3180 2908; x_wconf 88' lang='lat' dir='ltr'><strong>Macarii,</strong></span> <span class='ocrx_word' id='word_1_629' title='bbox 3208 2858 3236 2891; x_wconf 83' lang='lat'><strong>»</strong></span> <span class='ocrx_word' id='word_1_630' title='bbox 3294 2845 3352 2893; x_wconf 92' lang='lat' dir='ltr'><strong>et</strong></span> <span class='ocrx_word' id='word_1_631' title='bbox 3383 2822 3776 2909; x_wconf 77' lang='lat' dir='ltr'><strong>sequentibus</strong></span> 
     </span>
    </p>
   </div>
   <div class='ocr_carea' id='block_1_87' title="bbox 2125 2931 2846 2992">
    <p class='ocr_par' dir='ltr' id='par_1_87' title="bbox 2125 2931 2846 2992">
     <span class='ocr_line' id='line_1_87' title="bbox 2125 2931 2846 2992; baseline -0.008 -1"><span class='ocrx_word' id='word_1_632' title='bbox 2125 2952 2226 2992; x_wconf 91' lang='lat' dir='ltr'><strong>eos</strong></span> <span class='ocrx_word' id='word_1_633' title='bbox 2252 2939 2469 2991; x_wconf 88' lang='lat' dir='ltr'><strong>ornant</strong></span> <span class='ocrx_word' id='word_1_634' title='bbox 2498 2931 2799 2989; x_wconf 91' lang='lat' dir='ltr'><strong>versiculis</strong></span> <span class='ocrx_word' id='word_1_635' title='bbox 2833 2947 2846 2986; x_wconf 92' lang='lat'><strong>:</strong></span> 
     </span>
    </p>
   </div>
   <div class='ocr_carea' id='block_1_88' title="bbox 2051 3027 3244 3108">
    <p class='ocr_par' dir='ltr' id='par_1_88' title="bbox 2051 3027 3244 3108">
     <span class='ocr_line' id='line_1_88' title="bbox 2051 3027 3244 3108; baseline -0.007 -20"><span class='ocrx_word' id='word_1_636' title='bbox 2051 3052 2093 3108; x_wconf 71' lang='grc' dir='ltr'><strong>ρ</strong></span> <span class='ocrx_word' id='word_1_637' title='bbox 2121 3036 2407 3108; x_wconf 75' lang='grc' dir='ltr'><strong>Τμηθέντες</strong></span> <span class='ocrx_word' id='word_1_638' title='bbox 2436 3028 2708 3095; x_wconf 80' lang='grc' dir='ltr'><strong>Εὑδόξιος,</strong></span> <span class='ocrx_word' id='word_1_639' title='bbox 2740 3027 3017 3108; x_wconf 60' lang='grc' dir='ltr'>Ῥωμύλος.</span> <span class='ocrx_word' id='word_1_640' title='bbox 3049 3031 3244 3108; x_wconf 52' lang='lat' dir='ltr'><strong>Zizaim.</strong></span> 
     </span>
    </p>
   </div>
   <div class='ocr_carea' id='block_1_89' title="bbox 2124 3098 3241 3179">
    <p class='ocr_par' dir='ltr' id='par_1_89' title="bbox 2124 3098 3241 3179">
     <span class='ocr_line' id='line_1_89' title="bbox 2124 3098 3241 3179; baseline -0.008 -20"><span class='ocrx_word' id='word_1_641' title='bbox 2124 3098 2225 3159; x_wconf 77' lang='grc' dir='ltr'><strong>Κάἱ</strong></span> <span class='ocrx_word' id='word_1_642' title='bbox 2252 3106 2536 3179; x_wconf 76' lang='grc' dir='ltr'><strong>Μακάριος,</strong></span> <span class='ocrx_word' id='word_1_643' title='bbox 2567 3098 2886 3174; x_wconf 78' lang='grc' dir='ltr'><strong>μακαριστοὶ</strong></span> <span class='ocrx_word' id='word_1_644' title='bbox 2916 3107 3007 3150; x_wconf 79' lang='grc' dir='ltr'>τοῦ</span> <span class='ocrx_word' id='word_1_645' title='bbox 3047 3098 3241 3159; x_wconf 79' lang='grc' dir='ltr'>τέλους.</span> 
     </span>
    </p>
   </div>
   <div class='ocr_carea' id='block_1_90' title="bbox 2123 3195 3448 3272">
    <p class='ocr_par' dir='ltr' id='par_1_90' title="bbox 2123 3195 3448 3272">
     <span class='ocr_line' id='line_1_90' title="bbox 2123 3195 3448 3272; baseline -0.009 -13"><span class='ocrx_word' id='word_1_646' title='bbox 2123 3203 2324 3272; x_wconf 77' lang='lat' dir='ltr'><strong>Capite</strong></span> <span class='ocrx_word' id='word_1_647' title='bbox 2350 3202 2558 3257; x_wconf 82' lang='lat' dir='ltr'><strong>minuti</strong></span> <span class='ocrx_word' id='word_1_648' title='bbox 2586 3198 2910 3272; x_wconf 54' lang='lat' dir='ltr'><strong>Eudamus,</strong></span> <span class='ocrx_word' id='word_1_649' title='bbox 2947 3195 3226 3272; x_wconf 71' lang='lat' dir='ltr'><strong>Romulus</strong></span> <span class='ocrx_word' id='word_1_650' title='bbox 3255 3195 3448 3249; x_wconf 85' lang='lat' dir='ltr'><strong>Zenon</strong></span> 
     </span>
    </p>
   </div>
   <div class='ocr_carea' id='block_1_91' title="bbox 2118 3266 3316 3339">
    <p class='ocr_par' dir='ltr' id='par_1_91' title="bbox 2118 3266 3316 3339">
     <span class='ocr_line' id='line_1_91' title="bbox 2118 3266 3316 3339; baseline -0.01 -9"><span class='ocrx_word' id='word_1_651' title='bbox 2118 3266 2529 3330; x_wconf 61' lang='lat' dir='ltr'><strong>Ac&#39;Macarius</strong></span> <span class='ocrx_word' id='word_1_652' title='bbox 2557 3272 2735 3339; x_wconf 83' lang='lat' dir='ltr'><strong>ﬁnem</strong></span> <span class='ocrx_word' id='word_1_653' title='bbox 2768 3269 3002 3326; x_wconf 90' lang='lat' dir='ltr'><strong>beatum</strong></span> <span class='ocrx_word' id='word_1_654' title='bbox 3032 3266 3316 3323; x_wconf 73' lang='lat' dir='ltr'><strong>obtinent.</strong></span> 
     </span>
    </p>
   </div>
   <div class='ocr_carea' id='block_1_92' title="bbox 2117 3361 3770 3446">
    <p class='ocr_par' dir='ltr' id='par_1_92' title="bbox 2117 3361 3770 3446">
     <span class='ocr_line' id='line_1_92' title="bbox 2117 3361 3770 3446; baseline -0.006 -20"><span class='ocrx_word' id='word_1_655' title='bbox 2117 3373 2386 3446; x_wconf 76' lang='grc' dir='ltr'><strong>Μακάριος</strong></span> <span class='ocrx_word' id='word_1_656' title='bbox 2460 3373 2518 3424; x_wconf 90' lang='lat' dir='ltr'><strong>et</strong></span> <span class='ocrx_word' id='word_1_657' title='bbox 2568 3369 2895 3440; x_wconf 75' lang='grc' dir='ltr'><strong>μακαριστὸς</strong></span> <span class='ocrx_word' id='word_1_658' title='bbox 2959 3369 3178 3421; x_wconf 90' lang='lat' dir='ltr'><strong>sonant</strong></span> <span class='ocrx_word' id='word_1_659' title='bbox 3226 3362 3429 3419; x_wconf 80' lang='lat' dir='ltr'><strong>beatus</strong></span> <span class='ocrx_word' id='word_1_660' title='bbox 3479 3361 3589 3426; x_wconf 88' lang='lat' dir='ltr'><strong>;in</strong></span> <span class='ocrx_word' id='word_1_661' title='bbox 3645 3376 3770 3433; x_wconf 89' lang='lat' dir='ltr'><strong>quo</strong></span> 
     </span>
    </p>
   </div>
   <div class='ocr_carea' id='block_1_93' title="bbox 2117 3449 3767 3533">
    <p class='ocr_par' dir='ltr' id='par_1_93' title="bbox 2117 3449 3767 3533">
     <span class='ocr_line' id='line_1_93' title="bbox 2117 3449 3767 3533; baseline -0.007 -17"><span class='ocrx_word' id='word_1_662' title='bbox 2117 3462 2256 3517; x_wconf 89' lang='lat' dir='ltr'><strong>lusit</strong></span> <span class='ocrx_word' id='word_1_663' title='bbox 2284 3463 2479 3533; x_wconf 88' lang='lat' dir='ltr'><strong>poeta,</strong></span> <span class='ocrx_word' id='word_1_664' title='bbox 2536 3456 2942 3527; x_wconf 83' lang='lat' dir='ltr'><strong>signiﬁcatum</strong></span> <span class='ocrx_word' id='word_1_665' title='bbox 2990 3452 3253 3509; x_wconf 90' lang='lat' dir='ltr'><strong>nominis</strong></span> <span class='ocrx_word' id='word_1_666' title='bbox 3309 3449 3532 3525; x_wconf 90' lang='lat' dir='ltr'><strong>proprii</strong></span> <span class='ocrx_word' id='word_1_667' title='bbox 3587 3449 3767 3505; x_wconf 91' lang='lat' dir='ltr'><strong>unius</strong></span> 
     </span>
    </p>
   </div>
   <div class='ocr_carea' id='block_1_94' title="bbox 2115 3538 3764 3620">
    <p class='ocr_par' dir='ltr' id='par_1_94' title="bbox 2115 3538 3764 3620">
     <span class='ocr_line' id='line_1_94' title="bbox 2115 3538 3764 3620; baseline -0.007 -15"><span class='ocrx_word' id='word_1_668' title='bbox 2115 3548 2393 3620; x_wconf 88' lang='lat' dir='ltr'><strong>martyris</strong></span> <span class='ocrx_word' id='word_1_669' title='bbox 2438 3562 2545 3619; x_wconf 89' lang='lat' dir='ltr'><strong>per</strong></span> <span class='ocrx_word' id='word_1_670' title='bbox 2609 3544 3034 3618; x_wconf 86' lang='lat' dir='ltr'><strong>appellativum</strong></span> <span class='ocrx_word' id='word_1_671' title='bbox 3085 3541 3369 3597; x_wconf 90' lang='lat' dir='ltr'><strong>omnibus</strong></span> <span class='ocrx_word' id='word_1_672' title='bbox 3411 3538 3764 3596; x_wconf 89' lang='lat' dir='ltr'><strong>attribuens.</strong></span> 
     </span>
    </p>
   </div>
   <div class='ocr_carea' id='block_1_95' title="bbox 2112 3627 3763 3705">
    <p class='ocr_par' dir='ltr' id='par_1_95' title="bbox 2112 3627 3763 3705">
     <span class='ocr_line' id='line_1_95' title="bbox 2112 3627 3763 3705; baseline -0.008 -10"><span class='ocrx_word' id='word_1_673' title='bbox 2112 3636 2393 3695; x_wconf 84' lang='lat' dir='ltr'><strong>Subditur</strong></span> <span class='ocrx_word' id='word_1_674' title='bbox 2412 3635 2674 3705; x_wconf 90' lang='lat' dir='ltr'><strong>elogium</strong></span> <span class='ocrx_word' id='word_1_675' title='bbox 2704 3634 2847 3690; x_wconf 88' lang='lat' dir='ltr'><strong>satis</strong></span> <span class='ocrx_word' id='word_1_676' title='bbox 2869 3632 3191 3705; x_wconf 91' lang='lat' dir='ltr'><strong>prolixum,</strong></span> <span class='ocrx_word' id='word_1_677' title='bbox 3208 3629 3382 3699; x_wconf 91' lang='lat' dir='ltr'><strong>cujus</strong></span> <span class='ocrx_word' id='word_1_678' title='bbox 3399 3627 3514 3684; x_wconf 89' lang='lat' dir='ltr'><strong>hoc</strong></span> <span class='ocrx_word' id='word_1_679' title='bbox 3532 3628 3763 3683; x_wconf 88' lang='lat' dir='ltr'><strong>initium</strong></span> 
     </span>
    </p>
   </div>
   <div class='ocr_carea' id='block_1_96' title="bbox 2111 3718 3763 3795">
    <p class='ocr_par' dir='ltr' id='par_1_96' title="bbox 2111 3718 3763 3795">
     <span class='ocr_line' id='line_1_96' title="bbox 2111 3718 3763 3795; baseline -0.008 -12"><span class='ocrx_word' id='word_1_680' title='bbox 2111 3731 2199 3783; x_wconf 91' lang='lat' dir='ltr'><strong>est</strong></span> <span class='ocrx_word' id='word_1_681' title='bbox 2257 3741 2269 3781; x_wconf 89' lang='lat'><strong>:</strong></span> <span class='ocrx_word' id='word_1_682' title='bbox 2323 3725 2483 3787; x_wconf 78' lang='grc' dir='ltr'>Οὗτος</span> <span class='ocrx_word' id='word_1_683' title='bbox 2543 3723 2691 3795; x_wconf 76' lang='grc' dir='ltr'>ἅγιος</span> <span class='ocrx_word' id='word_1_684' title='bbox 2742 3721 3000 3794; x_wconf 82' lang='grc' dir='ltr'><strong>Ῥωμύλος</strong></span> <span class='ocrx_word' id='word_1_685' title='bbox 3090 3718 3173 3772; x_wconf 71' lang='grc' dir='ltr'><strong>ἰπὶ</strong></span> <span class='ocrx_word' id='word_1_686' title='bbox 3228 3724 3489 3792; x_wconf 75' lang='grc' dir='ltr'><strong>Τραϊανοῦ</strong></span> <span class='ocrx_word' id='word_1_687' title='bbox 3532 3720 3631 3775; x_wconf 70' lang='grc' dir='ltr'><strong>τὴν</strong></span> <span class='ocrx_word' id='word_1_688' title='bbox 3681 3734 3763 3769; x_wconf 73' lang='grc' dir='ltr'><strong>κι-</strong></span> 
     </span>
    </p>
   </div>
   <div class='ocr_carea' id='block_1_97' title="bbox 2112 3807 3763 3888">
    <p class='ocr_par' dir='ltr' id='par_1_97' title="bbox 2112 3807 3763 3888">
     <span class='ocr_line' id='line_1_97' title="bbox 2112 3807 3763 3888; baseline -0.005 -20"><span class='ocrx_word' id='word_1_689' title='bbox 2112 3816 2273 3888; x_wconf 73' lang='grc' dir='ltr'><strong>φαλὴν</strong></span> <span class='ocrx_word' id='word_1_690' title='bbox 2322 3813 2572 3888; x_wconf 69' lang='grc' dir='ltr'><strong>ἀφῃρέθη.</strong></span> <span class='ocrx_word' id='word_1_691' title='bbox 2621 3813 2733 3868; x_wconf 84' lang='lat' dir='ltr'><strong>Hic</strong></span> <span class='ocrx_word' id='word_1_692' title='bbox 2769 3810 2822 3866; x_wconf 90' lang='lat' dir='ltr'><strong>S.</strong></span> <span class='ocrx_word' id='word_1_693' title='bbox 2882 3810 3157 3867; x_wconf 84' lang='lat' dir='ltr'><strong>Romulus</strong></span> <span class='ocrx_word' id='word_1_694' title='bbox 3211 3807 3316 3863; x_wconf 86' lang='lat' dir='ltr'><strong>sub</strong></span> <span class='ocrx_word' id='word_1_695' title='bbox 3364 3807 3629 3876; x_wconf 82' lang='lat' dir='ltr'><strong>Trajano</strong></span> <span class='ocrx_word' id='word_1_696' title='bbox 3670 3820 3763 3862; x_wconf 84' lang='lat' dir='ltr'><strong>ca-</strong></span> 
     </span>
    </p>
   </div>
   <div class='ocr_carea' id='block_1_98' title="bbox 2108 3893 3761 3977">
    <p class='ocr_par' dir='ltr' id='par_1_98' title="bbox 2108 3893 3761 3977">
     <span class='ocr_line' id='line_1_98' title="bbox 2108 3893 3761 3977; baseline -0.005 -18"><span class='ocrx_word' id='word_1_697' title='bbox 2108 3905 2227 3977; x_wconf 81' lang='lat' dir='ltr'><strong>pite</strong></span> <span class='ocrx_word' id='word_1_698' title='bbox 2251 3910 2561 3961; x_wconf 85' lang='lat' dir='ltr'><strong>trancatus</strong></span> <span class='ocrx_word' id='word_1_699' title='bbox 2581 3908 2687 3959; x_wconf 85' lang='lat' dir='ltr'><strong>est.</strong></span> <span class='ocrx_word' id='word_1_700' title='bbox 2706 3900 2844 3957; x_wconf 87' lang='lat' dir='ltr'><strong>Dein</strong></span> <span class='ocrx_word' id='word_1_701' title='bbox 2870 3900 3066 3970; x_wconf 90' lang='lat' dir='ltr'><strong>agitur</strong></span> <span class='ocrx_word' id='word_1_702' title='bbox 3089 3897 3163 3953; x_wconf 90' lang='lat' dir='ltr'><strong>de</strong></span> <span class='ocrx_word' id='word_1_703' title='bbox 3192 3895 3454 3952; x_wconf 87' lang='lat' dir='ltr'><strong>Eudoxio</strong></span> <span class='ocrx_word' id='word_1_704' title='bbox 3482 3894 3539 3950; x_wconf 95' lang='lat' dir='ltr'><strong>al</strong></span> <span class='ocrx_word' id='word_1_705' title='bbox 3570 3893 3761 3966; x_wconf 88' lang='lat' dir='ltr'><strong>iisque</strong></span> 
     </span>
    </p>
   </div>
   <div class='ocr_carea' id='block_1_99' title="bbox 2110 3982 3760 4066">
    <p class='ocr_par' dir='ltr' id='par_1_99' title="bbox 2110 3982 3760 4066">
     <span class='ocr_line' id='line_1_99' title="bbox 2110 3982 3760 4066; baseline -0.006 -17"><span class='ocrx_word' id='word_1_706' title='bbox 2110 4000 2375 4066; x_wconf 90' lang='lat' dir='ltr'><strong>tempore</strong></span> <span class='ocrx_word' id='word_1_707' title='bbox 2417 3990 2753 4047; x_wconf 90' lang='lat' dir='ltr'><strong>Diocletiani</strong></span> <span class='ocrx_word' id='word_1_708' title='bbox 2783 3988 3107 4044; x_wconf 86' lang='lat' dir='ltr'><strong>coronatis.</strong></span> <span class='ocrx_word' id='word_1_709' title='bbox 3156 3986 3348 4041; x_wconf 88' lang='lat' dir='ltr'><strong>Pauca</strong></span> <span class='ocrx_word' id='word_1_710' title='bbox 3392 3982 3492 4039; x_wconf 90' lang='lat' dir='ltr'><strong>illa</strong></span> <span class='ocrx_word' id='word_1_711' title='bbox 3535 3983 3760 4039; x_wconf 90' lang='lat' dir='ltr'><strong>ideirco</strong></span> 
     </span>
    </p>
   </div>
   <div class='ocr_carea' id='block_1_100' title="bbox 2108 4070 3755 4151">
    <p class='ocr_par' dir='ltr' id='par_1_100' title="bbox 2108 4070 3755 4151">
     <span class='ocr_line' id='line_1_100' title="bbox 2108 4070 3755 4151; baseline -0.008 -13"><span class='ocrx_word' id='word_1_712' title='bbox 2108 4084 2224 4138; x_wconf 90' lang='lat' dir='ltr'><strong>huc</strong></span> <span class='ocrx_word' id='word_1_713' title='bbox 2255 4080 2544 4146; x_wconf 88' lang='lat' dir='ltr'><strong>transtuli,</strong></span> <span class='ocrx_word' id='word_1_714' title='bbox 2579 4095 2652 4135; x_wconf 91' lang='lat' dir='ltr'><strong>ne</strong></span> <span class='ocrx_word' id='word_1_715' title='bbox 2695 4078 2830 4151; x_wconf 91' lang='lat' dir='ltr'><strong>quis</strong></span> <span class='ocrx_word' id='word_1_716' title='bbox 2861 4076 3019 4132; x_wconf 90' lang='lat' dir='ltr'><strong>solos</strong></span> <span class='ocrx_word' id='word_1_717' title='bbox 3064 4073 3385 4131; x_wconf 89' lang='lat' dir='ltr'><strong>versiculos</strong></span> <span class='ocrx_word' id='word_1_718' title='bbox 3415 4089 3485 4131; x_wconf 92' lang='lat' dir='ltr'><strong>ac</strong></span> <span class='ocrx_word' id='word_1_719' title='bbox 3517 4070 3755 4127; x_wconf 83' lang='lat' dir='ltr'><strong>titulum</strong></span> 
     </span>
    </p>
   </div>
   <div class='ocr_carea' id='block_1_101' title="bbox 2106 4162 3758 4243">
    <p class='ocr_par' dir='ltr' id='par_1_101' title="bbox 2106 4162 3758 4243">
     <span class='ocr_line' id='line_1_101' title="bbox 2106 4162 3758 4243; baseline -0.007 -17"><span class='ocrx_word' id='word_1_720' title='bbox 2106 4171 2308 4243; x_wconf 82' lang='lat' dir='ltr'><strong>legens</strong></span> <span class='ocrx_word' id='word_1_721' title='bbox 2338 4169 2717 4233; x_wconf 84' lang='lat' dir='ltr'><strong>existimaret,</strong></span> <span class='ocrx_word' id='word_1_722' title='bbox 2750 4166 2811 4222; x_wconf 89' lang='lat' dir='ltr'><strong>in</strong></span> <span class='ocrx_word' id='word_1_723' title='bbox 2838 4164 3070 4223; x_wconf 83' lang='lat' dir='ltr'><strong>Menaeis</strong></span> <span class='ocrx_word' id='word_1_724' title='bbox 3102 4162 3386 4234; x_wconf 91' lang='lat' dir='ltr'><strong>conjungi</strong></span> <span class='ocrx_word' id='word_1_725' title='bbox 3407 4162 3588 4217; x_wconf 91' lang='lat' dir='ltr'><strong>hosce</strong></span> <span class='ocrx_word' id='word_1_726' title='bbox 3616 4162 3758 4217; x_wconf 85' lang='lat' dir='ltr'><strong>Mar-</strong></span> 
     </span>
    </p>
   </div>
   <div class='ocr_carea' id='block_1_102' title="bbox 2108 4251 3753 4329">
    <p class='ocr_par' dir='ltr' id='par_1_102' title="bbox 2108 4251 3753 4329">
     <span class='ocr_line' id='line_1_102' title="bbox 2108 4251 3753 4329; baseline -0.007 -15"><span class='ocrx_word' id='word_1_727' title='bbox 2108 4266 2257 4329; x_wconf 91' lang='lat' dir='ltr'><strong>tyres</strong></span> <span class='ocrx_word' id='word_1_728' title='bbox 2304 4262 2595 4329; x_wconf 91' lang='lat' dir='ltr'><strong>tanquam</strong></span> <span class='ocrx_word' id='word_1_729' title='bbox 2652 4255 2711 4311; x_wconf 90' lang='lat' dir='ltr'><strong>in</strong></span> <span class='ocrx_word' id='word_1_730' title='bbox 2767 4255 2978 4310; x_wconf 89' lang='lat' dir='ltr'><strong>eadem</strong></span> <span class='ocrx_word' id='word_1_731' title='bbox 3025 4251 3434 4324; x_wconf 88' lang='lat' dir='ltr'><strong>persecutione</strong></span> <span class='ocrx_word' id='word_1_732' title='bbox 3487 4264 3698 4318; x_wconf 91' lang='lat' dir='ltr'><strong>passos</strong></span> <span class='ocrx_word' id='word_1_733' title='bbox 3739 4265 3753 4304; x_wconf 91' lang='lat'><strong>:</strong></span> 
     </span>
    </p>
   </div>
   <div class='ocr_carea' id='block_1_103' title="bbox 2104 4338 3757 4420">
    <p class='ocr_par' dir='ltr' id='par_1_103' title="bbox 2104 4338 3757 4420">
     <span class='ocr_line' id='line_1_103' title="bbox 2104 4338 3757 4420; baseline -0.007 -17"><span class='ocrx_word' id='word_1_734' title='bbox 2104 4346 2269 4420; x_wconf 88' lang='lat' dir='ltr'><strong>quod</strong></span> <span class='ocrx_word' id='word_1_735' title='bbox 2295 4361 2440 4402; x_wconf 85' lang='lat' dir='ltr'><strong>sane</strong></span> <span class='ocrx_word' id='word_1_736' title='bbox 2469 4361 2725 4417; x_wconf 91' lang='lat' dir='ltr'><strong>pronum</strong></span> <span class='ocrx_word' id='word_1_737' title='bbox 2757 4350 2910 4398; x_wconf 90' lang='lat' dir='ltr'><strong>esset</strong></span> <span class='ocrx_word' id='word_1_738' title='bbox 2946 4341 3181 4414; x_wconf 89' lang='lat' dir='ltr'><strong>opinari</strong></span> <span class='ocrx_word' id='word_1_739' title='bbox 3214 4356 3283 4395; x_wconf 90' lang='lat' dir='ltr'><strong>ex</strong></span> <span class='ocrx_word' id='word_1_740' title='bbox 3317 4338 3504 4403; x_wconf 90' lang='lat' dir='ltr'><strong>titulo,</strong></span> <span class='ocrx_word' id='word_1_741' title='bbox 3540 4339 3757 4394; x_wconf 91' lang='lat' dir='ltr'><strong>Romu-</strong></span> 
     </span>
    </p>
   </div>
   <div class='ocr_carea' id='block_1_104' title="bbox 2102 4434 2869 4491">
    <p class='ocr_par' dir='ltr' id='par_1_104' title="bbox 2102 4434 2869 4491">
     <span class='ocr_line' id='line_1_104' title="bbox 2102 4434 2869 4491; baseline -0.007 0"><span class='ocrx_word' id='word_1_742' title='bbox 2102 4437 2228 4491; x_wconf 91' lang='lat' dir='ltr'><strong>lum</strong></span> <span class='ocrx_word' id='word_1_743' title='bbox 2257 4435 2385 4491; x_wconf 91' lang='lat' dir='ltr'><strong>aliis</strong></span> <span class='ocrx_word' id='word_1_744' title='bbox 2413 4434 2869 4490; x_wconf 89' lang='lat' dir='ltr'><strong>intermiscente.</strong></span> 
     </span>
    </p>
   </div>
   <div class='ocr_carea' id='block_1_105' title="bbox 2175 4515 3753 4590">
    <p class='ocr_par' dir='ltr' id='par_1_105' title="bbox 2175 4515 3753 4590">
     <span class='ocr_line' id='line_1_105' title="bbox 2175 4515 3753 4590; baseline -0.008 -9"><span class='ocrx_word' id='word_1_745' title='bbox 2175 4531 2226 4590; x_wconf 83' lang='lat'><strong>5,</strong></span> <span class='ocrx_word' id='word_1_746' title='bbox 2258 4524 2392 4579; x_wconf 89' lang='lat' dir='ltr'><strong>Post</strong></span> <span class='ocrx_word' id='word_1_747' title='bbox 2422 4528 2817 4578; x_wconf 86' lang='lat' dir='ltr'><strong>memoratum</strong></span> <span class='ocrx_word' id='word_1_748' title='bbox 2837 4520 3095 4589; x_wconf 90' lang='lat' dir='ltr'><strong>elogium</strong></span> <span class='ocrx_word' id='word_1_749' title='bbox 3111 4515 3377 4590; x_wconf 91' lang='lat' dir='ltr'><strong>sequitur</strong></span> <span class='ocrx_word' id='word_1_750' title='bbox 3394 4515 3753 4572; x_wconf 89' lang='lat' dir='ltr'><strong>aliaannun-</strong></span> 
     </span>
    </p>
   </div>
   <div class='ocr_carea' id='block_1_106' title="bbox 2102 4603 3753 4684">
    <p class='ocr_par' dir='ltr' id='par_1_106' title="bbox 2102 4603 3753 4684">
     <span class='ocr_line' id='line_1_106' title="bbox 2102 4603 3753 4684; baseline -0.008 -15"><span class='ocrx_word' id='word_1_751' title='bbox 2102 4612 2265 4669; x_wconf 87' lang='lat' dir='ltr'><strong>tiatio</strong></span> <span class='ocrx_word' id='word_1_752' title='bbox 2327 4634 2341 4665; x_wconf 91' lang='lat'><strong>:</strong></span> <span class='ocrx_word' id='word_1_753' title='bbox 2393 4617 2467 4684; x_wconf 66' lang='grc' dir='ltr'><em>Τῇ</em></span> <span class='ocrx_word' id='word_1_754' title='bbox 2525 4610 2654 4683; x_wconf 75' lang='grc' dir='ltr'><strong>αὐτῇ</strong></span> <span class='ocrx_word' id='word_1_755' title='bbox 2712 4612 2882 4682; x_wconf 76' lang='grc' dir='ltr'><strong>ἡμέρᾳ</strong></span> <span class='ocrx_word' id='word_1_756' title='bbox 2934 4608 3114 4661; x_wconf 70' lang='grc' dir='ltr'>ἑκατόν</span> <span class='ocrx_word' id='word_1_757' title='bbox 3171 4610 3423 4679; x_wconf 78' lang='grc' dir='ltr'><strong>τέσσαρες</strong></span> <span class='ocrx_word' id='word_1_758' title='bbox 3458 4609 3549 4656; x_wconf 79' lang='grc' dir='ltr'><strong>καὶ</strong></span> <span class='ocrx_word' id='word_1_759' title='bbox 3579 4603 3753 4675; x_wconf 82' lang='grc' dir='ltr'>χίλιοι</span> 
     </span>
    </p>
   </div>
   <div class='ocr_carea' id='block_1_107' title="bbox 2103 4691 3754 4774">
    <p class='ocr_par' dir='ltr' id='par_1_107' title="bbox 2103 4691 3754 4774">
     <span class='ocr_line' id='line_1_107' title="bbox 2103 4691 3754 4774; baseline -0.004 -21"><span class='ocrx_word' id='word_1_760' title='bbox 2103 4709 2495 4774; x_wconf 83' lang='grc' dir='ltr'>στρατιῶται...</span> <span class='ocrx_word' id='word_1_761' title='bbox 2553 4699 2684 4772; x_wconf 74' lang='grc' dir='ltr'><strong>ξίφει</strong></span> <span class='ocrx_word' id='word_1_762' title='bbox 2750 4698 3081 4752; x_wconf 77' lang='grc' dir='ltr'><strong>τελειοῦνται.</strong></span> <span class='ocrx_word' id='word_1_763' title='bbox 3134 4696 3197 4750; x_wconf 89' lang='lat' dir='ltr'><strong>Id</strong></span> <span class='ocrx_word' id='word_1_764' title='bbox 3248 4698 3358 4759; x_wconf 89' lang='lat' dir='ltr'><strong>est,</strong></span> <span class='ocrx_word' id='word_1_765' title='bbox 3420 4694 3606 4750; x_wconf 86' lang='lat' dir='ltr'><strong>eodem</strong></span> <span class='ocrx_word' id='word_1_766' title='bbox 3656 4691 3754 4748; x_wconf 80' lang='lat' dir='ltr'><strong>die</strong></span> 
     </span>
    </p>
   </div>
   <div class='ocr_carea' id='block_1_108' title="bbox 2100 4782 3751 4861">
    <p class='ocr_par' dir='ltr' id='par_1_108' title="bbox 2100 4782 3751 4861">
     <span class='ocr_line' id='line_1_108' title="bbox 2100 4782 3751 4861; baseline -0.006 -15"><span class='ocrx_word' id='word_1_767' title='bbox 2100 4797 2333 4846; x_wconf 82' lang='lat' dir='ltr'><strong>centum</strong></span> <span class='ocrx_word' id='word_1_768' title='bbox 2365 4795 2624 4861; x_wconf 85' lang='lat' dir='ltr'><strong>quatuor</strong></span> <span class='ocrx_word' id='word_1_769' title='bbox 2652 4803 2722 4844; x_wconf 86' lang='lat' dir='ltr'><strong>ac</strong></span> <span class='ocrx_word' id='word_1_770' title='bbox 2749 4788 2914 4843; x_wconf 81' lang='lat' dir='ltr'><strong>mille</strong></span> <span class='ocrx_word' id='word_1_771' title='bbox 2938 4786 3216 4842; x_wconf 77' lang='lat' dir='ltr'><strong>milites...</strong></span> <span class='ocrx_word' id='word_1_772' title='bbox 3244 4782 3444 4854; x_wconf 82' lang='lat' dir='ltr'><strong>gladio</strong></span> <span class='ocrx_word' id='word_1_773' title='bbox 3466 4782 3594 4838; x_wconf 72' lang='grc' dir='ltr'><strong>ιιωεί</strong></span> <span class='ocrx_word' id='word_1_774' title='bbox 3617 4796 3751 4837; x_wconf 68' lang='grc' dir='ltr'>οοηο</span> 
     </span>
    </p>
   </div>
   <div class='ocr_carea' id='block_1_109' title="bbox 2092 4871 3751 4948">
    <p class='ocr_par' dir='ltr' id='par_1_109' title="bbox 2092 4871 3751 4948">
     <span class='ocr_line' id='line_1_109' title="bbox 2092 4871 3751 4948; baseline -0.007 -13"><span class='ocrx_word' id='word_1_775' title='bbox 2092 4885 2388 4935; x_wconf 77' lang='lat' dir='ltr'><strong>summant</strong></span> <span class='ocrx_word' id='word_1_776' title='bbox 2419 4879 2799 4948; x_wconf 76' lang='lat' dir='ltr'><strong>martyrium.</strong></span> <span class='ocrx_word' id='word_1_777' title='bbox 2846 4876 2945 4931; x_wconf 83' lang='lat' dir='ltr'><strong>His</strong></span> <span class='ocrx_word' id='word_1_778' title='bbox 2973 4874 3188 4931; x_wconf 87' lang='lat' dir='ltr'><strong>deinde</strong></span> <span class='ocrx_word' id='word_1_779' title='bbox 3228 4871 3353 4928; x_wconf 89' lang='lat' dir='ltr'><strong>bini</strong></span> <span class='ocrx_word' id='word_1_780' title='bbox 3396 4872 3751 4928; x_wconf 89' lang='lat' dir='ltr'><strong>accinuntur</strong></span> 
     </span>
    </p>
   </div>
   <div class='ocr_carea' id='block_1_110' title="bbox 2097 4967 2426 5033">
    <p class='ocr_par' dir='ltr' id='par_1_110' title="bbox 2097 4967 2426 5033">
     <span class='ocr_line' id='line_1_110' title="bbox 2097 4967 2426 5033; baseline -0.003 -11"><span class='ocrx_word' id='word_1_781' title='bbox 2097 4967 2377 5023; x_wconf 88' lang='lat' dir='ltr'><strong>versiculi</strong></span> <span class='ocrx_word' id='word_1_782' title='bbox 2412 4984 2426 5033; x_wconf 87' lang='lat'><strong>;</strong></span> 
     </span>
    </p>
   </div>
   <div class='ocr_carea' id='block_1_111' title="bbox 2096 5060 3167 5137">
    <p class='ocr_par' dir='ltr' id='par_1_111' title="bbox 2096 5060 3167 5137">
     <span class='ocr_line' id='line_1_111' title="bbox 2096 5060 3167 5137; baseline -0.005 -20"><span class='ocrx_word' id='word_1_783' title='bbox 2096 5068 2249 5124; x_wconf 75' lang='grc' dir='ltr'><strong>Δεχὰς</strong></span> <span class='ocrx_word' id='word_1_784' title='bbox 2280 5060 2525 5137; x_wconf 21' lang='grc' dir='ltr'><strong>δικαπλῆᾉ</strong></span> <span class='ocrx_word' id='word_1_785' title='bbox 2548 5067 2635 5115; x_wconf 82' lang='grc' dir='ltr'><strong>καὶ</strong></span> <span class='ocrx_word' id='word_1_786' title='bbox 2672 5062 2856 5137; x_wconf 73' lang='grc' dir='ltr'>χιλιὰς</span> <span class='ocrx_word' id='word_1_787' title='bbox 2893 5064 3167 5137; x_wconf 57' lang='grc' dir='ltr'><strong>μαρτυρων</strong></span> 
     </span>
    </p>
   </div>
   <div class='ocr_carea' id='block_1_112' title="bbox 2097 5134 3169 5209">
    <p class='ocr_par' dir='ltr' id='par_1_112' title="bbox 2097 5134 3169 5209">
     <span class='ocr_line' id='line_1_112' title="bbox 2097 5134 3169 5209; baseline -0.003 -20"><span class='ocrx_word' id='word_1_788' title='bbox 2097 5141 2197 5190; x_wconf 78' lang='grc' dir='ltr'><strong>Καὶ</strong></span> <span class='ocrx_word' id='word_1_789' title='bbox 2230 5138 2411 5209; x_wconf 75' lang='grc' dir='ltr'>τετρὰς</span> <span class='ocrx_word' id='word_1_790' title='bbox 2443 5135 2575 5194; x_wconf 81' lang='grc' dir='ltr'><strong>ἁπλῆ</strong></span> <span class='ocrx_word' id='word_1_791' title='bbox 2615 5134 2989 5187; x_wconf 77' lang='grc' dir='ltr'>συντελευτῶσί</span> <span class='ocrx_word' id='word_1_792' title='bbox 3016 5134 3169 5205; x_wconf 76' lang='grc' dir='ltr'>ξίφει.</span> 
     </span>
    </p>
   </div>
   <div class='ocr_carea' id='block_1_113' title="bbox 2164 5234 2920 5299">
    <p class='ocr_par' dir='ltr' id='par_1_113' title="bbox 2164 5234 2920 5299">
     <span class='ocr_line' id='line_1_113' title="bbox 2164 5234 2920 5299; baseline -0.001 -10"><span class='ocrx_word' id='word_1_793' title='bbox 2164 5235 2321 5299; x_wconf 84' lang='lat' dir='ltr'><strong>Quos</strong></span> <span class='ocrx_word' id='word_1_794' title='bbox 2349 5234 2552 5290; x_wconf 87' lang='lat' dir='ltr'><strong>Latine</strong></span> <span class='ocrx_word' id='word_1_795' title='bbox 2585 5234 2667 5289; x_wconf 89' lang='lat' dir='ltr'><strong>sic</strong></span> <span class='ocrx_word' id='word_1_796' title='bbox 2702 5238 2920 5289; x_wconf 87' lang='lat' dir='ltr'><strong>vertas.</strong></span> 
     </span>
    </p>
   </div>
   <div class='ocr_carea' id='block_1_114' title="bbox 2092 5338 3255 5408">
    <p class='ocr_par' dir='ltr' id='par_1_114' title="bbox 2092 5338 3255 5408">
     <span class='ocr_line' id='line_1_114' title="bbox 2092 5338 3255 5408; baseline -0.007 -13"><span class='ocrx_word' id='word_1_797' title='bbox 2092 5340 2277 5395; x_wconf 84' lang='lat' dir='ltr'><strong>Decas</strong></span> <span class='ocrx_word' id='word_1_798' title='bbox 2304 5339 2551 5408; x_wconf 85' lang='lat' dir='ltr'><strong>decupla</strong></span> <span class='ocrx_word' id='word_1_799' title='bbox 2578 5346 2633 5394; x_wconf 81' lang='lat' dir='ltr'><strong>et</strong></span> <span class='ocrx_word' id='word_1_800' title='bbox 2663 5338 2868 5394; x_wconf 82' lang='lat' dir='ltr'><strong>chilias</strong></span> <span class='ocrx_word' id='word_1_801' title='bbox 2900 5338 3255 5408; x_wconf 67' lang='lat' dir='ltr'><strong>Martyrum.</strong></span> 
     </span>
    </p>
   </div>
   <div class='ocr_carea' id='block_1_115' title="bbox 2094 5406 3360 5482">
    <p class='ocr_par' dir='ltr' id='par_1_115' title="bbox 2094 5406 3360 5482">
     <span class='ocr_line' id='line_1_115' title="bbox 2094 5406 3360 5482; baseline -0.006 -16"><span class='ocrx_word' id='word_1_802' title='bbox 2094 5406 2529 5482; x_wconf 70' lang='lat' dir='ltr'><strong>Quaternioque</strong></span> <span class='ocrx_word' id='word_1_803' title='bbox 2555 5411 2731 5467; x_wconf 83' lang='lat' dir='ltr'><strong>simul</strong></span> <span class='ocrx_word' id='word_1_804' title='bbox 2750 5425 2886 5466; x_wconf 82' lang='lat' dir='ltr'><strong>ense</strong></span> <span class='ocrx_word' id='word_1_805' title='bbox 2910 5406 3086 5466; x_wconf 64' lang='lat' dir='ltr'><strong>unum</strong></span> <span class='ocrx_word' id='word_1_806' title='bbox 3118 5406 3360 5476; x_wconf 83' lang='lat' dir='ltr'><strong>ﬂniuut,</strong></span> 
     </span>
    </p>
   </div>
   <div class='ocr_carea' id='block_1_116' title="bbox 2162 5499 3738 5564">
    <p class='ocr_par' dir='ltr' id='par_1_116' title="bbox 2162 5499 3738 5564">
     <span class='ocr_line' id='line_1_116' title="bbox 2162 5499 3738 5564; baseline -0.007 -1"><span class='ocrx_word' id='word_1_807' title='bbox 2162 5507 2291 5563; x_wconf 88' lang='lat' dir='ltr'><strong>lstis</strong></span> <span class='ocrx_word' id='word_1_808' title='bbox 2318 5508 2617 5564; x_wconf 86' lang='lat' dir='ltr'><strong>versiculis</strong></span> <span class='ocrx_word' id='word_1_809' title='bbox 2666 5508 2894 5563; x_wconf 82' lang='lat' dir='ltr'><strong>addunt</strong></span> <span class='ocrx_word' id='word_1_810' title='bbox 2935 5509 3154 5564; x_wconf 68' lang='lat' dir='ltr'><strong>Meuma</strong></span> <span class='ocrx_word' id='word_1_811' title='bbox 3202 5503 3498 5557; x_wconf 81' lang='lat' dir='ltr'><strong>distichon</strong></span> <span class='ocrx_word' id='word_1_812' title='bbox 3555 5499 3738 5564; x_wconf 88' lang='lat' dir='ltr'><strong>aliud,</strong></span> 
     </span>
    </p>
   </div>
  </div>
