4154 6192
234 259 342 313 613

1364 253 1544 308 ACTA
1571 253 1691 332 .SS.
1739 249 2050 314 EUDOXll,
2096 252 2394 318 ROMULI,
2438 254 2581 310 ETC.

3581 264 3641 316 61
3655 265 3682 317 4

237 383 574 456 exprimens
602 381 791 438 simile
830 380 1182 452 martyrium
1234 381 1288 436 S.
1349 378 1677 446 Calodotes,
1718 392 1898 449 quam
1930 379 1975 431 A
2008 383 2096 431 est
2137 378 2272 433 Post
2300 381 2618 450 Trajanum
2650 387 2850 436 autem
2883 387 2937 435 et
2967 381 3227 453 reliquos
3288 383 3681 455 imperatores

238 479 296 530 et
323 473 381 527 in
419 471 867 527 annuntiatione
899 486 1036 524 mox
1066 469 1208 525 data
1238 469 1609 538 conjungunt
1643 466 1901 522 laudatis

241 560 549 624 militibus,
572 561 674 614 sed
707 576 1020 632 perperam
1049 575 1060 612 :
1087 575 1228 614 nam
1279 563 1483 612 sancta
1525 556 1624 612 illa
1678 564 1902 627 martyr

240 649 317 706 ad
365 650 444 704 ha
491 649 793 704 cclassem
829 664 946 704 non
974 647 1246 720 pertinet.
1282 648 1524 702 Dabitur
1540 661 1678 700 cum
1727 645 1902 700 sociis

239 738 362 793 suis
390 738 485 793 die
515 739 549 792 6
597 736 982 809 Septembris.
1025 739 1302 808 Martyres
1355 740 1556 791 autem
1622 734 1772 798 1104,
1828 734 1902 788 de

237 828 460 899 quibus
486 827 580 882 hic
613 833 880 898 separate
906 827 1120 896 agitur,
1176 826 1338 882 haud
1389 826 1572 880 dubie
1627 830 1768 878 sunt
1822 822 1900 878 illi

239 917 478 982 milites,
513 932 666 988 quos
717 916 979 985 elogium
1037 917 1280 971 citatum
1328 919 1533 970 narrat
1583 913 1903 986 projecisse

235 1006 469 1062 balteos
499 1021 702 1061 coram
737 1005 981 1076 praeside
1012 1003 1283 1076 exemplo
1300 1006 1354 1060 S.
1377 1003 1617 1058 Eudoxii
1647 1003 1905 1069 ;utrobi-

234 1111 352 1167 que
375 1095 558 1159 enim,
589 1096 769 1150 etiam
801 1095 857 1149 in
888 1097 1041 1150 Actis
1071 1101 1127 1149 et
1161 1111 1271 1148 ms.
1321 1093 1644 1163 Menologio
1701 1092 1902 1148 Slavo-

235 1185 501 1249 Russico,
534 1200 604 1240 ac
636 1184 962 1255 Synaxario
990 1183 1278 1239 Ruthenio
1315 1181 1470 1237 infra
1513 1180 1904 1236 memorando

233 1269 398 1324 idem
426 1273 512 1324 est
537 1284 824 1324 numerus
858 1273 1010 1336 1104,
1053 1285 1160 1324 nec
1194 1268 1376 1324 ullum
1411 1271 1659 1338 apparet
1688 1264 1905 1320 distin-

233 1358 448 1413 ctionis
492 1358 976 1412 fundamentum.

306 1452 356 1502 6.
395 1446 818 1502 Desiderantur
839 1446 1025 1502 sancti
1065 1447 1246 1501 nostri
1279 1447 1336 1501 in
1359 1445 1598 1501 duobus
1627 1450 1905 1499 Armeno-

232 1553 369 1590 rum
403 1535 746 1604 Menologiis
777 1535 854 1590 ab
877 1534 1389 1591 Assemanoeditis
1417 1540 1581 1590 tomo
1602 1535 1666 1587 111
1693 1532 1907 1587 Biblio-

233 1625 420 1680 theca:
471 1623 780 1680 Orientalis
830 1624 1540 1691 Clementino-Vaticanae,
1601 1637 1738 1692 pag.
1798 1624 1904 1676 645

2010 481 2127 520 non
2162 468 2366 538 paucis
2406 471 2580 524 anuis
2603 470 2838 540 elapsis,
2866 487 3004 524 cum
3034 470 3434 528 Diocletianus
3487 475 3677 546 impe-

2011 554 2164 610 rium
2204 557 2457 628 adeptus
2488 567 2664 620 esset,
2688 559 2984 613 Eudoxius
3010 576 3213 615 comes
3231 563 3454 632 capites
3475 563 3681 633 plexus

2011 650 2100 698 est
2140 661 2274 700 cum
2307 649 2538 702 Zenone
2573 655 2628 703 et
2655 650 2928 717 Macario,
2959 648 3068 720 ἅμα
3114 653 3206 700 σὺν
3252 657 3354 710 τοῖς
3394 651 3480 702 ὑπ’
3514 653 3681 704 αὐτῶν

2015 742 2381 808 στρατιώταις,
2439 741 2522 788 τὸν
2582 736 2799 811 ἀριθμὸν
2857 735 2975 790 οὖσι
3053 739 3250 810 χιλίοις
3309 741 3486 792 ἑκατὸν
3540 746 3684 816 τριά-

2012 841 2169 874 κοντα
2194 828 2476 899 τέσσαρσιν
2501 827 2560 880 id
2592 833 2698 894 est,
2745 844 2862 882 una
2898 843 3032 882 cum
3090 827 3398 896 militibus,
3447 831 3549 901 qui
3598 831 3682 884 eis

2016 912 2328 981 parebant,
2364 931 2614 970 numero
2670 915 2829 969 mille
2858 921 3097 971 centum
3129 917 3367 986 triginta
3400 926 3681 989 quatuor.

2013 1001 2068 1053 Ἡ
2126 1003 2184 1054 δὲ
2242 1003 2408 1055 αὐτῶν
2465 1004 2670 1066 σύναξις
2722 1005 2939 1056 τελεῖται
2998 1005 3044 1057 ἐν
3103 1015 3170 1076 τῷ
3238 1013 3534 1081 μαρτυρείῳ
3591 1015 3684 1060 τοῦ

2016 1091 2102 1161 αγ.
2158 1097 2448 1164 Προκοπὶου
2508 1090 2651 1145 ἔνδον
2701 1101 2789 1145 τοῦ
2849 1094 2933 1165 ἀγ.
2993 1117 3049 1167 μ..
3109 1102 3278 1154 Μηνᾶ.
3344 1097 3686 1153 Celebratnr

2016 1186 2216 1234 autem
2251 1183 2514 1252 ipsorum
2549 1181 2838 1236 memoria
2866 1182 2923 1236 in
2970 1185 3232 1239 oratorio
3291 1186 3344 1239 S.
3388 1186 3681 1256 Procopii,

2015 1268 2177 1339 quod
2212 1278 2297 1323 est
2325 1269 2382 1323 in
2416 1271 2636 1341 templo
2666 1273 2720 1326 S.
2751 1274 2816 1326 M.
2870 1275 3068 1327 Mente.
3108 1295 3128 1322 ι
3175 1276 3252 1328 De
3280 1291 3448 1330 sacra
3505 1275 3627 1329 tede
3650 1291 3684 1329 a

2018 1356 2406 1412 Constantino
2442 1361 2652 1428 Magno
2705 1359 2902 1416 dicata
2950 1368 3154 1416 sancto
3203 1365 3381 1418 Mente
3438 1363 3681 1435 martyri

2017 1451 2209 1515 potest
2259 1446 2442 1502 videri
2521 1449 2796 1518 Cangius,
2851 1449 3004 1504 libro
3049 1466 3102 1505 iv
3149 1451 3685 1521 Constantinopolis

2017 1536 2382 1600 Christianis,
2437 1543 2578 1591 sect.
2611 1537 2662 1600 9,
2692 1554 2856 1592 num.
2918 1541 3022 1602 62;
3089 1539 3311 1596 ibidem
3371 1557 3536 1596 num.
3591 1543 3680 1607 38,

2015 1624 2302 1694 templum
2337 1628 2390 1680 S.
2428 1627 2651 1681 Eudoxi
2685 1633 3100 1682 consecratum
3135 1629 3310 1683 fuisse
3370 1631 3588 1686 saeculo
3629 1647 3682 1686 IV

232 1721 290 1769 et
308 1715 414 1771 649
449 1733 461 1780 ;
507 1719 566 1770 at
621 1714 681 1768 in
722 1730 834 1771 ms.
893 1713 1172 1785 Catalogo
1231 1721 1573 1768 sanctorum
1634 1711 1902 1766 Armenis
1935 1731 1979 1785 Β
2015 1713 2106 1767 vel
2135 1729 2192 1777 v,
2224 1720 2423 1769 narrat
2444 1715 2535 1769 his
2554 1715 2776 1769 verbis:
2812 1717 3358 1772 «S.l£udoxi0&3des
3382 1725 3681 1775 exstructa

231 1803 689 1868 celebratorum,
716 1819 898 1874 quem
932 1803 1336 1874 Papebrochio
1367 1801 1528 1858 misit
1552 1803 1616 1856 D.
1654 1801 1896 1855 Ludovi-

229 1908 339 1948 cus
398 1894 640 1965 Picques
698 1891 903 1947 doctor
962 1891 1341 1956 Sorbonicus,
1419 1891 1547 1946 haec
1610 1905 1777 1944 num.
1836 1892 1902 1943 50

225 1981 550 2051 leguntur:
613 2004 640 2030 ‹‹
707 1981 1134 2036 Testimonium
1191 1982 1246 2036 S.
1310 1980 1576 2036 Euductii
1624 1975 1900 2048 (Εύδξίου)

226 2071 331 2142 qui
373 2071 629 2126 Marinus
658 2075 901 2126 vocatus
929 2075 1042 2125 est.
1087 2071 1228 2124 ltem
1275 2069 1501 2125 Romeli
1559 2074 1616 2124 et
1664 2067 1898 2134 Macari,

225 2162 330 2232 qui
373 2165 664 2231 martyres
698 2165 962 2230 tempore
992 2159 1628 2230 Trajani,Septembris
1648 2162 1834 2212 sexto.
1869 2175 1896 2206 »

224 2248 500 2305 Clemens
531 2249 810 2314 Galenus,
843 2246 949 2320 qui
982 2247 1202 2302 multos
1260 2263 1454 2303 annos
1509 2248 1567 2302 in
1621 2245 1893 2301 Armenia

225 2339 646 2393 missionarius
673 2337 800 2401 fuit,
859 2340 1078 2408 partet
1125 2335 1564 2391 Conciliationis
1629 2335 1895 2391 Ecclesiae

225 2427 497 2482 Armenta
512 2441 648 2480 cum
665 2427 934 2480 Romana
947 2425 1003 2478 in
1018 2424 1412 2480 Annotatione
1426 2424 1494 2480 ad
1511 2430 1684 2495 caput
1701 2429 1730 2478 '2
1757 2439 1893 2494 pag.

231 2519 318 2579 l6,
350 2516 502 2570 inter
541 2521 828 2586 martyres
866 2513 1086 2568 ibidem
1119 2529 1335 2585 passos
1374 2524 1640 2568 recenset
1698 2512 1898 2570 Eudo-

223 2604 416 2670 xium,
451 2605 766 2667 Zenomen,
823 2603 1142 2658 Macarium
1176 2605 1486 2670 sociosque
1526 2603 1638 2656 sub
1680 2600 1898 2656 Diocle-

227 2695 390 2749 tiano
423 2692 766 2759 ;atRomnli
795 2708 1099 2764 nusquam
1129 2690 1416 2748 meminit.
1444 2694 1618 2746 Porro
1641 2690 1897 2745 eximius

222 2782 570 2854 Picquesius
613 2785 837 2845 monet,
887 2780 1238 2852 praedictum
1288 2779 1640 2850 Catalogum
1697 2779 1897 2835 Latine

220 2887 467 2927 versum
495 2887 622 2926 esse
648 2886 720 2925 ex
760 2870 983 2940 ingenti
1027 2869 1203 2939 regiae
1261 2869 1634 2925 bibliothecas
1696 2868 1897 2924 codice

222 2960 510 3016 Armenio
539 2962 609 3016 N°
644 2960 768 3023 314.
824 2957 1158 3014 uncialibus
1208 2958 1412 3013 litteris
1484 2958 1702 3030 scripto
1759 2963 1896 3013 ante

2013 1802 2261 1873 patricio
2283 1810 2336 1857 et
2379 1803 2672 1874 praefecto,
2706 1807 3091 1860 Constantino
3132 1809 3198 1860 Μ.
3251 1808 3599 1877 imperante,
3631 1808 3679 1862 si

2011 1908 2132 1962 qua
2154 1891 2302 1945 fides
2329 1893 2551 1946 Codino
2585 1908 2719 1962 pag.
2754 1895 2858 1948 394
2888 1902 3042 1948 certe
3082 1894 3412 1950 Eudoxium
3472 1895 3679 1968 praefe-

2012 1987 2171 2035 ctum
2202 1981 2475 2052 praetorio
2508 1980 2614 2034 sub
2645 1981 2974 2038 Theodosio
3000 1984 3237 2052 juniore
3283 1984 3495 2040 vixisse
3527 1985 3680 2040 indi-

2011 2077 2145 2124 cant
2173 2069 2332 2140 leges
2357 2068 2603 2142 aliquod
2631 2069 2688 2124 in
2712 2071 2854 2126 Cod.
2883 2072 2986 2126 Th.

2079 2200 2114 2260 §
2140 2196 2202 2249 ll.
2231 2197 2323 2250 An
2353 2198 2586 2253 sanatio
2611 2195 2936 2251 Iustiniani
2970 2197 3344 2264 imperatoris
3390 2199 3681 2267 martyri-

2011 2267 2114 2322 bus
2134 2267 2287 2322 hisce
2298 2271 2649 2326 ascribenda
2663 2272 2757 2323 sit.
2785 2269 2809 2321 1
2827 2269 3123 2324 Numerus
3143 2269 3202 2321 S.
3221 2268 3486 2323 Eudoxii
3503 2269 3684 2324 socio-

2007 2353 2162 2402 rum;
2186 2340 2464 2410 ﬁgmenta
2495 2342 2566 2397 de
2584 2343 2646 2398 S.
2665 2341 2922 2403 Romulo;
2939 2341 3058 2410 ejus
3074 2340 3266 2394 cultus
3288 2341 3347 2393 in
3370 2340 3678 2408 Hispania,

2005 2411 2230 2483 quando
2268 2415 2320 2464 et
2349 2413 2446 2467 ubi
2473 2421 2766 2483 martyres
2794 2415 2974 2475 passi.
3001 2411 3151 2465 Acta
3202 2411 3424 2480 Graeca,
3475 2418 3528 2466 et
3570 2413 3683 2468 Ba-

2010 2481 2160 2535 ronii
2186 2486 2530 2552 conjectura
2572 2481 2652 2540 de
2681 2483 2842 2538 mille
2872 2483 3177 2536 militibus.

2008 2607 2290 2661 Baronius
2331 2607 2390 2662 in
2437 2607 2845 2662 Notationibus
2895 2605 2972 2660 ad
3024 2604 3503 2676 Martyrologium
3565 2607 3681 2661 Ro-

2007 2711 2253 2750 manum
2288 2697 2400 2750 hac
2437 2695 2533 2750 die
2554 2694 3112 2765 scribitsequentia:
3142 2713 3164 2741 ‹‹
3201 2695 3278 2746 Ex
3309 2693 3524 2747 horum
3565 2695 3680 2749 mi-

2005 2783 2172 2838 litum
2203 2799 2476 2850 numero,
2513 2785 2618 2855 qui
2648 2783 2915 2839 Melitinaa
2971 2781 3030 2835 in
3069 2782 3350 2835 Armenia
3407 2783 3681 2837 coronati

2006 2878 2162 2936 sunt,
2213 2878 2429 2944 quator
2474 2889 2647 2928 sacra
2703 2886 2956 2943 corpora
3020 2869 3217 2924 delata
3264 2868 3680 2926 Constantino-

2008 2961 2211 3034 polim,
2240 2967 2472 3033 reperta
2501 2967 2642 3017 sunt
2695 2959 3066 3031 temporibus
3111 2959 3428 3014 Justiniani
3480 2959 3625 3031 imp.
3660 2999 3674 3024 ,

219 3065 420 3106 annos
445 3049 523 3104 ab
553 3049 666 3105 hoc
698 3049 831 3103 1687
865 3048 1092 3104 circiter
1110 3054 1451 3112 sexcentos;
1478 3047 1582 3103 sed
1609 3048 1894 3119 interpre-
1929 3084 1968 3138 ρ
2006 3066 2263 3122 quorum
2296 3050 2586 3106 beneﬁcio
2628 3050 2953 3121 imperator
2970 3047 3169 3103 lethali
3201 3046 3413 3102 morbo
3440 3055 3681 3104 curatus

219 3144 671 3206 tem,Oscanum
685 3138 1204 3208 archiepiscopum
1222 3137 1737 3202 Armenum,hand
1753 3137 1896 3191 satis

219 3227 483 3297 peritum
513 3226 708 3282 titulos
731 3226 1034 3281 incondite
1055 3225 1310 3280 dictasse
1362 3226 1738 3290 amanuensi,
1773 3225 1895 3280 imo

217 3322 278 3371 et
316 3315 618 3370 nonnulos
639 3315 929 3370 omisisse.
962 3313 1136 3370 Addit
1157 3316 1216 3370 in
1240 3314 1447 3371 litteris
1471 3315 1895 3387 posterioribus

216 3403 496 3474 ejusdem
527 3402 841 3466 anni1687,
889 3419 953 3458 se
983 3402 1301 3459 dumtaxat
1340 3420 1529 3476 usque
1575 3419 1894 3459 numerum

216 3492 290 3547 35
337 3491 617 3547 inclusive
653 3492 916 3548 Latinam
966 3491 1303 3548 versionem
1364 3509 1503 3548 cum
1563 3497 1722 3548 textu
1788 3495 1895 3546 Ar-

219 3597 403 3638 meno
433 3579 800 3637 contulisse:
871 3581 1037 3654 quod
1092 3581 1321 3638 utinam
1377 3582 1465 3638 vir
1516 3582 1787 3638 eruditus
1841 3586 1898 3638 et

219 3670 699 3726 humanissimus
743 3669 987 3742 reliquis
1053 3671 1148 3726 lli
1203 3671 1468 3726 numeris
1525 3671 1772 3737 fecisset,
1820 3670 1894 3725 si-

220 3759 478 3831 mulque
506 3757 734 3814 omissa
764 3760 842 3812 ab
893 3757 1129 3814 Oscano
1175 3759 1588 3831 supplevisset.
1640 3759 1898 3814 Meminit

219 3862 469 3918 quoque
499 3846 576 3901 ad
603 3846 879 3902 eamdem
931 3847 1090 3902 diem
1140 3849 1196 3904 S.
1249 3850 1318 3902 M.
1372 3847 1895 3918 EudoxiiSynaxa-

218 3936 384 3992 rium
401 3934 793 3991 Ruthenicum
820 3952 954 3999 ms.,
978 3936 1137 4007 quod
1155 3951 1316 3992 anno
1340 3937 1472 3991 1688
1498 3940 1737 3994 Moscua
1756 3937 1897 3992 sub-

220 4025 383 4082 misit
410 4030 609 4080 noster
654 4024 770 4080 illic
801 4025 1217 4081 missionarius
1255 4041 1311 4097 p.
1351 4026 1640 4096 Georgius
1685 4027 1891 4094 David,

219 4113 456 4170 addens
482 4113 543 4168 in
575 4113 693 4168 ﬁne
742 4115 1134 4185 Synaxarium
1187 4115 1344 4170 istud
1397 4131 1524 4170 esse
1573 4131 1894 4172 commune

220 4203 331 4259 toti
361 4201 628 4258 ecclesias
658 4201 1024 4258 Ruthenicm.
1066 4203 1239 4258 Aliud
1267 4204 1565 4274 peculiare
1614 4205 1892 4262 dicecesis

224 4290 598 4359 Kiioviensis,
647 4291 860 4346 eodem
904 4293 1240 4362 interprete,
1271 4293 1349 4348 ita
1379 4293 1560 4349 habet
1601 4312 1613 4350 :
1659 4314 1685 4345 α
1743 4298 1802 4350 Et
1834 4297 1890 4352 S.

221 4381 297 4436 Μ.
334 4380 601 4443 Eudoxii,
637 4389 692 4435 et
717 4397 856 4436 cum
887 4397 956 4435 eo
1001 4382 1153 4436 1104.
1191 4404 1217 4430 ››

296 4470 351 4523 7.
398 4472 530 4523 Mss.
583 4471 760 4524 Mena:
815 4471 1014 4526 Graeca
1057 4470 1432 4526 bibliothecae
1483 4472 1892 4529 Ambrosianus

223 4562 282 4614 et
313 4557 414 4611 PP.
464 4557 909 4612 Dominicarum
958 4565 1289 4614 conventus
1340 4560 1395 4615 S.
1453 4562 1627 4615 Marci
1667 4561 1895 4616 Floren-

223 4646 343 4709 tiae,
373 4662 442 4700 ac
472 4646 955 4718 supplementum
987 4647 1063 4703 ad
1096 4650 1312 4703 Menasa
1337 4665 1559 4705 excusa
1583 4649 1894 4707 collectum

224 4751 296 4791 ex
312 4737 414 4791 Ms.
431 4736 762 4807 Synaxario
778 4736 1242 4792 membranaceo
1256 4737 1502 4809 antiquo
1522 4739 1578 4794 P.
1596 4739 1894 4794 Sirmondi

226 4826 284 4882 S.
319 4824 634 4879 Romulum
667 4830 803 4880 ante
829 4825 977 4879 alios
1007 4828 1384 4894 annuntiant,
1427 4829 1623 4899 prima
1649 4829 1894 4901 quidem

223 4913 340 4968 hoc
364 4911 592 4967 modo:
638 4932 666 4963 ‹‹
710 4913 958 4985 Romyli,
999 4914 1268 4979 Eudoxii,
1327 4919 1596 4982 Zenonis,
1662 4918 1896 4974 Macarii

225 5004 318 5067 M.,
355 5021 379 5051 ι
417 5001 599 5056 altera
636 5001 868 5057 titulum
915 5002 1166 5065 addunt,
1211 5024 1234 5054 α
1289 5007 1573 5062 Romulus
1612 5007 1898 5079 praeposi-

223 5094 343 5154 tus,
368 5089 686 5158 Eudoxius,
749 5090 942 5146 Zenon
999 5092 1284 5148 Macarius
1326 5110 1338 5159 ;
1384 5114 1411 5146 ι)
1456 5095 1690 5150 tertium
1760 5112 1898 5152 vero

226 5177 426 5234 Graece
494 5179 576 5233 ita
652 5178 870 5247 habet;
939 5199 966 5230 «
1043 5182 1245 5236 Passio
1301 5185 1394 5238 SS.
1446 5185 1571 5238 MM.
1637 5185 1893 5250 Romuli,

228 5267 496 5335 Eudoxii,
531 5268 786 5322 Zenonis
816 5273 870 5323 et
919 5269 1170 5323 Macarii.
1219 5293 1246 5319 ››
1290 5271 1558 5342 Elogium
1615 5273 1898 5343 subjunc-

227 5362 351 5412 tum
385 5357 668 5428 quaedam
701 5356 779 5410 ab
802 5356 956 5410 Actis
1005 5357 1242 5414 diversa
1307 5363 1586 5427 continet,
1643 5362 1896 5434 proinde

227 5445 288 5500 in
314 5460 512 5515 pauca
547 5443 606 5498 id
637 5444 944 5500 contraho.
979 5464 1006 5495 «
1052 5449 1129 5502 Ex
1161 5448 1320 5504 hisce
1353 5451 1574 5506 sanctis
1607 5451 1892 5506 Romulus

229 5531 729 5608 praepositussub
755 5534 1008 5604 Trajano
1047 5536 1408 5608 imperatore
1430 5538 1762 5597 decollatus
1783 5546 1892 5597 est.

2005 3144 2112 3195 est.
2166 3142 2306 3196 Rem
2356 3147 2585 3212 gestam
2638 3138 2940 3210 perpetuis
2983 3137 3224 3206 dignam
3269 3137 3680 3193 monumentis

2007 3229 2355 3300 conscripsit
2395 3229 2738 3299 Procopius,
2772 3226 2872 3281 lib.
2908 3242 2925 3281 ι
2959 3227 3040 3280 De
3077 3225 3309 3292 mitiﬁcis
3353 3225 3682 3280 Justiniani

2004 3318 2398 3386 imperatoris.
2433 3337 2459 3368 »
2499 3315 2902 3371 lnventionem
2940 3315 3153 3368 harum
3199 3313 3581 3384 reliquiarum
3618 3314 3680 3368 in

2007 3406 2229 3476 templo
2263 3409 2317 3462 S.
2344 3409 2537 3460 lrenes
2569 3411 2637 3456 Μ.
2675 3445 2689 3468 ,
2723 3411 2778 3458 et
2820 3403 3178 3458 beneﬁcium
3209 3401 3541 3456 sanationis
3575 3418 3680 3473 per

2007 3511 2107 3550 eas
2153 3495 2480 3550 Iustiniano
2556 3492 2886 3565 praestitum
2951 3508 3021 3546 ex
3098 3490 3310 3545 eodem
3389 3490 3678 3562 Procopio

2009 3584 2355 3640 Caesariensi
2395 3583 2569 3638 refert
2612 3582 2691 3637 ad
2745 3595 2973 3635 annum
3028 3579 3240 3635 Christi
3298 3581 3405 3633 500
3454 3580 3680 3634 num.2

2009 3672 2222 3726 Verum
2254 3670 2595 3744 ProcOpins,
2639 3685 2798 3725 anno
2832 3667 2971 3722 i663
3017 3683 3151 3721 cum
3196 3668 3677 3738 interpretatione

2007 3759 2190 3816 nostri
2223 3759 2448 3816 Claudii
2471 3758 2712 3815 Maltreti
2753 3757 2990 3812 Parisiis
3026 3755 3246 3818 editus,
3289 3754 3442 3809 libro
3478 3771 3517 3821 ι,
3551 3771 3682 3826 cap.

2005 3850 2036 3900 7
2069 3864 2189 3904 non
2221 3848 2402 3904 habet
2439 3853 2674 3920 quator,
2704 3845 2810 3900 sed
2842 3845 2946 3916 οὐχ
2977 3845 3146 3901 ἧσσον
3192 3843 3220 3901 ἡ
3265 3845 3676 3916 τεσσαράκοντα,

2005 3937 2065 3993 id
2105 3944 2210 4005 est,
2255 3953 2375 3994 non
2417 3938 2615 3992 minus
2661 3951 2846 4007 quam
2897 3933 3304 4006 quadraginta
3367 3948 3380 3996 ;
3429 3939 3483 3987 et
3548 3932 3683 3989 licet

2007 4026 2228 4082 subdat
2265 4026 2372 4081 hns
2393 4027 2574 4080 fuisse
2597 4024 2904 4081 Romanos
2941 4022 3150 4078 milites
3179 4021 3430 4092 legionis
3457 4021 3684 4078 duode-

2005 4116 2193 4180 cimae,
2222 4132 2405 4186 quam
2446 4114 2588 4170 olim
2617 4112 3023 4168 stationariam
3044 4109 3258 4166 habuit
3297 4109 3440 4164 urbs
3473 4115 3683 4165 Arme-

2006 4206 2116 4260 niae
2145 4204 2403 4260 Melitene
2437 4221 2450 4272 ;
2485 4219 2608 4273 npn
2640 4209 2840 4257 tamen
2871 4200 3010 4256 dicit
3058 4200 3118 4254 in
3167 4214 3238 4254 ea
3270 4198 3414 4254 urbe
3462 4205 3684 4271 marty-

2004 4295 2156 4350 rium
2199 4309 2324 4348 esse
2357 4308 2588 4363 passos.
2625 4291 2766 4346 Hinc
2793 4289 3047 4344 dubium
3070 4293 3179 4351 est,
3204 4304 3280 4343 an
3303 4304 3559 4359 corpora
3582 4288 3622 4342 il
3650 4305 3686 4343 a

2005 4383 2215 4438 fuerint
2242 4381 2580 4453 aliquorum
2607 4395 2678 4432 ex
2708 4377 3008 4432 hodiernis
3043 4375 3190 4431 milit
3217 4376 3354 4440 bus,
3381 4382 3436 4432 et
3467 4391 3684 4431 conse-

2003 4477 2248 4544 quenter
2278 4487 2355 4524 an
2404 4470 2546 4540 ipsis
2585 4467 2825 4524 ascribit
2870 4467 3088 4522 debeat
3144 4472 3449 4537 patratum
3506 4465 3685 4521 mira-

2003 4561 2205 4616 culum
2235 4559 2660 4622 Tillemontius,
2692 4565 2851 4612 tomo
2882 4558 2927 4612 ll
2952 4557 3469 4611 Monumentorum
3511 4557 3687 4611 eccle-

2003 4653 2374 4706 siasticorum
2398 4649 2672 4703 secundm
2703 4645 2999 4710 editionis,
3034 4661 3170 4715 pag.
3197 4648 3299 4698 514
3334 4645 3678 4715 suspicatur

2006 4740 2185 4795 fuisse
2215 4738 2492 4810 reliquias
2515 4736 2841 4792 celebrium
2864 4738 2933 4790 40
2956 4737 3277 4804 Martyrum
3330 4735 3682 4789 Sebasteno-

2005 4845 2160 4893 rum,
2187 4844 2323 4900 quas
2355 4843 2534 4898 prope
2566 4823 3140 4894 Constantinopolim
3186 4821 3298 4876 sub
3347 4822 3681 4878 Theodosio

2009 4921 2048 4974 ll
2079 4918 2332 4973 inventae
2363 4923 2518 4983 sunt,
2548 4916 2621 4969 de
2661 4913 2881 4985 quibus
2905 4911 2980 4967 ad
3023 4911 3186 4966 diem
3219 4928 3253 4965 x
3298 4911 3500 4966 Martii.

2079 5011 2130 5062 9.
2162 5005 2566 5061 Tillemontius
2590 5004 2803 5058 citatus
2830 5016 3149 5056 numerum
3211 5002 3264 5056 S.
3301 4999 3545 5054 Eudoxii
3596 5017 3682 5054 so-

2005 5097 2240 5152 ciorum
2281 5098 2461 5162 auget
2504 5091 2800 5147 trecentis.
2863 5091 3069 5145 Scribit
3127 5089 3288 5143 enim
3358 5088 3519 5156 1404,
3578 5105 3684 5160 pro

2005 5187 2165 5251 1104,
2208 5184 2387 5255 idque
2439 5182 2530 5236 bis
2580 5181 2814 5251 reperit,
2875 5178 3137 5248 allegans
3186 5180 3406 5233 Mentea
3463 5193 3682 5247 magna

2005 5274 2347 5329 Graecorum
2411 5269 2685 5324 editionis
2766 5270 2994 5322 Venetae
3041 5266 3183 5322 anni
3257 5266 3404 5321 1528.
3495 5267 3682 5322 Editio

2005 5362 2102 5417 illa
2130 5359 2354 5416 mihiad
2374 5374 2623 5413 manum
2640 5372 2756 5410 non
2777 5361 2884 5422 est;
2902 5355 3004 5409 sed
3029 5353 3315 5426 quoniam
3334 5354 3392 5408 in
3425 5357 3680 5422 Menaeis,

2005 5467 2136 5522 qua
2169 5465 2327 5504 anno
2360 5449 2496 5503 1595
2523 5443 2774 5501 Venetiis
2813 5443 3186 5514 prodierunt,
3234 5443 3290 5498 in
3354 5444 3682 5515 Menologio

2007 5538 2330 5596 cardinalis
2388 5535 2598 5600 Sirleti,
2636 5533 2848 5590 Actisa
2897 5531 3287 5606 Metaphraste
3327 5534 3683 5608 conscriptis
