4096 6220
521 259 623 313 615

1848 246 2107 304 MENSIS
2149 245 2600 310 SEPTEMBER.

3819 258 3914 313 616

521 389 576 439 et
597 382 731 439 alibi
763 384 1184 453 computantur
1220 379 1508 434 duntaxat
1551 379 1684 434 1104
1717 377 2029 444 ;existimo
2067 372 2172 428 Til-
2205 376 2246 428 A
2282 373 2420 431 huic
2443 381 2527 431 tot
2557 378 2947 435 abversantur
2971 383 3348 449 argumenta,
3372 381 3778 452 quotBomulo
3799 399 3917 440 aevo

517 471 867 527 lemontium
898 485 1209 542 perperam
1243 471 1439 524 Graeca
1470 469 1731 523 vertisse.
1777 466 1942 521 Unde
1973 468 2174 518 autem

519 561 576 616 in
619 560 1046 632 Supplemento
1093 558 1170 612 ad
1202 561 1418 612 Menaaa
1470 572 1712 619 excusa,
1769 553 1939 626 cujus
1992 550 2177 606 verba

518 649 655 705 dedi
679 665 842 704 num.
876 651 927 713 7,
944 647 1020 702 ad
1047 647 1362 718 praedictos
1379 647 1404 699 1
1420 649 1517 700 104
1530 647 1887 700 accesserint
1913 641 2172 710 triginta,

518 743 890 810 compertum
921 753 1042 792 non
1073 737 1268 790 habeo
1298 753 1309 791 ς
1334 751 1527 806 neque
1545 735 1624 789 ob
1645 733 1835 789 solam
1856 719 2177 802 Synaxarii

517 827 914 883 Sirmondiani
942 825 1352 880 auctoritatem
1383 840 1697 878 numerum
1740 823 1797 876 in
1836 817 2175 890 Martyrolo-

518 917 617 985 gio
675 920 938 971 Romano
1026 913 1387 983 descriptum
1465 927 1684 979 augere
1741 908 1925 965 volui.
1987 907 2076 962 Ad
2115 905 2171 960 S.

519 1005 834 1061 Romulum
875 1004 1040 1075 quod
1088 1003 1313 1069 attinet,
1380 1017 1516 1056 eum
1573 1000 2054 1055 Pseudo—Dexter
2112 995 2173 1049 in

518 1095 806 1151 Chronico
837 1094 913 1147 ad
938 1108 1166 1147 annum
1195 1091 1404 1146 Christi
1448 1092 1547 1145 100
1581 1106 1749 1145 num.
1783 1093 1814 1142 2
1849 1090 2172 1158 Hispanum

515 1182 656 1238 facit
676 1199 742 1237 ac
780 1185 1034 1250 Trajano
1077 1179 1491 1250 homopolum,
1541 1180 1623 1233 ita
1663 1176 1974 1232 scribens:
2020 1194 2048 1224 «
2111 1173 2167 1227 S.

518 1272 807 1327 Romulus
849 1270 1080 1338 Trajani
1139 1269 1382 1323 Cmsaris
1425 1268 1737 1339 praefectus
1793 1264 1987 1336 patria
2020 1261 2171 1318 Itali-

516 1361 729 1425 censis,
757 1360 1055 1429 Hispanus
1077 1359 1135 1411 in
1165 1358 1503 1428 Hispaniam
1537 1356 1613 1411 ab
1641 1356 1852 1410 eodem
1871 1353 2170 1420 relegatus

514 1452 573 1506 in
601 1450 906 1506 Celtiberia
941 1447 1175 1518 patitur.
1209 1467 1232 1496 υ
1277 1450 1497 1518 lNempe
1537 1444 1832 1501 innumeri
1879 1449 2170 1513 martyres

517 1540 592 1595 ad
625 1538 917 1594 Orientem
946 1538 1128 1607 passi,
1171 1552 1429 1607 quorum
1461 1536 1749 1590 duntaxat
1787 1531 2056 1588 meminit
2099 1546 2169 1585 ex

516 1627 775 1698 antiquis
805 1629 1138 1681 Graecorum
1165 1625 1576 1694 Menologium,
1606 1621 2172 1678 Pseudo-Archime-

2284 462 2383 518 illo
2406 480 2579 535 pares
2621 482 2750 522 esse
2782 475 3120 539 potuerunt,
3168 469 3390 524 nedum
3433 485 3609 541 pares
3639 471 3915 527 vixerunt.

2286 551 2585 609 Habemus
2619 561 2894 612 Actorum
2929 557 3108 612 verba
3133 573 3243 629 pro
3273 557 3431 612 mille
3459 559 3699 613 testibus
3727 577 3739 614 :
3773 561 3920 617 Tunc

2284 641 2610 699 adductum
2662 644 2983 715 (Onesium)
3026 647 3108 702 ad
3160 647 3428 703 tribunal
3491 648 3741 703 Tertulli
3805 666 3919 704 cum

2284 728 2534 786 Romulo
2577 732 2848 801 adjutore
2877 740 2929 790 et
2952 734 3141 803 Papia
3179 735 3487 803 spirituuli
3523 738 3918 803 commilitone,

2283 816 2668 891 interrogavit
2699 824 3026 889 Tertullus,
3055 825 3282 881 dicens:
3314 823 3487 889 Quies
3509 823 3538 879 7

2359 912 2440 962 12.
2489 930 2517 961 «
2556 910 2738 966 Plane
2781 912 2871 967 vel
2923 913 3020 967 hic
3077 912 3395 968 Onesimus
3441 915 3537 969 ille
3580 915 3920 970 Philemonis

2285 998 2673 1055 Collossensis
2699 1016 2926 1067 servus,
2960 1002 3034 1056 de
3064 1018 3186 1073 quo
3219 1004 3340 1072 agit
3374 1003 3591 1058 Paulus
3628 1005 3920 1075 Apostolus

2283 1089 2545 1160 Epistola
2576 1090 2653 1144 ad
2685 1090 2931 1156 Philem,
2962 1098 3141 1163 atque
3165 1091 3323 1147 idem
3369 1093 3704 1164 Ephesinus
3733 1099 3917 1165 postea

2280 1178 2623 1250 episcopus,
2667 1183 2729 1234 ut
2785 1186 3038 1250 apparet
3089 1195 3161 1235 ex
3208 1181 3468 1252 Epistola
3509 1183 3566 1237 S.
3620 1183 3818 1250 Ignatii
3853 1182 3918 1237 ad

2282 1265 2608 1337 Ephesios;
2653 1267 2744 1323 vel
2802 1274 3029 1340 martyr
3071 1269 3226 1324 alius
3276 1271 3371 1326 SS.
3431 1270 3922 1342 AlphiiPhiladel—

2281 1356 2478 1426 phiiet
2520 1357 2717 1427 Cyrini
2752 1364 3100 1428 praeceptor,
3157 1359 3411 1414 Puteolis
3474 1367 3575 1415 aut
3634 1360 3690 1414 in
3749 1358 3919 1415 Sicilia

2283 1461 2401 1500 una
2431 1460 2570 1499 cum
2591 1445 2661 1499 iis
2703 1461 2941 1516 passus,
2984 1447 3151 1518 quod
3200 1448 3392 1518 magis
3449 1450 3643 1520 placet
3687 1447 3919 1503 Ferrario

2280 1533 2338 1587 in
2389 1533 2573 1588 Catal.
2625 1534 2984 1590 Sanctorum
3036 1540 3096 1590 19
3133 1536 3435 1592 Februarii
3481 1542 3537 1592 et
3578 1537 3636 1592 31
3697 1536 3838 1599 Julii,
3874 1541 3919 1590 et

2283 1621 2655 1677 Henschenio
2693 1626 2838 1677 tom.
2877 1626 2918 1676 ll
2954 1623 3254 1679 Februarii
3282 1640 3424 1697 pag.
3458 1626 3584 1692 858,
3632 1640 3792 1679 num.
3845 1628 3915 1688 15,

515 1717 606 1771 dis
641 1717 817 1784 hujus
839 1714 1077 1784 (Dextri)
1097 1714 1350 1784 operain
1377 1715 1488 1769 hos
1514 1718 1735 1767 tractus
1758 1719 2169 1781 terrarumque
2206 1720 2250 1775 Β
2281 1709 2742 1783 confudisseque
2772 1712 3228 1783 Metaphrastem
3264 1713 3579 1785 utriusque
3606 1729 3697 1769 res
3721 1717 3914 1782 gestas.

513 1806 716 1868 ﬁnem,
793 1803 987 1859 Gades
1047 1803 1404 1858 transferunt
1459 1803 1650 1872 inquit
1727 1802 1816 1855 vir
1890 1804 2168 1866 spectatas

513 1893 859 1948 eruditionis
924 1895 982 1946 D.
1042 1892 1314 1946 Nicolaus
1371 1891 1660 1946 Antonius
1714 1890 1772 1944 in
1834 1889 2038 1943 litteris
2092 1887 2169 1942 ad

515 1982 865 2038 Bollandum
889 1981 1044 2035 datis
1069 1996 1227 2035 anno
1252 1980 1409 2035 1658.
1428 1980 1578 2044 Quid
1596 1995 1737 2033 vero
1762 1977 2064 2049 speciatim
2096 1976 2169 2030 de

515 2073 568 2128 S.
613 2071 861 2127 Romulo
902 2069 1149 2124 senserit
1203 2071 1402 2140 accipe
1452 2085 1522 2123 ex
1577 2085 1720 2122 mss.
1763 2068 1947 2138 ipsius
2009 2071 2165 2136 post-

509 2160 730 2224 humis,
779 2175 914 2229 quae
974 2159 1234 2228 Cuperus
1290 2164 1491 2212 noster
1543 2172 1703 2212 anno
1765 2160 1893 2211 1721
1945 2154 2171 2212 Madriti

512 2264 734 2318 magna
764 2263 833 2301 ex
861 2253 1026 2317 parte
1057 2245 1387 2316 descripsit.

586 2341 666 2392 10.
705 2357 729 2386 α
779 2334 1098 2391 Romulum
1156 2340 1385 2406 oportet
1438 2332 1677 2405 quidem
1729 2333 1884 2406 apud
1935 2332 2172 2388 Graecos

511 2425 790 2498 martyrio
806 2423 1106 2479 sublatum
1129 2442 1140 2479 :
1158 2424 1464 2495 quomodo
1477 2423 1635 2479 enim
1648 2423 1832 2478 homo
1851 2422 2166 2493 Hispanus,

510 2520 566 2569 et
593 2515 653 2568 in
695 2511 977 2582 Hispania
1019 2528 1122 2583 pro
1157 2528 1290 2566 vera
1328 2511 1444 2567 fide
1475 2511 1726 2576 occisus,
1780 2527 2024 2565 omnem
2080 2510 2169 2564 sui

511 2602 864 2659 memoriam
933 2602 1008 2657 ad
1079 2605 1305 2657 Graecos
1365 2601 1874 2671 transportaverit,
1942 2599 2167 2654 nullam

509 2693 672 2747 domi
704 2699 758 2746 et
784 2691 948 2763 apud
980 2709 1119 2747 suos
1142 2690 1488 2762 reliquerit?
1529 2693 1606 2744 De
1632 2689 1745 2744 hoc
1782 2689 1994 2744 docere
2048 2704 2165 2743 non

508 2782 841 2837 debuerunt
854 2783 1018 2852 gravi
1034 2786 1509 2852 propugnatores
1525 2777 1973 2833 mendacissimi
1989 2777 2162 2833 Chro-

511 2873 643 2925 nici.
706 2874 770 2925 Et
819 2872 1078 2926 referunt
1127 2871 1238 2924 hoc
1283 2883 1556 2923 sermone
1587 2867 1766 2921 Graeci
1802 2867 2163 2921 occisionem

511 2961 808 3030 martyris,
862 2959 1090 3013 nullum
1118 2963 1178 3010 ut
1223 2956 1516 3027 relinquat
1555 2957 1753 3009 locum
1793 2955 2159 3021 relegationi.

512 3049 798 3102 Romulus
825 3048 1056 3111 dicitur,
1091 3051 1412 3117 postquam
1441 3045 1730 3099 suasisset
1767 3044 2019 3098 Traiano
2052 3046 2163 3098 mi-

509 3138 678 3191 litum
708 3136 1174 3190 Christianoruin
1199 3134 1445 3197 caedem,
1461 3133 1520 3187 in
1543 3149 1604 3187 se
1627 3148 1952 3187 conversus
1973 3133 2164 3188 credi-

514 3225 670 3280 disse
686 3226 744 3279 in
764 3225 1080 3288 Christum,
1105 3221 1971 3293 imperatoremqueimpietatis
1992 3239 2163 3277 accu-

515 3328 697 3369 sasse.
727 3335 753 3365 »
797 3316 941 3368 Tum
977 3311 1172 3367 subdit
1207 3311 1388 3366 verba
1423 3309 1706 3382 quaedam
1740 3327 1811 3366 ex
1843 3312 2162 3381 Menologio

518 3402 711 3457 Basilii
732 3408 788 3458 et
823 3417 893 3456 ex
944 3400 1355 3471 Metaphraste,
1424 3401 1563 3454 dein
1612 3400 1698 3455 sic
1743 3416 2158 3471 prosequens:

519 3511 549 3543 «
584 3491 821 3547 Nullum
852 3491 947 3546 hic
968 3491 1136 3546 fateri
1163 3505 1317 3561 opus
1350 3494 1439 3544 est
1470 3489 1844 3560 Hispaniensi
1861 3490 2161 3561 relegatio-

515 3582 624 3652 nis,
679 3580 1067 3652 Celtiberique
1116 3577 1384 3650 martyrii
1441 3577 1793 3649 vestigium;
1865 3579 2162 3650 siquidem

514 3669 838 3741 Trajanum
854 3671 910 3724 in
932 3668 1276 3740 Hispaniam
1302 3669 1537 3722 venisse
1555 3683 1964 3740 nunquam,ex
1982 3669 2161 3724 Dione

512 3765 567 3815 et
588 3759 720 3815 aliis
734 3759 1272 3830 compertissimum
1287 3761 1394 3811 est.
1418 3777 1445 3806 »
1466 3759 1758 3811 Hactenus
1782 3757 1855 3811 de
1901 3758 2162 3814 adducto

513 3849 784 3906 Chronici
842 3847 1014 3912 loco;
1075 3846 1239 3917 quob
1284 3847 1552 3917 sequitur
1607 3844 1735 3900 ferit
1783 3846 2161 3917 potissimum

509 3939 800 3994 Joannem
830 3939 1163 4007 Tamayum
1191 3937 1424 3992 Salazar
1443 3934 1915 4005 martyrologum
1964 3935 2162 4006 Hispa-

512 4044 678 4095 num,
708 4027 812 4098 qui
869 4027 926 4080 in
959 4026 1121 4081 Notis
1195 4025 1272 4080 ad
1323 4030 1352 4079 5
1423 4024 1781 4094 Septembris
1832 4023 1947 4079 alia
2012 4024 2162 4080 falsa

511 4133 582 4171 ex
617 4115 843 4171 Bivario
879 4113 1309 4185 superaddidit.

587 4210 668 4260 11.
708 4223 736 4255 «
773 4206 900 4259 Non
931 4208 1130 4259 autem
1162 4202 1419 4258 contenti
1483 4201 1733 4257 Romulo
1764 4200 1890 4257 cive
1922 4205 1976 4257 et
2010 4217 2161 4256 mar-

512 4297 640 4365 tyre
671 4291 862 4347 Dextri
891 4291 1149 4346 vindices
1173 4290 1433 4346 Bivarius
1463 4295 1518 4345 et
1544 4290 1826 4360 Tamajus
1858 4290 2159 4361 progressi

515 4386 652 4436 sunt
693 4381 955 4447 ulterius,
1019 4385 1074 4435 et
1123 4379 1289 4451 quod
1339 4379 1396 4433 in
1445 4378 1600 4433 Actis
1656 4378 1918 4434 Onesimi
1985 4396 2020 4435 a
2077 4380 2161 4434 Si-
2194 4409 2239 4464 Β

512 4485 726 4525 meone
744 4469 1030 4539 scriptum
1064 4468 1234 4523 fuerit
1281 4467 1666 4540 Metaphraste
1706 4467 2047 4539 (Februario
2098 4469 2161 4522 16

513 4559 673 4630 apud
708 4559 945 4612 Surium
975 4563 1117 4613 tom.
1147 4559 1219 4628 1,)
1249 4557 1516 4613 oblatum
1550 4573 1686 4611 eum
1733 4558 1981 4613 Tertullo
2021 4573 2160 4630 prae-

516 4649 630 4705 sidi
657 4664 776 4704 una
793 4663 928 4702 cum
953 4649 1125 4702 sociis
1155 4646 1407 4702 Romulo
1429 4653 1483 4701 et
1501 4647 1684 4718 Papia
1707 4665 1718 4714 ;
1744 4647 1960 4717 statim,
1990 4648 2160 4718 quasi

514 4737 840 4794 revelatum
864 4735 972 4791 sibi
1026 4736 1310 4791 divinitus
1355 4735 1580 4803 fuisset,
1627 4736 1884 4790 Bivarius
1907 4752 2027 4791 non
2058 4737 2165 4790 du-

513 4829 768 4885 bitanter
797 4824 1096 4881 afﬁrmare
1119 4841 1305 4880 ausus
1344 4831 1451 4889 est,
1504 4825 1783 4880 eumdem
1837 4825 1995 4880 hunc
2035 4841 2165 4880 esse

513 4934 652 4975 cum
693 4919 895 4971 nostro
927 4916 1208 4984 Romulo;
1252 4915 1342 4969 cui
1373 4915 1688 4970 temerario
1710 4915 1880 4970 ausui
1912 4915 2169 4968 obstrin-

515 5024 652 5079 gere
700 5005 780 5060 nil
835 5004 1050 5059 veritus
1102 5003 1363 5059 Joannes
1393 5003 1692 5073 Tamajus,
1753 5003 1811 5057 in
1844 5009 1985 5058 Acta
2038 5004 2168 5074 ipsa

514 5095 766 5159 Romuli,
810 5109 946 5167 qua:
978 5093 1054 5148 ad
1095 5093 1379 5149 obruzam
1430 5094 1550 5147 veri
1607 5098 1661 5148 et
1713 5093 2000 5163 comperti
2048 5109 2168 5147 non

516 5186 664 5242 alias
703 5185 942 5240 formari
972 5183 1060 5239 fas
1089 5191 1145 5239 et
1172 5183 1554 5254 tequumfuit,
1577 5182 1964 5236 vanissimam
1985 5182 2172 5238 admi-

518 5277 594 5331 sit
615 5274 828 5330 Bivarii
858 5273 1286 5344 conjecturam;
1309 5272 1744 5343 Romulumque
1761 5272 1995 5341 Trajani
2013 5271 2174 5326 hunc

517 5363 859 5437 praefectum
893 5363 1157 5419 Onesimi
1196 5362 1425 5416 socium
1467 5360 1632 5415 illum
1678 5360 2002 5415 constituit.
2060 5361 2173 5415 Sed

516 5467 820 5526 quasnam,
849 5451 951 5514 ais,
1009 5453 1339 5524 injecerunt
1384 5451 1539 5506 hanc
1586 5455 1841 5504 mentem
1897 5450 2121 5505 Bivario
2148 5451 2176 5507 τ

516 5549 606 5599 An
654 5540 846 5598 solam
882 5541 1142 5598 nominis
1202 5541 1494 5597 rationem
1543 5545 1782 5595 secutus
1830 5537 1988 5594 fuit?
2025 5541 2178 5595 Nam

2283 1799 2336 1854 Si
2366 1799 2630 1870 primum
2670 1799 2910 1866 dixeris,
2969 1800 3142 1856 fateri
3186 1808 3443 1872 oportet
3487 1807 3908 1873 consequenter,

2281 1888 2621 1952 Romulum,
2645 1904 2826 1960 quem
2860 1889 3119 1960 apellant
3147 1890 3492 1961 adjutorum
3512 1889 3774 1962 episcopi
3796 1894 3912 1943 Acta

2281 1977 2564 2045 Onesimi,
2601 1976 2782 2031 alium
2826 1993 3073 2049 prorsus
3114 1978 3192 2034 ab
3214 1994 3284 2034 eo
3325 1979 3528 2050 fuisse,
3561 1981 3660 2050 qui
3702 1983 3916 2050 propter

2279 2069 2711 2136 opprobratam
2771 2068 3031 2137 Trajano
3097 2068 3495 2140 impietatem,
3560 2071 3726 2139 cujus
3780 2067 3914 2122 aulae

2283 2157 2564 2224 magister
2584 2161 2728 2222 erat,
2769 2173 3021 2212 causam
3053 2173 3257 2213 coram
3289 2174 3359 2213 eo
3412 2158 3579 2214 dixit.
3627 2157 3730 2222 Qui
3771 2157 3910 2211 enim

2284 2244 2463 2298 simul
2503 2260 2634 2300 esse
2666 2251 2896 2316 poterat
2945 2247 3198 2317 praetorii
3231 2248 3485 2316 Augusti
3525 2246 3820 2318 praefectus
3867 2247 3912 2298 et

2285 2332 2566 2404 Ephesini
2654 2335 2920 2406 episc0pi
2972 2335 3342 2406 coadjutor?
3403 2340 3599 2408 Neque
3646 2337 3774 2390 item
3838 2331 3907 2386 sic

2277 2422 2480 2493 jejune
2509 2428 2655 2479 Acta
2683 2425 2758 2478 de
2788 2424 3046 2482 Romulo
3075 2430 3253 2480 tantas
3283 2427 3344 2480 in
3380 2425 3597 2481 saeculo
3633 2419 3906 2495 dignitatis

2279 2513 2408 2567 viro
2473 2519 2736 2581 agerent,
2792 2518 2852 2567 ut
2907 2514 3214 2586 quaerendi
3265 2515 3466 2570 locum
3514 2514 3901 2584 relinquerent,

2278 2601 2411 2672 quis
2441 2601 2561 2656 illet
2586 2609 2758 2657 esset.
2778 2604 2831 2658 Si
2861 2603 3405 2659 verePuteolanum
3437 2609 3748 2675 martyrem
3765 2601 3900 2653 hunc

2278 2689 2517 2756 dixeris,
2563 2691 2706 2746 nihil
2737 2691 2815 2746 ad
2860 2708 2997 2746 eum
3047 2694 3340 2764 pertinere
3383 2694 3486 2766 qui
3546 2692 3652 2746 sub
3711 2687 3904 2744 ultimis

2277 2780 2522 2834 ethnicis
2545 2780 3026 2851 imperatoribus,
3064 2783 3176 2837 hoc
3207 2787 3313 2850 est,
3343 2783 3434 2838 vel
3467 2783 3637 2837 Decio
3677 2778 3755 2833 vel
3783 2774 3902 2832 Lici-

2275 2867 2374 2923 nio
2403 2868 2808 2940 triumphavit.
2829 2869 3149 2924 Romulum
3161 2869 3406 2941 Trajani
3426 2875 3738 2941 martyrem
3756 2861 3899 2923 fateri

2274 2958 2731 3028 compellamur.
2761 2956 2941 3013 Porro
2973 2957 3118 3030 quid
3155 2959 3372 3013 mirum
3401 2959 3461 3014 in
3494 2961 3599 3014 has
3629 2952 3897 3024 angustias

2202 3051 2244 3109 C
2273 3045 2554 3114 deveniri,
2579 3046 2822 3118 quando
2852 3047 3116 3118 undique
3143 3049 3400 3103 corrasis
3414 3049 3588 3104 etiam
3618 3039 3893 3103 levissimis

2273 3137 2641 3202 argumentis
2666 3141 2788 3190 tam
2820 3151 3004 3190 sacrae
3037 3152 3131 3190 res
3173 3135 3541 3192 tractantur?
3586 3136 3717 3200 Quae
3771 3128 3884 3184 falsa

2274 3229 2429 3289 sunt,
2463 3228 2620 3279 certe
2649 3230 2953 3296 nequeunt
2981 3225 3366 3298 comprobari
3397 3225 3526 3281 aliis
3556 3223 3662 3279 nisi
3689 3223 3887 3290 inepte:

2273 3317 2329 3367 et
2359 3328 2599 3368 movere
2651 3313 2879 3385 aliquid
2933 3319 3181 3386 oportet,
3225 3321 3289 3369 ut
3331 3314 3478 3369 nihil
3522 3314 3641 3369 ﬁat.
3699 3330 3725 3363 ι)
3783 3309 3893 3362 Hazc

2272 3407 2473 3456 contra
2503 3401 2864 3458 fabulatores
2897 3403 3026 3459 illos
3056 3403 3322 3458 eruditus
3355 3405 3672 3476 Hispanus.

2352 3491 2429 3544 l3.
2466 3488 2757 3546 Caeterum
2797 3493 2908 3547 ista
2936 3492 3242 3561 persuasio
3271 3491 3345 3546 de
3378 3493 3569 3563 patria
3600 3490 3655 3544 S.
3686 3481 3888 3542 Romuli

2273 3579 2654 3634 occasionem
2693 3579 2852 3634 dedit
2891 3580 3145 3636 solemni
3195 3583 3323 3650 ejus
3367 3581 3549 3636 cultui
3594 3580 3700 3634 hoc
3729 3574 3812 3629 die
3840 3571 3887 3624 in

2273 3666 2514 3722 dioecesi
2546 3668 2894 3739 Hispalensi,
2925 3675 3099 3739 prout
3121 3673 3326 3723 narrat
3349 3671 3664 3739 Tamayus,
3697 3659 3885 3734 pag.61

2271 3755 2366 3811 his
2395 3755 2589 3810 verbis
2623 3772 2635 3809 :
2681 3778 2708 3805 ‹‹
2751 3757 3016 3829 Denique
3057 3774 3194 3812 cum
3228 3756 3612 3830 archiprazsul
3647 3753 3773 3805 D.D.
3813 3749 3895 3803 Pe-

2273 3851 2396 3900 trus
2427 3845 2500 3900 de
2531 3846 2731 3900 Castro
2763 3851 2819 3901 et
2848 3847 3168 3911 Quinones,
3227 3846 3592 3918 Hispalensis
3621 3839 3768 3898 sedis
3793 3850 3895 3891 mr-

2273 3934 2566 4005 tropolita,
2641 3934 3029 3990 referentibus
3090 3935 3323 3990 Decano
3377 3943 3436 3991 et
3487 3931 3734 4005 capitulo
3784 3938 3890 3980 suae

2272 4022 2691 4079 illustrissimaa
2744 4023 3019 4079 Ecclesize
3062 4031 3119 4079 et
3160 4024 3290 4079 aliis
3342 4020 3698 4079 doctissimis
3748 4013 3889 4075 Vll‘iS;

2271 4113 2652 4181 cognovisset
2681 4114 2839 4168 hunc
2872 4119 3144 4168 sanctum
3203 4117 3526 4185 martyrem
3579 4125 3647 4164 ex
3688 4103 3885 4164 Italica.

2270 4219 2393 4257 suae
2419 4201 2692 4257 diaecesis
2725 4201 2869 4256 urbe
2896 4202 3217 4256 oriundum
3277 4203 3464 4256 fuisse
3495 4223 3506 4266 ;
3566 4211 3716 4253 anno
3769 4187 3887 4246 1624

2269 4290 2352 4346 illi
2400 4290 2624 4346 cultum
2670 4306 2806 4346 cum
2847 4289 3052 4346 Ofﬁcio
3095 4290 3320 4361 duplici
3363 4291 3424 4346 in
3456 4287 3704 4348 dimcesi,
3739 4286 3790 4335 et
3817 4291 3890 4331 se-

2270 4379 2482 4436 cundae
2509 4380 2712 4435 classis
2743 4381 2802 4434 in
2841 4380 2994 4445 loco,
3029 4379 3129 4434 ubi
3151 4379 3294 4435 olim
3320 4379 3517 4435 Italica
3544 4376 3665 4437 fuit,
3707 4365 3890 4425 detulit

2271 4475 2327 4526 et
2379 4469 2493 4524 hoc
2561 4469 2619 4523 in
2667 4474 2970 4541 posterum
3025 4469 3333 4524 observari
3383 4465 3673 4540 praecepit,
3704 4459 3890 4514 virtute

2273 4560 2716 4632 privilegiorum
2741 4576 2776 4615 a
2802 4559 3055 4614 summis
3086 4559 3467 4631 pontiﬁcibus
3499 4558 3888 4611 concessorum

2274 4649 2631 4721 praesulibus
2686 4649 3000 4720 Hispaniae.
3065 4672 3090 4696 ››
3135 4649 3248 4704 Sed
3301 4663 3525 4703 novum
3577 4643 3666 4698 hic
3710 4647 3892 4693 rursus

2273 4754 2531 4794 errorem
2582 4738 2898 4793 admiscuit
2934 4754 2947 4802 ;
2980 4753 3122 4792 nam
3169 4735 3488 4792 Rodericus
3531 4735 3690 4791 Caro.
3729 4733 3888 4795 quem

2276 4829 2434 4893 citat,
2490 4826 2549 4881 in
2614 4826 3087 4897 Antiquitatibus
3144 4824 3610 4895 Hispalensibus,
3667 4813 3757 4870 fol.
3807 4807 3891 4862 106

2275 4914 2675 4987 quadriennio
2698 4914 2868 4969 citius
2897 4914 2956 4969 id
2978 4912 3198 4969 factum
3233 4913 3426 4978 tradit,
3461 4909 3725 4966 nimirum
3748 4905 3888 4987 annAO

2284 4984 2418 5060 1620
2461 5021 2473 5060 :
2507 5010 2659 5059 certe
2700 5003 2822 5058 ﬁeri
2853 5003 3060 5059 debuit
3108 5008 3246 5059 ante
3287 5006 3355 5058 2O
3385 4993 3710 5056 Decembris
3754 4984 3888 5044 1623.

2278 5111 2395 5165 quo
2427 5092 2776 5165 prmdictum
2802 5092 3323 5164 archiepiscOpum
3353 5092 3578 5146 Petrum
3609 5082 3677 5136 de
3703 5076 3888 5132 Castra

2281 5199 2316 5238 n
2348 5185 2493 5237 vivis
2524 5181 2847 5237 excessisse
2873 5181 3170 5252 Tamayus
3210 5183 3338 5253 ipse
3369 5181 3442 5236 ad
3481 5182 3532 5232 11
3571 5168 3737 5230 Martii
3766 5172 3886 5234 paB'

2281 5277 2403 5337 201,
2445 5272 2663 5344 aliique
2694 5279 2961 5327 auctores
2993 5269 3229 5341 Hispani
3259 5272 3554 5325 asserunt.

2358 5364 2439 5415 14.
2471 5337 2863 5430 Βθῖθωροτθ,
2892 5376 3013 5432 quo
3057 5337 3215 5430 passi
3276 5360 3455 5421 fuere,
3501 5346 3756 5408 observat
3807 5337 3882 5432 Ρς

2283 5450 2412 5520 gius
2440 5450 2498 5504 in
2537 5421 2748 5505 Critic-a
2795 5421 3031 5504 Baronii
3059 5421 3156 5503 .ad
3215 5462 3439 5503 annum
3492 5440 3608 5500 106,
3650 5445 3814 5522 num;
3844 5421 3892 5522 δέ

2283 5513 2581 5609 contigere
2625 5555 2745 5595 non
2787 5539 3047 5611 potuisse
3110 5537 3464 5608 martyrium
3515 5533 3570 5587 S.
3609 5513 3819 5581 Romuli
3845 5514 3896 5564 θι
