4096 6220
200 305 305 359 617

1304 302 1481 358 ACTA
1525 302 1626 373 ss.
1671 303 1968 367 aunoxu,
2014 302 2307 369 ROMULI,
2346 306 2489 363 erc.

3509 318 3615 371 6l8

200 432 372 494 esset,
409 427 584 484 morti
609 427 1009 493 addictorum,
1042 432 1179 484 ante
1209 442 1436 483 annum
1475 427 1593 492 112,
1628 443 1751 500 quo
1800 428 1851 483 is
1888 429 1935 481 A
1968 434 2029 483 ut
2056 427 2167 499 ipsi
2181 429 2441 497 tradunt,
2466 446 2776 501 passorum
2807 450 2901 489 res
2934 437 3126 503 gestas
3152 435 3212 491 in
3247 453 3429 495 unam
3454 455 3615 498 eam-

202 518 524 588 imperator
552 516 613 571 in
660 517 958 574 Orientem
1008 514 1351 572 transmisit.
1404 516 1770 572 Castellanus
1798 517 1853 571 in

204 604 628 676 Martyrologio
659 604 994 672 universali,
1037 620 1176 677 pag.
1210 608 1315 662 979
1342 610 1641 661 certamen
1664 605 1723 660 S.
1753 608 1860 661 Ro-

205 694 349 748 muli
382 694 703 764 consignat
731 695 866 766 ipso
902 711 1062 750 anno
1108 697 1203 748 H2
1233 710 1245 749 :
1292 701 1488 749 utrum
1528 699 1706 759 recte,
1741 710 1861 750 non

205 783 401 838 ausim
433 799 699 840 asserere
732 801 745 839 :
780 784 1187 841 Tillemontius
1229 786 1389 839 enim
1430 788 1573 839 tom.
1609 783 1654 838 II
1690 784 1863 854 Impe-

205 878 497 940 ratorum,
530 875 678 928 Nota
712 879 770 928 t7
804 878 862 929 et
890 872 957 927 22
1006 872 1067 927 in
1092 871 1432 943 Trajanum,
1474 871 1863 943 probabiliter

205 963 409 1016 statuit
425 960 727 1032 duplicem
748 961 1171 1034 profectionem
1199 960 1433 1031 Trajani
1458 961 1516 1017 in
1540 962 1859 1027 Orientem,

205 1050 468 1122 primam
496 1066 656 1107 anno
695 1053 810 1117 106,
851 1050 1093 1107 alteram
1127 1066 1247 1105 non
1286 1049 1400 1104 nisi
1430 1065 1590 1105 anno
1625 1054 1741 1105 114.
1776 1051 1861 1105 Ad

206 1139 308 1195 SS.
342 1138 675 1194 Eudoxium
704 1144 760 1195 et
791 1139 984 1195 socios
1022 1138 1187 1211 quod
1216 1142 1463 1209 spectat,
1508 1140 1860 1210 martyrium

201 1225 267 1282 hi
308 1234 805 1283 consummarunt
852 1229 964 1282 sub
1014 1226 1371 1282 Diocletiano
1414 1242 1487 1282 ex
1525 1228 1859 1291 antedictis,

203 1331 393 1381 anno,
421 1322 485 1371 ut
508 1316 715 1372 Surius
746 1322 930 1383 notat,
959 1320 1081 1373 290.
1113 1315 1399 1371 Baronius
1432 1322 1631 1371 autem
1659 1317 1718 1371 in
1746 1318 1860 1371 An-

202 1404 446 1460 nalibus
477 1404 739 1476 primum
771 1405 843 1461 de
875 1406 1019 1476 ipsis
1051 1404 1327 1461 meminit
1356 1404 1428 1460 ad
1473 1420 1701 1460 annum
1734 1409 1856 1470 311,

202 1508 377 1549 num.
408 1494 496 1549 2t.
544 1497 764 1549 Horum
798 1493 1072 1566 palaestra
1103 1492 1211 1549 fuit
1257 1492 1516 1548 Melitina
1564 1509 1668 1548 seu
1708 1493 1857 1549 Meli-

200 1584 341 1637 tene
372 1583 432 1639 in
455 1584 735 1639 Armenia
756 1582 959 1639 Minori
1000 1583 1077 1638 ad
1112 1581 1469 1654 Euphratem
1490 1581 1762 1637 ﬂuvium.
1800 1584 1855 1638 S.

201 1672 496 1727 Romulus
522 1688 663 1727 vero
690 1688 908 1744 passus
934 1670 1234 1727 videturin
1253 1671 1494 1736 Graecia,
1521 1672 1688 1726 sicuti
1720 1687 1860 1726 eum

201 1760 538 1817 Galesiuius
555 1761 888 1825 annuntiat,
909 1777 1044 1815 cum
1059 1759 1191 1816 aliis
1206 1760 1451 1832 quidem
1469 1759 1854 1831 martyribus,
1894 1793 1937 1847 Β

202 1851 315 1905 sed
335 1866 487 1922 quos
513 1855 727 1923 postea
757 1849 966 1906 scribit
995 1850 1128 1904 alibi
1175 1856 1495 1905 coronatos
1522 1864 1670 1914 esse,
1700 1849 1859 1904 vide-

198 1939 341 1995 licet
364 1939 423 1995 in
445 1940 725 1996 Armenia
754 1946 807 1995 et
831 1944 1099 2011 tempore
1118 1938 1479 1995 Maximiani.
1509 1938 1648 1993 Vide
1675 1954 1860 2011 supra

197 2043 377 2084 num.
408 2031 461 2096 2,
490 2029 907 2098 Menologium.

283 2123 366 2173 t5.
406 2120 552 2174 Acta
590 2120 810 2184 Graeca,
856 2134 1117 2190 quorum
1164 2117 1603 2189 apographum,
1655 2116 1858 2172 nescio

195 2206 366 2262 unde
413 2215 748 2279 acceptum,
790 2207 1086 2263 habemus
1140 2207 1251 2262 hoc
1309 2206 1519 2261 titulo:
1560 2208 1856 2281 Μαρτύριον

193 2304 303 2348 τῶν
351 2295 513 2367 ἁγίων
564 2302 652 2349 καὶ
694 2293 912 2359 ἐνδόξων
954 2304 1045 2349 τοῦ
1090 2302 1325 2370 Χριστοῦ
1369 2298 1645 2368 μαρτύρων
1695 2291 1857 2348 E1330-

193 2383 338 2449 ξίου,
413 2384 695 2457 Ῥωμύλου,
775 2390 1010 2447 Ζήνωνος
1066 2390 1156 2436 καὶ
1208 2388 1504 2458 Μακαρίαν,
1564 2383 1624 2438 id
1695 2390 1782 2439 est
1839 2401 1852 2439 :

188 2473 915 2543 Martyriumsanclorum
929 2481 980 2531 et
994 2474 1387 2543 gloriosorum
1402 2471 1625 2528 Christi
1634 2477 1857 2543 marty-

189 2577 331 2617 rum
350 2563 635 2628 Eudoxii,
678 2565 937 2630 Romuli,
967 2564 1218 2620 Zenonis
1244 2568 1297 2619 et
1322 2562 1599 2626 Macarii,
1643 2577 1715 2617 ex
1745 2577 1857 2617 an-

188 2651 387 2723 tiquis
408 2655 815 2708 monumentis
844 2652 1650 2725 conscripsitMetaphrastes,
1681 2651 1854 2722 eique

188 2739 299 2795 illa
323 2739 730 2797 indubitanter
755 2740 1023 2797 attribuit
1053 2745 1163 2797 Leo
1197 2739 1446 2795 Allatius
1475 2739 1537 2794 in
1589 2738 1855 2795 Diatriba

186 2830 270 2884 de
300 2830 669 2900 Symeonum
704 2831 958 2902 scriptis,
997 2846 1134 2903 pag.
1184 2834 1280 2885 129
1312 2829 1545 2884 initium
1575 2828 1848 2883 recitans.

186 2917 401 2973 Latine
432 2933 603 2975 versa
627 2918 810 2974 edidit
835 2919 1113 2991 Aloysius
1138 2919 1499 2990 Lipomanus
1531 2916 1852 2988 episcopus

186 3005 558 3061 Veronensis
588 3012 754 3063 tomo
780 3008 850 3063 VI
887 3008 1152 3064 Vitarum
1196 3008 1318 3076 SS.,
1352 3022 1541 3077 quam
1572 3006 1851 3076 interpre-

185 3095 482 3151 tationem
502 3094 746 3151 inferius
762 3096 1071 3160 recudam,
1085 3096 1189 3151 sed
1203 3112 1369 3151 more
1384 3099 1587 3151 nostro
1600 3094 1851 3149 divisam
1888 3136 1929 3193 Ο

182 3183 257 3239 in
279 3184 478 3254 capita
507 3189 563 3239 et
599 3200 905 3250 numeros,
928 3189 987 3241 ut
1014 3184 1232 3240 Graecas
1258 3183 1582 3239 narrationi
1596 3182 1854 3238 Similiter

181 3271 533 3328 dividenda
557 3273 939 3344 respondeat.
973 3274 1263 3329 Baronius
1296 3273 1371 3328 ad
1402 3271 1563 3327 hunc
1595 3272 1757 3327 diem
1785 3287 1855 3326 ea

180 3365 369 3417 vocat
425 3366 560 3417 Acta
608 3364 665 3418 S.
698 3362 952 3427 Romuli,
1014 3364 1152 3435 quia
1201 3377 1418 3433 nempe
1452 3360 1525 3416 de
1571 3362 1702 3432 ipso
1734 3359 1855 3428 agit

180 3450 360 3523 prior
387 3449 621 3506 illorum
654 3467 795 3523 pars
829 3475 840 3517 ;
874 3458 934 3507 at
964 3452 1178 3507 rectius
1208 3450 1285 3506 ab
1316 3449 1444 3505 aliis
1476 3447 1857 3521 appellantur

179 3538 565 3610 reliquorum
584 3543 757 3596 etiam
774 3547 1101 3612 martyrum
1136 3540 1400 3607 nomine,
1427 3554 1684 3610 quorum
1717 3552 1858 3606 ago-

179 3643 357 3692 nem,
392 3628 449 3683 S.
481 3628 732 3684 Eudoxii
766 3630 1093 3700 praesertim
1126 3629 1318 3698 magis
1348 3628 1477 3682 fuse
1510 3626 1857 3681 describunt

182 3722 333 3791 post
372 3721 683 3773 narratum
713 3718 946 3774 Romuli
994 3718 1367 3789 martyrium.
1402 3715 1577 3771 Miror
1637 3721 1856 3782 tamen,

184 3805 364 3879 quod
393 3804 579 3861 Graeci
619 3810 967 3862 sanctorum
1019 3813 1132 3861 tam
1165 3805 1415 3861 diversis
1460 3803 1855 3876 temporibus,

1966 515 2225 589 demque
2279 519 2685 576 narrationem
2737 522 3112 592 conjecerint.
3173 523 3253 579 Ex
3300 526 3612 586 collatione

1966 606 2245 661 Actorum
2264 622 2400 662 cum
2430 607 2652 678 Elogio,
2673 611 2836 681 quod
2851 610 3109 666 exstatin
3124 612 3358 669 Menaeis
3378 619 3613 687 magnis

1967 693 2291 765 impressis,
2343 701 2502 767 patet
2544 696 2642 753 illa
2686 714 2758 755 ex
2801 699 2915 755 hoc
2967 700 3325 757 concinnata
3373 719 3527 768 esse,
3556 711 3617 763 at

1971 783 2223 838 multum
2263 783 2502 840 aliunde
2549 786 2917 858 ampliﬁcata
2966 805 2978 843 ;
3017 804 3089 844 ex
3145 788 3367 861 quibus
3414 801 3612 850 autem

1972 871 2396 936 monumentis,
2429 871 2655 943 ignoro.

2046 964 2124 1015 16.
2158 962 2317 1016 Certe
2349 962 2592 1034 quidem
2632 962 2731 1019 illa
2769 963 3155 1036 ampliﬁcatio
3187 965 3343 1023 facta
3364 982 3484 1024 non
3528 975 3620 1026 est

1970 1065 2041 1105 ex
2080 1051 2421 1107 narratione
2466 1068 2571 1107 seu
2612 1054 2804 1123 elogio
2848 1055 3155 1126 MenOIOgii
3195 1054 3473 1112 Basiliani
3512 1060 3616 1115 :in

1967 1138 2082 1194 hoc
2111 1155 2368 1211 namque
2411 1140 2625 1196 dicitur
2657 1144 2711 1197 S.
2770 1143 3051 1199 Romulus
3100 1151 3307 1200 auctor
3353 1146 3616 1218 primum

1970 1226 2148 1283 fuisse
2174 1229 2450 1299 Trajano,
2483 1227 2787 1283 ἀποστεῖλαι
2844 1231 2913 1293 εἰς
2972 1238 3064 1290 τὴν
3117 1233 3334 1286 Γαλλίαν
3378 1242 3511 1302 etc.,
3556 1244 3616 1295 ut

1971 1317 2238 1386 mitteret,
2276 1316 2386 1383 vel,
2417 1318 2496 1372 uti
2524 1319 2851 1375 Galesiuius
2876 1326 2933 1375 et
2966 1322 3261 1378 Arcudius
3293 1330 3612 1393 verterunt,

1968 1405 2075 1459 iret
2101 1406 2155 1459 in
2191 1403 2461 1469 Galliam.
2495 1408 2813 1465 Asiaticam
2827 1426 3061 1482 nempe,
3086 1412 3147 1466 id
3172 1417 3278 1477 est,
3303 1412 3615 1485 Galatiam,

1970 1492 2304 1566 militesque
2327 1493 2691 1552 Christianos
2720 1498 2831 1552 diis
2858 1497 3169 1555 immolare
3195 1502 3614 1573 compelleret;

1968 1582 2177 1640 deinde
2222 1584 2570 1653 pmnitentia
2595 1585 2809 1641 ductus
2841 1586 3163 1643 credidisse
3195 1590 3255 1646 in
3296 1591 3613 1650 Christum.

1968 1672 2387 1742 Metaphrastes
2406 1688 2564 1738 vero,
2590 1674 2889 1731 mirabilia
2905 1679 3176 1733 omittere
3200 1677 3365 1736 haud
3390 1681 3614 1754 solitus,

1968 1759 2215 1830 impium
2248 1760 2384 1815 illud
2412 1760 2652 1817 Romuli
2675 1764 3009 1830 consilium,
3036 1773 3302 1822 secutam
3334 1770 3619 1839 paeniten-

1968 1849 2112 1905 tiam
2144 1853 2202 1905 et
2231 1851 2680 1907 conversionem
2711 1868 2783 1908 ne
2823 1854 3000 1909 verbo
3047 1855 3293 1927 quidem
3338 1859 3613 1929 attingit:

1968 1939 2087 1993 imo
2118 1943 2325 1993 contra
2370 1939 2656 2005 insinuat,
2685 1956 2823 1996 eum
2866 1942 2991 2011 jam
3033 1949 3170 1999 ante
3214 1942 3615 2003 Christianum

1968 2025 2162 2081 fuisse.
2193 2026 2353 2082 Mitto
2401 2027 2546 2083 alias
2587 2028 3038 2102 discrepantias,
3079 2030 3245 2088 facile
3285 2034 3363 2090 ab
3384 2036 3616 2093 erudito

1966 2116 2181 2170 lectore
2230 2116 2655 2173 observandas.
2708 2119 2879 2184 Quod
2929 2125 3157 2191 spectat
3211 2122 3287 2178 ad
3337 2126 3616 2182 undecim

1966 2203 2125 2259 mille
2156 2206 2448 2274 relegatos
2492 2206 2722 2273 milites,
2755 2230 2781 2257 ‹‹
2814 2208 3165 2279 Conjectura
3205 2210 3503 2278 ducimur,
3532 2220 3617 2270 in-

1966 2294 2095 2365 quit
2125 2294 2411 2348 Baronius
2443 2294 2518 2348 ad
2560 2311 2788 2350 annum
2825 2300 2943 2362 108,
2975 2301 3039 2352 ut.
3062 2298 3473 2356 existimemus
3504 2303 3615 2358 hos

1968 2382 2100 2437 illos
2133 2381 2297 2454 ipsos
2323 2400 2450 2437 esse
2481 2383 2689 2439 decem
2716 2384 2872 2440 mille
2906 2390 3429 2457 praestantissimos
3464 2408 3618 2448 mar-

1970 2472 2142 2537 tyres,
2177 2467 2279 2538 qui
2308 2465 2365 2519 iu
2400 2467 2560 2521 silvis
2588 2470 2807 2524 montis
2838 2470 3047 2526 Ararat
3078 2470 3138 2526 in
3169 2474 3453 2530 Armenia
3481 2484 3619 2531 sunt

1966 2555 2247 2610 crucifixi.
2283 2577 2311 2608 »
2341 2556 2471 2612 Hoc
2503 2557 2551 2611 si
2585 2574 2787 2612 verum
2831 2560 2926 2624 sit,
2972 2560 3301 2617 manifestas
3343 2562 3615 2620 falsitatis

1965 2645 2394 2700 convincuntur
2443 2645 2688 2701 istorum
2735 2648 3155 2704 crucifixorum
3200 2657 3386 2718 Acta;
3441 2656 3615 2710 Baro-

1965 2733 2098 2789 nius
2133 2736 2358 2806 quippe
2398 2735 2528 2790 loco
2568 2735 2745 2791 citato
2776 2737 3099 2807 praemittit,
3139 2740 3416 2796 undecim
3456 2742 3615 2800 mille

1967 2823 2178 2878 milites
2204 2824 2479 2878 inventos
2505 2823 2688 2879 fuisse
2721 2826 3083 2882 Christianos
3113 2845 3149 2883 a
3179 2829 3431 2899 Trajano
3456 2848 3615 2888 exer-

1964 2912 2146 2968 citum
2172 2911 2459 2968 lustrante
2492 2919 2825 2985 :martyres
2875 2921 3077 2971 autem
3119 2918 3390 2973 Cruciﬁxi
3429 2920 3616 2978 idolo-

1964 3002 2127 3057 latrae
2143 3002 2338 3057 adhuc
2360 3007 2656 3058 eranttem
2666 3018 2807 3074 pore
2820 3004 3084 3070 Adriani,
3103 3006 3352 3078 quando
3365 3009 3616 3079 angelus

1964 3092 2020 3145 in
2049 3106 2267 3161 campo
2322 3107 2619 3162 apparens
2663 3092 2843 3148 fidem
2878 3093 3086 3149 Christi
3138 3094 3221 3150 eis
3254 3097 3614 3168 praedicavit,

1958 3168 2043 3234 uti
2078 3184 2353 3235 narratur
2380 3186 2520 3235 tom.
2552 3180 2620 3233 ιν
2648 3180 2805 3236 Junii
2837 3181 2915 3237 ad
2958 3183 3118 3238 diem
3146 3188 3213 3238 22
3244 3184 3305 3239 in
3346 3187 3613 3259 ipsorum

1963 3268 2142 3333 Actis,
2170 3284 2305 3340 quas
2336 3267 2576 3335 ibidem,
2609 3286 2644 3324 a
2676 3287 2813 3341 pag,
2864 3275 2980 3335 175,
3024 3272 3471 3331 Commentario
3512 3276 3618 3332 cri-

1965 3358 2076 3413 tico
2102 3357 2359 3412 excussit
2389 3357 2832 3428 Papebrochius
2881 3376 2950 3414 ac
2980 3359 3249 3418 fabulosa
3287 3380 3419 3418 esse
3451 3381 3618 3421 mon-

1966 3446 2189 3501 stravit.
2226 3445 2550 3500 Verisimile
2582 3447 2756 3502 etiam
2799 3463 2918 3503 non
2946 3452 3061 3515 est,
3108 3451 3382 3507 undecim
3432 3454 3617 3511 millia

1964 3535 2282 3591 hominum
2314 3534 2491 3588 simul
2518 3536 2648 3589 neci
2678 3535 2819 3592 data
2850 3536 3029 3593 fuisse
3057 3554 3094 3593 a
3122 3540 3377 3611 Trajano
3411 3558 3423 3596 :
3466 3548 3619 3599 certe

1966 3624 2023 3679 id
2064 3622 2483 3694 Metaphrastes
2516 3638 2635 3679 non
2659 3624 2933 3692 siluisset,
2964 3626 3011 3681 si
3039 3626 3101 3681 in
3126 3628 3386 3700 antiquis
3411 3647 3619 3687 monu-

1972 3712 2181 3767 mentis
2208 3710 2543 3783 reperisset.
3092 3730 3095 3733 '

189 3924 3601 3955 ἡ

1562 4040 2224 4127 ΜΑΡΤΥΡΙΟΝ

893 4320 1359 4437 ΑΓΙΟΥ
1417 4324 1633 4438 MA
1652 4320 2242 4438 ΡΤΥΡΟΣ
2308 4308 3036 4437 ΕΥΔΟΞΙΟΥ

1019 4509 1132 4557 ΚΑΙ
1171 4510 1307 4557 ΤΩΝ
1338 4510 1461 4556 ΣΥΝ
1504 4512 1675 4577 ΑΥΤῼ.
1716 4510 2177 4559 ΔΘΛΗΣΑΝΤΩΝ
2217 4509 2419 4557 ΔΓΙΩΝ
2459 4508 2838 4561 ΜΑΡΤΥΡΩΝ.

702 4660 1945 4997 MARTYBIUM_
2041 4762 2178 4905 s.
2332 4722 3144 4908 EUDOXII

1540 5009 1672 5095 ΕΤ
1758 5008 2354 5099 SOCIORUM.

1771 5288 1999 5345 CAPUT
2036 5287 2084 5343 Ι.

208 5381 436 5439 Milites
465 5380 839 5439 Christianos
869 5382 931 5438 in
961 5383 1236 5439 exsilium
1256 5384 1429 5454 pellit
1464 5386 1758 5459 Trjajqnus
1792 5386 1891 5440 :id
1916 5386 2260 5459 improbans
2275 5384 2344 5459 _S.
2374 5386 2651 5441 Romulus
2681 5390 2735 5441 et
2770 5389 2973 5454 aperte
3012 5385 3315 5445 Christum
3347 5390 3635 5459 conﬁtens

1474 5456 1800 5526 gloriosum
1841 5457 1995 5513 subit
2024 5457 2404 5527 martyrium.

285 5550 370 5606 A’.
407 5546 668 5623 Τραϊανοῦ
722 5559 815 5604 τοῦ
876 5548 1170 5614 δυσσεϐοῦς
1224 5552 1483 5626 βασιλέως
1537 5552 1727 5611 πολλὴν
1782 5558 1871 5627 μὲν

2018 5556 2059 5610 I.
2092 5556 2345 5626 Trajano
2386 5553 2463 5626 (1)
2490 5552 2674 5625 impio
2704 5554 3061 5626 imperatore
3092 5554 3153 5611 in
3194 5558 3631 5617 exsecrandum

291 5656 370 5729 (1)
398 5657 691 5729 Trajanus
716 5658 1032 5731 imperium
1058 5661 1315 5733 suscepit
1348 5676 1511 5718 anno
1538 5660 1751 5719 Christi
1772 5664 1860 5732 98,
1884 5667 2156 5719 mortuus
2181 5665 2270 5717 est
2301 5666 2423 5718 117.

611 5748 849 5821 I’A'raOL.
893 5746 997 5805 GR.
1039 5747 1201 5804 CXV.

3255 5753 3329 5808 20
