4154 6192
518 292 623 348 619

1807 290 2069 345 MENSIS
2112 288 2565 344 SEPTEMBER.

3781 288 3887 342 620

519 430 777 471 errorem
807 414 1267 470 simulacrorum
1306 429 1594 485 magnum
1638 414 1873 487 quidem
1905 414 2145 471 studiun

2282 418 2523 487 πρόνοιαν
2577 419 2665 467 καὶ
2712 412 2951 473 σπουδὴν
2996 416 3120 488 ὑπερ
3169 421 3265 475 τῆς
3297 410 3559 487 βδελυρᾶς
3598 421 3697 464 τῶν
3723 407 3885 464 εἰδώ-

520 503 881 567 conferente,
915 504 1088 558 valde
1114 508 1315 559 autem
1346 508 1401 559 et
1454 505 1725 560 atrociter
1768 505 2029 576 spirante
2073 503 2172 559 ad-

516 609 724 649 versus
756 593 885 664 pios
918 609 931 657 ;
967 598 1022 647 et
1048 592 1151 648 alii
1182 592 1516 648 sacriﬁcare
1560 593 1962 659 daemonibus,
1997 602 2051 648 et
2072 599 2173 648 ant

520 698 731 739 omnes
774 681 1144 751 cogebantur
1189 680 1419 737 milites.
1469 682 1687 737 Litterze
1716 683 1961 737 enimim
1996 697 2172 754 pera-

526 769 688 826 toria“:
729 769 1117 826 mittebantur
1168 770 1226 825 in
1284 786 1493 826 omnes
1525 778 1740 841 partes,
1774 776 2050 841 urgentes
2094 769 2169 826 ad

522 858 884 930 impietatem
912 865 967 914 et
997 858 1359 914 Christianos
1388 865 1663 930 cogentes
1695 859 1783 915 vel
1814 859 2168 924 sacriﬁcare,

527 946 619 1002 vel
663 948 843 1003 variis
894 946 1102 1019 subjici
1153 947 1478 1019 suppliciis.
1523 950 1663 1014 Quae
1697 948 1940 1020 quidem
2011 955 2172 1020 post-

521 1051 705 1107 quam
733 1038 1027 1091 venerunt
1064 1036 1140 1091 ad
1164 1036 1505 1100 exercitum,
1534 1037 1635 1109 qui
1669 1042 1793 1091 erat
1823 1038 1880 1092 in
1911 1037 2167 1103 Oriente,

515 1124 597 1179 illi
627 1125 873 1196 quidem
927 1140 997 1179 eo
1029 1128 1297 1196 tempore
1341 1140 1410 1181 ea
1450 1132 1889 1197 comparantes,
1929 1142 2063 1198 quae
2090 1126 2167 1181 ad

516 1212 738 1268 bellum
786 1213 1177 1284 pertinebant,
1228 1213 1645 1287 continuisque
1691 1220 1745 1268 et
1777 1215 2062 1283 gravibus
2102 1230 2166 1270 se

514 1308 854 1357 exercentes
887 1302 1102 1357 militiai
1155 1302 1655 1367 meditationibus,
1686 1303 1910 1375 alioqui
1964 1310 2162 1359 autem

514 1392 857 1462 religionem
895 1391 1339 1462 amplectentes,
1388 1392 1537 1447 nihil
1586 1392 1881 1448 curabant
1941 1393 2163 1448 litteras

514 1478 646 1534 illas
675 1478 1104 1551 imperatorias.
1135 1479 1244 1545 Qui
1266 1495 1403 1534 cum
1429 1496 1649 1548 magna
1673 1495 1876 1552 pugna
1908 1482 1989 1534 eis
2010 1487 2165 1535 esset

513 1574 736 1634 exorta,
755 1569 1105 1640 praeclaram
1120 1568 1194 1624 ad
1205 1569 1692 1625 versusinimicos
1706 1569 2163 1626 obtinentvicto-

513 1658 667 1713 riam
700 1658 796 1729 (ρ).

584 1747 649 1801 Il.
684 1748 802 1803 Hoc
830 1747 936 1803 fuit
964 1747 1215 1803 relatum
1247 1748 1323 1802 ad
1350 1746 1770 1819 imperatorem
1802 1747 2152 1820 Trajanum.
2192 1759 2237 1816 Β

512 1834 611 1891 Ille
637 1840 836 1891 autem
864 1843 1179 1909 propterea
1203 1836 1367 1909 quod
1399 1853 1506 1891 sua
1524 1837 1714 1891 edicta
1746 1837 2158 1909 despexeram,

503 1939 578 1980 ne
610 1927 950 1980 communis
980 1927 1224 1998 quidem
1256 1924 1529 1980 omnium
1557 1925 1721 1991 boni,
1749 1942 1962 1998 nempe
1986 1926 2159 1983 victo-

510 2015 631 2077 rite,
665 2014 847 2070 ullam
875 2014 1036 2069 ducit
1065 2014 1354 2069 rationem
1386 2030 1398 2067 :
1430 2015 1532 2069 sed
1559 2030 1660 2069 eos
1703 2014 1802 2085 qui
1842 2015 2160 2087 imperato-

508 2103 627 2157 rias
683 2106 1169 2173 contempserant
1220 2102 1689 2168 constitutiones,
1737 2110 1905 2158 erant
1956 2111 2156 2160 autem

504 2206 756 2246 numero
806 2192 1081 2247 undecim
1136 2191 1317 2246 millia
1347 2191 1448 2263 (3),
1500 2192 1719 2261 relegat
1764 2192 1824 2248 in
1865 2194 2155 2249 Armeniae

514 2278 847 2335 Melitenam
879 2280 958 2349 (4)
988 2286 1044 2335 et
1077 2279 1230 2343 loca,
1262 2296 1389 2352 quae
1439 2280 1594 2337 circa
1641 2296 1774 2337 eam
1834 2284 1943 2338 sita
1997 2290 2152 2338 sunt.

500 2367 784 2439 Reliquus
806 2384 943 2424 vero
962 2370 1251 2425 exercitus
1270 2374 1395 2425 erat
1419 2370 1477 2424 in
1494 2376 1653 2425 metu
1674 2378 1915 2443 propter
1944 2386 2154 2428 eorum

504 2456 953 2526 relegationem,
985 2473 1058 2513 ne
1090 2458 1294 2514 dolore
1326 2456 1517 2514 affecti
1558 2459 1904 2515 molirentur
1930 2477 2019 2516 res
2052 2478 2151 2517 no-

508 2561 640 2615 vas,
664 2550 721 2601 et
750 2547 833 2600 eis
861 2546 1083 2618 aliquid
1117 2546 1256 2603 mali
1287 2546 1585 2613 afferrent,
1621 2554 1681 2604 ut
1711 2550 1813 2621 qui
1841 2564 1949 2605 nec
1998 2549 2152 2605 Chri-

510 2634 826 2700 stianismi,
858 2650 1051 2706 neque
1082 2641 1323 2708 propter
1355 2636 1651 2692 Christum
1693 2646 1981 2711 susceptae.
2013 2641 2153 2694 rele-

505 2722 759 2793 gationis
785 2723 1032 2780 fuissent
1062 2724 1145 2780 eis
1171 2724 1568 2781 socii.Verum
1592 2726 1670 2781 illi
1690 2727 1833 2782 nihil
1865 2728 2009 2782 nihil
2039 2727 2151 2784 tale

501 2812 765 2870 fecerunt
790 2821 892 2870 aut
922 2816 1257 2885 cogitarunt
1290 2832 1301 2871 :
1339 2806 1438 2871 sed
1475 2822 1534 2871 ut
1560 2818 1661 2889 qui
1685 2824 1853 2872 erant
1875 2818 2149 2890 discipuli

504 2903 635 2975 ejus
662 2905 765 2975 qui
808 2919 944 2959 vere
992 2905 1287 2971 estmitis,
1338 2904 1575 2961 fuerunt
1603 2908 1778 2961 etiam
1827 2908 2149 2963 imitatores

508 2992 991 3047 mansuetudinis
1021 2992 1345 3048 etlenitatis
1367 2994 1620 3063 Magistri
1641 3010 1653 3059 ;
1673 3000 1728 3049 et
1750 2995 1978 3066 placide
2011 2996 2154 3052 fere-

495 3079 645 3135 bant
658 3080 941 3150 exsilium,
960 3086 1015 3135 et
1028 3081 1261 3137 minime
1275 3097 1429 3153 aegre
1445 3082 2146 3141 ferebantcontumeliam.
2181 3118 2220 3173 Ο

574 3169 664 3223 llI.
698 3170 984 3223 Romulus
1008 3174 1206 3224 autem
1236 3169 1388 3225 aulae
1411 3170 1807 3242 imperatoriae
1832 3180 1968 3230 tunc
2000 3192 2151 3246 prae-

492 3258 719 3329 positus
747 3260 829 3326 (5)
854 3257 1015 3327 apud
1043 3258 1363 3328 Trajanum
1390 3259 1833 3331 imperatorem,
1860 3279 2053 3335 neque
2073 3267 2143 3329 ei,

492 3361 687 3418 neque
738 3346 951 3401 civitati
1004 3348 1253 3402 omnino
1296 3348 1529 3403 dicebat
1561 3350 1839 3420 expedire
1886 3368 1955 3407 ea
2011 3370 2146 3425 quas

490 3433 648 3490 facta
678 3434 929 3490 fuerant.
971 3434 1062 3490 llle
1098 3441 1319 3500 autem,
1354 3452 1491 3492 cum
1545 3445 1840 3509 oporteret
1896 3443 2145 3499 Romulo

490 3536 667 3591 agere
694 3522 936 3592 gratias,
969 3528 1030 3579 ut
1054 3524 1151 3595 qui
1200 3524 1487 3581 benevole
1532 3532 1687 3582 esset
1731 3528 1791 3582 in
1834 3545 1968 3584 eum
2005 3530 2145 3586 affe-

495 3616 645 3675 ctus,
696 3612 866 3667 stulte
951 3618 1007 3667 et
1057 3613 1285 3681 ingrate
1339 3630 1401 3669 se
1462 3631 1690 3685 gerens,
1761 3634 1897 3673 eum
1946 3621 2141 3689 potius

490 3699 811 3756 maledictis
856 3700 1255 3757 insectabatur
1296 3708 1348 3758 et
1403 3704 1453 3758 ei
1506 3704 1891 3770 irascebatur,
1929 3714 1985 3763 et
2018 3715 2141 3763 tan-

488 3805 673 3862 quam
714 3790 935 3844 crimen
968 3790 1290 3861 objiciebat
1328 3792 1630 3863 pietatem.
1683 3795 1967 3850 Romulus
2000 3814 2139 3854 vero

487 3878 669 3934 verba
688 3878 847 3934 illius
871 3893 945 3933 ne
973 3880 1273 3934 tantillum
1300 3881 1545 3952 quidem
1577 3898 1811 3947 curans,
1845 3884 2134 3953 gloriaba-

488 3971 579 4022 tur
606 3968 807 4039 potius
830 3968 1205 4024 contumeliis
1221 3974 1462 4041 propter
1489 3972 1781 4027 Christum
1810 3976 2132 4046 susceptis:

579 4109 632 4185 2)
666 4108 881 4185 Nescio
898 4108 971 4163 de
997 4124 1121 4185 qua
1149 4110 1396 4185 victoria
1415 4111 1506 4185 hic
1532 4117 1671 4181 agat
1692 4114 2131 4185 Metaphrastes.

580 4180 632 4247 3)
666 4180 815 4244 Quid
844 4179 1134 4254 Baronius
1161 4180 1235 4236 de
1268 4181 1342 4236 iis
1379 4179 1674 4254 conjiciat,
1704 4179 2033 4241 vide'num.
2074 4189 2133 4243 16

485 4249 928 4305 Commentarii.

556 4321 633 4392 (4)
662 4320 824 4397 Hanc
880 4322 1354 4397 Melitenem‘seu
1385 4324 1708 4382 Mililinam
1739 4327 2028 4397 Trajanus
2060 4347 2131 4387 ex

481 4400 678 4467 castro
680 4393 900 4467 _urbcn_i
920 4393 1063 4467 fecit
1077 4394 1801 4467 gentisquemetropolim,
1828 4393 1967 4455 teste
1994 4402 2131 4456 Pro-

2281 502 2379 554 λων
2432 504 2624 563 πλάνης
2677 504 3012 575 εἰσφέροντος,
3072 508 3205 576 μέγα
3256 500 3315 556 δι
3370 507 3460 555 καὶ
3515 501 3704 562 ἀπηνὲς
3745 503 3885 552 κατὰ

2282 600 2380 642 τῶν
2438 592 2656 644 εύσεϐῶν
2708 598 2962 656 πνέοντος,
3024 593 3167 645 ἄλλοι
3215 612 3268 645 τε
3320 595 3432 645 θυεί
3484 590 3505 664 [
3553 594 3678 660 lege
3721 589 3884 661 θύειν]

2282 686 2390 740 τοῖς
2445 677 2685 751 δαίμοσι,
2745 687 2833 733 καὶ
2888 686 2986 753 πρό
3036 700 3095 753 γε
3151 684 3351 732 πάντων
3400 684 3458 731 τὸ
3504 682 3882 753 στρατιωτικὸν

2280 768 2657 839 ἠναγκάζοντο.
2698 770 2952 823 Βασιλικα
2980 772 3081 843 γὰρ
3122 770 3376 840 ἐπέμπετο
3405 776 3682 839 πανταχοῦ
3711 770 3883 839 γράμ-

2280 876 2420 928 ματα
2474 855 2844 919 σπουδάζοντα
2908 863 3001 917 τὴν
3058 857 3315 927 ἀσέϐειαν,
3383 863 3471 910 καὶ
3528 861 3880 931 Χριστιανούς

2279 948 2309 1004 ἢ
2364 948 2499 998 θύειν
2551 947 2836 1009 κελεύοντα,
2890 948 2918 1007 ᾖ
2972 947 3231 1008 ποικίλαις
3286 946 3669 999 ὑποϐάλλεσθαι
3720 964 3882 1015 τιμω-

2277 1041 2436 1107 ρίαις.
2468 1034 2627 1109 Ἀπερ
2668 1034 2847 1095 ἐπειδὴ
2882 1042 2970 1089 καὶ
3001 1038 3073 1097 εἰς
3102 1041 3160 1089 τὸ
3189 1040 3315 1109 πρὸς
3341 1035 3445 1088 Ἕω
3477 1034 3686 1107 ἀφίκετο
3714 1035 3877 1106 στρά-

2275 1143 2454 1196 τευμα,
2508 1125 2685 1178 ἐκεῖνοι
2742 1130 2831 1197 μὲν
2883 1129 2948 1177 τα
2992 1129 3120 1199 πρὸς
3164 1129 3250 1178 τὸν
3300 1125 3517 1196 πόλεμον
3563 1124 3677 1176 κατ’
3716 1122 3877 1175 έκεῖνο

2275 1222 2370 1273 τῆς
2442 1216 2573 1286 ὧρας
2658 1218 3120 1286 συσκευαζόμενοι,
3188 1219 3273 1265 καὶ
3340 1213 3571 1285 μελέταις
3624 1216 3879 1283 συνεχέσι

2273 1308 2359 1355 καὶ
2406 1301 2641 1375 βαρείαις
2689 1306 2754 1355 τὰ
2797 1303 3050 1375 πολεμικά
3099 1303 3485 1374 έξασκούμενοι,
3536 1302 3698 1363 ἄλλως
3730 1319 3784 1352 τε
3814 1298 3878 1353 δὲ

2274 1397 2362 1443 καὶ
2392 1395 2457 1443 τὰ
2493 1399 2813 1464 Χριστιανῶν
2856 1392 3230 1465 ἀσπαζόμενοι,
3281 1389 3403 1444 οὐδε
3451 1391 3603 1461 ὀλίγα
3644 1398 3743 1441 τῶν
3776 1386 3878 1459 βα-

2276 1481 2486 1533 σιλικῶν
2532 1480 2732 1533 ίκείνων
2778 1481 3042 1533 συλλαϐῶν
3091 1482 3476 1553 ἐπεστρέφοντο.
3526 1478 3725 1551 Ἀμέλει
3784 1481 3875 1528 καὶ

2272 1574 2456 1642 μάχης
2508 1574 2683 1633 αὐτοῖς
2728 1578 2978 1646 καρτερᾶς
3039 1570 3415 1645 συρραγείσης,
3477 1586 3730 1641 καρτονσι
3770 1575 3873 1617 τῶν

2272 1657 2507 1710 ἐναντίων
2538 1665 2626 1711 καὶ
2664 1659 2805 1731 μάλα
2832 1659 3099 1731 λαμπρῶς.

2345 1747 2412 1802 Β’.
2459 1755 2622 1801 Τοῦτο
2671 1753 2759 1800 καὶ
2806 1749 2877 1809 εἰς
2909 1746 3132 1818 βασιλέα
3169 1750 3421 1821 Τραϊανὸν
3454 1745 3687 1815 ἀνήχθη.
3718 1742 3778 1795 Ὀ
3810 1739 3872 1795 δὴ

2272 1835 2366 1889 διὰ
2420 1844 2513 1896 τὴν
2563 1846 2660 1889 τῶν
2713 1838 2913 1889 οἰκείων
2970 1836 3351 1908 ἁποταγμάτων
3406 1839 3699 1908 παρὸρασιν
3745 1828 3873 1884 οὐδε

2269 1935 2359 1979 τοῦ
2389 1935 2562 1979 κοινοῦ
2594 1930 2796 1980 πάντων
2840 1925 3038 1997 ἀγαθοῦ
3084 1935 3175 1985 τῆς
3218 1929 3366 1985 νίκης
3410 1924 3561 1994 λόγον
3590 1928 3816 1974 ποιεῖται
3852 1942 3867 1955 ο

2269 2015 2395 2068 ἀλλὰ
2444 2021 2565 2078 τούς
2616 2020 2709 2078 τὰς
2757 2014 3039 2088 βασιλικὰς
3087 2012 3347 2077 διατάξεις
3401 2008 3740 2084 ὑπεριδόντας
3786 2012 3872 2081 (τὸ

2266 2106 2461 2167 πλῆθος
2517 2102 2575 2157 δε
2616 2106 2785 2176 χίλιοι
2816 2103 2898 2156 ἐπὶ
2937 2111 3043 2165 τοῖς
3076 2108 3279 2175 μυρίοις
3320 2099 3473 2168 ἦσαν)
3521 2105 3649 2174 πρός
3685 2119 3736 2152 τε
3768 2104 3869 2157 τὴν

2264 2203 2359 2256 τῆς
2401 2195 2675 2268 Ἀρμενίας
2726 2193 3014 2251 Μελιτηνὴν
3041 2198 3130 2244 καὶ
3173 2195 3238 2242 τὰ
3278 2190 3425 2263 πέριξ
3476 2189 3665 2248 ἐκείνης
3712 2189 3870 2259 ὑπερ-

2266 2285 2450 2357 ορίζει.
2477 2283 2541 2336 Ἦ
2572 2304 2631 2355 γε
2660 2288 2761 2355 μὴν
2804 2282 3083 2343 ὑπόλοιπος
3132 2284 3356 2354 στρατιὰ
3395 2276 3644 2353 περιδεὴς
3678 2274 3739 2335 ἦν
3771 2282 3864 2329 καὶ

2263 2373 2549 2445 κατάφοϐος
2584 2370 2676 2425 διὰ
2714 2377 2806 2429 τὴν
2838 2370 3036 2423 ἐκείνων
3067 2373 3342 2442 ὑπερορίαν
3377 2390 3389 2401 ·
3441 2373 3512 2441 μὴ
3558 2372 3648 2420 καὶ
3697 2366 3866 2424 λυπη-

2267 2464 2428 2524 θέντες
2477 2465 2607 2537 πρός
2652 2464 2991 2533 νεωτερισμὸν
3040 2458 3422 2530 ἀποϐλέψωσιν,
3477 2454 3585 2509 εἶτα
3628 2461 3717 2508 καὶ
3771 2456 3865 2507 αύ-

2262 2556 2377 2612 τούς
2431 2558 2761 2615 κακώσωσιν,
2822 2553 2886 2611 ὡς
2937 2555 3064 2622 μήτε
3111 2556 3202 2601 τοῦ
3256 2554 3671 2623 Χριστιανισμοῡ
3727 2550 3865 2617 μήτε

2262 2650 2352 2702 τῆς
2431 2638 2504 2694 δι’
2566 2641 2749 2693 ἐκεῖνον
2807 2641 3081 2713 ὑπερορίας
3170 2638 3339 2689 αὐτῶν
3421 2642 3857 2695 κοινωνήσαντας.

2263 2730 2395 2782 Ἀλλ’
2442 2731 2535 2783 ούκ
2585 2729 2765 2782 ἐκείνοι
2794 2730 2823 2787 ἡ
2858 2728 3081 2802 ἔπραξάν
3131 2746 3182 2778 τι
3213 2734 3445 2778 τοιοῦτον
3472 2726 3502 2784 ἦ
3538 2728 3807 2781 ἓνενόησαν
3843 2743 3856 2757 ο

2262 2818 2370 2870 ἀλλ’
2420 2820 2503 2871 οἵα
2548 2826 2637 2871 τοῦ
2668 2820 2834 2891 πράου
2884 2819 2950 2879 ὡς
2991 2815 3194 2876 ἀληθῶς
3223 2816 3477 2886 μαθηταὶ,
3508 2818 3736 2884 μιμηταὶ
3767 2817 3861 2864 καὶ

2260 2916 2351 2969 τῆς
2407 2917 2497 2960 τοῦ
2543 2905 2875 2960 Διδασκάλου
2921 2911 3213 2979 πραότητος
3255 2910 3343 2956 καὶ
3390 2912 3481 2963 τῆς
3528 2904 3860 2975 συμπαθείας

2262 2993 2394 3055 ἦσαν
2423 3016 2433 3027 ο
2470 3000 2669 3072 ἡμέρως
2694 3016 2747 3049 τε
2768 2999 2936 3068 ἔφερον
2967 3000 3058 3052 τὴν
3085 2995 3381 3067 ὑπερορίαν,
3423 2998 3512 3045 καὶ
3545 2995 3739 3050 ἣκιστα
3766 2999 3858 3051 τῆς

2260 3086 2451 3159 ὕϐρεως
2482 3084 2880 3159 ἐδυσχέραινον.

2332 3176 2401 3229 Γ’.
2430 3175 2684 3247 Ῥωμύλος
2716 3170 2774 3225 δε
2813 3175 2838 3225 ὀ
2886 3180 2977 3232 τῆς
3032 3170 3320 3242 βασιλικῆς
3366 3169 3524 3231 αὐλῆς
3564 3176 3857 3226 τηνικαῦτα

2257 3272 2603 3339 πραιποσιτος
2633 3268 2761 3336 πρὸς
2813 3266 2899 3313 τὸν
2950 3259 3172 3333 βασιλέα
3219 3262 3494 3334 Τραϊανὸν,
3547 3262 3662 3310 οὔτε
3711 3259 3854 3327 αὐτῷ

2256 3358 2458 3417 πάντως
2514 3358 2627 3405 οὔτε
2682 3360 2744 3424 τῇ
2798 3350 2940 3403 πόλει
2996 3352 3270 3422 συμφέρειν
3323 3348 3461 3419 ἔλεγε
3526 3350 3589 3399 τα
3640 3366 3856 3417 γεγενη-

2254 3448 2397 3515 μένα.
2447 3443 2505 3494 Ὀ
2563 3440 2641 3507 δὲ,
2698 3438 2812 3493 δέον
2880 3441 3107 3513 χάριτας
3161 3437 3425 3508 ὁμολογεῖν
3482 3444 3554 3506 τῷ
3609 3435 3852 3507 Ῥωμύλῳ

2253 3533 2338 3584 ἅτε
2392 3536 2519 3606 πρὸς
2572 3532 2727 3583 αὐτὸν
2787 3529 3026 3588 εὐνοϊκῶς
3088 3530 3299 3597 Ιέχοντι,
3380 3525 3567 3583 εὐήθης
3635 3525 3701 3575 ὢν
3759 3529 3851 3574 καὶ

2254 3620 2569 3694 ἀχάριστος,
2632 3615 2938 3690 ἐλοιδορεῖτο
2994 3615 3183 3689 μᾶλλον
3239 3614 3377 3685 αύτῷ
3428 3618 3518 3665 καὶ
3574 3613 3846 3684 ὠργίζετο,

2252 3716 2339 3761 καὶ
2394 3712 2464 3771 ὡς
2510 3709 2749 3781 ἔγκλημα
2797 3709 3053 3778 προέτεινε
3113 3708 3207 3761 τὴν
3262 3701 3541 3755 εὐσέϐειαν.
3591 3700 3850 3773 Ῥωμύλος

2256 3796 2331 3869 δὲ,
2390 3808 2489 3850 τῶν
2542 3797 2732 3850 ἐκείνου
2788 3796 2952 3867 λόγων
3002 3789 3141 3865 μηδὲ
3183 3796 3238 3843 τὸ
3297 3790 3481 3864 βραχύ
3540 3790 3842 3863 φροντίζων,

2251 3889 2545 3961 ἐσεμνύνετο
2576 3886 2767 3959 μᾶλλον
2793 3892 2909 3944 ταῖς
2939 3880 3033 3936 διὰ
3076 3885 3304 3955 Χριστὸν
3351 3880 3535 3952 ὕϐρεσι
3580 3894 3594 3909 ⁸
3629 3884 3717 3931 καί
3769 3887 3845 3947 τῷ

2249 3982 2364 4052 περὶ
2408 3980 2561 4029 αὑτὸν
2608 3975 2746 4046 ζήλῳ
2793 3971 3167 4047 διαπυρωτατα
3206 3975 3297 4028 τὴν
3335 3968 3519 4040 ψυχὴν
3551 3968 3840 4031 έκκαυθεὶς,

2246 4119 2459 4187 Tigrim
2492 4117 2741 4172 ﬂuvium
2767 4132 2801 4187 a
2834 4110 3453 4187 PtolomaaoMelitene
3476 4108 3842 4177 nominatur,

2247 4184 2390 4246 teste
2422 4190 2667 4245 laudato
2694 4186 2962 4249 Cellario,
2997 4200 3130 4249 cap.
3160 4184 3248 4238 19.

2318 4262 2395 4332 (5)
2415 4260 2816 4333 Tillemontius
2846 4256 3039 4333 to_m.ll
3062 4251 3842 4333 MonumentorummagJBO

2246 4328 2684 4402 negat,titulum
2705 4330 2863 4385 aulae
2891 4328 3291 4395 imperatoria
3315 4328 3620 4391 praepositi
3638 4328 3843 4403 cogni-

2247 4410 2369 4458 tum
2404 4404 2583 4457 fuisse
2616 4408 2881 4472 tempore
2912 4398 3162 4472 Trajani.
3194 4395 3307 4453 Sed
3337 4410 3474 4472 cum
3499 4394 3838 4472 Suetonuis,

3158 4442 3162 4446 -
3194 4434 3307 4453 υυυι.
3337 4434 3474 4450 ναι-μ
3499 4434 3838 4459 νυνυνυιιιυ⁹

484 4462 1132 4554 copj‘opmsariensi‘lib.
1152 4462 2124 4554 inDezEdi/lciislustiniani,cap.
2168 4474 2213 4528 D
2243 4476 2497 4554 Trajan?
2520 4480 2581 4554 ‘et
2610 4462 3294 4554 Adrianolsyncbronus,
3321 4463 3840 4554 militum‘praafec-

480 4538 514 4589 4
545 4534 986 4611 ;_'l‘iller_nontius
1017 4540 1138 4611 tom
1167 4553 1251 4611 iu
1272 4534 1720 4611 Imperatorum,
1765 4557 1903 4611 pag.
1941 4547 2035 4598 H9
2068 4534 2127 4599 id

481 4605 655 4679 refert
682 4605 759 4661 ad
786 4622 1011 4679 annum
1045 4607 1256 4662 Christi
1294 4609 1411 4675 107,
1440 4611 1674 4679 Trajani
1710 4605 1790 4665 10'.
1821 4605 2126 4672 Civitatem

477 4675 639 4731 illam
673 4693 808 4760 cum
840 4678 1078 4760 regione
1122 4681 1478 4760 cognomine
1507 4675 1879 4760 Ptolomaeus
1911 4685 2128 4760 aliique

479 4748 806 4818 geographi
835 4747 1143 4804 ascribunt
1181 4747 1474 4806 Armeniae
1505 4753 1706 4807 Minori
1733 4771 1746 4818 ;
1779 4756 1988 4811 Strabo
2019 4747 2123 4814 au-

477 4824 619 4898 tem,
654 4819 873 4873 Plinius
908 4824 966 4874 et
992 4818 1371 4898 __S_tephanus_
1393 4823 1679 4898 tribuunt»
1706 4823 2125 4898 Cappadociae,

476 4892 837 4969 quibuscum
879 4890 1054 4969 sentit
1078 4890 1540 4969 Christophorus
1570 4890 1852 4951 Cellarius
1880 4890 2125 4969 Geogra;

474 4961 632 5036 phiae
660 4964 926 5036 antiqua?
952 4961 1051 5015 lib.
1075 4961 1164 5036 l_ll,
1186 4980 1298 5036 cap
1317 4961 1368 5031 8,
1392 4980 1647 5036 eamque
1670 4968 1726 5021 in
1752 4969 1957 5028 tabula
1975 4961 2121 5027 lisias

477 5033 712 5113 Μία-θείς
744 5032 995 5113 collocat
1024 5033 1100 5113 ad
1128 5032 1525 5113 conﬂuentem
1548 5032 1785 5113 Melaeet
1810 5043 2122 5113 Euphratis

473 5102 531 5156 in
565 5104 949 5175 Cappadocia
979 5122 994 5173 ;
1032 5109 1231 5175 utpote
1260 5122 1331 5160 ex
1362 5107 1533 5162 cu'us
1568 5102 1957 5167 nobilioribus
1975 5114 2116 5168 olim

473 5174 580 5230 fuit
602 5175 967 5232 praefecturis
998 5192 1010 5229 :
1046 5190 1252 5231 verum
1284 5178 1341 5232 in
1372 5123 1576 5232 tabula
1616 5180 1884 5232 Orientis-
1930 5201 2112 5232 mnam

473 5174 967 5256 fuitprtefecturis
992 5192 1010 5256 _:
1046 5174 1341 5256 verumln
1372 5174 1576 5233 tabula
1616 5180 1885 5256 Orientis,
1930 5201 2114 5256 quam

472 5245 683 5324 postea
710 5245 965 5324 exhibet,
988 5251 1242 5324 tractum
1265 5247 1429 5324 illum
1446 5245 1901 5324 comprehendit
1919 5245 1982 5308 A'i
2002 5272 2119 5311 me-

470 5318 572 5370 nia
601 5319 834 5373 Minore.
870 5319 1030 5373 Idem
1062 5318 1128 5373 tit
1158 5320 1216 5373 in
1258 5319 1509 5376 aliorum
1544 5318 1760 5376 tabulis
1792 5342 1953 5381 anno
1982 5328 2110 5382 17H

469 5385 847 5467 editis._U_rbs
874 5404 1047 5460 porro
1069 5389 1137 5467 de
1164 5392 1557 5467 quaagimus,
1568 5396 1745 5467 etiam
1772 5395 1927 5452 dicta
1957 5414 2118 5467 repe-

468 5458 852 5534 riturllelita,
876 5458 1044 5515 nunc
1074 5458 1489 5534 Turcisviilgo
1528 5458 1862 5534 Malatyah.
1908 5458 2116 5523 Distin-

466 5527 679 5605 ctionis
736 5544 918 5605 causa
993 5536 1147 5605 recte
1219 5527 1449 5589 addidit
1508 5527 1952 5605 Metaplirastes,
2021 5549 2116 5602 τῆς

467 5599 753 5676 Ἀρμενίας,
782 5602 1119 5657 Armeniw:
1169 5618 1308 5658 nam
1348 5609 1403 5660 et
1456 5599 1678 5670 tractus
1731 5599 2114 5669 Sustantnad

2246 4553 2332 4601 tos
2351 4538 2422 4601 'iu
2448 4546 2674 4601 Othone
2701 4538 3464 4615 appetIa'veritpfzpositos,
3488 4542 3545 4615 et
3571 4542 3840 4615 tempore

2244 4618 2408 4673 Statii
2430 4615 2651 4687 Papinii
2670 4605 2924 4688 poette,_q
3010 4630 3034 4663 s
3046 4630 3076 4664 u
3088 4605 3123 4665 b
3140 4605 3842 4688 Domitiano_iloruit,’pro-

2241 4697 2474 4743 curator
2486 4683 2924 4759 térarii‘m‘ajoris
2938 4683 3232 4759 diceretur
3247 4683 3501 4759 erararii
3524 4683 3673 4759 sacri
3690 4693 3839 4759 prae:

2283 4760 2639 4823 ositus,teste
2658 4752 2950 4814 Saliiiasio
2979 4754 3032 4808 in
3058 4754 3218 4830 Notis
3242 4752 3317 4807 ad
3340 4753 3526 4830 Vitam
3555 4752 3835 4830 Anto_nini

2283 4776 2639 4823 OSlLUSJCSlB
2658 4776 2950 4814 aaimasio
2979 4776 3032 4808 lu
3058 4776 3218 4809 nous
3242 4776 3317 4807 au
3347 4776 3526 4805 vuum
3555 4776 3835 4804 Λυιυυιυι

2239 4776 2592 4886 Biadumeni
2616 4851 2627 4888 ς
2653 4844 2759 4882 cur
2784 4842 2900 4881 non
2931 4824 3305 4900 potuitetiam
3331 4821 3524 4900 vocari
3550 4818 3665 4900 sub
3695 4822 3837 4900 ’ξι-θ-

2236 4902 2378 4972 jano
2419 4902 2576 4973 cum
2600 4890 3000 4973 ίηιρενξαιονῑεξί
3023 4892 3525 4973 ρνιεροείιιιεηοιιί
3558 4890 3835 4973 ejusdem

2234 4962 2520 5028 custodiae
2564 4971 2654 5025 vel
2681 4962 3031 5023 'ministerio
3078 4965 3269 5020 aulico
3310 4962 3656 5029 invigilandi
3688 4977 3835 5018 cura

2234 5050 2359 5120 erat
2377 5042 2738 5120 demandata
2756 5040 2785 5092 ‘?
2806 5040 2926 5094 imo
2953 5039 3087 5120 quis
3109 5038 3217 5120 ritne
3235 5035 3491 5120 probare
3515 5033 3836 5120 q‘u‘eat,hoc

2237 5115 2401 5170 titulo
2433 5113 2797 5185 appellatum
2828 5126 2945 5165 non
2968 5104 3145 5163 fuisse
3171 5106 3199 5161 ?
3218 5104 3308 5185 _A_i_t
3338 5108 3497 5185 enim
3525 5104 3835 5185 'l‘il'lemon-

2233 5187 2351 5257 tius
2381 5179 2592 5240 torﬁflt
2626 5185 3037 5257 imperatorum,
3058 5194 3181 5257 pag
3208 5179 3575 5257 495,penitus
3600 5179 3833 5257 interci—

2231 5256 2389 5311 disse
2409 5256 2603 5311 Vitam
2624 5248 2858 5325 Trajani
2887 5270 2921 5308 a
2951 5248 3124 5325 variis
3150 5248 3490 5325 auctoribus
3522 5248 3828 5325 scriptam.

2233 5329 2519 5384 Caeterum
2549 5318 2807 5394 Cangius
2840 5326 2899 5379 in
2940 5322 3237 5394 Glossario
3270 5320 3347 5376 ad
3379 5334 3583 5374 vocem
3624 5318 3830 5394 Graeco

2230 5399 2554 5455 barbaram
2580 5389 2933 5469 Πραιπὸσιτος
2964 5393 3189 5469 pro_fer_t_
3210 5392 3369 5446 hunc
3404 5406 3598 5460 ipsum
3630 5389 3828 5469 locum

2232 5471 2370 5525 Vita:
2399 5474 2453 5526 S.
2490 5458 2742 5535 Romuli,
2769 5458 3601 5541 quamiqlndicqauctbrggi
3628 5458 3740 5515 col.
3760 5460 3824 5541 ιξί

2230 5547 2397 5597 notat
2422 5529 2811 5611 desumptaiﬁ
2834 5555 2906 5611 ea
2932 5535 3135 5592 codice
3164 5534 3470 5592 Colberteo
3502 5531 3625 5611 555,
3667 5529 3831 5611 unde

2231 5612 2497 5671 fortassis
2528 5617 2585 5670 et
2609 5607 3029 5683 apographum
3070 5612 3345 5663 nostrum
3374 5607 3684 5676 acceptum
3718 5608 3825 5657 est.
