4154 6192
260 274 365 329 621

266 398 529 473 ἐξυϐρίζει
582 402 670 472 μὲν
714 399 781 460 εἰς
826 403 943 460 τοὺς
986 402 1176 453 ἐκείνου
1222 402 1366 462 θεοὺς
1406 396 1644 456 ἀναίδην·
1694 398 1872 470 ὁμολο-
1901 400 1946 454 Α

268 498 355 560 γεί
400 486 460 541 δὲ
493 498 715 561 φανερῶς
762 492 846 541 τὸν
894 494 1120 563 Χριστόν
1167 494 1256 541 καὶ
1307 489 1729 563 παρρησιάζεται
1778 493 1871 546 τὴν

272 577 554 631 εὐσέϐειαν.
587 579 869 651 Ἀγριᾶνας
899 580 1067 630 τοίνυν
1107 578 1340 631 ἐπίπλεον
1384 582 1651 650 Τραϊανός,
1686 577 1875 630 κελεύει

272 668 495 725 ταθῆναι
524 674 705 718 τοῦτον
736 672 823 718 καὶ
850 664 1067 741 ῥάϐδοις
1098 667 1418 728 αἰκίζεσθαι.

346 842 416 897 Δ’.
479 842 537 894 Ὀ
592 847 765 914 μέντοι
819 843 1075 916 Ῥωμύλος
1136 844 1383 916 εὐψύχως
1448 841 1731 914 δεχόμενος
1787 844 1876 902 τὰς

270 930 497 1003 πληγὰς,
545 938 652 985 Νῦν
707 932 978 1005 εὐεργετῶν
1036 953 1097 1005 με
1152 936 1264 986 ῐσθι
1325 937 1389 985 τὰ
1445 938 1690 1005 μέγιστα,
1748 934 1877 1003 πρὸς

270 1024 526 1091 Τραὶανόν
580 1020 718 1075 ἐϐόα.
782 1027 851 1074 Τό
907 1042 961 1075 τε
1011 1026 1112 1095 γὰρ
1164 1032 1316 1093 σῶμα
1374 1022 1487 1094 ἐμοὶ
1551 1030 1622 1091 τῷ
1682 1020 1876 1093 ἐρυθρῷ

271 1112 437 1181 τούτῳ
508 1110 895 1185 περιρρεόμενον
949 1113 1133 1184 αἵματι
1181 1116 1266 1163 τόν
1327 1112 1379 1163 ἐκ
1436 1121 1528 1172 τῆς
1602 1107 1877 1170 εἰδωλικῆς

269 1204 494 1258 κνίσσης
549 1196 771 1257 δυσώδη
817 1200 1082 1272 μολυσμὸν
1121 1201 1449 1265 ἀπολούεται,
1501 1205 1587 1251 καὶ
1638 1202 1666 1257 ἡ
1730 1198 1872 1269 ρυχὴ

273 1285 333 1339 δε
414 1286 709 1359 ἀφθαρσίας
785 1298 989 1360 χιτῶνα
1045 1292 1271 1364 καθαρόν
1321 1288 1696 1363 περιϐάλλεται.
1766 1287 1878 1337 Οὐκ

270 1377 457 1447 ἤνεγκε
508 1384 673 1429 ταῦτα
727 1382 999 1450 Τραϊανός,
1052 1377 1155 1430 ἀλλ’
1210 1379 1281 1439 εἰς
1328 1378 1534 1430 πλείονα
1587 1379 1671 1428 τόν
1718 1378 1878 1447 θυμόν

273 1468 585 1537 προαχθεὶς,
637 1473 857 1536 ταχεῖαν
905 1468 1072 1519 αὐτῶν
1104 1467 1407 1539 ἀπαλλαγὴν
1451 1466 1692 1536 ἐπίτομόν
1724 1483 1777 1515 τε
1818 1467 1877 1516 τὸ

272 1557 561 1629 μαρτύριον
616 1551 951 1626 διεπράξατο·

269 1643 532 1714 Ῥωμύλου
589 1642 894 1715 ψηφίζεται.
961 1644 1020 1697 ⁴Ο
1076 1650 1163 1715 μὲν
1218 1642 1304 1697 οὖν
1380 1646 1602 1716 ἄσμενος
1658 1646 1715 1695 τὸ
1786 1639 1880 1694 διὰ

271 1736 507 1804 Χριστόν
552 1729 658 1784 εἶδε
712 1733 875 1805 ξίφος,
925 1740 1014 1786 καὶ
1077 1732 1276 1792 ἥδιστα
1329 1737 1385 1785 τό
1438 1742 1531 1786 τοῦ
1587 1736 1876 1805 μαρτυρίου
1911 1746 1950 1801 Β

272 1818 462 1878 ἐπῆλθε
500 1818 737 1876 στάδιον.

1031 1562 1116 1607 καὶ
1176 1559 1437 1628 τμηθῆναι
1490 1560 1582 1613 τὴν
1657 1552 1878 1624 κεφαλὴν

1336 276 1515 330 ACTA
1560 275 1660 328 SS.
1706 273 2017 338 EUDOXII,
2062 274 2361 339 ROMULI,
2405 278 2556 331 ETC.

3521 284 3631 337 62$

1982 404 2037 456 et
2066 400 2484 457 ardentissimo
2514 401 2643 472 ejus
2669 401 2865 459 zeloin
2886 404 3086 460 animo
3107 419 3416 474 accensus,
3444 405 3628 463 libere

1981 488 2227 561 quidem
2287 496 2343 545 et
2385 489 2571 546 effuse
2618 491 2770 547 illius
2800 492 2945 548 deos
3004 494 3232 564 probris
3284 493 3625 560 insectatur,

1982 577 2276 634 Christum
2334 584 2536 635 autem
2593 586 2793 651 aperte
2845 582 3175 651 conﬁtetur,
3235 587 3291 638 et
3355 583 3631 653 pietatem

1986 667 2272 723 audacter
2294 669 2621 739 proﬁtetur.
2640 672 2821 741 Magis
2848 672 3048 743 itaque
3069 672 3326 728 irritatus
3343 672 3631 743 Trajanus

1980 755 2150 827 jubet
2177 772 2313 812 eum
2346 759 2576 814 extendi
2602 765 2658 815 et
2687 759 2862 831 virgis
2890 760 3061 816 caedi.

2056 846 2150 899 1V.
2179 846 2468 902 Romulus
2487 854 2683 904 autem
2707 865 2931 919 magno
2953 856 3010 906 et
3037 850 3168 906 forti
3193 850 3397 907 animo
3422 850 3634 923 plagas

1986 934 2285 1006 accipiens
2319 952 2331 990 :
2369 939 2528 993 Nunc
2578 939 2748 1002 scias,
2783 954 2878 995 me
2934 939 3195 995 maximo
3228 939 3385 996 afﬁci
3413 939 3637 995 beneﬁ-

1986 1023 2489 1086 cio,exclamabat
2514 1026 2591 1081 ad
2632 1028 2976 1097 Trajanum.
3005 1030 3231 1101 Corpus
3256 1029 3439 1094 enim,
3465 1028 3626 1102 quod

1986 1111 2099 1167 hoc
2126 1113 2307 1169 rubro
2330 1114 2473 1169 mihi
2497 1116 2786 1185 sanguine
2803 1118 3179 1184 circumﬂuit,
3198 1118 3387 1174 abluit
3402 1118 3631 1184 sordes,

1986 1216 2141 1271 quas
2169 1205 2433 1258 contraxi
2452 1221 2523 1259 ex
2546 1204 2751 1261 nidore
2767 1208 3229 1263 simulacrorum
3257 1226 3268 1275 ;
3296 1213 3351 1263 et
3368 1207 3637 1263 indultur

1987 1288 2197 1345 anima
2227 1292 2456 1347 munda
2481 1294 2677 1349 tunica
2707 1294 3187 1368 incorruptionis.
3209 1299 3333 1353 Non
3357 1296 3488 1353 tulit
3507 1297 3636 1353 hinc

1986 1378 2295 1449 Trajanus,
2358 1383 2462 1436 sed
2516 1382 2729 1453 majori
2794 1383 2881 1441 ira
2931 1386 3209 1456 percitus,
3278 1384 3330 1441 ei
3384 1385 3637 1441 celerem

1990 1475 2300 1538 comparat
2318 1469 2749 1541 liberationem,
2773 1479 2829 1528 et
2848 1474 3028 1529 breve
3055 1473 3228 1530 efﬁcit
3247 1475 3634 1546 martyrium;

1989 1560 2047 1609 et
2074 1557 2357 1623 decernit,
2403 1566 2467 1615 ut
2511 1566 2693 1632 caput
2749 1562 2987 1618 Romuli
3042 1570 3403 1636 amputetur.
3447 1566 3638 1635 Atque

1988 1643 2084 1699 ille
2115 1646 2358 1717 quidem
2386 1648 2632 1705 libenter
2661 1666 2867 1706 ensem
2909 1653 3141 1724 aspexit
3184 1656 3427 1724 propter
3481 1652 3636 1709 Chri—

1989 1737 2168 1799 etum,
2198 1740 2253 1791 et
2273 1734 2709 1807 jucundissime
2738 1738 2922 1795 subiit
2943 1741 3202 1796 stadium
3235 1740 3526 1813 martyrii.

1786 1907 2011 1965 CAPUT
2043 1914 2107 1965 ll.

268 1998 656 2056 S.Eudoa:ius
680 2000 884 2079 missos
902 2000 989 2079 ad
1017 2000 1453 2079 se_ca_piendum
1479 1999 1746 2079 convivio
1769 1998 2173 2079 eajcipittdem
2202 2010 2409 2079 sponte
2438 2005 2565 2061 adit
2588 2007 2920 2079 precidem,
2948 2022 3148 2064 coram
3174 2023 3290 2079 quo
3304 2007 3479 2075 ﬁdem
3498 2022 3639 2077 pro-

842 2072 1047 2140 ﬁtetur
1073 2073 1446 2143 balteumque
1461 2072 1684 2141 abjicit,
1712 2068 1992 2125 militibus
2015 2072 2152 2128 1104
2174 2068 2503 2144 ρώεηιριαιη
2527 2068 2653 2146 ejus
2676 2068 3065 2135 imitantibus.

351 2158 421 2213 E'.
457 2167 658 2231 Συχνοῡ
690 2158 749 2213 δὲ
798 2162 990 2233 μεταξύ
1046 2158 1338 2222 διελθόντος
1390 2168 1606 2235 χρόνου,
1665 2159 1877 2215 Διόκλη-

270 2254 450 2311 τιανός
475 2253 563 2320 μὲν
596 2250 780 2321 αἰματι
824 2248 1052 2322 ἐμφυλίῳ
1097 2256 1185 2303 καὶ
1214 2248 1486 2325 τυραννίδι
1534 2249 1737 2302 κλέπτει
1787 2252 1877 2305 τὴν

278 2336 571 2409 βασιλείαν,
628 2338 903 2410 φιλονεικεῖ
954 2336 1011 2391 δὲ
1058 2344 1176 2400 τοὺς
1230 2343 1329 2413 πρὸ
1384 2340 1544 2392 αὐτοῦ
1602 2341 1880 2412 τυράννους

273 2429 410 2479 κατά
456 2447 514 2499 γε
560 2431 646 2480 τόν
689 2437 782 2490 τῆς
827 2430 1093 2501 ὠμότητος
1135 2432 1345 2481 καὶτὸν
1386 2436 1476 2490 τῆς
1527 2426 1762 2489 ἀσεϐείας
1802 2426 1882 2477 λό-

275 2534 369 2586 γον
421 2515 742 2590 ὑπερϐαλεῖν,
797 2524 883 2570 καὶ
935 2523 1028 2576 τὴν
1068 2517 1266 2570 ἐκείνων
1318 2517 1606 2589 ἀγριότητα
1664 2517 1881 2588 φανερὰν

281 2601 454 2666 δεῖξαι
537 2605 939 2680 φιλανθρωπίαν
1000 2609 1112 2658 ὅθεν
1167 2604 1232 2664 δὴ
1288 2603 1627 2679 διατάγματα
1679 2611 1876 2676 συνεχῆ

276 2692 629 2746 κατελάμϐανε
676 2699 733 2747 τὸ
765 2696 1014 2761 ὑπήκοον,
1066 2700 1094 2753 ἣ
1151 2698 1347 2757 πάντας
1380 2696 1520 2766 αύτῴ
1566 2702 1882 2752 κοινωνῆσαι

277 2791 372 2843 τὴς
426 2781 748 2848 ἀσεϐείας,ἦ
804 2786 1019 2836 θάνατον
1060 2784 1234 2846 αὐτοῖς
1282 2782 1410 2837 εἶναι
1456 2787 1514 2837 τὸ
1571 2792 1666 2845 τῆς
1716 2801 1882 2854 παραυ

274 2879 398 2932 κοῆς
455 2870 734 2943 ἐπιτίμιον,
771 2879 1080 2946 Χριστιανοὶ
1129 2880 1292 2925 τοίνυν
1343 2871 1435 2927 δια
1473 2878 1529 2925 τὸ
1570 2881 1664 2933 τῆς
1723 2871 1882 2944 ὀργῆς
1912 2900 1951 2956 C

274 2968 367 3012 τοῦ
399 2957 592 3033 ἀνδρὸς
621 2963 831 3033 ἄμαχόν
864 2981 916 3015 τε
954 2968 1043 3015 καὶ
1095 2960 1275 3024 δεινῶς
1324 2965 1525 3033 οῐγριον,
1575 2964 1623 3015 οἱ
1671 2965 1759 3033 μεν
1789 2964 1879 3022 τὰς

275 3052 407 3121 μετὰ
445 3058 545 3101 τῶν
595 3052 787 3123 θηρίων
837 3050 887 3102 ἐν
928 3052 1142 3124 ἐρήμοις
1187 3050 1459 3124 διατριϐὰς
1490 3062 1583 3114 τῆς
1613 3054 1743 3124 μετά
1780 3059 1880 3103 τῶν

274 3137 558 3212 ἀνθρώπων
636 3139 825 3211 μᾶλλον
878 3145 1176 3214 προέκρινον
1237 3147 1521 3203 συνοικίας⁸
1572 3144 1619 3193 οἱ
1674 3138 1731 3193 δὲ
1783 3144 1875 3213 ὅρη

272 3232 365 3279 καὶ
398 3228 648 3290 σπήλαια,
682 3233 770 3279 καὶ
821 3230 920 3280 ὅσα
952 3226 1173 3281 δύναται
1216 3234 1483 3303 κρύπτειν,
1532 3227 1880 3301 ὑποδυόμενοι

273 3321 366 3369 καὶ
398 3316 572 3381 αὐτόν,
614 3319 682 3378 ὡς
713 3317 895 3385 οἷόντε,
924 3322 1009 3369 τόν
1037 3319 1179 3378 ἣλιον
1211 3316 1475 3372 διαλαθεῖν
1508 3316 1779 3373 ἔσπευδον.

367 3503 465 3577 ς’.
523 3502 773 3557 Ἐνταῦθα
819 3508 1067 3576 μηνύεταί
1125 3525 1203 3568 τις
1253 3506 1489 3573 εὐσεϐὴς,
1543 3512 1762 3559 καὶτοῦ
1804 3510 1873 3577 μὴ

275 3591 449 3645 λαθεῖν
506 3598 664 3655 ὅντως
741 3594 899 3657 ἄξιος,
979 3591 1219 3657 Εύδόξιός
1301 3598 1329 3655 ἦ
1408 3603 1672 3670 Μαριανός
1718 3597 1879 3668 ὄνομα

278 3680 429 3756 ἀνὴρ·
487 3681 791 3755 ἀμφοτέροις
842 3686 944 3755 γὰρ
997 3685 1373 3755 ἑκυριολογεῑτο
1441 3693 1550 3747 τοῖς
1607 3684 1873 3757 ὀνόμασιν·

278 3768 381 3821 ἀπό
410 3777 758 3845 πριμικηρίων
791 3768 851 3825 δὲ
884 3778 977 3831 τὴν
1011 3771 1181 3838 ἀξίαν,
1211 3770 1274 3835 ἧς
1317 3771 1410 3826 διὰ
1438 3778 1526 3826 τὸν
1549 3774 1621 3835 εἰς
1649 3778 1877 3848 Χριστόν

274 3863 434 3913 πόθον
485 3858 884 3933 ἀπεληλαμένος,
913 3860 960 3913 ἓν
991 3870 1051 3935 τῇ
1080 3872 1178 3914 τῶν
1217 3869 1456 3935 κομὴτων
1513 3862 1867 3919 ύπεϐιϐάσθη’

273 3954 367 4001 καὶ
391 3952 583 4013 ταύτης
632 3948 691 4002 δὲ
740 3955 811 4022 μὴ
858 3956 1057 4022 τυχὼν,
1109 3952 1339 4025 ὲστερξεν
1369 3954 1429 4004 ἄν
1461 3960 1531 4023 τῷ
1580 3954 1877 4025 ποθουμένῳ

269 4043 412 4111 μόνῳ
485 4039 960 4111 παρακαλούμενος·
1046 4044 1312 4098 Μηνύεται
1370 4038 1427 4095 δε
1478 4046 1535 4094 τὸ
1591 4052 1879 4100 τηνικαῦτα

272 4127 567 4189 Μελιτηνῆς
618 4129 852 4199 ἡγεμόνιθ
915 4130 970 4189 ὃς
1020 4128 1197 4187 ἐπειδὴ
1251 4135 1317 4183 τὰ
1367 4137 1483 4203 περὶ
1543 4139 1633 4183 τοῦ
1690 4129 1877 4206 ἀνδρὸς

272 4216 475 4268 ἕκαστα
529 4218 846 4287 μεμαθήκοι,
902 4222 1018 4279 τοὺς
1061 4218 1278 4281 ἄξοντας
1341 4221 1490 4272 αὐτόν
1546 4229 1881 4294 παραχρῆμα
1917 4254 1956 4307 D

273 4303 544 4376 ἐκπέμπει.
600 4312 767 4358 Τοῦτο
820 4304 879 4359 δὲ
945 4312 1015 4378 μὴ
1089 4311 1174 4359 τὸν
1249 4306 1496 4371 Εὐδόξιον
1553 4309 1727 4374 λαθὸν,
1798 4310 1881 4362 εύ-

272 4392 571 4467 τελεστέραν
620 4397 946 4467 περιθέμενος
991 4401 1083 4455 τὴν
1136 4396 1344 4461 στολὴν,
1395 4398 1477 4449 ἵνα
1506 4403 1576 4469 μὴ
1626 4399 1771 4461 ὅστις
1799 4401 1875 4455 εἴη

275 4486 492 4556 φανερὸς
563 4487 783 4553 γένοιτο,
865 4483 1198 4555 ἐμφανίζεται
1272 4494 1375 4547 τοῖς
1452 4486 1873 4557 ἀπεσταλμένοις.

274 4574 609 4643 Ἐντυχόντες
670 4577 842 4624 τοίνυν
893 4573 1071 4633 αὐτοῖς
1130 4574 1263 4644 [imo
1333 4575 1494 4648 αὐτῷ]
1550 4582 1638 4628 καὶ
1721 4582 1878 4647 μήπω

273 4667 458 4713 τοῦτον
513 4659 696 4713 ἐκεῖνον
753 4662 883 4713 εἶναι
939 4667 1262 4734 νομίσαντες,
1321 4665 1420 4721 ὅπη
1472 4665 1574 4737 οἰρα
1614 4662 1879 4733 διατρίϐοι

274 4752 302 4802 6
370 4754 532 4822 κόμης
602 4746 869 4817 Εύδόξιος,
933 4751 1112 4811 εὐθέως
1163 4752 1394 4826 ἠρώτων.
1449 4751 1506 4804 Ὀ
1558 4750 1633 4804 δέ’
1685 4757 1744 4805 Εἰ
1790 4773 1879 4825 μοι

274 4839 544 4914 παρελθεῖν
601 4838 863 4897 ἐθελήσετε
934 4841 1005 4901 εἰς
1059 4845 1153 4899 τὴν
1244 4844 1442 4911 στάγην
1523 4843 1585 4912 [ι.
1641 4842 1876 4915 στέγην],

275 4931 590 5003 ἡμερώτατα
634 4932 765 5001 πρὸς
812 4928 1000 4989 αύτούς
1038 4932 1152 5000 ἔφη,
1208 4934 1296 4981 καὶ
1331 4928 1515 5003 βραχύ
1558 4934 1643 4981 τόν
1692 4930 1746 4982 ἐκ
1789 4940 1879 4992 τῆς

276 5014 404 5069 ὀδοῦ
444 5022 601 5070 κόπον
629 5014 1011 5085 διαναπαῦσαι,
1065 5024 1155 5069 καὶ
1184 5019 1449 5090 τραπέζης
1492 5024 1580 5071 καὶ
1611 5019 1743 5070 ἀλῶν
1774 5041 1880 5072 κοι-

276 5114 530 5173 νωνῆσαι,
564 5105 660 5177 ἐγὼ
686 5108 807 5179 ύμῖν
838 5110 922 5159 τὸν
947 5107 1256 5178 ζητούμενον
1289 5104 1567 5170 ύποδεξίω.

350 5372 427 5445 (6)
464 5375 766 5448 Annorum
789 5373 1023 5448 scilicet
1066 5376 1187 5448 167.
1221 5376 1512 5448 Traianus
1543 5379 1698 5433 enim
1732 5379 1880 5434 obiit

275 5458 440 5499 anno
490 5444 695 5521 Christi
744 5445 868 5521 H7,
931 5444 1508 5505 Diocletianus‘vero
1560 5450 1878 5521 imperium

278 5514 541 5586 suscepit
570 5530 727 5571 anno
756 5518 880 5572 284.

348 5589 423 5661 (Τ)
458 5586 692 5644 Crimen
722 5588 860 5660 Apri
890 5589 1168 5662 praetorio
1196 5590 1477 5662 prefecti,
1511 5592 1605 5665 qui
1629 5592 1879 5665 imperio

2059 2161 2122 2215 V.
2140 2161 2287 2219 Cum
2304 2165 2555 2222 multum
2578 2172 2775 2223 autem
2794 2167 3224 2224 intercessisset
3239 2167 3526 2238 temporis
3539 2168 3637 2239 6),)

1992 2250 2383 2308 Diocletianus
2403 2255 2645 2326 quidem
2679 2257 2971 2328 sanguine
3001 2257 3277 2313 intestino
3327 2261 3384 2312 et.
3441 2262 3636 2328 tyran-

1990 2338 2125 2394 nide
2154 2342 3143 2417 invaditimperium(7),contendit
3168 2350 3369 2402 autem
3398 2362 3505 2401 eos
3535 2345 3639 2417 qui

1988 2438 2408 2499 praecesserant
2438 2439 2723 2503 tyrannos
2753 2434 3097 2490 crudelitate
3132 2451 3418 2506 superare
3446 2440 3503 2491 et
3529 2435 3640 2491 im-

1990 2517 2225 2589 pietate,
2254 2526 2309 2575 et
2340 2521 2650 2576 ostendere
2680 2522 2911 2577 illorum
2951 2523 3230 2578 saevitiam
3297 2522 3474 2578 fuisse
3534 2524 3638 2578 hu—

1991 2608 2357 2664 manitatem.
2389 2608 2555 2665 Unde
2572 2610 2753 2666 etiam
2783 2611 2861 2666 ad
2891 2627 2992 2667 eos
3016 2611 3119 2683 qui
3148 2611 3308 2666 illius
3343 2611 3639 2683 parebant

1990 2695 2262 2767 imperio,
2295 2698 2487 2754 edicta
2539 2698 2859 2755 veniebant
2906 2699 3258 2771 frequentia,
3311 2705 3372 2754 ut
3423 2715 3631 2755 omnes

1991 2786 2083 2842 vel
2113 2802 2249 2842 cum
2280 2802 2350 2842 eo
2381 2787 2869 2843 communionem
2901 2788 3219 2859 impietatis
3244 2788 3623 2859 susciperent,

1995 2875 2084 2930 vel
2116 2892 2275 2930 mors
2301 2882 2451 2932 esset
2492 2876 2574 2931 eis
2632 2892 2813 2948 paena
2854 2876 3292 2933 inobedientiae.
3326 2876 3636 2933 Christiani

1989 2965 2190 3035 itaque
2209 2972 2449 3036 propter
2470 2981 2691 3021 saevam
2714 2971 2770 3021 et
2799 2966 3125 3021 immanem
3159 2965 3312 3021 illius
3340 2966 3515 3033 iram,
3538 2965 3637 3022 alii

1988 3052 2228 3124 quidem
2262 3053 2566 3109 malebant
2587 3070 2724 3109 cum
2747 3054 2883 3109 feris
2913 3054 3183 3110 habitare
3214 3054 3271 3108 in
3305 3053 3633 3110 solitudini-

1989 3143 2122 3207 bus,
2143 3159 2324 3215 quam
2355 3144 2532 3199 simul
2554 3160 2691 3199 cum
2710 3144 3059 3199 hominibus
3091 3160 3101 3192 :
3129 3143 3229 3199 alii
3252 3150 3452 3199 autem
3471 3159 3639 3199 mon-

1990 3238 2075 3288 tes
2108 3236 2165 3287 et
2214 3232 2526 3303 speluncas
2579 3239 2635 3289 et
2689 3248 3068 3305 quaecunque
3124 3232 3313 3289 celare
3367 3237 3637 3304 poterant

1988 3320 2311 3377 subeuntes
2339 3321 2677 3388 studebant,
2700 3322 2905 3393 quoad
2935 3322 3063 3392 ejus
3095 3322 3221 3378 ﬁeri
3273 3318 3522 3393 poterat,
3544 3320 3640 3378 vel

1985 3410 2184 3483 ipsum
2216 3411 2401 3466 solem
2440 3410 2641 3466 latere.

2059 3509 2141 3563 Vl.
2169 3511 2248 3563 Eo
2279 3513 2546 3579 tempore
2575 3507 2836 3563 defertur
2854 3507 3107 3580 quidam
3136 3507 3227 3563 vir
3256 3506 3409 3578 pius,
3434 3512 3491 3563 et
3516 3506 3641 3579 pla-

1987 3613 2061 3652 ne
2092 3596 2375 3665 indignus
2404 3594 2508 3667 qui
2534 3595 2761 3651 lateret.
2795 3596 2855 3651 Ei
2880 3612 3102 3651 nomen
3130 3600 3257 3651 erat
3309 3594 3635 3659 Eudoxius,

1988 3689 2092 3739 aut
2129 3683 2436 3739 Marianus
2462 3701 2476 3752 ;
2503 3689 2625 3739 erat
2657 3684 2815 3738 enim
2844 3689 3163 3755 utrumque
3181 3684 3233 3738 ei
3261 3698 3483 3739 nomen
3506 3698 3639 3751 pro-

1990 3774 2204 3846 prium.
2241 3778 2281 3825 A
2315 3772 2605 3841 dignitate
2634 3778 2833 3828 autem
2882 3772 3319 3844 primiceriatus
3349 3770 3638 3842 expulsus

1991 3869 2227 3934 propter
2273 3877 2541 3917 amorem
2574 3861 2803 3930 Christi,
2831 3860 3223 3917 descenderat
3276 3860 3353 3917 ad
3402 3858 3640 3915 inferio-

1987 3967 2109 4007 rem
2139 3950 2425 4006 comitum
2478 3948 2830 4019 dignitatem
2867 3966 3089 4021 ;quam
3124 3949 3368 4023 quidem
3401 3948 3637 4005 etiamsi

1988 4058 2107 4098 non
2161 4041 2370 4097 fuisset
2429 4045 2802 4103 consecutus,
2862 4039 3002 4094 satis
3060 4044 3263 4095 tamen
3321 4037 3637 4094 habuisset

1987 4148 2126 4188 eum
2187 4130 2379 4187 solum
2445 4129 2633 4200 sequi,
2696 4144 2877 4200 quem
2934 4127 3335 4184 desiderabat.
3374 4127 3640 4184 Defertur

1989 4227 2187 4278 autem
2237 4219 2317 4276 ad
2347 4235 2508 4283 eum,
2540 4217 2644 4289 qui
2702 4222 2839 4273 tunc
2869 4222 2995 4273 erat
3051 4232 3274 4290 praises
3333 4216 3636 4272 Melitenaa.

1990 4311 2096 4374 Qui
2154 4326 2295 4366 cum
2342 4307 2416 4363 de
2472 4322 2542 4363 eo
2574 4305 2813 4376 singula
2871 4306 3271 4371 intellexisset,
3300 4306 3407 4377 qui
3438 4305 3639 4377 ipsum

1988 4398 2299 4454 adducturi
2375 4401 2589 4460 essent,
2637 4396 2846 4450 emittit
2901 4396 3189 4467 protinus.
3245 4396 3361 4450 Hoc
3439 4398 3639 4450 autem

1989 4504 2126 4542 cum
2170 4503 2290 4542 non
2338 4485 2605 4542 latuisset
2656 4484 3003 4549 Eudoxium,
3036 4484 3230 4540 viliori
3262 4489 3423 4539 veste
3462 4483 3641 4539 indu-

1991 4583 2107 4640 tus,
2138 4591 2213 4631 ne
2268 4582 2419 4630 esset
2449 4573 2856 4638 manifestum,
2888 4574 3164 4646 quisnam
3222 4578 3396 4638 esset,
3428 4587 3491 4627 se
3550 4587 3641 4627 os-

1989 4664 2175 4719 tendit
2202 4664 2273 4719 iis
2325 4664 2425 4734 qui
2454 4662 2618 4719 missi
2650 4661 2900 4717 fuerant.
2936 4662 3083 4717 Cum
3114 4678 3252 4717 eum
3304 4676 3447 4731 ergo
3498 4676 3643 4716 con-

1993 4754 2291 4808 venissent
2346 4757 2402 4806 et
2448 4752 2720 4806 nondum
2775 4767 2914 4806 eum
2947 4750 3115 4806 illum
3142 4766 3271 4807 esse
3309 4752 3639 4822 putassent,

1992 4841 2237 4896 ubinam
2252 4845 2582 4895 versaretur
2598 4855 2800 4896 comes
2824 4838 3144 4905 Eudoxius,
3163 4856 3299 4895 eum
3326 4841 3635 4908 rogarunt.

1990 4931 2087 4986 Ille
2118 4934 2337 4995 autem,
2377 4929 2434 4984 Si
2478 4944 2677 4983 meum
2713 4934 2934 4984 tectum
2958 4929 3157 4985 subire
3198 4928 3521 4992 volueritis,
3553 4926 3640 4981 eis

1990 5020 2138 5075 dixit
2186 5017 2629 5087 benignissime,
2655 5022 2711 5072 et
2737 5033 2772 5073 a
2797 5017 2999 5073 labore
3024 5018 3243 5073 itineris
3270 5034 3373 5073 vos
3423 5031 3637 5089 parum

1989 5125 2276 5173 recreare,
2308 5121 2650 5178 mensaeque
2674 5111 2729 5161 et
2755 5106 2897 5162 salis
2934 5124 3168 5162 mecum
3220 5122 3347 5162 esse
3406 5104 3643 5178 partici-

1990 5216 2116 5272 pes,
2148 5214 2258 5269 ego
2290 5196 2607 5252 ostendam
2640 5196 2810 5251 vobis
2832 5211 2970 5252 eum
3000 5212 3180 5267 quem
3211 5195 3499 5269 quaeritis.

1990 5376 2227 5432 inhians
2248 5373 2674 5431 Numerianum
2702 5388 2988 5442 generum
3022 5389 3198 5427 suum
3261 5388 3365 5442 per
3392 5369 3641 5426 insidias

1990 5447 2242 5513 necavit,
2286 5445 2703 5517 Metaphrastes
2740 5443 2894 5499 male
2941 5446 3197 5517 imputat
3244 5442 3632 5517 Diocletiano.

1991 5521 2102 5579 Hic
2115 5521 2273 5574 enim
2287 5534 2407 5573 non
2424 5514 2584 5572 caede
2606 5522 2709 5570 aut
2726 5515 3044 5587 tyrannide
3062 5515 3383 5586 imperium
3398 5514 3638 5579 invasit,

1992 5592 2097 5649 sed
2114 5592 2192 5652 ab
2209 5592 2469 5647 exercitu
2489 5588 2709 5646 electus
2734 5587 3060 5659 imperator
3074 5592 3327 5643 mortem
3341 5590 3382 5643 N
3393 5587 3648 5642 umeria-
