4096 6220
1784 289 2044 345 ΜΕΝΞΙΞ
2085 287 2163 343 SE

2275 286 2535 343 EMBER.
3784 290 3891 343 624

2507 416 3048 484 Παρασκευασάμενος
3101 410 3190 465 οὖν
3234 416 3302 465 τὰ
3342 417 3472 487 πρός
3516 418 3609 472 τὴν
3653 413 3901 465 ἑστίασιν

517 289 629 347 623

605 417 715 471 Vll.
748 416 892 471 Cum
921 431 1064 485 ergo
1101 419 1369 487 parasset
1417 413 1782 478 convivium,
1811 428 1914 469 eos
1958 411 2179 483 excipit
2212 411 2251 464 A
2359 411 2438 467 Z'.

520 503 871 566 liberaliter.
908 505 1022 560 Illis
1055 510 1255 560 autem
1310 519 1514 559 mensa
1544 502 1685 558 satis
1727 501 2090 566 exhilaratis,
2124 508 2163 555 e‘

2290 499 2588 572 φιλοτίμως,
2642 498 2904 564 δεξιοῦται
2933 506 3056 564 τούς
3105 499 3321 575 ἄνδρας.
3378 510 3489 555 Τῶν
3533 498 3592 555 δὲ
3634 504 3903 560 ἡσθέντων

524 595 898 669 promissum
927 593 1141 650 deinde
1195 592 1563 662 exigentibus
1594 595 1649 647 et
1701 590 2074 660 rogantibus,
2118 590 2180 642 ut

527 700 672 744 eum
703 682 1043 739 ostenderet
1094 697 1272 753 quem
1324 680 1676 752 quaerebant
1705 695 1718 744 ;
1752 678 1845 733 ille
1893 679 2176 733 continuo

2290 589 2476 650 ἱκανῶς
2534 597 2595 662 τῇ
2648 591 2905 663 τραπέζῃ,
2956 588 3067 643 εἶτα
3116 596 3205 644 καὶ
3265 596 3359 650 τὴν
3399 593 3696 662 ὑπόσχεσιν
3743 590 3904 642 ἁπαι-

2286 679 2509 729 τούντων
2552 684 2640 730 καὶ
2682 676 2934 750 δεομένων
2984 684 3198 754 φανερόν
3250 681 3403 733 αύτόν
3447 682 3768 739 ποιήσεσθαι
3812 684 3904 731 τόν

518 790 681 838 eum,
735 771 838 844 qui
894 776 1019 826 erat
1067 770 1249 835 intus,
1277 770 1465 842 aperit
1522 767 1873 832 Eudoxium,
1927 766 2171 821 dicens:

524 867 649 933 Ego
674 877 829 926 sum,
855 876 1038 931 quem
1073 858 1359 929 quaeritis.
1391 858 1510 913 Hoc
1533 856 1734 927 gladio
1761 855 2172 910 vehementius

520 952 757 1009 illorum
814 948 1067 1021 percutit
1110 948 1377 1003 animum
1414 951 1506 1013 ;et
1533 944 1960 1017 respondentes
2011 944 2168 1000 dixe-

522 1046 662 1097 runt
696 1056 708 1095 :
742 1043 868 1095 Non
904 1043 955 1093 te
1001 1036 1345 1109 prodemus,
1376 1036 1479 1108 qui
1506 1051 1615 1090 nos
1654 1033 1928 1104 accepisti
1976 1034 2169 1089 convi-

521 1131 641 1198 vio,
673 1143 871 1200 neque
910 1141 1017 1197 pro
1049 1123 1448 1196 hospitalitate
1478 1128 1601 1178 tam
1634 1122 1789 1178 male
1847 1121 2170 1177 referemus

523 1215 921 1289 gratiam.Sed
940 1216 1052 1270 hoc
1067 1213 1139 1269 ad
1155 1218 1415 1269 nostram
1434 1212 1682 1268 sufﬁciet
1697 1227 1913 1267 excusa
1926 1212 2169 1273 tionem,

522 1310 685 1382 quod
747 1323 885 1363 cum
929 1306 986 1361 in
1020 1305 1345 1377 quaerendo
1375 1303 1624 1359 multum
1675 1302 2170 1369 laboraverimus,

523 1414 644 1454 non
667 1397 972 1469 potuimus
1003 1401 1200 1450 tamen
1230 1394 1493 1449 invenire
1527 1392 1877 1447 Eudoxium.
1912 1391 1993 1445 Illi
2046 1391 2169 1462 qui-

523 1485 659 1542 dem
690 1501 799 1557 pro
838 1482 1099 1556 hospitio
1128 1483 1239 1538 has
1271 1482 1536 1537 Eudoxio
1562 1480 1809 1537 retulere
1840 1482 2080 1550 gratias.

2288 770 2618 839 ζητούμενον,
2677 771 2865 830 ἐκεῖνος
2918 769 3065 829 εύθύς
3119 773 3207 821 τόν
3267 766 3412 822 ἔνδον
3464 769 3643 831 αύτοίς
3703 767 3896 820 ἀνακα-

2535 854 2803 920 Εὐδόξιονο

2280 952 2443 997 Τοῦτο
2490 953 2762 1020 μαχαίρας
2812 947 3051 1022 ὀξύτερον
3109 950 3352 1000 καθίκετο
3402 957 3491 1007 τῆς
3542 947 3745 999 ἐκείνων
3792 947 3897 1017 ψυο

2281 854 2458 908 λύπτει
2535 854 2803 920 Εύὸόξιον’
2880 860 3014 929 Ἐγὼ
3083 858 3188 930 εἰμι
3269 860 3322 910 ὃν
3408 859 3625 922 ζητεῖτε,
3716 858 3894 912 εἰπὼν.

2278 1042 2403 1105 χῆς·
2438 1040 2526 1088 καὶ
2556 1035 2919 1103 ὑπολαϐόντες,
2972 1036 3048 1089 Ού
3089 1033 3433 1109 προδώσομεν
3487 1056 3543 1089 σε
3591 1039 3678 1088 τόν
3709 1038 3895 1107 ἡμέτε-

2279 1142 2367 1198 ρον
2418 1124 2715 1198 ἑστιάτορα,
2768 1122 2930 1188 εἶπον,
2981 1123 3106 1178 οὐδὲ
3150 1127 3286 1178 οὕτω
3329 1131 3422 1184 τὴν
3468 1125 3753 1197 φιλοξενίαν
3793 1146 3889 1177 κα-

2281 1221 2385 1273 κῶς
2458 1212 2805 1285 ἀμειψόμεθαο
2892 1213 3019 1265 ἀλλὰ
3080 1222 3233 1267 τούτο
3285 1216 3411 1287 ἡμῖν
3464 1214 3530 1275 εἰς
3607 1212 3894 1285 ἀπολογίαν

2284 1300 2492 1373 ἀρκέσει
2540 1321 2597 1353 το
2637 1302 2800 1354 πολλὰ
2847 1308 2965 1377 περὶ
3006 1307 3101 1361 τὴν
3154 1304 3379 1363 ζήτησιν
3420 1308 3704 1375 καμόντας,
3756 1305 3896 1375 ὅμως

2283 1397 2353 1463 μὴ
2414 1388 2705 1450 δυνηθῆναι
2754 1392 2878 1452 ὅλως
2926 1396 3013 1444 τόν
3067 1390 3315 1455 Εύδόξιον
3369 1392 3618 1467 ἀνευρεῖν.
3672 1396 3890 1445 Ἐκεῖνοι

2284 1484 2373 1553 μὲν
2431 1478 2516 1533 οὖν
2573 1484 2765 1543 ταύτας
2825 1478 3060 1552 Εύδοξίῳ
3112 1490 3208 1542 τῆς
3276 1482 3442 1545 ξενίας
3505 1484 3598 1543 τὰς
3659 1484 3896 1554 χάριτας

2282 1566 2631 1622 ἀπεδίδοσαν.

597 1662 737 1717 VIII.
777 1660 877 1715 Ille
908 1666 1128 1725 autem,
1156 1660 1258 1731 qui
1289 1663 1346 1715 et
1396 1658 1620 1715 sciebat
1651 1658 1829 1713 latere
1856 1674 1994 1714 cum
2021 1673 2163 1728 opus

2356 1661 2435 1715 H'.
2488 1658 2546 1711 Ὀ
2606 1655 2664 1711 δὲ
2702 1663 2793 1711 καὶ
2840 1658 3013 1711 λαθεῖν
3058 1656 3208 1719 εἰδὼς
3259 1661 3342 1711 ὅτε
3373 1656 3511 1723 δίον,
3558 1666 3648 1713 καὶ
3688 1664 3758 1730 μὴ
3796 1659 3897 1711 λα-

524 1756 693 1816 esset,
718 1758 773 1806 et
804 1765 1008 1805 rursus
1035 1764 1152 1804 non
1186 1748 1363 1805 latere
1392 1748 1638 1821 quando
1668 1748 1849 1819 hujus
1900 1748 1981 1803 rei
2021 1751 2163 1803 esset

2285 1750 2386 1801 θεῖν
2439 1748 2504 1799 αὖ
2550 1750 2631 1800 ὅτε
2675 1751 2859 1800 τούτου
2891 1754 3092 1820 καιρός⁸
3130 1750 3241 1801 θεία
3268 1751 3367 1822 γὰρ
3405 1746 3463 1806 ἦν
3492 1751 3657 1821 χάρις
3690 1751 3719 1806 ἡ
3755 1769 3897 1821 παρ-

524 1845 761 1912 tempus
790 1839 1020 1909 (divina
1050 1839 1230 1904 enim,
1263 1854 1399 1910 quae
1428 1837 1633 1893 aderat
1666 1838 1854 1906 gratia
1891 1843 1947 1892 et
1998 1837 2163 1892 doce-

2281 1846 2414 1890 ούσα
2462 1843 2549 1889 καὶ
2604 1833 2949 1889 διδάσκουσα
3025 1842 3110 1889 τόν
3167 1837 3389 1895 ἁθλητόν
3464 1836 3532 1910 [ί.
3616 1836 3889 1909 ἀθλητήν]-

523 1930 626 1985 bat
657 1928 974 1995 Athletam,
1004 1927 1179 1998 jussit
1212 1933 1273 1982 ut
1310 1943 1414 1982 eos
1447 1927 1828 1997 sequeretur).
1855 1942 1989 1981 cum
2024 1942 2163 1981 uxo-

2282 1928 2634 1987 ἀκολουθῆσαι
2666 1935 2773 1989 τοῖς
2809 1925 3065 2000 ἀνδράσιν
3097 1926 3355 1998 ἐσκέψατο
3533 1933 3624 1980 καὶ
3656 1932 3749 1986 τὴν
3791 1948 3892 1998 γυ·-

523 2034 648 2074 rem
680 2023 953 2073 vocasset
1000 2015 1344 2070 Basilissam
1374 2019 1496 2078 aut,
1528 2015 1575 2069 si
1596 2014 1759 2082 velis,
1794 2015 2163 2082 Mandanem,

2280 2026 2437 2070 ναῖκα
2463 2018 2686 2079 καλέσας
2728 2017 3068 2081 Βασίλισσαν,
3121 2017 3151 2075 ἣ
3183 2023 3274 2069 καὶ
3303 2014 3608 2081 Μανδάνην,
3657 2017 3701 2070 εἰ
3751 2015 3895 2090 βού-

527 2122 669 2161 nam
692 2122 761 2161 ea
787 2120 1030 2177 quoque
1055 2103 1275 2176 duplici
1304 2102 1544 2158 nomine
1563 2104 1903 2169 vocabatur,
1930 2104 1980 2158 ei
2009 2119 2163 2158 man-

2282 2107 2375 2159 λει·
2438 2104 2640 2168 διπλοῖς
2685 2110 2787 2179 γὰρ
2838 2111 2928 2158 καὶ
2978 2107 3110 2178 αὐτῇ
3165 2114 3275 2167 τοῖς
3329 2106 3579 2178 ὀνόμασιν
3629 2105 3885 2159 ἐκαλεῖτο’

526 2194 633 2249 dat
661 2209 795 2265 quas
823 2198 1092 2264 spectant
1113 2192 1191 2247 ad
1223 2192 1533 2247 familiam.
1568 2193 1785 2247 Etcum
1815 2194 2019 2248 omnia
2046 2193 2175 2263 ejus

527 2298 685 2338 curas
706 2282 1155 2345 commississet,
1177 2282 1289 2336 hoc
1311 2296 1553 2353 quoque
1580 2286 1947 2353 postremum
1975 2286 2030 2337 et
2051 2296 2177 2351 ger-

528 2386 775 2426 manum
810 2370 858 2424 ei
884 2369 990 2425 dat
1034 2369 1410 2435 mandatum,
1446 2385 1517 2425 ne
1546 2369 1674 2440 ejus
1722 2369 1938 2425 deﬂeat
1979 2370 2175 2425 deces-

527 2475 661 2515 sum
688 2475 878 2531 neque
910 2463 1151 2531 propter
1179 2465 1428 2515 mortem
1479 2459 1609 2530 ejus
1654 2460 2027 2525 lamentetur,
2071 2459 2172 2513 sed

527 2547 908 2620 lampadibus
931 2548 1008 2620 (9)
1036 2552 1092 2603 et
1118 2547 1233 2603 alia
1294 2548 1489 2604 Iustitia
1542 2549 1737 2620 potius
1793 2548 1959 2603 illum
2015 2548 2174 2604 diem

524 2636 796 2693 honoret.
826 2638 1032 2693 Statim
1082 2652 1226 2707 ergo
1252 2652 1424 2692 suam
1455 2637 1700 2709 quidem
1753 2641 2172 2706 cognationem

523 2725 779 2798 despicit
858 2726 1200 2783 Eudoxius:
1260 2726 1622 2782 obliviscitur
1678 2732 1877 2783 autem
1936 2734 2177 2801 propter

525 2815 818 2890 Christum
853 2816 941 2870 sui
968 2814 1193 2871 amoris
1224 2816 1280 2869 in
1336 2815 1510 2881 ﬁlios,
1544 2815 1719 2871 validi
1750 2824 1801 2871 et
1860 2817 2171 2872 inevitabi-

522 2902 593 2958 lis
647 2904 864 2958 vinculi
921 2903 1292 2975 parentibus.
1325 2905 1393 2959 Ut
1421 2905 1577 2959 enim
1615 2904 1779 2959 illum
1822 2905 2169 2971 lucrifaciat,

524 2991 728 3046 omnia
758 2990 1052 3047 damnum
1077 2992 1380 3047 existimat
1418 2996 1770 3049 etstercora.
1808 2997 1870 3048 Et
1893 2994 2049 3049 vadit
2094 2995 2168 3049 ad

524 3078 862 3150 praesidem.

2286 2198 2383 2248 ὅσα
2437 2216 2491 2249 τε
2542 2193 2648 2248 ἔδει
2713 2205 2811 2247 τῶν
2864 2195 2978 2247 κατ’
3033 2192 3174 2247 οἶκον
3232 2198 3363 2254 αύτὴ
3419 2196 3719 2259 ἐντέλλεται,
3797 2201 3893 2248 καὶ

2283 2289 2453 2339 πάντα
2483 2294 2544 2358 τῇ
2579 2285 2743 2346 αὐτῆς
2773 2283 2980 2346 ἀναθεὶς
3028 2280 3285 2356 φροντίδι,
3337 2284 3574 2356 ἐσχάτην
3604 2293 3757 2337 τοῦτο
3796 2289 3891 2337 καὶ

2283 2381 2505 2447 γνησίαν
2548 2374 2752 2431 ἐντολὴν
2802 2370 3021 2426 δίδωσι·
3074 2378 3145 2445 μὴ
3197 2370 3555 2445 ἐπιδακρῦσαι
3602 2382 3664 2445 τῇ
3723 2373 3891 2426 αὐτοῦ

2286 2462 2533 2536 ἐκδημίᾳ,
2628 2468 2700 2535 μὴ
2788 2459 3183 2535 ἀποδύρασθαι,
3264 2467 3335 2534 μὴ
3422 2465 3684 2530 θρηνῆσαι
3758 2461 3890 2525 ὅλως

2283 2558 2375 2611 τὴν
2429 2553 2685 2610 τελευτήνο
2745 2551 2871 2603 ἀλλὰ
2920 2556 3009 2603 καὶ
3060 2551 3428 2624 λαμπροφορίᾳ
3479 2557 3567 2603 καὶ
3620 2560 3682 2624 τῇ
3756 2550 3884 2625 ἄλλῃ

2285 2642 2602 2716 φαιδρότητι
2658 2640 2851 2699 ἐκείνην
2909 2649 3134 2713 τιμῆσαι
3199 2640 3434 2712 μάλιστα
3488 2645 3583 2698 τὴν
3662 2642 3885 2713 ἡμέραν.

2284 2732 2446 2793 Εὐθὺς
2511 2732 2598 2784 οὖν
2641 2738 2951 2803 καταφρονεῖ
3006 2732 3094 2802 μὲν
3172 2736 3262 2788 τῆς
3336 2729 3533 2790 οἰκείας
3587 2734 3888 2799 συγγενείας

2286 2821 2553 2884 Εύδόξιος·
2606 2819 2993 2873 ἐπιλανθάνεται
3020 2814 3079 2870 δε
3124 2814 3218 2870 διὰ
3261 2821 3491 2892 Χριστόν
3519 2827 3613 2880 τῆς
3649 2822 3777 2893 πρὸς
3819 2822 3887 2871 τὰ

2282 2916 2433 2964 τέκνα
2466 2918 2709 2982 στοργῆς,
2743 2916 2833 2960 τού
2881 2908 3109 2981 ἰσχυροῦ
3142 2903 3209 2965 δὴ
3253 2910 3438 2959 τούτου
3469 2913 3559 2959 καὶ
3584 2906 3888 2980 ἀπαραιτή-

2281 3010 2371 3053 τοῡ
2403 3008 2509 3062 τοὶς
2562 3000 2794 3071 πατράσι
2845 2994 3062 3069 δεσμοῦ
3117 2998 3199 3048 ἳνα
3245 2999 3345 3068 γὰρ
3393 2995 3577 3049 ἐκεῖνον
3618 2994 3881 3071 κερδήσῃ,

2207 3081 2247 3136 C
2283 3096 2474 3163 ζημίαν
2505 3091 2677 3160 ἠγεῖτο
2717 3089 2885 3140 πάντα
2909 3091 2994 3138 καὶ
3025 3084 3279 3138 σκύϐαλα·
3320 3091 3408 3137 καὶ
3438 3088 3620 3138 οἱπεισι
3644 3092 3770 3158 πρὸς
3794 3091 3884 3139 τόν

2282 3182 2525 3251 ἡγεμόνα.

597 3255 690 3310 ΙΧ.
718 3257 771 3310 Is
800 3262 997 3312 autem
1041 3273 1177 3312 cum
1217 3258 1415 3329 ipsum
1437 3258 1700 3325 vidisset,
1734 3260 1921 3327 Salve,
1955 3260 2163 3333 inquit,

2350 3269 2427 3323 ϐ’.
2486 3273 2585 3321 Καὶ
2631 3267 2783 3326 αὐτὸς
2825 3268 2909 3317 τὸν
2942 3261 3112 3339 ἄνδρα
3144 3259 3290 3329 ἰδὼν,
3349 3268 3587 3336 Χαίροις,
3634 3266 3750 3336 ἔφη,
3795 3269 3885 3317 κὸ-

524 3360 727 3401 comes
768 3344 1015 3401 Eudoxi.
1056 3346 1152 3402 Ille
1213 3352 1411 3403 autem
1456 3347 1718 3405 vicissim
1772 3350 1966 3405 reddit
2016 3352 2167 3407 salu-

523 3439 663 3505 tem,
719 3434 926 3490 dicens
960 3453 971 3490 :
1005 3438 1083 3490 Tu
1144 3452 1379 3508 quoque
1434 3436 1618 3505 salve,
1674 3454 1914 3511 praeses.
1948 3444 2168 3498 Praeses

523 3531 720 3580 autem
750 3540 954 3579 rursus
979 3542 991 3580 :
1022 3527 1229 3590 Tuam,
1258 3524 1471 3597 inquit,
1501 3530 1916 3585 accersivimus
1942 3532 2169 3588 clarita-

524 3619 663 3680 tem,
721 3620 784 3669 ut
824 3614 1010 3685 jussis
1070 3631 1289 3688 parans
1346 3616 1741 3689 imperatoris,
1801 3626 1857 3675 et
1915 3620 2048 3691 diis,
2109 3628 2166 3678 ut

521 3719 631 3776 par
658 3708 762 3767 est,
788 3702 1005 3759 offeras
1038 3704 1415 3771 sacrificium,
1445 3712 1502 3761 et
1532 3708 1788 3763 maxime
1848 3710 2001 3782 patri
2028 3727 2164 3767 om-

518 3793 684 3849 nium
740 3792 990 3848 deorum
1056 3809 1274 3863 magno
1333 3794 1485 3861 Jovi,
1512 3801 1566 3851 et
1630 3797 1843 3853 Phcebo
1893 3800 2165 3871 Apollini,

519 3887 576 3938 et
628 3882 823 3937 chara:
896 3883 1115 3955 Virgini
1166 3884 1393 3942 Biante.
1446 3888 1662 3958 Martyr
1721 3893 1965 3944 autem:
2033 3890 2167 3947 Mihi

518 3988 707 4027 unum
776 3975 881 4036 est,
916 3972 1126 4044 inquit,
1162 3973 1523 4030 sacriﬁcium
1583 3977 1704 4031 veri
1765 3979 1881 4044 Dei,
1913 3980 2014 4052 qui
2056 3980 2166 4036 hoc

517 4060 799 4132 produxit
828 4062 1173 4117 universum
1206 4078 1221 4127 ;
1253 4067 1310 4118 et
1333 4063 1384 4118 ei
1408 4064 1758 4122 sacriﬁcabo
1810 4069 2166 4126 sacriﬁcium

516 4148 734 4215 laudis,
795 4149 894 4220 qui
956 4156 1044 4205 est
1103 4151 1256 4205 Deus
1318 4153 1375 4208 in
1443 4153 1697 4209 trinitate
1748 4172 2162 4226 personarum,

517 4237 653 4292 vita:
670 4244 871 4293 autem
890 4239 1301 4310 suppeditator
1312 4246 1371 4297 et
1383 4258 1533 4299 verm
1547 4243 1755 4300 salutis
1768 4246 2161 4319 dispensator.

520 4327 680 4392 Quos
706 4332 906 4383 autem
935 4328 1079 4383 deos
1110 4331 1407 4401 nominas,
1434 4332 1596 4403 ligna
1621 4350 1724 4390 eos
1767 4336 1940 4393 video
1971 4344 2027 4394 et
2078 4339 2162 4395 la-

2277 3379 2380 3431 μης
2413 3355 2647 3420 Εύδόξιε.
2696 3356 2754 3408 Ὀ
2785 3352 2843 3407 δε
2874 3362 2985 3415 τοῖς
3013 3357 3145 3414 ἴσοις
3177 3353 3327 3415 εὐθὺς
3359 3352 3621 3423 ἠμείϐετο,
3668 3360 3885 3427 Χαίροις

2276 3454 2361 3501 καὶ
2418 3448 2593 3511 αύτός,
2650 3445 2825 3510 εἰπὼν,
2876 3444 2916 3495 ὧ
2969 3445 3193 3514 ἡγεμών.
3253 3448 3352 3495 Καὶ
3407 3443 3461 3503 ὃς
3504 3442 3679 3505 παλιν,
3726 3450 3885 3496 Merc-

2280 3537 2589 3608 στειλάμεθά
2645 3554 2761 3597 σου,
2794 3536 2908 3605 ἔφη,
2964 3537 3055 3589 τὴν
3098 3532 3451 3603 περιφάνειαν,
3485 3533 3620 3583 ὥστε
3659 3536 3748 3583 καὶ
3778 3542 3886 3594 τοῖς

2280 3626 2574 3700 βασιλικοῖς
2626 3626 2958 3699 ὑπηρετῆσαι
3004 3622 3402 3692 προστάγμασι,
3458 3624 3551 3671 καὶ
3599 3628 3704 3681 τοῖς
3748 3623 3883 3683 θεοῖς

2276 3722 2369 3775 τὴν
2418 3719 2790 3790 προσήκουσαν
2848 3713 3033 3764 θυσίαν
3083 3715 3463 3783 προσενεγκεῖν,
3524 3708 3756 3779 μάλιστα
3808 3720 3883 3780 τῷ

2278 3812 2435 3879 πατρὶ
2486 3806 2688 3857 πάντων
2744 3804 2863 3854 θεῶν
2894 3808 2966 3870 τῷ
3014 3798 3221 3869 μεγάλῳ
3265 3803 3367 3862 Διὶ,
3397 3796 3685 3852 Ἀπόλλωνί
3728 3817 3778 3849 τε
3806 3809 3881 3869 τῷ

2277 3894 2463 3966 Φοίϐῳ,
2508 3899 2597 3946 καὶ
2626 3900 2688 3965 τῇ
2739 3890 2857 3964 φίλῃ
2908 3890 3144 3962 παρθένῳ
3174 3884 3468 3961 ’Δρτέμιδι.
3521 3886 3625 3941 Καὶ
3676 3887 3701 3938 ό
3748 3890 3883 3960 μάρ-

2276 4003 2385 4046 τυς.
2446 3984 2588 4055 Ἐμοὶ
2643 3986 2759 4053 μία,
2815 3982 2927 4050 ἔγη,
2983 3980 3162 4042 θυσία,
3216 3978 3245 4034 ἡ
3298 3984 3392 4028 τοῦ
3428 3973 3676 4033 ἀληθινοῦ
3726 3980 3875 4037 Θεοῦ,

2276 4082 2366 4126 τοῦ
2398 4076 2455 4125 τὸ
2486 4078 2585 4124 πᾶν
2614 4067 2737 4123 τόδε
2764 4071 3182 4142 παραγαγόντος·
3218 4070 3307 4117 καὶ
3339 4064 3479 4134 αύτῷ
3515 4067 3659 4116 θύσω
3690 4066 3882 4117 θυσίαν

2275 4163 2535 4226 αἰνέσεως,
2589 4162 2645 4221 ὃς
2702 4156 2750 4210 ἐν
2808 4153 2991 4230 τριάδι
3059 4156 3447 4225 θεολογούμενος
3512 4155 3877 4217 ύποστάσεων,

2276 4253 2416 4313 ζωῆς
2460 4254 2647 4321 ταμίας
2684 4252 2774 4299 καὶ
2826 4245 3095 4317 οἰκονόμος
3148 4242 3373 4303 ἀληθοῦς
3441 4247 3697 4317 σωτηρίας
3743 4263 3882 4314 γνω-

2273 4344 2494 4414 ρίζεται.
2543 4338 2649 4398 Ούς
2689 4332 2746 4388 δὲ
2794 4336 2933 4394 θεοὺς
2979 4333 3246 4405 ὀνομάζεις
3276 4331 3403 4394 ξύλα
3431 4334 3644 4392 τούτους
3671 4336 3762 4384 καὶ
3804 4333 3883 4385 λί-

514 4415 703 4487 pides,
738 4415 883 4472 nihil
913 4416 1248 4475 differentes
1280 4422 1512 4493 penitus
1544 4440 1579 4480 a
1608 4427 1822 4496 quavis
1867 4427 1983 4483 alia
2036 4430 2157 4485 ina-

2276 4432 2396 4491 θους
2444 4430 2546 4501 όρῶ
2590 4434 2686 4487 τῆς
2735 4424 2917 4484 λοιπῆς
2950 4422 3169 4495 ἀψύχου
3204 4421 3330 4482 ὕλης
3378 4418 3518 4494 μηδε
3565 4418 3705 4493 βαρὺ
3760 4418 3880 4475 δια.

512 4591 573 4648 ni
601 4593 761 4677 ultus
783 4598 894 4677 est,
924 4596 1122 4677 occiso
1164 4599 1481 4677 perduelli
1513 4605 1696 4677 Apro.
1732 4608 1796 4662 Et
1861 4608 2156 4677 prioribus

509 4666 755 4790 guidem
809 4668 1043 4739 imperii
1088 4666 1190 4723 sui
1236 4673 1408 4725 annis
1465 4666 1885 4733 Diocletianum
1942 4679 2156 4737 favisse

556 4737 856 4790 hristianis
885 4746 1127 4790 testatur
1154 4742 1454 4790 Eusebius-
1492 4744 1574 4790 lih
1623 4763 1711 4790 vm
1770 4764 1882 4790 nan
1946 4768 1958 4790 ι
2032 4754 2156 4790 βου-

556 4737 856 4820 hristianis
885 4737 1127 4820 testatur
1154 4742 1456 4820 Eusebius,
1492 4744 1593 4820 lib.
1623 4763 1735 4820 vin,
1770 4764 1901 4820 cap.
1946 4768 1989 4806 ι.
2031 4754 2158 4807 Per-

510 4811 731 4865 secutio
761 4818 960 4865 autem
991 4811 1273 4867 adversus
1303 4814 1515 4869 milites
1548 4817 1827 4874 inchoata
1849 4811 1965 4877 'est
1994 4840 2156 4879 anno

506 4884 610 4936 298
642 4882 972 4937 secundum
1036 4883 1300 4951 Pagium.
1334 4900 1404 4939 ac
1462 4886 1677 4943 deinde
1709 4906 1869 4945 anno
1925 4895 2027 4948 305
2080 4896 2154 4949 ad

508 4952 869 5008 Christianos
900 4969 1109 5008 omnes
1134 4960 1399 5010 extensa.

576 5024 658 5103 (82
687 5023 1046 5103 Ἐσκξψατοηθ.
1096 5026 1307 5103 verbo
1338 5031 1628 5103 σκέπτομαι
1686 5046 1803 5087 non
1862 5034 2159 5103 signiﬁcat

494 5096 697 5164 jussit,
737 5096 837 5150 sed
871 5095 1237 5159 deliberavit,
1265 5098 1383 5153 sive
1412 5095 1636 5165 stat'uit,
1663 5108 1719 5157 et
1750 5095 1949 5159 referri
1981 5107 2158 5163 debet

504 5165 576 5220 ad
606 5182 928 5246 personam
962 5166 1125 5246 init-io
1149 5170 1395 5246 periodi,
1427 5172 1588 5242 quod
1622 5175 1794 5229 etiam
1820 5178 1998 5246 exigit
2020 5178 2157 5232 sub-

505 5237 1118 5320 sequensconjunctio
1130 5237 1466 5320 copulativa
1480 5249 1850 5320 xa‘z,et_,_quam
1871 5237 2156 5320 interpres

502 5308 972 5391 omisitﬁectius
1000 5308 1302 5382 itaque'sic
1330 5320 1512 5391 vertes
1538 5330 1549 5369 :
1576 5308 1604 5365 ξ(
1635 5308 1732 5371 Ille
1754 5308 2078 5391 autem,qui
2102 5326 2156 5376 et

502 5379 729 5454 sciebat
752 5380 932 5454 latere
962 5379 1277 5454 cum'opus
1308 5390 1483 5451 esset,
1513 5392 1568 5440 et
1592 5403 1800 5443 rursus
1821 5405 1939 5444 non
1964 5379 2154 5447 latere

2267 4608 2473 4663 tellites
2514 4619 2775 4660 suasnsse
2830 4606 3061 4666 sancto,
3117 4605 3180 4655 ut
3217 4597 3673 4671 fugeret;quod
3735 4597 3875 4671 licet

2266 4679 2496 4735 disertis
2528 4676 2720 4731 verbis
2750 4690 2871 4730 non
2901 4671 3249 4743 expresserit
3275 4669 3720 4742 Metaphrastes,
3751 4669 3874 4725 col-

2266 4751 2363 4822 ligi
2399 4758 2595 4806 tamen
2630 4749 2825 4822 potest
2854 4760 2923 4800 ex
2965 4759 3218 4822 numero
3242 4743 3622 4822 praecedente.

2339 4812 2416 4948 ‘9)
2449 4812 2647 4875 (ἔναξοέ
2668 4817 3054 4889 λαμπροφορίᾳ,
3097 4816 3149 4868 id
3183 4812 3273 4869 est
3302 4814 3618 4884 gestatione
3637 4812 3869 4881 facium

2374 4892 2692 4948 sntendidav
2714 4888 2971 4944 vestian
2999 4886 3195 4948 prima
3213 4885 3643 4948 significatione
3660 4898 3869 4937 vocem

2270 4885 2359 4948 vel
2374 4892 2692 4964 splendidae
2714 4885 2971 4964 uestislln
2999 4885 3195 4964 prima
3213 4885 3643 4955 significatione
3658 4898 3869 4964 vocem

2268 4959 2431 5020 illam
2454 4962 2699 5019 adhibet
2717 4959 3096 5028 S.Gregorius
3114 4960 3520 5028 Nazianzenus
3543 4959 3810 5028 oratione
3830 4969 3867 5008 ιι

2268 5037 2329 5092 in
2374 5035 2615 5098 Pascha,
2644 5048 2715 5087 ex
2748 5025 3229 5107 interpretatione
3274 5028 3478 5107 Jacobi
3512 5025 3675 5107 Billii.
3720 5039 3866 5107 pag.

2267 5111 2369 5165 676
2420 5107 2527 5161 Pro
2554 5104 2818 5159 secundo
2849 5100 3201 5178 significatu,
3236 5100 3513 5178 qimirum
3541 5100 3873 5178 g_est_atiqne

2265 5178 2592 5248 splendida
2610 5177 2796 5248 vestis,
2816 5170 3218 5248 citat_ur_e_tiam
3240 5170 3556 5248 gregorius
3574 5170 3633 5248 in
3661 5170 3871 5223 Lexico

2264 5239 2511 5305 Ioannis
2544 5246 2833 5317 Scapulae,
2874 5245 2983 5299 coli
3024 5244 3182 5299 i736.
3237 5239 3497 5317 Qangius
3544 5239 3621 5294 ad
3660 5254 3870 5317 vocem

2264 5321 2501 5397 λαμπρός
2531 5310 2785 5374 ostendit
2819 5318 2997 5397 variis
3028 5312 3340 5397 exemplis,
3371 5310 3873 5397 λαμπροφορείνρρέ

2266 5380 2499 5447 terdum
2532 5407 2661 5445 esse
2711 5388 2960 5445 vestibus
2988 5380 3331 5456 splendidis,
3375 5380 3677 5456 interdum
3691 5380 3869 5456 nigris

2266 5463 2469 5519 vestiri
2500 5479 2513 5529 ;
2547 5468 2601 5517 et
2634 5476 2741 5533 pro
2772 5462 2885 5515 hoc
2916 5451 3161 5533 adducit
3202 5451 3401 5511 locum
3446 5453 3704 5533 Gregorii
3733 5451 3872 5533 ‘Na-

2262 5522 2547 5602 zianzen'i,
2580 5522 2797 5604 p.157,
2826 5532 2984 5604 apud
3018 5528 3247 5604 Billium
3289 5540 3427 5599 pag.
3454 5522 3579 5604 ῤο9,
3610 5524 3711 5581 ubi
3733 5522 3873 5597 λαμ-

2262 5595 2791 5681 προφορίανέτιίιιιτ
2816 5595 3017 5659 Latine
3044 5595 3556 5657 vestitus—candor.

500 5449 748 5527 quando
762 5450 944 5527 hujus
966 5453 1045 5508 rei
1072 5449 1229 5510 esset
1250 5449 1490 5527 tempus
1513 5457 1742 5527 (divina
1762 5462 1919 5516 enim
1945 5462 2152 5519 aderat

499 5521 691 5599 gratia
740 5522 1118 5597 docebatque
1152 5521 1459 5598 athletam)
1495 5521 1664 5599 sequi
1694 5532 1853 5587 viros
1907 5534 2151 5589 statuit:

497 5596 553 5650 et
584 5608 720 5650 cum
752 5610 999 5651 uxorem
1026 5596 1320 5661 vocasset.
1348 5616 1378 5651 ν
1400 5596 1511 5657 etc.
1542 5596 1761 5659 Menses
1804 5603 2031 5670 dicunt,
2057 5621 2152 5661 sa-
