4096 6220
237 316 348 373 625

1318 309 1503 367 ACTA
1547 309 1650 365 SS.
1698 306 2010 372 EUDOXII,
2059 304 2356 374 ROMULI,
2400 307 2547 364 ETC.

3511 312 3619 368 626

240 447 501 517 φέροντας.
563 444 694 515 Πρὸς
746 447 913 493 ταῦτα
969 436 1251 510 διαϐλέψαι
1307 438 1401 490 οὐκ
1457 439 1593 509 ἔχων
1647 435 1835 495 ἐκεῖνος

1958 433 2122 489 nima
2154 433 2419 489 materia.
2441 433 2529 489 Ad
2551 434 2675 491 hmo
2691 434 2784 490 ille
2807 449 2929 491 non
2962 435 3413 508 valensintueri,
3440 439 3614 511 (quo-

243 533 419 605 (ποθεν
451 532 577 601 ὅσγε
605 532 704 582 ὑπὸ
738 528 929 602 βαθείᾳ
958 537 1052 589 τῆς
1083 528 1323 590 ἀσεϐείας
1370 523 1620 579 ἐκάθευδε
1646 527 1775 598 μέθη
1808 526 1845 594 ;)

243 624 377 691 Ἐγώ
412 639 469 672 σε
500 623 587 681 τὰς
628 627 719 671 τοῦ
752 617 1005 691 βασιλέως
1060 617 1327 671 ἰκτόλέσαι
1372 616 1704 691 προστάξεις,
1760 619 1848 667 καὶ

242 716 371 784 πρὸς
401 714 523 773 τοὺς
568 712 708 770 θεοὺς
758 713 825 761 τά
877 710 1143 781 εἰθισμένα
1187 706 1387 781 δρᾶσαι
1422 706 1846 779 προετρεψάμην,

246 804 360 873 ἔφη·
398 798 527 851 ἀλλά
580 804 645 851 σὺ
676 805 765 852 καὶ
810 801 957 865 θεῶν,
1012 802 1076 859 ὡς
1108 800 1227 871 ὁρῶ,
1262 802 1351 850 καὶ
1404 795 1663 869 βασιλέως
1700 797 1850 870 ὑπερ-

246 896 391 962 ορᾷς,
444 889 579 940 οὕτω
622 890 711 959 μεν
759 885 981 945 ἀναίδην
1024 888 1091 947 εἰς
1139 887 1229 949 οὖς
1279 885 1463 946 ἑκεῑνος
1519 884 1656 938 σέϐει
1705 887 1852 945 θεοὺς

244 978 539 1050 ἐνυϐρίσας,
591 978 725 1029 οὕτω
785 975 844 1029 δι
889 984 1168 1049 καινοφανῆ
1226 996 1341 1028 τινα
1418 975 1655 1043 λατρείαν
1710 976 1851 1047 παρά

242 1071 443 1126 ταύτην
472 1070 775 1139 νομοθετῶν,
817 1071 905 1118 καὶ
956 1068 1145 1138 ταύτῃ,
1194 1069 1262 1126 ὡς
1292 1065 1364 1127 εἰς
1410 1064 1507 1135 ἐμά
1556 1065 1664 1117 ὦτα
1712 1066 1845 1130 ἣκει,

242 1161 364 1217 τοὺς
404 1156 616 1217 πολλοὺς
648 1154 957 1209 ἀναπείθων.

317 1335 378 1389 1’.
480 1342 679 1400 Ταῦτα,
769 1332 964 1385 πολλῶν
1047 1335 1403 1403 περιεστώτων
1496 1337 1844 1402 στρατιωτῶν,

239 1425 266 1475 ὁ
320 1426 524 1495 ἡγεμὼν
575 1421 851 1494 διελέγετο.
910 1426 1009 1474 Καὶ
1065 1420 1258 1493 μεταξὺ
1308 1421 1490 1491 ἄγριον
1538 1424 1628 1470 καὶ
1682 1414 1846 1489 δριμὺ

238 1515 438 1564 τούτων
500 1513 677 1583 [forle
728 1511 947 1580 τούτοις]
1009 1508 1278 1581 ἐμϐλέψας·
1335 1507 1487 1560 Ὀσοι
1537 1512 1628 1559 καὶ
1681 1508 1842 1578 ὑμῶν,

239 1604 363 1671 ἔφη,
409 1605 479 1672 μὴ
548 1608 651 1660 τοῖς
725 1599 1022 1672 βασιλικοῖς
1082 1601 1436 1670 θεσπίσμασιν
1499 1598 1700 1661 ἕπεσθε,
1753 1599 1847 1657 τὰς

241 1693 629 1763 στρατιωτικὰς
680 1686 1053 1760 διαλυσάμενοι
1136 1692 1293 1751 ζώνας
1350 1691 1576 1758 γυμνοὺς
1634 1686 1846 1745 ἑαυτοὺς

1960 521 2142 578 modo
2189 522 2372 587 enim,
2403 523 2507 595 qui
2556 523 2889 580 dormiebat
2940 539 3261 596 Oppressus
3316 526 3617 598 profunda

1958 612 2205 684 crapula
2234 613 2559 684 impietatis
2587 611 2633 683 ?)
2663 615 2783 683 Ego
2808 618 2883 678 te,
2921 613 3130 685 inquit,
3155 630 3288 670 sum
3322 615 3613 681 hortatus,

1962 704 2024 755 ut
2060 701 2466 772 exsequereris
2509 702 2682 772 jussa
2712 702 3105 774 imperatoris,
3152 708 3208 757 et
3246 702 3360 758 diis
3389 702 3617 760 faceres

1959 803 2030 845 ea
2068 806 2199 861 quae
2248 791 2438 846 solent
2475 790 2650 847 ﬁeri:
2708 790 2811 847 sed
2867 797 2950 857 tu,
3007 795 3069 848 ut
3115 791 3305 862 video,
3369 796 3427 847 et
3471 792 3617 848 deos

1959 877 2218 950 despicis
2248 884 2305 934 et
2330 878 2774 952 imperatorem,
2811 885 2871 936 ut
2901 879 3027 953 qui,
3055 896 3209 953 quos
3239 879 3333 936 ille
3364 880 3612 953 quidem

1959 966 2116 1031 colit,
2157 969 2303 1024 deos
2369 973 2492 1024 tam
2544 968 2924 1040 impudenter
2962 969 3197 1041 probris
3244 969 3508 1026 aﬂ‘eceris
3562 973 3619 1026 et

1959 1056 2332 1112 contumeliis
2363 1077 2378 1129 ;
2412 1073 2633 1114 novam
2665 1060 2776 1130 (10)
2797 1063 2995 1114 autem
3016 1063 3227 1131 praeter
3257 1058 3617 1115 hancintro—

1958 1141 2145 1199 ducas
2168 1144 2538 1215 religionem,
2569 1151 2625 1202 et
2644 1152 2703 1202 ut
2728 1162 2861 1203 eam
2889 1146 3209 1217 suscipiant
3228 1148 3319 1219 (ut
3346 1147 3421 1204 ad
3449 1162 3616 1204 meas

1958 1248 2132 1287 aures
2170 1234 2455 1305 pervenit)
2493 1234 2694 1291 multis
2734 1236 3127 1308 persuadeas.

2031 1324 2088 1377 Χ.
2150 1325 2280 1378 Haec
2329 1323 2568 1380 dicebat
2608 1340 2841 1395 praeses,
2902 1324 3102 1380 multis
3164 1324 3452 1381 militibus
3500 1325 3615 1381 cir-

1955 1411 2443 1468 cumsistentibus
2476 1430 2490 1479 ;
2531 1428 2684 1485 quos
2724 1414 2817 1469 ille
2849 1414 3082 1469 interim
3114 1418 3280 1471 torve
3310 1419 3366 1471 et
3406 1414 3613 1471 feroci-

1957 1502 2041 1553 ter
2069 1499 2359 1559 intuitus:
2412 1501 2765 1574 Quicunque
2812 1518 2884 1557 ex
2930 1502 3121 1572 vobis,
3174 1502 3389 1573 inquit,
3439 1502 3616 1575 jussa

1955 1588 2115 1658 regia
2135 1604 2255 1644 non
2286 1590 2621 1661 sequimini,
2650 1606 2753 1646 vos
2787 1590 3137 1646 militaribus
3160 1591 3373 1647 tunicis
3395 1607 3614 1647 exuen-

1957 1682 2060 1742 tes,
2090 1680 2575 1748 cognosciteesse
2609 1679 2803 1735 nudos
2834 1678 2913 1735 ab
2933 1680 3613 1751 insignibusdignitatis.

240 1787 348 1834 τῶν
395 1787 485 1839 τῆς
537 1777 684 1842 ἀξίας
734 1778 1002 1850 συμϐόλων
1053 1781 1362 1849 γνωρίσατε.
1398 1781 1461 1828 Τί
1506 1783 1658 1827 τοῦτο
1688 1774 1836 1845 λέγων

1956 1769 2070 1822 Cur
2119 1766 2232 1823 hoc
2270 1772 2466 1824 autem
2506 1767 2742 1824 dicebat
2772 1768 2865 1824 ille
2896 1768 3207 1841 improbus
3239 1768 3269 1823 ?
3303 1771 3393 1835 Ut,
3427 1770 3473 1823 si
3509 1768 3615 1841 qui

238 1872 270 1922 ὁ
306 1873 522 1943 πονηρὸς
572 1868 758 1931 ἐκεῖνος
790 1885 803 1935 ;
833 1868 1012 1927 Ὀπως
1060 1870 1104 1919 εἶ
1144 1886 1270 1927 τινες
1303 1862 1396 1918 διὰ
1426 1870 1518 1923 τὴν
1547 1873 1643 1927 τῆς
1688 1884 1843 1939 στρα-

238 1965 387 2021 τείας
435 1964 703 2011 κοινωνίαν
757 1958 930 2031 φιλίως
979 1966 1051 2027 τῷ
1103 1953 1334 2028 Εὐδόξίῳ
1388 1958 1615 2027 ἔχοντες,
1665 1974 1841 2007 κοινω-

235 2056 343 2101 νεῖν
397 2049 536 2119 αὐτῷ
564 2053 655 2099 καὶ
701 2056 795 2109 τῆς
843 2053 1055 2119 γνώμης
1102 2044 1391 2118 βούλοιντο,
1426 2042 1745 2097 αἰδεσθῶσιν
1793 2046 1840 2096 ὲν

234 2140 475 2208 τοσούτῳ
532 2136 716 2195 πλήθει
765 2135 1178 2198 ἀποστατουντες
1231 2134 1379 2187 αὐτοὶ
1425 2140 1590 2207 μόνον
1636 2133 1843 2205 ὀλίγους

232 2230 338 2299 γὰρ
399 2228 529 2278 εἶναι
584 2228 915 2277 παντάπασιν
970 2225 1154 2285 αὐτοὺς
1200 2228 1344 2295 ᾤετο·
1399 2223 1664 2276 κάντεῦθεν
1712 2225 1840 2295 ὁμοῦ

234 2320 331 2388 μὲν
360 2319 447 2367 τόν
498 2311 746 2377 Εὐδόξιον
790 2315 1061 2386 αἰσχύνοι,
1097 2313 1342 2388 ἀλλότρια
1386 2313 1521 2365 οὕτω
1551 2321 1647 2374 τῆς
1681 2332 1845 2387 στρα-

234 2411 356 2465 τιᾶς
407 2406 585 2466 πάσης
640 2411 939 2477 φρονοῦντα·
1002 2404 1132 2474 ὁμοῦ
1186 2400 1245 2455 δε
1305 2407 1395 2453 καὶ
1452 2407 1603 2473 μόνον
1660 2402 1837 2473 εὑρὼν,

233 2498 510 2567 χρήσαιτο
554 2493 693 2564 αὐτῷ
737 2494 763 2545 ὃ
792 2512 843 2545 τι
874 2497 961 2544 καὶ
994 2489 1257 2565 βούλοιτο.
1305 2490 1439 2544 Ἀλλ’
1471 2493 1496 2542 ό
1543 2487 1840 2565 δρασσόμε-

233 2602 323 2643 νος
371 2586 493 2642 τούς
547 2586 728 2654 σοφοὺς
771 2582 820 2633 ἐν
864 2589 926 2653 τῇ
983 2585 1277 2654 πανουργίᾳ
1324 2579 1514 2649 αὐτῶν,
1566 2583 1701 2631 κατά
1747 2588 1842 2641 τῆς

234 2670 435 2723 ἐκείνου
516 2671 706 2742 μᾶλλον
763 2670 987 2743 κεφαλῆς
1042 2675 1135 2728 τὴν
1195 2666 1469 2741 μεθοδείαν
1546 2673 1841 2742 περιέτρεπε

234 2763 456 2818 ταύτην.
510 2763 668 2812 Οὔπω
710 2763 811 2834 γὰρ
866 2762 891 2811 ό
942 2766 1039 2820 πᾶς
1081 2759 1227 2830 λόγος
1276 2759 1414 2828 αὐτῷ
1451 2762 1643 2833 εἴρητο,
1688 2763 1775 2810 καὶ
1815 2760 1840 2810 ὁ

232 2856 470 2920 γενναῖος
514 2845 756 2912 Εὖδόξιος
807 2848 1086 2921 (ἐτύγχανε
1131 2850 1232 2922 γὰρ
1286 2852 1401 2900 τότε
1453 2851 1517 2899 τὰ
1546 2850 1842 2923 παράσημα

233 2947 329 2998 τῆς
372 2940 543 3013 ἀρχῆς
584 2942 953 3010 περικείμενος)
997 2943 1090 2997 τὴν
1139 2938 1304 2998 ζώνην
1355 2937 1501 2997 εὐθὺς
1532 2936 1724 3009 ἀφελὼν
1768 2946 1840 3009 τῷ

231 3034 501 3101 προσώπῳ
532 3035 622 3080 τοῦ
658 3029 917 3099 ἄρχοντος
948 3026 1256 3102 ἑπιῤῥίπτιι.
1289 3034 1449 3080 Τοῦτο
1482 3023 1540 3079 δὲ
1572 3032 1836 3101 προτροπὴ

1952 1861 2194 1928 propter
2224 1856 2441 1913 militias
2465 1857 2972 1913 societatembene
3000 1858 3213 1915 vellent
3240 1857 3527 1923 Eudoxio,
3558 1860 3616 1913 et

1951 1949 2150 2001 essent
2164 1946 2223 2001 in
2236 1947 2470 2015 eadem,
2498 1946 2559 2002 in
2587 1963 2708 2020 qua
2723 1948 2848 2019 ipse
2864 1948 3176 2012 sententia,
3192 1950 3615 2004 erubescerent

1950 2032 2062 2105 ipsi
2078 2033 2188 2089 soli
2200 2034 2539 2090 deﬁcientes
2554 2035 2613 2090 in
2628 2040 2792 2092 tanta
2804 2035 3209 2104 multitudine;
3230 2035 3616 2095 existimabat

1950 2122 2093 2178 enim
2107 2138 2209 2179 eos
2225 2124 2453 2180 omnino
2470 2139 2596 2179 esse
2612 2140 2855 2196 paucos,
2872 2130 2928 2180 et
2966 2124 3139 2181 simul
3155 2126 3383 2197 quidem
3408 2124 3612 2182 volens

1953 2212 2181 2283 pudore
2210 2212 2445 2269 afﬁcere
2476 2214 2834 2282 Eudoxium,
2851 2213 2956 2287 qui
2974 2215 3056 2269 sic
3078 2213 3371 2269 videretur
3397 2216 3612 2271 sentire

1952 2300 2188 2358 diversa
2214 2317 2249 2358 a
2270 2305 2391 2358 toto
2410 2302 2669 2359 exercitu
2696 2308 2787 2374 ;et
2811 2302 2857 2358 si
2880 2303 3076 2359 solum
3105 2317 3245 2359 eum
3267 2302 3607 2370 invenisset,

1953 2390 2022 2445 de
2034 2406 2105 2447 eo
2119 2390 2355 2455 faceret,
2370 2392 2526 2463 quod
2550 2392 2851 2449 vellet.Sed
2872 2393 2967 2465 qui
2984 2393 3362 2465 apprehendit
3380 2394 3611 2465 sapien-

1954 2484 2038 2535 tes
2066 2480 2125 2535 in
2174 2482 2390 2537 astutia
2436 2497 2665 2548 eorum,
2708 2481 2789 2547 id,
2846 2483 3011 2554 quod
3042 2483 3428 2551 excogitaret,
3468 2498 3612 2539 con-

1955 2568 2124 2624 vertit
2154 2569 2214 2624 in
2254 2570 2383 2640 ejus
2412 2575 2613 2641 caput.
2655 2570 2935 2625 Nondum
2976 2570 3137 2626 enim
3190 2576 3374 2627 totam
3407 2571 3611 2628 absol-

1950 2662 2116 2712 verat
2140 2658 2492 2726 orationem,
2525 2662 2581 2713 et
2632 2659 2908 2729 egregius
2961 2657 3054 2714 ille
3104 2659 3404 2715 Eudoxius
3444 2660 3608 2731 (tunc

1951 2746 2108 2802 enim
2140 2753 2263 2803 erat
2294 2746 2535 2802 indutus
2572 2747 2791 2817 insigni
2833 2747 3245 2819 magistratus)
3284 2763 3436 2805 zona
3482 2754 3598 2806 sta-

1953 2835 2055 2891 tim
2108 2834 2326 2903 ablata,
2355 2851 2489 2892 eam
2525 2835 2755 2907 projicit
2790 2835 2850 2891 in
2882 2834 3094 2891 faciem
3154 2836 3419 2909 praesidis
3465 2837 3510 2911 (l
3532 2840 3604 2909 l).

1952 2926 2070 2980 Hoc
2092 2930 2291 2980 autem
2326 2924 2517 2980 visum
2540 2930 2626 2979 est
2648 2923 2779 2980 aliis
2806 2923 3142 2981 adhortatio
3173 2928 3229 2981 et
3258 2924 3417 2981 zelus
3438 2926 3556 2997 (12)
3588 2943 3602 2981 :

1950 3017 2024 3078 et,
2072 3018 2250 3079 totus,
2310 3012 2411 3086 qui
2467 3012 2894 3070 circumstabat
2938 3028 3245 3082 numerus,
3296 3014 3401 3087 qui
3440 3018 3604 3072 erant

230 3124 345 3179 τοῖς
394 3116 565 3179 ἄλλοις
625 3116 815 3188 ἐγένετο
873 3121 959 3169 καὶ
1013 3101 1167 3178 ζῆλον
1240 3117 1414 3189 [adde
1462 3116 1670 3190 ἀνῆψε]
1750 3123 1836 3170 καὶ

1952 3101 2127 3165 mille.
2153 3108 2393 3159 centum
2420 3108 2475 3159 et
2504 3102 2909 3176 quatuor(13),
2938 3102 3103 3159 bono
3127 3101 3403 3176 exemplo
3425 3102 3601 3176 proti-

230 3206 260 3256 ὁ
290 3211 574 3280 περιεστὼς
616 3206 753 3269 ἄπας
802 3206 1108 3279 κατάλογος,
1149 3211 1401 3281 τέσσαρες
1442 3204 1525 3258 ἰπὶ
1564 3214 1673 3267 τοῖς
1717 3206 1840 3259 ἐκα-

229 3297 321 3345 τὸν
352 3300 440 3347 καὶ
480 3294 647 3367 χίλιοι
678 3300 835 3361 ὄντες,
871 3294 1051 3368 ἀγαθῷ
1082 3291 1433 3367 ὑποδείγματι
1476 3303 1549 3366 τῷ
1602 3294 1838 3369 Εὑδοξίῳ

229 3384 427 3435 αὐτίκα
476 3390 759 3456 χρώμενοι,
813 3388 904 3447 τάς
960 3386 1124 3447 ζώνας
1183 3390 1273 3438 καὶ
1326 3384 1471 3437 οὗτοι
1522 3388 1659 3437 κατά
1736 3395 1833 3439 τῶν

232 3470 428 3524 ἐκείνου
462 3472 625 3543 ἅψεων
656 3471 1026 3548 ἀπέρῥίπτουν.

306 3562 414 3616 ΙΑ’.
462 3561 782 3624 ’Υποπτήξας
834 3563 921 3615 οὖν
972 3567 1028 3615 τὸ
1058 3563 1249 3623 πλῆθος
1290 3564 1314 3613 ὀ
1362 3564 1565 3635 ἡγεμὼν
1599 3561 1835 3638 ἀναφέρει

232 3650 584 3721 Διοκλητιανῷ
633 3654 697 3703 τά
747 3660 839 3703 τοῦ
891 3655 1215 3726 πράγματος.
1263 3650 1321 3703 Ὀ
1364 3648 1422 3704 δὲ
1463 3656 1580 3714 τοὺς
1609 3655 1700 3723 μὲν
1738 3662 1831 3715 τῆς

230 3742 481 3799 τοιαύτης
534 3740 725 3811 τόλμης
782 3740 979 3802 αἰτίους
1035 3745 1121 3792 καὶ
1200 3740 1475 3814 ἀρχηγοὺς
1528 3739 1831 3813 βαρυτάτας

230 3825 417 3880 δοῦναι
448 3832 540 3891 τὰς
590 3834 843 3901 τιμωρίας
882 3830 1097 3881 κελεύει·
1138 3835 1231 3887 τὴν
1276 3826 1335 3881 δὲ
1382 3834 1499 3904 περὶ
1536 3838 1635 3881 τῶν
1667 3830 1828 3882 ἀλλων

226 3917 401 3989 ψῆφον
451 3926 509 3989 τῇ
570 3916 732 3989 βουλῇ
796 3917 1090 3991 ἐπιτρέψαι,
1143 3920 1402 3976 Τοιαύτην
1450 3917 1637 3979 ἐκεῖνος
1686 3924 1829 3995 παρά

222 4016 315 4065 τῆς
389 4004 669 4077 βασιλικῆς
730 4005 975 4067 ἀπονοίας
1049 4011 1142 4065 τὴν
1197 4006 1436 4068 ἐξουσίαν
1494 4006 1679 4074 λαϐὼν,
1739 4014 1827 4061 τὸν

220 4102 455 4165 γενναῖον
516 4091 762 4157 Εὐδόξιον
809 4103 879 4165 τῷ
942 4095 1126 4147 ἑαυτου
1198 4098 1671 4168 παραστησάμενος
1735 4102 1827 4155 κή-

220 4203 354 4257 ματι
406 4184 470 4255 [ι.
545 4182 796 4257 βήματι],
846 4186 950 4246 Τὰς
1006 4188 1203 4256 μωρὰς,
1260 4187 1372 4257 ἔφη,
1428 4186 1680 4249 ζητήσεις
1738 4194 1827 4240 καὶ

220 4272 518 4343 ἀντιλογίας
556 4278 644 4325 καὶ
692 4282 785 4334 τῆς
843 4269 1079 4335 διανοίας
1126 4276 1254 4345 ὁμοῦ
1304 4279 1394 4325 καὶ
1457 4284 1544 4335 τῆς
1595 4275 1827 4346 γλώττης

223 4361 521 4426 ἀποϐαλὼν,
558 4363 713 4415 θῦσον
743 4370 852 4425 τοῖς
888 4365 1021 4425 θεοῖς
1050 4363 1195 4415 ἑκών·
1255 4363 1363 4415 ἐπεὶ
1403 4369 1492 4415 καὶ
1533 4365 1727 4417 ἄκοντά
1772 4385 1828 4418 σε

222 4456 285 4504 τό
344 4451 606 4522 αὐστηρὸν
660 4454 857 4511 πάντως
912 4460 1011 4503 τῶν
1080 4451 1325 4523 βασάνων
1409 4456 1825 4527 παρασκευάσει.

229 4540 334 4595 Καὶ
363 4540 555 4592 αὐτίκα
581 4538 772 4612 δεσμὰ,
820 4546 907 4593 καὶ
934 4541 1156 4612 πληγάς,
1183 4546 1271 4593 καὶ
1305 4544 1529 4616 ἱερκτὴν,
1563 4548 1653 4595 καὶ
1699 4552 1826 4617 πῦρ,

223 4636 319 4682 καὶ
372 4630 531 4682 τᾶλλα
588 4627 645 4682 δὲ
695 4633 759 4682 τά
812 4628 1086 4704 βαρύτατα
1137 4636 1226 4683 καὶ
1277 4635 1405 4704 πρὸς
1462 4630 1620 4690 ἀκοὴν
1668 4638 1828 4703 μόνην

226 4720 600 4794 ἀπηριθμεῖτο.
657 4720 1005 4791 ’ἰλιγγιάσατε
1080 4726 1170 4772 καὶ
1246 4721 1391 4792 ὑμεῖς
1482 4720 1823 4786 ἀκούσαντες,

225 4806 376 4875 οἶδα,
430 4816 517 4862 καὶ
562 4814 678 4881 περὶ
708 4819 807 4861 τῶν
853 4810 971 4873 ἑξῆς
1020 4808 1271 4881 ἀγωνιᾶτε
1324 4818 1413 4861 τοῦ
1469 4807 1822 4885 διηγήματος·

225 4906 361 4974 μήτι
392 4904 481 4951 καὶ
518 4900 543 4951 ὁ
590 4898 738 4970 λόγος
768 4902 854 4951 τὸν
901 4902 983 4951 νόν
1028 4899 1256 4958 ἀθλητὴν
1288 4898 1621 4974 ἐθορύϐησεν.
1674 4902 1830 4956 Ἀλλὰ

302 5076 416 5149 (10)
440 5078 635 5134 Graace
656 5086 934 5149 καινοφανῆ
964 5076 1026 5134 id
1054 5081 1161 5145 est,
1183 5081 1414 5134 naviter
1439 5087 1826 5147 apparentem

224 5149 354 5222 sive
387 5164 517 5222 quae
548 5163 705 5205 nova
735 5155 996 5222 apparet,
1031 5166 1065 5222 a
1105 5153 1277 5212 καινὸς
1306 5157 1361 5204 et
1393 5155 1575 5221 φαίνω.
1610 5151 1827 5207 Vocem

222 5220 736 5293 illam'xawopavé;
765 5220 825 5275 in
858 5220 1022 5275 nullo
1054 5221 1251 5276 inveni
1283 5220 1513 5276 Lexico.

299 5292 412 5363 (11)
436 5292 495 5346 ld
519 5292 625 5357 est,
649 5307 845 5347 coram
866 5292 1127 5363 praeside.
1152 5293 1205 5348 P.
1226 5294 1533 5348 Matthaeus
1561 5292 1826 5348 Raderus

225 5364 535 5435 societatis
556 5370 768 5419 nostra;
795 5365 853 5419 in
884 5364 1131 5420 Historia
1160 5380 1331 5419 sacra
1352 5380 1425 5419 ex
1457 5364 1689 5435 magnis
1722 5367 1827 5419 Ec-

221 5434 421 5516 clesia;
444 5436 657 5516 Greece
682 5436 909 5516 Menmis
930 5451 1127 5516 quam
1155 5436 1302 5491 inter
1334 5452 1474 5516 mss.
1513 5434 1824 5516 servamus

221 5506 499 5589 eamdem
525 5505 767 5589 phrasin
793 5505 977 5589 elogii
994 5506 1210 5589 horum
1238 5512 1564 5589 martyrum
1596 5515 1669 5589 τῷ
1691 5526 1825 5589 Epo-

227 5583 405 5650 σῲπῳ,
429 5582 566 5644 etc.,
592 5578 757 5650 vertit
784 5579 845 5632 in
872 5584 1145 5650 conspectu
1173 5578 1430 5650 praesidis
1451 5579 1666 5649 abjm’t.
1691 5578 1828 5650 Tes-

226 5648 504 5706 tabantur
535 5649 850 5705 Christiani
881 5649 981 5707 illa
997 5648 1187 5707 ’zonas'
1206 5648 1536 5721 abjectione
1565 5666 1627 5706 se
1670 5648 1825 5705 nolle

1948 3206 2061 3245 nus
2094 3195 2324 3247 utentes
2356 3192 2639 3257 Eudoxio,
2674 3191 2711 3247 ii
2744 3207 2987 3265 quoque
3020 3192 3396 3265 projecerunt
3425 3207 3603 3250 zonas

1947 3278 2008 3335 in
2042 3278 2250 3336 faciem
2281 3278 2457 3336 illius.

2016 3566 2112 3621 XI.
2156 3565 2444 3621 Dubitans
2477 3572 2677 3621 autem
2700 3581 2920 3637 praeses
2950 3566 3025 3621 de
3066 3566 3444 3631 multitudite,
3471 3584 3600 3627 rem

1945 3656 2131 3712 defert
2163 3657 2241 3711 ad
2294 3654 2745 3710 Diocletianum.
2783 3654 2878 3710 Ille
2920 3660 3119 3711 autem
3150 3661 3425 3714 auctores
3475 3659 3600 3729 qui-

1943 3746 2081 3801 dem
2106 3749 2283 3800 tantas
2312 3742 2575 3799 audacias
2601 3743 2771 3814 jubet
2800 3745 3171 3813 gravissimis
3192 3744 3349 3801 affici
3378 3745 3603 3818 suppli-

1942 3834 2046 3889 ciis
2082 3852 2095 3901 ;
2128 3833 2477 3888 sententiam
2507 3838 2708 3888 autem
2730 3832 2805 3887 de
2837 3831 2966 3887 aliis
2998 3833 3305 3889 ferendam
3339 3834 3596 3906 relinqui

1941 3923 2196 3978 senatui.
2230 3922 2392 3977 Hanc
2431 3938 2569 3977 cum
2607 3920 2703 3977 ille
2743 3922 3076 3992 accepisset
3124 3927 3467 3993 potestatem
3517 3924 3591 3980 ab

1938 4011 2315 4081 imperatoris
2370 4010 2650 4079 amentia,
2710 4024 3069 4079 generosum
3128 4010 3456 4066 Eudoxium
3516 4012 3590 4067 si-

1937 4100 2216 4155 stendum
2247 4114 2463 4155 curans
2490 4114 2594 4170 pro
2626 4115 2735 4154 suo
2759 4098 3058 4164 tribunali,
3093 4099 3333 4162 Stultas,
3376 4101 3593 4173 inquit,

1936 4188 2302 4261 quaestiones
2342 4192 2398 4244 et
2424 4187 2643 4243 mentis
2675 4193 2731 4243 et
2760 4188 2978 4256 lingua:
3031 4188 3269 4244 mittens
3296 4191 3592 4247 contradi-

1938 4279 2180 4341 ctiones,
2213 4282 2315 4332 tua
2347 4283 2557 4348 sponte
2609 4276 2721 4332 diis
2752 4274 3021 4331 sacriﬁca
3054 4294 3067 4331 :
3098 4293 3240 4333 nam
3278 4277 3503 4351 alioqui
3539 4283 3600 4336 ut

1937 4367 1998 4423 id
2028 4367 2247 4422 invitus
2268 4366 2452 4422 facias
2483 4365 2731 4422 omnino
2758 4370 2928 4437 coget
2951 4366 3245 4421 acerbitas
3277 4368 3599 4440 supplicio-

1941 4473 2094 4511 rum.
2130 4458 2195 4511 Et
2220 4457 2418 4511 statim
2450 4455 2824 4510 enumeravit
2863 4454 3118 4521 vincula,
3152 4461 3208 4511 et
3263 4457 3494 4527 plagas,
3545 4464 3600 4514 et

1940 4560 2258 4609 carcerem,
2314 4549 2371 4599 et
2412 4544 2631 4613 ignem,
2679 4549 2735 4599 et
2763 4559 3140 4616 quaecunque
3181 4545 3268 4600 vel
3317 4546 3449 4603 solo
3495 4562 3599 4603 au-

1939 4635 2065 4689 ditu
2094 4639 2229 4689 sunt
2258 4633 2633 4703 gravissima.
2695 4631 3007 4704 Caligastis
3041 4649 3146 4689 vos
3199 4650 3463 4707 quoque,
3501 4641 3597 4692 sat

1941 4723 2083 4787 scio,
2118 4723 2247 4777 haec
2286 4722 2621 4789 audientes,
2651 4726 2709 4777 et
2761 4720 2922 4777 anxii
2964 4721 3104 4777 estis
3154 4722 3228 4777 de
3260 4723 3597 4779 narratione

1939 4828 2147 4867 eorum
2177 4827 2313 4883 quas
2360 4810 2642 4883 deinceps
2673 4815 3041 4883 sequuntur:
3081 4827 3227 4867 num
3271 4811 3488 4869 scilicet
3528 4829 3600 4869 ea

1938 4902 2129 4957 oratio
2158 4900 2523 4956 conturbarit
2572 4900 2878 4957 athletam.
2914 4899 3028 4957 Sed
3067 4905 3249 4957 estote
3276 4900 3438 4957 bono
3469 4901 3595 4958 ani-

1937 5078 2120 5134 ﬁdem
2135 5078 2455 5147 abnegare,
2477 5077 2731 5149 ideoque
2747 5077 2900 5149 ultro
2913 5080 3253 5135 renuntiare
3268 5078 3599 5149 honoribus

1937 5149 2449 5222 tum_militaribus
2485 5155 2608 5205 tum
2631 5148 2928 5222 palatinis,
2963 5149 3129 5222 quod
3147 5151 3203 5206 S.
3226 5148 3478 5205 Basilius
3495 5151 3597 5207 do-

1937 5229 2026 5276 cet
2050 5220 2125 5276 de
2160 5223 2215 5277 S.
2251 5219 2466 5292 Gordio
2498 5222 2565 5275 Μ.
2602 5219 2763 5275 tomo
2796 5221 2863 5275 lll
2891 5219 3154 5292 lariuari,
3189 5236 3344 5292 pag.
3370 5224 3487 5279 131.

2008 5293 2126 5362 (ιο)
2157 5291 2361 5347 Melius
2394 5292 2477 5362 sic
2520 5298 2755 5347 vertas:
2815 5312 2838 5341 α
2878 5291 2997 5346 Hoc
3049 5291 3249 5347 autem
3296 5291 3430 5348 aliis
3492 5292 3601 5350 fuit

1935 5364 2310 5434 hortamento
2337 5361 2976 5434 zelumqueaccendit;
3002 5384 3029 5411 »
3059 5378 3200 5419 nam
3226 5364 3598 5420 accusativus

1936 5435 2090 5495 ζῆλον
2121 5434 2244 5504 regi
2274 5433 2452 5489 debet
2481 5433 2567 5489 abi
2611 5433 2813 5505 aliquo
2846 5433 3049 5500 verbo,
3092 5433 3257 5506 quod
3306 5435 3597 5492 omissum

1936 5512 2022 5562 est
2052 5508 2109 5561 in
2137 5506 2490 5578 apographo
2523 5512 2745 5578 nostro.

2005 5579 2126 5647 (l3)
2154 5576 2295 5633 Vide
2321 5576 2851 5643 commentarium,
2882 5590 3045 5633 num.
3078 5576 3132 5630 9.
