4096 6220
486 276 592 331 627

1796 269 2057 325 MENSIS
2098 268 2544 326 SEP’I‘EMBER.

3755 270 3872 324 628

488 415 608 457 mo.
651 398 932 469 Majorem
964 396 1124 454 enim
1154 396 1204 452 ei
1234 395 1549 452 ﬂammam
1579 394 1853 451 accendit
1882 410 1990 467 pro
2020 395 2141 466 pie-

2286 402 2509 470 αρσεῖτε·
2567 394 2773 447 πλείονα
2810 397 2911 468 γὰρ
2968 394 3123 448 αὐτόν
3180 394 3368 467 μᾶλλον
3397 396 3523 467 ὑπὲρ
3572 402 3661 456 τῆς
3716 398 3875 447 εύσε-

486 495 627 557 tate,
660 488 823 561 quod
854 491 1088 557 putaret
1126 501 1187 540 se
1219 485 1304 540 sic
1330 484 1507 554 longe
1538 484 1978 555 prmclariorem
2010 500 2142 539 esse

491 583 957 635 consecuturum
983 590 1272 631 coronam
1304 572 1584 629 victoriae.

566 668 675 721 Xll.
707 666 766 720 Ei
804 664 998 736 itaque
1027 663 1168 718 dicit
1201 668 1420 733 martyr
1458 678 1468 715 :
1502 660 1701 725 Ludis,
1735 677 1974 734 prseses.
2012 663 2146 717 Haec

492 771 604 827 ego
639 753 913 811 existimo
943 768 1263 826 puerorum
1296 750 1795 817 terriculamenta,
1845 751 2145 823 aspiciens

495 846 573 903 ad
604 861 727 909 eas,
759 859 894 916 quae
940 847 1079 898 sunt
1120 841 1281 897 illinc
1326 841 1855 905 remunerationes,
1907 846 1963 896 et
2008 856 2146 911 pen-

495 934 645 991 dens
666 949 703 989 a
724 932 851 989 sola
874 930 1147 987 muniﬁca
1160 930 1401 985 dextera
1422 928 2147 997 meiagonothetaeChristi.

494 1024 644 1080 Nam
674 1038 770 1078 me
803 1025 973 1077 terret
1000 1019 1094 1076 ille
1142 1018 1318 1090 ignis,
1351 1018 1455 1091 qui
1480 1018 1659 1089 sopiri
1701 1034 1820 1073 non
1852 1024 2065 1089 potest,
2099 1023 2154 1075 et

496 1111 711 1169 stridor
723 1110 1011 1175 dentium,
1028 1113 1473 1180 etquaecunque
1487 1106 1603 1163 alia
1616 1106 2006 1164 acerbissima
2018 1113 2157 1163 sunt

496 1206 708 1275 parata
727 1201 797 1255 iis
815 1199 915 1271 qui
934 1201 1118 1253 Deum
1133 1204 1536 1268 aspernantur
1554 1203 1610 1251 et
1626 1198 1676 1251 ei
1707 1211 1827 1251 non
1846 1196 2152 1252 obediunt.

498 1291 633 1346 Haec
683 1294 882 1346 autem
925 1292 1026 1344 tua
1065 1292 1203 1342 sunt
1244 1286 1386 1342 mihi
1435 1286 1611 1354 plane
1642 1285 1812 1340 ludus
1848 1303 1861 1351 ;
1894 1291 1951 1341 et
1979 1285 2155 1356 ignis,

497 1395 679 1453 quem
713 1378 860 1434 mihi
899 1376 1166 1441 minaris,
1224 1380 1313 1431 est
1346 1374 1437 1430 vel
1492 1375 1621 1445 ipsa
1665 1390 1826 1446 aqua
1868 1375 2154 1446 frigidior.

500 1469 669 1526 Ensis
702 1472 904 1523 autem
935 1481 1030 1521 me
1062 1463 1592 1521 afﬁcietbeneﬁcio
1623 1480 1757 1531 ;me
1778 1464 1939 1519 enim
1968 1463 2161 1519 mittet

500 1558 581 1615 ad
610 1573 681 1614 ea
709 1572 842 1629 qum
872 1554 1165 1619 desidero,
1200 1558 1258 1608 et
1290 1569 1395 1625 pro
1443 1553 1558 1608 hoc
1587 1554 1831 1624 quidem
1865 1553 2008 1617 sole,
2056 1553 2159 1624 qui

504 1646 718 1703 occidit
764 1649 820 1700 et
871 1644 986 1700 cito
1029 1642 1439 1711 absconditur,
1501 1642 1706 1698 reddet
1745 1642 1889 1698 mihi
1943 1642 2161 1698 Lucife-

2253 482 2396 545 ϐείας
2438 482 2652 536 ἀνάπτει
2691 488 2784 542 τὴν
2833 484 3015 556 φλόγα,
3066 486 3147 537 ὅτι
3196 489 3285 537 καὶ
3328 484 3686 557 λαμπρότερος
3731 489 3875 555 ᾤετο

2254 573 2423 643 πολλῷ
2453 570 2545 625 διὰ
2570 580 2736 625 ταῦτα
2762 576 3076 644 γενήσεσθαι
3111 578 3442 645 στεφανίτης,

2328 662 2427 715 ΙΒ’.
2488 662 2690 734 Ἀμέλει
2746 668 2835 715 καὶ
2900 666 3030 736 πρὸς
3078 663 3233 715 αύτόν
3287 664 3311 714 6
3369 665 3590 735 μάρτυς·
3648 663 3882 725 Παίζεις

2259 754 2414 822 ἔχων,
2446 753 2669 822 ἡγεμὼν,
2711 754 2824 823 ἔφη.
2862 749 3073 804 Παίδων
3114 751 3212 822 ἐγὼ
3263 760 3432 804 ταῦτα
3480 754 3685 823 ἦγημαι
3735 772 3868 827 μορ-

2259 840 2526 913 μολύκεια,
2580 844 2708 915 πρὸς
2757 843 2851 902 τάς
2901 843 3090 893 ἐκεῖθεν
3144 842 3274 913 ὁρῶν
3327 839 3572 912 ἀμοιϐὰς,
3625 846 3714 893 καὶ
3775 848 3876 913 μό-

2260 950 2352 991 νης
2411 939 2506 991 τῆς
2581 930 2847 1002 φιλοτίμου
2935 927 3106 994 δεξιᾶς
3167 939 3260 983 τοῦ
3338 934 3461 1002 ἐμοῦ
3544 930 3882 1002 ἀγωνοθέτου

2264 1027 2496 1093 Χριστοῦ
2554 1020 2949 1091 ἐκκρεμάμενος.
2999 1019 3087 1081 Ὠς
3137 1020 3222 1091 ἐμὲ
3270 1024 3327 1072 τό
3368 1028 3470 1093 πῦρ
3520 1025 3677 1074 ἐκεῖνο
3723 1020 3880 1093 φοϐεῖ

2265 1113 2322 1161 τό
2373 1108 2675 1181 ἀκοίμητον,
2722 1113 2807 1159 καὶ
2834 1111 2858 1160 6
2898 1118 2997 1160 τῶν
3029 1107 3253 1162 ὀδόντων
3283 1109 3543 1184 βρυγμὸς,
3590 1116 3681 1162 καὶ
3708 1110 3885 1162 τοὶλλα

2267 1201 2367 1252 ὅσα
2396 1207 2505 1259 τοῖς
2556 1203 2642 1250 τόν
2675 1204 2804 1252 Θεὸν
2856 1198 3102 1252 ἀτεθοῡσι
3131 1203 3421 1272 πικροτάτη
3472 1205 3619 1274 μερὶς
3661 1200 3875 1253 ἀπόκει-

2268 1308 2375 1341 ται.
2427 1290 2504 1340 Τά
2552 1284 2610 1340 δε
2643 1291 2711 1339 σά
2754 1296 2937 1353 ταῦτα,
2998 1285 3193 1341 παιδιά
3239 1292 3445 1351 πάντως
3498 1288 3631 1360 ἐμοί·
3685 1294 3779 1341 xui
3818 1292 3884 1341 τὸ

2272 1386 2391 1449 πῦρ,
2435 1379 2554 1449 ὅπερ
2608 1376 2853 1439 ἀπειλεῖς,
2902 1382 2992 1428 καὶ
3049 1378 3207 1429 αὑτοῦ
3268 1377 3597 1452 ψυχρότερον
3652 1373 3879 1439 ὕδατος,

2269 1469 2326 1518 τὸ
2367 1463 2424 1518 δὲ
2466 1465 2610 1537 ξίφος
2654 1465 2987 1539 εὐεργέτησεν
3034 1466 3227 1538 πεμψει
3269 1469 3371 1540 γάρ
3422 1486 3485 1537 με
3512 1469 3639 1538 πρὸς
3679 1469 3746 1518 τὰ
3777 1486 3885 1518 πο-

2272 1557 2506 1627 θούμενα,
2546 1560 2634 1607 καὶ
2667 1552 2945 1608 ἀντιδώσει
2976 1564 3066 1607 τοῦ
3111 1560 3200 1627 μὲν
3249 1552 3465 1617 δύοντος
3494 1556 3643 1615 ἡλίου
3688 1559 3883 1608 τούτου

2269 1649 2358 1695 καὶ
2407 1647 2547 1714 ταχὺ
2592 1649 2945 1716 κρυπτομένου
2988 1648 3071 1696 τὸν
3102 1641 3298 1698 ἄδυτον
3346 1644 3531 1697 ἐκεῖνον
3572 1651 3881 1718 Φωσφόρον,

500 1750 635 1791 rum
663 1736 777 1805 (14)
830 1732 1015 1799 illum,
1068 1733 1171 1804 qui
1216 1748 1527 1803 nunquam
1554 1730 1772 1787 occidit
1817 1735 1875 1786 et
1912 1746 2159 1787 suavem

2280 1738 2359 1785 sui
2386 1732 2628 1804 γλυκεῖάν
2668 1753 2783 1785 τινα
2825 1738 2917 1792 τὴν
2964 1733 3144 1786 ἀκτῖνα
3186 1740 3273 1786 καὶ
3320 1732 3609 1808 ἀπόρρητον
3644 1733 3881 1806 ἀφιέντα·

501 1824 738 1880 radium
788 1821 1004 1877 emittit
1031 1828 1087 1876 et
1123 1820 1484 1876 ineffabilem
1518 1837 1533 1890 ;
1570 1825 1628 1876 et
1675 1835 1783 1891 pro
1816 1820 1928 1875 hac
1982 1835 2161 1875 mun-

502 1912 667 1968 dana
708 1917 765 1967 et
801 1926 936 1984 quas
992 1909 1174 1982 paulo
1231 1914 1369 1980 post
1415 1924 1536 1964 non
1590 1908 1717 1973 erit,
1777 1908 2026 1974 visione,
2069 1924 2158 1974 ea,

501 2017 639 2075 quae
667 2004 807 2056 sunt
832 2000 1006 2055 ﬁrma
1032 2014 1103 2055 ac
1124 1998 1363 2054 stabilia
1387 2002 1445 2053 et
1470 2002 1760 2069 perpetuo
1787 2002 2159 2069 permanent.

504 2094 657 2147 Deos
684 2094 881 2145 autem
933 2087 1264 2145 existimare
1305 2086 1535 2156 lignum
1579 2091 1635 2143 et
1680 2086 1938 2158 lapidem
1977 2091 2034 2143 et
2063 2103 2165 2145 au-

504 2193 640 2233 rum
680 2182 735 2233 et
792 2182 1134 2247 argentum,
1165 2176 1332 2246 quod
1390 2190 1607 2230 manus
1660 2174 1937 2231 formavit
1980 2182 2038 2232 et
2066 2192 2164 2232 ars

506 2266 693 2337 poliit,
748 2265 1075 2337 oculosque
1130 2270 1189 2320 et
1236 2280 1453 2319 manus
1502 2269 1557 2321 et
1609 2264 1840 2336 reliqua
1895 2266 2167 2322 membra

507 2353 592 2411 eis
631 2353 969 2426 insculpsit,
1018 2353 1326 2426 quomodo
1360 2368 1480 2409 non
1532 2358 1622 2409 est
1672 2369 1911 2424 magum
1964 2369 2167 2410 amen-

512 2443 659 2500 tite?

2271 1831 2361 1882 τῆς
2412 1818 2470 1874 δε
2518 1832 2780 1895 κοσμικῆς
2833 1825 3025 1885 ταύτης
3060 1828 3369 1895 φαντασίας,
3402 1828 3492 1875 καὶ
3521 1823 3679 1895 ὀλίγῳ
3720 1824 3884 1876 ύστε-

2272 1931 2358 1985 ρον
2407 1915 2501 1963 οὐκ
2531 1910 2795 1983 ἐσομένης,
2850 1914 2915 1964 ru
2951 1912 3153 1965 ἑστῶτα
3203 1918 3293 1965 καὶ
3345 1913 3510 1965 εἰσαεὶ
3541 1909 3881 1984 διαμένοντα.

2272 2004 2340 2054 T6
2374 1996 2431 2052 δὲ
2471 2006 2559 2053 καὶ
2607 2003 2751 2064 θεούς
2783 2002 3005 2073 νομίζειν
3034 2006 3091 2053 τό
3123 2001 3288 2072 ξύλον,
3324 2006 3413 2054 καὶ
3444 2005 3529 2054 τὸν
3578 2001 3741 2069 λίθον,
3793 2007 3889 2054 καὶ

2274 2094 2358 2142 τόν
2412 2093 2637 2164 χρυσὸν,
2693 2090 2727 2141 οἱ
2767 2095 2888 2166 χεὶρ
2940 2089 3209 2163 ἐμόρφωσε
3252 2096 3341 2144 καὶ
3383 2090 3644 2163 περιέξεσε
3691 2096 3883 2162 τέχνη,

2275 2184 2365 2231 καὶ
2447 2178 2740 2251 ὀφθαλμούς
2808 2180 2985 2241 αὐτοῖς
3042 2185 3132 2233 καὶ
3190 2186 3377 2253 χεῖρας
3433 2186 3521 2233 xui
3573 2183 3638 2233 τά
3714 2180 3878 2232 λοιπά

2279 2264 2529 2338 διέγλυψε
2557 2269 2705 2339 μέλη,
2741 2288 2844 2329 πως
2870 2268 2965 2321 ούκ
2990 2270 3169 2332 εὔηθες
3194 2267 3390 2343 κομιδῇ
3424 2274 3513 2322 xui
3544 2269 3762 2327 ἀνόητον
3794 2285 3807 2333 ;

2019 2532 2246 2588 CAPUT
2285 2532 2379 2587 III.

507 2620 781 2679 Mirabiti
809 2621 1140 2677 constantia
1168 2627 1221 2677 et
1275 2620 1757 2703 magnanimitate
1792 2620 2195 2703 acerbissimos
2224 2622 2448 2747 perfert
2498 2625 2841 2679 cruciatus:
2880 2626 3067 2691 capite
3108 2627 3431 2680 damnatus
3484 2630 3617 2680 orat
3673 2624 3881 2687 Deum,

897 2694 1185 2747 mandata
1216 2708 1389 2747 uxori
1418 2694 1546 2747 dat.
1578 2700 1934 2747 mortemque
1958 2709 2148 2747 amico
2171 2707 2297 2747 brae
2345 2700 2460 2747 ισιι.
2495 2695 2703 2747 .w‘ancti
2732 2702 2784 2747 et
2816 2696 3069 2747 aliorum
3098 2701 3484 2747 martyrium.

897 2694 1185 2749 mandata
1216 2694 1391 2748 uxori
1418 2694 1546 2758 dat,
1578 2700 1934 2764 mortemque
1958 2694 2148 2749 amico
2170 2694 2460 2761 praedicit.
2495 2695 2703 2750 .w‘ancti
2732 2702 2784 2751 et
2816 2696 3069 2751 aliorum
3098 2701 3484 2765 martyrium.

576 2781 712 2837 XIII.
767 2782 1075 2853 Excipiens
1114 2786 1315 2837 autem
1356 2797 1573 2853 praeses
1607 2798 1618 2836 :
1656 2782 1911 2847 Videtur,
1954 2782 2166 2854 inquit,

508 2874 677 2927 tanta
708 2886 841 2925 mea
896 2869 1107 2925 lenitas
1161 2874 1217 2925 et
1259 2870 1655 2924 mansuetudo
1711 2874 1765 2925 te
1805 2870 1881 2924 ad
1944 2876 2169 2926 tantam

2358 2782 2448 2836 II".

2284 2874 2451 2929 σαύτη
2497 2892 2620 2942 μου,
2670 2876 2785 2944 ἔφη,
2816 2875 3154 2946 μακροθυμία
3206 2878 3295 2925 καὶ
3345 2874 3604 2945 ἡμερότης
3634 2872 3702 2933 εἰς
3731 2877 3888 2925 τοῦτό

2530 2783 2819 2836 ’Υπολαϐὼν
2873 2789 3041 2835 τοίνυν
3096 2786 3120 2836 6
3180 2786 3402 2855 ἡγεμὼν,
3464 2783 3660 2837 Ἔοικεν
3717 2786 3747 2841 ἡ
3801 2799 3886 2836 το’

508 2958 807 3015 adducere
827 2958 1133 3013 stultitiam
1160 2964 1214 3012 et
1234 2958 1572 3013 audaciam.
1608 2958 1720 3014 Sed
1744 2964 1906 3013 tuam
1926 2959 2167 3030 quidem

2285 2979 2341 3011 σε
2371 2967 2570 3035 μωρίας
2601 2966 2685 3013 καὶ
2739 2963 3059 3034 θρασύτητος
3110 2961 3343 3034 ἀγαγεῖν
3381 2960 3509 3013 ἀλλά
3557 2970 3652 3023 τῆς
3694 2965 3784 3035 μὲν
3816 2962 3887 3023 εἰς

508 3047 568 3103 in
596 3063 704 3102 nos
733 3046 1179 3111 contumeliam,
1214 3046 1375 3119 quod
1406 3046 1479 3101 ad
1510 3062 1617 3101 nos
1646 3047 1889 3118 quidem
1944 3047 2169 3113 attinet,

512 3136 895 3193 tolerabimus
926 3154 938 3203 ;
975 3136 1137 3207 ipsos
1182 3140 1381 3191 autem
1414 3135 1557 3190 deos
1584 3136 2005 3206 imperatorem
2052 3134 2171 3207 pati

512 3229 628 3280 ate
669 3223 1031 3279 contumelia
1062 3224 1239 3289 afﬁci,
1301 3223 1478 3295 plane
1530 3229 1619 3278 est
1658 3224 1902 3279 stultum
1943 3232 1999 3281 et
2052 3241 2171 3281 non

513 3312 768 3369 multum
801 3313 971 3367 abest
1016 3313 1094 3367 ab
1134 3314 1418 3368 amentia.
1454 3314 1675 3368 Deinde
1713 3320 1940 3385 martyr
1992 3331 2003 3369 :
2048 3315 2174 3369 Imo

519 3417 677 3465 vero,
709 3401 920 3474 inquit,
951 3407 1089 3456 sunt
1117 3401 1247 3457 haec
1277 3408 1446 3472 grata
1472 3402 1542 3456 iis
1573 3402 1676 3474 qui
1708 3403 1946 3474 sapiunt
1972 3408 2025 3458 et
2053 3419 2173 3458 non

517 3496 659 3546 sunt
686 3496 899 3546 emotae
952 3491 1186 3547 mentis.
1246 3494 1365 3547 Hoc
1422 3492 1636 3562 majori
1677 3491 1872 3547 furore
1920 3493 2175 3548 concitat

514 3579 842 3651 praesidem,
902 3583 960 3635 et
1014 3580 1213 3634 statim
1268 3579 1438 3651 jubet
1476 3579 1759 3635 athletam
1806 3586 2176 3635 extensuma

515 3675 776 3743 quatuor
806 3668 1157 3725 hominibus
1189 3669 1301 3740 (Η)
1326 3669 1661 3723 recentibus
1700 3668 1840 3724 loris
1872 3668 2171 3726 verberari

514 3758 1011 3815 crudeliter.Cum
1028 3762 1228 3813 autem
1255 3758 1382 3829 jam
1414 3757 1515 3812 diu
1548 3774 1735 3812 caesus
1758 3759 2172 3830 incorpoream

514 3848 629 3920 (16)
656 3848 995 3903 ostenderet
1029 3846 1475 3919 philosophiam
1517 3847 1574 3901 in
1629 3847 1862 3902 mortali
1903 3863 2171 3919 corpore,

516 3942 573 3993 et
600 3953 663 3993 se
693 3936 955 4011 primum
987 3934 1239 4007 turpiter
1277 3936 1513 3990 irrisum
1562 3934 1804 3991 vidisset
1861 3940 2174 4008 tyrannus,

513 4030 837 4099 martyrem
870 4025 1117 4097 quidem
1139 4024 1425 4081 relaxavit
1457 4040 1490 4079 a
1522 4024 1734 4097 plagis,
1764 4026 2004 4097 conjicit
2037 4043 2174 4082 vero

521 4115 582 4171 in
611 4130 929 4170 carcerem.

589 4204 721 4259 XIV.
752 4204 899 4257 Cum
934 4206 1133 4257 autem
1166 4201 1389 4274 aliquot
1421 4201 1549 4256 dies
1586 4208 1852 4257 moratus
1882 4203 2087 4260 fuisset
2117 4207 2173 4261 in

522 4306 775 4357 carcere,
841 4306 1049 4347 rursus
1106 4306 1245 4346 eum
1292 4290 1462 4361 jubet
1516 4290 1657 4345 sisti.
1710 4293 1773 4345 Et
1826 4308 1836 4346 :

528 4382 723 4452 inquit
751 4396 989 4453 praeses,
1013 4378 1215 4452 aliqua
1248 4378 1429 4435 subiit
1460 4380 1816 4451 poenitentia,
1847 4387 1900 4435 et
1933 4382 2180 4455 resipui-

523 4471 594 4527 sti
624 4470 703 4526 ab
734 4469 832 4525 illa
863 4468 1027 4524 rabie
1050 4474 1106 4524 et
1134 4468 1367 4524 insania
1388 4467 1416 4523 ?
1449 4469 1542 4523 Ille
1576 4476 1772 4524 autem
1809 4485 2131 4539 generosus
2164 4486 2174 4523 :

530 4559 822 4624 Nondum,
858 4557 1073 4630 inquit,
1115 4562 1179 4613 ut
1206 4557 1749 4624 video,intellexisti
1777 4575 1870 4613 res
1908 4565 2178 4632 nostras;

527 4648 632 4704 sed
662 4648 814 4704 bene
846 4646 966 4703 scio
1011 4646 1134 4702 fore
1165 4653 1225 4702 ut
1281 4646 1594 4716 intelligas,
1630 4652 1686 4702 et
1715 4664 1815 4702 eas
1864 4648 1995 4705 licet
2016 4651 2183 4706 tarde

533 4736 750 4802 discas,
778 4736 1025 4809 quando
1052 4734 1439 4805 magisfueris
1465 4735 1825 4808 periclitatus
1840 4745 2001 4793 etme
2024 4756 2182 4795 acer-

528 4826 797 4884 bioribus
840 4825 1164 4896 subjeceris
1218 4824 1539 4898 suppliciis.
1597 4828 1757 4881 Hanc
1815 4842 1934 4883 non
1992 4829 2183 4886 ferens

589 5005 705 5077 (14)
736 5004 929 5077 Solem
978 5002 1223 5077 iustitiae
1257 5004 1420 5074 (nam
1454 5008 1508 5059 et
1539 5007 1808 5077 φωσφόρος
1860 5006 2023 5077 apud
2059 5008 2181 5062 Sui-

518 5075 660 5133 dam
694 5081 785 5132 est
817 5075 953 5148 sol),
980 5075 1273 5129 Christum
1316 5075 1552 5148 nempe,
1586 5075 1793 5148 dequo
1810 5075 1965 5132 canit
1994 5078 2181 5134 Eccle-

520 5150 608 5204 sia
632 5150 688 5221 in
716 5147 1130 5221 benedictione
1154 5147 1302 5202 cerei
1333 5147 1630 5203 Paschalis
1661 5147 1734 5201 ;“‹‹
1764 5147 1879 5213 Ille,
1909 5150 2176 5221 inquam,

522 5220 767 5292 Lucifer,
795 5220 895 5292 qui
940 5220 1123 5292 nescit
1154 5234 1456 5292 occasum.
1491 5239 1518 5267 ››

594 5291 704 5416 (ιῇ)
737 5290 1002 5362 Martyris
1031 5290 1213 5346 latera
1258 5291 1553 5361 praecipue
1588 5291 1700 5345 hoc
1744 5292 2001 5346 cruciatu
2044 5291 2182 5345 affe-

594 5379 619 5416 ε
692 5362 869 5416 uisse.
908 5362 1149 5416 tradunt
1203 5364 1421 5416 Mentea
1466 5377 1688 5416 magna
1722 5378 1733 5416 :
1769 5365 1942 5416 ταθεὶς
1965 5362 2018 5414 ἐκ
2066 5382 2181 5415 τεσ-

524 5362 619 5417 cta
665 5362 869 5427 fuisse,
908 5362 1149 5417 tradunt
1203 5364 1421 5417 Meneea
1466 5377 1733 5429 magna;
1769 5362 2018 5423 ταθεὶςέκ
2066 5382 2181 5415 τεσ-

524 5435 696 5505 σάρων
798 5436 823 5505 ό
924 5436 1076 5498 θεῖος,
1163 5430 1431 5505 Εὑδόξιοςῗ
1509 5436 1751 5485 τύπτεται
1858 5437 1948 5494 τὰς
2032 5434 2181 5486 πλευ-

520 5504 612 5579 pag
653 5504 1018 5579 xgiugii‘fab;
1074 5506 1286 5579 quod__
1314 5504 1577 5579 Rader‘us
1649 5509 1849 5559 noster
1904 5506 1981 5559 ita
2014 5576 2023 5579 _
2057 5522 2177 5579 ver-

522 5575 593 5631 tit
619 5592 636 5632 :
668 5577 714 5632 S
734 5576 1069 5642 Eudoxius,
1093 5575 1369 5632 inanibus
1394 5575 1753 5647 pedibusque
1792 5576 2070 5642 extensis,
2114 5577 2177 5634 in

1895 4295 2045 4347 Num
2104 4301 2176 4360 te,
2212 4287 2253 4340 ῐ)

2284 3049 2420 3119 ἡμᾶς
2452 3048 2643 3123 ὕϐρεως
2690 3052 2745 3101 τὸ
2777 3058 2900 3120 γοῦν
2946 3049 3019 3123 ἐφ’
3076 3052 3200 3121 ἡμῖν
3252 3050 3529 3123 ἀνεξόμεθά
3564 3070 3676 3102 σου·
3727 3056 3785 3102 τό
3827 3047 3889 3103 δὲ

2282 3144 2371 3189 καὶ
2448 3138 2517 3200 εἰς
2606 3138 2795 3200 αύτούς
2852 3144 2967 3200 τοὺς
3025 3142 3170 3202 θεοὺς
3230 3146 3318 3192 καὶ
3372 3144 3456 3192 τόν
3532 3140 3891 3213 αὐτοκράτορα

2284 3226 2585 3302 ὑϐρίζοντος
2635 3227 2943 3300 ἀνέχεσθαι,
2977 3228 3105 3280 ἀλλὰ
3160 3234 3313 3281 τοῦτό
3360 3248 3420 3300 γε
3474 3228 3672 3287 ἠλίθιόν
3718 3248 3769 3281 τε
3798 3234 3889 3280 xui

2284 3317 2340 3368 ού
2389 3315 2562 3392 πόῤῥω
2615 3322 2821 3388 μανίας.
2879 3314 3003 3369 Εἶτα
3052 3318 3076 3368 ὁ
3119 3320 3339 3390 μάρτυς
3375 3318 3497 3389 Οὐχ
3546 3316 3710 3389 ὕϐρις,
3758 3318 3887 3385 εἷπε,

2283 3412 2447 3456 ταῦτα
2498 3413 2603 3466 τοῖς
2679 3407 2979 3476 ὑγιαίνουσι
3028 3410 3113 3457 τόν
3182 3406 3295 3457 νοῦν
3349 3411 3437 3458 καὶ
3484 3412 3555 3479 μὴ
3616 3410 3705 3467 τάς
3774 3412 3891 3481 φρέ-

2282 3514 2366 3554 νας
2453 3491 2777 3568 διεφθορόσι.
2856 3502 3021 3547 Τοῦτο
3077 3492 3419 3570 σφοδρότερον
3504 3498 3590 3547 τὸν
3662 3498 3891 3568 ἡγεμόνα

2285 3581 2530 3654 ἐκμαίνει’
2584 3588 2672 3635 xui
2731 3584 2919 3636 αὐτίκα
2966 3584 3156 3636 κελεύει
3203 3582 3254 3636 ἐκ
3283 3587 3549 3657 τεσσάρων
3577 3581 3892 3637 διαταθέντα

2284 3676 2369 3724 τόν
2423 3670 2647 3731 ἀθλητὴν
2720 3675 2872 3746 ἱμᾶσι
2943 3674 3169 3748 χλωροῖς
3254 3674 3510 3746 ὠμότερον
3577 3676 3887 3727 τύπτεσθαι.

2286 3756 2499 3819 Ἐπειδὴ
2553 3758 2609 3813 δὲ
2658 3768 2749 3814 καὶ
2794 3761 2952 3815 πολὺν
2992 3760 3099 3822 ἤδη
3151 3763 3445 3836 ξαινόμενος
3488 3768 3700 3838 χρόνον,
3752 3762 3894 3836 φιλο-

2288 3854 2471 3923 σοφίαν
2522 3849 2811 3923 ἀσωμάτων
2868 3851 2923 3903 ἐκ
2956 3859 3159 3925 σώματι
3194 3855 3361 3923 θνητῷ
3418 3850 3766 3917 ἐπεδείκνυτο,
3802 3858 3891 3905 καὶ

2285 3938 2738 4011 καταγελασθέντα
2785 3946 2878 3998 τὴν
2934 3948 3145 4015 πρώτην
3207 3942 3451 4016 αἰσχρῶς
3507 3942 3693 4001 ἑαυτὴν
3749 3941 3891 4014 [ιίηο

2288 4028 2493 4103 ἑαυτὸν]
2547 4031 2571 4081 6
2624 4032 2865 4104 τύραννος
2911 4026 3064 4083 εἶδεν·
3108 4033 3339 4091 ὑπανῆκε
3382 4036 3473 4105 μεν
3517 4036 3602 4085 τόν
3645 4034 3890 4107 μάρτυρα

2287 4129 2385 4171 τῶν
2412 4119 2642 4191 πληγῶν,
2681 4116 2880 4172 δίδωσι
2921 4117 2979 4172 δὲ
3018 4130 3089 4191 τῷ
3117 4117 3484 4194 δεσμωτηρίῳ.

2361 4208 2456 4262 ΙΔ’.
2507 4210 2661 4270 Τινάς
2718 4205 2799 4273 (δὲ
2854 4211 3048 4283 ἡμέρας
3110 4208 3156 4261 ἐν
3210 4210 3407 4283 φυλακῇ
3464 4208 3894 4284 διατριψάμενον)

2291 4299 2405 4370 (17)
2432 4303 2727 4372 παρίστησι
2766 4298 2917 4350 πάλιν
2966 4299 3150 4370 ἐαυτῷ,
3190 4304 3298 4364 καὶ,
3334 4304 3395 4353 Εἰ
3425 4304 3525 4353 πού
3569 4305 3626 4353 σέ
3664 4320 3765 4365 τις,
3798 4303 3890 4372 ἔφη

2292 4387 2316 4436 ὁ
2369 4388 2594 4459 ἡγεμὼν,
2647 4386 2952 4459 μεταμέλεια
3010 4390 3124 4459 ἔχει
3184 4394 3272 4441 καὶ
3330 4398 3419 4450 τῆς
3468 4393 3655 4461 μανίας
3703 4393 3896 4451 ἐκείνης

2292 4481 2379 4527 καὶ
2426 4485 2515 4537 τῆς
2562 4475 2767 4536 λύσσης
2808 4475 3087 4549 ἀνήνεγκας
3120 4494 3132 4543 ;
3167 4483 3264 4531 Kui
3319 4480 3343 4530 6
3406 4475 3676 4550 γεννάδας-
3734 4483 3895 4531 Οὔπω

2292 4572 2437 4635 γοῦν,
2472 4568 2538 4626 ὡς
2568 4566 2690 4637 όρῠ,
2726 4568 2790 4616 τὰ
2835 4567 3055 4639 ἡμέτερα
3089 4575 3338 4632 συνῆκας,
3374 4566 3501 4618 ἀλλά
3544 4573 3806 4631 συνήσεις,
3840 4564 3893 4619 εὖ

2295 4648 2398 4703 οἷδ’
2482 4655 2557 4705 ὅτι
2632 4658 2720 4705 καὶ
2797 4654 3065 4726 ὀψιμαθὴς
3113 4659 3307 4707 τούτων
3377 4660 3587 4727 γενήσει
3650 4655 3890 4729 [γενήσῃ]

2294 4738 2502 4794 ἐπειδὰν
2559 4741 2751 4794 πλείονι
2807 4748 2893 4794 καὶ
2963 4752 3021 4816 τῇ
3079 4750 3233 4816 πείρᾳ
3289 4750 3497 4818 χρήσῃ,
3563 4750 3651 4797 xui
3706 4764 3893 4817 πικρο-

2294 4836 2416 4905 τέρᾳ
2453 4830 2734 4906 περιϐάλῃς
2781 4830 3017 4904 βασάνω.
3052 4840 3242 4885 Τοῦτον
3282 4832 3469 4897 ὶκεῐνος
3520 4838 3605 4887 τόν
3653 4841 3895 4907 μυκτῆρα

2292 5009 2566 5065 lateribus
2596 5007 2935 5064 verberatur
2973 5014 3028 5065 et
3063 5009 3382 5066 laceratur.

2364 5080 2475 5206 (16)
2504 5082 2699 5135 Greece
2727 5078 3035 5151 ἀσωμάτων,
3065 5082 3398 5151 angelicam
3425 5104 3437 5137 :
3474 5082 3698 5169 Cangio
3734 5081 3894 5137 enim

2390 5196 2401 5206 .
2459 5150 2527 5206 30
2575 5151 2632 5206 in
2667 5151 3003 5206 Annendice
3048 5152 3123 5206 ad
3175 5153 3554 5206 Glossarium.
3598 5159 3893 5206 ασὼιιατοι.

2291 5150 2401 5207 col.
2459 5150 2527 5207 30
2575 5150 3003 5226 in‘Appendice
3048 5152 3123 5207 ad
3166 5150 3893 5226 >Glosisal'lllm,&d’a3p¢?0t,

2292 5222 3467 5297 suntangeli,AMetaphrastessignificare
3494 5225 3639 5291 vult,
3662 5222 3890 5297 opinor,

2290 5293 2624 5368 mirabilem
2671 5293 2850 5349 fuisse
2880 5294 3155 5366 martyris
3184 5296 3534 5368 patientiam
3567 5304 3623 5353 et
3664 5293 3897 5353 fortitu-

2290 5364 2493 5420 dinem
2526 5365 2792 5421 humana
2834 5364 3143 5436 majorem.

2363 5437 2473 5512 (t7_)
2510 5437 2695 5512 Verba
2751 5437 2919 5493 uncis
2972 5438 3201 5512 inclusa
3241 5439 3513 5512 supplevi
3562 5456 3635 5496 ex
3690 5439 3893 5498 Latina

2290 5510 2584 5577 versione,
2617 5509 2861 5565 deerant
2891 5508 3049 5565 enim
3083 5508 3142 5565 iu
3173 5508 3524 5585 apograplto
3557 5516 3779 5567 nostro.
