4154 6192
273 272 381 329 629

1358 270 1538 325 ACTA
1578 268 1681 325 ss.
1723 266 2034 333 EUDOXII,
2080 265 2373 339 ROMULI,
2415 267 2566 322 aro.

3536 271 3643 326 630

275 397 368 450 ούκ
419 395 653 467 ἐνεγκὼν,
714 394 840 447 ἀλλὰ
901 396 1207 471 θερμότερος
1282 394 1469 448 ἑαυτοῦ
1546 393 1714 463 πολλῷ
1777 396 1870 451 τήν

1990 406 2210 464 ρτωεθε
2241 390 2597 457 irrisionem,
2632 393 2739 448 sed
2774 393 2951 465 longe
2990 396 3220 459 acriore
3270 395 3526 467 percitus
3556 396 3641 453 in-

278 490 462 559 μανίαν
514 489 800 555 γενόμενος,
860 489 1105 558 σφαίραις
1158 488 1244 536 τὸν
1296 488 1502 536 τένοντα
1545 480 1873 554 μολιϐδίναις

279 574 596 634 συνθλάττει.
648 578 737 626 καὶ
768 572 1114 645 ἁναμοχλεύει
1142 576 1328 625 τούτου
1372 576 1437 625 τὰ
1486 574 1674 645 ἄρθρα,
1726 573 1751 623 6
1785 573 1871 623 θα-

276 666 435 716 νάτων
475 663 713 715 ἁπάντων
770 668 1095 737 πικρότερον.
1149 666 1453 736 Προσήγετο
1497 668 1770 736 τοιγαροῦν
1818 663 1873 711 τό

275 754 433 813 ἄηθες
467 757 613 805 τουτὶ
661 754 960 823 μηχάνημα
988 759 1059 821 τῷ
1101 750 1299 823 ἀθλητῇ
1352 756 1442 803 καὶ
1488 756 1660 803 καινόν
1713 768 1724 781 ·
1761 751 1784 802 6
1816 745 1874 802 δὲ

274 844 448 915 ὥσπερ
480 860 556 901 τις
600 839 858 902 ἀνάλωτος
906 841 1093 898 ἔστηκε
1130 844 1342 913 πύργος,
1374 836 1513 913 μηδὲ
1545 838 1728 911 βραχὺ
1760 845 1875 899 ταῖς

274 929 467 982 ἐκείνου
514 928 790 1003 προϐολαῖς
838 925 1296 1001 διασαλευόμενος.
1328 928 1387 981 Ὀ
1437 931 1640 1000 ἡγεμὼν
1680 933 1871 991 τοίνυν,

274 1019 383 1072 ἐπεὶ
412 1023 484 1091 μή
518 1022 685 1092 ἔφερεν
725 1018 962 1091 αἰσχρῶς
1012 1019 1148 1070 οὖτω
1196 1015 1290 1071 διὰ
1338 1020 1538 1070 πάντων
1566 1018 1872 1087 ἡττώμενος,

279 1110 492 1161 θάνατον
522 1108 682 1159 αὑτοῦ
710 1112 1009 1180 κατακρίνει
1044 1124 1056 1136 ·
1091 1109 1279 1179 ἠγάπα
1306 1110 1406 1182 γὰρ
1439 1107 1481 1159 εἰ
1508 1111 1597 1157 καὶ
1626 1106 1757 1157 οὕτω
1784 1113 1874 1157 τοῦ

276 1193 463 1268 ἀνδρὸς
490 1195 805 1267 ἀπαλλαγείη
819 1238 831 1249 .

349 1285 442 1339 ΙΕ’.
476 1286 681 1347 Πλῆθος
714 1280 801 1337 οὖν
851 1284 1006 1337 αὐτὸν
1053 1281 1257 1357 δημίων
1287 1284 1668 1357 παραλαϐόντες
1695 1280 1873 1340 ἐπειδὴ

277 1377 362 1426 τόν
392 1382 484 1433 τῆς
529 1379 780 1447 τιμωρίας
824 1372 1101 1426 κατέλαϐον
1151 1377 1325 1436 τόπον,
1371 1380 1552 1443 χεῖρας
1604 1373 1628 1424 ό
1676 1374 1873 1444 μάρτυς

274 1468 364 1515 καὶ
422 1467 634 1535 ὄμματα
685 1466 810 1534 πρός
857 1462 1072 1537 ούρανόν
1121 1461 1387 1533 ἀνασχὼν,
1442 1466 1675 1514 Δέσποτα
1721 1462 1877 1531 Κύριε

276 1554 301 1603 6
362 1556 511 1613 Θεὸς,
573 1549 701 1615 εἶπε,
754 1552 779 1601 6
838 1548 1252 1622 προσδεξάμενος
1306 1549 1459 1603 Ἀϐελ
1507 1554 1599 1607 τήν
1669 1551 1874 1616 θυσίαν,

277 1640 519 1713 Ἀϐρααμ
567 1639 971 1713 ὀλοκαρπὼσεες,
1025 1647 1124 1691 τῶν
1174 1639 1261 1691 ἀπ’
1314 1639 1497 1700 αἰῶνος
1549 1658 1643 1690 σου
1682 1640 1878 1709 μαρτύ-

1984 480 2176 544 sauia,
2205 478 2404 534 ferreis
2438 477 2785 554 [plumbeis]
2817 481 3012 551 globis
3043 483 3293 540 conterit
3322 483 3637 551 cervicem,

1984 574 2040 624 et
2069 570 2195 641 ejus
2231 574 2466 625 emovet
2495 568 2791 635 articulos,
2825 571 2992 643 quod
3023 572 3266 643 quidem
3303 577 3393 628 est
3440 574 3639 629 omni-

1984 657 2098 714 bus
2151 657 2452 714 mortibus
2508 658 2799 714 acerbius.
2854 659 3136 716 Adhibita
3175 666 3263 716 est
3318 676 3461 731 ergo
3512 662 3641 718 haec

1984 760 2140 801 nova
2184 750 2241 801 et
2286 744 2526 802 insolita
2570 745 2805 802 athlette
2846 748 3233 805 machinatio.
3283 748 3381 804 Ille
3440 754 3642 805 autem

1984 835 2182 891 stabat
2214 840 2499 907 tanquam
2533 836 2732 901 turris,
2757 852 2889 907 quas
2910 851 3030 893 non
3070 843 3263 908 potest
3290 837 3641 909 expugnari,

1984 937 2059 977 ne
2090 921 2382 977 tantillum
2414 922 2659 994 quidem
2682 922 3081 980 labefactatus
3113 924 3272 981 illius
3295 924 3641 981 insultibus.

1987 1014 2206 1066 Prteses
2230 1012 2432 1083 itaque
2463 1027 2602 1067 cum
2641 1028 2762 1068 non
2794 1012 2971 1069 {erret
3016 1030 3081 1069 se
3125 1018 3245 1070 tam
3282 1015 3527 1086 turpiter
3564 1012 3643 1070 ab

1986 1115 2057 1155 eo
2088 1100 2377 1171 superari,
2421 1116 2560 1156 eum
2607 1106 2793 1157 morte
2842 1102 3252 1160 condemnat:
3302 1103 3445 1160 satis
3481 1103 3643 1159 enim

1984 1188 2259 1253 ducebat,
2286 1189 2337 1243 si
2367 1189 2456 1244 vel
2489 1190 2572 1245 sic
2600 1189 2673 1245 ab
2699 1205 2770 1245 eo
2794 1188 3162 1247 liberaretur.

2060 1279 2166 1332 XV.
2201 1278 2345 1333 Cum
2387 1294 2525 1334 eum
2557 1293 2699 1347 ergo
2731 1279 3066 1350 accepisset
3112 1279 3431 1337 multitudo
3479 1280 3643 1337 licto-

1984 1382 2141 1432 rum,
2194 1371 2518 1440 postquam
2562 1372 2963 1440 pervenerunt
2990 1369 3069 1424 ad
3107 1368 3307 1425 locum
3340 1369 3639 1442 supplicii,

1986 1463 2214 1529 martyr
2239 1473 2454 1513 manus
2498 1464 2554 1514 et
2599 1458 2805 1514 oculos
2844 1458 3018 1514 simul
3048 1459 3259 1515 tollens
3294 1459 3373 1515 ad
3405 1459 3590 1515 ccelos
3627 1476 3639 1514 :

1990 1548 2235 1601 Domine
2268 1546 2439 1612 Deus,
2504 1547 2713 1619 inquit,
2765 1548 2867 1618 qui
2919 1547 3119 1603 Abelis
3187 1548 3500 1620 suscepisti
3546 1564 3644 1603 sa-

1988 1634 2303 1702 criﬁcium,
2343 1635 2598 1691 Abrahae
2641 1636 2996 1701 oblationes,
3030 1651 3234 1692 eorum
3268 1638 3372 1708 qui
3399 1637 3641 1693 fuerunt

275 1749 378 1801 ρων
425 1734 515 1781 καὶ
541 1737 817 1800 προφητῶν
866 1734 952 1780 καὶ
993 1724 1209 1780 δικαίων
1253 1731 1318 1779 τὰ
1360 1728 1577 1799 αἵματα,
1628 1731 1716 1778 καὶ
1760 1729 1876 1786 τοὺς

1990 1740 2025 1781 a
2054 1728 2292 1793 saeculo,
2326 1730 2659 1797 martyrum
2684 1731 2740 1780 et
2760 1725 3057 1795 justorum
3102 1726 3478 1795 sanguinem,
3517 1727 3644 1783 lon-

275 1822 512 1892 μακρούς
554 1822 761 1881 πόνους,
814 1822 903 1868 καὶ
951 1822 1043 1875 τήν
1076 1819 1311 1888 ὑπερφυᾶ
1354 1821 1631 1890 καρτερίαν
1676 1855 1687 1866 .
1729 1815 1881 1875 αύτὸς

277 1908 475 1979 εύμενεί
528 1911 616 1958 καὶ
663 1914 749 1957 νῦν
794 1905 1038 1976 ὀφθαλμῷ
1096 1909 1187 1962 τήν
1231 1904 1357 1976 ἐμήν
1406 1902 1489 1957 ἴδε
1536 1907 1741 1969 θυσίαν,
1792 1909 1881 1956 καὶ

274 2002 347 2068 μή
381 1992 657 2069 ύπερίδης,
691 1998 867 2065 Κύριε,
910 2002 1002 2046 τοῦ
1052 1990 1145 2046 διὰ
1177 1998 1232 2045 σε
1277 1994 1547 2065 μέλλοντος
1575 1995 1766 2068 ῥυῆναι
1796 2014 1881 2065 με·

276 2094 404 2159 κρου
449 2087 689 2157 αἵματος,
739 2085 791 2136 ἐκ
846 2086 1160 2156 θερμοτάτης
1210 2103 1294 2136 σοι
1333 2088 1683 2158 προαιρέσεως
1714 2102 1882 2135 κατα-

279 2177 531 2246 θυομένου
567 2193 579 2206 ο
619 2171 735 2225 ἰδοὺ
770 2174 871 2245 γὰρ
905 2174 971 2233 ὡς
1007 2174 1151 2246 ὁρᾷς,
1202 2176 1298 2230 τήν
1335 2171 1520 2243 ψυχήν
1570 2168 1663 2223 διὰ
1694 2175 1751 2223 σε
1780 2176 1878 2229 σήο

274 2282 428 2335 μερον
484 2262 814 2332 ἀποτίθεμαι.
864 2256 990 2313 Εἶτα
1020 2260 1171 2311 πάλιν
1221 2262 1484 2333 προσθεὶς,
1531 2259 1880 2311 Ἀπολαυέτω-

278 2370 395 2415 σαν,
443 2350 767 2422 φιλάνθρωπε
816 2354 1067 2411 Δέσποτα,
1122 2351 1238 2419 ἔφη,
1292 2358 1387 2409 τῆς
1439 2351 1580 2421 παρὰ
1625 2356 1719 2399 σοῦ
1748 2346 1882 2419 βοη-

277 2443 418 2500 θείας
448 2442 497 2491 οἰ
530 2436 601 2491 δι’
634 2438 758 2510 ἐμοῦ
788 2441 845 2490 τὸ
890 2442 979 2491 σόν
1010 2438 1287 2499 καλοῦντες
1318 2438 1466 2509 ἅγιον
1509 2439 1669 2509 ὄνομα
1702 2455 1712 2467 ·
1748 2442 1881 2508 μνή-

276 2532 435 2587 σθητι
476 2537 565 2581 τοῦ
609 2528 733 2580 λαοῦ
784 2546 900 2591 σου,
957 2529 1225 2598 μνήσθητι
1263 2534 1353 2587 τῆς
1382 2526 1727 2598 κληρονομίας
1760 2544 1874 2591 σου,

276 2619 335 2678 ἧς
394 2616 598 2675 ἐκτήσω
631 2634 643 2645 ⁸
676 2621 761 2667 καὶ
822 2621 891 2688 μή
940 2614 1166 2667 ἐπιλίποι
1222 2618 1437 2677 τούτους
1489 2618 1547 2667 τό
1594 2618 1736 2687 παρὰ
1782 2622 1876 2666 σου

268 2706 425 2771 ἔλεος,
464 2709 640 2778 Κύριε.
672 2712 850 2757 Ταῦτα
898 2702 1196 2775 διαλεχθεὶς
1229 2711 1301 2773 τῷ
1352 2711 1486 2773 Θεῷ,
1526 2707 1619 2761 τὴν
1648 2703 1875 2773 σύζυγον

268 2799 653 2867 μεταστραφεὶς
710 2793 896 2845 ἐκεῖθεν
958 2794 1055 2867 όρᾴ
1107 2810 1119 2822 ·
1174 2798 1264 2844 καὶ
1314 2793 1380 2843 ὧν
1440 2791 1712 2844 ἐνετείλατο
1742 2792 1872 2864 αύτῇ

268 2889 519 2957 πρότερον
578 2882 900 2955 ἀναμνήσας,
960 2887 1048 2933 καὶ
1111 2880 1316 2953 ἀσφαλῆ
1368 2884 1433 2933 τὰ
1486 2885 1653 2934 πιστὰ
1706 2880 1875 2933 λαϐὼν

268 2975 403 3025 ὥστε
450 2972 780 3045 καταπρᾶξαι
872 2973 1041 3024 πάντα
1097 2976 1186 3023 καὶ
1243 2975 1398 3043 πέρας
1450 2970 1628 3030 αύτοίς
1685 2970 1876 3042 ἀγαθόν

267 3060 542 3123 ἐπιθεῖναι,
598 3061 895 3113 τελευταίαν
936 3058 1136 3118 ἐντολὴν
1182 3059 1311 3131 αύτῇ
1362 3059 1671 3117 ἐπισκήπτει
1719 3062 1876 3132 τάφον
1909 3040 1949 3095 C

270 3149 414 3221 αύτῲ
459 3152 509 3201 ἐν
560 3159 631 3220 τῷ
676 3155 859 3224 χωρίῳ
913 3149 1149 3220 ’Ἄμιμνα
1186 3150 1481 3221 καλουμένῳ
1522 3148 1788 3221 ἐπιχῶσαι
1829 3148 1876 3202 ἐν

272 3243 445 3310 τούτῳ
472 3258 525 3291 τε
555 3240 715 3291 αὐτοῦ
746 3238 1053 3309 καταθάψαι
1083 3242 1140 3290 τὸ
1179 3247 1349 3310 σῶμα.

346 3328 439 3393 Ις·’.
505 3328 740 3389 Πλήθους
796 3324 882 3380 οὖν
941 3328 1093 3379 αὑτὸν
1148 3327 1241 3379 οὐκ
1298 3327 1472 3397 ὀλίγου
1519 3328 1871 3398 περιστάντος,

269 3419 369 3490 όρᾲ
424 3437 539 3469 τινα
593 3422 748 3488 μέσον
804 3418 1008 3469 ἑστῶτα
1054 3420 1261 3474 Ζήνανα
1311 3417 1404 3486 [ι.
1450 3414 1684 3487 Ζήνωνα]
1734 3415 1874 3487 φίλον

270 3511 415 3576 αύτῲ
453 3506 686 3578 μάλιστα
735 3511 824 3558 καὶ
877 3508 1075 3565 συνήθη
1124 3507 1407 3558 πενθοῦντα
1449 3509 1541 3563 τὴν
1574 3504 1765 3556 ἐκείνου
1798 3524 1874 3557 τε·

269 3597 455 3654 λευτήν
528 3601 615 3648 καὶ
673 3600 985 3667 κοπτόμενον
1039 3610 1050 3621 ⁸
1114 3599 1221 3659 καὶ,
1275 3593 1343 3646 Ὠ
1392 3593 1502 3665 φίλε
1550 3599 1744 3657 Ζήνων,
1799 3598 1871 3665 μὴ

268 3685 434 3749 κλαῖε,
472 3688 565 3756 ἔφη
606 3702 617 3713 ·
654 3689 718 3737 σὺ
764 3688 850 3755 μὲν
900 3687 1025 3757 γὰρ,
1084 3680 1225 3748 οῖδα,
1278 3686 1363 3735 τὸν
1396 3685 1638 3755 ἡμέτερον
1672 3684 1873 3755 θρηνεῖς

269 3780 551 3849 χωρισμόν
608 3789 618 3799 ⁸
678 3773 785 3824 ἀλλ’
835 3775 859 3824 6
919 3776 1069 3839 Θεὸς,
1130 3772 1169 3841 ᾧ
1226 3774 1324 3841 ἐγὼ
1382 3770 1612 3842 λατρεύω
1666 3777 1754 3823 καὶ
1807 3770 1878 3831 εἰς

266 3864 323 3914 ὃν
355 3864 601 3927 πέποιθα,
667 3862 725 3913 ού
783 3858 1065 3918 διαστήσει
1109 3859 1335 3917 ἀλλήλων
1383 3861 1542 3931 ἡμᾶς,
1590 3858 1675 3919 οὓς
1714 3861 1872 3931 θερμὴ

270 3951 433 4003 πάλαι
493 3950 654 4022 φιλία,
705 3951 847 4001 καὶὸ
878 3952 1006 4021 πρὸς
1052 3948 1206 4000 αὐτὸν
1254 3951 1379 4020 ἔρως
1426 3947 1652 4017 συνῆψεν
1702 3965 1712 3975 ·
1768 3931 1874 3999 ἀλλ’

270 4042 449 4113 ὥσπερ
512 4038 586 4101 ἐφ’
643 4039 748 4100 ἐνὸς
806 4041 1051 4109 σκάφους,
1100 4037 1234 4088 οὕτω
1271 4040 1357 4087 τὸν
1405 4035 1520 4107 βίον
1554 4035 1876 4107 συμπλεύσο-

272 4148 381 4200 μεν.
434 4132 570 4199 Πρός
618 4137 785 4179 ταῦτα
814 4129 839 4177 6
874 4132 1047 4184 Ζήνων
1095 4122 1490 4197 διαθερμανθεὶς
1522 4129 1613 4181 τήν
1652 4121 1877 4198 καρδίαν

271 4223 363 4269 καὶ
414 4216 685 4281 ἀναζέσας,
738 4218 1002 4285 ἐθάρσησε
1034 4220 1123 4267 καὶ
1154 4218 1469 4287 Χριστιανὸν
1510 4214 1654 4274 εὐθὺς
1698 4213 1877 4266 ἑαυτὸν

272 4308 375 4359 ύπό
406 4314 469 4379 τῇ
512 4309 714 4358 πάντων
756 4305 872 4375 ἅψει
920 4310 1009 4356 καὶ
1061 4304 1187 4375 ἀκοῇ
1224 4302 1519 4375 ἐμαρτύρει.
1556 4303 1637 4356 Ἐν
1683 4304 1787 4374 ὅσῳ
1821 4300 1878 4355 δὲ

1990 1828 2222 1885 gosque
2260 1812 2516 1878 labores,
2554 1819 2611 1867 et
2657 1812 3076 1869 admirabilem
3121 1813 3498 1871 tolerantiam
3533 1833 3549 1883 ;
3579 1821 3642 1872 tu

1990 1917 2229 1973 quoque
2262 1918 2425 1957 nunc
2456 1901 2727 1971 benignis
2768 1902 2954 1958 oculis
2999 1919 3201 1959 meum
3248 1903 3384 1960 vide
3414 1904 3641 1960 sacriﬁ-

1990 1990 2171 2055 cium,
2228 1996 2285 2045 et
2340 2006 2415 2045 ne
2467 1990 2783 2062 despicias,
2835 1991 3103 2057 Domine,
3158 1992 3318 2048 hunc
3377 2009 3640 2066 paucum

1991 2085 2231 2152 propter
2262 2085 2315 2135 te
2363 2079 2795 2135 effundendum
2846 2080 3226 2152 sanguinem,
3267 2082 3369 2155 qui
3416 2082 3642 2139 ferven-

1990 2169 2220 2224 tissimo
2249 2170 2452 2225 animo
2501 2168 2604 2224 tibi
2634 2170 3021 2226 sacrificatur.
3064 2169 3211 2226 Ecce
3253 2172 3435 2239 enim,
3471 2176 3535 2226 ut
3566 2172 3644 2229 vi-

1988 2257 2115 2321 des,
2162 2256 2429 2313 animam
2476 2263 2717 2328 propter
2760 2262 2815 2312 te
2857 2257 3038 2313 hodie
3100 2258 3361 2330 depono.
3421 2260 3644 2317 Deinde

1987 2362 2193 2401 rursus
2209 2346 2283 2402 ad
2286 2347 2498 2417 jiciens
2513 2363 2526 2401 z
2541 2346 3015 2418 Consequentur,
3032 2346 3246 2420 inquit,
3264 2348 3519 2419 benigne
3540 2351 3645 2406 Do-

1990 2434 2214 2501 mine,a
2246 2439 2301 2491 te
2327 2434 2635 2499 auxilium,
2656 2436 2761 2507 qui
2786 2442 3028 2507 propter
3050 2452 3143 2491 me
3177 2442 3344 2493 tuum
3368 2443 3642 2495 sanctum

1986 2538 2207 2579 nomen
2239 2524 2539 2579 invocant.
2574 2525 2865 2580 Memento
2894 2523 3261 2581 hasreditatis
3292 2530 3429 2590 tuae,
3457 2541 3643 2598 quam

1985 2612 2333 2684 acquisiisti,
2364 2615 2518 2667 etne
2549 2610 2633 2667 eis
2682 2611 2939 2681 deﬁciat,
2990 2611 3263 2681 Domine,
3326 2618 3428 2669 tua
3471 2614 3643 2670 mise-

1985 2701 2257 2756 ricordia.
2290 2702 2415 2756 Haec
2451 2716 2590 2756 cum
2637 2702 2757 2756 Deo
2801 2700 3064 2767 dixisset,
3116 2699 3278 2756 illinc
3317 2716 3643 2759 conversus

1984 2791 2145 2847 videt
2187 2790 2528 2861 conjugem,
2583 2794 2813 2845 etcum
2857 2805 2993 2861 quas
3043 2789 3096 2846 ei
3146 2789 3312 2861 prius
3354 2790 3640 2861 jusserat,

1985 2888 2323 2936 revocasset
2344 2879 2403 2934 in
2433 2878 2787 2934 memoriam
2806 2883 2861 2935 et
2884 2878 3067 2934 ﬁdem
3095 2878 3172 2935 ab
3199 2894 3270 2935 ea
3289 2880 3637 2953 accepisset,

1984 2985 2047 3024 se
2096 2969 2300 3024 omnia
2354 2973 2511 3024 recte
2578 2972 3019 3038 exsecuturam,
3064 2968 3179 3025 hoc
3240 2973 3541 3040 postremo
3590 2968 3642 3025 ei

1986 3058 2252 3125 mandat,
2287 3062 2352 3112 ut
2381 3056 2433 3113 ei
2466 3056 2692 3113 fossam
2726 3056 2913 3114 fodiat
2954 3055 3015 3112 in
3058 3056 3214 3123 loco,
3266 3057 3371 3130 qui
3403 3056 3641 3124 dicitur,

1982 3148 2265 3204 Amimna
2294 3148 2429 3219 (t8),
2462 3146 2594 3203 etin
2620 3162 2690 3202 eo
2717 3162 2938 3218 corpus
2969 3146 3100 3218 ejus
3132 3146 3401 3219 sepeliat.

2057 3322 2190 3379 XVI.
2229 3324 2373 3379 Cum
2405 3326 2607 3378 autem
2644 3337 2782 3377 eum
2811 3337 2933 3377 non
2977 3338 3160 3393 parva
3189 3321 3643 3380 circumsisteret

1986 3411 2317 3477 multitudo,
2384 3410 2531 3465 vidit
2598 3409 2928 3481 quemdam
2986 3410 3048 3466 in
3096 3410 3295 3467 medio
3367 3416 3641 3478 stantem,

1982 3502 2226 3557 nomine
2252 3503 2570 3560 Zenonem.
2599 3498 2653 3554 ei
2680 3498 2854 3555 valde
2896 3500 3158 3555 amicum
3187 3503 3245 3554 et
3291 3499 3642 3556 familiarem

1981 3590 2134 3645 illius
2166 3595 2419 3643 mortem
2454 3586 2982 3658 plangentem.Cui
3002 3588 3100 3645 ille
3128 3604 3140 3643 :
3176 3588 3218 3643 Ο
3251 3588 3435 3644 chare
3464 3592 3637 3654 Zeno,

1983 3685 2044 3734 tu
2065 3678 2332 3750 quidem,
2374 3676 2586 3747 inquit,
2629 3680 2721 3731 sat
2750 3675 2894 3741 scio,
2938 3682 3207 3732 nostram
3262 3676 3373 3732 ﬂes
3406 3692 3645 3749 separa-

1984 3768 2205 3823 tionem
2241 3782 2254 3832 ;
2287 3766 2391 3820 sed
2422 3764 2597 3830 Deus,
2630 3765 2723 3821 cui
2756 3779 2870 3834 ego
2907 3766 3103 3821 servio
3132 3770 3188 3821 et
3215 3764 3273 3821 in
3302 3780 3475 3837 quem
3504 3780 3644 3821 con-

1983 3856 2127 3920 ﬁdo,
2160 3870 2280 3910 non
2314 3870 2474 3910 nosa
2494 3853 2667 3909 nobis
2698 3853 2952 3910 invicem
2979 3854 3271 3923 sejunget,
3295 3869 3449 3927 quos
3477 3854 3644 3910 vehe-

1985 3960 2154 4001 mens
2184 3944 2443 4001 amicitia
2471 3950 2526 3999 et
2552 3943 2848 3998 ardensin
2868 3944 3067 4015 ipsum
3096 3958 3267 3998 amor
3292 3942 3641 4013 conjunxit;

1984 4034 2085 4088 sed
2128 4032 2374 4105 perinde
2404 4049 2473 4088 ac
2504 4032 2563 4087 in
2598 4047 2720 4087 una
2751 4031 2980 4104 scapha
3009 4047 3119 4087 nos
3143 4031 3325 4087 vitam
3348 4031 3643 4087 transmit-

1987 4128 2196 4179 temus.
2234 4122 2327 4177 His
2371 4125 2525 4178 Zeno
2561 4121 2742 4177 corde
2782 4136 3073 4177 accensus
3122 4127 3177 4175 et
3226 4120 3642 4176 inﬂammatus

1986 4212 2241 4283 sumpsit
2285 4211 2622 4276 audaciam,
2670 4214 2727 4266 et
2780 4210 3062 4266 continuo
3109 4210 3394 4266 omnibus
3438 4209 3639 4265 viden-

1984 4300 2144 4358 tibus
2202 4306 2256 4355 et
2303 4299 2687 4355 audientibus
2736 4314 2798 4354 se
2864 4299 3065 4354 statim
3117 4314 3250 4354 esse
3314 4304 3638 4370 martyrem

272 4396 421 4455 οὗτος
470 4398 601 4467 μετὰ
649 4393 945 4469 παρρησίας
999 4401 1150 4445 τοῦτο
1205 4391 1343 4455 ἐϐόα,
1404 4390 1739 4453 συλλαϐόντες
1788 4392 1876 4443 αύ-

1990 4388 2431 4462 [Christianum]
2456 4392 2543 4444 est
2567 4392 2946 4460 protestatus.
2975 4386 3216 4444 Interim
3256 4394 3454 4444 autem
3487 4387 3636 4444 dum

271 4487 361 4536 τόν
420 4486 469 4536 οὶ
527 4479 714 4555 δήμιοι
787 4487 920 4535 κατὰ
998 4487 1055 4534 τό
1132 4485 1575 4555 προστεταγμένον
1628 4482 1727 4532 ύπό
1786 4489 1876 4533 τοῦ

270 4575 546 4643 τυράννου,
582 4573 713 4644 ξίφει
742 4578 834 4630 τήν
866 4571 1084 4644 κεφαλὴν
1137 4572 1481 4643 ἀφαιροῦνται
1534 4585 1545 4597 ·
1605 4574 1693 4621 καὶ
1722 4572 1752 4627 ἠ
1788 4578 1874 4621 τοῦ

275 4658 533 4724 Εύδοξίου
576 4662 862 4736 πρόρρησις
911 4662 1045 4713 οὕτω
1099 4663 1241 4731 ταχύ
1294 4662 1352 4712 τό
1397 4664 1550 4732 πέρας
1604 4657 1872 4730 λαμϐάνει,

272 4757 360 4802 καὶ
419 4756 504 4803 τὸν
562 4752 704 4823 φίλον
762 4753 859 4825 όρᾲ
915 4756 1126 4809 Ζήνωνα
1198 4757 1269 4819 τῷ
1345 4752 1614 4822 μαρτυρίῳ
1679 4748 1874 4801 τελειωο

276 4841 448 4894 θέντα.

348 4927 441 4982 ΙΖ’.
497 4929 643 4980 Οὕτω
702 4929 769 4980 τὰ
811 4935 903 4988 τῆς
952 4926 1124 4999 φιλίας
1180 4927 1728 5001 πραγματευσάμενος,
1785 4930 1874 4977 καὶ

274 5020 492 5088 τοιούτῳ
546 5016 674 5069 τέλει
746 5020 832 5068 τὸν
892 5022 1104 5074 Ζήνωνα
1170 5016 1498 5068 τελειωθέντα
1560 5011 1707 5076 ἰδὼν,
1766 5012 1872 5065 ἐπεὶ

273 5112 362 5159 καὶ
400 5106 557 5158 αὐτόν
606 5110 741 5177 φωνή
795 5124 874 5166 τις
921 5106 1112 5157 ἄνωθεν
1160 5110 1248 5157 καὶ
1288 5107 1424 5156 κατὰ
1479 5100 1642 5163 πόδας
1684 5102 1868 5166 ἐκάλει,

272 5201 361 5249 καὶ
409 5199 583 5269 ὥσπερ
632 5198 747 5247 τινα
796 5200 885 5247 καὶ
938 5195 1087 5254 οὗτος
1118 5194 1345 5265 εὐωχίαν
1392 5192 1578 5265 ἀπῄτει
1608 5197 1692 5244 τόν
1723 5193 1871 5243 θάνα-

272 5304 357 5337 τον
412 5303 423 5314 ·
488 5284 621 5356 ξίφει
672 5288 763 5342 τὴν
816 5288 1076 5358 μακαρίαν
1130 5284 1288 5336 αὐτοῦ
1360 5282 1582 5355 κεφαλήν
1649 5283 1873 5353 ἅσμενος

338 5425 900 5499 (18)ΛΑγηίηιηας[υἰε
920 5424 1087 5481 locus
1115 5424 1468 5499 fuerinapurl
1490 5422 1866 5499 geographos

272 5512 390 5553 non
435 5496 684 5553 'inveni.
767 5496 981 5551 Menses
1030 5503 1256 5551 tantum
1326 5496 1548 5551 habent
1628 5497 1866 5566 ἀμνημον

273 5573 447 5643 τάφον,
466 5570 633 5644 quod
655 5568 867 5624 citatus
880 5567 1142 5624 Raderus
1157 5574 1615 5624 monumentum
1642 5566 1867 5622 humile

1986 4480 2069 4535 sic
2113 4478 2412 4533 clamabat
2475 4476 2673 4541 libere,
2734 4492 2874 4533 eum
2929 4476 3503 4549 comprehendentes
3571 4476 3642 4533 li-

1984 4574 2266 4633 ctores,ut
2291 4566 2648 4637 eisjusserat
2665 4572 2974 4639 tyrannus,
2999 4569 3177 4637 caput
3215 4564 3295 4621 illi
3341 4564 3636 4622 adimunt.

1984 4658 2186 4729 Itaque
2236 4655 2483 4711 Eudoxii
2541 4654 2849 4727 praedictio
2898 4660 3019 4711 tam
3064 4655 3178 4710 cito
3228 4653 3506 4710 effectum
3553 4658 3641 4709 est

1984 4747 2206 4809 sortita,
2235 4750 2293 4800 et
2322 4745 2451 4816 ipse
2478 4744 2743 4800 amicum
2763 4746 3064 4800 Zenonem
3090 4742 3290 4799 statim
3311 4742 3471 4800 videt
3492 4757 3637 4799 cun-

1985 4839 2351 4890 summatum
2386 4833 2696 4905 martyrio.

2058 4924 2212 4979 XVII.
2265 4922 2413 4978 Cum
2479 4923 2564 4979 sic
2627 4922 2824 4977 amico
2898 4920 3280 4993 providisset,
3338 4919 3632 4993 quoniam

1983 5030 2120 5069 eum
2182 5028 2423 5085 quoque
2514 5026 2631 5066 vox
2681 5009 2965 5083 quasdam
3034 5026 3064 5066 e
3135 5009 3380 5080 vestigio
3452 5023 3637 5065 voca-

1981 5104 2100 5170 bat,
2158 5102 2281 5169 ipse
2352 5116 2488 5156 vero
2568 5104 2857 5173 tanquam
2913 5099 3259 5155 convivium
3324 5096 3636 5169 quoddam

1982 5196 2233 5247 mortem
2290 5188 2574 5261 poscebat
2623 5188 2845 5255 ;beato
2898 5204 3010 5244 suo
3062 5188 3252 5260 capite
3291 5188 3418 5243 ensi
3470 5186 3633 5252 dato,

1984 5279 2227 5336 moritur
2279 5281 2413 5351 post
2460 5278 2723 5334 amicum
2777 5276 2904 5349 (19).
2963 5277 3101 5348 Ejus
3158 5280 3353 5334 autem
3414 5274 3634 5346 conjux

1976 5423 2416 5494 interpretatur.

2050 5491 2159 5579 (μᾷ)
2210 5494 2272 5548 In
2309 5492 2557 5579 ltlenfeis
2579 5491 2791 5579 dicitur
2819 5491 3507 5579 capitevtruAncatus'pcra‘z
3541 5497 3633 5579 τοῦ

1979 5563 2221 5637 φιλτάτου
2296 5564 2455 5616 αὐτοῦ
2523 5568 2824 5625 Ζήνωνος...
2898 5563 3283 5636 ἁποτμηθέντός
3343 5563 3478 5637 ξίφει
3539 5567 3637 5621 τήν
