4154 6192
484 276 588 335 631

1786 269 2045 326 MENSIS
2085 268 2357 327 SEPTEM
2368 269 2526 325 BER.

3742 270 3848 325 632

484 416 607 459 non
639 401 835 457 solum
866 415 1136 472 corpore,
1170 400 1273 456 sed
1322 401 1502 457 etiam
1544 398 1765 461 animo,
1791 411 1929 452 cum
1960 395 2138 451 vidis-

2261 392 2397 461 δούς,
2432 395 2814 452 ἐπαποθνήσκει
2864 403 2936 466 τῷ
2986 395 3136 468 φίλῳ.
3184 395 3241 452 Ἦ
3290 400 3463 469 μέντοι
3495 396 3757 467 όμόζυγος
3786 394 3845 447 ού

487 496 575 547 set
604 491 885 547 maritum
916 495 1156 561 propter
1181 488 1481 544 Christum
1511 486 1901 551 interfectum,
1943 499 2137 556 neque

487 596 624 636 eum
684 577 961 647 neglexit,
1018 593 1213 649 neque
1261 576 1548 633 illiberale
1602 581 1705 632 aut
1731 574 2137 630 effeminatum

487 667 712 740 aliquid
736 672 822 722 est
844 666 1038 721 locuta
1071 682 1083 721 :
1114 666 1217 720 sed
1232 664 1681 739 quamprimum
1714 678 2051 728 accurrens,
2080 662 2137 716 in

486 757 641 813 lanae
671 756 914 828 quidem
949 755 1159 811 vellere
1187 755 1437 826 suscipit
1477 754 1718 809 Athletae
1759 753 2137 822 sanguinem,

488 848 604 905 hoc
637 846 797 901 enim
837 846 888 901 ei
927 846 1242 901 mandarat
1294 846 1538 901 maritus
1569 845 1698 914 (20).
1748 844 1894 898 Cum
1940 847 2139 898 autem

490 935 821 991 sustulisset
848 950 1085 1006 corpus,
1117 934 1174 989 id
1213 934 1539 990 honoriﬁce
1570 933 1797 1006 sepelit,
1844 931 1949 987 ubi
1970 933 2143 1003 jussa

489 1023 698 1088 fuerat,
728 1038 837 1078 nec
868 1022 989 1079 alia
1016 1022 1265 1096 quidem
1297 1022 1453 1078 illius
1473 1022 1760 1077 mandata
1792 1020 2099 1093 negligens
2125 1035 2138 1084 ;

490 1128 609 1168 non
638 1112 802 1185 quod
834 1128 971 1167 eum
1010 1113 1326 1177 amisisset,
1360 1112 1463 1166 sed
1495 1110 1657 1184 quod
1703 1125 1823 1165 non
1855 1125 1975 1164 una
2004 1124 2141 1164 cum

493 1218 562 1258 eo
575 1201 944 1266 excessisset,
966 1205 1249 1272 reputans
1272 1200 1643 1256 viduitatem.

521 1364 527 1369 “
568 1380 748 1434 XVIII.
783 1378 947 1434 Unde
990 1378 1165 1434 etiam
1205 1378 1282 1434 ad
1313 1383 1632 1449 tyrannum
1675 1376 1959 1433 accersita
2007 1375 2141 1446 (2t),

495 1467 692 1524 statim
743 1483 779 1523 a
832 1466 1031 1539 seipsa
1098 1466 1412 1532 accedens,
1464 1465 1749 1521 irridebat
1794 1464 1948 1520 illius
1998 1464 2145 1518 deos

496 1562 553 1613 et
576 1556 846 1612 habebat
894 1555 1175 1620 ludibrio,
1227 1571 1302 1611 ne
1333 1556 1529 1627 ipsum
1562 1554 1806 1627 quidem
1837 1553 2144 1609 dimittens

495 1646 825 1701 immunem
854 1661 888 1699 a
917 1644 1294 1711 contumelia,
1328 1644 1429 1717 qui
1462 1659 1563 1699 eos
1604 1644 1916 1698 sustineret
1961 1641 2148 1696 hono-

495 1749 625 1790 rare
635 1773 647 1786 .

496 1821 644 1879 facis
676 1822 881 1877 volens
931 1836 967 1877 a
1011 1837 1106 1877 me
1155 1821 1405 1877 interﬁci
1447 1826 1502 1877 et
1548 1821 1792 1876 studens
1840 1819 2039 1875 venire
2070 1817 2144 1874 ad

496 1913 802 1976 maritum,
836 1914 899 1965 ut
922 1909 1170 1982 aliquod
1216 1925 1435 1965 nomen
1468 1910 1807 1982 assequaris.
1837 1908 2001 1980 apud
2037 1908 2149 1963 hos

497 2001 717 2073 impios
750 1999 1022 2056 Galilaaos
1045 2000 1157 2071 (22)
1188 2015 1203 2065 ;
1236 2014 1349 2069 ego
1388 2004 1586 2055 autem
1628 2013 2015 2069 nequaquam
2043 1995 2147 2051 tibi

496 2095 749 2145 mortem
784 2087 1053 2150 afferam,
1084 2089 1189 2143 etsi
1214 2088 1296 2143 sis
1311 2088 1495 2159 digna
1516 2087 1788 2159 pluribus
1810 2085 2103 2142 mortibus
2132 2102 2146 2151 ;

498 2193 573 2234 ne
612 2178 912 2234 existimes
952 2176 1077 2232 fore
1127 2181 1189 2231 ut
1231 2177 1291 2231 id
1322 2192 1359 2232 a
1398 2192 1493 2231 me
1532 2176 1891 2248 assequaris.
1919 2175 2020 2231 Illa
2052 2191 2154 2231 au-

499 2272 622 2322 tem
673 2282 686 2321 :
735 2267 845 2321 Cor
893 2280 1115 2331 meum,
1147 2264 1358 2337 inquit,
1420 2265 1577 2320 videt
1621 2280 1789 2319 meus
1843 2264 2147 2330 Dominus,

499 2359 557 2411 et
587 2359 844 2409 mentem
896 2353 1109 2425 accipit
1147 2359 1283 2409 ante
1309 2353 1483 2409 facta.
1519 2356 1643 2410 Non
1692 2369 1832 2425 ergo
1871 2353 2155 2408 frustrata

502 2459 637 2499 sum
669 2443 905 2500 coronis
928 2443 1091 2515 quod
1124 2447 1240 2499 ate
1276 2458 1397 2499 non
1428 2441 1640 2499 fuerim
1672 2442 1975 2498 interfecta
2003 2462 2015 2501 :
2050 2440 2155 2497 sed

500 2531 665 2605 quod
696 2535 976 2604 prompto
1001 2530 1187 2588 animi
1217 2531 1418 2588 studio
1448 2548 1545 2587 me
1579 2532 1772 2604 ipsam
1801 2530 2149 2597 sacriﬁcavi,

501 2636 603 2677 ero
632 2637 768 2677 cum
803 2620 1018 2676 marito
1044 2621 1339 2694 particeps
1370 2621 1719 2678 eorumdem
1746 2620 2150 2692 praemiorum,

502 2716 559 2768 et
614 2710 862 2783 paribus
907 2708 1070 2766 fruar
1126 2710 1729 2766 remunerationibus.
1794 2712 1960 2779 Eam,
2015 2726 2152 2766 cum

510 2799 639 2856 haec
658 2798 926 2864 dixisset,
956 2797 1187 2870 expellit
1217 2814 1247 2853 e
1278 2798 1583 2855 tribunali.

577 2890 705 2943 XIX.
736 2887 1011 2944 Nondum
1025 2892 1224 2942 autem
1247 2888 1600 2943 transierant
1629 2891 1854 2959 septem
1888 2888 2013 2943 dies
2041 2887 2153 2959 (23)

503 2992 639 3032 cum
655 2976 951 3048 gloriosus
967 2983 1192 3048 martyr
1210 2975 1509 3031 Eudoxius
1532 2976 1591 3031 in
1613 2975 1841 3031 somnis
1856 2991 2155 3048 apparens

2248 489 2302 537 τό
2333 494 2484 557 σῶμα
2508 490 2682 558 μόνον,
2715 484 2842 536 ἀλλά
2861 490 2950 536 καὶ
2979 490 3074 543 τὴν
3098 486 3285 557 ψυχὴν
3317 483 3407 538 διά
3434 488 3665 557 Χριστόν
3697 484 3845 536 ἀναι-

2248 577 2456 648 ρεθέντα
2480 578 2566 625 τόν
2597 570 2768 648 ἄνδρα
2814 575 3101 647 θεασαμένη
3145 576 3204 627 ού
3233 576 3481 649 ῥᾳθύμως
3507 571 3660 638 εἶδεν,
3694 570 3847 626 οὐδὲν

2249 663 2467 734 ἀγεννὲς,
2517 659 2641 715 ούδὶ
2681 662 2808 720 θῆλυ
2859 663 3140 735 ἐφθέγξατο
3191 682 3202 693 ·
3247 663 3373 715 ἀλλά
3422 660 3848 738 προσδραμοῦσα

2249 757 2335 810 τὴν
2394 756 2659 823 ταχίστην
2715 759 2857 823 πόκῳ
2910 756 3000 823 μὲν
3067 751 3205 825 ἐρίου
3259 757 3316 805 τὸ
3377 752 3650 810 ἀθλητικὸν
3715 753 3848 823 αἷμα

2251 838 2469 912 δέχεται
2503 858 2514 869 ·
2549 849 2701 893 τοῦτο
2729 844 2831 914 γάρ
2881 840 3231 914 ἐντεταλμένον
3279 843 3341 899 ἧν
3389 841 3519 914 αὐτῇ¹
3571 842 3716 915 παρά
3755 849 3847 893 τού

2250 926 2441 1002 ἀνδρός
2470 947 2482 959 ·
2515 929 2786 1001 ἀνελομένη
2811 926 2871 982 δε
2900 935 2988 981 καὶ
3018 934 3103 981 τὸν
3128 934 3324 1006 νεκρὸν,
3357 933 3457 989 ὅπη
3485 934 3847 1003 προστέτακτο

2250 1020 2406 1091 αὐτῇ,
2457 1019 2735 1091 φιλοτίμως
2793 1016 3005 1077 κηδεύει
3048 1039 3060 1051 ο
3095 1017 3234 1092 μηδὲ
3289 1028 3388 1072 τῶν
3441 1019 3604 1072 ἀλλων
3653 1018 3847 1072 ἐκείνου

2252 1108 2462 1159 ἐντολῶν
2489 1107 2800 1180 ἀμελήσασα
2828 1126 2840 1137 ·
2871 1108 2977 1180 ούχ
3002 1110 3083 1160 ὄτι
3112 1108 3333 1161 ἀπέλαϐε
3357 1117 3429 1178 τῷ
3461 1105 3614 1182 ἀνδρὶ
3647 1105 3845 1173 δεινὴν,

2253 1195 2358 1247 ἀλλ’
2386 1198 2465 1248 ὅτι
2490 1202 2560 1269 μὴ
2594 1202 2683 1248 καὶ
2712 1197 2843 1255 αύτὴ
2878 1196 3195 1262 συναπῆλθε,
3232 1203 3321 1255 τὴν
3362 1202 3585 1271 χηρείαν
3633 1196 3851 1269 λογισα-

2251 1289 2396 1357 μένη.

2325 1373 2427 1428 ΙΗ’.
2469 1374 2619 1427 Ὀθεν
2650 1379 2739 1427 καὶ
2782 1382 2852 1445 τῷ
2893 1377 3123 1449 τυράννῳ
3167 1374 3481 1437 αύτόκλητος
3531 1381 3853 1448 παραστᾶσα

2255 1462 2563 1535 διεχλεύαζέ
2592 1483 2643 1516 τε
2668 1467 2790 1526 τούς
2833 1464 3024 1516 ἐκείνου
3068 1466 3228 1530 θεοὺς,
3259 1470 3349 1516 καὶ
3377 1467 3577 1534 γέλωτα
3606 1463 3847 1529 ἐποιεῖτο,

2255 1548 2393 1625 μηδὲ
2446 1553 2604 1603 αὐτόν
2678 1551 2873 1627 ὕϐρεως
2956 1552 3167 1624 ἀφιεῖσα
3233 1557 3319 1605 τόν
3376 1556 3441 1605 τὰ
3506 1561 3720 1605 τοιαῦτα
3776 1572 3856 1603 τι-

2256 1647 2357 1713 μᾷν
2383 1640 2710 1713 ἀνεχόμενον.
2754 1641 2913 1693 Ἀλλά
2959 1646 3024 1693 σύ
3054 1644 3163 1714 μὲν,
3195 1643 3220 1693 6
3252 1644 3497 1715 τύραννος
3537 1645 3653 1714 ἔφη,
3684 1648 3854 1693 ταῦτα

738 1734 850 1789 Sed
920 1737 986 1788 tu
1061 1733 1329 1805 quidem,
1402 1732 1593 1805 inquit
1649 1737 1967 1804 tyrannus,
2024 1730 2146 1785 haec

2261 1736 2415 1789 ποιεῖς
2447 1728 2779 1803 ἀναιρεθῆναι
2831 1729 2951 1803 παρ’
3002 1730 3126 1802 ἐμοῦ
3167 1730 3481 1803 βουλομένη,
3531 1736 3620 1783 καὶ
3652 1732 3857 1797 φθάσαι

2256 1822 2343 1872 τόν
2396 1816 2565 1891 ἄνδρα
2623 1816 3029 1884 σπουδάζουσα,
3088 1822 3171 1871 ἵνα
3217 1823 3357 1880 τινὸς
3408 1824 3499 1872 καὶ
3550 1822 3693 1885 παρὰ
3744 1826 3856 1881 τοῖς

2258 1907 2471 1960 ἀσεϐέσι
2522 1910 2724 1968 τούτοις
2764 1908 3052 1969 Γαλιλαίοις
3092 1909 3337 1981 ὀνόματος
3388 1912 3564 1980 τύχης
3593 1928 3604 1940 ·
3641 1908 3738 1980 ἐγὼ
3795 1905 3857 1961 δε

2260 1994 2509 2069 οὐδαμῶς
2560 2016 2666 2061 σοι,
2699 2003 2871 2050 καίτοι
2901 1998 3097 2050 πολλῶν
3135 1998 3257 2071 ἀξίᾳ
3307 2000 3539 2051 θανάτων
3570 2001 3724 2070 οὔσῃ,
3768 2002 3855 2049 τὸν

2264 2089 2478 2138 θάνατον
2522 2085 2768 2158 ἐπαγάγω
2817 2102 2830 2115 ⁸
2864 2091 2935 2158 μὴ
2985 2090 3168 2140 τούτου
3199 2088 3321 2162 παρ’
3352 2086 3476 2160 ἐμοῦ
3506 2095 3687 2159 τυχεῖν
3719 2090 3853 2142 οἶου.

2259 2174 2318 2227 Ἠ
2379 2172 2457 2242 δε,
2513 2180 2617 2233 Τὴν
2669 2172 2915 2249 καρδίαν,
2972 2172 3127 2243 εἶπεν,
3180 2179 3205 2229 ό
3260 2176 3379 2249 ἐμὸς
3434 2181 3697 2238 Δεσπότης
3734 2178 3855 2249 ὁρᾷ,

2263 2269 2352 2316 καὶ
2378 2269 2471 2322 τὴν
2499 2270 2710 2336 γνώμην
2757 2260 3080 2336 ἀποδέχεται
3122 2268 3223 2337 πρὸ
3268 2274 3365 2317 τῶν
3413 2267 3574 2338 ἔργων
3605 2282 3615 2294 ·
3646 2268 3855 2331 οὔκουν,

2264 2355 2343 2405 ὅτι
2382 2358 2453 2425 μὴ
2489 2352 2755 2426 ἀνῄρημαι
2802 2357 2943 2428 παρά
2988 2361 3105 2420 σοῦ,
3147 2362 3245 2407 τῶν
3283 2356 3541 2427 στεφάνων
3572 2352 3806 2417 ἐξέπεσον
3840 2371 3853 2383 ο

2265 2442 2371 2494 ἀλλ’
2402 2444 2481 2495 ὅτι
2510 2445 2876 2517 προκατέθυσα
2914 2441 3139 2515 ἐμαυτὴν
3171 2451 3232 2516 τῇ
3267 2446 3554 2519 προθυμίᾳ,
3600 2452 3698 2495 τῶν
3725 2446 3858 2496 ἴσων

2264 2529 2492 2603 ἀμοιϐῶν
2544 2530 2929 2604 ἀπολαύσομαι.
2980 2539 3155 2585 Ταῦτα
3198 2532 3444 2585 εἰποῦσαν
3492 2530 3722 2585 ἐκϐάλλει
3765 2540 3859 2585 τοῦ

2264 2619 2525 2694 βήματος.

2336 2884 2445 2939 ΙΘ’.
2475 2884 2637 2938 Ἐπτὰ
2675 2880 2734 2937 δὲ
2761 2887 2903 2936 οὔπω
2931 2883 3196 2959 παρῆλθον
3240 2886 3432 2958 ἡμέραι
3476 2889 3565 2937 καὶ
3614 2886 3641 2936 6
3688 2883 3864 2936 καλλί-

2263 2995 2399 3035 νικος
2465 2971 2712 3036 Εύδόξιος
2771 2978 2890 3048 ὄναρ
2944 2972 3154 3034 ἐπιστὰς
3210 2982 3271 3045 τῇ
3327 2974 3541 3046 συζύγῳ
3591 2975 3863 3046 Μακάριον

504 3063 765 3136 conjugi,
804 3064 972 3135 jubet
1000 3068 1060 3118 ut
1087 3063 1277 3117 mittat
1317 3062 1394 3117 ad
1441 3063 1783 3135 praetorium
1810 3065 2149 3131 Macarium,

2263 3067 2349 3116 τόν
2382 3066 2580 3121 συνήθη
2614 3068 2704 3114 καὶ
2730 3062 2871 3134 φίλον
2915 3062 3077 3115 αὐτοῦ
3109 3062 3313 3135 πέμψαι
3359 3066 3484 3136 πρὸς
3526 3066 3584 3113 τό
3632 3067 3865 3134 πραιτώ-

505 3169 683 3208 suum
713 3152 1065 3208 familiarem
1104 3156 1161 3206 et
1193 3150 1475 3206 amicum.
1522 3154 1600 3206 Ea
1628 3157 1826 3207 autem
1880 3169 2013 3207 cum
2067 3170 2150 3209 re-

505 3243 833 3297 nuntiasset
846 3239 1096 3296 Macario
1111 3240 1414 3304 visionem,
1430 3239 1522 3294 ille
1536 3256 1719 3311 quam
1738 3240 1978 3312 primum
1995 3242 2154 3297 venit

503 3330 566 3386 in
615 3330 975 3401 praetorium,
1014 3334 1241 3384 etcum
1292 3327 1587 3399 satellites,
1641 3329 1921 3401 quisnam
1972 3338 2150 3397 esset,

505 3418 945 3487 cognovissent,
980 3432 1114 3472 eum
1149 3416 1347 3471 statim
1400 3417 1917 3488 comprehendunt
1950 3424 2005 3473 et
2042 3418 2151 3473 du-

506 3510 650 3562 cunt
679 3505 754 3562 ad
776 3504 1111 3576 praesidem.
1148 3503 1246 3559 Ille
1278 3509 1475 3560 autem
1505 3505 1704 3561 statim
1737 3522 1873 3561 eum
1906 3506 2155 3562 interro-

506 3594 688 3666 gavit,
719 3610 1001 3667 quaanam
1031 3593 1159 3664 ejus
1186 3598 1342 3649 esset
1364 3592 1589 3665 religio,
1630 3600 1687 3649 et
1733 3595 1897 3666 quod
1944 3610 2151 3665 genus.

504 3685 557 3739 Is
589 3698 765 3739 vero:
829 3684 992 3749 Sum,
1026 3681 1353 3754 respondit,
1405 3682 1769 3739 Christianus
1803 3704 1815 3742 :
1878 3684 2021 3739 deos
2048 3700 2153 3739 au-

505 3778 624 3829 tem
655 3772 923 3842 gentium
939 3771 1053 3839 ('24)
1068 3777 1122 3826 et
1139 3770 1501 3842 profundam
1519 3787 1725 3827 eorum
1742 3772 2152 3846 deceptionem

502 3861 629 3934 jam
659 3860 800 3918 olim
849 3860 1028 3916 didici
1071 3865 1472 3928 contemnere,
1514 3876 1650 3915 cum
1685 3877 1777 3916 me
1827 3862 1939 3916 hoc
1971 3862 2145 3917 admiv

506 3950 734 4007 randus
766 3950 1067 4005 docuisset
1097 3948 1418 4004 Eudoxius.
1448 3949 1591 4005 Hinc
1615 3948 1679 4005 ﬁt
1702 3955 1763 4005 ut
1795 3956 2157 4023 egoconten-

508 4040 648 4095 dam
694 4038 996 4110 meipsum
1022 4037 1355 4092 sacriﬁcare
1393 4038 1650 4093 hostiam
1699 4054 1840 4094 vero
1884 4040 2020 4105 Deo,
2055 4056 2158 4111 per

508 4128 667 4200 quod
707 4133 914 4199 potero
961 4128 1076 4183 cito
1116 4124 1195 4182 ad
1245 4124 1561 4182 dominum
1613 4143 1814 4183 meum
1850 4130 2157 4199 pervenire

509 4216 865 4274 Eudoxium.

584 4304 701 4361 XX.
737 4307 953 4359 Praeses
1005 4307 1207 4359 autem
1259 4306 1585 4375 postquam
1646 4319 1863 4359 nomen
1932 4307 2157 4363 audivit

513 4393 784 4459 Eudoxii,
819 4399 873 4448 et
899 4394 1058 4448 hunc
1090 4394 1367 4462 cognovit
1392 4407 1520 4447 esse
1570 4391 1726 4447 illius
1758 4393 2114 4465 discipulum
2141 4414 2154 4463 ;

508 4483 603 4540 ille
654 4481 996 4538 mirandum
1044 4481 1105 4536 in
1152 4481 1400 4536 modum
1442 4482 1625 4536 animi
1657 4481 1899 4546 dubius,
1933 4483 2160 4539 sciebat

510 4572 690 4636 enim,
725 4587 786 4626 se
828 4570 969 4625 nihil
1017 4569 1275 4641 amplius
1323 4568 1667 4624 effecturum
1726 4571 1782 4625 in
1836 4571 2155 4644 discipulo,

511 4677 696 4735 quam
722 4660 958 4715 fecisset
991 4659 1048 4713 in
1078 4658 1402 4727 magistro:
1439 4658 1584 4713 Huic
1632 4675 1894 4731 quoque,
1942 4662 2153 4734 inquit,

512 4749 728 4807 infelici
784 4747 1036 4806 Macario
1086 4747 1433 4802 sceleratum
1455 4752 1636 4819 caput
1690 4764 1829 4803 ense
1858 4752 2157 4821 quampri-

513 4894 674 4949 αὐτοῦ
736 4891 960 4964 κεφαλὴν
1011 4892 1142 4962 μετὰ
1210 4888 1559 4964 τῶνῂλοιπῶν
1601 4894 1695 4964 σύν
1746 4898 1816 4961 τῷ
1873 4891 2006 4963 ἁγίῳ
2067 4893 2157 4945 Εύ-

516 4964 675 5037 δοξίῳ
731 4960 895 5037 ἀγῖων
939 4960 1237 5037 μαρτύρων,
1276 4960 1351 5037 _id
1386 4967 1503 5037 _es_t_
1557 4977 1568 5015 Ζ
1619 4963 1746 5037 Una
1790 4960 1923 5037 eum
1976 4960 2157 5037 buris-

514 5033 660 5095 simo
689 5033 799 5090 sibi
847 5033 1139 5089 Zenone...
1181 5033 1285 5103 qui
1333 5033 1536 5102 gladio
1564 5034 1823 5089 occubuit
1865 5048 1995 5089 cum
2026 5035 2157 5090 reli-

556 5109 645 5164 uis
660 5105 926 5163 Eudoxii
938 5104 1107 5160 sociis
1123 5104 1575 5173 etmartyribus,
1593 5104 2159 5161 Videlicelmilitibus

556 5127 645 5164 ms
660 5127 1107 5163 EUHOJJHSUCRS
1123 5127 1575 5173 eunurzyrwus,
1596 5127 2159 5161 VluellCClullllllDtlS

516 5127 675 5249 ἵιθιι,
708 5193 860 5249 quos
906 5175 1371 5249 posteaieodem
1424 5175 1627 5231 mortis
1682 5190 1896 5249 genere
1923 5183 2159 5232 secutus

516 5257 606 5307 est
638 5246 693 5306 S.
728 5246 1032 5313 Macarius,
1068 5248 1149 5302 uti
1180 5252 1455 5301 narratur
1493 5262 1744 5303 numero
1788 5246 2014 5303 ultimo.

591 5320 702 5391 (20)
735 5320 925 5391 Potuit
956 5334 1098 5391 uxor
1128 5334 1195 5372 ex
1231 5318 1443 5391 pietate
1476 5319 1888 5391 etreverentia
1924 5318 2161 5387 sangui-

519 5387 657 5447 nem
685 5387 883 5445 mariti
912 5389 1188 5459 colligere
1208 5387 1360 5453 {sed
1384 5388 1700 5444 verisimile
1724 5404 1842 5443 non
1862 5394 1967 5458 est,
2002 5406 2157 5446 mar-

519 5469 707 5534 tyrem
737 5461 798 5534 id
832 5461 1168 5534 mandasse.

592 5533 705 5605 (2i)
737 5531 941 5589 Graeca
978 5546 1099 5588 non
1137 5530 1363 5601 dicunt,
1418 5529 1770 5586 accersitam
1796 5529 1976 5587 fuisse
2007 5546 2018 5585 :
2054 5530 2162 5588 sed

2262 3172 2371 3227 ριον
2430 3150 2757 3209 ἐπισκήπτεν.
2802 3154 2907 3212 Τῆς
2954 3148 3014 3204 δὲ
3053 3155 3117 3203 τά
3167 3158 3262 3213 τῆς
3301 3150 3466 3222 ὄψεως
3504 3159 3575 3221 τῷ
3615 3150 3865 3224 εἰρημένῳ

2265 3244 2515 3315 Μακαρίῳ
2568 3240 2983 3311 ἀπαγγειλάσης,
3030 3245 3124 3299 τὴν
3174 3245 3437 3312 ταχίστην
3485 3240 3671 3301 ἐκεῖνος
3719 3241 3866 3312 παρά

2263 3334 2321 3382 τὸ
2401 3336 2716 3402 πραιτώριον
2802 3332 3015 3402 ἔρχεται
3068 3346 3079 3358 ·
3141 3334 3232 3381 καὶ
3306 3334 3512 3400 γνόντες
3585 3332 3740 3380 αὐτὸν
3816 3329 3867 3380 οἱ

2264 3427 2360 3479 τῆς
2387 3418 2597 3483 τάξεως,
2627 3419 2775 3479 ὅστις
2800 3421 2898 3487 εἴη,
2952 3416 3290 3479 συλλαϐόντες
3337 3418 3483 3479 εύθύς
3511 3419 3705 3489 ἄγουσι
3733 3419 3867 3488 πρὸς

2265 3510 2351 3559 τὸν
2381 3510 2624 3579 ἡγεμόνα.
2684 3512 2784 3560 Καὶ
2831 3507 3023 3559 αὐτίκα
3070 3511 3162 3565 τὴν
3212 3509 3493 3581 θρησκείαν
3537 3506 3726 3567 έκεῖνος
3772 3510 3865 3557 καὶ

2265 3599 2323 3647 τὸ
2373 3600 2517 3667 γένος
2570 3598 2762 3668 ἠρώτα.
2822 3595 2880 3647 Ὀ
2940 3593 3018 3659 δὲ,
3074 3602 3389 3670 Χριστιανός
3443 3596 3569 3667 εἰμι,
3627 3601 3866 3667 Χριστοῦ

2268 3682 2470 3749 δοῦλος,
2504 3688 2634 3757 πρὸς
2678 3685 2833 3736 αὐτὸν
2880 3684 3209 3757 ἀπεκρίνατο.
3250 3685 3495 3743 Ἑλλήνων
3529 3682 3588 3736 δε
3619 3686 3743 3736 θεῶν
3773 3686 3865 3735 καὶ

2266 3784 2361 3836 τῆς
2392 3773 2609 3845 βαθείας
2651 3779 2770 3846 περὶ
2818 3774 3007 3836 αύτούς
3050 3773 3257 3836 ἀπάθης
3286 3773 3309 3847 [
3341 3775 3379 3829 ι.
3429 3772 3674 3844 ἀπάτης]
3705 3773 3869 3825 πάλαι

2265 3870 2599 3935 καταφρονεῖν
2659 3865 2959 3935 μεμάθηκα,
3035 3868 3187 3915 τοῦτό
3270 3881 3333 3934 με
3405 3871 3497 3915 τοῦ
3557 3862 3868 3933 θαυμαστοῦ

2267 3950 2519 4015 Εύδοξίου
2592 3948 2927 4014 διδάξαντος.
2982 3950 3158 4005 Ἔνθεν
3224 3971 3303 4004 τοι
3377 3957 3466 4005 καὶ
3518 3960 3587 4023 τῷ
3637 3950 3868 4021 ἀληθινῷ

2267 4049 2380 4111 Θεῷ
2432 4043 2617 4092 θυσίαν
2676 4040 2895 4112 ἐμαυτόν
2952 4042 3086 4093 θύειν
3144 4040 3437 4112 ἐπείγομαι,
3489 4037 3562 4093 δι’
3592 4041 3653 4113 ἧς
3704 4037 3867 4098 δυνή-

2270 4150 2430 4201 σομαι
2485 4135 2574 4181 καὶ
2625 4133 2710 4181 τὸν
2759 4132 2935 4202 κύριόν
2984 4148 3083 4201 μου
3143 4126 3387 4192 Εύδόξιον
3440 4134 3645 4200 ταχέως
3702 4147 3870 4181 κατα-

2264 4218 2437 4271 λαϐεῖν
2450 4263 2461 4275 .

2342 4307 2425 4364 κ’.
2462 4315 2521 4360 Ὀ
2564 4310 2771 4379 ἡγεμὼν
2824 4312 2993 4360 τοίνυν
3042 4311 3111 4369 ὡς
3156 4310 3215 4359 τό
3272 4314 3364 4359 τοῦ
3414 4304 3667 4369 Εύδοξίου
3709 4311 3869 4366 ἤκου-

2272 4417 2353 4450 σεν
2412 4402 2589 4468 ὄνομα,
2638 4402 2726 4448 καὶ
2776 4404 2955 4448 τοῦτον
3000 4396 3189 4448 ἐκείνου
3246 4399 3487 4467 μαθητὴν
3532 4400 3660 4467 ἔγνω
3693 4415 3706 4425 '
3759 4403 3870 4458 τοῖς

2269 4487 2400 4546 ὅλοις
2431 4486 2584 4547 εὐθὺς
2616 4485 2970 4556 ἐξαπορηθεὶς,
3011 4483 3131 4558 ᾔδει
3172 4488 3274 4558 γάρ
3306 4490 3370 4545 ὥς
3400 4481 3550 4538 ούδεν
3584 4486 3633 4536 έν
3664 4494 3737 4555 τῷ
3763 4506 3869 4557 μα-

2272 4578 2401 4647 θητῇ
2435 4574 2582 4626 πλέον
2629 4572 2876 4636 ἀνύσειεν,
2924 4573 2973 4625 ἐν
3012 4583 3083 4644 τῷ
3115 4570 3428 4645 διδασκάλῳ
3453 4582 3604 4626 τοῦτο
3636 4575 3815 4646 μαθών
3849 4590 3861 4603 ·

2272 4669 2371 4717 Καὶ
2419 4665 2443 4714 6
2492 4658 2850 4733 κακοδαίμων,
2902 4659 3055 4727 εἶπεν,
3107 4663 3257 4724 οὗτος
3309 4665 3573 4736 Μακάριος
3614 4662 3743 4735 ξίφει
3774 4667 3868 4721 τὴν

2268 4755 2461 4825 μιαρὰν
2508 4750 2729 4823 κεφαλὴν
2778 4754 2835 4802 τὸ
2881 4753 3047 4823 τάχος
3115 4750 3464 4825 ἀφαιρεθὴτω.
3529 4756 3627 4805 Καὶ
3678 4753 3871 4804 αὐτίκα

2268 4893 2578 4950 αύτόκλητοι
2616 4898 2958 4964 παραστᾶσα,
2993 4892 3051 4947 id
3088 4899 3193 4959 est,
3230 4893 3510 4948 ultronea
3552 4907 3613 4964 se
3638 4896 3867 4949 sistens.

2340 4964 2465 5090 S22?)
2486 4964 2848 5044 Christianos
2881 4979 2981 5035 per
3006 4970 3417 5045 contemptum
3435 5034 3446 5045 θ
3467 4963 3735 5019 Galilzeos
3766 4980 3867 5036 ap-

2340 5036 2423 5090 :la
2472 5041 2572 5090 ant
2601 5035 2838 5090 ethmcn.
2871 5051 2988 5090 auo
3039 5051 3307 5090 convrcxo
3353 5036 3491 5090 dein
3536 5050 3694 5090 saepe
3729 5052 3867 5090 usus

2270 5034 2572 5117 pellebant
2601 5035 2838 5117 ethnici,
2871 5034 3307 5117 quonc‘onvicio
3353 5034 3511 5117 dein_
3536 5050 3694 5117 saepe
3729 5034 3872 5117 usus

2270 5113 2357 5232 es:
2378 5106 2569 5187 Julian
2582 5122 2648 5159 us
2662 5105 3163 5179 apostata.Videri
3194 5112 3443 5176 possunt
3464 5105 3639 5161 Macri
3663 5107 3721 5162 in
3748 5106 3877 5162 Hie-

2270 5194 2335 5232 ro
2364 5193 2549 5232 exnco.

2270 5193 2549 5233 ronexnco.

2342 5250 2705 5322 (23_)7Mena3a
2748 5247 2973 5322 habent
3005 5264 3017 5322 _:
3046 5246 3209 5322 Ἐπτά
3254 5244 3318 5322 δὲ.
3338 5248 3542 5321 ἡμερῶν
3580 5246 3871 5322 παρελθου-

2272 5330 2394 5385 σῶν,
2424 5320 2482 5374 id
2514 5325 2618 5381 est.
2652 5325 2867 5386 septem
2895 5319 3097 5375 diebus
3128 5319 3365 5385 elapsis.

2343 5392 2453 5462 (24)
2476 5390 2725 5449 Ἑλλήνων
2749 5391 2982 5517 progrie
3005 5398 3178 5445 sonat
3198 5390 3541 5447 Graacorum
3570 5407 3584 5457 ;
3611 5388 3719 5447 sed
3750 5388 3869 5457 hic,

2346 5464 2479 5517 alibi
2499 5478 2677 5517 saepe.
2698 5462 2850 5517 signi
2899 5467 2994 5517 cat
3015 5462 3322 5517 gentilium
3349 5478 3454 5517 seu
3470 5461 3869 5517 ethnicorum.

2272 5461 2479 5519 utalibi
2499 5478 2677 5535 saepe,
2698 5461 2994 5532 signiﬁcat
3015 5462 3322 5532 gentilium
3349 5478 3454 5518 seu
3470 5461 3870 5526 ethnicorum,
