4096 6220
265 304 373 361 633

1474 305 1914 364 MARTYRIUM
1953 301 2012 359 S.
2056 301 2421 359 SOZONTIS.

3527 301 3631 356 634

267 432 313 481 οἱ
343 425 531 501 δήμιοι
568 432 632 482 τὰ
678 435 1103 504 προστεταγμένα
1152 430 1374 486 ίποίουν.
1419 432 1570 484 Οὕτω
1600 432 1866 503 Μακάριος

1979 444 2141 484 mum
2168 429 2530 499 amputetur.
2552 426 2809 482 Lictores
2828 427 3027 479 autem
3044 424 3315 494 protinus
3342 424 3628 489 fecerunt,

267 521 329 578 ὡς
380 517 584 579 ἀληθῶς
630 520 655 569 ὁ
700 522 954 591 μακάριος
999 524 1214 590 γίνεται,
1256 525 1345 572 καὶ
1389 529 1457 592 τῷ
1504 529 1601 573 τῶν
1640 524 1739 594 πρὸ
1771 520 1868 571 αὖ-

267 615 357 660 τοῡ
408 610 687 681 μαρτύρων
770 628 917 680 χορῳ
989 611 1388 661 κατατάττεται.
1468 614 1566 663 Καὶ
1636 617 1866 661 τοιοῦτον

268 698 316 748 οἱ
365 704 594 767 γενναῖοι
649 699 781 749 κατὰ
844 706 935 749 τοῦ
998 706 1172 750 κοινοῦ
1220 708 1316 760 τῆς
1367 702 1563 771 φύσεως
1620 699 1866 771 πολεμίου

268 788 495 841 ἔστησαν
540 790 809 860 τρόπαιον,
859 788 910 838 ἐν
949 788 1087 857 αὐτῷ
1142 795 1373 859 Χριστῷ,
1443 793 1625 863 [ἰατρὶη
1654 794 1742 840 καὶ
1797 796 1867 857 τῷ

268 878 507 945 παναγίῳ
558 879 648 926 καὶ
686 874 863 945 ἀγαθῷ
911 878 1184 947 Πνεύματι·
1220 881 1297 928 ὅτι
1337 876 1476 947 αὐτῷ
1502 882 1683 950 πρέπει
1715 873 1864 938 δόξα,

268 966 483 1035 κράτος,
532 969 679 1035 τιμὴ,
725 969 814 1017 καὶ
862 968 1214 1037 προσκύνησις
1262 974 1350 1018 νῦν
1393 970 1488 1019 καὶ
1524 965 1621 1029 ἀεὶ,
1673 970 1759 1017 καὶ
1802 964 1869 1025 εἰς

266 1056 386 1114 τοὺς
418 1052 607 1114 αἰῶνας
631 1062 730 1105 τῶν
756 1052 951 1105 αἰώνων
1002 1056 1190 1127 Ἀμήν.

338 1228 454 1299 (25)
487 1228 912 1355 Apographum
952 1233 1225 1285 nostrum
1256 1231 1525 1286 Grmcum
1564 1230 1731 1286 addit
1770 1245 1861 1284 se-

338 1301 545 1355 tentia:
576 1301 650 1355 Ει
669 1300 714 1355 il
743 1302 1046 1355 orum.aui
1063 1307 1200 1355 ante
1219 1301 1572 1355 ίυειιηιυαεςι
1587 1303 1856 1355 fuerant.

266 1301 545 1370 quentia:
576 1301 650 1355 Ει
669 1300 1046 1372 illorum,qui
1063 1307 1200 1357 ante
1219 1301 1405 1371 ipsum
1412 1317 1572 1370 passi
1583 1303 1856 1372 fuerant,

1976 534 2111 591 quae
2145 517 2293 588 jussi
2324 516 2575 571 fuerant.
2612 514 2822 585 Sicque
2854 513 3142 568 Macarius
3184 512 3248 567 ﬁt
3274 529 3477 569 revera
3518 516 3633 570 Ma-

1978 607 2193 672 carius,
2252 608 2413 677 quod
2460 608 2549 659 est
2580 604 2792 658 beatus
2825 602 2955 671 (25).
3002 603 3063 655 Et
3123 600 3177 654 hi
3219 602 3487 669 generosi
3519 603 3628 658 viri

1980 696 2093 751 tale
2122 701 2414 766 tropaeum
2445 697 2761 749 erexerunt
2782 690 3075 745 adversus
3104 704 3493 744 communem
3519 691 3631 746 ho-

1979 790 2127 839 stem
2154 790 2382 839 natura
2412 783 2471 837 in
2504 782 2634 852 ipso
2661 779 2890 836 Christo
2907 780 3043 845 Deo,
3072 782 3126 831 et
3158 778 3329 832 Patre
3358 779 3629 850 principii

1978 878 2235 945 experte,
2273 877 2329 927 et
2363 877 2571 927 sancto
2610 876 2665 925 et
2698 869 2858 923 bono
2890 866 3126 937 Spiritu,
3163 866 3455 937 quoniam
3490 883 3629 923 eum

1978 963 2147 1018 decet
2176 962 2363 1035 gloria
2392 966 2446 1017 et
2492 958 2781 1032 potentia,
2814 957 3007 1012 honor
3057 960 3113 1011 et
3147 955 3421 1012 adoratio
3473 971 3631 1013 nunc

1978 1058 2033 1109 et
2064 1052 2125 1108 in
2158 1050 2379 1107 saecula
2404 1050 2780 1105 saeculorum.
2814 1050 3027 1101 Amen.

1970 1234 2307 1298 martyrum
2331 1229 2511 1284 choro
2540 1226 2827 1283 inseritur
2851 1245 2866 1293 ς
2887 1241 3021 1297 quas
3039 1224 3201 1297 apud
3228 1224 3628 1295 Lipomanum

1969 1306 2027 1356 et
2056 1302 2296 1356 Surium
2326 1301 2553 1356 omissa
2584 1304 2742 1354 sunt.

1712 1612 2201 1703 ΑΘΛΗΣΙΣ

1096 1822 1228 1869 ΤΟΥ
1267 1820 1464 1869 ΔΓΙΟΥ
1505 1819 1615 1868 ΚΑΙ
1656 1817 1957 1867 ΕΝΔΟΞΟΥ
1994 1819 2339 1868 ΜΔΡΤΥΡΟΣ
2376 1820 2507 1867 ΤΟΥ
2544 1818 2826 1867 ΧΡΙΣΤΟΥ

1345 2006 2589 2187 ΣΩΖΟΝΤΟΣ

897 2320 1257 2368 ΠΑΘΟΝΤΟΣ
1300 2318 1383 2366 ΕΝ
1427 2318 1688 2367 ΚΙΛΙΚΙΑ
1737 2320 1910 2367 ΠΑΡΔ
1950 2316 2387 2367 ΜΑΞΙΜῙΑΝΟΥ
2422 2319 2556 2367 ΤΟΥ
2589 2318 2966 2367 ΔΥΣΣΕΒΟΥΣ.

1641 2666 1789 2752 MA
1805 2661 2315 2753 RTYRIUM

1128 2864 1400 2928 SANCTI
1446 2865 1540 2924 ET
1583 2861 1945 2925 GLORIOS]
1994 2862 2395 2925 MARTYRIS
2440 2861 2747 2925 CHRISTI

1615 3048 2309 3171 SOZONTIS

850 3264 985 3341 QUI
1026 3263 1317 3328 PASSUS
1359 3262 1512 3326 EST
1556 3260 1654 3324 IN
1693 3260 1995 3325 CILILIA
2036 3260 2275 3325 JUSSU
2320 3262 2548 3327 IMPII
2586 3263 3084 3327 MAXIMIANI.

664 3454 869 3515 (Latine
897 3453 1038 3518 apud
1075 3452 1291 3503 Surium
1312 3451 1381 3501 ad
1407 3451 1548 3501 diem
1582 3452 1611 3501 7
1645 3455 1774 3515 sapt.
1801 3467 1815 3510 ;
1846 3451 2022 3501 Graece
2056 3463 2121 3500 ex
2150 3451 2267 3501 cod.
2301 3450 2462 3501 Graec.
2493 3453 2659 3509 Paris.
2696 3466 2748 3502 n.
2782 3455 2922 3511 1523,
2959 3467 3079 3505 saec.
3109 3456 3223 3517 xu.)

329 3632 400 3687 A'.
479 3632 807 3703 Μαξιμιανοῦ
867 3642 956 3693 τῆς
1018 3632 1251 3693 Κιλικίας
1296 3632 1712 3701 ἡγεμονεύοντος,
1771 3632 1860 3680 καὶ
1894 3627 1938 3681 Β
2040 3627 3619 3704 Ι.ΟυωΜᾶιὶωίᾶωιςθςεϐιρνωςθεϐἰιὶοίω,εἴίωρίθ·

255 3724 330 3774 τὰ
373 3729 467 3781 τῆς
518 3719 759 3782 ἀσεϐείας
788 3720 958 3783 αὔξειν
1005 3740 1057 3774 τε
1106 3728 1195 3775 καὶ
1241 3722 1325 3775 ἐπὶ
1358 3724 1493 3792 μέγα
1522 3722 1684 3791 αἶρειν
1727 3720 1860 3769 κατὰ

253 3813 320 3863 τὸ
366 3814 589 3884 πονηρὸν
645 3819 745 3861 τῶν
791 3813 1115 3879 κρατούντων
1170 3814 1432 3883 ἐπίταγμα
1481 3806 1575 3861 διὰ
1624 3803 1860 3866 σπουδῆς

249 3902 539 3969 τιθεμένου,
572 3905 987 3971 παραγεγονότος
1033 3896 1092 3952 δε
1144 3906 1233 3952 καὶ
1285 3903 1334 3952 ἓν
1382 3900 1512 3971 αὐτῇ
1564 3904 1859 3968 Πομπειου-

248 3988 402 4041 πόλει
452 3996 543 4049 τῆς
590 3988 844 4053 Κιλικίας,
879 3993 967 4040 καὶ
1021 3993 1079 4041 τὸ
1136 3988 1239 4041 ἕκιί
1280 3996 1564 4061 τιμώμενον
1619 3993 1859 4058 χρυσοῦν

248 4079 465 4150 ἄγαλμα
498 4080 657 4150 θυσίᾳ
703 4097 756 4131 τε
794 4078 1045 4150 φιλοτίμῳ
1094 4084 1182 4130 καὶ
1232 4088 1293 4151 τῇ
1350 4079 1473 4152 illis
1525 4075 1733 4151 σπουδῇ
1785 4096 1861 4128 τι-

248 4177 470 4240 μῶντος,
527 4172 613 4220 καὶ
668 4170 861 4225 ταύτην
904 4172 993 4226 τὴν
1037 4168 1228 4221 οἰκείαν
1280 4164 1703 4239 δεισιδαιμονίαν
1722 4166 1859 4218 οίπι-

251 4255 575 4317 δεικνύοντος
604 4275 613 4284 ·
642 4262 904 4318 νεανίσκος
952 4277 1031 4319 τις
1077 4254 1315 4330 πατρίδα
1343 4260 1432 4329 μὶν
1464 4260 1600 4328 ἔχων
1646 4264 1859 4310 Λυκαο-

248 4352 385 4411 νίαν,
436 4352 525 4399 καὶ
574 4349 859 4419 Ταράσιος,
909 4351 966 4399 τὸ
1009 4347 1108 4399 ἀπὸ
1158 4351 1403 4418 γενέσεως
1451 4351 1630 4418 ὄνομα,
1677 4348 1858 4408 Σωξων

253 4432 313 4488 δε
372 4443 445 4505 τῷ
503 4437 619 4507 θείῳ
652 4434 986 4508 βαπτίσματι
1021 4438 1445 4508 μετονομασθεὶς,
1480 4441 1569 4488 καὶ
1615 4445 1685 4506 τῷ
1732 4456 1857 4509 προ-

252 4529 385 4597 τέρῳ
456 4522 562 4596 βίῳ
632 4522 1001 4575 συναποϐαλὼν
1054 4529 1144 4575 καὶ
1210 4529 1269 4575 τό
1338 4528 1515 4595 ὄνομα,
1587 4523 1858 4596 προϐάτων

254 4618 453 4684 ποιμὴν
506 4616 591 4678 ὧν,
648 4609 799 4665 οὐδὲν
847 4614 1001 4671 ἧττον
1045 4619 1135 4665 καὶ
1192 4612 1470 4687 ἀνθρώπων
1518 4612 1729 4684 ἆγίνετο.
1765 4617 1859 4677 Οἷς

256 4705 359 4775 γὰρ
408 4702 471 4752 οἷν
519 4704 654 4753 κατὰ
713 4706 1058 4773 ποιμαντικὴν
1116 4700 1486 4774 ἐπιχωριάσειε
1532 4708 1731 4771 τόποις,
1792 4707 1857 4756 εἰ·

262 4796 382 4843 στία
410 4809 463 4842 τε
505 4794 618 4852 τοὺς
662 4790 763 4843 ἐκεῖ
792 4794 984 4852 πάντας
1026 4798 1098 4861 τῷ
1140 4791 1276 4862 λόγῳ
1319 4800 1409 4852 τῆς
1454 4791 1737 4855 εὐσεϐείας,
1770 4799 1859 4846 καὶ

262 4878 474 4939 nonat);
519 4879 586 4939 εἰς
614 4884 709 4937 τὴν
752 4886 844 4931 τοῦ
889 4882 1022 4933 Θεοῦ
1064 4875 1302 4953 μάνδραν
1347 4880 1663 4939 εἰσήλαυνεν.
1701 4882 1855 4954 Ἀνὴρ

1966 3722 2150 3773 tatem
2177 3732 2396 3787 augere
2426 3725 2479 3773 et
2508 3720 2802 3785 extollere,
2831 3722 3251 3775 convenienter
3281 3720 3475 3775 edicto
3508 3720 3623 3775 im-

1966 3814 2331 3879 peratorum,
2366 3824 2588 3879 magno
2641 3809 2838 3864 studio
2904 3809 3298 3869 contenderet.
3362 3807 3620 3865 venisset

1965 3902 2166 3952 autem
2192 3898 2251 3952 in
2278 3898 2473 3969 ipsam
2514 3914 2750 3971 quoque
2786 3898 2996 3954 Ciliciae
3039 3898 3533 3969 Pompeiopolim,
3566 3902 3625 3954 et

1968 4002 2238 4051 aureum,
2252 3987 2417 4058 quod
2433 3988 2548 4042 illic
2559 3988 3283 4051 colebatur,simulacrum
3301 3986 3621 4060 splendido

1968 4075 2259 4132 sacriﬁcio
2302 4082 2358 4132 et
2385 4076 2501 4133 alio
2542 4077 2741 4133 studio
2770 4078 3109 4141 honoraret.
3163 4083 3219 4132 et
3248 4078 3331 4132 sic
3366 4082 3621 4132 ostenta-

1966 4171 2053 4222 ret
2078 4182 2250 4223 suam
2296 4166 2511 4223 falsam
2553 4166 2941 4237 religionem:
2976 4168 3226 4240 quidam
3267 4167 3619 4223 adolescens

1967 4256 2214 4326 patriam
2248 4257 2473 4313 habens
2489 4257 2947 4329 Lycaoniam,et
2976 4257 3054 4313 ab
3079 4262 3211 4312 ortu
3242 4255 3485 4329 quidem
3516 4257 3621 4311 Ta-

1968 4347 2182 4409 rasius,
2211 4346 2271 4401 in
2301 4345 2506 4401 divino
2536 4352 2733 4401 autem
2775 4346 3077 4417 baptismo
3120 4348 3308 4402 Sozon
3350 4344 3619 4402 denomi-

1968 4440 2165 4499 natus,
2225 4451 2359 4490 cum
2402 4436 2599 4507 priore
2646 4435 2765 4491 vita
2808 4436 3027 4490 amisso
3071 4451 3311 4508 quoque
3351 4437 3616 4504 nomine,

1966 4539 2103 4578 cum
2142 4530 2295 4579 esset
2349 4530 2551 4595 pastor
2596 4524 2823 4588 ovium,
2868 4523 2933 4578 fit
2997 4524 3172 4579 etiam
3233 4522 3620 4577 nihilominus

1969 4620 2175 4684 pastor
2203 4614 2539 4670 hominum.
2574 4617 2719 4670 Nam
2741 4613 2801 4669 in
2841 4612 3063 4685 quibus
3085 4612 3230 4668 locis
3268 4612 3525 4682 degebat
3561 4611 3622 4666 in

1967 4703 2259 4774 pastione,
2291 4703 2409 4758 illic
2462 4718 2674 4758 omnes
2733 4703 3067 4775 excipiebat
3122 4702 3398 4757 convivio
3454 4699 3619 4755 verbi

1969 4793 2218 4864 pietatis,
2247 4799 2302 4849 et
2332 4793 2752 4849 introducebat
2800 4794 2858 4848 in
2895 4794 2991 4848 Dei
3025 4791 3362 4848 mandram.
3391 4791 3490 4846 Hic
3534 4790 3623 4844 vir

1968 4898 2104 4937 cum
2134 4888 2287 4937 esset
2315 4882 2580 4938 moribus
2608 4883 2851 4954 quidem
2882 4882 3085 4937 hilaris
3115 4885 3169 4936 et
3189 4880 3369 4944 mitis,
3405 4880 3462 4934 in
3492 4879 3621 4948 lege

259 4967 403 5028 οὗτος
451 4967 623 5041 ἱλαρός
666 4972 756 5040 μεν
804 4972 859 5020 τὸ
904 4965 1029 5031 ἦθος
1076 4974 1165 5021 καὶ
1214 4975 1390 5041 πρᾶος,
1425 4968 1473 5021 ἓν
1521 4978 1589 5040 τῷ
1618 4976 1757 5043 νόμῳ
1798 4968 1895 5037 δὲ(

1972 4979 2165 5028 autem
2202 4972 2699 5029 Dominihaberet
2724 4972 3113 5037 voluntatem,
3156 4977 3213 5025 et
3241 4972 3299 5025 in
3328 4985 3399 5025 ea
3417 4973 3619 5025 noctes

256 5064 347 5107 τοῦ
400 5060 593 5129 κυρίου
646 5060 704 5109 τὸ
754 5058 950 5129 θέλημα
995 5061 1153 5129 ἔχων,
1200 5064 1289 5112 καὶ
1339 5058 1387 5110 ἐν
1447 5059 1587 5129 αὐτῷ
1640 5060 1857 5132 με).ετῶν

257 5145 450 5217 ἡμέρας
481 5165 535 5197 τε
561 5151 650 5198 καὶ
679 5150 877 5209 νυκτὸς,
913 5150 1077 5220 ταύτῃ
1108 5167 1192 5200 τοι
1220 5145 1360 5221 μηδὲ
1388 5156 1479 5201 τοῦ
1533 5158 1857 5224 προφητικοῡ

256 5229 489 5285 ὶκπίπτει
522 5242 887 5306 μακαρισμοῦ.

327 5321 394 5374 Β¹.
443 5325 587 5375 Κατά
633 5342 748 5375 τινα
775 5331 901 5394 γοῦν
944 5343 1067 5377 ποτε
1113 5330 1285 5397 πηγὴν
1334 5334 1405 5395 τῷ
1455 5328 1679 5387 Σώζοντι
1719 5348 1857 5400 γενο-

257 5412 406 5481 μένῳ,
442 5416 531 5463 καὶ
560 5419 622 5483 τῇ
672 5430 724 5465 τε
776 5420 918 5484 πηγῇ
973 5421 1036 5485 τῇ
1088 5433 1140 5467 τε
1185 5422 1564 5489 περιπεφυκυίᾳ
1615 5422 1703 5476 τὴν
1756 5436 1855 5475 πη-

331 5588 349 5623 ²
383 5586 533 5644 Psal.
561 5601 599 5654 ι,
630 5590 684 5643 2.

1967 5067 2023 5118 et
2052 5063 2175 5119 dies
2208 5063 2588 5118 meditaretur
2618 5062 2659 5128 ί,
2720 5077 2792 5118 ea
2832 5062 3057 5118 ratione
3115 5075 3223 5116 nec
3278 5058 3623 5131 prophetica

1968 5152 2280 5209 frustratur
2306 5151 2696 5208 beatitudine.

2040 5331 2253 5385 II.Cum
2277 5331 2476 5383 autem
2496 5328 2711 5384 fuisset
2729 5327 3053 5400 aliquando
3069 5328 3258 5383 Sozon
3274 5326 3333 5380 in
3351 5324 3623 5395 quodam

1963 5417 2989 5491 loco,quihabebatfontem,etfonte
3001 5416 3469 5489 herbaquc,quae
3482 5420 3630 5472 nata
