4096 6220
443 252 547 306 635

1758 242 2020 299 MENSIS
2054 243 2495 306 SEPTEMBEB.

3695 249 3815 305 636

443 373 757 444 eratjuxta
806 372 1053 437 fontem,
1106 386 1343 442 gregem
1386 374 1676 443 pasceret,
1728 385 1865 424 eum
1914 367 2091 424 valde

2215 376 2302 442 γὴν
2344 377 2448 446 πόᾳ
2488 379 2545 426 τό
2626 378 2855 446 ποίμνιον
2910 375 3169 437 ἑστιῶντι,
3234 376 3391 438 ὕπνος
3438 376 3577 447 αὐτῷ
3662 376 3817 446 μάλα

442 467 814 533 opportunus
871 467 926 517 et
969 462 1169 517 suavis
1224 475 1472 515 somnus
1525 458 1759 524 invasit,
1811 463 1866 513 et
1896 456 2096 513 divina

443 552 726 623 quaedam
760 550 835 605 ad
868 566 1005 605 eum
1063 549 1292 605 accedit
1318 548 1485 604 visio.
1522 547 1680 602 Visio
1717 552 1912 601 autem
1957 562 2093 601 eum

445 640 639 708 magis
665 640 995 704 confirmat,
1028 639 1156 695 etei
1186 638 1457 694 animum
1480 636 1645 693 addit
1674 635 1751 691 ad
1793 636 2093 706 pietatem.

446 728 670 784 Deinde
700 729 877 783 etiam
918 728 1139 784 revelat
1168 729 1441 797 gratiam,
1475 742 1611 798 quas
1637 725 1715 781 ad
1748 725 1946 780 locum
1974 730 2099 780 erat

443 817 702 889 desuper
742 816 1101 872 devolatura.
1156 816 1275 871 Erit
1322 815 1498 881 enim,
1548 814 1760 886 inquit,
1818 812 1913 869 hic
1951 829 2097 886 prai-

445 921 580 961 sens
628 905 793 961 locus
841 905 1043 960 multis
1093 905 1268 972 utilis,
1310 910 1365 960 et
1404 906 1565 976 apud
1607 903 1804 975 ipsum
1846 902 2096 957 salutem

444 996 764 1061 invenient,
821 1001 876 1050 et
900 995 1318 1065 gloriﬁcabunt
1354 994 1714 1050 Trinitatem.
1745 995 1891 1049 Cum
1940 991 2097 1047 illinc

445 1090 642 1141 autem
678 1086 1027 1140 surrexisset
1046 1088 1319 1156 egregius
1346 1084 1444 1139 ille
1468 1089 1690 1154 pastor,
1723 1081 1885 1137 venit
1930 1081 2100 1136 Pom-

446 1173 790 1244 peiopolim,
832 1178 888 1230 et
924 1190 1062 1229 cum
1102 1174 1162 1228 in
1211 1190 1283 1229 ea
1313 1173 1557 1245 quidem
1614 1171 1862 1227 vidisset
1889 1170 2098 1227 ﬂorere

444 1263 833 1334 impietatem,
873 1267 1243 1334 contemptas
1284 1267 1483 1317 autem
1532 1276 1660 1316 esse
1698 1276 1791 1315 res
1829 1259 2101 1315 Christia-

444 1366 682 1415 norum,
717 1357 771 1407 et
825 1367 1057 1406 summe
1084 1351 1403 1421 neglectas,
1441 1366 1562 1405 non
1617 1349 1806 1421 potuit
1859 1348 1918 1403 id
1952 1348 2100 1403 ferre

444 1438 679 1512 placide
722 1457 735 1507 ;
765 1440 867 1495 sed
910 1456 1012 1496 cor
1037 1439 1189 1495 illius
1215 1444 1455 1511 repente
1495 1438 1709 1493 invasit
1740 1438 2014 1508 impetus,
2046 1440 2102 1491 et

447 1544 585 1583 cum
625 1530 884 1585 venisset
943 1530 1017 1584 ad
1065 1529 1377 1600 templum,
1438 1528 1497 1584 in
1542 1544 1663 1599 quo
1696 1527 1890 1581 stabat
1919 1540 2103 1580 aurea

447 1622 661 1684 statua,
697 1618 1015 1692 confringit
1053 1635 1299 1674 manum
1333 1617 1456 1689 ejus
1498 1617 1799 1672 dexteram
1837 1637 1847 1679 ;
1883 1621 1937 1669 et
1962 1629 2100 1669 cum

2206 465 2441 535 εὔκαιρος
2515 462 2723 535 ἀφίκετο
2762 469 2851 516 καὶ
2898 465 3092 535 γλυκὺς
3148 471 3239 518 καὶ
3294 466 3415 537 ἅψις
3461 470 3817 538 παραγίνεται

2208 553 2456 625 θειοτέρα.
2509 552 2565 605 Ἠ
2621 550 2679 606 δὲ
2709 554 2830 624 ὄψις
2870 556 3094 628 ῥώννυσί
3147 575 3200 608 τε
3249 555 3437 627 μᾶλλον
3488 555 3645 607 αὐτόν
3676 559 3816 628 πρὸς

2207 639 2487 706 εὐσέϐειαν,
2536 647 2626 695 καὶ
2667 644 2859 714 θάρσος
2903 641 3119 702 ἐνίησιν.
3177 641 3299 696 Εἶτα
3341 649 3430 696 καὶ
3468 646 3631 717 χάριν
3674 645 3809 695 οἴνωη

2209 732 2287 782 θεν
2344 739 2671 789 καταπτῆναι
2744 740 2816 802 τῷ
2897 738 3038 804 τόπῳ
3107 733 3394 805 μέλλουσαν
3474 732 3811 785 ἱκκαλύπτει.

2205 820 2395 872 Ἔσται
2450 824 2549 893 γὰρ
2600 822 2625 873 6
2675 827 2851 893 παρὼν
2898 818 3063 887 οὗτος,
3114 825 3229 895 ἔφη,
3282 828 3433 883 τόπος
3490 822 3691 882 πολλοῖς
3741 822 3813 882 είς

2207 908 2464 980 ὠφέλειαν,
2522 914 2779 983 σωτηρίαν
2854 930 2905 963 τε
2960 912 3082 981 παρ’
3145 911 3284 981 αὐτῷ
3353 913 3655 983 εὑρήσουσι,
3713 915 3811 961 καὶ

2205 1003 2299 1056 τὴν
2342 995 2548 1065 Τριάδα
2600 997 2907 1062 δοξάζοντες
2964 1003 3187 1055 ἔσονται.
3254 1002 3478 1053 Ἐκεῖθεν
3543 1005 3717 1053 τοίνυν
3785 1001 3811 1050 6

2206 1087 2362 1149 καλός
2424 1087 2611 1149 ἐκεῖνος
2652 1093 2846 1159 ποιμὴν
2902 1088 3129 1151 ἀναστὰς
3188 1089 3258 1150 εἰς
3302 1094 3395 1147 τὴν
3448 1092 3811 1160 Πομπειούπο-

2206 1177 2283 1230 λιν
2339 1178 2452 1241 ἧκε,
2512 1182 2601 1229 καὶ
2655 1176 2905 1230 ἀνθοῦντα
2958 1182 3047 1249 μὲν
3094 1179 3229 1231 οὕτω
3281 1180 3347 1231 τά
3416 1186 3511 1240 τῆς
3565 1177 3815 1238 ἀσεϐείας

2212 1263 2336 1319 ἰδὼν
2384 1266 2432 1317 ἐν
2488 1266 2639 1338 αὐτῇ,
2690 1272 3063 1340 παρεωραμένα
3110 1265 3170 1319 δε
3216 1270 3281 1319 τὰ
3334 1274 3682 1341 Χριστιανῶν,
3719 1271 3815 1318 καὶ

2210 1353 2281 1415 εἰς
2338 1357 2566 1425 ἔσχατον
2622 1355 2960 1427 ἀμελούμενα,
3015 1356 3108 1407 οῦκ
3160 1353 3394 1415 ἠδυνήθη
3451 1360 3629 1427 πράως
3680 1358 3817 1408 ὑπε-

2209 1450 2417 1513 νεγκεῖν,
2474 1442 2579 1494 ἀλλ’
2634 1446 2765 1518 ὁρμή
2829 1464 2882 1497 τε
2934 1449 3022 1503 τὴν
3082 1444 3272 1497 ἐκείνου
3350 1442 3572 1519 καρδίαν
3658 1445 3819 1505 εὐθὺς

2211 1532 2351 1595 ὀξεῖα
2404 1530 2602 1597 εἰσέδυ,
2656 1539 2745 1585 καὶ
2801 1537 2945 1607 παρὰ
2996 1538 3082 1586 τὸν
3128 1538 3248 1586 ναὸν
3304 1537 3423 1586 ἔνθα
3477 1540 3535 1586 τό
3597 1535 3819 1605 ἄγαλμα

2213 1623 2441 1678 εἱστήκει
2495 1626 2551 1674 τό
2603 1631 2842 1694 χρυσοῦν
2893 1622 3197 1696 ἀφικόμενος
3253 1628 3338 1682 τὴν
3406 1631 3565 1697 χεῖρα
3620 1628 3818 1676 τούτου

452 1722 585 1762 eam
628 1708 1011 1774 vendidisset,
1046 1709 1334 1764 succurrit
1366 1706 1585 1768 multis.
1622 1706 1721 1778 qui
1760 1704 1873 1759 illic
1911 1707 2100 1765 erant,

2218 1706 2388 1772 δεξιὰν
2430 1710 2730 1785 ἀποθραυει,
2780 1718 2865 1765 καὶ
2910 1721 3067 1784 τιμῆς
3118 1713 3279 1770 αὐτὴν
3328 1709 3644 1783 ἀποδόμενος
3687 1713 3818 1764 πολο

447 1796 776 1867 egentibus.
808 1800 932 1852 Non
961 1798 1127 1853 latuit
1178 1798 1292 1853 hoc
1321 1797 1571 1852 aedituos
1603 1812 1616 1862 ;
1645 1794 1747 1850 sed
1796 1799 2105 1865 propterea

447 1885 613 1956 quod
662 1886 956 1941 nescirent
998 1887 1129 1958 quis
1179 1886 1428 1953 fecisset,
1484 1884 1650 1939 multi
1704 1882 1901 1938 statim
1947 1897 2107 1936 com-

449 1972 969 2043 prehendebantur
1001 1975 1218 2039 miseri,
1252 1975 1354 2045 qui
1395 1973 1542 2028 nihil
1578 1972 1692 2027 tale
1740 1972 2022 2037 fecerant,
2054 1973 2107 2024 et

447 2063 891 2118 accusabantur
919 2063 1227 2135 sacrilegii,
1252 2063 1506 2134 reputati
1544 2060 1951 2117 maleﬁcorum
1979 2075 2107 2116 om-

450 2155 617 2209 nium
673 2152 1132 2217 sceleratissimi,
1201 2156 1265 2206 ut
1292 2152 1392 2223 qui
1451 2150 1720 2205 suﬂ‘urati
1774 2156 1973 2205 essent
2011 2150 2106 2205 dei

449 2244 794 2315 imaginem.
830 2246 1012 2298 Nemo
1047 2248 1247 2298 autem
1277 2242 1360 2297 eis
1376 2258 1552 2314 Opem
1586 2240 1811 2297 ferebat
1839 2258 1854 2308 ;
1885 2241 1989 2296 sed
2004 2241 2105 2313 qui

452 2337 621 2389 erant
652 2332 816 2403 prius
862 2332 1038 2387 amici
1070 2348 1171 2386 eos
1214 2331 1642 2387 aversabantur
1677 2348 1690 2398 ;
1719 2335 1771 2385 et
1828 2331 2109 2385 custodes

452 2422 704 2477 carceris
732 2421 834 2490 (ita
863 2421 1020 2476 enim
1071 2419 1491 2475 existimabant
1521 2435 1584 2473 se
1614 2417 1730 2474 diis
1768 2434 1898 2474 esse
1930 2419 2106 2488 grati-

451 2511 754 2583 ﬁcaturos)
814 2511 1063 2580 graviter
1092 2509 1441 2581 afﬂigebant
1492 2524 1617 2576 eos,
1660 2509 1759 2579 qui
1792 2509 1949 2580 capti
1986 2507 2109 2565 fue-

449 2606 603 2657 rant.

522 2690 615 2745 Ill.
643 2689 978 2745 Generosus
1010 2694 1209 2744 autem
1244 2690 1430 2746 Sozon
1461 2688 1646 2744 libere
1680 2687 1882 2744 volens
1932 2687 2110 2758 profi-

450 2780 554 2835 teri
610 2779 914 2851 pietatem,
947 2784 1003 2834 et
1049 2794 1150 2833 eos
1190 2778 1463 2841 liberare,
1491 2777 1593 2850 qui
1638 2776 1781 2832 nihil
1841 2776 2110 2832 sciebant

450 2885 521 2925 ex
552 2869 621 2923 iis
650 2884 787 2940 quae
821 2868 973 2922 facta
1015 2867 1263 2933 fuerant,
1326 2868 1591 2939 seipsum
1622 2865 1825 2930 defert,
1859 2867 2107 2920 veniens

449 2958 527 3014 ad
558 2957 830 3021 aedituos,
860 2961 912 3010 et
934 2956 1141 3011 dicens
1173 2972 1234 3010 se
1261 2971 1397 3010 eum
1431 2971 1583 3023 esse,
1610 2954 1714 3026 qui
1745 2953 2107 3010 maleﬁcium

2215 1798 2321 1860 λοῖς
2360 1798 2545 1852 ἐκεὶθεν
2594 1809 2693 1852 τῶν
2737 1799 2918 1853 ἐνδεῶν
2996 1801 3226 1877 ἐπαρκεῖ.
3289 1802 3399 1855 Οὐκ
3456 1801 3603 1854 ἔλαθε
3658 1810 3819 1854 τοῦτο

2216 1892 2334 1948 τοὺς
2383 1894 2684 1963 νεωκόρους,
2746 1889 2851 1942 ἀλλ’
2901 1889 3084 1961 ἀγνοίᾳ
3131 1898 3221 1942 τοῦ
3276 1887 3583 1963 δράσαντος,
3636 1891 3818 1943 πολλοὶ

2217 1978 2406 2030 αὐτίκα
2460 1977 2898 2051 συνελαμϐάνοντο
2951 1980 3142 2043 ἄθλιοι,
3225 1977 3389 2051 μηδὲν
3435 1988 3637 2032 τοιοῦτο
3714 1980 3819 2052 είρο

2215 2073 2487 2139 γασμένοι,
2533 2074 2624 2121 καὶ
2672 2068 2964 2142 ἱεροσυλίας
3016 2067 3313 2141 ἀπηταῦντο
3373 2066 3527 2130 δίκας
3573 2068 3815 2121 ἀπάντων

2217 2166 2312 2208 τῶν
2358 2156 2404 2208 ἐν
2457 2166 2525 2228 τῷ
2567 2154 2910 2231 δεσμωτηρίῳ
2954 2161 3258 2232 κακούργων
3308 2164 3628 2230 μιαρώτατοι
3674 2158 3817 2229 λογιο

2222 2247 2441 2311 σθέντες,
2514 2250 2581 2307 ὡς
2661 2255 2751 2299 τοῦ
2827 2250 2940 2299 θεοῦ
3027 2247 3368 2309 σεσυληκότες
3437 2251 3494 2299 τὸ
3581 2247 3814 2318 ἄγαλμα.

2219 2332 2455 2391 Ἐϐοήθει
2506 2330 2562 2386 δὲ
2594 2331 2788 2400 οὐδεὶς,
2842 2334 2969 2386 ἀλλά
2998 2340 3087 2387 καὶ
3136 2337 3184 2387 οἱ
3226 2338 3347 2395 τέως
3386 2336 3579 2409 ἑταῖροι
3625 2335 3821 2398 αὐτοὺς

2221 2421 2616 2497 ἀπεστρέφοντο,
2672 2429 2761 2476 καὶ
2809 2426 2858 2476 οἱ
2926 2426 3009 2477 ἐπὶ
3062 2433 3161 2475 τῶν
3217 2421 3425 2497 δεσμῶν
3481 2424 3636 2485 (οὕτω
3713 2429 3818 2497 γὰρ

2220 2513 2377 2583 ᾠοντο
2427 2515 2749 2585 χαρίζεσθαι
2797 2522 2869 2583 τῷ
2926 2515 3043 2584 θεῷ)
3106 2511 3287 2585 βαρεῖς
3360 2521 3467 2573 τοῖς
3535 2513 3819 2566 ἑαλωκόσιν

2220 2603 2516 2673 ἐφεστῶτες.

2293 2689 2365 2743 Γ’.
2415 2689 2481 2742 Ὀ
2540 2709 2597 2760 γε
2648 2695 2750 2761 μὴν
2797 2697 3022 2761 γενναῖος
3075 2690 3258 2751 Σωξων
3336 2690 3819 2766 παῤῥησιάσασθαί

2218 2798 2270 2832 τε
2299 2784 2392 2837 τὴν
2433 2777 2711 2842 εὐσέϐειαν,
2746 2784 2835 2831 καὶ
2877 2777 3137 2831 ἀπολῦσαι
3186 2782 3406 2842 τούτους
3455 2780 3635 2833 ἐθέλων
3667 2777 3821 2833 οὐδεν

2222 2877 2318 2919 τῶν
2374 2872 2720 2939 γεγενημένων
2781 2864 3007 2931 εἰδότας,
3067 2869 3444 2942 προσαγγελλει
3502 2868 3685 2921 ἑαυτὸν
3744 2869 3821 2921 ἔλα

2224 2959 2323 3009 θὼν
2378 2956 2447 3017 εἰς
2496 2960 2616 3017 τοὺς
2680 2962 2958 3027 νεωκόρους
3007 2960 3077 3018 ὡς
3125 2960 3203 3014 εἴη
3257 2957 3542 3029 αὐτουργός
3588 2965 3681 3018 τῆς
3738 2958 3820 3010 ἐπὶ

449 3045 694 3102 admisit
748 3045 807 3099 in
839 3044 1184 3113 imaginem.
1219 3046 1536 3115 Postquam
1570 3050 1769 3097 autem
1796 3044 1910 3098 hoc
1940 3043 2104 3109 dixit,

2222 3050 2277 3098 τὸ
2344 3044 2555 3115 ἄγαλμα
2607 3044 2792 3104 ἐκεῖνος
2848 3043 3143 3106 ἐπιϐουλῆς.
3199 3042 3286 3106 Ὠς
3349 3042 3407 3098 δὲ
3454 3053 3606 3098 τοῦτο
3659 3042 3814 3112 εἶπεν,

449 3134 747 3190 abductus
793 3133 1059 3202 protinus
1092 3132 1200 3186 fuit
1228 3132 1302 3186 ad
1332 3132 1773 3188 Maximianum.
1806 3134 1936 3204 lpse
1967 3148 2108 3188 vero

449 3224 509 3279 in
548 3221 668 3277 alto
707 3220 919 3276 sedens
949 3220 1248 3289 tribunali,
1280 3236 1415 3276 cum
1445 3226 1585 3276 eum
1615 3227 1878 3277 curasset
1905 3220 2108 3277 sisten-

449 3312 615 3375 dum,
667 3316 724 3366 et
774 3326 910 3366 cum
960 3314 1188 3381 quanto
1245 3310 1434 3381 potuit
1494 3310 1650 3366 fastu
1708 3310 2104 3383 apparuisset,

449 3401 711 3474 primum
750 3399 996 3471 quidem
1040 3414 1281 3463 nomen,
1338 3399 1555 3455 deinde
1618 3399 1984 3471 religionem,
2053 3405 2109 3455 et

449 3496 754 3563 postremo
794 3490 1077 3560 patriam,
1112 3504 1243 3560 quae
1270 3505 1407 3544 eum
1451 3489 1697 3558 tulisset,
1729 3490 1977 3559 rogavit.
2010 3489 2107 3545 Ille

450 3584 647 3633 autem
678 3595 691 3633 :
723 3578 917 3633 Patria
940 3577 1189 3649 quidem
1222 3578 1367 3633 mihi
1395 3583 1486 3634 est
1511 3579 1822 3649 Lycaonia,
1851 3594 1922 3634 ea
1947 3579 2107 3635 enim

448 3684 543 3724 me
574 3668 699 3723 tulit
732 3684 746 3735 ;
792 3672 1064 3738 parentes
1097 3682 1236 3722 vero
1267 3666 1345 3722 ab
1383 3672 1515 3722 ortu
1559 3666 1708 3723 mihi
1737 3683 1957 3723 nomen
1997 3668 2107 3724 im-

447 3762 794 3830 posuerunt,
854 3757 1128 3813 Tarasius
1162 3773 1175 3823 ;
1223 3756 1537 3813 Sozontem
1565 3762 1762 3813 autem
1812 3756 1873 3812 in
1904 3757 2109 3813 divino

448 3862 542 3903 me
574 3852 865 3902 vocarunt
908 3846 1289 3917 baptismate.
1328 3847 1470 3902 Sum
1531 3847 1690 3902 enim
1720 3846 2107 3915 Christianus,

452 3936 747 3993 Christum
782 3934 974 3991 solum
997 3952 1201 3991 verum
1231 3935 1416 3991 Deum
1450 3936 1730 4000 adorans,
1755 3936 1858 4006 qui
1890 3936 2111 3992 creavit

455 4026 671 4083 caelum
696 4032 1003 4081 etterram.
1031 4026 1357 4098 Cujusnam
1389 4032 1587 4081 autem
1616 4026 1696 4081 rei
1731 4043 1896 4091 usus,
1922 4027 2111 4098 inquit

447 4116 860 4183 Maximianus,
914 4121 969 4171 te
1025 4116 1141 4171 huc
1192 4115 1440 4171 adduxit
1486 4114 1515 4169 ?
1562 4116 1848 4185 Praesum,
1898 4115 2108 4187 inquit,

452 4208 660 4273 Sozon,
693 4204 860 4274 gregi
895 4205 1098 4260 ovium
1130 4221 1143 4260 :
1171 4209 1229 4260 et
1257 4220 1392 4276 qua:
1426 4203 1571 4259 mihi
1605 4204 1737 4259 loca
1778 4202 2011 4265 ﬂorida.
2056 4210 2111 4259 et

452 4310 611 4368 aqua
637 4293 1032 4358 abundantia,
1065 4299 1121 4349 et
1169 4294 1245 4350 ad
1276 4294 1647 4365 pascendum
1681 4292 1933 4348 herbida
1968 4293 2109 4348 anni

450 4389 721 4455 tempora
764 4384 1174 4447 ostenderunt,
1209 4383 1286 4438 ad
1345 4398 1415 4437 ea
1476 4396 1591 4450 ago
1644 4396 1803 4436 oves.
1842 4381 2060 4437 Deinde
2092 4397 2105 4435 :
2143 4421 2189 4476 D

450 4471 765 4538 Quomodo
819 4479 1038 4540 autem,
1098 4472 1286 4543 inquit
1328 4471 1740 4536 Maximianus,
1774 4486 1844 4526 eo
1876 4486 2108 4542 proces-

451 4561 577 4618 sisti
604 4561 894 4627 audaciae,
927 4566 989 4618 ut
1012 4560 1102 4617 dei
1126 4562 1428 4617 dexteram
1458 4559 1772 4615 abstuleris
1795 4560 1823 4615 ‘l

525 4652 616 4705 lV.
650 4650 956 4723 Excipiens
996 4667 1135 4706 vero
1181 4652 1368 4707 Sozon
1404 4666 1415 4704 :
1460 4650 1629 4714 Quod
1691 4665 1809 4706 non
1860 4649 2106 4705 audacis

450 4740 688 4813 quidem
723 4741 896 4811 empti
925 4740 1014 4809 sit,
1069 4740 1228 4812 quod
1260 4738 1484 4794 factum
1514 4743 1620 4804 est,
1657 4753 1852 4811 neque
1878 4737 1933 4793 id
1968 4754 2104 4810 pec—

452 4835 584 4886 cato
605 4829 818 4885 debeat
836 4828 1133 4899 imputari,
1158 4832 1294 4883 tuus
1313 4842 1575 4899 quoque,
1600 4831 1661 4882 ut
1688 4826 1831 4882 mihi
1859 4826 2103 4898 quidem

451 4920 701 4985 videtur,
734 4918 885 4974 deus
938 4923 1205 4973 testatur.
1240 4919 1437 4988 Neque
1460 4916 1610 4971 enim
1650 4931 1805 4986 aegre
1837 4915 1967 4981 fert,
2002 4930 2105 4970 nec

454 5014 739 5081 tanquam
769 5007 986 5078 injuria
1012 5005 1281 5071 affectus,
1306 5021 1519 5076 aspere
1548 5005 1879 5079 quidquam
1908 5003 2107 5076 loqui-

454 5105 567 5155 tur.
610 5098 776 5163 Quod
806 5098 853 5150 si
882 5113 989 5151 vox
1021 5112 1259 5169 quoque
1291 5096 1341 5151 ei
1368 5095 1572 5167 aliqua
1599 5096 1850 5161 adesset,
1874 5096 2107 5152 videtur

455 5188 601 5244 mihi
630 5186 823 5256 potius
854 5202 960 5240 vos
993 5201 1121 5239 esse
1152 5191 1560 5249 accusaturus,
1602 5190 1658 5240 et
1683 5190 1886 5257 aperte
1915 5201 2106 5257 repre-

453 5277 768 5339 hensurus,
792 5274 955 5346 quod
981 5273 1180 5331 relicto
1211 5276 1481 5329 omnium
1512 5274 1754 5346 Opiﬁce,
1774 5274 2105 5330 inanimam

456 5362 793 5435 suspiciatis
834 5362 1163 5427 materiam,
1197 5369 1254 5419 et
1282 5379 1416 5419 eam
1449 5363 1625 5419 deum
1656 5380 1783 5418 esse
1814 5364 2105 5419 existime-

456 5454 548 5523 tis,
589 5467 695 5508 vos
737 5453 794 5507 in
828 5452 1267 5508 benefactorem
1310 5452 1692 5508 ostendentes
1746 5453 2010 5521 ingratos
2055 5459 2109 5508 et

457 5544 862 5601 immemores.
898 5542 1008 5598 Sed
1059 5542 1107 5597 si
1140 5543 1247 5605 vis,
1294 5541 1487 5615 inquit
1516 5557 1756 5615 praeses,
1780 5557 1902 5597 non
1930 5541 2107 5597 solum

2220 3134 2447 3206 ἀπήγετο
2496 3135 2644 3195 εὐθὺς
2690 3137 2821 3207 πρὸς
2862 3136 2947 3185 τόν
2988 3133 3336 3206 Μαξιμιανόν.
3387 3138 3482 3187 Καὶ
3531 3135 3691 3197 αὐτὸς
3744 3134 3817 3207 ἐφ’

2218 3223 2422 3295 ὑψηλοῦ
2471 3223 2700 3294 μάλιστα
2742 3230 2832 3275 τοῦ
2890 3221 3129 3295 βήματος
3168 3225 3517 3295 προκαθίσας,
3561 3224 3717 3276 αὑτὸν
3771 3242 3819 3275 τε

2217 3315 2682 3387 παραστησάμενος
2766 3317 2856 3363 καὶ
2913 3314 2979 3373 ως
3037 3313 3142 3363 οἶόν
3204 3331 3257 3364 τε
3318 3311 3542 3385 σοϐαρὸς
3621 3312 3815 3384 ὀφθεὶς,

2216 3411 2396 3477 πρῶτα
2426 3405 2513 3472 μὲν
2564 3405 2657 3458 τὴν
2705 3400 2907 3462 κλῆσιν,
2945 3397 3055 3452 εἶτα
3098 3404 3155 3453 τό
3196 3400 3371 3465 σέϐας,
3402 3404 3578 3454 ἔπειτα
3607 3407 3696 3453 καὶ
3724 3405 3818 3458 τήν

2217 3495 2551 3563 ἓνεγκαμένην
2612 3490 2942 3544 ἐπυνθάνετο.
3013 3489 3068 3542 Ὀ
3125 3486 3203 3553 δὲ,
3271 3494 3340 3542 Τὸ
3398 3494 3487 3561 μεν
3545 3498 3641 3553 τῆς
3689 3494 3820 3561 γενέ-

2219 3601 2367 3645 σεως,
2421 3583 2536 3651 ἔφη,
2595 3582 2855 3654 Ταράσιον
2910 3581 2958 3631 οἱ
3031 3585 3261 3640 τεκόντες
3321 3580 3522 3644 ἔθεσαν,
3583 3580 3820 3641 Σωξοντα

2218 3667 2278 3722 δέ
2325 3689 2387 3741 με
2432 3677 2501 3727 τῶ
2556 3670 2670 3738 θείῳ
2719 3665 3056 3739 βαπτίσματι
3103 3674 3497 3739 μετωνόμασαν,
3554 3674 3820 3720 Λυκαονία

2219 3757 2278 3812 δέ
2329 3778 2419 3830 μοι
2466 3763 2676 3821 πατρὶς,
2727 3757 2858 3815 αὕτη
2904 3758 3002 3830 γάρ
3035 3775 3097 3827 με
3138 3762 3229 3808 καὶ
3270 3761 3466 3828 ἤνεγκε·
3506 3763 3821 3831 Χριστιανός

2219 3845 2279 3901 δέ
2326 3848 2450 3919 εἰμι,
2502 3850 2728 3921 Χριστὸν
2782 3851 2933 3917 μόνον
2977 3850 3064 3897 τόν
3121 3844 3287 3904 ἀληθῆ
3330 3850 3451 3899 Θεὸν
3490 3856 3814 3921 προσκυνῶν,

2219 3938 2271 3998 ὃς
2301 3938 2475 3988 ἔκτισε
2500 3940 2584 3988 τὸν
2615 3936 2829 4007 οὐρανόν
2860 3940 2949 3986 καὶ
2990 3940 3083 3993 τὴν
3115 3943 3234 4004 γῆν.
3284 3940 3373 3997 Τίς
3406 3932 3465 3988 δὲ
3493 3937 3596 4010 ἄρα
3636 3942 3815 4009 χρεία,

2220 4026 2538 4095 Μαξιμιανός
2586 4028 2699 4097 ἔφη,
2749 4023 2965 4077 ἐνταῦθα
3025 4043 3082 4077 σε
3130 4024 3296 4095 ἣγαγε
3332 4029 3616 4095 ;Ποίμνης,
3664 4032 3813 4097 φησὶ,

2222 4115 2507 4189 προϐάτων,
2542 4117 2567 4166 6
2607 4115 2807 4175 Σώζων,
2838 4116 3183 4188 προίσταμαι,
3229 4118 3319 4165 καὶ
3356 4114 3485 4186 οἷπερ
3516 4116 3575 4165 ἄν
3630 4114 3812 4174 εὐανθῆ

2217 4214 2317 4257 τῶν
2347 4210 2576 4277 χωρίων,
2608 4210 2693 4255 καὶ
2722 4201 2932 4276 ἔνυδρα,
2979 4208 3068 4255 καὶ
3109 4203 3324 4274 χλοερόν
3374 4202 3443 4265 εἰς
3492 4208 3654 4274 νομήν
3703 4204 3820 4256 θάλ-

2218 4295 2370 4348 λοντα
2402 4292 2645 4356 δείξωσιν
2694 4295 2749 4345 αἱ
2779 4293 2930 4367 ὧραι,
2984 4292 3147 4345 ἐκεῖσε
3198 4288 3265 4348 δὴ
3321 4296 3411 4343 καὶ
3464 4296 3529 4343 τὰ
3581 4291 3818 4364 πρόϐατα

2219 4383 2513 4436 εἰσελαύνω.
2573 4379 2718 4446 Εἶτα,
2780 4386 2879 4433 Καὶ
2935 4388 3045 4443 πῶς
3110 4382 3232 4454 ἄρα,
3289 4385 3419 4452 φησὶ
3472 4381 3813 4451 Μαξιμιανός,

2217 4471 2288 4531 εἰς
2327 4480 2478 4523 τοῦτο
2528 4471 2717 4543 τόλμης
2748 4470 3039 4535 εὶλὴλυθας,
3090 4471 3159 4531 ὡς
3207 4474 3297 4521 καὶ
3352 4474 3446 4527 τὴν
3495 4466 3671 4532 δεξιὰν
3725 4470 3817 4543 ἀφ-

2217 4560 2343 4613 ελεῖν
2375 4569 2465 4613 τοῦ
2498 4562 2633 4613 θεοῦ.

2288 4649 2358 4703 Δ’.
2402 4648 2693 4702 ’Υπολαϐων
2745 4652 2916 4700 τοίνυν
2967 4649 2993 4699 6
3034 4647 3235 4708 Σώζων·
3277 4646 3398 4699 Ὀτι
3452 4651 3541 4719 μὲν
3580 4648 3672 4699 οὐκ
3704 4651 3816 4701 ἔστι

2214 4739 2409 4811 τόλμης
2446 4742 2504 4790 τό
2555 4740 2907 4810 γεγενημένον,
2970 4740 3082 4809 ἔφη,
3145 4733 3265 4789 οὐδ’
3319 4740 3369 4789 ἐν
3444 4737 3816 4811 ἁμαρτήματος

2213 4828 2348 4900 λόγῳ
2404 4830 2540 4881 θεῖτο
2590 4828 2651 4879 οἶν
2709 4846 2783 4886 τις
2844 4826 2988 4893 αὐτὸ,
3030 4831 3118 4878 καὶ
3170 4827 3194 4877 6
3247 4828 3358 4893 σὸς,
3421 4829 3593 4898 ἔμοιγε
3650 4823 3810 4890 δοκεῖ,

2217 4919 2329 4978 θεὸς
2385 4924 2656 4991 μαρτυρεῖ.
2719 4919 2851 4968 Οὔτε
2906 4918 3008 4989 γάρ
3066 4921 3275 4987 νεμεσᾷ,
3346 4916 3457 4967 οὔθ’
3524 4918 3587 4976 ὡς
3666 4935 3812 4988 περι-

2215 5005 2524 5081 υϐρισμένος
2578 5002 2744 5058 δεινὸν
2799 5004 2927 5065 ὅλως
2975 5007 3249 5076 φθέγγεται
3331 5004 3373 5056 εἰ
3426 5000 3485 5056 δέ
3527 5024 3660 5064 τινος
3715 5006 3815 5079 ἄρα

2215 5101 2303 5148 καὶ
2358 5104 2527 5168 φωνῆς
2588 5094 2907 5168 εὐπορήσειε,
2969 5090 3113 5146 δοκεῖ
3171 5113 3262 5165 μοι
3320 5092 3509 5165 μᾶλλον
3565 5095 3627 5146 ἄν
3696 5095 3814 5165 ὑμῖν

2217 5186 2368 5246 αὐτός
2424 5184 2701 5255 ἐγκαλέσαι
2758 5189 2846 5235 καὶ
2900 5192 3125 5257 φανερῶς
3190 5182 3524 5255 μέμψασθαι,
3584 5183 3661 5234 ὅτι
3732 5186 3813 5234 τὸν

2773 5273 2897 5326 ὅλων
2983 5271 3188 5344 ἀφέντες
3260 5276 3391 5345 πρὸς
3450 5275 3544 5330 τὴν
3606 5271 3814 5343 ἄψυχον

2218 5362 2342 5421 ὕλην
2393 5362 2669 5429 ἐπτόησθε,
2701 5367 2788 5414 καὶ
2840 5364 3033 5421 ταύτην
3082 5364 3296 5432 ἡγεῖσθε
3349 5363 3479 5426 θεὸν,
3531 5359 3816 5433 ἀχάριστοι

2218 5278 2543 5346 Δημιουργὸν
2599 5282 2696 5325 τῶν

2221 5449 2429 5510 δηλαδὴ
2484 5459 2573 5504 καὶ
2643 5451 2928 5523 ἀγνώμονες
2982 5455 3098 5523 περὶ
3150 5454 3235 5502 τὸν
3305 5450 3575 5523 εὐεργέτην
3629 5448 3815 5523 ἀναφα-

2219 5546 2400 5603 νέντες·
2451 5540 2588 5593 Ἀλλ’
2638 5544 2741 5613 εἴγε
2784 5539 2981 5614 βούλει,
3029 5545 3189 5612 φησὶν
3238 5541 3263 5592 ό
3313 5541 3541 5612 ἡγεμὼν,
3581 5544 3654 5612 μὴ
3695 5559 3815 5612 συγ·
