4096 6220
281 291 388 347 637

275 422 488 489 γνώμης
546 421 697 488 μόνον
772 425 973 489 τυχεῖν,
1048 415 1174 468 ἀλλά
1246 434 1386 477 τινος
1453 413 1738 477 ἀξιωθῆναι
1786 417 1875 465 καὶ
1910 412 1954 465 Α

278 504 525 577 ἀμοιϐῆς,
586 514 687 558 τῶν
736 506 905 578 λήρων
966 508 1161 558 τούτων
1230 503 1489 576 ἀφέμενος,
1540 512 1730 570 σῶσον,
1776 508 1877 554 Σῶ-

283 599 402 659 ζων,
439 599 677 663 σεαυτόν,
712 600 802 647 καὶ
832 594 1127 668 προσελθὼν
1162 596 1318 646 θύσον
1362 600 1470 654 τοῖς
1503 595 1651 653 θεοῖς.
1689 592 1747 644 ⁸0
1779 588 1873 643 δέ·

283 690 385 739 Καί
429 693 534 747 πῶς
583 684 641 737 ού
691 692 875 758 μακρῷ
915 690 1005 736 καὶ
1049 684 1205 736 αὐτοῦ
1229 702 1288 754 γε
1318 682 1377 733 ἂν
1410 687 1516 740 εἴην
1568 681 1878 739 ἀναισθητο-

282 793 423 847 τερος
477 781 568 825 τοῦ
614 775 863 847 ὑμετέρου
907 775 1042 837 θεοῦ,
1114 775 1229 839 ἔφη,
1286 780 1439 824 τουτο
1492 777 1647 844 τιμᾷν
1708 771 1877 842 ῖλόμε-

281 881 388 928 νος,
418 862 471 923 ὃς
504 857 627 913 ούδε
670 861 829 923 αὐτὸς
857 864 1103 933 πάσχων,
1140 859 1347 933 ἀμύνειν
1382 862 1488 922 οἶός
1519 879 1571 913 τε
1600 857 1660 919 ἧν
1693 859 1878 929 ἐαυτῷ,

283 947 411 1003 οὐδὲ
438 956 607 1023 φωνήν
655 970 771 1003 τινα
815 953 1088 1025 προέσθαι,
1134 947 1257 1003 οὐδὲ
1286 950 1501 1002 καλέσαι
1530 954 1649 1011 τούς
1682 947 1883 1022 βοηθή-

286 1059 491 1104 σοντας,
533 1036 676 1102 ούδε,
725 1042 781 1091 τὸ
832 1042 1037 1091 πάντων
1091 1047 1217 1110 γοῦν
1264 1038 1600 1104 ἀθλιώτατον,
1644 1039 1730 1091 οἶα
1786 1041 1883 1090 πά-

286 1131 367 1181 θοι
390 1125 858 1202 διαμαρτύρασθαι
888 1148 904 1199 ;
935 1128 1072 1203 Ὠρα
1100 1137 1224 1200 γοῦν
1272 1148 1355 1182 σοι
1392 1136 1611 1181 τοιαῦτα
1641 1136 1882 1199 τιμῶντι-

284 1222 370 1269 καὶ
423 1217 662 1270 πλάττειν
722 1218 941 1279 ἑκάστης
994 1220 1189 1293 ἡμέρας
1240 1220 1398 1283 θεοὺς,
1461 1223 1549 1270 καὶ
1594 1215 1879 1289 μεταπλάτ-

283 1326 388 1360 τειν
440 1307 643 1372 ἄλλους,
696 1306 744 1359 ἐν
788 1316 846 1380 τῇ
898 1316 998 1360 τῶν
1048 1317 1238 1381 χειρῶν
1276 1312 1437 1379 τέχνῃ
1483 1312 1577 1365 τὴν
1628 1303 1884 1380 δημιουρ-

286 1402 409 1467 γίαν
434 1404 533 1448 τῶν
562 1398 685 1450 θεῶν
715 1399 979 1469 τιθεμένῳ·

360 1483 427 1538 Ε’.
488 1488 703 1547 Τούτοις
758 1488 942 1559 θερμόν
1001 1488 1160 1548 ζέσας
1216 1488 1241 1537 ό
1294 1485 1621 1556 Μαξιμιανὸς
1672 1490 1887 1556 πικραῖς

286 1577 375 1625 τόν
425 1576 669 1648 μάρτυρα
715 1572 1063 1648 παραδίδωσι
1110 1580 1409 1649 τιμωρίαις,
1454 1580 1543 1627 καὶ
1589 1583 1773 1648 πρῶτα
1797 1576 1886 1644 μεν

290 1660 534 1734 σιδηροῖς
566 1664 708 1726 ὄνυξι
738 1660 1013 1726 διαξαίνει.
1058 1661 1273 1723 Ἐπειδὴ
1324 1661 1382 1716 δὲ
1432 1667 1460 1722 ἠ
1514 1668 1602 1735 μεν
1656 1662 1887 1734 βάσανος

288 1757 379 1803 καὶ
430 1760 529 1803 τῶν
579 1752 768 1805 ὀστέων
824 1754 993 1805 αὐτῶν
1048 1756 1363 1821 καθικνεῖτο,
1423 1754 1448 1805 ό
1499 1750 1557 1805 δὲ
1603 1755 1888 1824 σύμμαχον
1921 1757 1965 1812 Β

292 1840 486 1913 ἀγαθόν
538 1844 596 1893 τὸ
638 1849 787 1895 Θεῐον
844 1841 1030 1906 ἐκάλει,
1086 1848 1172 1895 καὶ
1230 1845 1461 1917 καθάπερ
1510 1841 1611 1893 ἀπὸ
1662 1838 1888 1913 σιδήρου

296 1935 630 2002 συγκείμενον
701 1933 837 2003 ἔχων
894 1935 952 1983 τό
1034 1941 1204 2004 σῶμα,
1282 1932 1417 1983 οὕτω
1494 1933 1694 2003 κούφως
1751 1933 1893 2002 ἔφερε

292 2025 381 2071 καὶ
433 2029 533 2071 τῶν
592 2021 808 2081 ζεόντων
866 2019 1221 2094 ἀπαθέστερος
1275 2022 1357 2085 ἧν,
1414 2020 1488 2093 ἐφ’
1538 2022 1685 2093 ἔτερα
1727 2019 1889 2082 Μαξι-

293 2113 473 2181 μιανός
510 2109 663 2161 πάλιν
709 2109 967 2183 ἐτρέπετο,
1016 2115 1105 2163 καὶ
1148 2108 1486 2182 ὑποδήμασιν
1536 2109 1681 2171 ἣλοις
1721 2108 1890 2171 ὅξεσιν

291 2197 699 2272 ἐμπεπαρμένοις
740 2203 827 2251 τόν
872 2198 1099 2258 ἀθλητὴν
1156 2196 1363 2269 ὑποδεῖ,
1396 2204 1486 2251 καὶ
1535 2202 1737 2258 τούτοις
1803 2197 1885 2269 ἒμ-

292 2295 589 2360 περιπατεῖν
642 2288 798 2340 αὐτόν
866 2288 1172 2360 ἀναγκάζει.
1228 2289 1287 2341 Ὁ
1345 2285 1405 2341 δὲ
1470 2291 1539 2349 ὡς
1613 2290 1690 2341 ἰπὶ
1754 2284 1891 2361 ῥόδα

290 2377 479 2449 μᾶλλον
526 2380 725 2452 ἔτρεχε,
768 2384 856 2431 καὶ
902 2380 1098 2452 ῥύακας
1150 2379 1280 2451 ὁρῶν
1323 2380 1547 2450 αἳματος
1585 2385 1685 2429 τῶν
1711 2373 1889 2429 ποδῶν

289 2470 581 2532 κατιόντας,
632 2465 991 2540 περιρῥεῖσθαί
1036 2485 1139 2517 τινι
1186 2474 1285 2517 τῶν
1330 2462 1498 2525 ἡδέων
1557 2463 1745 2531 ἐδόκει,
1798 2471 1888 2518 καὶ

290 2558 413 2616 τοὺς
460 2562 554 2607 τοῦ
604 2558 854 2627 τυράννου
902 2560 991 2608 καὶ
1039 2564 1138 2607 τῶν
1168 2561 1525 2629 περιεστώτων
1554 2555 1888 2627 χλευασμοὺς

291 2644 547 2715 εὐφημίαν
592 2645 783 2713 ἡγεῖτο.
835 2648 934 2696 Καὶ
984 2643 1361 2705 ἐκαλλωπίζετο
1412 2647 1573 2716 ταύτῃ
1634 2644 1823 2716 μᾶλλον
1864 2645 1890 2695 ό

298 2730 527 2793 ἀθλητὴς
556 2733 586 2791 ἡ
620 2741 683 2805 τῇ
734 2729 978 2805 χλαμύδι
1032 2732 1218 2794 ἐκεῖνος
1259 2742 1351 2786 τοῦ
1398 2732 1706 2806 ἀξιώματος.
1768 2728 1893 2786 Εἶτα

294 2825 777 2894 κατειρωνευόμενος
873 2821 1031 2874 αὐτοῦ
1129 2821 1454 2893 Μαξιμιανός
1535 2840 1547 2851 ·
1634 2822 1890 2888 Αὒλησον,

297 2916 450 2983 φησὶ,
504 2911 705 2975 Σώζων,
776 2914 954 2982 αὔριον
1031 2909 1272 2973 ἐξιούσης
1328 2920 1419 2971 τῆς
1472 2911 1695 2983 μεγάλης
1753 2913 1890 2975 θεᾶς,

298 3004 388 3051 καὶ
441 3001 599 3057 αὐτὴν
654 2997 851 3055 ἐκείνην
924 3003 1135 3071 ὄμνυμί,
1190 3002 1369 3059 πάσης
1437 3000 1654 3062 εύθύνης
1706 3000 1897 3052 αὐτίκα

873 2821 1031 2874 αὐτοῦ

298 3094 387 3140 καὶ
436 3092 693 3163 τιμωρίας
746 3086 1056 3161 ἁπολελύση.
1127 3094 1226 3141 Καὶ
1276 3089 1301 3140 ό
1354 3091 1555 3164 μάρτυς
1606 3105 1619 3120 ·
1676 3093 1742 3141 Σύ
1807 3093 1895 3161 μεν
1930 3110 1971 3166 C

298 3176 611 3249 καταγελῶν,
682 3180 797 3249 ἔφη,
870 3182 959 3229 καὶ
1016 3174 1313 3241 διαπαίζων
1366 3180 1501 3249 ἡμᾶς
1556 3182 1622 3230 τὰ
1681 3186 1898 3231 τοιαῦτα

297 3268 520 3338 φθέγγῃ,
592 3274 681 3318 τοῦ
763 3271 1105 3338 συμπνέοντός
1187 3286 1272 3319 σοι
1348 3275 1577 3339 πονηροῦ
1648 3264 1897 3339 δαίμονος

295 3362 464 3406 ταῦτα
510 3355 627 3407 καθ’
676 3356 822 3427 ἡμῶν
873 3353 1300 3416 ύποϐεϐληκότος.
1349 3356 1481 3427 Ἐγὼ
1531 3354 1589 3408 δὲ
1640 3361 1730 3409 καὶ
1772 3362 1896 3429 πρόο

294 3462 439 3517 τερον
487 3447 576 3515 μὲν
625 3447 683 3496 τὸ
729 3444 885 3496 καλὸν
932 3444 1142 3503 ηὕλησα
1190 3445 1262 3507 εἰς
1301 3444 1478 3519 ἀγρόν,
1530 3448 1767 3517 συνάγων
1806 3451 1895 3498 καὶ

293 3531 561 3585 ἀνακαλῶν
605 3537 670 3585 τὰ
712 3534 811 3604 ἐμὰ
863 3533 1101 3607 πρόϐατα
1143 3553 1153 3564 ·
1189 3539 1279 3586 καὶ
1306 3543 1395 3587 νῦν
1448 3532 1506 3587 δε
1535 3532 1651 3605 ᾄδω
1690 3545 1761 3606 τῷ
1798 3543 1897 3589 Κυ-

292 3628 392 3696 ρίῳ
474 3642 573 3694 μου
660 3618 806 3695 ᾆσμα
879 3628 1075 3690 καινόν,
1138 3623 1590 3695 εὐαγγελιζόμενος
1647 3631 1778 3677 πᾶσι
1835 3628 1891 3675 τό

294 3714 483 3763 τούτου
517 3717 791 3785 σωτήριον.
824 3712 880 3766 Ἠ
914 3710 972 3765 δὲ
1004 3717 1069 3771 σὴ
1106 3715 1215 3774 θεὸς
1246 3717 1354 3773 ὄνος
1393 3711 1452 3764 ἆν
1475 3716 1552 3771 εἰη
1585 3716 1805 3781 πάντως,
1835 3717 1891 3765 τὸ

295 3800 588 3870 τοῦλόγου,
624 3805 750 3874 πρὸς
799 3805 885 3854 τόν
930 3802 1099 3865 αύλόν,
1153 3802 1363 3873 ἄψυχός
1392 3820 1446 3854 τε
1476 3799 1611 3854 οὖσα
1639 3801 1894 3862 παντελῶς

298 3894 389 3941 καὶ
420 3888 752 3951 ἀναίσθητος.

372 3979 443 4043 ς’.
509 3982 644 4053 Πρός
694 3986 859 4032 ταῦτα
910 3978 1058 4033 πλέον
1117 3982 1143 4031 ό
1200 3980 1526 4051 Μαξιμιανός
1600 3988 1671 4050 τῷ
1746 3982 1893 4051 θυμῷ

299 4067 412 4120 κατ’
471 4067 631 4120 αὐτοῦ
682 4065 1039 4133 διανίσταται,
1092 4074 1181 4121 καὶ
1225 4065 1577 4143 σφοδροτέρας
1622 4068 1758 4138 αύτῷ
1795 4070 1894 4139 μά-

302 4176 491 4229 στιγας
540 4166 636 4209 τῶν
680 4162 936 4232 προτέρων
988 4157 1184 4229 ἐπάγει,
1241 4158 1302 4209 ἶν’
1352 4159 1507 4225 οὕτω,
1549 4162 1726 4230 φησὶν,
1772 4156 1897 4209 ἀνα-

295 4248 567 4318 μοχλευθῇ
619 4249 708 4318 μὲν
754 4247 894 4316 αύτῷ
942 4250 1003 4298 τὰ
1033 4249 1223 4320 ἄρθρα,
1272 4249 1538 4319 παρεθῶσι
1596 4244 1654 4299 δὲ
1705 4251 1793 4298 καὶ
1842 4248 1896 4297 αἱ

299 4333 562 4409 ἁρμονίαι,
609 4341 698 4388 καὶ
749 4333 972 4409 διαρρυῇ
1024 4338 1090 4387 τὰ
1136 4338 1331 4406 ἔγκατα
1382 4338 1505 4388 ὡσεὶ
1554 4332 1720 4407 ὕδωρ.
1769 4331 1898 4387 Εἶτα

296 4430 389 4477 καὶ
435 4432 539 4496 πῦρ
591 4423 812 4495 ἀνάψας,
865 4428 908 4477 εἰ
949 4444 999 4476 τι
1050 4434 1149 4477 τῶν
1206 4425 1368 4496 μελῶν
1418 4424 1769 4496 ύπολειφθείη,
1800 4443 1897 4475 κα-
1929 4467 1974 4521 D

298 4517 582 4565 τακαύσειν
633 4519 723 4566 καὶ
774 4521 927 4565 τοῦτο
980 4512 1197 4577 ἠπείλει,
1243 4516 1311 4574 ὡς
1358 4513 1417 4565 ἂν
1463 4510 1602 4585 μηδὲ
1658 4521 1747 4573 τῆς
1787 4531 1897 4564 κοι-

301 4611 389 4662 νῆς
445 4603 683 4654 ἁπάντων
733 4605 895 4674 τύχοι
970 4609 1156 4674 ταφῆς.
1232 4602 1558 4674 Μαξιμιανὸς
1614 4598 1701 4653 οὖν
1764 4602 1899 4653 οὕτω

1433 4696 1522 4744 καὶ
1570 4700 1641 4762 τῷ
1671 4693 1899 4764 μάρτυρι

304 4784 393 4853 μὲν
441 4783 497 4833 αἱ
552 4783 742 4853 σάρκες
784 4789 895 4841 ταῖς
934 4779 1158 4851 πληγαῖς
1214 4777 1564 4847 διεκόπτοντο,
1614 4785 1703 4832 καὶ
1749 4782 1777 4837 ἡ
1822 4782 1902 4831 ἔν-

306 4867 397 4923 δον
454 4868 739 4943 ἐγυμνοῡτο
792 4866 1099 4931 διάπλασις.
1154 4870 1212 4922 Ὀ
1271 4866 1329 4922 δὲ
1384 4871 1556 4944 ὥσπερ
1605 4872 1652 4921 ἐν
1692 4869 1901 4938 λειμῶνι

305 4959 508 5032 χλοερῷ
592 4956 898 5033 διατρίϐων,
975 4964 1064 5011 καὶ
1143 4960 1314 5030 ἠρέμα
1386 4955 1699 5032 δρεπόμενος
1746 4959 1897 5023 ἄνθη,

303 4696 754 4765 παρεσκεύασατο,
807 4696 896 4744 καὶ
948 4692 1111 4753 οὕτως
1159 4690 1318 4744 ἐποίει
1368 4710 1379 4722 ’

303 5050 432 5102 οὕτω
479 5046 722 5114 διέκειτο,
766 5053 856 5100 καὶ
897 5052 1101 5122 χαίρων
1146 5044 1451 5101 ἀποδίδωσι
1500 5052 1592 5106 τὴν
1617 5048 1797 5119 ψυχὴν
1828 5054 1900 5117 τῷ

305 5146 437 5208 Θεῷ.

370 5227 446 5282 Ζ’.
485 5226 574 5289 Ὠς
601 5222 659 5279 δὲ
690 5228 837 5285 καὶή
878 5225 1002 5298 φλόξ
1048 5225 1131 5278 ἐπὶ
1162 5230 1293 5297 μέγα
1337 5230 1488 5294 ἤρετο
1537 5222 1667 5289 ἤδη,
1702 5223 1895 5296 βροντὴ

298 5316 488 5368 ἄνωθεν
543 5312 799 5389 φρικῶδές
857 5335 908 5368 τι
976 5321 1066 5368 καὶ
1123 5314 1334 5389 φοϐερόν
1388 5316 1748 5386 ἁπηχησασα,
1808 5320 1897 5367 καὶ

297 5405 455 5458 πολὺν
509 5404 698 5478 ὄμϐρον
759 5411 850 5457 καὶ
918 5404 1161 5477 χάλαζαν
1222 5411 1728 5475 συγκατενεγκοῦσα,
1790 5399 1896 5456 διε-

299 5491 529 5547 σκέδασε
577 5498 665 5566 μεν
714 5499 833 5557 τοὺς
880 5491 1107 5566 δημίους
1150 5501 1239 5547 καὶ
1289 5494 1343 5546 ἐκ
1389 5498 1551 5566 μέσου
1591 5498 1889 5551 πεποίηκεν.

298 5585 365 5637 Οἱ
421 5581 481 5637 δε
532 5584 902 5660 φιλομάρτυρες
967 5590 1056 5636 καὶ
1108 5584 1339 5656 μάλιστα
1398 5586 1589 5637 τούτων
1633 5585 1683 5635 οἱ
1732 5601 1893 5635 σπουρ-

1484 285 1923 346 MABTYRIUM
1966 284 2026 341 S.
2069 284 2435 342 SOZONTIS.

3538 286 3646 342 638

1987 412 2272 485 consequi
2307 413 2563 483 veniam,
2603 413 2709 469 sed
2761 413 3031 485 aliquam
3083 412 3262 469 etiam
3299 427 3647 469 remunera-

1987 502 2227 568 tionem,
2272 501 2471 557 missis
2511 502 2603 557 his
2639 502 2837 571 nugis,
2876 518 3049 557 serva
3083 506 3140 555 te
3174 502 3391 572 ipsum,
3435 503 3644 566 Sozon,

1987 594 2042 645 et
2085 590 2376 645 accedens
2434 590 2545 645 diis
2588 591 2877 646 sacriﬁca.
2929 591 2996 644 Et
3043 589 3370 662 quomodo,
3429 589 3640 663 inquit,

1988 694 2110 734 non
2141 694 2335 735 essem
2379 680 2468 735 vel
2507 681 2631 751 ipso
2674 686 2868 735 vestro
2907 679 3020 734 deo
3060 679 3259 733 minus
3291 692 3468 732 sensu
3498 694 3646 749 prae-

1989 768 2166 833 ditus,
2199 768 2247 823 si
2281 785 2419 824 eum
2450 774 2771 824 statuerem
2818 767 3027 833 colere,
3062 767 3165 838 qui
3207 782 3316 821 nec
3375 767 3422 821 si
3461 766 3515 821 ei
3546 766 3649 822 ali-

1989 857 2135 929 quid
2176 857 2296 922 ﬁat,
2329 874 2392 913 se
2437 863 2625 930 potest
2653 856 2991 921 defendere,
3046 872 3242 928 neque
3298 871 3504 910 vocem
3538 854 3648 910 ali-

1990 962 2173 1019 quam
2215 946 2498 1011 emittere,
2547 963 2741 1019 neque
2773 962 2983 1001 vocare
3023 961 3125 1001 eos
3164 945 3266 1016 qui
3313 944 3429 999 sint
3476 960 3647 1015 Opem

1990 1036 2186 1100 laturi,
2210 1052 2424 1109 neque,
2454 1038 2617 1108 quod
2640 1043 2727 1092 est
2753 1036 3025 1092 omnium
3053 1033 3479 1098 miserrimum,
3502 1049 3647 1105 qua-

1991 1127 2069 1182 lia
2112 1126 2389 1198 patiatur,
2426 1125 2789 1197 protestari?
2851 1128 2946 1180 Est
2994 1124 3193 1195 itaque
3242 1122 3302 1178 in
3356 1129 3454 1178 tua
3482 1127 3649 1195 pote-

1993 1219 2158 1284 state,
2186 1215 2286 1287 qui
2318 1215 2445 1270 haec
2472 1214 2637 1281 colis,
2667 1214 2811 1270 deos
2841 1213 3107 1286 quotidie
3137 1212 3385 1282 ﬁngere,
3414 1218 3472 1267 et
3500 1211 3650 1267 alios

1992 1320 2199 1360 rursus
2227 1304 2534 1374 reﬁngere,
2565 1320 2704 1360 cum
2729 1304 2788 1359 in
2819 1308 2942 1361 arte
2975 1317 3269 1357 manuum
3297 1317 3489 1373 ponas
3514 1301 3657 1358 deo-

1993 1410 2126 1448 rum
2170 1391 2647 1448 fabricationem.

2069 1485 2131 1534 V.
2174 1481 2593 1547 Maximianus,
2626 1497 2764 1537 cum
2786 1480 2881 1536 his
2913 1481 2964 1537 ei
2986 1479 3362 1536 eﬁerbuisset
3389 1478 3650 1544 animus,

1996 1569 2173 1627 tradit
2218 1574 2542 1641 martyrem
2584 1569 2868 1639 gravibus
2913 1575 2969 1624 et
3007 1568 3238 1625 acerbis
3277 1567 3649 1624 cruciatibus.

1998 1661 2062 1715 Et
2116 1660 2372 1731 primum
2417 1659 2655 1731 quidem
2692 1658 2891 1714 ferreis
2931 1674 3066 1714 eum
3106 1657 3287 1713 laniat
3329 1656 3652 1728 unguibus.

1999 1747 2296 1813 Quoniam
2339 1755 2537 1803 autem
2588 1746 2803 1814 Sozon,
2852 1748 2960 1803 etsi
3000 1752 3362 1803 tormentum
3407 1745 3654 1818 quidem

1999 1838 2075 1893 ad
2107 1839 2239 1909 ipsa
2268 1853 2458 1909 usque
2502 1852 2644 1892 ossa
2682 1836 3068 1908 pervadebat,
3112 1834 3214 1891 Dei
3248 1841 3447 1890 tamen
3488 1834 3654 1891 invo-

1999 1942 2143 1982 cans
2190 1925 2501 1991 auxilium,
2556 1926 2642 1981 ita
2696 1925 2924 1981 ferebat
2969 1924 3191 1990 leviter,
3253 1928 3316 1979 ut
3365 1924 3655 1980 videretur

1998 2015 2220 2071 habere
2249 2031 2466 2087 corpus
2503 2030 2574 2069 ex
2616 2015 2771 2070 ferro
2796 2013 3197 2086 compositum
3238 2030 3251 2079 ;
3292 2012 3656 2068 convertitur

1998 2120 2203 2161 rursus
2233 2103 2311 2160 ad
2341 2104 2456 2160 alia
2480 2102 2893 2169 Maximianus,
2933 2108 2989 2158 et
3013 2103 3225 2159 calceis
3259 2102 3449 2158 acutis
3475 2101 3658 2157 clavis

1999 2193 2249 2250 conﬁxis
2287 2193 2479 2248 induit
2510 2192 2811 2257 athletam,
2860 2197 2918 2248 et
2959 2208 3096 2248 cum
3137 2191 3277 2263 ipsis
3324 2206 3457 2246 cum
3499 2190 3659 2260 cogit

1998 2283 2329 2341 ambulare.
2391 2283 2490 2338 Ille
2542 2288 2744 2339 autem
2800 2282 3095 2349 currebat,
3147 2286 3429 2353 tanquam
3480 2295 3659 2350 super

1996 2389 2166 2430 rosas
2197 2372 2515 2440 incedens;
2558 2376 2614 2428 et
2644 2372 2851 2427 videns
2881 2371 3039 2425 rivos
3074 2370 3382 2441 sanguinis
3417 2368 3659 2424 descen-

1998 2462 2201 2519 dentes
2230 2478 2301 2517 ex
2332 2460 2606 2532 pedibus,
2650 2461 2962 2516 videbatur
3002 2460 3290 2515 suavibus
3324 2458 3504 2513 rebus
3548 2457 3661 2513 cir-

2000 2550 2325 2607 cumﬂuere
2351 2567 2364 2616 ;
2384 2550 2742 2621 tyrannique
2760 2555 3032 2605 eteorum
3052 2550 3151 2620 qui
3170 2546 3658 2611 circumstabant,

1999 2639 2303 2696 irrisiones
2356 2638 2611 2693 ducebat
2662 2653 2790 2693 esse
2848 2636 3306 2700 laudationem;
3370 2641 3425 2690 et
3471 2650 3542 2690 ea
3599 2650 3661 2689 re

2002 2727 2193 2798 magis
2210 2726 2577 2800 gloriabatur
2589 2726 3022 2797 athleta,quam
3038 2724 3130 2780 ille
3144 2723 3462 2796 chlamyde
3476 2722 3662 2791 digni.

2003 2819 2165 2875 tatis.
2220 2816 2438 2873 Deinde
2484 2831 2621 2871 eum
2672 2815 2928 2871 illudens
2969 2813 3360 2869 Maximianus
3409 2829 3421 2867 :
3471 2811 3659 2877 Tibia,

2005 2906 2218 2978 inquit,
2252 2920 2419 2968 cane,
2457 2907 2663 2968 Sozon,
2706 2919 2838 2959 cras
2868 2918 3093 2972 magna
3133 2901 3488 2973 procedente
3524 2900 3658 2964 dea,

2006 2997 2065 3050 et
2106 3010 2210 3066 per
2242 2992 2407 3049 illam
2441 2994 2633 3066 ipsam
2658 2993 2816 3064 juro,
2853 2991 3015 3063 quod
3044 2991 3121 3047 ab
3153 2991 3316 3046 omni
3358 2989 3661 3045 examina-

2009 3084 2167 3140 tione
2192 3090 2249 3138 et
2272 3084 2540 3138 cruciatu
2567 3083 2766 3137 statim
2793 3081 3160 3136 liberaberis.
3180 3082 3397 3151 Martyr
3417 3083 3619 3134 autem
3647 3096 3659 3136 :

2007 3173 2092 3228 Tu
2132 3187 2248 3238 me,
2287 3171 2495 3243 inquit,
2531 3170 2779 3227 irridens
2807 3171 2935 3227 haec
2974 3170 3255 3242 loqueris,
3287 3185 3357 3224 ea
3403 3166 3665 3240 maligno

2006 3262 2276 3317 daemone
2333 3260 2394 3316 in
2447 3276 2556 3315 nos
2602 3259 2706 3315 tibi
2759 3265 3133 3329 suggerente.
3196 3261 3315 3328 Ego
3368 3265 3566 3313 autem
3610 3260 3666 3312 et

2006 3352 2173 3423 prius
2212 3350 2455 3421 quidem
2497 3349 2642 3405 tibia
2682 3349 2740 3403 in
2783 3364 2931 3417 agro
2969 3354 3125 3403 recte
3170 3348 3377 3413 cecini,
3422 3361 3668 3415 congre-

2006 3455 2158 3511 gans
2191 3445 2244 3495 et
2267 3454 2559 3495 revocans
2593 3454 2757 3493 meas
2788 3453 2947 3502 oves,
2978 3442 3032 3492 et
3061 3452 3219 3492 nunc
3244 3452 3487 3509 quoque
3512 3450 3665 3491 cano

2008 3530 2259 3585 Domino
2279 3543 2416 3584 meo
2442 3528 2739 3582 canticum
2766 3542 3013 3591 novum,
3038 3527 3167 3596 ejus
3186 3526 3442 3580 salutare
3473 3524 3666 3580 omni-

2005 3617 2121 3673 bus
2163 3616 2543 3672 annuntians.
2577 3618 2698 3670 Tua
2726 3620 2925 3670 autem
2958 3616 3071 3670 dea
3102 3615 3273 3669 fuerit
3296 3613 3566 3682 omnino,
3601 3615 3667 3666 ut

2007 3713 2090 3762 est
2122 3707 2180 3761 in
2210 3705 2543 3777 proverbio,
2576 3705 2780 3759 asinus
2802 3704 2877 3758 ad
2902 3703 3131 3768 tibiam,
3156 3710 3215 3758 ut
3234 3718 3369 3775 qua:
3393 3702 3465 3757 sit
3485 3701 3663 3773 plane

2006 3795 2292 3864 inanima,
2328 3799 2383 3850 et
2421 3793 2585 3849 nullo
2611 3808 2791 3848 sensu
2822 3792 3091 3865 praedita.

2076 3973 2165 4027 VI.
2200 3973 2299 4027 His
2346 3969 2735 4029 Maximianus
2782 3970 2973 4039 magis
3017 3969 3080 4026 in
3124 3984 3261 4025 eum
3303 3967 3578 4031 irritatur,
3612 3970 3670 4023 et

2004 4062 2302 4135 prioribus
2338 4060 2811 4116 vehementiores
2842 4059 2893 4113 ei
2924 4058 3133 4130 plagas
3164 4058 3446 4128 imponit:
3492 4062 3555 4111 ut
3585 4055 3668 4111 sic

2005 4153 2246 4223 quidem
2289 4150 2340 4205 ei
2385 4154 2767 4205 moverentur
2807 4147 3072 4213 articuli,
3099 4154 3154 4202 et
3201 4146 3668 4202 dissolverentur

2004 4255 2349 4310 compages,
2382 4243 2439 4295 et
2476 4238 2752 4293 intestina
2789 4244 3074 4309 tanquam
3113 4252 3273 4308 aqua
3312 4233 3664 4290 difﬂuerent.

2006 4329 2226 4385 Deinde
2252 4344 2389 4384 cum
2424 4329 2625 4398 ignem
2656 4328 2835 4382 etiam
2868 4326 3258 4389 accendisset,
3284 4326 3329 4379 si
3351 4325 3513 4397 quod
3537 4322 3667 4379 reli-

2006 4436 2195 4492 quum
2236 4424 2392 4473 esset
2432 4419 2789 4481 membrum,
2842 4416 2900 4470 id
2936 4431 3176 4488 quoque
3221 4431 3281 4469 se
3330 4412 3667 4469 minabatur

2008 4508 2488 4573 combusturum,
2520 4512 2584 4561 ut
2605 4522 2677 4561 ne
2704 4506 2949 4578 quidem
2977 4504 3247 4560 omnium
3279 4517 3665 4559 communem

2009 4602 2424 4669 assequeretur
2450 4595 2838 4667 sepulturam.
2871 4594 2962 4651 Sic
2994 4609 3136 4663 ergo
3169 4610 3231 4647 se
3264 4591 3519 4665 parabat
3550 4594 3665 4646 Ma-

2007 4686 2330 4750 ximianus,
2353 4691 2410 4739 et
2435 4686 2516 4741 sic
2535 4684 2825 4740 faciebat:
2856 4689 2911 4738 et
2927 4682 3173 4755 martyri
3193 4682 3435 4753 quidem
3457 4694 3667 4736 carnes

2009 4774 2203 4848 plagis
2222 4774 2628 4842 laniabantur,
2646 4778 2703 4829 et
2716 4774 2947 4828 interna
2964 4771 3309 4843 aperiebant
3322 4786 3387 4826 ur
3403 4771 3629 4825 viscera
3650 4783 3663 4833 ;

2009 4865 2106 4921 ille
2148 4870 2346 4920 autem
2381 4870 2668 4936 tanquam
2710 4863 2770 4918 in
2810 4862 3061 4918 herbido
3102 4868 3273 4933 prato
3306 4874 3569 4927 versans,
3603 4862 3661 4912 et

2010 4970 2225 5009 vernos
2250 4953 2426 5009 ﬂores
2456 4953 2803 5025 decerpens,
2831 4956 2954 5008 erat
2994 4950 3261 5016 affectus,
3290 4953 3348 5005 et
3368 4954 3533 5005 laetus
3548 4950 3667 5003 Deo

2010 5044 2201 5100 reddit
2231 5044 2518 5099 animam.

2082 5224 2198 5279 VII.
2228 5223 2371 5279 Cum
2404 5221 2745 5289 autemjam
2774 5219 3022 5275 ﬂamma
3052 5218 3109 5273 in
3125 5218 3310 5274 altum
3343 5221 3497 5274 esset
3530 5217 3668 5275 sub-

2008 5314 2150 5376 lata,
2174 5312 2425 5368 terribile
2451 5316 2507 5366 et
2532 5309 2897 5365 horrendum
2934 5308 3149 5363 tonitru
3175 5323 3483 5373 resonans,
3511 5307 3664 5364 mul-

2007 5408 2254 5475 tumque
2302 5400 2556 5457 imbrem
2609 5403 2667 5454 et
2714 5397 3069 5467 grandinem
3125 5396 3301 5453 simul
3350 5397 3658 5469 dejiciens,

2004 5492 2236 5548 lictores
2270 5491 2514 5563 quidem
2553 5487 2778 5561 depulit
2806 5492 2863 5542 et
2892 5486 3197 5558 dispersit;
3241 5488 3417 5543 amici
3459 5493 3661 5543 autem

2005 5584 2356 5654 martyrum,
2405 5586 2462 5635 et
2510 5577 2765 5633 maxime
2805 5576 2844 5631 ii
2884 5576 2987 5649 qui
3022 5581 3190 5633 erant
3238 5576 3660 5651 diligentiores,
