4096 6220
449 296 554 352 639

1751 294 2008 350 MENSIS
2051 290 2505 350 SEPTEMBER.

3704 278 3819 335 640

449 435 653 476 secure
724 418 1080 489 colligebant
1155 420 1430 491 martyris
1512 419 1811 491 reliquias,
1861 419 2093 475 Interim

2206 412 2485 487 δαιότεροι,
2536 409 2717 473 ἁδείας
2763 410 3035 483 λαϐόμενοι
3082 418 3172 471 τῆς
3224 408 3325 462 ἀπὸ
3402 416 3500 461 τῶν
3575 403 3815 471 δημίων,

448 517 650 565 autem
677 525 815 564 cum
844 525 962 565 nox
991 524 1229 581 quoque
1256 509 1611 574 advenisset,
1645 525 1762 564 non
1790 508 1895 564 fuit
1918 515 2097 564 retar-

446 598 655 654 datum
675 598 912 653 illorum
934 601 1277 669 promptum
1302 602 1360 655 et
1383 599 1573 655 alacre
1594 597 1872 654 studium.
1899 601 2097 670 Neque

448 688 606 743 enim
635 693 757 744 erat
777 702 892 743 nox
917 688 1200 759 amplius,
1233 688 1337 744 sed
1362 688 1459 744 lux
1481 688 1810 745 clarissima
1830 688 2097 759 protinus

446 776 808 842 illucescens,
888 794 959 833 ea
1021 778 1307 834 reddebat
1374 778 1714 843 manifesta,
1782 794 1918 850 qua:
1976 792 2095 831 non

446 865 758 938 oportebat
779 866 976 930 latere,
1011 871 1067 921 et
1096 868 1417 938 praestabat
1449 872 1509 922 ut
1536 884 1605 923 ea
1628 867 1798 923 facile
1830 866 2098 922 tolleren—

448 958 541 1009 tur
555 959 613 1009 et
628 953 1047 1024 colligerentur
1066 972 1099 1009 a
1120 955 1393 1025 piis.Quae
1409 954 1651 1028 quidem
1670 957 1878 1013 omnia
1895 963 2098 1014 sancte

445 1041 689 1098 collecta
721 1044 974 1114 septimo
1004 1045 1383 1116 Septembris,
1412 1045 1762 1117 praeclaram
1792 1052 1847 1102 et
1872 1046 2094 1117 magni-

445 1129 624 1185 ticam
680 1138 953 1187 assecuta
993 1140 1133 1187 sunt
1176 1133 1567 1205 sepulturam.
1622 1135 1744 1191 Lux
1801 1136 1956 1191 enim
1998 1137 2100 1193 illa

442 1217 622 1273 etiam
650 1235 839 1290 usque
859 1220 937 1275 ad
957 1219 1155 1292 ipsum
1179 1221 1333 1277 venit
1358 1222 1721 1294 sepulcrum,
1740 1229 1798 1280 et
1823 1240 2097 1296 perman-

446 1306 521 1361 sit
560 1306 618 1362 in
666 1308 973 1378 sepultura
1016 1309 1425 1380 reliquiarum.
1470 1311 1687 1367 Deinde
1728 1328 1963 1370 reversa
2010 1319 2097 1369 est

440 1410 559 1451 nox
592 1396 669 1452 ad
709 1414 885 1452 suam
918 1405 1231 1467 naturam;
1261 1406 1317 1456 et
1348 1401 1569 1473 ubique
1601 1402 1706 1458 fuit
1735 1404 1919 1458 Sozon
1952 1419 2097 1476 prae-

442 1485 670 1540 dicatus
708 1486 893 1542 victor
923 1487 1246 1559 praeclarus
1286 1490 1364 1545 ad
1391 1491 1643 1560 gloriam
1675 1491 1772 1547 Dei
1802 1492 2009 1561 Patris,
2043 1500 2099 1549 et

441 1573 675 1629 Domini
727 1576 912 1631 nostri
950 1577 1089 1631 Jesu
1143 1577 1378 1644 Christi,
1430 1596 1611 1652 quem
1666 1580 1832 1636 decet
1880 1582 2094 1648 honor,

442 1662 633 1732 gloria
652 1667 707 1719 et
732 1665 991 1735 potentia
1020 1666 1080 1721 in
1113 1668 1335 1724 saecula
1365 1668 1742 1725 saeculorum.
1775 1671 1989 1726 Amen.

2205 507 2420 577 ἄσμενοι
2464 506 2529 555 τὰ
2575 505 2872 575 μαρτυρικά
2940 499 3203 570 συνέλεγον
3275 498 3493 569 λείψανα
3543 516 3555 528 ·
3610 495 3658 547 ἐν
3713 514 3812 547 το·-

2208 597 2375 664 σούτῳ
2424 598 2511 644 καὶ
2559 594 2589 649 ἡ
2642 590 2733 652 νὺξ
2788 589 3115 661 ἐπιγενομένη
3175 594 3266 646 τὴν
3317 587 3515 640 ἐκείνων
3564 586 3657 637 οὐκ
3698 584 3814 636 ἐπέ-

2205 700 2359 734 κοπτε
2391 682 2704 754 προθυμίαν,
2758 678 2929 731 οὐκέτι
2975 680 3077 752 γὰρ
3110 673 3233 729 οὐδὲ
3264 677 3393 734 αὐτὴ
3437 676 3529 738 νὺξ
3555 671 3637 737 ἧν,
3681 672 3815 724 ἀλλὰ

2207 779 2306 842 φῶς
2348 770 2711 841 λαμπρότατον
2763 769 2871 819 οἷον
2926 766 3114 819 αὐτίκα
3162 765 3429 837 ἐκλάμψαν
3474 761 3611 823 δῆλά
3662 781 3716 815 τε
3747 765 3817 813 τὰ

2203 865 2278 931 μὴ
2312 866 2403 910 τοῦ
2441 858 2611 910 λαϐεῖν
2669 857 2794 919 ἄξια
2840 859 3019 921 ἐποίει,
3060 859 3146 907 καὶ
3196 854 3522 928 ἀναιρεῖσθαι
3572 859 3675 912 τοῖς
3727 854 3817 904 εῦ-

2208 946 2385 999 σεϐἐσί
2435 944 2636 1021 ῥᾳδίως
2690 945 2823 998 αὐτὰ
2863 950 2953 996 καὶ
3002 943 3263 1015 συλλέγειν
3312 948 3583 1015 παρεῖχεν.
3616 940 3678 994 ⁶Δ
3712 936 3812 998 δή·

2206 1055 2305 1089 που
2337 1039 2506 1088 πάντα
2535 1041 2625 1087 καὶ
2668 1038 2814 1107 ἱερῶς
2863 1034 3171 1105 συλλεγέντα
3212 1029 3411 1104 ἑϐδόμη
3459 1038 3549 1083 τοῦ
3594 1038 3816 1102 Σεπτεμ-

2208 1126 2357 1200 ϐρίου
2388 1124 2661 1197 φιλοτίμου
2711 1131 2879 1195 ταφῆς
2928 1126 3086 1193 ἔτυχε
3138 1127 3226 1174 καὶ
3266 1122 3525 1194 λαμπρᾶς.
3581 1124 3651 1172 Τὸ
3704 1127 3815 1191 φῶς

2205 1217 2305 1288 γὰρ
2362 1213 2520 1266 ἐκεῖνο
2581 1218 2671 1265 καὶ
2727 1215 2855 1286 πρὸς
2908 1212 3060 1264 αὐτὸν
3102 1208 3223 1269 ἦλθε
3266 1213 3353 1262 τὸν
3383 1212 3541 1281 τάφον
3598 1213 3687 1260 καὶ
3748 1216 3811 1280 τῇ

2206 1310 2305 1354 τῶν
2357 1302 2609 1372 λειψάνων
2671 1308 2805 1373 ταφῇ
2885 1304 3159 1373 παρέμεινε
3229 1301 3455 1365 πάντων,
3536 1294 3648 1349 εἶτα
3722 1302 3816 1349 καὶ

2207 1391 2398 1443 οἰκείαν
2446 1392 2598 1443 πάλιν
2646 1392 2675 1447 ἠ
2727 1390 2819 1452 νὺξ
2845 1388 3068 1441 ἀνείλετο
3110 1392 3286 1460 φύσιν,
3322 1394 3409 1439 καὶ
3461 1384 3553 1439 διὰ
3606 1387 3817 1437 πάντων

2206 1482 2231 1532 ὁ
2291 1480 2527 1556 λαμπρὸς
2578 1479 2943 1551 ἁνετηρύττετο
2999 1483 3326 1550 στεφανίτης,
3386 1477 3455 1539 εἰς
3514 1472 3671 1538 δόξαν
3721 1483 3819 1526 τοῦ

2209 1577 2343 1622 Θεοῦ
2394 1573 2616 1641 Πατρός,
2671 1573 2757 1620 καὶ
2812 1572 3006 1641 Κυρίου
3060 1569 3205 1632 ἡμῶν
3247 1568 3425 1624 Ἰησοῦ
3481 1572 3743 1637 Χριστοῦ,

2207 1662 2389 1732 πρέπει
2438 1663 2586 1731 τιμὴ,
2644 1660 2836 1731 κράτος
2896 1656 2963 1717 εἰς
3020 1660 3141 1718 τοὺς
3196 1656 3380 1716 αἰῶνας
3435 1663 3534 1707 τῶν
3586 1654 3814 1708 αἰώνων,

2208 1747 2399 1818 Ἀμήν.

2326 1917 3816 1944 _——_——_———_ﬁ

896 2063 1536 2152 ΜΑΡΤΥΡΙΟΝ
1596 2065 1829 2154 ΤΟΥ
1882 2068 2233 2155 ΑΓΙΟΥ
2288 2065 3364 2156 ΜΕΓΑΛΟΜΑΡΤΥΡΟΣ

1381 2270 2870 2453 ΣΕΥΗΡΙΑΝΟΥ.

660 2694 1451 2794 MARTYRIUM

1565 2698 2026 2792 SANCTI
2144 2701 2306 2789 ET
2388 2697 2796 2790 MAGNI
2880 2698 3551 2788 MARTYIHS

1726 2929 2564 3055 SEVERIANI.

912 3169 1110 3227 (Graece
1137 3184 1201 3220 ex
1217 3170 1325 3221 Cod
1349 3185 1448 3220 ms.
1478 3171 1640 3230 Paris,
1662 3185 1717 3223 n.
1749 3173 1889 3229 1525.
1927 3184 2046 3221 εωο.
2072 3184 2145 3221 ιιι
2181 3186 2193 3228 ;
2230 3170 2411 3219 Latine
2437 3169 2580 3233 apud
2612 3169 2827 3219 Surium
2857 3170 2926 3219 ad
2956 3169 3095 3218 diem
3129 3172 3158 3217 9
3188 3170 3354 3234 Sept.)

516 3445 557 3500 Ι.
590 3445 804 3501 Licinio
835 3445 1021 3518 impio
1052 3446 1396 3518 imperante,
1430 3447 1658 3519 Lysias,
1687 3446 1789 3521 qui
1806 3451 1946 3502 tunc
1974 3450 2096 3502 erat
2128 3443 2172 3499 Β

446 3535 591 3600 dux,
626 3535 988 3607 properabat
1018 3552 1048 3591 e
1078 3535 1345 3593 Caesarea
1378 3539 1573 3592 venire
1607 3537 1913 3594 Sebasten.
1946 3539 2094 3592 Eum

443 3624 600 3679 enim
630 3623 881 3679 vocabat
910 3628 1144 3696 tempus
1188 3632 1517 3697 martyrum
1551 3624 1763 3682 Christi
1793 3643 1806 3681 :
1838 3625 2093 3691 illorum,

441 3710 713 3784 inquam,
734 3711 977 3767 victoria
994 3711 1319 3783 insignium
1337 3713 1753 3787 quadraginta.
1773 3716 2091 3784 Postquam

443 3806 642 3856 autem
674 3800 786 3855 illis
816 3800 893 3856 ad
920 3801 1096 3856 tinem
1130 3802 1396 3876 pervenit
1428 3804 1802 3875 martyrium,
1840 3804 2093 3859 Severia-

443 3905 556 3945 nus
595 3906 835 3962 quoque
884 3890 962 3945 ad
1006 3891 1220 3947 ducem
1263 3892 1542 3948 defertur.
1589 3893 1713 3948 Fuit
1757 3898 1957 3949 autem
2000 3892 2097 3947 hic

442 3979 530 4035 vir
578 3979 826 4049 insignis
873 3978 1095 4035 virtute.
1144 3980 1539 4037 Nuntiabatur
1586 3997 1745 4047 vero,
1792 3982 1954 4055 quod
2001 3980 2097 4037 hic

446 4070 799 4127 Severianus
829 4087 947 4126 non
975 4070 1170 4126 solum
1196 4071 1590 4128 Christianam
1625 4078 1843 4127 teneret
1871 4073 2099 4143 religio-

445 4175 603 4223 nem,
655 4165 710 4214 et
758 4159 981 4215 cultum
1022 4160 1288 4232 gentium
1329 4160 1565 4231 probris
1609 4177 1679 4216 ac
1719 4161 2098 4217 contumeliis

444 4252 645 4319 aperte
694 4246 990 4314 afﬁceret;
1049 4247 1156 4304 sed
1201 4250 1377 4304 etiam
1429 4249 1647 4305 multos
1697 4266 1767 4305 ex
1821 4250 2099 4320 gentibus

444 4335 765 4407 decipiens,
805 4337 882 4392 ad
923 4354 1097 4393 suum
1143 4340 1326 4393 Deum
1354 4338 1699 4393 adduceret.
1732 4340 1943 4394 Praeter
1973 4339 2098 4394 haec

443 4425 623 4481 etiam
663 4426 809 4481 alias
848 4426 1221 4484 intentabant
1261 4428 1314 4483 ei
1367 4427 1829 4494 criminationes,
1882 4444 2098 4499 nempe

443 4514 607 4585 quod
638 4514 1041 4587 quadraginta
1062 4516 1319 4583 illorum,
1348 4517 1444 4588 qui
1471 4516 1652 4585 paulo
1697 4522 1831 4572 ante
1858 4516 2099 4572 viriliter

442 4601 913 4669 decertaverant,
939 4610 994 4661 et
1021 4621 1214 4677 neque
1247 4610 1674 4661 tormentorum
1698 4605 2095 4676 experientiae,

444 4707 637 4764 neque
666 4693 963 4750 bonorum
992 4694 1309 4767 promissis
1333 4694 1665 4760 cessissent,
1692 4695 1795 4750 sed
1817 4695 2093 4750 eumdem

2282 3442 2355 3497 A'.
2394 3448 2651 3496 Λικιννίου
2681 3450 2773 3495 τοῦ
2827 3439 3118 3504 δυσσεϐοῦς
3167 3442 3552 3516 βασιλεύοντος,
3585 3449 3808 3508 Λυσίας,

2206 3534 2263 3583 τὸ
2322 3539 2612 3588 τηνικαῦτα
2656 3527 2785 3594 δούξ
2816 3532 2904 3597 ὢν,
2958 3531 3011 3583 ἐκ
3063 3537 3379 3605 Καισαρείας
3406 3535 3648 3605 γενέσθαι
3674 3538 3811 3585 κατὰ

2205 3625 2299 3679 τὴν
2350 3619 2656 3672 Σεϐαστείαν
2710 3617 2958 3673 ἔσπευδεν
2989 3639 2999 3649 ·
3037 3619 3202 3673 ἐκάλει
3254 3624 3354 3694 γὰρ
3414 3621 3569 3673 αὑτὸν
3616 3623 3642 3673 ὁ
3692 3642 3812 3673 και-

2204 3713 2291 3783 ρὸς
2347 3718 2447 3761 τῶν
2507 3717 2736 3784 Χριστοῦ
2766 3713 3062 3784 μαρτύρων,
3119 3718 3216 3761 τῶν
3270 3709 3596 3777 καλλινίκων,
3649 3716 3807 3783 φημὶ,

2206 3800 2617 3871 τεσσαράκοντα.
2672 3799 2754 3859 Ὠς
2811 3796 2898 3851 οὖν
2954 3798 3162 3862 ἐκείνοις
3220 3804 3277 3852 τὸ
3331 3803 3613 3874 μαρτύριον
3652 3806 3811 3874 πέρας

2208 3884 2340 3960 εἶχε,
2386 3895 2625 3962 γνώριμα
2667 3896 2736 3958 τῷ
2778 3885 2931 3941 δουκὶ
2980 3894 3069 3941 καὶ
3113 3892 3177 3940 τὰ
3220 3894 3338 3963 περὶ
3382 3896 3693 3965 Σευηριανοῦ
3723 3895 3806 3961 γί-

2206 3997 2366 4031 νεται.
2419 3978 2569 4050 Ἀνὴρ
2618 3974 2676 4030 δε
2706 3977 2855 4039 οὗτος
2893 3982 2985 4035 τὴν
3018 3977 3202 4049 ἀρετὴν
3248 3975 3551 4041 διαϐόητος.
3598 3980 3809 4050 Ἠγγέλ-

2205 4067 2317 4120 λετο
2346 4064 2404 4119 δι
2430 4069 2510 4119 ὅτι
2540 4070 2847 4138 Σευηριανὸς
2885 4067 3034 4129 οὗτος
3076 4067 3135 4119 οῦ
3179 4071 3331 4139 μόνον
3381 4071 3445 4119 τὰ
3479 4076 3808 4140 Χριστιανῶν

2208 4160 2284 4215 εἴη
2338 4160 2667 4229 πρασσεύων,
2730 4155 3008 4229 ἐξυϐρίζων
3091 4153 3150 4209 δὲ
3231 4160 3357 4229 πρὸς
3420 4161 3485 4210 τὰ
3560 4158 3809 4217 Ἑλλήνων

2208 4247 2611 4318 ἐπιφανέστατα,
2679 4244 2786 4297 ἀλλ’
2844 4250 2922 4297 ὅτι
2988 4252 3076 4297 καὶ
3134 4246 3352 4307 πολλοὺς
3424 4249 3545 4299 ὅσαι
3617 4249 3809 4320 ἡμέραι

2209 4344 2306 4387 τῶν
2362 4337 2619 4409 ἡμετέρων
2691 4334 2955 4397 ἐξαπατῶν
3006 4343 3077 4404 τῷ
3134 4335 3320 4388 ἑαυτοῦ
3372 4340 3627 4411 προσάγει
3682 4346 3809 4411 Χρι-

2210 4442 2334 4494 στῳ.
2371 4427 2504 4494 ῘΙρὸς
2545 4425 2743 4482 τούτοις
2786 4429 2875 4474 καὶ
2919 4422 3073 4484 ἄλλας
3126 4426 3266 4493 αὐτῷ
3316 4430 3635 4496 κατηγορίας
3680 4428 3809 4483 ἐπῆ-

2206 4531 2317 4583 γον,
2370 4514 2445 4563 ὄτι
2493 4531 2565 4578 τε,
2617 4520 2714 4563 τῶν
2758 4515 2857 4585 πρὸ
2906 4519 3096 4585 μικροῦ
3147 4515 3535 4586 τεσσαράκοντα
3562 4519 3809 4584 γενναίως

2208 4597 2619 4673 ἀνδρισαμένων,
2674 4605 2762 4652 καὶ
2806 4607 2937 4671 μήτε
2989 4598 3234 4672 βασάνων
3284 4606 3456 4674 πείρᾳ,
3504 4607 3635 4673 μήτε
3676 4602 3809 4673 ἁγα-

2210 4691 2307 4741 θῶν
2357 4688 2688 4761 ὶπαγγελίαις
2737 4687 3117 4753 ἐνδεδωκοτων,
3180 4689 3306 4742 ἀλλὰ
3365 4695 3530 4765 μέχρι
3579 4693 3805 4746 θανάτου

444 4784 663 4838 statum
698 4799 888 4855 usque
907 4783 984 4839 ad
1009 4790 1256 4840 mortem
1278 4798 1399 4855 prae
1424 4799 1487 4839 se
1513 4782 1805 4848 tulissent,
1835 4783 2095 4840 Severia-

2209 4774 2573 4849 διενεγκόντων
2617 4783 2709 4837 τὴν
2746 4780 3007 4839 ἔνστασιν,
3055 4782 3362 4851 Σευηριανὸς
3402 4782 3478 4837 ε’ίη
3530 4788 3625 4841 τῆς
3674 4801 3806 4853 καρ-

442 4887 557 4927 nus
599 4872 771 4929 fuerit
810 4875 1115 4946 praecipua
1153 4891 1336 4931 causa
1376 4892 1584 4932 eorum
1627 4876 1948 4933 tolerantius
1988 4894 1999 4931 :
2044 4888 2098 4935 et

441 4961 604 5035 quod
629 4979 765 5018 cum
800 4964 1015 5021 multas
1042 4966 1283 5021 haberet
1316 4965 1649 5031 facultates,
1684 4967 1913 5023 nullum
1947 4969 2094 5024 sine-

442 5057 721 5123 retegere
744 5068 811 5108 ex
842 5052 911 5107 iis
942 5054 1044 5126 qui
1072 5060 1239 5111 erant
1271 5054 1539 5125 ejusdem
1576 5057 1919 5124 sententiae;
1947 5059 2092 5130 quin

441 5141 621 5198 etiam
652 5158 754 5198 eos
782 5143 880 5215 qui
908 5143 1437 5200 includebanturin
1466 5144 1766 5209 custodiis,
1784 5153 2095 5217 propterea

440 5230 606 5303 quod
657 5233 939 5287 mutarint
990 5233 1361 5303 religionem,
1404 5249 1525 5289 non
1562 5235 1799 5300 sineret,
1859 5241 2096 5308 propter

441 5336 641 5376 rerum
675 5322 1151 5377 necessariarum
1182 5322 1593 5392 indigentiam,
1620 5323 1935 5379 meliorum
1964 5342 2097 5378 sus-

440 5408 633 5481 cipere
674 5409 1061 5465 sententiam:
1112 5413 1216 5467 sed
1269 5411 1492 5469 affatim
1533 5413 1618 5467 eis
1679 5412 2090 5484 suppeditans,

438 5496 711 5554 redderet
756 5498 1243 5568 impudentiores.
1288 5502 1352 5558 Et
1392 5502 1516 5557 haec
1554 5500 1799 5573 quidem
1847 5501 2090 5568 invidia,

439 5602 511 5641 ex
548 5587 787 5644 veritate
827 5604 1090 5645 sumens.

2207 4870 2379 4939 τερίας
2427 4869 2616 4928 ταύτης
2666 4868 2691 4918 ὁ
2740 4866 3061 4928 αἰτιώτατος.
3122 4872 3208 4920 καὶ
3257 4869 3357 4933 ὅτι,
3410 4874 3561 4940 φησί,
3606 4869 3806 4921 πολλῶν

2205 4957 2497 5027 χρημάτων
2529 4958 2707 5031 κύριος
2745 4956 2811 5007 ὢν
2857 4952 3045 5008 οὐδένα
3090 4965 3191 5009 τῶν
3244 4954 3509 5029 ὁμοδόξων
3557 4960 3807 5011 πίνεσθαι

2206 5051 2429 5118 παρορᾷ,
2492 5044 2620 5096 ἀλλὰ
2666 5050 2755 5097 καὶ
2829 5050 2943 5105 τοὺς
3002 5047 3049 5097 ἐν
3126 5046 3375 5117 φυλακαῖς
3442 5047 3807 5119 κατακλειομο

2204 5153 2322 5194 νους
2380 5130 2472 5186 διὰ
2542 5140 2633 5192 τὴν
2692 5134 2745 5185 ἐκ
2819 5142 2910 5195 τῆς
2963 5136 3246 5207 θρησκείας
3305 5135 3469 5187 αὐτῶν
3526 5138 3805 5207 μετάθεσιν

2205 5222 2299 5274 οῦκ
2347 5222 2406 5293 ἰᾷ
2453 5232 2514 5294 τῇ
2568 5220 2733 5295 ἐνδείᾳ
2778 5230 2876 5275 τῶν
2931 5222 3223 5294 ἀναγκαίων
3278 5229 3536 5296 φρονῆσαί
3584 5245 3633 5277 τι
3690 5223 3804 5297 βέλ-

2204 5330 2335 5374 τιον,
2381 5312 2507 5363 ἀλλὰ
2538 5309 2769 5383 δαψιλῶς
2816 5318 3061 5386 παρέχων
3102 5313 3446 5387 ἰταμωτέρους
3489 5317 3804 5372 καθίστησι.

2208 5405 2306 5453 Καὶ
2338 5410 2503 5453 ταῦτα
2528 5406 2616 5473 μὲν
2643 5405 2667 5453 ὀ
2696 5405 2871 5473 φθόνος
2904 5402 2955 5454 ἐκ
2986 5410 3073 5463 τῆς
3112 5402 3358 5465 ἀληθείας
3386 5402 3659 5476 λαμϐάνων
3712 5408 3807 5466 τὰς

2206 5488 2455 5563 ἀφορμάς-
