4096 6220
306 299 409 354 641

382 424 451 482 Β’.
490 424 549 477 Ἠ
585 420 645 477 δι
692 430 781 475 τοῦ
828 418 1015 480 δουκός
1059 418 1185 475 ἀκοὴ
1233 414 1446 487 ἐδέχετο
1486 416 1551 467 τὰ
1588 410 1910 485 προσαγγελο
1938 410 1983 464 Α

309 515 520 585 λόμενα,
571 521 724 565 τοῦτο
755 515 842 582 μὲν
894 506 1147 580 ἠδομένη,
1194 514 1346 560 τοῦτο
1377 501 1435 557 δὲ
1464 508 1553 555 καὶ
1591 506 1721 576 πρὸς
1751 501 1908 573 ὀργὴν

311 604 459 663 εὐθὺς
517 601 866 675 ἕρεθιζομένη.
925 594 1117 650 Ἦδετο
1171 599 1261 667 μὲν
1328 596 1429 666 γὰρ
1485 593 1557 652 οἷς
1612 599 1702 643 και
1764 587 1910 649 αὖθις

310 692 549 753 κολάζειν
592 689 809 763 ἔμελλεν,
843 691 963 762 ὅπερ
997 684 1057 745 ἧν
1102 685 1242 755 αὐτῷ
1286 680 1359 736 δι’
1390 683 1656 754 ὠμότητος
1700 699 1907 754 περιου-

320 786 440 833 σίαν
488 783 545 832 τὸ
598 783 952 851 χαριέστατον
1007 793 1018 803 ·
1072 773 1278 844 ἐξήγετο
1335 768 1394 823 δε
1440 773 1565 843 πρὸς
1620 768 1781 841 ὀργὴν
1835 768 1908 827 οἷς

308 871 443 932 ὅλως
484 868 758 941 ἐμάνθανεν
803 863 930 919 εἶναί
958 883 1073 917 τινα
1116 867 1202 914 τόν
1249 860 1536 935 θαρροῦντα
1576 866 1666 919 τῆς
1713 860 1909 910 τοσαύ-

307 979 403 1021 της
481 958 642 1009 αὐτοῦ
730 960 919 1028 μανίας
986 948 1269 1025 ὑπεριδεῖν.
1331 948 1595 1001 Ἐϐούλετο
1665 950 1766 1020 ’γὰρ
1819 951 1907 999 καὶ

308 1053 441 1120 μόνη
498 1055 559 1118 τῇ
638 1051 781 1117 φήμη
860 1052 951 1103 τῆς
1003 1040 1311 1113 ἀγριότητος
1368 1042 1489 1099 τοὺς
1536 1040 1621 1090 τόν
1678 1038 1907 1107 Χριστόν

309 1144 731 1208 προσκυνοῦντας
774 1135 1132 1190 ὑποπτήσσειν
1178 1131 1349 1188 αὐτόν.
1393 1132 1481 1179 καὶ
1531 1127 1602 1187 εἰς
1644 1125 1906 1196 ἐσχάτους

308 1230 521 1299 μυχοὺς
565 1224 991 1296 ἀποκρύπτεσθαι
1024 1240 1036 1252 ·
1082 1221 1165 1271 ἵνα
1195 1216 1253 1270 δε
1282 1223 1371 1270 καὶ
1397 1222 1465 1289 μὴ
1500 1219 1669 1288 μάτην
1707 1218 1908 1274 Λυσίας

307 1317 723 1386 κατονομάζοιτο
754 1312 959 1384 (ἐλύττα
1005 1312 1105 1383 γὰρ
1157 1310 1292 1359 κατά
1344 1314 1672 1380 Χριστιανῶν
1719 1304 1906 1356 λύτταν

309 1406 571 1477 ἄμαχον),
621 1400 920 1454 ἀποστέλλει
972 1401 1113 1460 τινας
1158 1399 1287 1468 μετά
1328 1395 1543 1470 φοϐεροῦ
1601 1401 1689 1446 τοῦ
1733 1393 1906 1445 κελεύ-

310 1513 511 1565 σματος
592 1491 920 1563 ἀνάρπαστον
1004 1489 1194 1540 αὐτίκα
1282 1488 1587 1557 Σευηριανὸν
1670 1483 1902 1545 ἄξοντας.

306 1588 373 1634 Τί
429 1579 487 1634 δε
542 1583 566 1633 ὁ
611 1589 701 1633 τοῦ
750 1586 984 1652 Χριστοῦ
1043 1582 1369 1650 στρατιώτης
1422 1597 1434 1639 ς
1487 1570 1627 1626 Οὐδε
1683 1572 1907 1644 ἀνέμεινε

307 1676 429 1733 τοῦς
482 1672 824 1742 πεμφθέντας,
883 1667 1008 1719 ἀλλὰ
1061 1668 1267 1738 φθάσας
1329 1664 1498 1716 αὐτῶν
1571 1667 1662 1721 την
1733 1661 1906 1733 ἄφιξιν

1511 282 1950 343 MARTYRIUM
1992 283 2053 339 S.
2096 284 2494 344 SEVERIANI.

3563 301 3670 357 642

2094 412 2154 466 ll.
2184 412 2324 475 Quae
2355 429 2493 469 vero
2535 416 2986 487 nuntiabantur,
3033 418 3155 475 dux
3198 421 3407 488 audiit,
3450 425 3667 496 partim

2018 500 2265 571 quidem
2292 502 2483 570 lastus,
2522 504 2735 575 partim
2768 511 2968 563 autem
2996 507 3072 563 ad
3104 507 3257 565 iram
3290 514 3559 581 protinus
3584 515 3669 570 in-

2017 590 2247 645 citatus.
2274 594 2418 647 Nam
2455 592 2768 650 laetabatur
2797 595 3064 668 quidem,
3112 598 3270 669 quod
3322 617 3460 657 mox
3517 611 3670 660 esset

2018 680 2355 749 puniturus,
2403 682 2563 752 quod
2606 689 2847 755 propter
2903 701 3205 742 summam
3258 689 3667 747 crudelitatem

2018 774 2143 821 erat
2172 767 2220 822 ei
2260 768 2813 841 jucundissimum:
2858 772 2946 829 ira
2992 780 3191 830 autem
3242 778 3664 845 concitabatur,

2018 857 2181 928 quod
2208 858 2555 930 intelligeret
2592 861 2843 918 omnino
2869 879 2995 920 esse
3026 864 3310 938 aliquem,
3347 868 3450 939 qui
3490 870 3672 925 aude-

2018 951 2103 1000 ret
2147 946 2451 1019 despicere
2482 954 2702 1006 tantam
2734 952 2862 1023 ejus
2893 952 3212 1010 insaniam.
3246 956 3480 1012 Volebat
3512 959 3670 1014 enim

2020 1034 2104 1090 vel
2134 1036 2260 1092 sola
2293 1036 2454 1093 fama
2511 1039 2825 1097 auditionis
2852 1058 2955 1097 eos
2996 1044 3097 1115 qui
3133 1042 3427 1101 Christum
3459 1047 3671 1103 adora-

2021 1124 2181 1195 bant,
2231 1124 2431 1196 ipsum
2472 1126 2814 1193 formidare,
2875 1135 2929 1186 et
2958 1133 3021 1187 in
3053 1134 3330 1189 extremis
3361 1135 3542 1191 latere
3577 1151 3673 1207 pe-

2020 1213 2345 1269 netralibus
2379 1220 2435 1272 et
2470 1215 2748 1273 latibulis.
2786 1222 2864 1275 Ne
2917 1226 3115 1276 autem
3151 1228 3366 1278 temere
3409 1225 3671 1296 appella-

2016 1308 2175 1357 retur
2223 1304 2421 1376 Lysias
2452 1306 2601 1377 (erat
2637 1307 2796 1363 enim
2844 1309 3182 1367 vehementi
3213 1312 3375 1368 rabie
3424 1315 3673 1384 percitus

2018 1391 2302 1446 adversus
2339 1393 2750 1466 Christianos),
2794 1399 2966 1455 mittit
2995 1401 3295 1471 quosdam
3328 1419 3463 1458 cum
3497 1404 3671 1473 jussu

2018 1481 2281 1547 terribili,
2315 1483 2419 1555 qui
2471 1485 2858 1542 Severianum
2916 1504 3055 1543 mox
3105 1491 3448 1561 arriperent,
3503 1498 3561 1547 et
3599 1492 3671 1548 ad

2017 1584 2077 1624 se
2130 1570 2510 1627 adducerent.
2585 1574 2734 1638 Quid
2788 1580 2987 1632 autem
3044 1578 3250 1634 Christi
3294 1580 3459 1635 miles
3513 1580 3541 1635 ‘i
3595 1584 3673 1637 Ne

2017 1660 2374 1730 exspectavit
2420 1661 2662 1732 quidem
2715 1679 2817 1719 eos
2874 1665 2977 1737 qui
3033 1666 3199 1722 missi
3259 1669 3512 1738 fuerant,
3570 1670 3674 1725 sed

311 1769 384 1831 τῷ
442 1756 597 1813 δουκὶ
643 1763 894 1829 παρίστη,
948 1761 1036 1808 καὶ
1079 1756 1378 1829 παρρησίας
1427 1749 1555 1806 εἶναι
1593 1756 1677 1804 τόν
1726 1754 1906 1823 καιρὸν

2022 1764 2226 1804 eorum
2269 1749 2593 1806 adventum
2646 1752 3004 1824 anticipans,
3049 1758 3299 1812 accessit
3329 1759 3398 1813 ad
3432 1760 3671 1825 ducem,

310 1849 667 1920 λογισάμενος,
720 1847 790 1899 Ὠ
844 1850 1041 1910 Λυσία,
1099 1850 1276 1916 φησὶν,
1338 1842 1441 1913 οὐχ
1496 1844 1665 1894 ἱκανόν
1718 1860 1803 1893 σοι
1850 1843 1907 1893 τό

309 1943 461 2009 μόνον
508 1936 831 1989 ἀπόλλυσθαι
874 1940 963 1987 καὶ
1011 1936 1147 1986 κατά
1199 1940 1419 1986 σεαυτοῦ
1467 1935 1524 1984 τό
1566 1931 1707 2003 ξίφος
1737 1932 1906 1999 ὠθεῖν,

312 2027 438 2078 ἀλλά
485 2032 575 2079 καὶ
630 2030 721 2087 τὰς
767 2027 1017 2097 ἡμετέρας
1066 2022 1242 2095 βούλει
1291 2026 1653 2092 παραπολέσαι
1700 2019 1905 2091 ψυχὰς,

312 2122 401 2169 καὶ
453 2119 518 2176 ὡς
574 2117 783 2188 ἕρμαιόν
835 2133 887 2165 τι
943 2116 1132 2173 ταύτας
1188 2119 1295 2173 τοῖς
1356 2107 1577 2183 δαίμοσι
1629 2117 1737 2171 τοῖς
1802 2116 1910 2169 σοῖς

314 2213 612 2277 παρασχεῖν
645 2221 659 2270 ;
696 2203 827 2255 Ἀλλ’
884 2205 997 2255 ἰσθι
1039 2206 1128 2274 μὲν
1160 2205 1223 2262 ὡς
1253 2201 1347 2254 οὐκ
1386 2200 1645 2271 ἀγεννέσιν
1675 2196 1799 2252 οὐδὲ
1828 2219 1912 2270 μι-

314 2293 611 2366 κροψύχοις
635 2296 935 2363 περιτύχοις
962 2308 974 2321 ο
1014 2291 1121 2362 ἐμοὶ
1153 2293 1255 2364 γὰρ
1286 2293 1420 2342 κατὰ
1449 2294 1532 2341 τὸν
1568 2290 1687 2361 ἐμόν
1721 2284 1910 2341 διδάσ·

315 2383 467 2435 καλόν
510 2382 707 2434 Παῦλον
756 2385 812 2433 τὸ
846 2382 941 2452 ζῇν
974 2384 1222 2455 Χριστὸς,
1255 2384 1342 2431 καὶ
1380 2383 1437 2431 τὸ
1471 2376 1541 2432 δι’
1571 2377 1758 2431 ἐκεῖνον
1787 2377 1911 2430 ἀπο-

317 2474 480 2524 θανεῖν
511 2468 693 2545 κέρδος
721 2474 984 2543 μέγιστον.

390 2648 455 2701 l'".
483 2652 699 2710 Τούτοις
743 2650 768 2699 ὁ
800 2646 1030 2708 ἀθλητὴς
1066 2651 1153 2699 τὸν
1184 2655 1279 2708 τῆς
1326 2645 1571 2714 ἀπρνοίας
1599 2648 1797 2718 πύργον
1825 2645 1911 2696 εῦ-

318 2741 407 2799 θὺς
451 2742 672 2792 ενέσεισε
720 2745 810 2789 τοῦ
863 2736 1171 2809 ἀλάστορος,
1224 2744 1378 2788 τοῦτο
1416 2740 1505 2808 μεν
1564 2737 1643 2787 ὃτι
1688 2736 1808 2809 παρ’
1840 2735 1910 2787 ὶλ·

314 2824 452 2880 πίδα
500 2833 673 2879 πᾶσαν
728 2823 867 2898 μηδέ
920 2826 1175 2885 κληθῆναι
1218 2830 1514 2899 περιμείνας
1572 2822 1840 2882 ἀπήντησε
1896 2846 1907 2857 ·

316 2924 469 2968 τοὶτο
512 2913 570 2967 δε
609 2918 687 2968 ὅτι
734 2920 825 2967 καὶ
873 2914 1077 2985 ἀπίστῳ
1122 2914 1282 2986 τόλμῃ
1336 2913 1456 2987 παρ’
1490 2914 1616 2965 αὐτὸ
1665 2917 1723 2965 τό
1754 2922 1911 2986 φανῆ-

315 3026 400 3057 ναι
450 3010 602 3077 μόνον
655 3004 944 3077 ἐχρήσατο.
1002 3005 1237 3057 Ἐσιὼπα
1286 3012 1411 3074 ’γοῦν
1460 3002 1533 3075 ἐφ’
1591 3005 1762 3055 ἰκανὸν
1809 3012 1913 3064 τοῖς

2019 1839 2078 1891 et
2111 1844 2395 1907 reputans
2432 1854 2559 1895 esse
2612 1844 2848 1913 tempus
2904 1842 3190 1915 loquendi
3223 1845 3404 1901 libere
3440 1863 3451 1900 :
3489 1848 3530 1903 Ο
3572 1850 3677 1919 Ly-

2021 1925 2131 1993 sia,
2181 1926 2393 1999 inquit,
2444 1943 2564 1984 non
2614 1931 2832 1986 sufﬁcit
2884 1931 2985 1987 tibi
3031 1934 3222 1989 solum
3280 1936 3465 2005 perire
3519 1940 3575 1991 et
3615 1936 3673 1990 in

2020 2013 2278 2086 teipsum
2314 2031 2517 2073 ensem
2545 2018 2867 2090 impellere,
2898 2020 3001 2076 sed
3053 2032 3285 2079 nostras
3316 2025 3402 2079 vis
3435 2040 3678 2097 quoque

2024 2104 2271 2174 perdere
2309 2105 2566 2175 animas,
2598 2114 2653 2163 et
2688 2124 2789 2164 eas
2821 2114 3113 2182 tanquam
3158 2111 3384 2167 lucrum
3427 2112 3672 2185 aliquod

2023 2194 2137 2247 tuis
2185 2194 2447 2265 praebere
2473 2196 2853 2254 dasmonibus
2883 2198 2911 2252 τ
2941 2200 3050 2255 Sed
3080 2200 3232 2255 scias
3266 2217 3424 2257 nunc
3453 2207 3505 2257 te
3536 2201 3679 2257 inci-

2021 2281 2181 2337 disse
2235 2282 2295 2339 in
2347 2284 2501 2340 viros
2545 2284 2745 2353 fortes,
2803 2291 2858 2342 et
2909 2287 3011 2359 qui
3066 2304 3187 2344 non
3229 2295 3365 2345 sunt
3414 2290 3604 2361 pusilli
3628 2295 3680 2345 et

2021 2371 2233 2442 abjecti
2281 2374 2488 2430 animi.
2548 2375 2687 2430 Mihi
2740 2376 2900 2431 enim
2954 2378 3039 2448 (ut
3090 2377 3171 2433 ait
3230 2395 3400 2434 meus
3470 2379 3680 2435 doctor

2023 2461 2258 2534 Paulus)
2289 2463 2482 2520 vivere
2524 2471 2605 2520 est
2633 2465 2928 2530 Christus,
2970 2471 3024 2522 et
3064 2472 3304 2539 propter
3327 2468 3490 2523 illum
3526 2468 3679 2525 mori

2024 2551 2254 2606 lucrum
2293 2557 2383 2607 est
2413 2553 2745 2609 maximum
2776 2555 2816 2606 ί.

2094 2640 2187 2695 Ill.
2222 2641 2317 2696 His
2347 2641 2566 2696 athleta
2593 2643 2867 2699 amentiae
2898 2660 3096 2699 arcem
3131 2645 3334 2700 statim
3357 2645 3679 2702 labefacta-

2024 2731 2105 2786 vit
2156 2731 2335 2801 hujus
2384 2732 2844 2797 cacodasmonis,
2902 2734 3116 2804 partim
3183 2735 3450 2806 quidem,
3510 2736 3673 2807 quod

2021 2826 2234 2892 praeter
2287 2836 2452 2892 spem
2501 2836 2762 2884 omnem,
2799 2837 2872 2876 ne
2911 2823 3275 2894 exspectavit
3323 2824 3568 2895 quidem
3617 2830 3682 2878 ut

2021 2917 2332 2965 vocaretur
2370 2929 2383 2978 ;
2438 2912 2650 2982 partim
2676 2916 2874 2967 autem
2918 2912 3080 2984 quod
3139 2913 3284 2968 dum
3330 2914 3677 2985 comparuit,

2020 2998 2348 3055 incredibili
2381 3017 2521 3055 usus
2549 3005 2635 3055 est
2662 3002 2930 3056 audacia.
2961 3002 3132 3059 Siluit
3176 3003 3376 3074 itaque
3408 3002 3679 3075 aliquan-

316 3095 452 3156 ὅλοις
528 3090 812 3166 διαπορῶν.
870 3091 995 3146 Εἶτα
1071 3089 1237 3144 δεινὸν
1304 3091 1558 3164 ἐμϐλέψας
1612 3100 1721 3155 τοῖς
1776 3112 1909 3165 παρ-

2024 3088 2234 3156 tulum,
2268 3088 2444 3159 plane
2494 3088 2678 3144 animi
2718 3088 2933 3145 dubius
2965 3094 3022 3146 et
3078 3090 3416 3161 perplexus.
3458 3092 3679 3148 Deinde

320 3192 533 3246 εστῶσι,
568 3187 656 3235 καὶ
686 3190 747 3254 τῇ
796 3188 941 3256 χειρὶ
973 3179 1296 3256 παραδείξας
1343 3185 1429 3233 τὸν
1474 3185 1716 3256 μάρτυρα
1742 3200 1753 3213 ·
1786 3188 1912 3235 Νεύ-

316 3292 451 3346 ροις,
509 3269 662 3338 εἶπεν,
710 3272 865 3343 ὠμοῖς
904 3274 973 3333 ὡς
1016 3273 1179 3342 τάχος
1227 3270 1636 3334 καταξαινέσθω,
1688 3273 1768 3323 ἵνα
1818 3271 1912 3323 κᾶν

316 3363 481 3424 οὕτως
560 3364 807 3419 αἴσθηται
860 3362 978 3412 οῖων
1031 3361 1170 3431 αὐτῷ
1225 3360 1463 3431 πρόξενον
1540 3364 1596 3412 τό
1651 3360 1915 3436 πεπαρρη-

318 3452 543 3503 σιάσθαι
599 3454 670 3522 μὴ
722 3453 853 3503 κατὰ
894 3454 1074 3521 καιρόν
1128 3454 1344 3519 γίνεται.
1399 3449 1457 3502 Ὀ
1513 3454 1602 3521 μεν
1662 3447 1728 3509 δὴ
1780 3452 1915 3502 οὕτω

314 3545 629 3603 τυπτόμενος
674 3541 884 3612 ἔχαιρεν
941 3540 1013 3599 οἷς
1063 3540 1187 3612 ὑπὲρ
1238 3546 1474 3611 Χριστοῦ
1524 3541 1611 3599 τὰς
1652 3538 1914 3610 βασάνους

315 3631 550 3703 ὑπέφερε,
606 3633 694 3681 καὶ
751 3634 809 3680 τὸ
882 3628 1144 3699 ψαλμικόν
1224 3627 1381 3680 έκεῖνο
1461 3631 1692 3701 καθάπερ
1768 3626 1912 3700 ᾠδὴν

316 3718 616 3780 ἀλεξίκακον
673 3714 834 3789 ἐπῇδε
880 3724 988 3778 τοῖς
1055 3719 1368 3790 τραύμασιν,
1432 3717 1544 3769 Ἐπὶ
1593 3726 1690 3768 τῶν
1738 3723 1907 3769 νώτων

317 3828 439 3879 μου,
494 3807 673 3878 λέγων,
741 3806 1023 3858 ἐτέκταινον
1097 3808 1146 3858 οἱ
1225 3806 1546 3878 ἁμαρτωλοὶ,
1625 3805 1914 3879 ἐμάκρυναν

315 3902 411 3955 τὴν
464 3896 678 3967 ἀνομίαν
732 3896 900 3948 αὐτῶν
952 3914 963 3925 ’
1020 3900 1108 3947 καὶ
1156 3898 1247 3957 τὰς
1298 3896 1502 3965 πληγὰς
1555 3895 1773 3948 ἐποιεῖτο
1820 3905 1913 3958 τῆς

314 3990 442 4060 πρὸς
498 3988 725 4057 Χριστὸν
794 3984 1003 4055 ἀγάπης
1058 3985 1388 4055 ὑπέκκαυμα.
1437 3983 1495 4035 Ὀ
1550 3987 1797 4057 τύραννος
1855 3982 1914 4038 δὲ

315 4074 424 4128 επεὶ
478 4078 593 4135 τοὺς
635 4074 983 4146 μαστίζοντας
1030 4072 1165 4145 ἑώρα
1217 4074 1499 4143 κάμνοντας
1550 4074 1759 4144 μᾶλλον,
1825 4078 1911 4126 τὸν

315 4169 556 4239 μάρτυρα
609 4161 669 4217 δι
720 4172 791 4234 τῷ
847 4166 1078 4235 πάσχειν
1124 4159 1468 4235 φαιδροτίραν
1517 4167 1609 4221 τὴν
1664 4164 1781 4234 ὄψιν
1841 4173 1911 4235 τῷ

318 4260 444 4327 φωτὶ
504 4251 776 4307 δεικνύντα
826 4260 916 4305 τοῦ
972 4256 1280 4325 πνεύματος,
1336 4260 1434 4303 τῶν
1483 4258 1750 4324 μαστίγων
1806 4252 1911 4307 ἀνε-

320 4347 471 4403 θῆναι
519 4340 893 4399 διακελεύεται.
954 4341 1079 4395 Εἶτα
1124 4346 1250 4413 πρὸς
1304 4347 1360 4392 τό
1410 4347 1692 4417 πραότερον
1752 4340 1909 4403 δῆθεν

2021 3192 2117 3231 eos
2142 3176 2245 3248 qui
2276 3177 2545 3243 aderant,
2577 3176 2931 3233 horribiliter
2960 3178 3215 3243 intuens,
3249 3183 3504 3235 etmanu
3530 3195 3681 3235 mar-

2022 3274 2211 3338 tyrem
2243 3267 2561 3321 ostendens
2592 3283 2610 3324 :
2640 3266 2868 3331 Crudis,
2900 3267 3106 3339 inquit,
3141 3267 3335 3322 nervis
3376 3268 3681 3340 quampri-

2025 3372 2191 3411 mum
2219 3355 2525 3421 laceretur,
2557 3361 2620 3411 ut
2671 3356 2831 3421 sciat,
2873 3356 3165 3428 quidnam
3196 3357 3468 3413 conciliet
3492 3358 3676 3414 libere

2024 3444 2184 3517 loqui
2215 3460 2334 3500 non
2362 3447 2420 3499 in
2463 3451 2747 3515 tempore.
2790 3450 2983 3516 Atque
3015 3444 3107 3499 ille
3139 3446 3406 3516 quidem,
3430 3447 3572 3503 dum
3598 3448 3679 3503 sic

2025 3534 2470 3599 verberabatur,
2504 3532 2818 3589 laetabatur
2833 3534 3165 3600 tormentis,
3183 3550 3319 3606 quin
3347 3536 3679 3592 sustinebat

2024 3628 2266 3695 propter
2310 3623 2627 3689 Christum,
2677 3628 2732 3677 et
2779 3621 2919 3676 illud
2970 3621 3350 3692 psalmicum,
3388 3628 3677 3695 tanquam

2025 3712 2283 3767 salutare
2328 3713 2681 3777 remedium,
2710 3710 2964 3766 afferens
2995 3727 3260 3775 carmen,
3293 3714 3575 3767 cantabat
3602 3713 3679 3768 ad

2024 3801 2269 3856 vulnera
2299 3818 2311 3855 :
2348 3803 2549 3870 Supra
2576 3802 2818 3857 dorsum
2850 3816 3061 3865 meum,
3095 3800 3322 3863 dicens,
3346 3801 3677 3869 fabricave-

2023 3898 2165 3946 runt
2178 3891 3040 3960 peccatore:,prolongaverunt
3056 3889 3425 3959 iniquitatem
3438 3904 3607 3945 suam
3622 3892 3674 3956 ²;

2022 3987 2077 4036 et
2124 3981 2333 4052 plagas
2389 3979 2649 4035 ducebat
2696 3996 2825 4035 esse
2869 3980 3316 4035 incitamentum
3348 3979 3424 4034 ad
3463 3979 3676 4035 Christi

2022 4070 2420 4126 dilectionem.
2483 4070 2790 4141 Tyrannus
2844 4075 3044 4124 autem
3096 4084 3230 4124 cum
3304 4067 3519 4124 videret
3576 4085 3677 4125 eos

2020 4160 2262 4233 quidem
2295 4175 2423 4215 esse
2450 4158 2661 4226 fessos,
2706 4158 2807 4232 qui
2836 4157 3040 4229 ﬂagris
3070 4155 3384 4212 caedebant
3412 4174 3425 4212 :
3459 4164 3679 4231 marty-

2023 4266 2147 4305 rem
2198 4265 2340 4304 vero
2390 4264 2518 4304 esse
2576 4248 2743 4303 vultu
2824 4247 3173 4303 alacriorem
3226 4247 3357 4303 luce
3408 4247 3672 4319 spiritus,

2015 4339 2185 4410 jubet
2209 4355 2347 4393 eum
2375 4337 2627 4394 relaxari
2655 4354 2689 4393 a
2720 4336 3089 4393 verberibus.
3124 4337 3341 4393 Deinde
3387 4353 3520 4392 cum
3557 4342 3671 4393 tra-

314 4433 610 4506 μεταϐαλών
640 4451 651 4461 '
688 4432 799 4484 Οὐκ
848 4432 1082 4500 ἀσθενὴς,
1130 4433 1245 4503 ἔφη,
1307 4428 1353 4482 εἶ
1397 4438 1737 4503 στρατιώτης,
1788 4436 1907 4485 ὅσον

2022 4428 2232 4483 ductus
2259 4434 2412 4481 esset
2454 4425 2531 4481 ad
2570 4425 3091 4481 mansuetudinem
3148 4429 3313 4482 :Non
3345 4442 3428 4489 es,
3481 4425 3674 4497 inquit

315 4523 415 4575 ἀπὸ
472 4531 564 4584 τῆς
621 4528 832 4594 πρώτης
899 4525 1076 4593 πείρας
1153 4522 1355 4591 μαθεῖν,
1410 4520 1537 4571 ἀλλά
1617 4521 1907 4596 ἐρρωμένως

312 4615 450 4684 ἔχων
498 4617 586 4664 καὶ
633 4607 915 4682 ἀνδρικῶς,
963 4615 1052 4662 καὶ
1112 4613 1238 4683 πρὸς
1294 4606 1533 4662 κίνδυνον
1580 4610 1907 4685 παραϐαλέσ-

316 4706 402 4755 θαι
451 4699 749 4773 δυνάμενος.
806 4699 1015 4762 Ἔξεστι
1070 4696 1130 4752 δέ
1185 4718 1267 4751 σοι
1305 4708 1408 4761 τοῖς
1456 4709 1686 4774 παροῦσι
1724 4705 1904 4774 μαθεῖν

313 4795 379 4853 ὡς
420 4792 514 4844 οὐκ
543 4792 863 4865 εὐφροσύνης
894 4794 1049 4852 τινος,
1083 4784 1206 4841 οὐδὲ
1255 4786 1428 4852 δεξιᾶς
1476 4793 1652 4861 τύχης
1701 4793 1726 4843 ὁ
1774 4800 1903 4866 Χρι-

315 4886 438 4943 στός
506 4900 590 4933 σοι
650 4881 941 4937 καθέστηκε
996 4878 1256 4951 πρόξενος.
1304 4877 1361 4930 Ὀ
1418 4875 1476 4930 δὲ
1527 4882 1727 4953 μάρτυς
1778 4880 1905 4933 ἀνα-

314 4973 584 5044 θαρσήσας
614 4969 824 5041 μᾶλλον,
874 4974 961 5020 καὶ
1014 4969 1120 5020 οἷον
1168 4967 1554 5041 εὐστομωτέραν
1605 4974 1696 5027 τὴν
1743 4970 1903 5041 γλῶτ-

313 5080 404 5112 ταν
435 5067 495 5131 τῇ
543 5064 698 5133 πείρᾳ
744 5066 842 5110 τῶν
887 5056 1128 5127 ἀλγεινῶν
1176 5058 1526 5129 ποιησάμενος
1554 5082 1565 5093 ·
1598 5063 1655 5112 Εἰ
1703 5078 1797 5112 σου
1842 5064 1907 5113 τὰ

310 5158 403 5210 τῆς
431 5148 639 5219 ψυχῆς,
671 5143 826 5213 εἶπεν,
876 5150 1082 5217 ὄμματα
1128 5150 1199 5216 μὴ
1257 5154 1326 5197 τῶ
1376 5151 1546 5199 σκότει
1579 5156 1674 5210 τῆς
1713 5145 1906 5202 δυσσε-

312 5238 451 5297 ϐείας
507 5238 809 5309 ἠμαύρωτο,
864 5231 1040 5297 ἔδειξα
1112 5235 1172 5285 ἄν
1229 5253 1312 5287 σοι
1365 5237 1499 5287 ὅσων
1557 5234 1764 5307 ἀγαθῶν
1817 5259 1906 5309 μοι

310 5332 537 5384 κατέστη
590 5325 827 5399 πρόξενος
872 5324 931 5382 ἢν
986 5322 1244 5393 ἐπήγαγες
1285 5329 1559 5396 τιμωρίαν.
1605 5326 1712 5378 Νῦν
1756 5324 1814 5380 δε
1858 5334 1905 5381 τί

311 5416 374 5467 ἆν
405 5416 626 5487 πάθοιμι
662 5418 762 5488 πρὸ
802 5412 994 5486 τυφλοῦ
1041 5417 1231 5484 φαίνων
1268 5417 1359 5465 καὶ
1387 5409 1530 5482 ᾄδων
1571 5416 1653 5467 ἐπὶ
1704 5426 1857 5488 κωφῷ
1887 5434 1899 5484 ;

387 5581 401 5613 ¹
448 5577 697 5651 Philipp.
729 5592 767 5641 1,
799 5577 890 5630 2t.
1002 5576 1024 5610 ²
1054 5574 1212 5630 Psal.
1246 5589 1467 5640 cxxvui,
1501 5576 1553 5631 3.

2017 4518 2161 4583 dux,
2206 4516 2375 4573 miles
2422 4516 2699 4584 ignavus,
2748 4519 3044 4586 quantum
3082 4519 3270 4586 potest
3315 4513 3558 4583 intelligi
3602 4530 3673 4569 ex

2015 4609 2211 4680 prima
2253 4605 2642 4677 experientia,
2670 4603 2774 4659 sed
2812 4604 2975 4660 fortis
3016 4610 3072 4659 et
3120 4608 3419 4669 strenuus,
3462 4607 3516 4659 et
3569 4604 3673 4675 qui

2016 4707 2182 4771 potes
2230 4696 2514 4753 audacter
2556 4695 2721 4750 adire
2751 4692 3031 4765 pericula.
3069 4691 3235 4747 Potes
3283 4699 3483 4748 autem
3524 4692 3672 4746 scire

2013 4804 2083 4843 ex
2134 4784 2542 4857 praesentibus,
2595 4781 2760 4855 quod
2836 4780 3062 4836 nullam
3120 4779 3406 4843 laetitiam,
3483 4794 3672 4850 neque

2018 4891 2369 4948 prosperam
2413 4874 2679 4945 aliquam
2714 4870 3012 4925 fortunam
3047 4869 3150 4925 tibi
3183 4869 3444 4924 Christus
3475 4867 3673 4922 conci-

2012 4966 2129 5032 liet,
2194 4965 2404 5035 Martyr
2447 4970 2645 5018 autem
2682 4959 2883 5017 animo
2938 4959 3130 5027 magis
3151 4957 3562 5021 conﬁrmatus,
3614 4960 3672 5012 et

2016 5062 2078 5112 ut
2102 5056 2201 5127 qui
2236 5069 2434 5110 rerum
2460 5066 2808 5121 asperarum
2836 5048 3211 5121 perpessione
3245 5047 3516 5116 linguam
3546 5061 3669 5101 ma-

2015 5146 2103 5216 gis
2137 5145 2393 5200 acuisset
2434 5164 2445 5195 :
2495 5139 2554 5195 Si
2591 5139 2767 5205 oculi,
2836 5138 3047 5210 inquit,
3105 5135 3323 5192 animae
3382 5140 3495 5189 tuae
3549 5148 3671 5189 non

2014 5240 2211 5293 essent
2238 5231 2498 5289 hebetati
2560 5229 2816 5285 tenebris
2886 5227 3221 5300 impietatis,
3273 5223 3670 5279 ostendissem

2015 5326 2143 5392 tibi,
2168 5339 2353 5396 quam
2404 5319 2590 5376 multa
2637 5319 2800 5374 bona
2831 5316 2973 5372 mihi
3011 5312 3383 5371 conciliasset
3419 5312 3480 5367 id
3503 5310 3669 5385 quod

2018 5415 2161 5472 mihi
2184 5410 2432 5470 intulisti
2471 5408 2847 5481 supplicium.
2896 5405 3058 5460 Nunc
3081 5408 3280 5459 autem
3307 5401 3453 5476 quid
3488 5416 3668 5473 agam
