4154 6192
459 272 564 328 643

1766 266 2016 324 MENSIS
2057 265 2508 324 SEPTEMBEB.

3716 276 3824 333 644

460 412 618 453 caeco
656 397 1011 469 praelucens,
1053 402 1110 455 et
1157 398 1339 455 surdo
1378 412 1600 454 canens
1625 397 1654 453 7
1687 395 1743 452 Si
1786 393 1939 450 enim
1993 408 2108 449 non

2226 393 2282 445 Εἰ
2323 398 2425 466 γὰρ
2474 394 2653 460 οὕτως,
2701 394 2740 448 ὦ
2783 393 3031 465 δικαστὰ,
3073 404 3145 471 μὴ
3194 396 3444 467 διέκεισο,
3482 398 3729 467 συνεῖδες,
3765 401 3825 454 ἂν

459 489 541 542 sic
571 486 818 543 aﬂ'ectus
844 504 1024 556 esses,
1049 505 1083 544 o
1110 486 1721 561 judex,intellexisses
1749 483 1957 540 Christi
1981 500 2111 554 gra-

460 577 601 632 tiam
641 588 693 631 et
746 576 1040 641 virtutem,
1081 595 1216 649 quae
1251 593 1343 633 me
1374 576 1709 632 conﬁrmat.
1757 576 1911 628 Num
1951 572 2110 627 enim

458 670 633 737 putas
657 666 781 721 sine
812 683 881 722 ea
913 673 1033 723 tam
1066 667 1231 723 facile
1254 666 1531 722 affectum
1561 666 1629 719 iri
1652 679 1793 734 erga
1821 667 2115 719 tormenta

461 770 699 811 carnem
723 757 1149 825 etsanguinem
1170 758 1197 812 ξ)
1219 755 1276 813 Si
1295 770 1434 825 ergo
1459 755 1543 809 sic
1569 754 1770 823 sentis,
1804 753 1851 807 si
1882 768 1954 808 ea
1977 768 2113 823 quae

464 848 601 898 sunt
651 859 771 915 pra)
810 844 1088 915 pedibus,
1136 861 1255 900 non
1292 851 1460 917 potes
1516 843 1753 912 intueri,
1809 841 2115 914 quomodo

463 948 582 987 non
636 939 775 989 sunt
804 933 1008 989 omnia
1053 940 1155 990 tua
1186 934 1387 998 surda,
1430 937 1486 989 et
1517 948 1690 998 caeca,
1743 937 1798 987 et
1844 930 1955 986 diis
2004 930 2116 985 tuis

463 1021 698 1077 similia.

536 1111 762 1166 IV.Dux
803 1116 1001 1166 autem
1046 1111 1221 1167 valde
1264 1111 1482 1175 ridens,
1541 1110 1653 1166 etsi
1704 1113 1931 1180 martyr
1975 1123 2118 1163 non.

470 1200 615 1255 dum
644 1208 931 1256 cessasset
956 1201 1150 1256 dicere
1181 1217 1193 1257 :
1234 1204 1485 1256 Tantum
1522 1200 1711 1262 abest,
1743 1199 1952 1270 inquit,
1989 1202 2115 1253 utte

466 1296 619 1343 recte
659 1289 871 1344 sentire
903 1289 1258 1358 existimem,
1310 1295 1363 1346 et
1408 1289 1648 1343 credam
1696 1288 1765 1342 iis
1812 1303 1948 1359 qua:
1990 1302 2024 1341 a
2063 1292 2116 1341 te

456 1377 755 1445 dicuntur,
799 1381 863 1432 ut
899 1376 1109 1433 futuris
1149 1379 1457 1433 tormentis
1497 1377 1609 1432 sim
1664 1375 2002 1443 effecturus,
2055 1378 2117 1431 ut

462 1466 782 1521 modestior
801 1466 1070 1521 reddaris
1087 1471 1143 1522 et
1173 1465 1519 1538 sapientior.
1547 1468 1767 1520 Rursus
1792 1470 1992 1519 autem
2026 1464 2113 1518 di-

458 1554 533 1609 cit
572 1560 829 1627 martyr:
865 1555 1001 1609 Haac
1048 1555 1228 1610 verba
1261 1561 1314 1609 te
1350 1569 1587 1624 magnas
1620 1559 1878 1624 arguunt
1912 1568 2116 1608 amen-

462 1643 557 1699 tia;
588 1661 600 1709 ;
636 1645 739 1699 sed
769 1645 1054 1717 quoniam
1090 1643 1340 1700 conﬁdis
1373 1644 1431 1699 in
1473 1644 1801 1709 tormentis,
1834 1648 1890 1697 et
1928 1641 2117 1698 credis

2224 485 2316 539 τὴν
2361 480 2711 554 ἐνισχύουσάν
2757 504 2821 557 με
2853 494 2943 538 τοῦ
2980 495 3207 559 Χριστοῦ
3255 490 3417 560 χάριν
3456 494 3541 541 καὶ
3574 487 3820 562 δύναμιν.

2223 569 2358 645 ’Δρα
2382 574 2482 643 γὰρ
2510 576 2603 624 οἴει
2650 576 2844 636 ταύτης
2894 582 3065 648 χωρὶς
3110 577 3233 651 ῥᾷον
3286 577 3419 629 οὕτω
3467 584 3598 651 πρός
3646 578 3826 651 βασά-

2224 678 2341 721 νους
2385 662 2515 733 αἷμα
2560 667 2651 713 καὶ
2702 665 2874 734 σάρκα
2925 661 3229 724 διατεθῆναι
3267 683 3280 731 ;
3331 668 3389 719 Εἰ
3419 668 3553 720 οὕτω
3599 677 3821 740 φρονεῖς,

2226 748 2269 800 εἰ
2324 752 2390 800 τὰ
2443 749 2491 801 ἐν
2544 756 2671 803 ποσὶ
2722 760 2888 804 ταῦτα
2941 751 3147 826 βλέπειν
3192 751 3486 821 ἀδυνατείς,
3538 764 3640 817 πῶς
3692 758 3823 828 οὐχὶ

2225 840 2395 890 πάντα
2443 858 2537 891 σου
2579 843 2727 912 κωφά
2772 846 2863 894 καὶ
2910 842 3076 914 τυφλὰ
3119 849 3207 897 καὶ
3256 852 3367 906 τοῖς
3408 848 3539 907 θεοῖς
3569 854 3678 907 τοῖς
3711 854 3826 907 σοίς

2226 928 2380 999 ὃμοια
2407 945 2420 992 ;

2298 1105 2367 1159 Δ’.
2396 1112 2454 1157 Ὁ
2504 1104 2563 1159 δὲ
2605 1108 2745 1179 μάλα
2772 1108 2994 1180 γελάσας
3041 1113 3066 1163 6
3125 1109 3271 1176 δούξ,
3324 1117 3482 1183 μήπω
3525 1120 3616 1165 τοῦ
3663 1113 3825 1185 λέγειν

2225 1200 2559 1266 παυσαμένου
2595 1205 2685 1249 τού
2738 1200 3020 1273 μάρτυρος,
3068 1208 3345 1265 Τοσοῦτον,
3401 1208 3579 1273 φησὶν,
3640 1202 3826 1274 ἀπέχω

2226 1293 2316 1337 τού
2367 1285 2535 1347 καλῶς
2592 1306 2647 1339 σε
2696 1295 2892 1359 φρονεῖν
2945 1292 3167 1355 οἴεσθαι,
3220 1296 3308 1343 καὶ
3364 1298 3473 1353 τοῖς
3526 1295 3668 1365 παρὰ
3728 1300 3826 1344 σού

2225 1374 2509 1445 λεγομένοις
2562 1379 2856 1441 πεισθῆναι,
2923 1380 3001 1431 ὅτι
3067 1384 3155 1430 καὶ
3221 1384 3277 1432 σε
3334 1380 3522 1451 μᾶλλον
3577 1380 3829 1451 ἀγωνιού-

2226 1484 2322 1534 μαι
2373 1472 2488 1526 ταῖς
2551 1465 2855 1537 μελλούσαις
2919 1465 3172 1538 βασάνοις
3227 1468 3530 1539 μεταϐαλεῖν
3583 1474 3710 1542 πρὸς
3767 1474 3825 1522 τὸ

3625 1566 3665 1611 Π
3672 1560 3790 1617 ολλὴ
3799 1581 3824 1609 ν

2228 1644 2402 1694 άνοιάν
2445 1663 2537 1695 σου
2594 1652 2872 1715 κατηγορεῖ
2920 1648 2983 1696 τὰ
3037 1646 3250 1719 ῥήματα
3286 1654 3451 1698 ταῦτα
3481 1668 3492 1680 ·
3534 1648 3665 1705 πλὴν
3714 1647 3825 1700 ἐπεὶ

2230 1559 2653 1629 σωφρονέστερον.
2710 1561 2808 1607 Καὶ
2857 1556 2882 1607 6
2931 1558 3128 1630 μάρτυς
3181 1553 3329 1619 αὖθίς
3385 1577 3517 1629 φησι
3563 1578 3574 1591 ⁸

455 1733 583 1789 ﬁeri
617 1749 785 1804 posse
818 1741 880 1788 ut
904 1733 996 1788 his
1022 1750 1114 1788 me
1137 1734 1526 1803 persuadeas,
1559 1748 1671 1802 ego
1702 1731 1948 1803 quidem
1982 1748 2108 1785 sum

2230 1730 2484 1805 βασάνοις
2535 1737 2592 1783 τὸ
2642 1732 2843 1807 θαρρεῖν
2893 1737 3049 1804 ἔχεις,
3091 1740 3179 1786 καὶ
3228 1738 3445 1797 ταύταις
3494 1739 3588 1788 οίει
3630 1740 3693 1809 με
3736 1756 3826 1808 με·

456 1839 673 1894 prope:
708 1839 925 1878 manus
967 1829 1165 1878 autem
1218 1823 1490 1878 lictorum
1533 1838 1654 1878 non
1700 1826 1837 1877 sunt
1884 1820 2114 1892 procul.

457 1912 660 1968 Libere
695 1928 835 1981 ergo
866 1912 1075 1983 loquar
1114 1912 1171 1967 in
1205 1912 1553 1967 necessitate
1587 1909 1829 1982 spiritus
1855 1908 1995 1973 mei,
2038 1914 2111 1975 et,

454 2007 519 2057 ut
539 2002 619 2057 ait
648 2001 888 2056 divinus
910 2000 1023 2056 Job
1055 2002 1097 2066 ³,
1129 2002 1394 2072 aperiam
1420 2016 1488 2055 os
1511 2016 1735 2067 meum,
1757 1999 1919 2071 quod
1954 2015 2116 2055 ama-

456 2092 710 2147 ritudine
751 2092 968 2147 animas
999 2098 1334 2147 coarctatur
1376 2108 1390 2146 :
1425 2096 1479 2146 et
1509 2090 1740 2145 videbis
1783 2106 1876 2145 me
1903 2089 2112 2162 quavis

458 2186 655 2237 statua
694 2180 1056 2245 solidiorem,
1113 2185 1168 2235 et
1220 2180 1445 2251 patibili
1477 2186 1692 2235 natura
1722 2179 2111 2251 superiorem.

455 2271 621 2341 Apud
646 2270 832 2324 Deum
865 2268 1025 2323 enim
1050 2285 1251 2324 meum
1271 2274 1357 2324 est
1381 2270 1561 2324 virtus
1592 2274 1647 2324 et
1677 2266 1932 2339 potentia
1958 2283 2112 2331 mea,

457 2364 513 2414 et
561 2359 620 2413 in
674 2359 805 2430 ipso
848 2364 933 2412 est
986 2374 1122 2429 spes
1167 2373 1298 2413 mea
1347 2363 1401 2413 et
1443 2358 1750 2413 auxilium.
1798 2358 1940 2412 Cum
1987 2356 2111 2411 haec

455 2446 639 2503 verba
679 2447 1008 2518 accepisset
1046 2446 1252 2519 Lysias
1286 2464 1297 2501 :
1342 2450 1433 2513 Es,
1475 2447 1685 2520 inquit,
1733 2447 1934 2502 audax
1980 2462 2106 2502 con-

460 2537 745 2604 cionator,
779 2543 835 2591 et
873 2537 929 2591 in
977 2553 1086 2592 nos
1130 2537 1323 2592 ﬂuens
1372 2552 1595 2606 magna
1634 2535 1870 2592 dicendi
1919 2536 2112 2607 copia,

457 2632 514 2682 et
560 2626 845 2681 adversus
901 2625 1046 2681 deos
1098 2626 1360 2698 glorians
1419 2631 1471 2682 te
1523 2625 1783 2697 jactitas.
1849 2628 2115 2681 Tuamne

457 2720 718 2771 mentem
745 2716 913 2783 fugit,
960 2723 1010 2770 te
1042 2715 1263 2788 alloqui
1298 2715 1636 2787 prtesidem,
1669 2716 1773 2787 qui
1822 2718 1937 2769 tua:
1983 2715 2116 2769 vitm

458 2804 639 2860 habet
666 2810 1041 2875 potestatem,
1085 2821 1220 2860 cum
1250 2804 1330 2859 sis
1357 2821 1511 2860 unus
1548 2820 1619 2859 ex
1641 2803 1864 2869 multis,
1889 2809 1943 2858 et
1968 2803 2116 2860 rela-

462 2900 555 2946 tus
622 2893 702 2945 sis
756 2891 815 2946 in
868 2908 1189 2946 numerum
1251 2892 1542 2947 militum?
1582 2892 1677 2947 Ille
1725 2907 1865 2946 vero
1919 2908 1932 2946 :
1990 2894 2116 2946 Non

454 2982 684 3051 ignoro,
733 2982 943 3052 inquit,
999 2982 1100 3035 sed
1149 2980 1208 3034 in
1260 2980 1556 3035 Christum
1594 2981 1780 3051 pietas
1824 2980 1920 3035 dat
1968 2978 2115 3035 mihi

2228 1827 2509 1885 ταπείσειν,
2561 1820 2714 1892 ἐγγύς
2770 1824 2859 1893 μὲν
2902 1821 3020 1893 ἐγω,
3072 1825 3124 1875 αὶ
3173 1820 3232 1875 δε
3284 1820 3488 1895 δημίων
3535 1833 3707 1899 χεῖρες
3762 1825 3825 1877 ού

2226 1909 2505 1985 πόρρωθεν.
2542 1909 2983 1985 Παρῤησιάσομαι
3014 1920 3138 1983 γοῦν
3188 1912 3237 1964 ἐν
3293 1912 3487 1987 ἀνάγκη
3543 1923 3634 1967 τοῦ
3674 1919 3827 1967 πνεύ-

2226 2006 2384 2071 ματός
2413 2019 2535 2071 μου,
2580 2005 2691 2067 καὶ,
2722 2004 2857 2051 κατὰ
2895 2004 2982 2052 τὸν
3024 2000 3163 2065 Ἰὼϐ,
3213 2000 3396 2065 ἀνοίξει)
3427 2007 3483 2055 τὸ
3528 2008 3696 2075 στόμα
3721 2023 3826 2075 μου

2226 2094 2412 2163 πικρίᾳ
2445 2091 2615 2159 τύχης
2660 2094 3005 2160 συνεχόμενος
3037 2107 3049 2120 ·
3086 2090 3202 2161 ἅψει
3246 2110 3308 2163 με
3352 2095 3540 2153 παντός
3580 2089 3821 2164 ἀνδριάν·

2226 2197 2311 2238 τος
2393 2176 2741 2252 στερῥότερον,
2815 2183 2902 2230 καὶ
2985 2182 3227 2241 παθητῆς
3296 2179 3542 2252 ἀνώτερον
3602 2184 3820 2253 φύσεως.

2229 2269 2378 2341 Παρά
2404 2269 2506 2341 γὰρ
2550 2275 2620 2337 τῷ
2663 2271 2770 2336 Θεῷ
2818 2286 2918 2339 μου
2949 2270 2979 2325 ἡ
3025 2268 3187 2339 ἰσχύς
3240 2274 3328 2321 καὶ
3377 2273 3436 2321 τὸ
3484 2273 3668 2340 κράτος
3698 2290 3821 2341 μου,

2226 2362 2315 2408 καὶ
2358 2358 2479 2431 παρ’
2532 2356 2671 2426 αύτῷ
2719 2358 2749 2413 ἡ
2799 2354 2935 2416 ἐλπίς
2981 2376 3081 2427 μου
3134 2363 3223 2409 καὶ
3267 2360 3296 2415 ἡ
3352 2357 3584 2430 βοήθεια.
3630 2367 3824 2411 Τοῦτον

2226 2448 2251 2497 ό
2278 2450 2483 2505 Λυσίας
2535 2448 2620 2496 τόν
2664 2444 2812 2515 λόγον
2852 2444 3162 2519 παραλαϐών
3198 2465 3208 2475 ·
3245 2450 3463 2520 Θρασύς
3508 2468 3585 2510 τις
3632 2445 3678 2500 εἴ
3721 2445 3820 2505 δη-

2225 2539 2474 2609 μηγόρος,
2527 2537 2642 2605 ἔφη,
2676 2538 2763 2586 καὶ
2811 2536 2927 2585 καθ’
2959 2536 3105 2606 ἡμῶν
3148 2535 3307 2597 πολύς
3345 2538 3492 2610 ῥέων,
3544 2540 3677 2589 κατά
3720 2546 3822 2588 τῶν

2228 2627 2350 2677 θεῶν
2393 2628 2785 2697 φρυαττόμενος.
2830 2628 2893 2674 Ἤ
2945 2619 3261 2696 διαπέφευγέ
3312 2644 3406 2677 σου
3460 2630 3547 2677 τόν
3594 2634 3710 2677 νούν
3743 2627 3823 2677 ὅτι

2226 2715 2449 2787 ἄρχοντι
2507 2710 2721 2784 διαλέγῃ
2778 2721 2869 2773 τῆς
2926 2720 3024 2775 σῆς
3072 2714 3293 2784 κεφαλῆς
3338 2714 3819 2779 κατεξουσιάζοντι,

2226 2801 2354 2877 ἀνὴρ
2408 2805 2507 2854 τὼν
2569 2802 2765 2854 πολλῶν
2818 2802 2899 2861 ὠν,
2980 2807 3069 2854 καὶ
3139 2805 3374 2875 τάγμασι
3430 2812 3823 2876 στρατιωτικοῖς

2226 2891 2520 2966 ἐναρίθμιος
2553 2908 2565 2958 ;
2601 2896 2701 2944 Καὶ
2758 2890 2831 2954 ὃς,
2886 2890 2995 2943 Ούκ
3050 2890 3238 2961 ἀγνοῶ,
3296 2896 3411 2965 ἔφη,
3467 2892 3595 2944 ἀλλὰ
3646 2898 3704 2944 τό
3751 2893 3822 2954 εἰς

2226 2987 2455 3055 Χριστόν
2518 2981 2719 3042 εὐσεϐὲς
2768 2982 2901 3033 οὕτω
2964 2980 3166 3056 θαρῥείν
3214 2987 3303 3034 καὶ
3359 2983 3823 3057 παρρησιάζεσθαι

454 3077 682 3125 tantam
716 3070 1055 3135 audaciam,
1098 3074 1155 3123 et
1193 3068 1477 3141 loquendi
1519 3070 1866 3125 libertatem.
1914 3075 2108 3139 Angor

2228 3068 2445 3126 δίδωσι.
2481 3071 2689 3145 Πλήρης
2723 3067 2781 3122 δε
2808 3074 3020 3142 γίνομαι
3058 3071 3240 3135 λύπης,
3288 3073 3367 3123 ὅτι
3408 3078 3480 3143 μή
3530 3071 3643 3123 ἐστί
3681 3092 3763 3134 τις
3792 3074 3819 3124 6

454 3162 653 3213 autem
688 3157 910 3223 animo,
934 3157 1096 3228 quod
1130 3172 1251 3211 non
1288 3156 1362 3211 sit
1393 3156 1607 3229 aliquis
1630 3156 1753 3213 sine
1780 3158 2111 3225 affectione,

454 3245 628 3301 simul
697 3253 752 3301 et
801 3245 1095 3316 sapienter
1138 3245 1537 3315 judicaturus.
1609 3248 1773 3302 Forte
1847 3248 2025 3312 enim,
2077 3263 2113 3303 o

454 3335 642 3406 Lysia,
688 3335 785 3389 Dei
813 3334 1083 3409 omnium
1115 3333 1407 3390 eﬂ'ectoris
1435 3335 1782 3406 agnovisses
1812 3336 2109 3404 virtutem,

450 3427 508 3479 et
553 3423 699 3478 deos
751 3422 935 3478 falsos
988 3422 1471 3494 contempsisses.
1530 3426 1643 3481 Sed
1696 3442 1801 3481 cur
1847 3425 2110 3481 studium

450 3517 725 3568 nostrum
768 3512 931 3567 nihili
957 3511 1191 3569 fecisti?
1224 3512 1290 3567 In
1322 3529 1590 3585 quonam
1621 3519 1820 3570 autem
1850 3514 1976 3586 ipse
2008 3514 2110 3571 tibi

450 3601 671 3674 places,
714 3607 769 3657 et
792 3601 1076 3674 praeclare
1107 3602 1180 3656 de
1212 3607 1266 3656 te
1298 3602 1479 3657 sentis
1500 3603 1528 3659 ?
1564 3604 1632 3658 Es
1670 3606 1831 3658 enim
1868 3620 2105 3675 praeses,

450 3694 594 3746 etex
626 3690 1007 3755 sublimibus,
1050 3707 1172 3746 non
1213 3690 1269 3745 id
1314 3693 1699 3761 negaverim;
1731 3693 1873 3748 nihil
1906 3698 2106 3749 tamen

450 3795 486 3835 a
525 3784 730 3835 nostra
756 3779 959 3834 differs
991 3781 1297 3835 communi
1340 3786 1571 3836 natura.
1602 3785 1749 3838 Nam
1774 3787 1834 3837 tu
1864 3798 2106 3854 quoque

448 3885 511 3924 es
536 3869 741 3933 homo,
770 3869 831 3925 in
862 3886 1042 3942 quem
1091 3886 1251 3925 mors
1299 3870 1457 3925 cadit
1494 3877 1549 3925 et
1592 3872 1877 3928 interitus.
1908 3873 1970 3927 In
1997 3889 2106 3928 nos

448 3964 651 4014 autem
694 3958 1035 4014 absolutam
1075 3975 1195 4013 non
1235 3959 1421 4014 habes
1469 3964 1846 4031 potestatem,
1893 3968 2107 4032 printer

447 4063 634 4119 quam
671 4048 731 4102 in
780 4047 974 4102 solum
1014 4064 1254 4119 corpus.
1310 4052 1442 4119 Ipsa
1499 4055 1700 4105 autem
1746 4065 1841 4105 me
1889 4051 2106 4106 docent

448 4136 654 4191 divina
683 4135 929 4208 Eloquia
960 4136 1003 4199 ‘,
1038 4152 1157 4191 non
1190 4137 1393 4191 timere
1424 4152 1546 4202 eos,
1574 4138 1677 4209 qui
1707 4154 1923 4209 corpus
1948 4139 2106 4194 occi-

445 4224 614 4290 dunt,
659 4225 926 4280 animam
969 4230 1171 4280 autem
1220 4240 1339 4280 non
1372 4233 1617 4296 possunt
1647 4227 1936 4293 occidere,
1979 4228 2103 4284 sed-

446 4312 613 4368 ilium
655 4315 851 4385 potius
882 4312 1285 4379 extimescere,
1339 4315 1441 4385 qui
1485 4331 1702 4386 corpus
1741 4322 1797 4372 et
1835 4317 2100 4373 animam

2226 3157 2460 3213 δικάσων
2499 3161 2623 3230 ἡμῖν
2673 3158 2885 3221 ἀπαθῶς
2940 3159 3049 3231 ἅμα
3095 3166 3182 3212 καὶ
3235 3169 3456 3223 συνετῶς
3491 3178 3502 3189 ·
3537 3160 3644 3214 ἐπεὶ
3692 3162 3819 3232 τάχ’

2224 3249 2322 3317 ἀν’,
2355 3247 2394 3299 ὦ
2443 3254 2638 3314 Λυσία,
2672 3254 2758 3300 καὶ
2800 3257 3126 3320 παντουργού
3173 3257 3305 3302 Θεοῦ
3332 3250 3616 3323 ἕγνὼρισας
3666 3246 3825 3302 δύνα-

3453 3339 3590 3397 Πλὴν
3648 3338 3715 3400 εἰς
3769 3344 3822 3391 τί

2222 3433 2311 3480 καὶ
2354 3431 2411 3479 τό
2456 3424 2782 3498 ἐπιτήδευμα
2835 3426 3028 3499 τούμόν
3085 3425 3434 3489 ἐξουδενωσας
3505 3426 3552 3480 ἐν
3608 3432 3711 3479 τίνι
3760 3424 3821 3480 δε

2222 3360 2330 3411 μιν,
2390 3343 2478 3391 καὶ
2523 3335 2735 3409 ψευδῶν
2782 3340 2903 3390 θεῶν
2965 3345 3375 3412 κατεφρόνησας.

3036 3514 3250 3588 ’Ἄρχων
3306 3520 3396 3589 μὲν
3443 3520 3542 3589 γὰρ
3601 3513 3663 3579 εἶ,
3723 3521 3816 3569 καὶ

3219 3602 3372 3658 ούδὶν
3441 3602 3501 3658 δε
3546 3613 3610 3677 τῇ
3665 3612 3811 3677 κοινῇ

2219 3699 2369 3767 φύσει
2420 3694 2785 3767 παραλλάττων
2837 3695 2982 3765 ἡμῶν
3015 3693 3169 3746 ’ἐπεὶ
3219 3699 3307 3745 καὶ
3356 3694 3513 3754 αὐτὸς
3550 3695 3817 3765 ἄνθρωπος

2220 3787 2419 3856 θανάτῳ
2468 3786 2796 3855 ὑποκείμενος
2843 3788 2931 3834 καὶ
2981 3784 3167 3854 φθορᾷ.
3216 3782 3574 3845 Ἐξουσιάζεις
3618 3779 3677 3835 δὲ
3707 3784 3814 3854 οὐχ

2216 3876 2360 3947 ἡμῶν
2416 3873 2607 3939 ἁπλῶς,
2664 3872 2790 3924 ἀλλα
2845 3878 2995 3944 μόνον
3054 3880 3144 3923 τοῦ
3198 3878 3437 3944 σώματος
3481 3890 3492 3902 ’
3526 3872 3660 3923 αὐτὰ
3708 3875 3810 3947 γάρ

2220 3522 2309 3569 καὶ
2362 3517 2517 3578 αὐτὸς
2571 3522 2903 3589 μεγαφρονεῖς
2961 3534 2972 3581 ;

2217 3614 2313 3659 τῶν
2362 3605 2592 3677 ὑψηλῶν,
2650 3605 2743 3657 ούκ
2799 3604 3087 3677 ἀρνήσομαι
3146 3623 3158 3635 ·

2215 3983 2277 4035 με
2318 3965 2384 4015 τὰ
2425 3966 2536 4016 θεία
2580 3959 2908 4014 διδάσκουσι
2952 3960 3104 4031 λόγια
3152 3966 3220 4033 μὴ
3265 3960 3537 4033 φοϐεῖσθαι
3578 3959 3676 4013 ἀπὸ
3711 3970 3815 4013 τῶν

2216 4052 2611 4105 ἀποκτεινόντων
2660 4054 2717 4102 τὸ
2774 4058 2944 4121 σῶμα,
3004 4054 3091 4107 τὴν
3151 4046 3210 4102 δὲ
3264 4049 3450 4122 ψυχὴν
3515 4049 3815 4103 ἀποκτεῖναι

2212 4147 2283 4214 μὴ
2333 4139 2627 4212 δυναμένων
2661 4161 2673 4173 ·
2723 4138 2909 4191 ἐκεῖνον
2963 4137 3021 4191 δε
3061 4137 3250 4210 μᾶλλον
3308 4144 3533 4211 φρίττειν
3585 4144 3674 4191 καὶ
3732 4135 3816 4191 δε-

2214 4228 2444 4283 δοικέναι
2469 4233 2552 4282 τόν
2595 4233 2683 4280 καὶ
2701 4227 2887 4298 ψυχὴν
2918 4233 3007 4279 καὶ
3049 4236 3200 4298 σῶμα
3232 4223 3514 4299 δυνάμενον
3543 4235 3605 4298 τῇ
3635 4232 3810 4300 γεέννῃ

2211 4316 2607 4383 καταδικάζειν,
2639 4320 2751 4378 ἣτις
2778 4316 3040 4379 ἐκδέξεταί
3070 4334 3125 4368 σε
3145 4320 3232 4367 τόν
3256 4314 3487 4391 ἀμέτρως
3507 4324 3595 4368 νῦν
3619 4335 3813 4389 φρυατ-

445 4405 645 4473 potest
701 4402 979 4472 gehenna
1035 4403 1473 4459 condemnare:
1533 4420 1669 4476 quae
1728 4412 1780 4459 te
1830 4405 2099 4477 accipiet,

2220 4415 2439 4481 τόμενον,
2472 4408 2649 4468 αὐτοῖς
2679 4408 2810 4467 θεοῖς
2861 4425 2954 4458 σου
2988 4411 3078 4458 καὶ
3115 4402 3365 4477 δαίμοσιν
3411 4406 3630 4467 αὶωνίως
3660 4405 3811 4458 κολα-

445 4492 578 4548 licet
610 4507 769 4547 nunc
813 4492 1135 4548 immodice
1188 4493 1562 4563 gloriantem,
1619 4511 1756 4550 cum
1801 4495 1945 4566 ipsis
1994 4495 2100 4551 diis

446 4582 561 4637 tuis
588 4586 645 4636 et
664 4580 1044 4636 daemonibus
1073 4581 1131 4635 in
1164 4588 1451 4637 aeternum
1478 4584 1869 4655 puniendum.

518 4672 580 4724 V.
616 4668 712 4725 His
758 4670 949 4739 magis
998 4670 1075 4725 ad
1108 4670 1257 4725 iram
1290 4672 1616 4727 concitatus
1664 4671 1894 4744 Lysias,
1932 4672 2101 4745 jubet

446 4764 774 4831 martyrem
805 4758 958 4815 trabi
1001 4774 1331 4830 appensum
1361 4760 1559 4815 ferreis
1592 4760 1802 4818 laniari
1838 4763 2094 4832 ungulis.

449 4848 770 4921 Postquam
801 4854 995 4903 autem
1016 4853 1241 4919 martyr
1266 4850 1448 4904 sensit
1474 4854 1835 4905 tormentum
1861 4852 2098 4920 gravius

448 4937 782 5010 (quomodo
832 4936 990 4991 enim
1047 4942 1244 4992 essent
1295 4953 1553 5002 coronaa.
1599 4937 1713 4993 nisi
1762 4940 2098 5010 exciperent

446 5027 686 5083 labores
714 5032 769 5082 et
800 5027 1037 5082 dolores
1066 5027 1133 5092 ?),
1157 5028 1292 5081 Jesu
1325 5026 1569 5098 Christe,
1591 5028 1966 5094 exclamavit,
1995 5032 2097 5101 qui

448 5117 612 5172 solus
667 5117 811 5172 facis
864 5133 900 5171 a
965 5116 1180 5171 saeculo
1238 5117 1554 5183 mirabilia,
1609 5118 1710 5189 qui
1765 5134 2096 5191 suspensus

446 5204 605 5261 fuisti
647 5206 706 5261 in
738 5221 931 5271 cruce,
969 5212 1025 5261 et
1066 5206 1147 5260 sic
1198 5206 1523 5277 superbum
1565 5206 1831 5279 dejecisti
1862 5211 1999 5281 :qui
2038 5211 2095 5264 in

445 5294 803 5350 hodiernum
838 5310 1022 5367 usque
1053 5294 1208 5349 diem
1243 5294 1522 5364 magniﬁs
1551 5300 1609 5350 et
1637 5296 1932 5351 extolleris
1968 5314 2097 5367 pro-

446 5386 575 5452 pter
614 5399 797 5455 opera
842 5389 944 5439 tua
988 5382 1415 5439 admirabilia:
1459 5384 1588 5439 veni
1620 5384 1697 5438 ad
1716 5400 1808 5439 me
1857 5400 2095 5441 servan-

520 5566 539 5597 ³
570 5560 677 5618 Job
710 5576 803 5627 vn,
841 5564 921 5615 11.
1037 5562 1057 5595 ⁴
1084 5561 1281 5618 Matth.
1321 5578 1380 5629 x,
1409 5564 1497 5620 28.

2215 4501 2314 4556 σθη
2325 4503 2384 4550 σό
2390 4517 2555 4570 μενον.

2282 4674 2353 4728 Ε’.
2384 4676 2593 4733 Τούτοις
2644 4673 2713 4734 εἰς
2757 4671 2915 4747 ὀργὴν
2946 4672 3153 4726 πλείονα
3196 4675 3222 4725 6
3272 4678 3478 4734 Λυσίας
3526 4670 3809 4743 ἐξενεχθεὶς

2208 4766 2398 4817 κελεύει
2454 4768 2539 4815 τόν
2591 4766 2833 4836 μάρτυρα
2918 4762 3064 4837 ἰκρίῳ
3145 4761 3497 4837 ἀναρτηθίντα
3550 4761 3690 4824 ὄνυξι
3746 4765 3807 4813 τό

2212 4862 2365 4925 σῶμα
2431 4849 2673 4925 σιδηροῖς
2729 4852 2952 4914 ξέεσθαι.
3006 4851 3093 4913 Ὠς
3151 4848 3238 4904 οὖν
3291 4853 3316 4903 6
3357 4854 3561 4925 μάρτυς
3615 4847 3806 4923 δριμυ-

2208 4947 2357 5017 τέρας
2388 4944 2579 5014 ᾔσθετο
2610 4948 2702 5003 τῆς
2736 4941 2969 5012 βασάνου
3025 4943 3139 5011 (καὶ
3188 4949 3297 5002 πῶς
3344 4943 3446 5011 γὰρ
3489 4939 3548 4991 ἆν
3586 4936 3806 5000 δικαίως

2208 5034 2255 5083 όί
2316 5036 2572 5102 στέφανοι,
2633 5030 2677 5082 εἰ
2723 5036 2793 5102 μὴ
2850 5035 3031 5090 πόνους
3085 5028 3359 5101 ἠμείϐοντο
3407 5034 3497 5080 καὶ
3547 5025 3740 5089 ὀδύνας
3765 5029 3804 5099 ;)

2208 5124 2386 5178 Ἰησοῦ
2434 5122 2648 5192 Χριστε,
2713 5118 2939 5179 ἐϐόησεν,
2994 5121 3019 5170 ό
3077 5128 3239 5170 ποιῶν
3296 5124 3451 5191 μόνος
3519 5117 3571 5180 ἐξ
3626 5117 3808 5177 αἰῶνος

2210 5211 2498 5282 θαυμάσια,
2546 5209 2569 5259 ό
2618 5206 2701 5260 ἐπὶ
2761 5216 2848 5260 τοῦ
2900 5216 3127 5281 σταυροῦ
3181 5208 3517 5280 κρεμασθεὶς,
3574 5210 3664 5257 καὶ
3718 5209 3807 5257 τὸν

2207 5301 2524 5373 ὑπερήφανον
2581 5298 2716 5350 ούτω
2762 5295 3081 5360 καταϐαλὼν,
3129 5298 3153 5347 6
3203 5300 3366 5368 μέχρι
3414 5300 3502 5347 καὶ
3548 5302 3635 5346 νῦν
3689 5301 3803 5357 τοῖς

2209 5384 2530 5462 παραδοξοις
2589 5395 2687 5437 τῶν
2747 5388 2905 5459 ἔργων
2965 5384 3391 5457 μεγαλυνόμενος,
3449 5384 3561 5436 ἐλθε
3618 5383 3690 5445 εἰς
3744 5386 3805 5435 τό
