4154 6192
255 292 367 348 645

1448 290 1893 350 MARTYRIUM
1934 292 1993 346 S.
2036 289 2440 346 SI‘ZVERIAM.

3512 287 3620 341 646

260 421 430 470 σῶσαί
460 436 541 489 με,
596 421 797 470 καὶτὸν
848 421 938 488 μὲν
971 418 1238 494 βραχιονα
1292 427 1383 471 τοῦ
1432 418 1737 494 ἁμαρτωλοῤ
1766 422 1854 469 καὶ

1972 417 2213 481 dum,et
2255 414 2566 471 brachium
2609 412 2853 484 quidem
2900 410 3222 483 peccatoris
3264 415 3320 467 et
3370 410 3617 480 maligni

254 514 482 576 πονηροῦ
544 505 846 579 σύντριῲον,
905 511 969 559 τὰ
1023 504 1081 560 δὲ
1138 515 1236 559 τῶν
1295 509 1428 580 ἐμῶν
1473 509 1643 579 ἄρθρα
1693 506 1856 579 μελῶν

255 594 499 666 λελυμένα
557 596 862 667 σύσφιγξον,
914 596 1095 667 ἀγαθὲ,
1148 603 1236 648 καὶ
1285 594 1372 657 δός
1420 617 1509 668 μοι
1559 600 1645 648 τὸν
1682 596 1858 668 ἀγῶνα

256 692 434 736 τοῦτον
486 682 736 737 διανυσαι
788 693 880 737 τοῦ
933 691 1243 760 μαρτυρίου·
1301 686 1457 739 λῦσον
1511 683 1570 738 δε
1619 691 1709 737 καὶ
1764 690 1858 742 τὴν

256 773 581 844 ἐπικειμένην
661 783 731 845 τῷ
785 781 940 828 παντὶ
1013 794 1107 827 σου
1173 780 1400 847 ποιμνίῳ
1478 781 1848 845 σκοτόμαιναν.

254 861 411 932 Ὁρᾷς
454 862 523 923 εἰς
572 864 694 914 ὅσον
734 863 892 936 ἧρθη,
940 869 1029 916 καὶ
1074 867 1206 925 ὅπως
1246 867 1416 916 πάντα
1458 861 1656 935 σχεδὸν
1696 867 1836 937 περιέ

254 949 423 1005 λαϐεν.
482 952 611 1021 Εἶχε
667 956 757 1023 μεν
806 949 892 1004 οὖν
930 954 1094 1014 οὕτως
1141 954 1302 1024 εὐχῆς
1351 955 1376 1004 ὀ
1430 955 1626 1025 μάρτυς
1671 954 1860 1024 κρεμά-

254 1058 422 1110 μενος·
476 1041 501 1091 6
541 1043 782 1112 τύραννος
818 1039 875 1093 δὲ
924 1043 1110 1103 ἄλλους
1157 1042 1236 1094 ἐπ’
1291 1042 1464 1102 ἄλλοις
1520 1044 1710 1113 ἔπεμπε
1762 1048 1858 1092 τῶν

255 1125 481 1199 δημίων,
539 1132 627 1189 τὰς
659 1127 851 1192 ὀδύνας
899 1130 953 1182 ἐκ
1005 1135 1191 1183 τούτου
1229 1127 1546 1204 δριμυτέρας
1576 1130 1863 1200 ἐπιτεχνώ-

253 1236 421 1288 μενος.
485 1218 623 1271 Ἐπεὶ
677 1216 737 1270 δὲ
790 1219 924 1291 ἐώρα
977 1224 1062 1271 τὸν
1116 1219 1265 1291 ἅγιον
1299 1219 1530 1293 ἀτρέπτῳ
1580 1223 1667 1270 καὶ
1719 1238 1860 1269 συνεο

253 1314 415 1357 στῶτι
463 1315 536 1376 τῷ
588 1313 851 1379 προσώπῳ
883 1312 948 1360 τὰ
998 1310 1291 1381 ἐπαγόμενα
1322 1314 1555 1382 φέροντα,
1604 1306 1859 1380 διαπορη-

255 1393 357 1457 θεὶς
388 1395 631 1455 ἀνεθῆναι
674 1400 764 1467 μὲν
809 1406 908 1449 τῶν
946 1404 1219 1470 μαστίγων
1264 1399 1436 1462 αὐτὸν,
1484 1406 1546 1470 τῇ
1581 1398 1753 1471 εἱρκτῇ
1803 1393 1861 1449 δε

252 1482 621 1557 παραδοθῆναι
654 1483 1028 1541 διακελεύεται.
1064 1487 1124 1539 Ὀ
1158 1489 1359 1560 μάρτυς
1398 1484 1485 1538 οὖν
1516 1486 1859 1558 ἀπαγόμενος,

252 1578 341 1625 καὶ
423 1575 507 1625 οἶα
583 1575 768 1635 αὐταῖς
827 1575 1051 1647 πληγαῖς
1134 1581 1496 1648 σεμνυνόμενος
1554 1573 1644 1627 διὰ
1701 1580 1860 1644 μέσου

254 1660 376 1714 ἐϐόα
424 1671 516 1725 τῆς
561 1664 755 1725 πόλεως
781 1682 793 1719 :
820 1668 884 1717 Οἱ
927 1669 993 1717 τὰ
1034 1668 1313 1739 τραύματα
1360 1674 1459 1716 τῶν
1504 1673 1594 1717 τοῦ
1630 1667 1862 1737 Χριστοῦ

1965 512 2224 573 contere,
2249 520 2520 559 meorum
2539 508 2739 557 autem
2770 500 3175 555 membrorum
3197 499 3475 555 articulos
3505 500 3623 555 dis-

1967 594 2192 649 solutos
2223 593 2435 661 colliga
2476 598 2530 645 et
2573 591 2697 656 uni,
2746 605 2783 645 o
2823 590 2979 643 bone
3015 604 3027 642 :
3063 596 3116 642 et
3163 589 3423 644 concede
3454 590 3618 655 mihi,

1969 689 2031 737 ut
2062 683 2281 753 possim
2318 696 2599 752 peragere
2630 679 2743 734 hoc
2773 683 3077 732 certamen
3126 677 3417 748 martyrii.
3453 679 3623 735 Solve

1970 778 2169 827 autem
2194 771 2374 827 etiam
2406 786 2560 839 eam,
2588 785 2723 841 quae
2757 774 2855 823 tuo
2893 766 3061 835 gregi
3110 766 3404 836 imminet,
3426 767 3626 837 caligi-

1970 877 2127 915 nem.
2159 860 2327 914 Vides
2353 875 2540 931 quam
2576 857 2650 912 sit
2674 857 2734 911 in
2767 856 2955 911 altum
3010 854 3186 919 elata,
3234 860 3290 909 et
3337 856 3627 928 quemad-

1971 950 2219 1004 modum
2234 948 2437 1004 omnia
2458 948 2574 1002 l'ere
2587 944 3065 1017 comprehendit.
3082 947 3269 1015 Atque
3284 943 3366 999 sic
3383 945 3623 1015 quidem

1968 1038 2325 1110 precabatur
2375 1041 2600 1108 martyr
2645 1050 3002 1106 suspensus.
3053 1032 3369 1105 Tyrannus
3424 1040 3623 1090 autem

1968 1127 2115 1183 alios
2147 1134 2280 1197 post
2308 1126 2454 1181 alios
2487 1124 2755 1180 mittebat
2778 1124 3034 1186 lictores,
3068 1123 3370 1193 graviores
3409 1139 3480 1178 ex
3510 1124 3625 1179 hoc

1968 1215 2203 1271 dolores
2224 1215 2599 1270 machinans.
2622 1214 2944 1283 Postquam
2965 1219 3161 1265 autem
3180 1210 3328 1266 vidit
3347 1216 3623 1267 sanctum

1969 1304 2321 1360 immutabili
2344 1310 2398 1359 et
2424 1302 2719 1358 constanti
2749 1301 2913 1356 vultu
2939 1300 3228 1355 ferentem
3261 1316 3331 1355 ea
3363 1316 3498 1371 quae
3528 1302 3621 1356 in-

1971 1394 2373 1454 tentabantur,
2429 1392 2613 1446 animi
2667 1390 2909 1455 dubius,
2956 1389 3133 1460 jubet
3186 1404 3323 1443 eum
3379 1390 3623 1460 quidem

1971 1482 2223 1537 relaxari
2267 1498 2301 1536 a
2344 1480 2611 1545 vinculis,
2660 1479 2873 1549 conjici
2924 1484 3123 1532 autem
3176 1478 3235 1531 in
3302 1493 3621 1535 carcerem.

1974 1572 2192 1643 Martyr
2218 1586 2359 1639 ergo
2381 1571 2523 1625 dum
2544 1568 2978 1631 abducebatur,
3004 1574 3056 1621 et
3091 1566 3460 1634 gloriabatur
3479 1583 3627 1638 quo-

1972 1659 2302 1715 dammodo
2317 1658 2524 1730 plagis,
2556 1672 2658 1728 per
2674 1656 2931 1710 mediam
2968 1654 3275 1709 clamabat
3290 1654 3621 1708 civitatem:

256 1750 530 1823 βλέποντες
615 1754 869 1819 ἀθλητῶν,
929 1760 1138 1808 ἐννοεῖτε
1208 1759 1408 1809 τούτων
1475 1758 1565 1815 τὰς
1644 1754 1858 1826 ἀμοιϐάς

1976 1750 2080 1814 Qui
2136 1748 2487 1804 athletarum
2537 1745 2746 1801 Christi
2806 1744 3018 1799 videtis
3084 1742 3355 1807 vulnera,
3415 1757 3624 1797 eorum

253 1847 343 1892 καὶ
388 1846 451 1894 τά
480 1844 695 1897 ἔπαθλα.
748 1848 883 1897 Οὔτε
921 1846 1019 1919 γὰρ
1059 1852 1129 1914 νῷ
1160 1844 1363 1908 ληπτὰ,
1398 1848 1514 1895 οὔτε
1536 1844 1671 1915 λόγῳ
1711 1844 1860 1917 ῥητὰ,

252 1932 355 1981 ὅσα
397 1933 423 1983 6
472 1931 724 1993 ἀθάνατος
776 1934 1033 1995 Βασιλεὺς
1089 1940 1199 1995 τοῖς
1240 1936 1364 2008 ὑπὲρ
1398 1930 1555 1985 αὐτοῦ
1584 1935 1866 2004 πάσχουσι

250 2024 336 2069 καὶ
376 2029 463 2071 νῦν
516 2018 716 2074 δίδωσι
749 2021 936 2093 ἀγαθὰ,
988 2028 1078 2074 καὶ
1130 2023 1198 2083 εἰς
1258 2026 1308 2073 τὸ
1363 2020 1503 2073 ἐπιὸν
1534 2021 1581 2073 ἐν
1630 2022 1865 2094 οὐρανοῖς

248 2112 576 2179 ταμιεύεται.
644 2116 742 2163 Καὶ
788 2112 914 2163 αὐτὸ
959 2120 1110 2164 τοῦτο
1158 2115 1215 2164 τὸ
1261 2114 1387 2183 ὑπὲρ
1449 2112 1603 2163 αὐτοῦ
1634 2114 1862 2182 πάσχειν

245 2197 431 2267 γλυκύ·
490 2202 546 2250 τὸ
597 2198 653 2252 δὲ
710 2207 799 2252 καὶ
844 2197 916 2252 δι’
966 2201 1117 2253 αὐτὸν
1174 2201 1463 2252 ἀποθανεῖν
1526 2198 1699 2259 ἣδιον.
1764 2198 1863 2253 Καὶ

246 2287 361 2358 οἶμα
411 2294 722 2359 παρείποντο
784 2290 960 2342 πολλοὶ
1023 2298 1093 2361 τῷ
1166 2287 1339 2363 ἀνδρὶ,
1404 2289 1599 2364 ἐπέρρει
1657 2287 1715 2342 δὲ
1771 2296 1861 2342 καὶ

247 2375 434 2427 πλείων
486 2377 511 2428 6
541 2378 698 2448 ὄχλος
745 2381 810 2431 τὰ
861 2384 1093 2451 σῶτὴρια
1136 2379 1223 2431 ὑπ’
1256 2379 1415 2431 αὐτοῦ
1457 2375 1858 2451 διδασκόμενοι,

250 2465 343 2524 ἕως
365 2472 457 2525 τῆς
488 2467 717 2537 φυλακῆς
743 2467 896 2526 ἐπέϐη
929 2474 1019 2520 καὶ
1051 2468 1210 2529 αὐτῆς
1238 2472 1360 2520 εἴσω
1382 2472 1642 2539 γεγένητο.

346 2726 438 2802 ς’·
504 2733 717 2798 Πέμπτη
775 2707 951 2781 τοίνυν
1004 2732 1130 2801 μετά
1180 2733 1274 2787 τὴν
1319 2731 1544 2802 φρουρὰν
1590 2729 1859 2804 περιῆλθεν

253 2819 449 2888 ἡμέρα,
513 2822 604 2869 καὶ
653 2820 769 2889 άγει
824 2818 977 2869 πάλιν
1010 2825 1097 2870 τον
1154 2818 1385 2875 ἀθλητὴν
1429 2820 1453 2869 6
1502 2824 1720 2882 Λυσίας,
1770 2823 1861 2870 καὶ

255 2902 489 2967 ἀναιδῶς
554 2911 641 2958 τὸν
698 2913 861 2981 πρᾶον
908 2909 1331 2981 ὑποκρινάμενος,
1393 2910 1554 2980 ταύτῃ
1631 2926 1861 2978 μετενεγ-

250 3001 360 3045 κεῖν
412 2995 569 3046 αὐτὸν
630 3002 722 3056 τῆς
778 2995 1040 3056 εὐσεϐείας
1106 2995 1428 3066 ἐμηχανᾶτο.
1492 3001 1611 3058 Καὶ,
1680 2995 1860 3048 Ἱστω-

1973 1837 2482 1893 remunerationes
2521 1835 2773 1905 cogitate
2810 1840 2867 1887 et
2908 1831 3173 1904 praemia.
3219 1834 3419 1903 Neque
3458 1831 3622 1886 enim

1976 1932 2168 1982 mente
2184 1924 2633 1997 comprehendi,
2660 1938 2850 1994 neque
2875 1921 3070 1976 verbis
3091 1920 3343 1991 exprimi
3366 1925 3627 1991 possunt

1972 2015 2153 2079 bona,
2196 2031 2331 2086 quae
2383 2017 2497 2069 Rex
2551 2011 2903 2067 immortalis
2960 2016 3016 2065 et
3056 2026 3210 2064 nunc
3258 2010 3361 2064 dat
3410 2010 3480 2063 iis
3517 2010 3626 2080 qui

1973 2120 2077 2176 pro
2107 2106 2237 2177 ipso
2270 2103 2593 2175 patiuntur.
2628 2106 2684 2157 et
2722 2101 2783 2155 in
2829 2100 2991 2155 ccelis
3016 2105 3396 2153 reservantur
3426 2099 3482 2152 in
3518 2113 3628 2169 po-

1974 2200 2220 2250 sterum.
2252 2193 2404 2260 Quin
2438 2191 2616 2248 etiam
2649 2191 2848 2261 ipsum
2885 2202 3129 2260 quoque
3170 2202 3279 2258 pro
3322 2187 3452 2259 ipso
3480 2187 3622 2257 pati,

1972 2289 2063 2339 est
2087 2283 2447 2353 jucundum,
2483 2285 2725 2352 propter
2750 2279 2950 2349 ipsum
2985 2284 3183 2332 autem
3219 2277 3388 2341 mori,
3423 2280 3510 2330 est
3539 2276 3627 2347 ju-

1970 2373 2242 2428 cundius.
2280 2370 2428 2425 Eum
2455 2374 2651 2424 autem
2686 2367 2849 2422 multi
2883 2365 3310 2437 sequebantur,
3340 2369 3396 2419 et
3436 2365 3628 2435 major

1970 2461 2253 2517 afﬂuebat
2286 2460 2481 2527 turba,
2515 2474 2648 2529 quae
2671 2456 2748 2511 ab
2769 2472 2840 2511 eo
2866 2454 3195 2510 docebatur
3219 2470 3288 2509 ea
3316 2469 3453 2526 quas
3487 2459 3629 2510 sunt

1970 2550 2273 2615 salutaria,
2306 2549 2496 2603 donec
2531 2544 2800 2602 ascendit
2828 2545 2887 2598 in
2929 2542 3287 2609 custodiam,
3333 2548 3389 2598 et
3436 2543 3627 2613 ipsam

1970 2646 2060 2695 est
2083 2640 2411 2710 ingressus.

2043 2728 2129 2782 VI.
2166 2727 2417 2792 Quintus
2452 2724 2580 2779 dies
2621 2720 3002 2793 praeterierat,
3040 2734 3110 2773 ex
3171 2733 3291 2789 quo
3326 2718 3630 2788 conjectus

1968 2817 2160 2874 fuerat
2199 2817 2253 2869 in
2317 2812 2669 2881 custodiam,
2720 2812 2777 2864 et
2828 2808 3112 2864 athletam
3156 2822 3366 2861 rursus
3399 2806 3629 2862 curavit

1969 2904 2395 2962 adducendum
2455 2900 2711 2972 Lysias;
2766 2902 2823 2952 et
2873 2896 3261 2967 impudenter
3320 2911 3379 2948 se
3424 2894 3626 2950 mitem

1968 3008 2099 3049 esse
2143 2992 2457 3054 simulans,
2504 2991 2586 3043 sic
2637 3003 2774 3042 eum
2822 2985 3180 3040 moliebatur
3239 2985 3551 3038 traducere
3592 2999 3628 3038 a

253 3102 353 3134 σαν
403 3085 451 3135 οἱ
510 3086 615 3135 θεοὶ
672 3084 913 3149 ἅπαντες,
979 3084 1136 3154 ἔλεγε,
1226 3088 1515 3158 Σευηριανε,
1590 3087 1669 3136 ὅτι
1724 3088 1858 3137 πάνυ

1972 3084 2205 3155 pietate.
2241 3083 2325 3147 Et,
2354 3080 2553 3135 Sciant
2579 3091 2789 3132 omnes
2818 3075 2919 3143 dii,
2969 3072 3228 3137 dicebat,
3293 3073 3625 3137 Severiane,

254 3168 467 3245 σφόδρα
546 3172 920 3244 ἐκπληττομαι,
1001 3172 1429 3245 ἀναλογιζόμενος
1517 3176 1650 3234 ὅπως
1730 3173 1858 3245 ἀνὴρ

252 3262 389 3312 οὕτω
425 3264 514 3333 μεν
562 3260 756 3333 ἀγαθὸς
799 3268 889 3321 τήν
920 3265 1076 3334 ὥραν,
1127 3268 1216 3315 καὶ
1268 3264 1368 3314 ὃσα
1410 3260 1536 3315 ἰδεῖν
1587 3260 1856 3337 ἀνδρείως,

251 3351 391 3402 οὕτω
446 3347 505 3403 δὲ
562 3350 854 3424 ἐμπειρίαις
928 3354 1248 3424 πραγμάτων
1324 3346 1859 3424 μεμελετημένοςθά-

250 3459 405 3491 νατον
462 3449 694 3514 προφανῆ
747 3450 838 3493 τοῦ
912 3438 1069 3503 ἡδέος
1115 3445 1300 3494 τούτου
1363 3441 1585 3514 ἀλλάττῃ
1671 3446 1836 3513 φωτός

254 3528 482 3581 Ἐπαινῶ
536 3548 629 3580 σου
683 3534 740 3582 τὸ
783 3533 1050 3604 σταθερὸν,
1085 3529 1191 3581 ἀλλ’
1244 3531 1287 3582 εἰ
1332 3535 1463 3582 κατά
1510 3540 1608 3582 τῶν
1656 3530 1858 3602 ἐχθρῶν

254 3616 523 3688 ἐκέχρησο
560 3627 632 3689 τῷ
679 3619 1104 3691 πλεονεκτήματι.
1154 3622 1221 3674 T6
1274 3616 1332 3671 δὲ
1379 3624 1467 3671 καὶ
1510 3617 1734 3691 σιδήρῳ,
1772 3627 1860 3676 καὶ

257 3713 408 3781 πυρὶ,
444 3712 532 3759 καὶ
582 3710 760 3781 θηρσὶ,
793 3713 882 3759 καὶ
929 3708 1094 3769 λίθοις
1138 3708 1372 3759 παλαίειν
1417 3708 1615 3765 ἠλίθιον
1659 3706 1854 3780 κομιδῇ

255 3801 348 3847 καὶ
407 3792 530 3848 οὐδὲ
572 3802 757 3861 μανίας
807 3797 1083 3871 ἐλεύθερον.
1135 3795 1203 3849 Ἦ
1261 3797 1365 3867 οὐχ
1414 3799 1533 3868 ὁρᾷς
1584 3797 1627 3848 εἰ
1682 3803 1752 3868 μή
1810 3817 1860 3849 τι

255 3884 402 3949 ἄλλο,
452 3886 521 3944 ὡς
578 3892 815 3957 παρεῖται
868 3890 957 3956 μέν
1018 3905 1102 3936 σοι
1152 3888 1209 3936 τὸ
1263 3893 1491 3954 γενναῖον
1534 3893 1627 3945 τῆς
1679 3886 1860 3959 ῥώμης

254 3978 347 4024 καὶ
396 3972 606 4024 λέλυται
638 3990 652 4038 ;
683 3970 885 4048 διαρρεῖ
926 3970 986 4025 δὲ
1027 3978 1117 4025 καὶ
1149 3974 1274 4025 αὐτό
1328 3970 1435 4032 ἠδη
1468 3977 1525 4026 τὸ
1572 3982 1725 4045 σῶμα
1774 3979 1861 4027 καὶ

255 4065 513 4133 οἵχεται;
559 4065 754 4121 τούτοις
812 4065 837 4114 6
892 4068 1091 4123 Λυσίας
1146 4061 1362 4115 ἐκλῦσαι
1416 4067 1717 4136 πανούρρως
1773 4067 1860 4115 τὸν

255 4158 400 4203 τόνον
445 4150 586 4220 αὐτῷ
635 4149 999 4223 ἐπεχείρει.”0
1031 4148 1110 4216 δε,
1166 4156 1250 4209 Μὴ
1306 4156 1429 4225 πρὸς
1484 4155 1576 4214 τὰς
1622 4149 1857 4210 δαπανη-

257 4242 436 4302 θείσας
466 4247 581 4300 ταῖς
615 4240 833 4312 μάστιξι
865 4242 1063 4312 σάρκας
1114 4246 1313 4299 σκόπει,
1354 4247 1531 4312 φησίν
1589 4242 1648 4303 ἇς
1689 4242 1731 4294 εὶ
1776 4248 1863 4294 καὶ

254 4334 329 4400 μὴ
390 4330 543 4389 αὐτὸς
614 4328 914 4395 ἀναλώσεις,
972 4329 1075 4381 ἀλλ’
1127 4332 1151 4381 ὁ
1217 4332 1434 4391 θάνατος
1516 4330 1733 4383 ἐπελθὼν
1804 4332 1862 4383 οὐ

1969 3171 2143 3227 valde
2185 3170 2387 3234 miror,
2420 3170 2706 3238 reputans
2734 3163 2899 3236 quod
2943 3162 3033 3217 vir
3063 3162 3311 3233 quidem
3345 3161 3498 3217 adeo
3516 3159 3629 3215 for-

1971 3277 2069 3317 ma
2109 3260 2366 3331 elegans,
2396 3261 2455 3312 et
2499 3255 2664 3328 quod
2707 3253 2892 3309 videri
2953 3257 3165 3322 potest,
3208 3250 3397 3317 fortis,
3431 3255 3488 3305 et
3528 3249 3627 3320 qui

1967 3365 2169 3405 rerum
2233 3353 2457 3402 tantam
2517 3349 2724 3398 nactus
2773 3356 2836 3395 es
2899 3339 3350 3411 experientiam,
3420 3344 3629 3410 aperta

1972 3443 2157 3494 morte
2206 3454 2242 3492 a
2280 3434 2445 3489 suavi
2499 3433 2613 3487 hac
2667 3430 2798 3484 luce
2850 3429 3145 3484 discedas.
3202 3428 3404 3483 Laudo
3461 3433 3626 3482 tuam

1971 3526 2347 3582 stabilitatem
2378 3530 2433 3577 et
2484 3518 2902 3584 constantiam,
2945 3518 2990 3571 si
3027 3533 3099 3573 ea
3141 3534 3281 3571 usus
3327 3532 3486 3571 esses
3524 3515 3626 3571 ad-

1970 3632 2171 3671 versus
2200 3615 2422 3669 hostes.
2458 3612 2600 3665 Cum
2643 3608 2796 3663 ferro
2845 3613 3077 3670 autem,
3126 3605 3286 3674 igne,
3334 3605 3539 3659 bestiis
3572 3613 3631 3659 et

1969 3704 2263 3775 lapidibus
2294 3703 2613 3763 decertare,
2649 3702 2739 3751 est
2788 3695 2966 3767 plane
3008 3694 3277 3759 stultum,
3325 3699 3381 3747 et
3418 3691 3629 3748 nonni-

1969 3794 2051 3849 hil
2112 3790 2286 3847 afﬁne
2330 3788 2705 3844 iusaniae.An
2758 3798 2879 3838 non
2939 3782 3102 3837 vides
3154 3781 3205 3836 si
3259 3780 3403 3836 nihil
3447 3779 3629 3842 aliud,

1969 3884 2152 3937 robur
2181 3878 2427 3952 quidem
2476 3882 2645 3931 tuum
2694 3889 2825 3928 esse
2867 3870 3117 3928 fractum
3162 3873 3219 3925 et
3248 3869 3626 3933 dissolutum,

1970 3973 2166 4043 ipsum
2199 3973 2397 4024 autem
2430 3980 2647 4036 corpus
2678 3964 2805 4033 jam
2840 3959 3114 4015 difﬂuere
3154 3965 3211 4014 et
3243 3958 3431 4030 perire
3455 3959 3482 4013 ?
3531 3957 3630 4012 His

1972 4060 2176 4132 Lysias
2225 4055 2435 4112 callide
2475 4054 2803 4109 conabatur
2861 4050 2995 4120 eius
3048 4063 3330 4104 enervare
3357 4052 3633 4102 constan-

1975 4152 2135 4205 tiam.
2171 4146 2268 4201 Ille
2312 4150 2558 4201 autem:
2614 4145 2697 4196 Ne
2753 4138 3113 4201 consideres,
3159 4135 3373 4208 inquit,
3422 4150 3632 4191 carnes

1973 4240 2362 4307 consumptas
2384 4231 2659 4301 ﬂagellis,
2687 4245 2842 4301 quas
2876 4229 2997 4283 situ
3022 4242 3141 4281 non
3160 4225 3627 4296 consumpseris,

1975 4333 2035 4383 at
2052 4342 2209 4381 mors
2241 4321 2568 4379 adveniens
2604 4318 2846 4373 minime
2880 4316 3129 4372 omnino
3157 4316 3243 4370 eis
3264 4319 3489 4386 parcet.
3518 4313 3630 4368 Sed

257 4423 491 4491 φείσεται
540 4420 764 4479 πάντως·
827 4418 932 4470 ἀλλ’
988 4418 1102 4471 ἐστί
1145 4439 1235 4489 μοι
1283 4424 1605 4492 προαίρεσις,
1639 4422 1699 4479 ἣν
1750 4423 1858 4473 οὔτε

1974 4422 2061 4471 est
2093 4413 2235 4468 mihi
2266 4413 2453 4467 libera
2481 4408 2667 4463 animi
2691 4406 2984 4469 voluntas,
3024 4419 3420 4476 quamneque
3452 4402 3630 4456 minae

259 4507 443 4564 ἀπειλή
495 4507 831 4571 καταπλήξει,
894 4511 1010 4560 οὔτε
1078 4506 1305 4579 βάσανος
1373 4507 1588 4578 άψεται’
1656 4508 1862 4560 τούναν-

256 4601 367 4649 τίον
422 4599 511 4668 μὶν
563 4593 651 4648 οὖν
697 4597 854 4659 ἅπαν,
904 4602 991 4648 καὶ
1036 4597 1261 4670 ῥώννυσι
1307 4596 1496 4668 μᾶλλον
1529 4598 1689 4655 αὐτὴν
1735 4600 1859 4671 ὑπὲρ

260 4692 499 4759 Χριστοῦ
568 4692 655 4737 καὶ
740 4688 1129 4760 προθυμοτέραν
1209 4684 1504 4755 ἐργάζεται.
1562 4686 1713 4739 Ὀθεν
1788 4692 1859 4758 μὴ

258 4776 505 4845 μάστιζε,
564 4772 704 4845 μηδὲ
757 4774 971 4849 ἀνάρτα,
1023 4771 1161 4846 μηδὲ
1215 4771 1448 4838 διάξαινε
1503 4781 1675 4848 μόνον,
1738 4775 1861 4828 ἀλλὰ

258 4868 349 4915 καί
398 4863 563 4925 λίθοις
611 4863 786 4935 βάλλε,
834 4870 923 4916 καὶ
966 4870 1093 4939 πυρὶ
1134 4861 1312 4931 δίδου,
1368 4871 1457 4917 καὶ
1513 4873 1610 4918 πᾶν
1661 4869 1780 4941 ὅπερ

262 4950 557 5024 βουλομένῳ
619 4971 702 5004 σοι
756 4949 997 5017 δυνατὸν,
1059 4952 1265 5024 ἐπάγειν
1315 4958 1386 5025 μὴ
1448 4954 1726 5027 ἀναϐάλλῃ.
1780 4955 1863 5015 Ὠς

262 5043 444 5093 θᾶττον
498 5042 559 5093 άν
627 5045 691 5093 σὺ
748 5041 979 5101 κολάζων
1036 5040 1419 5117 ἀπαγορεύσῃς,
1474 5047 1503 5101 ἤ
1561 5043 1717 5105 αὐτὸς
1769 5042 1863 5096 διὰ

263 5134 488 5203 Κριστον
561 5129 787 5199 ἐμαυτοῦ
851 5134 1117 5203 φείσομαι.
1176 5132 1394 5203 Ἐχθρὸς
1449 5128 1507 5183 δὲ
1569 5134 1743 5193 ὁποῖος
1800 5132 1858 5184 ἂν

259 5220 424 5290 ἔτερος
500 5219 611 5288 ἐμοὶ
689 5227 784 5271 σοῦ
838 5220 1193 5292 χαλεπώτερος
1251 5223 1415 5283 ἔσται,
1481 5219 1710 5273 συνιδεῖν
1768 5222 1860 5273 οὐκ

262 5310 391 5379 ἔχω’
436 5310 491 5370 ὃς
527 5327 587 5379 γε
637 5308 695 5360 οὐ
746 5308 1005 5383 πόρρωθεν
1052 5308 1422 5380 ἀκροϐολίζεις,
1451 5307 1575 5362 οὐδὲ
1612 5314 1748 5363 κατὰ
1771 5320 1860 5363 τοῦ

265 5403 503 5469 σώματος
555 5396 716 5469 ἀφίης
764 5402 821 5450 τὸ
867 5398 1031 5470 βέλος,
1066 5397 1173 5449 ἀλλ’
1231 5401 1393 5455 αὐτὴν
1441 5399 1723 5451 σκυλεῦσαι
1774 5421 1859 5471 φι-

260 5486 495 5549 λονεικεῖς
542 5496 637 5549 τῆς
690 5487 951 5548 εὐσεϐείας
993 5487 1158 5539 ὅπλων
1195 5496 1491 5558 γυμνῶσαι,
1524 5509 1614 5541 και
1670 5485 1861 5547 δούλην

263 5574 541 5647 ἐπαγαγεῖν
571 5581 659 5628 καὶ
690 5577 1042 5648 αἰχμάλωτον.

1974 4503 2296 4566 terrebunt,
2325 4515 2517 4571 neque
2546 4500 2909 4552 tormentum
2943 4494 3229 4562 attinget:
3278 4499 3485 4547 contra
3529 4506 3632 4546 au-

1974 4599 2090 4649 tem
2122 4608 2256 4648 eam
2290 4588 2481 4657 magis
2514 4586 2755 4643 omnino
2802 4600 2909 4656 pro
2964 4582 3194 4638 Christo
3245 4581 3627 4645 conﬁrmant,

1972 4681 2517 4755 promptioremque
2548 4674 2810 4730 efﬁciunt
2838 4678 2901 4727 et
2931 4670 3307 4728 alacriorem.
3338 4669 3629 4734 Quocirca

1971 4787 2090 4827 non
2120 4769 2313 4824 solum
2345 4766 2549 4834 ﬂagris
2591 4762 2769 4830 caede,
2797 4760 3095 4832 suspende
3146 4765 3202 4814 et
3229 4758 3466 4814 lacera:
3522 4756 3629 4812 sed

1972 4861 2151 4916 etiam
2185 4856 2369 4912 obrue
2394 4852 2719 4924 lapidibus,
2747 4854 2800 4904 et
2842 4850 2972 4919 jace
3004 4849 3063 4903 in
3101 4848 3322 4918 ignem,
3356 4852 3412 4901 et
3449 4845 3626 4917 quid-

1970 4948 2138 5020 quid,
2170 4944 2336 5018 quod
2368 4942 2456 4997 vis
2484 4947 2539 4995 et
2562 4947 2732 5013 potes
2762 4938 2970 5003 facere,
3000 4936 3061 4992 in
3102 4952 3197 4991 me
3231 4952 3305 4990 ne
3331 4932 3627 4990 cuncteris

1970 5040 2284 5093 intentare.
2318 5037 2463 5089 Nam
2508 5036 2568 5086 tu
2612 5028 2728 5085 eris
2767 5027 2937 5083 citius
2978 5025 3244 5081 defessus
3292 5022 3625 5096 puniendo,

1969 5142 2148 5199 quam
2188 5138 2299 5192 ego
2342 5121 2482 5175 mihi
2527 5134 2769 5190 parcam
2813 5121 3048 5187 propter
3089 5114 3401 5169 Christum.
3458 5109 3629 5178 Quis-

1971 5232 2111 5271 nam
2144 5219 2343 5269 autem
2374 5215 2431 5265 te
2476 5208 2619 5264 mihi
2659 5207 2898 5277 gravior
2930 5204 3165 5258 futurus
3209 5202 3282 5258 sit
3324 5201 3623 5264 inimicus,

1969 5320 2085 5360 non
2130 5315 2378 5374 possum
2410 5296 2742 5369 perspicere
2778 5311 2790 5349 :
2838 5294 2940 5366 qui
2974 5308 3092 5346 non
3144 5291 3339 5346 solum
3387 5290 3626 5345 eminus

1966 5391 2272 5465 jacularis,
2306 5404 2375 5444 ac
2425 5386 2606 5442 telum
2640 5385 2701 5439 in
2747 5398 2965 5454 corpus
2989 5380 3254 5446 immitis,
3288 5380 3391 5434 sed
3422 5378 3628 5435 studes

1973 5485 2170 5555 ipsam
2205 5478 2459 5550 spoliare
2490 5476 2780 5539 animam,
2832 5477 2889 5526 et
2938 5487 3072 5526 eam
3127 5469 3369 5525 omnino
3398 5468 3626 5525 nudare

1974 5570 2158 5629 armis
2190 5565 2448 5640 pietatis,
2480 5569 2538 5622 et
2585 5578 2819 5621 servam
2872 5560 3171 5617 abducere
3212 5564 3267 5616 et
3305 5559 3624 5632 captivam.
