4154 6192
509 252 610 307 647

1824 243 2085 301 MENSIS
2121 244 2570 302 SEPTEM‘BEH.

3758 244 3862 302 628

583 374 696 430 VII.
730 374 869 430 Haec
884 390 1021 429 cum
1038 372 1160 429 dux
1174 371 1481 437 audiisset,
1513 371 1800 429 continuo
1833 384 2150 440 personam

2336 370 2406 426 Z'.
2449 373 2653 424 Τούτων
2698 372 2721 422 6
2771 368 2901 434 δοὺξ
2947 370 3195 438 ἀκούσας,
3244 374 3302 424 τὸ
3353 379 3675 446 προσωπεῖον
3715 370 3866 431 εὐθὺς

509 470 565 520 et
633 480 875 520 scenam
930 463 1152 533 abjicit,
1206 468 1261 517 et
1305 478 1510 517 rursus
1574 464 1701 515 erat
1760 460 1963 531 Lysias
2016 474 2155 513 cum

510 552 681 609 solita
706 552 1051 608 crudelitate
1081 557 1137 607 et
1160 551 1550 614 immanitate,
1584 548 1826 619 etjubet
1855 546 2155 619 lapidibus

511 640 729 697 conteri
768 655 836 694 os
883 638 1179 709 martyris,
1207 643 1261 693 et
1304 636 1520 692 deinde
1550 635 1729 691 etiam
1760 636 1812 690 ei
1843 632 2097 689 dictitari
2139 649 2151 687 τ

510 729 638 787 Noli
677 728 969 785 Christum
999 726 1348 782 cruciﬁxum
1398 742 1452 780 in
1508 725 1709 794 lingua
1749 722 2152 786 circumferre,

510 834 706 890 neque
735 817 899 873 illum
940 814 1474 871 commemorando
1512 830 1641 869 esse
1674 812 1959 867 molestus
1992 810 2156 865 ducis

513 908 780 965 auribus.
841 906 953 963 Sed
1014 911 1287 960 strenuus
1334 903 1555 959 athleta
1615 904 1788 958 etiam
1844 901 2155 956 decertans

511 1014 646 1053 cum
686 995 785 1052 tali
819 993 1132 1067 supplicio,
1176 1000 1373 1048 tamen
1424 992 1872 1063 responsionem
1918 1004 2156 1061 quoque

511 1087 766 1156 adjecit:
803 1086 991 1149 Miser,
1034 1084 1262 1148 dicens,
1313 1082 1415 1153 qui
1450 1087 1612 1136 tuam
1660 1081 1927 1135 animam
1970 1080 2156 1133 semel

511 1175 697 1232 fecisti
728 1175 1075 1229 daemonum
1095 1171 1518 1235 habitaculum,
1542 1168 1750 1225 merito
1778 1184 1852 1222 ne
1874 1168 2001 1223 solo
2031 1164 2161 1237 qui-

512 1266 649 1320 dem
685 1262 897 1318 auditu
914 1268 1081 1332 potes
1110 1260 1258 1314 ferre
1275 1259 1485 1315 Christi
1516 1260 1626 1313 mei
1653 1272 1892 1312 nomen.
1924 1256 2005 1311 Ad
2034 1255 2161 1310 haec

512 1352 853 1410 rursusdux
882 1352 1100 1420 :Ego,o
1134 1348 1468 1415 Severiane,
1488 1347 1902 1402 existimanste
1934 1345 2158 1400 factum

511 1460 639 1499 esse
684 1439 1145 1496 moderatiorem
1199 1436 1505 1493 tormentis
1566 1434 2065 1507 praecedentibus,
2105 1440 2160 1489 et

510 1546 849 1587 sermonem
876 1528 1127 1599 imperii,
1158 1533 1213 1581 et
1242 1542 1372 1597 quae
1397 1542 1549 1597 opus
1577 1532 1732 1592 sunt,
1766 1522 1926 1595 quod
1957 1521 2031 1577 ad
2066 1537 2160 1576 me

511 1620 748 1692 quidem
782 1619 1005 1681 attinet,
1040 1617 1222 1671 suasi.
1257 1617 1551 1681 Quoniam
1585 1621 1781 1669 autem
1815 1613 1940 1683 ipse
1967 1609 2159 1680 magis

2265 464 2355 510 καὶ
2398 464 2491 517 τὴν
2546 465 2743 519 σκηνὴν
2795 459 3126 535 ἀπορρίπτει,
3174 465 3262 513 καὶ
3318 466 3525 522 Λυσίας
3580 457 3640 518 ἧν
3710 455 3867 521 αὖθις

2264 551 2393 619 μετὰ
2467 558 2560 611 τῆς
2637 552 2895 610 συνήθους
2970 549 3212 611 ἀπηνείας
3281 554 3371 603 καὶ
3423 559 3517 612 τῆς
3574 550 3860 621 ὠμότητος,

2263 635 2423 698 λίθ.ις
2464 657 2517 690 τε
2556 642 2612 690 τό
2664 643 2984 713 μαρτυρικόν
3027 639 3217 693 ἐκέλευε
3258 638 3627 711 συντρίϐεσθαι
3671 644 3859 710 στόμα,

2264 723 2371 777 εἶτα
2414 732 2502 779 καὶ
2570 726 2816 798 επιλεγειν
2879 728 3037 799 αὐτῷ·
3088 733 3160 800 μὴ
3221 728 3305 781 ἐπὶ
3352 736 3441 789 τῆς
3496 728 3729 799 γλώττης
3776 744 3863 777 πε-

2264 826 2486 889 ριφέρειν
2534 821 2620 868 τόν
2677 816 3063 892 ἇσταυρωμένον
3119 823 3366 893 Χριστόν,
3417 815 3555 889 μηδὲ
3614 824 3672 889 τῇ
3735 814 3862 868 ἐκεί-

2265 923 2351 956 νου
2405 910 2581 977 μνήμῃ
2640 908 2734 967 τὰς
2788 914 2879 958 τοῦ
2937 903 3124 967 δουκός
3174 906 3349 959 λυπεῖν
3400 905 3579 967 ἀκοάς.
3648 904 3783 959 Ἀλλ’
3835 906 3861 955 ὁ

2265 1000 2492 1063 γενναῖος
2542 995 2692 1057 οὗτος
2750 998 2922 1047 καίτοι
2963 995 3094 1067 αὐτῇ
3156 995 3387 1047 παλαίων
3440 995 3668 1058 κολάσει,
3721 996 3860 1066 ὅμως

2268 1086 2357 1133 καὶ
2390 1085 2447 1133 τό
2479 1086 2639 1135 α’ίτιον
2673 1085 2985 1157 προσετίθει’
3022 1082 3215 1148 ⁵Ἀθλιε,
3256 1084 3434 1155 λέγων,
3479 1080 3738 1154 δαιμόνων
3787 1086 3861 1133 οἱ·

2268 1176 2513 1242 κητήριον
2553 1172 2693 1235 οἱπαξ
2723 1178 2815 1231 τὴν
2847 1173 3002 1225 αὐτοῦ
3032 1172 3233 1244 ψυχὴν,
3256 1176 3624 1244 ποιησάμενος,
3656 1176 3863 1231 εἰκότως

2269 1257 2391 1313 οὐδε
2448 1258 2575 1332 ἀκοῇ
2653 1267 2781 1333 μόνῃ
2842 1281 2897 1313 ιο
2946 1267 3037 1314 τόῦ
3106 1260 3229 1334 ἐμοῦ
3276 1270 3508 1335 Χριστοῦ
3566 1265 3724 1331 ὄνομα
3781 1256 3865 1313 δι·-

2271 1350 2482 1420 ενεγκεῖν
2536 1346 2783 1405 δύνασαι.
2841 1355 2971 1425 Πρός
3024 1358 3185 1403 ταῦτα
3240 1351 3392 1403 πάλιν
3450 1352 3475 1401 6
3531 1348 3675 1413 δοὺξ·
3732 1352 3864 1421 Ἐγὼ

2272 1443 2679 1511 σωφρονέστερόν
2739 1458 2795 1492 σε
2850 1442 3090 1509 γενέσθαι
3147 1448 3261 1500 ταῖς
3318 1439 3703 1512 προλαϐοῦσαις
3766 1437 3866 1511 βα-

2272 1530 2447 1589 σάνοις
2496 1528 2710 1596 οἰηθεὶς,
2755 1532 3045 1602 Σευηριανὲ,
3102 1534 3190 1581 καὶ
3240 1529 3395 1600 λόγου
3444 1524 3732 1601 μετέδωκα,
3778 1534 3868 1580 καὶ

2266 1619 2330 1668 τά
2387 1613 2570 1668 δέοντα
2624 1622 2680 1669 τό
2733 1636 2792 1688 γε
2849 1617 2916 1678 εἰς
2968 1616 3054 1689 ἔμε
3101 1619 3245 1678 ἧκον,
3301 1622 3588 1692 παρῄνεσα·
3642 1616 3751 1670 ἐπεὶ
3808 1614 3867 1670 δε

510 1708 821 1764 contendis
854 1708 1087 1761 vincere
1116 1706 1313 1776 priora
1341 1704 1638 1767 secundis,
1669 1708 1725 1757 et
1745 1717 1880 1773 qua».
1912 1715 2150 1771 praeces-

2266 1705 2454 1777 μᾶλλον
2507 1705 2661 1767 αὐτὸς
2709 1715 2924 1765 νικῆσαι
2974 1707 3268 1778 φιλονεικεῖς
3324 1714 3431 1768 τοῖς
3487 1704 3748 1779 δευτέροις
3800 1708 3867 1759 τά

511 1803 714 1853 serunt
729 1798 1168 1868 perpessiones,
1189 1794 1648 1864 exsuperatione
1670 1789 1865 1845 delere
1883 1789 2158 1861 posterio-

508 1902 664 1950 rum,
698 1891 757 1940 ut
785 1884 1053 1956 aliquam
1079 1882 1299 1937 referas
1323 1880 1573 1950 gloriam
1596 1897 1631 1934 a
1665 1876 2030 1942 Christianis,
2054 1874 2156 1948 qui

510 1990 677 2046 teque
705 1990 777 2029 ac
809 1978 869 2027 tu
900 1978 1037 2026 sunt
1067 1970 1243 2033 stulti,
1280 1976 1329 2025 te
1356 1967 1707 2023 omnimodo
1728 1965 1959 2022 docebo
1984 1980 2156 2036 expe-

508 2063 736 2125 rientia,
772 2060 935 2131 quod
970 2066 1021 2114 te
1049 2065 1185 2113 tuus
1217 2058 1479 2113 Christus
1506 2072 1579 2111 ne
1594 2054 1881 2111 tantillum
1910 2052 2155 2126 quidem

505 2151 742 2223 juverit.
774 2152 934 2203 Tunc
986 2146 1366 2214 Severianus,
1398 2147 1501 2217 qui
1546 2145 1671 2216 ipse
1710 2159 1967 2215 quoque,
2006 2142 2157 2197 sicut

509 2240 749 2295 divinus
771 2236 1011 2301 Paulus,
1028 2242 1151 2290 erat
1173 2234 1384 2306 plenus
1408 2234 1613 2289 divino
1636 2232 1847 2304 Spiritu
1875 2234 2042 2291 :Nos.
2069 2229 2156 2285 in-

511 2330 654 2399 quit,
687 2343 806 2382 non
838 2341 1078 2396 ea,quae
1106 2324 1396 2388 videntur,
1430 2341 1462 2377 ο
1488 2322 1694 2393 judex,
1724 2321 1826 2376 sed
1853 2336 1924 2376 ea
1950 2320 2152 2384 etiam,

510 2432 645 2489 quae
677 2431 790 2470 non
823 2416 1117 2477 videntur,
1141 2411 1594 2467 consideramus
1622 2412 1664 2464 ⁵.
1700 2409 1902 2464 Veniet
1930 2412 2151 2473 autem,

508 2506 611 2577 qui
641 2505 870 2569 liberat,
904 2511 958 2559 et
986 2509 1223 2558 sanctus
1254 2517 1284 2555 e
1315 2501 1462 2557 cmlo
1492 2499 1774 2564 visitabit,
1796 2504 1850 2553 et
1875 2514 2011 2570 quae
2039 2513 2073 2553 a
2101 2502 2153 2552 te

511 2596 568 2651 in
584 2611 678 2651 me
695 2595 1054 2649 intentantur
1068 2590 1377 2664 supplicia.
1396 2590 1599 2645 omnia
1616 2586 2062 2653 efﬁcietinania,
2093 2590 2155 2642 ut

511 2688 648 2739 sunt
681 2699 902 2738 revera.
945 2685 1077 2737 Hrec
1108 2698 1246 2737 cum
1280 2686 1505 2752 martyr
1558 2678 1977 2751 respondisset,
2035 2676 2151 2730 dux

507 2788 829 2829 conversus
869 2772 945 2826 ad
986 2771 1437 2825 circumstantes
1482 2785 1494 2823 :
1563 2767 1879 2834 Quoniam,
1940 2765 2148 2837 inquit,

508 2862 855 2919 Severianus
888 2860 1269 2931 prmsentium
1300 2858 1590 2912 malorum
1621 2860 1925 2927 exspectat
1952 2870 2148 2909 remu-

507 2952 865 3018 nerationes,
900 2950 1132 3003 interim
1180 2947 1437 3019 pendeat
1467 2944 1739 2999 sublimis
1782 2944 1839 2998 in
1878 2942 2062 3011 ligno,
2097 2946 2153 2996 et

2266 1801 2522 1869 πρότηρα,
2573 1800 2661 1846 καὶ
2710 1798 2775 1846 τά
2822 1797 3093 1866 φθάσαντα
3148 1797 3288 1853 πάθη
3363 1803 3423 1867 τῇ
3481 1804 3579 1847 τῶν
3635 1796 3864 1869 ὑστέρων

2266 1884 2519 1955 ὑπερϐολῇ
2552 1884 2887 1956 ἀμαυρῶσαι,
2932 1886 3068 1945 ὅπως
3096 1888 3211 1937 τινὰ
3241 1891 3330 1937 καὶ
3378 1881 3534 1947 δόξαν
3576 1887 3721 1956 παρά
3763 1892 3863 1936 τῶν

2266 1972 2343 2025 ἐπ’
2386 1977 2509 2035 ἴσης
2571 1993 2655 2026 σοι
2704 1974 2930 2032 ἀνοήτων
2991 1973 3241 2048 ἀπενέγκῃ
3304 1982 3653 2047 Χριστιανῶν,
3714 1978 3865 2047 πείρᾳ

2268 2082 2324 2114 σε
2355 2059 2559 2125 διδάξω
2589 2064 2787 2122 πάντως
2818 2064 2886 2123 ὡς
2913 2060 3035 2115 οὐδὲ
3067 2061 3250 2137 βραχύ
3300 2082 3357 2115 σε
3385 2065 3489 2137 ἄρα
3519 2065 3543 2113 6
3582 2066 3673 2123 σός
3700 2070 3863 2136 Χρισ-

2264 2156 2353 2213 τός
2381 2151 2704 2223 ὠφελήσειεν.
2746 2152 3003 2204 Ἐνταῦθα
3031 2156 3355 2225 Σευηριανὸς,
3387 2155 3522 2205 θείου
3571 2155 3863 2222 Πνώματος

2264 2246 2352 2292 καὶ
2399 2240 2551 2300 αὐτὸς
2622 2242 2755 2291 κατά
2815 2241 3012 2292 Παῦλον
3070 2242 3341 2303 πλησθεὶς·
3400 2246 3593 2313 Ἡμεῖς,
3651 2243 3859 2311 ἔφησεν,

2265 2328 2322 2381 οὐ
2372 2332 2437 2380 τὰ
2493 2327 2783 2399 βλεπόμενα
2860 2338 3027 2380 ταῦτα
3100 2338 3407 2401 σκοποῦμεν,
3480 2327 3608 2380 ἀλλά
3655 2330 3717 2379 τά
3791 2333 3861 2399 μή

2266 2416 2574 2489 βλεπόμενα,
2652 2414 2902 2469 δικαστά·
2987 2418 3097 2480 ἡξει
3172 2415 3231 2470 δὲ
3288 2420 3313 2470 6
3368 2418 3626 2492 ῥυόμενος,
3688 2422 3779 2469 καὶ
3834 2419 3859 2469 ό

2263 2508 2407 2578 οἶγιος
2464 2506 2515 2569 ἐξ
2567 2505 2787 2580 οὐρανοῦ
2845 2505 3200 2578 ἐπισκέψεται,
3257 2512 3346 2559 καὶ
3402 2511 3494 2567 τὰς
3547 2506 3861 2578 ἐπαγομένας

2262 2596 2376 2669 ἐμοὶ
2450 2600 2591 2668 παρά
2650 2604 2744 2647 σοῦ
2817 2596 3059 2657 κολάσεις
3122 2600 3346 2667 ματαίας
3402 2592 3688 2660 ἀποδείξει,
3769 2601 3860 2648 καὶ

2260 2689 2408 2746 κενὰς
2466 2685 2694 2752 ἁπάσας,

2263 2774 2696 2848 ἀποκριναμένου,
2778 2775 2803 2825 ό
2888 2770 3017 2835 δουξ
3094 2777 3223 2845 πρὸς
3314 2777 3429 2833 τοὺς

2262 2863 2613 2936 ἐπιστραφεὶς·
2673 2864 2833 2927 Ἐπεὶ,
2910 2868 3061 2934 φησὶ,
3120 2866 3427 2936 Σευηριανὸς
3479 2858 3859 2934 δαψιλεστέρας

2260 2962 2358 3004 τῶν
2436 2958 2701 3026 παρόντων
2766 2962 2937 3003 κακῶν
3013 2954 3099 3012 τάς
3183 2948 3473 3012 ἀντιδόσεις
3554 2948 3856 3023 ἐκδέχεται,

2776 2686 2901 2755 ὅπερ
2973 2687 3105 2738 ἐστί.
3165 2692 3344 2737 Ταῦτα
3420 2692 3509 2737 τοῦ
3591 2687 3860 2758 μάρτυρος

3508 2782 3861 2845 περιεστῶτας

504 3038 685 3108 hujus
699 3038 885 3093 latera
900 3036 1135 3106 ungulae
1156 3036 1355 3091 ferreae
1370 3037 1747 3090 consumant.
1804 3032 1928 3087 Sint
1947 3034 2148 3085 autem

2259 3043 2657 3116 μετεωρισθήτω
2700 3044 2818 3101 τέως
2870 3039 2951 3093 ἐπὶ
3000 3048 3090 3093 τοῦ
3143 3040 3317 3108 ξύλου,
3373 3046 3462 3093 καὶ
3520 3043 3613 3100 τάς
3665 3045 3856 3094 τούτου

505 3128 682 3183 etiam
714 3128 870 3182 circa
887 3142 1019 3181 eum
1042 3125 1342 3189 satellites,
1368 3131 1431 3180 ut
1451 3123 1856 3178 vehementius
1877 3120 2147 3187 lanietur,

503 3220 562 3271 et
586 3215 762 3271 nobis
789 3214 1276 3287 aliquastortasse
1301 3220 1437 3282 agat
1464 3212 1705 3282 gratias,
1737 3210 1834 3282 qui
1862 3209 1944 3265 sic
1970 3210 2148 3265 etiam

500 3309 771 3360 auctores
801 3320 1010 3359 sumus
1041 3303 1298 3375 plurium
1328 3302 1650 3358 bonorum.

574 3482 705 3537 VlII.
741 3481 878 3537 Haec
907 3480 1002 3536 ille
1032 3480 1278 3552 quidem
1310 3479 1465 3545 dixit,
1502 3478 1679 3535 veluti
1717 3478 2096 3535 subsannans
2130 3492 2144 3543 ;

498 3570 821 3626 multitudo
850 3575 1047 3626 autem
1076 3570 1347 3625 lictorum
1380 3568 1579 3625 statim
1606 3566 2065 3631 circumsistens,
2094 3568 2149 3621 et

500 3674 639 3715 eum
671 3660 921 3715 sublime
975 3658 1209 3723 tollens,
1240 3658 1425 3715 latera
1470 3657 1774 3714 lacerabat
1810 3655 2143 3712 crudeliter;

501 3748 597 3803 Ille
628 3756 829 3804 autem
865 3764 875 3801 :
908 3749 1095 3804 Unam
1126 3747 1300 3812 hanc,
1334 3747 1588 3812 dicebat,
1621 3746 1862 3818 plagam
1902 3760 2143 3815 gravem

499 3837 792 3902 existimo,
826 3852 961 3909 qua:
988 3853 1083 3891 me
1114 3851 1150 3891 a
1196 3834 1427 3891 Christo
1456 3835 1768 3905 disjungit.
1811 3837 1957 3890 Sunt
2003 3848 2144 3889 vero

497 3926 590 3982 hae
621 3942 829 3981 omnes
857 3926 1002 3981 mihi
1037 3926 1231 3996 potius
1269 3924 1576 3997 voluptati.
1629 3926 1710 3981 Me
1763 3923 1923 3979 enim
1965 3922 2041 3978 ab
2072 3922 2143 3976 iis

420 4012 424 4015 ’
496 4031 633 4083 quae
665 4020 806 4071 sunt
833 4014 891 4069 in
924 4021 1097 4079 terra,
1132 4019 1496 4084 separantes,
1516 4012 1623 4067 soli
1639 4012 1865 4069 Christo
1895 4010 2028 4083 conj
2042 4026 2145 4066 un-

498 4109 665 4173 gunt.
723 4103 957 4159 Interim
990 4108 1189 4159 autem
1220 4102 1343 4158 dux
1391 4101 1633 4173 quidem
1692 4101 1977 4157 dicebat:
2022 4100 2142 4156 Diis

498 4193 791 4257 sacriﬁca,
824 4191 1155 4256 Severiane,
1189 4196 1244 4247 et
1294 4190 1539 4245 liberare
1594 4207 1629 4245 a
1676 4188 2008 4261 suppliciis.
2045 4187 2144 4244 llle

496 4296 642 4336 vero
672 4281 865 4352 ipsius
892 4280 1075 4336 verba
1089 4278 1472 4335 netautillum
1497 4279 1739 4350 quidem
1771 4293 2008 4344 curans,
2039 4294 2143 4333 ne-

498 4385 610 4440 que
640 4385 776 4425 eum
809 4370 1011 4442 aliqua
1040 4369 1298 4441 dignans
1323 4367 1733 4440 responsione,
1769 4367 1925 4440 apud
1960 4384 2020 4422 se
2062 4373 2144 4423 ta-

498 4458 613 4514 cite
642 4458 1034 4529 loquebatur:
1068 4461 1194 4514 Non
1225 4464 1361 4513 sunt
1398 4457 1594 4527 digna:
1631 4458 1946 4528 passiones
1984 4472 2145 4512 nunc

498 4548 801 4619 temporis,
823 4565 951 4619 quae
976 4547 1353 4603 conferantur
1373 4563 1511 4602 cum
1543 4546 1735 4615 gloria
1754 4546 2078 4602 revelanda
2099 4549 2141 4601 ⁸.

498 4640 628 4694 Dux
656 4638 854 4711 itaque
886 4638 1165 4710 martyris
1190 4636 1507 4702 silentium,
1532 4642 1959 4708 contemptum,
1994 4637 2147 4692 sicut

496 4734 640 4793 erat,
674 4728 1014 4793 arbitratus,
1048 4726 1325 4797 graviora
1365 4726 1425 4781 in
1463 4742 1602 4782 eum
1634 4726 2012 4797 excogitabat
2047 4745 2061 4794 ;
2089 4733 2144 4782 et

495 4833 631 4873 rum
662 4832 799 4872 eum
827 4817 901 4873 de
946 4816 1107 4886 ligno
1155 4816 1547 4887 deposuisset,
1603 4815 1841 4871 deducit
1890 4816 1967 4871 ad
2016 4833 2144 4872 mu-

496 4923 656 4971 cum,
683 4922 941 4978 cumque
979 4905 1132 4961 duos
1169 4904 1395 4977 lapides
1444 4904 1741 4961 maximos
1772 4910 1827 4959 et
1875 4905 2146 4976 gravissi-

496 5012 651 5060 mos,
688 5011 873 5050 unum
906 4994 1148 5065 quidem
1177 4994 1350 5060 collo,
1392 4994 1642 5049 alterum
1669 5000 1869 5049 autem
1909 4993 2143 5063 alligas—

497 5090 583 5140 set
613 5083 887 5157 pedibus,
918 5089 974 5139 et
1000 5090 1321 5155 martyrem
1344 5083 1485 5138 fune
1515 5082 1814 5148 cinxisset,
1848 5082 2142 5139 dimittite

496 5188 670 5227 muro
683 5171 937 5227 sublime
954 5171 1325 5244 pendentem,
1342 5170 1670 5242 utlapidum
1687 5170 1949 5242 pondere
1969 5186 2143 5226 mem-

494 5260 621 5315 bris
647 5260 702 5315 ei
726 5260 993 5326 divulsis,
1033 5260 1318 5317 violenter
1347 5260 1670 5331 abrumpat
1708 5261 1996 5316 animam.
2029 5262 2139 5317 Sed

496 5364 702 5405 revera
733 5350 793 5405 in
823 5355 877 5406 te
908 5350 1181 5422 speravit,
1216 5350 1482 5413 Domine,
1508 5354 1560 5405 et
1619 5365 1737 5405 non
1760 5356 1847 5406 est
1899 5349 2141 5406 affectus

568 5526 589 5561 ⁵
621 5525 667 5581 ll
701 5528 829 5582 Cor.
869 5543 944 5592 Iv,
971 5529 1061 5583 18.
1098 5530 1119 5562 ⁸
1148 5529 1311 5583 Rom.
1339 5543 1458 5591 vni,
1499 5529 1581 5583 t8.

2258 3130 2476 3204 πλευρὰς
2525 3134 2705 3201 ὄνυχες
2768 3126 2982 3203 σιδηροῖ
3033 3126 3438 3182 δαπανάτωσαν’
3499 3133 3632 3182 ἔστω
3665 3127 3725 3183 δέ
3774 3151 3859 3193 τις

2257 3224 2375 3289 περὶ
2427 3218 2580 3270 αὐτόν
2628 3224 2717 3270 καὶ
2771 3216 3079 3293 δορυφορία,
3137 3221 3269 3279 ὅπως
3311 3224 3691 3291 συστονώτερον
3740 3218 3859 3280 ξαι-

2256 3326 2413 3370 νοιτο,
2474 3312 2564 3359 καί
2616 3327 2759 3369 τινας
2807 3310 2935 3369 ῐσως
2986 3308 3110 3379 ἡμῖν
3161 3308 3433 3379 ὁμολογοίη
3466 3313 3555 3359 καὶ
3600 3311 3852 3380 χάριτας,

2257 3394 2497 3447 πλειόνων
2529 3396 2687 3455 οὕτως
2718 3395 2905 3457 αἰτίοις
2938 3394 3144 3465 ἀγαθῶν
3185 3396 3325 3466 αὐτῷ
3354 3400 3659 3467 γινομένοις.

2330 3484 2409 3537 11⁷.
2462 3492 2638 3537 Ταῦτα
2691 3486 2717 3535 ό
2762 3488 2851 3553 μεν
2900 3485 3004 3536 οἶόν
3059 3483 3414 3556 ἐπιχλευάζων
3469 3481 3593 3537 εἶπέ⁸
3648 3480 3855 3556 δημίων

2258 3569 2315 3625 δὲ
2368 3572 2563 3635 πλῆθος
2616 3573 2761 3634 εὐθὺς
2812 3576 3159 3646 περιστάντες,
3222 3579 3311 3626 καὶ
3361 3582 3537 3626 τοῦτον
3613 3579 3856 3644 μετεωρί-

2256 3681 2455 3726 σαντες,
2517 3666 2608 3724 τάς
2657 3662 2877 3737 πλευρὰς
2927 3665 3182 3737 ὠμότερον
3239 3660 3599 3726 διισπάθιξον.
3656 3662 3713 3715 Ὀ
3771 3659 3853 3728 δε,

2254 3757 2392 3805 Μίαν
2436 3752 2657 3822 πληγὴν,
2712 3751 2865 3823 ἔλεγε,
2921 3755 3114 3810 ταύτην
3168 3748 3430 3804 ἐπώδυνον
3480 3755 3702 3823 ἦγημαι,
3759 3756 3855 3810 τὴν

2255 3839 2353 3893 ἀπὸ
2402 3848 2635 3915 Χριστοῦ
2684 3838 2974 3893 διιστῶσάν
3019 3860 3099 3910 με’
3134 3841 3287 3893 αὗται
3319 3838 3378 3894 δέ
3406 3861 3497 3913 μοι
3536 3841 3723 3913 μᾶλλον
3763 3846 3855 3893 καὶ

2252 3929 2371 3982 καθ’
2418 3926 2613 3988 ἡδονήν
2661 3930 2765 3981 εἰσι
2809 3937 3002 3982 πᾶσαι·
3042 3938 3141 3982 τῶν
3186 3929 3269 3982 ἰπὶ
3319 3938 3420 4001 γῆς
3462 3934 3561 4003 γάρ
3615 3949 3679 4001 με
3724 3926 3851 3982 δια-

2251 4024 2533 4091 τέμνουσαι
2582 4026 2793 4091 Χριστῷ
2845 4022 3173 4072 συνάπτουσι
3225 4025 3384 4091 μόνῳ.
3437 4019 3517 4073 Ἐν
3561 4022 3726 4091 τούτῳ
3764 4016 3854 4072 οὖν

2252 4108 2277 4159 ό
2316 4110 2405 4179 μὲν
2451 4103 2597 4171 δοὺξ,
2646 4114 2841 4172 Θύσον,
2876 4106 3031 4178 ἔλεγε,
3082 4114 3187 4167 τοῖς
3219 4109 3368 4173 θεοῖς,
3418 4110 3710 4179 Σευηριανε,
3762 4113 3856 4161 καὶ

2252 4204 2350 4248 τῶν
2402 4196 2659 4248 κολάσεων
2699 4195 3046 4249 ἀπαλλάττου.
3074 4196 3132 4248 Ὀ
3173 4193 3253 4259 δε,
3300 4206 3396 4248 τῶν
3442 4200 3632 4249 ἐκείνου
3677 4198 3857 4271 ῥημά-

2253 4304 2350 4335 των
2377 4281 2499 4336 οῦδε
2544 4288 2598 4336 τό
2632 4283 2815 4357 βραχύ
2847 4288 3148 4357 φροντίζων,
3181 4281 3305 4338 οὐδέ
3344 4305 3475 4346 τινος
3523 4285 3677 4337 αὐτὸν
3726 4285 3854 4338 ἀπο-

2252 4379 2471 4447 κρίσεως
2528 4372 2704 4442 ἀξιῶν,
2763 4374 2872 4426 Οὐκ
2928 4374 3071 4442 ἄξια,
3140 4374 3187 4425 ἐν
3254 4374 3420 4447 ἑαυτῷ
3473 4374 3733 4441 ὑπελάλει,
3791 4379 3856 4428 τά

2251 4464 2540 4534 παθήματα
2605 4470 2696 4514 τοῦ
2770 4470 2858 4515 νῦν
2934 4472 3118 4537 καιροῦ
3191 4466 3315 4535 πρὸς
3392 4468 3486 4523 τὴν
3566 4463 3855 4536 μέλλουσαν

2254 4550 2679 4623 ἀποκαλυφθῆναι
2754 4548 2931 4614 δόξαν.
2983 4551 3041 4605 Ὀ
3100 4550 3229 4615 δοὺξ
3283 4557 3455 4605 τοίνυν
3509 4558 3599 4612 τὴν
3650 4559 3855 4612 σιωπὴν

2252 4649 2343 4693 τοῦ
2390 4644 2652 4715 μάρτυρος
2698 4646 3107 4715 καταφρόνησιν,
3155 4644 3277 4715 ὅπερ
3329 4643 3412 4708 ἧν,
3466 4648 3699 4713 νομίσας,
3753 4641 3857 4712 βα-

2252 4732 2443 4803 ρύτερα
2495 4729 2610 4781 κατ’
2662 4730 2819 4782 αὐτοῦ
2865 4730 3133 4796 ἐπενοεῖτο,
3190 4736 3279 4782 καὶ
3334 4740 3423 4784 τοῦ
3474 4731 3625 4794 ξύλου
3672 4741 3854 4785 τοῦτον

2252 4824 2582 4890 καταγαγὼν,
2614 4817 2698 4871 ἐπὶ
2729 4823 2785 4870 τό
2824 4827 3002 4891 τεῖχος
3033 4819 3211 4891 ἀνάγει
3236 4825 3326 4873 καὶ
3360 4817 3457 4873 δύο
3483 4824 3626 4882 τινὰς
3655 4820 3853 4890 λίθους,

2251 4912 2309 4959 τό
2348 4910 2561 4979 μέγεθος
2610 4914 2915 4979 μεγίστους,
2950 4907 3129 4982 βαρεῖς
3160 4914 3253 4967 τὴν
3284 4910 3462 4974 ὁλκὴν,
3508 4913 3597 4963 τὸν
3644 4914 3735 4982 μεν
3763 4918 3855 4964 τοῦ

2250 4996 2542 5069 τραχήλου,
2592 5000 2678 5048 τόν
2731 4994 2789 5050 δὲ
2828 5006 2924 5050 τῶν
2980 4994 3157 5050 ποδῶν
3205 4994 3461 5063 ἐκδήσας,
3501 5004 3590 5051 καὶ
3631 5004 3857 5071 σχοινίῳ

2250 5085 2404 5138 πάλιν
2475 5089 2560 5138 τόν
2614 5089 2856 5161 μάρτυρα
2935 5084 3204 5148 διαζώσας
3282 5092 3533 5163 μετέωρον
3595 5086 3697 5141 ἀπό
3764 5096 3858 5142 τοῦ

2251 5180 2464 5247 τείχους
2512 5176 2750 5246 ἀφίησιν,
2786 5178 2924 5236 ὅπως
2974 5185 3043 5246 τῷ
3092 5184 3190 5228 τῶν
3242 5175 3396 5229 λίθων
3442 5175 3595 5251 βάρει
3639 5186 3737 5229 τῶν
3768 5198 3854 5250 με-

2250 5263 2347 5315 λῶν
2398 5260 2826 5317 διασπασθέντων
2875 5264 3036 5334 αὐτῷ,
3066 5263 3256 5337 βιαίως
3305 5270 3396 5324 τὴν
3449 5265 3633 5338 ψυχὴν
3695 5265 3861 5342 ἀπορ-

2249 5352 2404 5426 ρήξῃ.
2441 5352 2576 5405 Ἀλλ’
2604 5352 2757 5413 ὄντως
2786 5352 2870 5405 ἐπὶ
2903 5358 3008 5418 σοὶ,
3042 5356 3217 5426 Κύριε,
3249 5353 3459 5423 ἣλπισε,
3496 5360 3583 5407 καὶ
3613 5355 3671 5407 οῦ
3697 5375 3859 5429 κατη-
