4154 6192
239 228 344 283 649

1427 196 1890 281 MAHTYm‘UM
1924 214 1987 275 Β.
2029 212 2431 274 SEVERIANI.

3514 206 3622 267 650

244 354 477 425 σχύνθη.
530 350 588 403 Ἠ
639 353 728 424 μὲν
779 353 880 423 γὰρ
930 359 1028 403 τῶν
1081 351 1242 422 μελῶν
1298 346 1585 411 διάπλασις
1634 357 1725 409 τῆς
1777 348 1851 400 οἰ-

1978 344 2214 416 pudore.
2233 345 2380 398 Nam
2393 339 2799 395 membrorum
2818 336 3063 409 quidem
3083 334 3275 391 forma
3288 350 3323 392 a
3340 351 3450 393 sua
3461 350 3623 392 com-

239 446 375 501 κείας
429 440 691 512 ἁρμοσίας
745 436 1004 493 διεσπᾶτο
1056 445 1145 492 καὶ
1190 444 1253 492 τὰ
1317 440 1447 493 ὀστᾶ
1494 448 1593 492 τῶν
1644 446 1854 509 σαρκῶν

243 529 565 600 ἐγυμνοῦτο*
620 532 648 587 ἡ
703 526 761 581 δε
809 536 1108 604 προαίρεσις
1157 531 1285 592 ὅλως
1340 527 1399 587 ἧν
1451 529 1678 590 ἀπαθής.
1736 533 1856 579 Δια-

239 620 440 679 παίζων
506 616 563 671 δὲ
612 620 766 671 αὐτόν
818 621 1007 672 ἄνωθεν
1053 625 1137 671 καὶ
1187 622 1212 670 ὁ
1264 624 1481 678 Λυσίας
1534 618 1854 689 ’Υπόμεινοη

241 712 400 778 ἔλεγε,
449 714 743 781 Σευηριανε,
780 710 927 779 τάχα
966 712 1066 783 γὰρ
1119 709 1252 761 οὕτω
1300 713 1443 783 παρὰ
1489 718 1560 779 τῷ
1613 716 1687 777 σῷ
1730 709 1859 773 Χρι“’

250 806 355 867 στῷ
403 803 493 849 καὶ
540 800 565 848 ό
607 801 797 869 μισθός
846 818 928 850 σοι
974 800 1160 870 μείζων
1211 804 1505 869 γενήσεται.
1550 798 1607 849 Ὀ
1658 799 1854 870 μάρτυς

248 884 306 939 δὲ
350 893 440 939 καὶ
488 887 731 940 ἐκλείπων
772 884 902 949 ἤδη,
954 895 1043 940 καὶ
1085 892 1213 963 πρὸς
1258 888 1549 947 τελευταίας
1597 886 1853 945 ἀναπνοὰς

248 978 335 1041 ὢν,
397 977 456 1028 Εἰ
526 974 690 1049 ᾕδεις,
766 977 924 1048 ἔλεγε,
983 980 1216 1049 τύραννε,
1276 983 1392 1030 τίνα
1449 997 1538 1050 μοι
1600 975 1853 1049 προξενεῖς

251 1063 364 1116 ἀντὶ
407 1068 615 1133 τούτου,
661 1067 993 1136 ἐπεθύμησας
1038 1066 1097 1117 ἂν
1146 1069 1209 1118 τὰ
1258 1070 1354 1118 ἴσα
1397 1072 1485 1118 καὶ
1528 1066 1683 1127 αὐτὸς
1730 1065 1852 1116 ὑπο-

253 1162 479 1212 στῆναι·
538 1160 589 1206 τὶ
648 1151 819 1211 δηλῶν
875 1157 1119 1222 ἐντεῦθεν,
1176 1159 1256 1207 ότι
1305 1161 1393 1207 καὶ
1455 1158 1701 1227 μειζόνων
1763 1152 1854 1206 διὰ

250 1248 484 1315 Χριστόν
532 1243 695 1295 ἄλλων
745 1245 941 1315 ἠφίετο.
994 1247 1293 1317 Θαυμάζων
1351 1251 1521 1297 τοίνυν
1572 1247 1597 1297 ὁ
1650 1249 1855 1305 Λυσίας

248 1332 331 1384 ἐπὶ
379 1339 442 1404 τῇ
492 1336 721 1405 τοσαύτῃ
763 1342 852 1385 τοῦ
886 1330 1076 1407 ἀνδρὸς
1126 1336 1356 1407 ύπομονῇ
1405 1354 1457 1386 τε
1504 1340 1593 1386 καὶ
1621 1339 1855 1404 γενναιό-

248 1441 393 1487 τητι,
425 1426 515 1472 καὶ
561 1421 793 1493 μάλιστα
837 1421 910 1493 ἐφ’
969 1424 1047 1484 οἷς
1096 1423 1347 1497 εὐκαίρως
1394 1424 1547 1487 οὕτω,
1578 1428 1749 1474 καίτοι
1796 1441 1854 1493 γε

250 1514 511 1572 τοιούτοις
569 1509 942 1583 ἀπειλημμένος
994 1519 1195 1577 κακοῖς,
1259 1512 1599 1588 ἀπεκρίνατο·
1655 1510 1847 1584 "(ly-mo,

251 1602 370 1671 ἔφη,
428 1604 722 1672 Σευηριανε,
782 1597 999 1659 ἰδιώτην
1054 1598 1181 1653 εἷναί
1259 1621 1336 1667 σε,
1390 1607 1479 1654 καὶ
1530 1604 1852 1675 γραμμάτων

1968 448 2119 504 page
2140 430 2548 496 divellebatur,
2568 432 2624 482 et
2641 442 2781 483 ossa
2797 425 3186 481 nudabantur
3209 425 3619 489 carnibus,vo-

1964 521 2163 577 luntas
2193 525 2392 574 autem
2416 523 2472 573 et
2495 516 2749 573 liberum
2782 513 3317 572 animiinstitutum
3344 518 3468 568 erat
3497 529 3624 569 om-

1967 612 2107 665 nino
2137 608 2485 679 impatibile.
2514 609 2659 661 Eum
2688 610 2887 661 autem
2929 619 3002 657 ex
3033 601 3151 656 alto
3172 600 3490 657 ludiﬁcans
3523 604 3626 673 Ly.

1964 701 2079 755 sias
2113 716 2125 753 :
2161 698 2415 762 Sustine,
2442 696 2697 759 dicebat,
2728 694 3059 758 Severiane,
3082 691 3327 747 fortasse
3356 690 3517 745 enim
3545 690 3628 745 sic

1964 787 2129 861 apud
2168 787 2461 843 Christum
2495 786 2604 840 erit
2634 783 2738 840 tibi
2770 783 2964 853 major
2994 795 3243 837 merces.
3280 781 3496 851 Martyr
3527 793 3629 834 au-

1964 882 2082 933 tem
2112 892 2251 932 cum
2278 875 2407 945 jam
2438 873 2728 936 deﬁceret,
2762 877 2817 926 et
2846 876 3179 925 extremum
3214 872 3417 938 ageret
3449 865 3628 938 spiri-

1964 953 2109 1037 tum,
2143 964 2204 1020 Si
2238 964 2436 1027 scires,
2479 970 2754 1034 tyranne,
2783 959 3041 1024 dicebat,
3067 972 3349 1029 quaenam
3381 971 3493 1028 pro
3536 956 3630 1012 his

1964 1054 2111 1111 mihi
2142 1053 2446 1118 concilies,
2489 1052 2618 1123 ipse
2658 1064 2895 1121 quoque
2941 1047 3320 1104 desiderares
3371 1046 3494 1117 pati
3532 1060 3627 1101 ea-

1962 1146 2097 1199 dem
2128 1163 2140 1203 :
2170 1142 2321 1214 quid
2346 1141 2511 1197 aliud
2531 1140 2671 1195 hinc
2699 1136 3068 1208 signiﬁcans,
3093 1150 3279 1207 quam
3308 1134 3475 1206 quod
3502 1149 3624 1190 ma-

1959 1249 2093 1322 jora
2120 1232 2400 1303 cupiebat
2426 1236 2666 1302 propter
2696 1227 2996 1282 Christum
3019 1226 3047 1280 ?
3071 1225 3392 1279 Admirans
3432 1224 3631 1295 itaque

1968 1313 2168 1393 Lysias
2200 1326 2429 1376 tantam
2461 1318 2590 1389 ejus
2614 1317 2991 1373 tolerantiam
3026 1320 3083 1370 et
3112 1313 3541 1379 fortitudinem,
3576 1314 3632 1367 et

1964 1413 2219 1468 maxime
2241 1410 2403 1481 quod
2434 1416 2555 1465 tam
2580 1411 2941 1479 opportune,
2965 1402 3204 1459 etiamsi
3231 1401 3451 1457 talibus
3472 1404 3633 1456 esset

1964 1501 2136 1555 malis
2153 1500 2508 1571 implicatus,
2533 1494 2964 1567 respondisset,
2986 1490 3439 1560 Existimabam,
3462 1492 3633 1547 Seve-

1966 1590 2150 1658 riane,
2192 1587 2403 1659 inqait,
2433 1591 2488 1642 te
2512 1600 2640 1640 esse
2679 1582 2987 1639 hominem
3019 1580 3229 1651 rudem
3262 1587 3319 1635 et
3350 1580 3629 1649 ignarum

254 1685 592 1757 ἀπαίδευτον,
638 1690 723 1740 οἷα
773 1695 1065 1762 σρατιὼτην
1121 1694 1262 1759 ὄντα,
1308 1696 1396 1742 καὶ
1444 1695 1561 1765 περὶ
1614 1690 1855 1761 πολέμοις

1978 1680 2310 1741 itterarum,
2363 1682 2425 1732 ut
2456 1676 2559 1747 qui
2594 1674 2673 1729 sis
2720 1671 2913 1738 miles,
2948 1676 3006 1727 et
3034 1669 3093 1725 in
3121 1668 3278 1725 bello
3307 1674 3363 1724 te
3394 1683 3631 1740 semper

255 1777 336 1829 ἀεὶ
377 1778 765 1849 γυμναζόμενον
792 1794 803 1806 ’
839 1777 945 1830 ἀλλ’
986 1782 1055 1841 ὡς
1098 1781 1221 1852 ὁρῶ,
1266 1780 1427 1840 πολύς
1473 1776 1519 1831 εἶ
1558 1784 1649 1838 τὴν
1693 1780 1855 1850 γλῶτ-

255 1884 370 1930 ταν,
422 1871 512 1919 καὶ
564 1866 725 1938 λέγειν
773 1868 1204 1942 ῥητορικώτατος.
1255 1872 1391 1940 Πρός
1446 1876 1611 1920 ταῦτα
1667 1867 1856 1921 ὑπολα-

257 1953 359 2005 ϐὼν
413 1956 438 2006 ό
481 1955 644 2026 ἅγιος·
678 1956 736 2007 Ὀ
788 1961 931 2021 Θεὸς,
965 1963 1143 2029 φησὶν,
1282 1956 1378 2029 ἐγὼ
1426 1957 1675 2031 λατρεύω,
1726 1959 1858 2009 ύπο-

255 2047 565 2101 στήσασθαι
609 2048 779 2098 πάντα
828 2043 1050 2108 δυνατός
1080 2048 1166 2112 ὢν,
1204 2046 1263 2097 ἂν
1313 2045 1529 2106 ἰδιώτην
1577 2046 1731 2120 λάϐῃ,
1770 2065 1859 2098 σο-

255 2137 346 2204 φὸν
392 2133 759 2209 ἀπεργάζεται,
803 2135 862 2186 ἂν
912 2132 1100 2199 δειλὸν,
1148 2133 1382 2208 ἀνδρεῖον
1430 2145 1584 2203 ποιεῖ,
1628 2136 1686 2187 ἂν
1736 2155 1865 2208 μογ-

252 2223 465 2293 γιλάλον
540 2230 628 2275 καὶ
704 2222 1144 2297 βραδύγλωσσον,
1199 2228 1414 2297 εύγωνον
1490 2228 1692 2301 ῥήτορα
1774 2230 1864 2277 καὶ

253 2311 461 2383 κομψόν
520 2309 874 2367 ἀναδείκνυσι.
937 2321 1115 2366 Ταῦτα
1181 2312 1309 2380 εἶπε,
1368 2321 1457 2368 καὶ
1525 2315 1709 2390 βραχύ
1771 2317 1860 2376 τὰς

254 2410 446 2473 χεῖρας
505 2398 838 2474 διανασχὼν,
894 2404 1213 2477 Εὐχαριστῶ
1259 2424 1362 2469 σοι,
1419 2408 1576 2479 Κύριε
1629 2405 1654 2457 ὁ
1710 2410 1859 2469 Θεὸς,

256 2494 374 2562 ἔφη,
438 2493 520 2542 ὅτι
577 2490 862 2563 ἐνίσχυσάς
934 2512 1013 2563 με,
1076 2498 1165 2545 καὶ
1221 2495 1337 2545 ἔθου
1414 2494 1559 2556 τόξον
1631 2494 1862 2565 χαλκοῦν

255 2584 376 2640 τοὺς
439 2578 730 2654 βραχίονάς
782 2601 902 2652 μου,
958 2587 1043 2633 καὶ
1104 2581 1305 2656 ἐῤῥύσω
1374 2588 1467 2641 τὴν
1522 2582 1707 2653 ψυχὴν
1762 2602 1860 2654 μου

258 2668 362 2719 ἀπὸ
409 2666 622 2729 ἀσεϐοῦς
665 2671 942 2743 ῥομφαίας,
991 2670 1091 2722 ἀπὸ
1140 2671 1345 2743 ἐχθρῶν
1390 2682 1484 2734 τῆς
1531 2679 1712 2746 χειρός
1745 2692 1863 2744 σου,

257 2762 351 2811 καὶ
407 2756 506 2809 ἀπὸ
560 2766 659 2810 τῶν
729 2758 1138 2831 ἐπανισταμένων
1206 2760 1284 2813 ἐπ’
1342 2761 1429 2833 ἐμὲ
1507 2763 1725 2833 ύψωσάς
1778 2782 1863 2834 με,

263 2854 365 2900 Καὶ
440 2855 527 2898 νῦν
608 2848 654 2899 ἐν
736 2856 846 2909 ταῖς
898 2850 1075 2909 αύλαῖς
1157 2869 1271 2914 σου,
1328 2855 1582 2919 Δέσποτα,
1633 2851 1682 2903 ἐν
1756 2860 1864 2912 τοῖς

260 2936 479 3009 ἀγαθοῖς
534 2946 623 2989 τοῦ
682 2941 825 2989 οἴκου
886 2957 980 2990 σου
1034 2945 1442 2997 κατασκήνωσόν
1494 2960 1593 3013 με·
1654 2943 1735 2993 ὅτι
1786 2942 1864 2993 εύ-

1966 1767 2339 1824 exercueris:
2377 1766 2501 1831 sed,
2537 1768 2600 1819 ut
2641 1761 2838 1827 video,
2872 1776 2935 1816 es
2966 1758 3261 1815 facundus
3289 1763 3347 1814 et
3390 1772 3632 1815 summa

1967 1857 2025 1913 vi
2053 1855 2293 1912 dicendi
2324 1853 2626 1926 praeditus.
2658 1853 2747 1907 Ad
2779 1850 2910 1906 haec
2934 1847 3304 1920 respondens
3342 1852 3587 1902 sanctus
3613 1865 3626 1905 :

1970 1947 2147 2010 Deus,
2196 1944 2408 2015 inquit,
2458 1944 2554 1998 cui
2620 1955 2732 2010 ego
2782 1937 3000 2002 servio,
3050 1936 3155 2009 qui
3202 1940 3394 2008 potest
3440 1934 3629 1992 facere

1974 2041 2036 2091 ut
2060 2036 2264 2091 omnia
2292 2032 2649 2095 consistant,
2670 2044 2809 2085 cum
2837 2027 2911 2082 sit
2929 2025 3341 2097 omnipotens,
3363 2024 3411 2079 si
3440 2024 3630 2079 virum

1973 2124 2185 2180 rudem
2203 2122 2516 2194 acceperit,
2547 2136 2683 2176 eum
2706 2116 2899 2173 reddit
2920 2114 3253 2186 sapientem
3284 2131 3297 2181 ;
3322 2113 3371 2168 si
3397 2117 3631 2169 mutum

1977 2214 2274 2285 tardaeque
2304 2217 2358 2267 et
2389 2208 2781 2282 impeditioris
2812 2207 3045 2276 linguae,
3077 2219 3213 2259 eum
3246 2200 3423 2258 efﬁcit
3452 2201 3633 2257 diser-

1978 2309 2102 2359 tum
2166 2309 2220 2356 et
2268 2301 2599 2370 elegantem
2642 2302 2959 2354 oratorem.
2996 2294 3131 2349 Haac
3188 2292 3338 2348 dixit
3381 2296 3438 2347 et
3494 2306 3631 2346 cum

1977 2408 2193 2447 manus
2225 2390 2533 2461 paululum
2549 2386 2909 2443 extendisset
2932 2401 2945 2439 :
2970 2389 3095 2452 Ago
3118 2381 3244 2446 tibi,
3266 2380 3479 2452 inquit,
3504 2394 3634 2449 gra-

1977 2481 2107 2549 tias,
2131 2481 2376 2536 Domine
2399 2479 2572 2541 Deus,
2589 2476 2754 2547 quod
2780 2490 2875 2529 me
2901 2470 3353 2533 conﬁrmasti,et
3383 2468 3633 2541 posuisti

1975 2587 2181 2626 arcum
2230 2584 2464 2624 aeneum
2496 2564 2743 2621 brachia
2774 2578 2927 2626 mea,
2988 2565 3045 2615 et
3074 2558 3337 2631 eripuisti
3366 2557 3632 2613 animam

1976 2676 2173 2715 meam
2194 2659 2270 2715 ab
2295 2656 2483 2727 impia
2502 2652 2877 2724 rhomphtea,
2900 2649 2977 2705 ab
3001 2646 3252 2703 inimicis
3277 2661 3495 2701 manus
3518 2651 3633 2701 tum

1976 2756 2031 2805 et
2052 2750 2130 2804 ab
2153 2749 2224 2803 iis
2254 2748 2357 2818 qui
2388 2743 2778 2813 insurgebant
2803 2740 3092 2796 adversus
3121 2752 3214 2791 me
3236 2733 3492 2789 extulisti
3514 2748 3632 2788 me.

1979 2842 2042 2894 Et
2078 2853 2238 2893 nunc
2281 2837 2341 2891 in
2372 2833 2533 2891 atriis
2582 2832 2717 2896 tuis,
2764 2828 3034 2893 Domine,
3080 2826 3139 2880 in
3186 2822 3363 2879 bonis
3412 2822 3632 2878 domus

1977 2934 2091 2983 tua:
2119 2926 2346 2982 colloca
2386 2939 2502 2979 me.
2534 2920 2826 2987 Quoniam
2859 2914 3198 2972 lmtantibus
3227 2912 3509 2969 omnibus
3539 2910 3633 2965 ha-

262 3032 610 3099 φραινομένων
685 3029 887 3079 πάντων
959 3030 988 3085 ἠ
1053 3034 1296 3081 κατοικία
1366 3028 1413 3080 ἐν
1493 3035 1595 3085 σοί,
1657 3034 1863 3088 Ταύτην

1978 3018 2183 3075 bitatio
2223 3021 2310 3071 est
2347 3014 2408 3069 in
2446 3019 2499 3067 te
2538 3013 2584 3065 ⁷.
2623 3011 2768 3064 Cum
2822 3008 2932 3063 has
2972 3019 3173 3078 preces
3212 3001 3496 3057 edidisset
3523 3001 3637 3055 Do-

266 3122 445 3189 Κυρίῳ
476 3122 569 3174 την
603 3116 759 3188 εὐχὴν
805 3113 1054 3182 ἀποδούς,
1090 3118 1238 3180 εὐθὺς
1270 3119 1410 3189 αύτῲ
1462 3117 1865 3172 συναποδίδωσι

262 3211 356 3258 καὶ
432 3209 490 3257 τὸ
562 3215 781 3277 πνεῦμα,
862 3209 1072 3265 ἑννάτην
1151 3212 1264 3260 τότε
1344 3217 1435 3261 τοῦ
1521 3210 1865 3283 Σεπτεμϐρίου

264 3298 432 3368 μηνὸς
460 3296 691 3365 ἄγοντος.

342 3383 420 3439 8'.
453 3390 526 3455 Τῇ
575 3381 634 3435 δε
678 3383 813 3449 ἑξῆς,
847 3394 945 3436 τῶν
991 3385 1211 3437 εύσεϐὠν
1260 3406 1411 3451 τινες,
1445 3389 1521 3449 οἷς
1567 3385 1765 3449 διαζῶν
1798 3394 1867 3443 ἔτι

266 3477 333 3525 τὰ
376 3477 494 3544 περὶ
525 3480 619 3534 τῆς
655 3482 823 3545 ταφῆς
866 3476 891 3525 ό
934 3476 1134 3546 μάρτυς
1180 3473 1489 3547 ἐπέσκηψεν,
1522 3478 1607 3530 ἐπὶ
1652 3484 1709 3531 τὸ
1743 3480 1867 3533 αύτό

268 3562 596 3623 συνελθόντες
639 3566 818 3614 καὶτὸ
866 3568 1181 3637 μαρτυρικόν
1214 3565 1405 3617 ἐκείνου
1457 3576 1607 3638 σῶμα
1656 3565 1870 3643 διαπρε-

266 3660 382 3712 πῶς
428 3651 857 3725 περιστείλαντες,
908 3657 997 3704 καὶ
1060 3653 1247 3723 ὕμνους
1302 3654 1379 3705 ἐπ’
1432 3656 1593 3725 αὐτῷ,
1638 3662 1727 3709 καὶ
1771 3661 1870 3710 ὅσα

268 3749 609 3816 Χριστιανοῐς
656 3747 809 3813 νόμος
860 3739 1261 3805 διατελέσαντες,
1314 3746 1598 3805 ποθούσαις
1649 3746 1759 3818 ἅμα
1813 3744 1872 3798 δε

272 3829 578 3902 σεϐομέναις
625 3834 813 3903 χερσὶν
868 3829 1174 3902 ἀνελόμενοι,
1236 3828 1328 3883 δια
1371 3838 1535 3904 μέσης
1575 3839 1756 3895 νυκτὸς
1806 3836 1873 3895 εἰς

270 3925 368 3978 τὸν
400 3917 637 3992 πατρίδα
673 3927 763 3971 τοῦ
794 3921 1054 3994 μάρτυρος
1097 3921 1417 3993 ἁνεκόμιζον.
1454 3924 1591 3976 Ἐπεὶ
1638 3922 1695 3977 δὲ
1739 3927 1873 3976 κατά

271 4028 322 4060 τι
370 4014 572 4079 χωρίον
618 4007 880 4080 ἀφίκοντο,
914 4012 1163 4080 μηνύεται
1203 4014 1290 4081 μεν
1340 4020 1399 4083 τῇ
1435 4011 1656 4086 πατρίδι
1687 4014 1872 4066 ἐκεῖθεν

273 4100 302 4156 ἡ
338 4106 433 4149 τοῦ
462 4097 705 4167 λειψάνου
734 4094 994 4169 ἐπιδημία
1017 4116 1027 4127 ⁸
1062 4104 1150 4151 καὶ
1180 4100 1399 4161 ἕκαστος
1441 4122 1493 4155 τε
1544 4112 1873 4176 προῦπαντᾲν

276 4187 476 4249 ἐνενόει,
529 4192 617 4238 καὶ
665 4189 792 4257 ομοῦ
845 4189 1029 4249 πάντες
1083 4188 1318 4260 ἐξῄεσαν,
1352 4196 1437 4243 καὶ
1487 4190 1661 4255 οὐδεὶς
1718 4192 1777 4252 ἧν
1824 4196 1873 4256 ὃς

276 4276 369 4328 ούκ
412 4279 607 4347 ἐφοίτα,
642 4276 698 4326 ού
725 4281 909 4349 γέρων,
943 4277 1000 4328 ού
1040 4286 1175 4343 παῖς,
1208 4279 1301 4330 οὐκ
1348 4279 1585 4351 ἀσθενὴς,
1622 4284 1680 4335 ού
1726 4290 1873 4358 φύσει

1979 3109 2159 3172 mino,
2196 3103 2374 3160 simul
2400 3102 2578 3158 etiam
2614 3099 2665 3155 ei
2694 3098 2887 3154 reddit
2917 3095 3190 3167 spiritum
3222 3106 3383 3148 nona
3413 3090 3639 3146 mensis

1979 3193 2360 3269 Septembris.

2049 3393 2132 3447 IX.
2178 3386 2455 3460 Sequenti
2498 3388 2694 3440 autem
2736 3382 2830 3437 die
2870 3379 3119 3451 quidam
3151 3393 3221 3432 ex
3253 3376 3382 3449 piis,
3427 3376 3642 3448 quibus

1981 3484 2205 3552 martyr
2231 3479 2398 3531 vivus
2447 3489 2618 3529 suam
2663 3469 2983 3526 mandarat
3029 3466 3420 3538 sepulturam,
3464 3462 3644 3520 simul

1978 3566 2419 3628 convenientes,
2444 3578 2581 3619 cum
2605 3560 2992 3631 martyricum
3011 3556 3154 3613 illud
3178 3571 3395 3625 corpus
3413 3554 3644 3622 magni-

1981 3658 2088 3713 ﬁce
2116 3652 2613 3725 composuissent,
2633 3656 2689 3704 et
2710 3662 2887 3718 super
2912 3645 2974 3699 id
2995 3645 3251 3715 hymnos
3275 3642 3640 3704 cecinissent,

1982 3753 2036 3802 et
2062 3757 2433 3817 quaecunque
2481 3739 2669 3794 solent
2700 3734 3016 3793 Christiani
3063 3732 3451 3803 peregissent,
3493 3728 3646 3783 desi-

1982 3833 2329 3890 derantibus
2377 3828 2557 3885 simul
2613 3833 2670 3882 et
2711 3823 3042 3880 colentibus
3089 3820 3367 3874 manibus
3420 3818 3646 3873 elatum

1986 3924 2181 3982 media
2200 3926 2366 3977 nocte
2389 3919 2648 3975 tulerunt
2666 3916 2724 3970 in
2750 3914 3006 3986 patriam
3034 3909 3331 3981 martyris.
3363 3908 3514 3962 Cum
3544 3922 3645 3962 au-

1985 4025 2099 4071 tem
2136 4013 2431 4067 venissent
2476 4007 2537 4061 in
2585 4003 2913 4077 quemdam
2954 4000 3173 4061 locum,
3207 3997 3367 4051 illinc
3400 3994 3646 4067 quidem

1987 4104 2193 4177 patriae
2242 4098 2605 4169 signiﬁcatur
2645 4093 2935 4149 adventus
2966 4088 3367 4160 reliquiarum.
3421 4085 3652 4154 Cogita-

1986 4196 2088 4249 bat
2118 4207 2255 4247 vero
2296 4186 2707 4257 unusquisque
2757 4182 2841 4236 eis
2899 4181 2979 4234 ire
3011 4179 3252 4233 obviam
3287 4195 3300 4241 ;
3345 4180 3401 4230 et
3435 4190 3646 4229 omnes

1986 4282 2161 4338 simul
2192 4278 2409 4347 egressi
2442 4280 2599 4335 sunt,
2649 4285 2841 4342 neque
2894 4270 3001 4323 fuit
3044 4266 3214 4331 ullus,
3246 4266 3350 4335 qui
3381 4279 3501 4318 non
3549 4278 3648 4317 ve-

278 4362 519 4438 βραδύς·
557 4363 662 4415 ἀλλ’
710 4366 923 4425 ἕκαστος
968 4371 1307 4439 προαρπάσαι
1356 4375 1448 4427 τὴν
1493 4354 1740 4443 εὐλογίαν⁷
1775 4375 1864 4427 ἐνό·

1988 4378 2134 4427 nerit
2175 4390 2188 4424 :
2224 4384 2344 4423 non
2394 4380 2596 4433 senex,
2630 4377 2751 4416 non
2799 4374 2964 4429 puer,
3023 4370 3143 4409 non
3183 4354 3481 4418 infirmus,
3529 4367 3651 4406 non

277 4456 420 4527 μιζε,
480 4460 631 4527 μόνον
695 4456 738 4506 εἰ
792 4456 1002 4526 φθάσειε
1050 4465 1121 4527 τῷ
1169 4455 1395 4529 λειψάνῳ
1450 4469 1872 4534 προϋπαντήσας.

280 4548 435 4596 Οὕτω
492 4548 660 4595 τοίνυν
716 4544 953 4595 ἁπάντων
1023 4548 1115 4596 σύν
1190 4549 1456 4621 προθυμίᾳ
1516 4551 1872 4625 ἐπειγομένων,

281 4631 472 4685 δούλου
552 4635 816 4691 τεθνεῶτος
872 4634 1097 4704 σύζυγος
1172 4636 1501 4691 ὑπολέλειπτο
1572 4647 1699 4711 μόνη
1777 4646 1878 4713 (τε-

280 4722 574 4779 τελευτηκει
620 4723 717 4794 γάρ
762 4740 840 4783 τις
868 4723 982 4772 κατ’
1034 4722 1189 4774 ἐκεῖνο
1238 4734 1423 4797 καιροῦ
1468 4737 1565 4779 τῶν
1611 4740 1701 4783 τοῦ
1749 4736 1879 4807 μάρ-

282 4830 438 4883 τυρος
486 4810 733 4881 οἱκετών)·
768 4816 856 4863 καὶ
902 4808 961 4869 ἦν
1006 4819 1065 4883 τῇ
1099 4819 1308 4883 γυναικὶ
1339 4820 1501 4889 πικρὰ
1542 4822 1727 4886 πάντα,
1764 4826 1793 4881 ἡ
1828 4844 1881 4876 τε

280 4906 371 4951 τοῦ
418 4897 602 4973 ἀνδρὸς
652 4900 819 4971 ζημία
848 4904 936 4951 καὶ
983 4902 1012 4958 ἡ
1062 4909 1151 4953 τοῦ
1200 4904 1620 4977 παρακαλοῦντος
1668 4913 1876 4985 ἐρημία,

283 4995 373 5041 καὶ
404 4992 461 5041 τὸ
488 4994 558 5060 μὴ
593 4992 730 5061 ἔχειν
762 4992 899 5051 ὅπως
930 4990 1000 5051 εἰς
1031 4992 1317 5050 ύπάντησιν
1347 5000 1436 5046 καὶ
1469 4997 1599 5057 αὐτη
1632 4968 1877 5065 σύνεξίοι,

284 5083 429 5135 Μόνη
477 5083 646 5129 τοίνυν
695 5075 840 5130 ἔνδον
884 5079 1269 5150 ὑπολειφθεῖσα,
1302 5081 1482 5143 ἐπειδὴ
1530 5085 1752 5147 ἐζήτησε
1796 5096 1880 5144 τόν

285 5167 707 5240 παρακαλοῦντα,
740 5172 829 5218 καὶ
877 5167 981 5239 ούχ
1029 5169 1243 5239 ὑπῆρξε,
1274 5176 1363 5223 καὶ
1396 5176 1482 5224 τόν
1529 5177 1877 5240 συλλυπούμε-

287 5276 391 5322 νον,
418 5262 507 5309 καὶ
541 5257 634 5308 οῦκ
673 5256 809 5329 εὗρε,
839 5259 1163 5331 παραθεμένη
1194 5262 1280 5310 τὸν
1305 5268 1397 5312 τοῦ
1447 5264 1678 5337 συζύγου
1709 5236 1882 5343 νεκρόν

290 5343 550 5411 ἑκόπτετο,
606 5348 818 5411 ἔστενεν,
874 5346 1180 5418 ὠλοφύρετο,
1241 5350 1325 5401 οἶα
1376 5350 1535 5411 ζῶντι
1585 5364 1656 5425 τῷ
1705 5361 1883 5417 τεθνη-

362 5517 380 5551 ⁷
414 5516 563 5571 Psal.
597 5531 728 5580 xvu,
761 5520 828 5570 36
854 5532 1020 5589 seqq.

577 5623 822 5680 Panos.
852 5624 955 5679 Gn.
990 5623 1147 5682 CXV.

1986 4466 2203 4517 natura
2254 4455 2462 4512 tardus
2500 4469 2514 4517 ;
2548 4449 2651 4505 sed
2704 4445 3091 4503 existimabat
3140 4442 3557 4513 unusquisque
3589 4455 3650 4493 se

1986 4553 2417 4623 prwrepturum
2460 4556 2590 4596 esse
2629 4535 3129 4602 benedictionem,
3166 4531 3216 4585 si
3267 4533 3447 4585 modo
3487 4530 3650 4601 prius

1985 4617 2341 4697 occurrisset
2364 4631 2645 4703 reliquiis.
2678 4629 2769 4685 Sic
2792 4640 2932 4696 ergo
2964 4621 3248 4678 omnibus
3276 4619 3544 4675 alacriter
3569 4617 3654 4671 fe-

1989 4727 2369 4793 stinantibus,
2400 4720 2613 4777 mortui
2639 4718 2792 4773 servi
2831 4713 3046 4783 conjux
3078 4712 3205 4765 sola
3235 4710 3437 4763 relicta
3462 4707 3656 4761 fuerat

1988 4820 2350 4891 (decesserat
2394 4812 2552 4865 enim
2602 4823 2672 4862 eo
2730 4812 2995 4874 tempore
3052 4800 3299 4869 quidam
3347 4812 3417 4851 ex
3469 4794 3654 4849 servis

1992 4883 2304 4978 martyris),
2366 4906 2650 4969 erantque
2704 4894 2873 4949 uxori
2924 4890 3139 4947 acerba
3180 4888 3403 4953 omnia,
3463 4883 3656 4939 mariti

1989 4971 2303 5055 damnum,
2335 4997 2390 5045 et
2420 4988 2546 5059 ejus
2578 4984 2675 5055 qui
2717 4997 2853 5038 eam
2888 4978 3309 5040 consolaretur,
3346 4971 3605 5028 solitudo
3639 4988 3652 5026 :

1991 5094 2046 5143 et
2071 5084 2231 5157 quod
2267 5078 2513 5135 nesciret
2541 5088 2808 5146 quonam
2860 5068 3041 5123 modo
3070 5072 3268 5137 posset
3303 5063 3383 5117 ire
3415 5060 3657 5117 obviam

1995 5150 2257 5245 martyri.
2303 5168 2436 5226 Sola
2462 5180 2602 5236 ergo
2628 5162 2786 5215 intus
2818 5157 3045 5221 relicta,
3084 5153 3370 5225 quoniam
3403 5150 3636 5222 quaesiit

1992 5266 2093 5339 qui
2138 5235 2267 5318 eam
2309 5235 2735 5314 consolaretur,
2788 5254 2844 5303 et
2896 5262 3014 5300 nou
3070 5242 3196 5305 fuit,
3236 5247 3291 5295 et
3333 5239 3438 5311 qui
3485 5235 3660 5293 simul

1997 5329 2234 5415 doleret,
2286 5354 2342 5404 et
2389 5360 2507 5401 non
2558 5336 2799 5401 invenit,
2834 5331 3058 5391 mortui
3097 5329 3369 5398 conjugis
3418 5343 3662 5398 corpore

3312 5605 3377 5660 21
