4096 6220
477 264 578 325 654
1797 260 2060 323 MENSIS
2100 260 2546 325 SEPTEMBER.

3745 259 3860 317 652

478 389 778 463 apposito,
803 388 1146 462 plangebat,
1167 389 1465 459 gemebat,
1486 389 1947 457 lamentabatur,
1981 408 2129 449 mor-

2245 396 2358 443 κότι
2391 388 2763 461 συνδιελέγετο’
2796 389 3054 463 Ἐγειραι,
3087 385 3126 439 ὦ
3171 388 3312 459 ἆνερ,
3345 387 3561 459 ἔγειραι,
3599 385 3855 457 λέγουσα’

480 487 648 535 tuum
677 478 913 551 perinde
936 494 1006 534 ac
1028 478 1233 534 vivum
1259 478 1675 549 alloquebatur
1701 500 1713 534 :
1734 478 1937 550 Surge,
1958 497 1994 536 o
2017 498 2139 537 ma-

479 570 605 635 rite,
637 583 827 636 surge,
855 568 1078 633 dicens,
1112 583 1318 622 eamus
1349 567 1588 621 obviam
1617 568 1865 623 domino
1909 578 2132 636 nostro,

477 672 550 713 ne
578 656 886 711 videamur
916 654 1023 710 soli
1052 654 1203 726 pigri
1232 660 1289 710 et
1318 656 1575 721 desides,
1610 672 1803 727 neque
1832 658 2135 729 quispiam

474 759 589 801 nos
602 744 975 815 negligentiae
993 750 1227 800 accuset
1244 744 1304 799 in
1324 750 1600 799 nostrum
1619 745 1955 801 dominum.
1984 748 2137 802 Sen-

477 833 590 889 sim
622 838 821 889 autem
852 838 911 888 et
947 833 1232 902 tangebat
1259 834 1547 898 tunicam,
1581 840 1636 889 et
1673 833 1972 906 lacrymas
1996 852 2135 891 cum

473 938 621 978 voce
649 922 976 978 emittebat.
1002 922 1135 977 Haec
1165 926 1482 993 postquam
1511 922 1673 977 brevi
1708 930 1972 995 tempore
2001 941 2135 995 sug-

475 1011 676 1082 gessit,
718 1016 775 1066 et
822 1011 968 1066 dixit
1020 1009 1281 1080 conjugi,
1341 1009 1523 1066 etiam
1581 1027 1801 1082 corpus
1854 1013 2133 1085 martyris

474 1116 615 1155 mox
636 1104 764 1156 erat
776 1100 1192 1163 adventuram,
1210 1102 1520 1171 repente(o
1548 1100 2133 1171 miraculuml)vivus

475 1191 750 1256 cernitur,
810 1191 913 1260 qui
960 1194 1085 1244 erat
1139 1193 1424 1253 mortuus,
1480 1196 1536 1244 et
1589 1190 1659 1243 iis
1702 1190 1939 1260 abjectis
1997 1207 2133 1263 quae

474 1286 641 1336 erant
664 1279 718 1333 ei
750 1278 1047 1349 imposita,
1083 1294 1218 1332 cum
1262 1293 1323 1332 se
1361 1277 1632 1349 protinus
1660 1280 1955 1345 cinxisset,
2011 1282 2133 1351 ipse

471 1384 713 1440 quoque
748 1367 909 1423 vadit
939 1368 1184 1422 obviam
1228 1367 1496 1437 martyri.
1541 1367 1713 1431 Quod
1758 1370 1986 1438 insigne
2026 1372 2129 1425 mi.

472 1456 831 1521 raculorum,
857 1462 913 1511 et
946 1456 1077 1511 tulit
1108 1456 1340 1511 athletae
1376 1456 1782 1511 testimonium
1803 1456 1877 1512 de
1907 1459 2132 1529 majore

471 1545 599 1616 ejus
638 1544 862 1600 ﬁducia
886 1546 963 1599 ad
989 1546 1329 1609 Dominum,
1364 1549 1419 1599 et
1438 1546 1513 1600 ad
1548 1545 1734 1614 majus
1773 1546 2133 1603 desiderium

473 1634 746 1689 accendit
780 1633 1044 1688 omnium
1075 1632 1331 1688 animos.
1366 1636 1492 1688 Non
1524 1634 1681 1687 enim
1709 1636 1869 1705 quod
1906 1635 2132 1691 factum

2246 482 2620 551 ύπαντὴσωμεν
2670 486 2739 548 τῷ
2788 480 3019 551 ἡμετέρῳ
3067 474 3322 547 δεσπότῃ,
3369 478 3580 549 ἓγειραι,
3634 482 3706 548 μὴ
3758 482 3861 548 μό-

2243 588 2321 620 νοι
2378 578 2608 641 φανῶμεν
2660 569 2833 627 mea;
2884 564 3021 638 μηδὲ
3071 567 3320 639 ῥᾴθυμοι,
3375 562 3513 634 μηδὲ
3572 565 3863 640 ὀλιγωρίαν

2243 677 2323 719 τις
2371 659 2515 729 ἡμῶν
2582 662 2698 730 περὶ
2772 661 2859 707 τόν
2921 656 3105 707 οἰκεῖον
3174 659 3489 724 καταγνώτω
3548 651 3857 713 δεσπότην·

2243 747 2411 817 ἠρέμα
2455 743 2513 797 δε
2562 751 2649 796 καὶ
2698 754 2915 817 χιτῶνος
2959 747 3171 811 ἣπτετο,
3218 748 3309 793 καὶ
3360 739 3568 817 δάκρυα
3595 747 3723 815 μετά
3752 754 3863 806 τῆς

2244 844 2411 906 φωνῆς
2463 835 2623 905 ἠφίει.
2695 841 2874 886 Ταύτα
2931 832 3036 884 ἐπεὶ
3113 831 3325 904 βραχύν
3381 833 3554 904 ὥσπερ
3617 834 3859 886 ὑπετίθει

2242 929 2431 997 χρόνον
2486 933 2555 993 τῷ
2604 924 2818 993 συζύγῳ
2867 927 2956 973 καὶ
3010 919 3287 991 διελέγετο,
3338 917 3445 978 ἤδη
3496 924 3596 993 γὰρ
3652 928 3741 973 καὶ
3788 928 3857 975 τὸ

2241 1016 2561 1085 μαρτυρικὸν
2637 1022 2791 1083 σῶμα
2842 1014 2961 1063 ὅσον
3038 1008 3244 1062 οὐδέπω
3318 1007 3594 1081 ἐπιδημεῖν
3654 1012 3853 1083 ἔμελλε,

2243 1102 2344 1162 ζων
2392 1100 2446 1152 ἐκ
2503 1109 2593 1152 τοῦ
2645 1098 2930 1172 αἰφνιδίου,
2992 1101 3031 1150 ὦ
3090 1107 3180 1150 τού
3241 1098 3537 1169 θαύματοςί
3595 1101 3621 1150 ό
3670 1105 3857 1174 νεκρὸς

2242 1192 2447 1263 ὁρᾶται,
2490 1196 2579 1242 καὶ
2617 1194 2681 1242 τὰ
2724 1195 3053 1261 περικείμενα
3102 1188 3283 1262 ῥίψας,
3318 1187 3716 1261 διαζωσάμενος
3762 1191 3855 1242 εύ-

2244 1283 2349 1344 θὺς,
2383 1288 2453 1350 τῷ
2498 1283 2726 1354 μάρτυρι
2767 1284 2857 1331 καὶ
2907 1280 3062 1340 αὐτὸς
3106 1284 3433 1350 προϋπηντα,
3467 1284 3556 1329 καί
3587 1283 3645 1330 τὸ
3689 1282 3858 1351 ύπερ-

2242 1369 2423 1421 ϐάλλον
2454 1366 2609 1421 τούδε
2652 1378 2743 1420 τού
2790 1371 3055 1440 θαύματος
3097 1367 3303 1418 πλείονα
3345 1370 3474 1439 πρὸς
3518 1372 3601 1419 τὸν
3656 1372 3853 1443 Κύριον

2240 1458 2538 1533 παρρησίαν
2588 1467 2660 1529 τῷ
2720 1458 2915 1529 ἀθλητῇ
2994 1457 3288 1531 ἐμαρτύρει,
3342 1462 3431 1507 καὶ
3490 1458 3561 1518 εἰς
3631 1459 3855 1528 μείζονα

2240 1550 2398 1600 πόθον
2470 1551 2562 1609 τὰς
2639 1548 2877 1599 ἁπάντων
2957 1546 3139 1617 ψυχὰς
3226 1544 3510 1617 ἀνέφλεγεν.
3590 1548 3664 1599 Ou’
3741 1551 3851 1622 γὰρ

2244 1633 2681 1709 δυσπαράδεκτον
2731 1633 2791 1693 ἦν
2845 1640 2901 1687 τό
2950 1639 3155 1707 γεγονὸς
3203 1632 3315 1686 οὐδ’
3379 1634 3679 1707 ἀμφίϐολον,
3737 1637 3856 1688 ἀλλ’

471 1722 663 1779 fuerat
710 1729 836 1779 erat
891 1722 1186 1793 ejusmodi
1250 1728 1313 1777 ut
1356 1726 1559 1793 posset
1588 1722 1775 1792 rejici,
1832 1740 2029 1795 neque
2060 1725 2129 1780 de

2246 1725 2329 1786 οὓς
2367 1734 2462 1788 τῆς
2507 1726 2739 1785 τελευτῆς
2772 1728 2958 1786 θεατὰς
3006 1721 3140 1796 εἶχε,
3172 1728 3262 1775 καὶ
3310 1730 3426 1795 περὶ
3473 1728 3539 1776 τὰ
3570 1722 3857 1782 ἐπικήδεια

472 1827 543 1869 eo
574 1817 805 1884 poterat
834 1828 966 1867 esse
1001 1812 1120 1866 ulla
1151 1810 1443 1867 dubitatio
1478 1828 1490 1865 :
1528 1811 1629 1865 sed
1669 1828 1818 1884 quos
1848 1814 2131 1869 decessus

471 1902 679 1967 habuit
703 1908 1089 1973 spectatores,
1114 1906 1169 1955 et
1193 1900 1297 1971 qui
1319 1916 1526 1955 curam
1554 1907 1859 1969 gesserant
1884 1902 2133 1964 funeris,

468 1991 704 2046 fuerunt
726 1992 767 2045 ii
795 2006 1030 2061 quoque
1070 1995 1243 2045 testes
1274 1989 1738 2043 resurrectionis.

542 2084 601 2136 X.
626 2082 774 2136 Cum
803 2080 985 2149 longo
1012 2085 1206 2134 autem
1234 2085 1501 2148 tempore
1528 2078 1852 2135 assedisset
1877 2080 2133 2136 famulus

470 2169 743 2241 sepulcro
783 2168 1091 2238 martyris,
1126 2167 1361 2223 decimo
1419 2168 1629 2238 quinto
1687 2184 1847 2224 anno
1901 2170 1979 2224 ab
2033 2170 2133 2227 illo

470 2264 759 2328 tempore,
789 2263 843 2311 et
868 2255 1049 2327 paulo
1072 2254 1229 2327 plus,
1256 2256 1382 2327 ipse
1412 2271 1655 2327 quoque
1684 2259 2132 2320 excessitevita.

472 2349 659 2417 Atque
692 2350 835 2400 tunc
863 2344 1111 2415 quidem
1143 2344 1658 2400 considerantibus
1689 2347 1991 2413 omnibus,
2026 2350 2133 2420 qui

472 2437 553 2491 ad
588 2435 700 2489 hoc
740 2434 1085 2505 congregati
1124 2433 1379 2499 fuerant,
1416 2433 1661 2490 ubinam
1704 2436 1783 2491 ab
1855 2436 1937 2491 eis
1978 2454 2131 2493 mar-

476 2524 733 2596 tyricum
756 2538 974 2594 corpus
993 2524 1410 2595 deponeretur,
1431 2524 1719 2595 quoniam
1741 2524 2133 2584 dubitationis

472 2628 594 2669 non
640 2612 900 2668 dabatur
954 2612 1191 2678 solutio,
1236 2612 1467 2668 meliori
1506 2618 1561 2667 et
1606 2614 1880 2669 diviniori
1939 2617 2133 2687 provi-

471 2702 680 2758 dentiae
710 2702 770 2757 id
801 2702 1179 2757 statuendum
1206 2702 1593 2774 reliquerunt,
1624 2711 1680 2758 et
1723 2719 2010 2760 coronam
2061 2722 2131 2762 ex

470 2790 719 2847 ﬂoribus
749 2795 1088 2847 contextam
1142 2792 1465 2864 imponunt
1516 2792 1799 2864 reliquiis.
1861 2794 2130 2849 Protinus

473 2887 695 2947 autem,
712 2888 997 2952 tanquam
1017 2881 1094 2936 ab
1119 2881 1322 2952 aliquo
1340 2883 1545 2946 missa,
1570 2881 1828 2953 desuper
1842 2883 2130 2938 advolans

475 2970 696 3041 aquila,
739 2972 963 3039 accepit
993 2985 1301 3037 coronam,
1331 2974 1387 3023 et
1427 2971 1649 3025 sensim
1670 2970 1854 3025 movit
1877 2987 2128 3041 pennas,

2245 1820 2609 1887 πονουμένους,
2666 1817 2876 1876 τούτους
2929 1819 3017 1865 καὶ
3073 1821 3166 1874 τῆς
3218 1812 3542 1874 ἀναϐιώσεως
3594 1820 3856 1870 πεποίητο

2243 1908 2525 1979 μάρτυρας.

2318 2084 2374 2136 Ι’.
2435 2088 2626 2156 Χρόνον
2686 2080 2744 2135 δὲ
2792 2092 2863 2153 τῷ
2914 2090 3005 2134 τοῦ
3048 2083 3311 2155 μάρτυρος
3361 2083 3386 2133 ὁ
3430 2081 3629 2142 οἰκέτης
3680 2102 3857 2157 προσ-

2246 2170 2495 2247 εδρεύσας
2548 2176 2712 2245 τάφῳ,
2762 2176 2890 2243 μετά
2938 2176 3169 2243 πέμπτον
3217 2170 3268 2233 ἐξ
3326 2174 3515 2223 ἐκείνου
3564 2177 3694 2246 πρός
3738 2180 3855 2235 τοῖς

2247 2258 2376 2313 δέκα
2422 2264 2551 2327 ἔτος,
2603 2266 2691 2312 καὶ
2742 2261 2899 2331 ὀλίγῳ
2952 2280 3002 2311 τι
3054 2260 3223 2326 πλέον,
3279 2266 3367 2312 καὶ
3420 2260 3578 2321 αύτός
3630 2260 3851 2314 ἀπεϐίω.

2243 2357 2369 2403 Τότε
2445 2354 2533 2421 μὲν
2602 2348 2688 2401 οὖν
2772 2346 3232 2419 διασκοπουμένων
3304 2348 3543 2401 ἀπάντων
3614 2359 3711 2401 τῶν
3764 2350 3852 2403 ἐπὶ

2244 2444 2408 2510 τούτῳ
2465 2440 2878 2511 συνειλεγμένων,
2931 2441 3058 2490 ὅπου
3112 2442 3217 2511 ἄρα
3272 2444 3361 2491 καὶ
3418 2443 3476 2490 τό
3531 2445 3854 2513 μαρτυρικόν

2243 2530 2421 2589 αύτοίς
2466 2534 2832 2581 κατακείσεται
2882 2538 3053 2600 σῶμα,
3101 2527 3207 2580 ἐπεὶ
3251 2536 3340 2579 καὶ
3387 2529 3528 2588 λύσις
3576 2538 3671 2589 τῆς
3723 2528 3851 2581 ἀπο⁴¹

2240 2622 2359 2691 ρίας
2416 2618 2509 2668 ούκ
2586 2615 2665 2681 ἧν,
2721 2622 2976 2689 κρείττονι
3049 2625 3132 2667 xui
3196 2619 3427 2691 θειοτέρα
3484 2622 3698 2690 προνοίᾳ
3754 2624 3852 2675 τήν

2240 2705 2410 2797 ψῆφον
2466 2705 2727 2772 ἀνέθεσαν,
2779 2712 2867 2757 καὶ
2910 2710 3155 2777 στέφανον
3204 2708 3407 2758 ἄνθινον
3458 2702 3850 2773 διαπλέξαντες,

2238 2792 2307 2873 τῷ
2362 2794 2585 2866 λειψάνῳ
2636 2794 2980 2851 ἐπιτιθούσιν.
3032 2795 3232 2848 Δύτίκα
3282 2792 3339 2847 δὲ
3386 2797 3558 2867 ὥσπερ
3609 2798 3663 2847 ἔκ
3711 2815 3854 2857 τινος

2241 2882 2532 2945 ἀποστολῆς
2583 2885 2727 2946 ἀετός
2781 2886 2970 2936 ἀνωθεν
3020 2883 3239 2945 ἐπιπτάς
3286 2889 3370 2935 τόν
3420 2890 3662 2956 στέφανον
3714 2886 3853 2943 εἰλή-

2239 2992 2336 3043 φει,
2371 2980 2458 3025 καὶ
2507 2975 2674 3046 ἠρέμα
2714 2978 2769 3025 τό
2824 2979 3008 3045 πτερόν
3058 2974 3232 3039 ἐκίνει,
3268 2980 3355 3025 καὶ
3392 2973 3667 3047 ἀργότερον
3717 2980 3853 3048 πρός

473 3063 530 3113 et
567 3074 669 3113 eus
718 3057 920 3114 minus
952 3058 1221 3129 pernices
1259 3058 1467 3113 habuit
1511 3058 1590 3113 ad
1629 3059 1967 3114 volandum-
2015 3062 2126 3116 Sed

2241 3067 2329 3119 τὴν
2382 3071 2575 3120 πτῆσιν
2629 3059 2789 3135 εἶχεν.
2848 3062 3002 3116 Ἀλλά
3060 3072 3128 3133 τῷ
3182 3067 3270 3133 μεν
3332 3068 3390 3115 τὸ
3447 3064 3638 3123 πλῆθος
3698 3065 3851 3126 εύθύς

470 3147 640 3203 illam
702 3147 947 3220 quidem
1010 3150 1213 3203 statim
1266 3148 1625 3220 sequebatur
1664 3149 1938 3221 populus.
1989 3152 2128 3222 Ipsa

472 3242 671 3292 autem
700 3236 966 3307 quodam
1008 3236 1192 3291 modo
1237 3252 1375 3291 eum
1419 3236 1692 3303 ducebat,
1737 3242 1965 3293 tantum
1990 3245 2126 3294 ante

472 3340 576 3381 eos
598 3327 827 3389 volans,
860 3330 922 3380 ut
948 3339 1069 3380 non
1096 3330 1252 3380 esset
1279 3325 1533 3380 multum
1556 3332 1785 3380 remota
1812 3327 1888 3382 ab
1914 3327 2121 3382 oculis.

473 3417 540 3471 Et
569 3430 707 3470 cum
738 3413 997 3470 venisset
1034 3413 1111 3469 ad
1144 3415 1544 3486 propinquam
1576 3415 1787 3471 silvam
1830 3422 1885 3471 et
1909 3417 2124 3472 deinde

471 3519 759 3560 coronam
786 3519 857 3559 ex
883 3503 1003 3559 alto
1028 3503 1363 3559 demisisset
1389 3505 1448 3558 in
1472 3503 1720 3575 pulchro
1744 3505 1878 3561 loco
1904 3508 2124 3561 montis

470 3600 527 3649 et
550 3593 749 3649 volare
788 3594 962 3665 coepit
992 3592 1259 3658 celerius,
1298 3598 1352 3648 et
1400 3593 1665 3664 profecta
1703 3599 1790 3649 est
1832 3594 1911 3649 ad
1950 3611 2120 3650 suam

469 3683 919 3740 habitationem.
976 3684 1095 3737 Hoc
1148 3681 1229 3737 illi
1277 3682 1656 3753 conjicientes
1688 3684 1953 3739 divinam
1998 3702 2123 3741 esse

469 3772 917 3837 iudicationem,
939 3787 1077 3827 cum
1094 3771 1398 3843 voluptate
1424 3778 1481 3827 et
1511 3788 1733 3845 magno
1760 3773 1955 3829 studio
1987 3790 2124 3829 con-

470 3869 775 3918 currentes
812 3877 1048 3917 sacrum
1109 3861 1255 3916 illud
1295 3866 1350 3917 et
1404 3861 1677 3916 divinum
1729 3878 1949 3934 corpus
2007 3864 2123 3919 illic

470 3958 675 4008 sancte
704 3957 760 4008 et
788 3951 988 4007 divine
1012 3951 1341 4022 deponunt.
1371 3952 1499 4016 Quo
1525 3953 1584 4007 in
1614 3952 1746 4008 loco
1777 3952 1835 4007 in
1864 3953 2124 4009 hordier-

468 4058 615 4099 num
657 4058 841 4113 usque
871 4040 1026 4095 diem
1057 4043 1297 4095 sanctus
1326 4040 1442 4094 illic
1482 4042 1818 4112 frequentes
1843 4049 2124 4113 operatur

470 4132 828 4197 curationes,
891 4135 947 4185 et
993 4128 1183 4184 multa
1238 4128 1544 4197 miracula,
1587 4130 1828 4185 cuilibet
1886 4132 2121 4201 roganti

468 4220 728 4290 benigne
748 4235 1066 4291 apparens,
1095 4225 1151 4274 et
1174 4218 1305 4289 ejus
1327 4234 1535 4274 curam
1557 4234 1789 4290 gerens,
1816 4221 1868 4273 in
1895 4221 2121 4277 Christo

466 4309 606 4365 Jesu
658 4309 909 4364 Domino
934 4314 1137 4365 nostro
1175 4323 1188 4363 :
1222 4309 1317 4362 cui
1349 4307 1539 4377 gloria
1565 4313 1618 4364 et
1649 4311 1936 4379 potentia,
1981 4327 2119 4366 cum

2237 3154 2436 3203 εἰποντο
2462 3172 2473 3184 ’
2511 3155 2536 3203 ὁ
2566 3150 2623 3205 δε
2668 3154 2771 3204 οἷον
2816 3152 2967 3213 αὐτὸς
3014 3150 3259 3224 ἀφηγεῖτο
3303 3155 3535 3222 τοσούτῳ
3584 3156 3847 3223 προιπτά-

2235 3260 2383 3311 μενος
2428 3245 2643 3303 τούτων,
2704 3244 2810 3313 ὅσῳ
2870 3246 2941 3313 μὴ
2998 3250 3098 3293 τῶν
3156 3240 3319 3310 ὄψεων
3379 3239 3459 3292 ἐπὶ
3516 3241 3642 3291 πολύ
3698 3238 3845 3292 διίσ-

2234 3332 2445 3381 τασθαι’
2480 3336 2564 3381 καὶ
2613 3329 2681 3388 δὴ
2727 3334 2854 3404 πρὸς
2903 3338 2961 3402 τῇ
3010 3331 3229 3387 πλησίον
3261 3330 3353 3402 ὕλῃ
3405 3335 3695 3401 γενόμενος,
3728 3327 3845 3381 εἶτα

2234 3422 2319 3469 τόν
2374 3423 2619 3491 στέφανον
2676 3419 2723 3470 ἐν
2804 3421 2942 3490 καλῴ
3023 3428 3112 3471 τοῦ
3196 3424 3342 3491 ὄρους
3410 3419 3548 3491 ἀφεὶς
3626 3422 3839 3487 ἀνωθεν,

2234 3511 2469 3567 πτήσεως
2525 3527 2577 3560 τε
2633 3511 2822 3567 ἥπτετο
2895 3513 3213 3582 ταχυτέρας,
3266 3512 3355 3559 καὶ
3412 3507 3493 3559 ἐπὶ
3556 3511 3621 3559 τά
3672 3508 3843 3559 οἰκεῖα

2234 3600 2333 3655 ἤθη
2390 3597 2599 3671 ἐχωρει.
2647 3606 2807 3652 Τοῦτο
2859 3600 3041 3651 ἐκεῖνοι
3095 3602 3228 3650 Θείαν
3289 3595 3419 3650 εἶναι
3495 3598 3841 3671 συμϐαλόντες

2234 3685 2502 3753 ἐπίδειξιν,
2584 3686 2789 3761 σπουδῇ
2873 3688 2987 3761 μεθ’
3066 3686 3256 3748 ἡδονῆς
3319 3684 3719 3761 συνδραμόντες,
3778 3692 3840 3739 τὸ

2237 3778 2367 3849 ἱερὸν
2420 3776 2576 3828 ἐκεῖνο
2632 3784 2721 3829 καὶ
2776 3780 2908 3829 θεῖον
2966 3786 3119 3849 σῶμα
3199 3780 3340 3851 ἰερώς
3398 3776 3499 3828 ἐκεῖ
3554 3782 3645 3828 καὶ
3695 3779 3843 3837 θείως

2232 3867 2520 3918 κατέθεντο.
2576 3866 2652 3919 Οὔ
2706 3863 2773 3924 δὴ
2830 3872 2918 3917 καὶ
2970 3866 3127 3926 πολύς
3200 3866 3313 3918 ἐστι
3384 3871 3548 3940 μέχρι
3602 3872 3690 3918 καὶ
3749 3876 3840 3917 νυν

2234 3955 2259 4005 ό
2338 3957 2538 4027 μάρτυς
2617 3963 2730 4017 ταῖς
2808 3957 2981 4008 ὶοίσεσι
3038 3961 3127 4007 καὶ
3200 3962 3314 4016 ταῖς
3391 3958 3841 4028 θαυματουργίαις

2234 4040 2456 4115 δεομένῳ
2514 4050 2668 4096 παντὶ
2726 4045 3096 4119 φιλανθρώπως
3153 4048 3455 4117 ποιούμενος
3509 4050 3600 4107 τὰς
3658 4044 3838 4116 ἐπιφα-

2231 4138 2387 4198 νείας,
2433 4138 2523 4185 καὶ
2574 4136 2768 4206 θερμῶς
2824 4136 3218 4206 προίστείμενος,
3278 4133 3326 4184 έν
3384 4141 3597 4207 Χριστῷ
3658 4136 3840 4191 Ἰησού

2231 4232 2302 4292 τῲ
2349 4230 2523 4297 Κυρίῳ
2566 4226 2732 4295 ἡμων,
2846 4226 2875 4282 ἡ
2926 4221 3057 4286 δόξα
3105 4228 3194 4275 καὶ
3240 4228 3296 4275 τό
3341 4227 3550 4297 κράτος,
3586 4228 3677 4275 σύν
3731 4230 3839 4276 Πα-

2231 4318 2313 4386 τρὶ
2369 4319 2457 4365 καὶ
2506 4314 2637 4385 ἁγίῳ
2688 4317 2967 4385 Πνεύματι,
3021 4322 3107 4364 νῦν
3160 4317 3249 4365 καὶ
3307 4312 3405 4379 ἀεὶ,
3460 4319 3550 4367 καὶ
3598 4314 3665 4375 εἰς
3717 4320 3838 4376 τοὺς

469 4399 639 4454 Patre
696 4403 753 4455 et
808 4403 1016 4455 sancto
1055 4398 1290 4469 Spiritu,
1344 4413 1504 4452 nunc
1556 4404 1611 4453 et
1654 4413 1911 4471 semper,
1958 4406 2011 4457 et
2058 4401 2117 4456 in

2241 4400 2599 4465 ἀτελευτήτους
2626 4404 2810 4464 αἰῶνας
2840 4412 2939 4455 των
2971 4403 3189 4458 αἰώνων.
3217 4402 3400 4475 Ἀμήν.

466 4487 701 4545 inﬁnita
730 4488 949 4546 saecula
977 4487 1353 4544 saeculorum.
1396 4492 1603 4543 Amen.
