4096 6220
239 319 346 377 653

617 645 1513 767 ΜΑΡΤΥΡΙΟΝ
1578 650 1874 765 ΤΩΝ

1158 318 1597 378 MABTYBIUM
1639 320 1697 377 S.
1742 312 2159 377 MENODDBE
2199 320 2285 375 ET
2324 320 2711 379 SOCIARUM.

1946 650 2409 765 ΑΓΙΩΝ
2476 648 3247 765 ΓΥΝΑΙΚΩΝ

635 917 1345 1022 ΜΗΝΟΔΩΡΑΣ,
1411 920 2156 1009 ΜΗΤΡΟΔΩΡΑΣ
2212 926 2403 1008 ΚΑΙ
2468 918 3269 1011 ΝΥΜΦΟΔΩΡΑΣ.

564 1327 1439 1450 MABTYBIUM
1544 1327 2425 1450 SANCTARUM
2530 1331 3294 1452 MULIERUM

450 1634 1198 1741 MENODOR/E,

1319 1636 2122 1726 METRtiDOB/E
2240 1640 2377 1725 ET
2487 1637 3414 1733 NYMPHODOR/E.

773 1871 977 1932 (Latine
1002 1870 1143 1935 apud
1176 1870 1388 1920 Surium
1420 1871 1487 1920 ad
1522 1871 1665 1921 diem
1697 1872 1755 1920 10
1790 1871 1932 1935 Sept.
1963 1887 1974 1927 ;
2008 1871 2185 1921 Graece
2219 1885 2283 1920 ex
2317 1871 2440 1922 cod.
2488 1887 2587 1920 ms.
2628 1872 2792 1921 Paris.
2827 1886 2880 1920 n.
2910 1872 3073 1933 1526.)

313 2235 395 2292 Δ’,
446 2233 586 2289 Οὖδέ
616 2237 852 2307 γυναιξὶν
902 2234 1025 2290 οὐδὲ
1066 2242 1248 2309 κόραις
1286 2241 1343 2289 τὸ
1397 2245 1492 2298 τῆς
1548 2242 1840 2311 μαρτυρίας
1872 2240 1916 2292 Α

239 2324 637 2378 ἀποκέκλεισται
685 2324 924 2395 στάδιον,
976 2326 1103 2379 ἀλλά
1151 2333 1241 2378 καὶ
1291 2324 1448 2379 αὗται
1490 2329 1710 2379 θανάτου
1742 2346 1840 2378 κα-

244 2424 577 2487 ταφρονοῦσι,
629 2418 1018 2477 καταπαίζουσι
1065 2417 1270 2477 τελετῆς
1318 2438 1329 2449 ⁸
1387 2416 1576 2488 μᾶλλον
1634 2414 1692 2467 δὲ
1749 2420 1839 2467 καὶ

240 2514 463 2577 τιμῶσιν
513 2505 673 2562 αὐτὴν
721 2512 809 2557 καὶ
865 2505 1212 2571 ἀσπάζονται,
1264 2505 1424 2563 καλὴν
1480 2504 1700 2557 ἐντεῦθεν
1753 2504 1836 2576 ἐμο

242 2599 428 2667 πορίαν
508 2599 599 2651 τὴν
675 2603 773 2645 τῶν
865 2595 1090 2666 οὐρανῶν
1171 2593 1444 2666 βασιλείαν
1512 2597 1834 2665 ποιούμεναι.

239 2686 333 2733 Διά
385 2690 537 2733 τουτο
587 2687 675 2733 καὶ
732 2685 761 2740 ἠ
828 2685 1104 2754 θαυμαστὴ
1176 2692 1275 2734 τῶν
1331 2686 1593 2757 παρθένων
1671 2685 1834 2756 τριάς,

239 2768 549 2844 Μηνοδώρα,
613 2772 766 2842 λέγω,
811 2778 899 2824 καὶ
946 2769 1285 2847 Νυμφοδώρα
1337 2777 1425 2823 καὶ
1478 2769 1832 2846 Μητροδῶρα,

229 2863 294 2911 τά
343 2869 431 2919 τῆς
480 2863 757 2931 παρθενίας
802 2864 865 2921 ὡς
920 2860 1126 2923 ἀληθῶς
1174 2858 1319 2933 δῶρα
1366 2867 1454 2913 καὶ
1503 2860 1831 2932 ἀναθήματα,

234 2950 513 3019 προθύμως
561 2947 647 2999 ἐπὶ
693 2957 843 3000 τοῦτο
894 2946 1045 3006 ἦλθον
1084 2954 1173 3000 καὶ
1222 2954 1313 3000 συν
1344 2946 1506 3020 ἡδονῇ
1548 2954 1604 3000 τὸ
1630 2946 1829 3020 κέρδος,

233 3043 322 3088 καὶ
371 3041 456 3088 τόν
507 3039 721 3088 θάνατον
780 3034 1124 3111 ἀνδρειότατα
1171 3039 1381 3103 εἴλοντο,
1441 3038 1499 3089 οὐ
1548 3042 1690 3110 παρά
1748 3040 1831 3087 τὸν

232 3123 368 3196 ᾅδην
401 3126 561 3187 αὑτὰς
614 3128 930 3197 κατάγοντα,
978 3128 1121 3198 οἱπερ
1156 3124 1223 3184 δὴ
1276 3133 1363 3178 καὶ
1394 3129 1613 3178 θανάτου
1644 3131 1833 3200 τρόπος
1856 3138 1879 3189 ί⁵

236 3214 402 3281 ἔστὶν,
436 3214 562 3266 ἀλλά
604 3220 732 3288 πρὸς
783 3220 901 3278 τοὺς
932 3215 1221 3278 ἀθανάτους
1251 3225 1541 3287 νυμφῶνας,
1585 3220 1713 3290 πρὸς
1740 3218 1830 3275 τὰς

234 3301 511 3365 παστάδας
542 3308 633 3367 τας
682 3307 838 3377 ἱερὰς,
888 3310 1015 3379 πρὸς
1062 3305 1214 3357 αὐτὸν
1248 3309 1331 3357 τόν
1373 3302 1593 3380 φαιδρὸν
1619 3309 1830 3377 νυμφίον

236 3398 469 3468 Χριστόν
498 3397 764 3467 θυμότατα
788 3400 1227 3469 παραπέμποντα.

314 3482 381 3537 Β’.
442 3484 770 3557 Ἐτράφησαν
823 3487 911 3555 μὲν
964 3487 1063 3556 γὰρ
1126 3483 1173 3534 ἐν
1225 3492 1284 3555 τῇ
1344 3486 1565 3535 Βιθυνῶν
1636 3488 1831 3554 σωφρό-

235 3592 337 3633 νως
388 3567 439 3623 εὖ
487 3572 626 3643 μάλα
675 3576 764 3624 καὶ
812 3572 1102 3644 ἐλευθερίως
1157 3573 1309 3640 (αὕτη
1366 3575 1467 3645 γὰρ
1526 3576 1662 3623 κατά
1717 3575 1832 3631 τοὺς

238 3661 459 3731 εὐγενεῖς
509 3657 732 3720 κλάδους
788 3664 968 3731 ἤνεγκε
1015 3664 1108 3722 τάς
1158 3661 1485 3735 παρθένους),
1528 3664 1745 3735 χάριτες
1776 3657 1834 3713 δὲ

238 3752 405 3810 αὐτας
454 3752 757 3823 παρθενικαὶ
802 3756 1157 3822 περιίσταντο)
1202 3766 1213 3778 ·
1268 3750 1590 3802 συνανέτελλε
1640 3748 1696 3802 δὲ
1744 3756 1833 3801 καὶ

232 3844 297 3893 τό
344 3838 424 3891 ἐπὶ
468 3848 558 3890 τοῦ
604 3846 884 3912 προσώπου
931 3842 1104 3904 ἄνθος,
1138 3845 1226 3891 καὶ
1256 3843 1313 3891 τὸ
1347 3840 1428 3891 ἐπὶ
1467 3848 1565 3891 τῶν
1608 3849 1830 3914 παρειῶν

228 3929 493 4003 ἐρύθημα.
554 3926 918 4003 Φαιδροτάτην
991 3932 1080 4001 μὲν
1152 3933 1253 3999 γὰρ
1328 3936 1420 3987 τὴν
1482 3931 1596 3980 θέαν
1653 3935 1829 4002 παρεί-

227 4038 417 4091 χοντο,
475 4023 563 4070 καὶ
623 4016 715 4070 διὰ
760 4027 850 4078 τῆς
901 4027 992 4070 τοῦ
1043 4024 1283 4090 σώματος
1335 4021 1488 4091 ὧρας,
1534 4021 1562 4076 ἡ
1607 4020 1832 4090 εὐγένεια

226 4118 327 4167 τῆς
356 4108 538 4179 ψυχῆς
586 4107 767 4169 αὑταῖς
818 4110 986 4181 ἡρέμα
1034 4110 1328 4178 υπαύγαζε,
1385 4112 1472 4159 καὶ
1519 4108 1829 4183 ἀπεριέργως

230 4194 371 4255 ἦσαν
417 4198 591 4250 καλαί.
643 4200 783 4249 Κατά
824 4195 1009 4269 βραχὺ
1060 4194 1119 4249 δὲ
1149 4198 1332 4258 αὐταῖς
1360 4196 1629 4269 ἀνέτρεχεν
1660 4200 1688 4255 ἡ
1720 4198 1827 4255 ἠλι-

227 4291 345 4351 κία,
400 4292 486 4337 καὶ
532 4287 805 4357 παρθενίας
838 4286 1048 4357 ἐρῶσαι,
1092 4292 1184 4344 τὴν
1227 4295 1325 4337 τῶν
1372 4284 1575 4361 ἀνδρῶν
1626 4287 1831 4359 ὁμιλίαν

230 4379 465 4447 ἱφευγον,
520 4380 609 4425 καὶ
667 4379 759 4433 τὴν
826 4375 1042 4446 ἐρημίαν
1123 4374 1355 4428 ἐπόθουν.
1435 4378 1528 4427 Διά
1606 4382 1830 4449 Χριστόν

229 4469 406 4516 τοίνυν
477 4468 567 4521 τὴν
646 4463 978 4535 ἐνεγκαμένην
1062 4464 1413 4516 ἀπολιποῦσαι
1496 4465 1831 4535 καταλαμϐά-

229 4572 389 4605 νουσι
451 4553 703 4624 γεῶλοφόν
757 4572 807 4604 τι
859 4562 954 4604 τῶν
1010 4555 1215 4605 Πυθίων
1272 4556 1467 4625 θερμῶν
1521 4554 1579 4604 οὐ
1635 4554 1829 4627 πόρρω,

232 4648 325 4694 καὶ
361 4645 665 4715 σωφροσύνῃ
700 4661 752 4693 τε
797 4641 843 4692 ὲν
892 4642 1029 4712 αὑτῲ
1075 4638 1263 4701 διέζων
1308 4649 1396 4694 καὶ
1440 4648 1555 4715 περὶ
1613 4649 1699 4700 τὴν
1746 4645 1825 4695 οἰ).-

232 4733 330 4787 λην
376 4739 472 4792 τῆς
520 4730 705 4805 ἀρετῆς
753 4733 981 4787 ἄσκησιν
1032 4731 1310 4802 φιλοπόνως
1342 4728 1607 4783 διέκειντο.
1654 4740 1831 4806 Χρόνῳ

235 4818 298 4873 δὲ
356 4828 527 4872 πᾶσαν
580 4826 671 4878 τὴν
725 4828 815 4872 τοῦ
872 4823 1009 4872 θείου
1076 4824 1370 4891 Πνευματος
1418 4823 1827 4893 εἰσοικισάμεναι

230 4914 415 4982 χάριν,
479 4908 763 4982 διέλαμπον
819 4929 869 4961 τε
934 4919 1040 4972 τοίς
1097 4910 1274 4971 καλοῖς
1355 4914 1520 4984 ἔργοις
1574 4918 1661 4962 καὶ
1722 4920 1830 4974 τοῖς

233 5002 489 5071 θαύμασι,
541 5004 630 5050 καὶ
677 5008 737 5071 τῇ
800 4998 1013 5071 ἀφθονίᾳ
1068 5008 1163 5050 τῶν
1217 5004 1452 5070 χαρίτων
1503 5000 1643 5060 πόλις
1696 4998 1826 5058 ἦσαν

1225 5095 1323 5140 Καὶ
1374 5086 1467 5139 διὰ

226 5183 371 5249 ταχὺ
433 5175 591 5235 δῆλαι
632 5183 882 5248 γίνονται,
940 5184 1027 5230 καὶ
1081 5178 1255 5229 πολλοὶ
1304 5182 1433 5249 πρὸς
1486 5180 1646 5239 αντάς
1692 5181 1821 5255 συρ-

229 5088 437 5149 ἀληθῶς
490 5089 657 5139 ἐπάνω
714 5094 862 5161 ὄρους
919 5094 1149 5160 κειμένη.
1225 5095 1323 5140 Καὶ
1374 5088 1467 5139 διὰ
1524 5098 1671 5141 τοῦτο
1736 5098 1825 5143 καὶ

225 5269 423 5342 ῥέοντες
471 5264 623 5330 ἦσαν,
679 5268 726 5318 οἱ
776 5268 833 5318 οὐ
883 5288 1033 5338 μόνον
1082 5287 1245 5317 νόσων
1290 5287 1341 5319 τε
1389 5272 1477 5319 καὶ
1523 5274 1823 5339 πνευμάτων

228 5366 464 5428 πονηρῶν
519 5355 921 5413 ἀπηλλάττοντο,
993 5356 1119 5407 ἀλλά
1188 5365 1274 5407 και
1330 5368 1434 5428 φῶς
1499 5358 1679 5429 ψυχῆς
1734 5367 1824 5412 και

236 5450 497 5520 σωτηρίαν
554 5445 847 5501 ἐπλούτουν.
896 5453 1073 5498 Ταῦτα
1118 5453 1206 5497 καὶ
1246 5448 1317 5507 εὶς
1358 5454 1623 5519 Φρόντωνα
1653 5457 1823 5521 φοιτᾷ,

231 5533 282 5595 ὃς
338 5538 432 5593 τὴν
486 5532 660 5609 ἀρχὴν
732 5542 1019 5593 τηνικαῦτα
1093 5543 1186 5595 τῆς
1259 5543 1559 5609 περιχώρου
1627 5542 1821 5604 ταύτης

233 5628 564 5694 πεπίστευτο,
632 5624 961 5699 Μαξιμιανοῠ
1034 5631 1124 5683 τὴν
1201 5626 1464 5698 Ῥωμαίων
1548 5628 1822 5700 βασιλείαν

2023 2239 2064 2292 I.
2090 2241 2201 2294 Nec
2244 2238 2582 2294 mulieribus
2606 2237 2874 2309 quidem,
2918 2252 3026 2292 nec
3070 2238 3282 2310 puellis
3326 2236 3597 2295 clausum

1951 2332 2039 2380 est
2089 2326 2350 2383 stadium
2394 2326 2701 2397 martyrii:
2740 2325 2845 2381 sed
2884 2330 2940 2381 et
2977 2342 3063 2381 eae
3102 2333 3357 2383 mortem
3396 2331 3597 2382 conte-

1950 2418 2569 2483 mnunt,etdecessum
2585 2415 2807 2470 habent
2826 2415 3240 2485 proludozimo
3256 2431 3395 2471 vero
3409 2416 3598 2487 ipsum

1948 2505 2243 2559 honorant
2273 2505 2887 2576 etamplectuntur,ex
2914 2520 2984 2558 eo
3000 2504 3279 2575 pulchras
3301 2504 3414 2559 sibi
3450 2520 3597 2560 mer-

1948 2610 2044 2647 ces
2062 2601 2493 2664 comparantes,
2516 2608 2725 2663 nempe
2743 2608 2995 2661 regnum
3016 2592 3598 2664 ccelorum.Propter-

1946 2697 2017 2737 ea
2045 2682 2414 2738 admirabilis
2453 2698 2689 2752 quoque
2732 2680 2964 2735 trinitas
3013 2687 3366 2751 martyrum,
3395 2686 3450 2736 et
3482 2682 3594 2736 vir-

1945 2772 2173 2839 ginum,
2226 2772 2560 2835 Menodora,
2622 2770 2889 2839 inquam,
2948 2775 3002 2823 et
3061 2770 3492 2841 Nymphodora
3540 2775 3597 2825 et

1946 2861 2294 2927 Metrodora,
2367 2877 2503 2932 qua;
2557 2875 2691 2913 vere
2748 2864 2915 2914 erant
2986 2857 3149 2913 dona
3214 2857 3590 2927 virginitatis,

1945 2956 2225 3021 prompto
2255 2954 2312 3004 et
2340 2949 2519 3004 alacri
2551 2949 2754 3003 animo
2786 2947 2864 3001 ad
2894 2948 3008 3001 hoc
3040 2953 3347 3012 venerunt,
3378 2952 3435 3001 et
3454 2964 3591 3003 cum

1944 3040 2245 3112 voluptate
2265 3044 2516 3094 mortem
2531 3041 2920 3107 susceperunt
2942 3034 3283 3100 fortissime,
3312 3051 3431 3091 non
3453 3052 3591 3108 qua;

1942 3128 2011 3183 ad
2040 3127 2258 3182 inferos
2284 3126 2547 3192 deducit,
2571 3128 2631 3179 ut
2649 3140 2809 3179 mors
2837 3122 2986 3178 solet
3004 3123 3323 3193 impiorum
3344 3140 3357 3179 :
3382 3123 3487 3179 sed
3514 3124 3591 3180 ad

1941 3224 2188 3273 aeternos
2223 3214 2520 3271 thalamos
2551 3220 2606 3269 et
2643 3229 2844 3269 sacros
2884 3212 3167 3285 porticus,
3198 3212 3275 3268 ad
3305 3216 3363 3268 et
3393 3214 3590 3285 ipsum

1935 3308 2273 3378 jucundum
2297 3320 2584 3377 sponsum
2606 3302 2903 3358 Christum
2931 3302 3273 3357 transmittit
3294 3302 3589 3359 alacriter.

2014 3490 2077 3541 ll.
2112 3491 2298 3557 Atque
2326 3484 2589 3539 modeste
2621 3482 2861 3551 quidem
2900 3485 2957 3535 et
2988 3480 3306 3535 liberaliter
3352 3480 3593 3535 fuerunt

1942 3576 2210 3630 educatae
2237 3576 2295 3627 in
2330 3571 2594 3641 Bithynia
2625 3573 2721 3638 (ea
2752 3568 2908 3623 enim
2954 3576 3242 3639 tanquam
3270 3584 3591 3636 generosos

1944 3664 2166 3736 aliquot
2196 3678 2398 3717 ramos
2414 3662 2522 3715 has
2554 3659 2679 3713 tulit
2697 3657 3000 3728 virgines),
3022 3664 3187 3711 eteas
3210 3657 3593 3713 circumvola-

1942 3761 2079 3809 runt
2104 3754 2304 3822 gratia:
2348 3749 2735 3819 virginitatis:
2780 3746 2957 3800 simul
2998 3752 3197 3801 autem
3229 3752 3467 3801 exortus
3507 3750 3592 3801 est

1940 3844 2120 3899 etiam
2175 3842 2284 3897 ﬂos
2314 3842 2373 3895 in
2426 3838 2611 3902 vultu,
2663 3842 2718 3891 et
2770 3836 2950 3889 rubor
3002 3835 3058 3888 in
3107 3836 3296 3905 genis.
3358 3838 3503 3890 Nam
3535 3842 3590 3889 et

1934 3932 2450 4005 jucunclissimum
2497 3925 2852 3981 exhibebant
2903 3924 3331 3994 spectaculum,
3388 3931 3443 3978 et
3487 3940 3591 3995 per

1940 4020 2199 4093 speciem
2249 4018 2513 4089 corporis
2544 4015 2760 4070 animae
2795 4013 3068 4067 nobilitas
3120 4012 3345 4066 sensim
3397 4012 3457 4067 in
3506 4013 3589 4067 eis

1939 4110 2241 4166 relucebat
2291 4128 2302 4163 :
2355 4114 2409 4162 et
2435 4110 2605 4161 erant
2650 4104 2909 4176 pulchra:
2964 4102 3108 4157 citra
3160 4102 3585 4156 curiositatem.

1942 4201 2227 4256 Paulatim
2260 4206 2457 4253 autem
2488 4198 2571 4251 eis
2612 4194 2962 4249 excurrebat
3006 4199 3163 4256 aetas,
3216 4198 3271 4245 et
3321 4197 3591 4245 amantes

1942 4291 2336 4358 virginitatem
2376 4286 2686 4356 fugiebant
2715 4281 3026 4337 hominum
3070 4279 3589 4345 consuetudinem,

1942 4385 1997 4435 et
2052 4378 2471 4432 desiderabant
2540 4372 2943 4429 solitudinem.
3001 4371 3239 4440 Propter
3296 4368 3589 4423 Christum

1944 4483 2103 4536 ergo,
2121 4466 2318 4520 relicta
2330 4481 2465 4536 quae
2480 4478 2580 4517 eas
2598 4462 2803 4516 tulerat
2822 4458 3033 4530 patria,
3053 4457 3179 4511 veni
3192 4463 3295 4511 unt
3312 4457 3372 4510 in
3387 4472 3589 4527 quem-

1942 4557 2084 4611 dam
2118 4554 2413 4609 tumulum
2432 4568 2552 4607 non
2573 4544 3349 4618 proculaPythiisthermis,
3379 4549 3591 4599 ettem-

1944 4649 2220 4717 peranter
2244 4643 2304 4697 in
2346 4658 2417 4697 eo
2450 4641 2746 4701 vivebant,
2804 4641 2861 4691 et
2891 4639 2949 4690 in
2980 4636 3144 4691 omni
3193 4634 3311 4689 alia
3369 4634 3590 4689 virtutis

1941 4733 2355 4787 exercitatione
2409 4730 2689 4784 studiosae
2735 4733 2900 4781 erant
2958 4732 3013 4779 et
3071 4724 3400 4793 diligentes.
3444 4724 3589 4777 Cum

1942 4829 2138 4877 autem
2157 4821 2509 4893 procedente
2524 4825 2789 4885 tempore
2803 4814 3169 4869 admisissent
3193 4827 3431 4867 omnem
3460 4826 3590 4879 gra-

1942 4910 2274 4966 tiamdivini
2292 4909 2555 4980 Spiritus,
2577 4905 2749 4961 bonis
2765 4902 3213 4975 resplendebant
3230 4900 3592 4971 operibus,et

1942 5000 2314 5064 miraculis,et
2330 4998 2501 5068 copia
2516 4997 2837 5063 gratiarum
2854 4998 3017 5046 erant
3040 5005 3243 5045 revera
3259 4990 3464 5043 civitas
3480 4987 3591 5041 sita

1938 5107 2119 5161 supra
2151 5094 2433 5143 montem.
2474 5090 2535 5139 Et
2560 5085 2691 5138 ideo
2723 5086 2837 5138 cito
2859 5081 3123 5136 evadunt
3154 5078 3505 5141 manifestae,
3536 5082 3593 5131 et

1940 5180 2099 5234 multi
2116 5180 2187 5233 ad
2206 5194 2309 5232 eas
2327 5174 2827 5243 coniiueliantzqui
2847 5187 2960 5225 non
2981 5170 3168 5224 solum
3186 5166 3591 5221 liberabantur

1936 5289 1971 5327 a
1999 5272 2222 5324 morbis
2252 5273 2306 5321 et
2350 5284 2383 5319 a
2417 5266 2586 5319 malis
2627 5262 2951 5331 spiritibus,
2996 5260 3101 5312 sed
3140 5258 3358 5311 ﬁebant
3411 5254 3591 5309 etiam

1937 5362 2149 5417 divites
2176 5360 2303 5413 luce
2327 5373 2541 5411 animae
2571 5364 2625 5408 et
2650 5353 2853 5407 salute.
2887 5354 3017 5404 Haec
3037 5345 3591 5421 perveniuntetiam

1938 5454 2013 5509 ad
2046 5465 2219 5506 aures
2240 5447 2565 5511 Frontonis,
2592 5444 2763 5513 cujus
2786 5440 2919 5495 ﬁdei
2944 5438 3269 5493 commissa
3291 5436 3481 5490 fuerat
3504 5448 3592 5489 re-

1940 5541 2130 5611 gionis
2198 5538 2353 5593 illius
2401 5528 2858 5595 administratio,
2912 5526 3270 5585 Maximiano
3351 5526 3587 5580 tenente

1949 5627 2689 5699 Romanorumimperium
2726 5639 2738 5677 :
2772 5619 3133 5675 etcontiuuo
3177 5614 3348 5672 mittit
3382 5616 3595 5671 Fronte
