4154 6192
554 229 660 291 655
726 206 733 213 ’
1870 235 2132 294 MENSIS
2161 235 2195 293 ε

2307 234 2610 297 I‘EMBER.
3807 235 3911 297 656

554 393 733 433 suum
798 392 1157 434 assessorem
1219 393 1358 432 cum
1425 376 1710 433 ministris
1785 384 1840 434 et
1907 380 2195 437 satellibus

2318 360 2580 425 διέποντος
2636 383 2647 395 ·
2706 369 2796 418 καὶ
2842 369 3031 437 πέμπει
3088 368 3175 419 τὸν
3258 361 3626 440 συμπάρεδρον
3682 365 3832 427 εὐθὺς
3885 368 3913 418 ό

546 466 769 537 jubens
794 474 855 521 ut
882 469 1173 539 quaereret
1211 465 1493 537 virgines.

2315 457 2546 525 Φρόντων
2574 456 2705 525 μετὰ
2756 452 2946 516 πολλῆς
2997 462 3091 516 τῆς
3150 456 3619 527 ὑπερασπισάντων
3668 459 3756 506 xui
3813 463 3917 506 τῶν

2316 536 2613 615 δορυφόρων
2672 542 2895 604 πληθύος
2956 548 3021 596 τὰ
3096 546 3232 595 κατὰ
3286 546 3382 605 τὰς
3435 545 3717 617 παρθένους
3772 543 3917 614 αύτῷ

2314 627 2606 705 ἐπιτρέψας.

2385 720 2459 772 Γ’.
2520 720 2576 772 Ὀ
2631 718 2690 773 δὲ
2736 718 2828 773 διὰ
2877 731 2975 774 τῶν
3030 724 3452 798 ὑπηρετουμένων
3511 722 3651 792 αύτῷ
3706 719 3916 794 δημίων

2310 809 2766 882 μεταστειλάμενος
2847 814 3055 877 ταύτας,
3118 814 3276 864 Πόθεν
3357 813 3476 882 ὑμῖν
3546 813 3576 869 ἠ
3648 815 3912 875 τοσαύτη,

2310 895 2465 966 ἔλεγε,
2498 899 2678 969 τόλμα,
2728 902 2816 968 ὡς,
2865 902 2947 951 ἱνα
2998 900 3159 952 τᾶλλα
3202 908 3371 973 παρῶ,
3429 904 3557 952 Θεὸν
3612 898 3798 963 σέϐειν,
3853 900 3913 952 ὃν

2310 986 2425 1036 οὔτε
2463 986 2790 1059 Μαξιμιοινός
2838 989 2992 1050 αὐτὸς
3040 990 3065 1039 ὁ
3116 994 3273 1060 μέγας
3322 988 3431 1040 οὔθ’
3484 989 3629 1060 ἡμεῖς
3659 997 3916 1060 τιμῶντες

2309 1075 2443 1147 άχρι
2490 1081 2579 1128 καὶ
2624 1084 2711 1127 νῦν
2757 1080 2998 1149 ὤφθημεν
3038 1077 3207 1142 ;⁶Υπὸ
3248 1085 3320 1148 τῷ
3376 1076 3517 1147 αὑτῷ
3564 1081 3735 1129 τοίνυν
3780 1080 3917 1130 καθ-

2308 1165 2434 1236 άπερ
2481 1173 2575 1227 τῆς
2616 1166 2804 1237 ψυχῆς
2849 1171 3229 1239 παραστήματι
3282 1168 3337 1218 αἱ
3385 1168 3648 1240 παρθένοι,
3708 1165 3908 1238 Ἡμεῖς,

2306 1248 2345 1301 ὦ
2394 1255 2595 1325 ἄρχων,
2652 1258 2862 1326 ἔφησαν,
2926 1256 3019 1307 οὐκ
3080 1257 3382 1329 ἀνθρωπίνῳ
3445 1252 3673 1326 δόγματι
3721 1274 3915 1307 πεπαι-

2305 1338 2532 1413 δεύμεθα
2587 1340 2776 1396 εἰδέναι
2830 1348 2978 1409 Θεὸν,
3032 1344 3161 1395 ἀλλὰ
3211 1350 3391 1395 τοῦτον
3451 1340 3625 1401 δήπου
3680 1348 3763 1396 τὸν
3824 1344 3912 1397 ἀεὶ

2304 1435 2425 1483 ὄντα
2452 1438 2540 1485 καὶ
2570 1437 2629 1485 τὸ
2668 1441 2767 1486 πᾶν
2817 1433 3076 1506 ἐφορῶντα
3124 1434 3492 1506 ὁμολογοῦμεν,
3528 1434 3583 1495 ὃς
3630 1438 3719 1486 καὶ
3744 1430 3910 1491 τήνδε

2301 1524 2394 1579 τὴν
2438 1530 2537 1572 τῶν
2585 1522 2709 1573 ὅλων
2764 1530 3049 1597 συγκρατεῖ
3105 1523 3249 1585 τάξιν
3306 1527 3395 1574 καὶ
3445 1518 3662 1594 δυνάμει
3719 1522 3775 1573 ού
3835 1532 3903 1595 τῇ

2301 1608 2458 1681 οὐσίᾳ
2509 1619 2856 1677 κατανοεῖται,
2914 1612 2970 1674 ὃς
3027 1614 3233 1685 καθαρᾴ
3284 1631 3337 1663 τε
3412 1610 3598 1670 ήδεται
3665 1611 3907 1685 πολιτείᾳ

626 739 715 791 llI.
778 736 925 792 Cum
984 740 1185 791 autem
1234 736 1480 792 inventae
1533 736 1803 802 fuissent,
1869 736 2198 802 Undenam,

556 825 1019 895 dicebatjudex,
1055 829 1220 879 tanta
1251 830 1338 879 est
1390 824 1560 880 vobis
1588 825 1862 890 audacia,
1919 833 1997 891 ut,
2034 825 2201 879 mitto

550 921 773 979 uetera,
806 918 991 968 Deum
1029 913 1257 979 colatis,
1300 929 1477 984 quem
1531 929 1725 986 neque
1771 913 1897 985 ipse
1948 929 2201 983 magnus

548 1003 963 1069 Maximianus,
986 1019 1180 1073 neque
1206 1018 1318 1057 nos
1350 1003 1713 1058 honorantes
1749 1003 1810 1057 in
1839 1003 2198 1058 hodiernum

551 1108 737 1163 usque
763 1091 921 1146 diem
950 1092 1253 1163 conspecti
1282 1107 1488 1146 sumus
1511 1090 1538 1145 Ἰ
1572 1094 1966 1163 Nequaquam
1997 1086 2199 1147 autem

547 1179 912 1250 perturbatae,
944 1181 1046 1233 sed
1088 1181 1142 1233 in
1194 1184 1405 1233 eodem
1440 1180 1651 1234 animae
1702 1186 1857 1234 statu
1890 1186 2198 1235 manentes

547 1269 821 1339 virgines,
894 1273 1029 1331 Nos,
1084 1284 1119 1323 o
1178 1268 1385 1339 judex,
1430 1268 1725 1336 dixerunt,
1770 1285 1889 1323 non
1930 1269 2195 1324 humano

543 1359 780 1413 decreto
816 1362 996 1413 Deum
1027 1374 1201 1411 nosse
1233 1356 1552 1412 didicimus
1589 1376 1603 1427 ;
1660 1359 1761 1411 sed
1797 1374 1935 1412 eum
1971 1360 2191 1429 utique,

542 1450 646 1520 qui
704 1462 942 1515 semper
994 1454 1097 1512 est,
1132 1452 1187 1501 et
1237 1447 1581 1501 universum
1624 1448 1906 1510 intuetur,
1951 1446 2193 1502 conﬁte-

545 1553 679 1591 mur
712 1553 723 1589 :
755 1535 852 1607 qui
902 1536 1080 1590 etiam
1113 1536 1272 1589 hunc
1329 1535 1590 1589 continet
1634 1535 1905 1589 ordinem
1965 1536 2189 1590 univer-

542 1642 771 1688 sorum,
803 1632 859 1680 et
890 1628 1202 1695 potestate,
1233 1640 1354 1679 non
1387 1624 1667 1690 essentia,
1694 1630 1890 1679 mente
1917 1639 2189 1695 compre-

540 1715 862 1770 henditur:
906 1714 1009 1785 qui
1040 1713 1270 1768 munda
1313 1715 1428 1768 vita
1485 1713 1812 1767 delectatur
1841 1719 1896 1768 et
1956 1714 2188 1783 virtute,

2307 1703 2390 1749 xui
2468 1699 2644 1772 ἀρετῇ,
2718 1706 2807 1753 καὶ
2887 1708 2997 1762 τοῖς
3073 1700 3207 1753 οὑτω
3278 1703 3368 1772 μὲν
3425 1702 3682 1774 καθαρῶς,
3763 1700 3903 1752 οὕτω

538 1804 691 1858 etiis
728 1802 833 1874 qui
860 1783 943 1856 sic
1005 1818 1081 1855 ex
1128 1802 1334 1855 virtute
1387 1801 1561 1856 vitam
1608 1808 1795 1870 agunt
1840 1817 1962 1856 sua:
2011 1801 2185 1857 boni—

2307 1783 2360 1838 δε
2412 1786 2654 1863 ἐναρέτως
2715 1788 2921 1862 βιοῦσι,
3000 1797 3061 1862 τῇ
3141 1797 3230 1850 τῆς
3304 1789 3497 1850 οἰκείας
3571 1788 3905 1859 ἁγαθότητος

538 1894 672 1947 tatis
712 1892 901 1960 gratia
954 1890 1101 1944 solet
1158 1905 1447 1961 apparere
1504 1906 1517 1944 :
1574 1896 1628 1943 et
1683 1890 1793 1944 sub
1865 1905 1986 1961 quo
2022 1905 2189 1959 reges

2307 1880 2485 1950 χάριτι
2534 1878 2667 1950 φιλεῖ
2716 1878 3092 1951 ἐπιφαίνεσθαι,
3148 1884 3238 1930 καὶ
3308 1878 3392 1950 ὑφ’
3441 1878 3502 1929 οὗ
3554 1876 3789 1950 βασιλεῖς
3844 1897 3904 1930 τε

536 1982 853 2052 imperant,
923 1985 980 2033 et
1050 1979 1282 2049 tyranni
1340 1986 1555 2033 terram
1620 1994 1729 2034 sua
1786 1978 2053 2033 obtinent
2107 1979 2189 2034 di-

2307 1968 2532 2038 ἰρχουσι
2575 1972 2663 2020 καὶ
2711 1971 2951 2042 τύραννοι
3002 1975 3255 2041 κρατοῦσι
3301 1974 3397 2029 τῆς
3438 1974 3549 2038 γῆς.
3597 1973 3775 2020 Ταῦτα
3802 1974 3900 2029 τᾶς

536 2070 713 2124 tione.
744 2068 1007 2136 Virgines
1038 2067 1165 2120 haec
1198 2065 1369 2121 valde
1418 2070 1761 2121 constanter
1810 2071 1868 2121 et
1898 2067 2188 2123 concinne

2307 2059 2577 2130 παρθένους
2647 2056 2905 2130 ἀτρέπτως
2960 2061 3094 2110 πάνυ
3176 2062 3265 2109 καὶ
3329 2056 3550 2129 ἐμμελῶς
3615 2055 3901 2129 ἀποκρινα-

533 2156 965 2227 respondentes
1005 2170 1225 2226 praases
1257 2155 1516 2223 intuens,
1542 2159 1597 2210 et
1627 2155 1984 2210 modestiam
2020 2157 2188 2211 valde

2307 2148 2453 2208 υιένας
2509 2148 2533 2198 ὁ
2590 2148 2772 2220 ἄρχων
2820 2146 3099 2219 ἐμϐλέψας,
3160 2147 3504 2220 ὑπερηγάσθη
3560 2151 3655 2204 τήν
3706 2165 3758 2198 τε
3810 2165 3899 2199 κο-

533 2254 620 2299 est
644 2246 986 2309 admiratus,
1009 2251 1061 2298 et
1086 2258 1510 2315 responsorum
1539 2245 1914 2316 sapientiam.
1942 2245 2050 2299 Diu
2083 2244 2189 2300 ita-

2307 2240 2458 2305 σμίαν
2510 2238 2843 2309 παράστασιν
2890 2243 2980 2289 καὶ
3032 2241 3089 2290 τὸ
3137 2244 3238 2288 τῶν
3289 2235 3613 2309 ἀποκρίσεων
3657 2238 3897 2306 νουνεχες

534 2349 644 2405 que
699 2341 925 2401 tacens,
968 2339 1023 2387 et
1086 2334 1214 2387 hinc
1272 2333 1494 2387 ducens
1563 2329 1671 2404 pro
1724 2333 2035 2400 miraculo,
2089 2334 2188 2390 vix

2307 2329 2387 2375 καὶ
2435 2325 2719 2378 εύσύνετον.
2771 2327 2871 2379 Καὶ
2913 2326 3075 2388 οὑτως
3121 2322 3181 2384 ἦν
3221 2325 3304 2377 ἐπὶ
3343 2325 3471 2377 πολὺ
3520 2334 3751 2389 σιωπῶν,
3803 2330 3897 2377 καὶ

532 2423 770 2477 tandem
804 2420 1131 2476 secundam
1165 2422 1362 2476 intulit
1393 2422 1939 2491 interrogationem,
1974 2438 2187 2492 rogans

2376 2415 2603 2485 θαύματι
2631 2418 2815 2475 ταύτας
2843 2417 3164 2487 ποιούμενος.
3217 2412 3349 2485 Ὀψὲ
3401 2411 3449 2465 δ’
3490 2409 3577 2465 οὑν
3618 2416 3755 2485 ὅμως
3802 2420 3895 2465 καὶ

520 2528 810 2583 quaenam
885 2516 1082 2565 essent
1131 2526 1339 2566 earum
1396 2510 1660 2577 nomina,
1715 2518 1767 2566 et
1798 2527 1931 2581 quas
1974 2513 2185 2583 patria-

2307 2498 2538 2575 δευτέραν
2591 2504 2841 2576 ἐρώτησιν
2892 2503 3070 2575 ἐπῆγε,
3127 2508 3240 2555 τίνα
3297 2522 3350 2555 τε
3406 2505 3468 2554 τὰ
3523 2502 3767 2574 ὀνόματα,
3802 2508 3894 2554 καὶ

530 2601 645 2657 lllte
689 2608 931 2656 autem:
979 2599 1241 2655 Primum
1286 2600 1554 2671 quidem,
1614 2617 1649 2656 a
1680 2602 1910 2656 Christo
1963 2608 2185 2657 vocata:

2307 2595 2406 2653 ἥτις
2453 2594 2636 2656 αὑταῖς
2690 2597 3064 2666 πυνθανόμενος
3122 2594 3151 2651 ἠ
3208 2597 3411 2667 πατρίς.
3467 2594 3531 2644 Αἱ
3581 2590 3660 2657 δὲ,
3704 2599 3895 2663 Πρῶτοι

528 2708 760 2756 sumus,
788 2691 1081 2745 dixerunt.
1109 2690 1279 2754 Quod
1303 2689 1349 2744 si
1373 2690 1549 2745 etiam
1568 2705 1792 2745 nomen
1824 2707 1859 2745 a
1880 2692 2183 2763 baptismo

2307 2685 2379 2734 ιεν
2437 2682 2537 2735 ἀπὸ
2598 2692 2829 2755 Χριστοῦ
2876 2683 3185 2755 κεκλήμεθα,
3250 2679 3410 2736 εἶπον.
3463 2682 3522 2734 Εἰ
3589 2678 3648 2734 δε
3693 2686 3781 2733 καὶ
3832 2686 3888 2733 τό

525 2781 876 2852 impositum
896 2785 1164 2850 oporteat
1180 2779 1419 2843 addere,
1442 2794 1560 2833 una
1577 2778 1821 2849 quidem
1844 2780 2177 2848 Menodora,

2307 2770 2389 2823 ιπό
2450 2781 2539 2824 τοῦ
2598 2772 2959 2845 βαπτίσματος
3018 2776 3178 2845 ὄνομα
3231 2768 3313 2823 δεῖ
3362 2774 3685 2846 προσθεῖναι,
3720 2773 3749 2829 ή
3797 2774 3889 2843 μεν

526 2869 709 2923 altera
752 2876 951 2923 autem
991 2868 1334 2930 Metrodora,
1382 2866 1597 2921 deinde
1649 2867 1816 2922 tertia
1874 2868 2179 2939 Nympho-

2307 2857 2585 2933 νῙηνοδωρα
2637 2864 2664 2918 ἠ
2722 2859 2781 2914 δε
2834 2858 3189 2934 Μητροδὼρα,
3234 2865 3322 2912 καὶ
3374 2862 3404 2917 ὴ
3455 2860 3567 2933 μετ’
3623 2859 3785 2918 αὐτήν
3827 2857 3889 2912 δὲ

525 2958 695 3021 dora,
719 2957 996 3010 dicimur.
1041 2955 1235 3009 Patria
1266 2960 1467 3010 autem
1510 2954 1679 3009 nobis
1731 2962 1819 3010 est
1865 2955 2166 3027 Bithynia.

2307 2946 2639 3023 συμφοδώρα,
2735 2950 3008 3023 λεγόμεθα,
3098 2947 3361 3023 Πατρίδος
3439 2951 3715 3022 ὁρμώμεθα
3789 2958 3886 3009 τῆς

524 3047 603 3098 Ex
636 3044 849 3099 eodem
897 3059 1036 3097 vero
1069 3044 1290 3097 semine
1340 3043 1641 3113 productae
1713 3060 1944 3109 sumus,
1995 3051 2051 3100 et
2098 3047 2175 3100 ab

2307 3041 2529 3092 ὶιθυνῶν.
2576 3038 2797 3111 Ἔφυμεν
2834 3038 2891 3092 δε
2936 3039 3036 3092 ἀπὸ
3086 3047 3176 3091 τοῦ
3222 3039 3381 3090 αὑτοῦ
3436 3043 3746 3112 σπέρματος,
3793 3043 3883 3090 xui

522 3132 733 3187 eadem
799 3140 985 3187 matre
1064 3148 1273 3185 sumus
1340 3131 1625 3197 educatm,
1702 3140 1753 3187 et
1818 3134 1895 3187 ab
1953 3135 2172 3189 eisdem

2307 3133 2381 3179 »πό
2412 3138 2500 3189 τῆς
2547 3129 2705 3191 αὑτῆς
2749 3132 2947 3201 μητρὸς
2988 3130 3301 3204 ἐτράφημεν,
3358 3133 3447 3180 καὶ
3491 3130 3591 3179 ὑπὸ
3630 3136 3730 3179 τῶν
3788 3128 3880 3179 αὑ·

522 3221 862 3292 parentibns
909 3219 1136 3275 dilectae
1191 3236 1419 3284 sumus,
1480 3228 1533 3274 et
1591 3221 1866 3275 eamdem
1924 3230 2173 3278 matrem

2311 3226 2376 3267 ῶν
2419 3223 2603 3288 γονέων
2652 3218 2984 3290 ἠγαπήμεθα,
3047 3223 3133 3269 καὶ⁵
3189 3222 3282 3276 τήν
3336 3218 3497 3275 αὑτήν
3540 3222 3741 3291 μητέρα
3788 3223 3880 3269 καὶ

520 3310 866 3367 eteumdem
882 3317 1107 3380 patrem
1127 3309 1578 3380 appellavimus.
1619 3310 1904 3365 Eaindem
1929 3328 2172 3383 quoque

2313 3310 2365 3357 ὸν
2419 3308 2572 3358 αὑτὸν
2622 3312 2820 3380 πατέρα
2872 3310 3391 3380 προσηγορεύσαμεν.
3466 3311 3565 3359 Καὶ
3614 3308 3880 3368 πολιτείας

520 3401 653 3455 vita:
683 3400 977 3454 rationem
1027 3406 1243 3453 secutae
1285 3416 1520 3466 sumus,
1562 3406 1618 3455 et
1663 3399 1937 3455 eamdem
1971 3402 2169 3456 adhuc

2307 3395 2338 3448 ⁸ε
2370 3396 2618 3469 ἡψάμεθα
2662 3404 2758 3459 τῆς
2810 3397 2987 3463 αὐτῆς,
3044 3402 3132 3449 καὶ
3179 3406 3276 3459 τῆς
3335 3400 3455 3458 ῖσης
3505 3399 3581 3448 ἔτι
3640 3394 3878 3469 ἐχόμεθα

522 3494 790 3543 tenemus
818 3489 1194 3543 sententiam.

2307 3491 2453 3557 κνώμη
2465 3506 2505 3547 ς.

590 3577 679 3630 IV.
716 3580 937 3632 Morum
970 3577 1168 3648 itaque
1201 3583 1254 3632 et
1284 3576 1603 3633 verborum
1638 3576 2049 3634 liberalitatem
2072 3580 2166 3635 ille

2344 3574 2417 3627 A’.
2447 3579 2516 3627 Τὸ
2571 3574 2848 3647 ἐλευθέριον
2902 3580 3071 3627 τοίνυν
3129 3583 3219 3626 τοῦ
3275 3594 3329 3627 τε
3378 3580 3570 3649 τρόπου
3629 3581 3716 3628 καὶ
3771 3584 3872 3628 τῶν

518 3666 747 3721 silentio
776 3666 1130 3729 admiratus,
1188 3668 1418 3722 curiose
1467 3667 1799 3722 admodum
1854 3676 1906 3722 et
1955 3668 2163 3724 callide

2309 3668 2516 3736 ημάτων
2573 3666 2756 3735 ἡσυχῆ
2811 3664 2995 3726 ἐκεῖνος
3051 3665 3346 3736 θαυμάσας,
3402 3670 3681 3739 περιέργως
3737 3666 3872 3736 οἶγαν

518 3755 679 3811 vafer
710 3754 801 3809 ille
829 3763 1074 3810 conatus
1112 3761 1201 3810 est
1233 3755 1505 3825 protinus
1538 3756 1795 3825 virgines
1836 3760 2115 3812 seducere
2146 3774 2159 3813 :

2349 3751 2516 3815 δεινός
2560 3758 2649 3806 καὶ
2693 3753 2947 3822 ὑπούλως,
2990 3752 3176 3824 κλέψαι
3232 3757 3319 3814 τὰς
3373 3756 3659 3828 παρθένους
3720 3755 3873 3816 εὐθὺς

512 3846 592 3900 Ne
618 3846 1171 3915 ergo,dicens,quaa
1198 3844 1277 3899 dii
1295 3846 1368 3900 ad
1398 3847 1781 3901 concordiam
1805 3846 1967 3902 bona
1987 3847 2162 3902 dede-

2307 3848 2549 3916 τεχείρει,
2606 3848 2689 3901 Μή
2747 3840 2833 3894 οὖν
2887 3841 2921 3893 ἃ
2982 3845 3031 3894 οἱ
3083 3845 3209 3905 θεοὶ,
3269 3843 3446 3914 λέγων,
3511 3844 3577 3903 εἰς
3625 3846 3870 3916 ὁμόνοιαν

511 3939 665 4003 runt,
699 3949 825 3999 vos,
854 3934 1096 3989 ocharaa
1129 3933 1361 4004 puellm,
1392 3933 1652 3988 reddatis
1682 3951 1838 3989 vana
1859 3938 1917 3989 et
1938 3935 2157 3999 inania,

2307 3939 2381 3993 αῖς
2431 3929 2673 4004 ἀδελφαῖς
2724 3936 2992 4004 παρέσχον
3052 3933 3119 3983 τὰ
3192 3932 3385 4003 ἀγαθὰ,
3444 3935 3645 4005 μάταια
3700 3934 3867 4005 ὑμεῖς,

512 4022 616 4076 sed
680 4038 858 4093 super
913 4022 1040 4076 haec
1105 4022 1283 4076 etiam
1348 4022 1462 4077 alia
1527 4023 1832 4091 tediticate,
1896 4030 1952 4079 et
2014 4025 2159 4080 mihi

2360 4020 2502 4092 φίλαι
2548 4027 2721 4095 κόραι,
2777 4025 3036 4078 ποιήσητε
3068 4038 3079 4049 ⁸
3114 4021 3219 4072 αλλ’
3270 4022 3351 4073 ἐπὶ
3394 4028 3559 4073 ταῦτα
3608 4026 3696 4073 καὶ
3737 4022 3870 4074 ἄλλα

513 4118 807 4181 parentes,
854 4110 968 4164 diis
1013 4126 1253 4181 quoque
1299 4112 1691 4165 communiter
1744 4112 2071 4168 sacriﬁcate
2107 4121 2161 4169 et

2307 4107 2589 4181 ἱκοδομεῖτε
2633 4110 2810 4181 φιλικὰ
2858 4113 3003 4182 ἔργα,
3051 4115 3137 4161 xui
3186 4107 3383 4182 ἀδελφά
3436 4129 3526 4182 μοι
3584 4111 3718 4162 οὕτω
3772 4119 3866 4163 τοῦ

514 4207 796 4270 tanquam
850 4214 1080 4253 sorores
1128 4199 1187 4252 in
1239 4199 1648 4254 benevolentia
1694 4216 1836 4271 erga
1875 4216 1977 4255 eos
2019 4217 2156 4257 con-

2307 4208 2445 4251 uon
2530 4206 2756 4274 φρονεῖτε
2824 4218 2837 4231 ·
2921 4203 3011 4250 καὶ
3079 4200 3333 4258 πειθήνιοί
3403 4218 3493 4271 μοι
3570 4205 3863 4272 γενόμεναι,

508 4290 717 4342 sentite
774 4288 1065 4358 protinus,
1136 4303 1245 4343 nec
1318 4289 1599 4343 sustineat
1666 4288 1846 4344 altera
1907 4290 2156 4347 alteram

2307 4297 2407 4360 οινῇ
2491 4289 2621 4341 οὕτω
2696 4294 2785 4341 καὶ
2846 4296 2956 4349 τοῖς
3012 4290 3145 4349 θεοῖς
3201 4290 3389 4341 θύσατε
3441 4294 3529 4340 καὶ
3585 4291 3653 4350 ὡς
3709 4286 3864 4342 ἀδελ-

510 4392 775 4431 sororem
808 4376 1001 4430 videre
1028 4376 1382 4447 turpissima,
1433 4393 1469 4431 ο
1501 4377 1577 4431 dii
1618 4376 1629 4431 1
1674 4383 1728 4433 et
1768 4379 2155 4436 acerbissima
2186 4404 2195 4459 ι

2307 4382 2375 4443 ui,
2434 4383 2523 4430 xui
2579 4381 2668 4450 μεν
2738 4384 2854 4452 περὶ
2920 4384 3015 4436 τήν
3085 4380 3156 4438 εἰς
3214 4377 3403 4438 αύτούς
3452 4381 3650 4430 εῦνοιαν
3706 4378 3864 4440 εὐθὺς

507 4465 844 4535 patientem,
866 4464 1139 4520 etﬂorem
1157 4466 1607 4535 pulchritudinis
1631 4468 1865 4538 probris
1881 4476 2151 4525 etcontu-

2307 4473 2556 4519 ιαστᾶσαι
2608 4466 2857 4533 ἀλλήλων,
2909 4465 3209 4538 ἀνάσχεσθε
3248 4464 3473 4539 ἀδελφήν
3518 4469 3659 4539 ὑμῶν
3703 4464 3857 4534 ἰδεῖν,

507 4553 695 4608 meliis
769 4554 1178 4609 miserabiliter
1239 4554 1417 4609 atﬁci.
1470 4554 1601 4609 Haec
1672 4571 1832 4625 ergo,
1896 4562 1955 4610 ut
2025 4561 2147 4630 qui,

2307 4559 2325 4607 ’4
2372 4559 2655 4628 αἴσχιστα,
2710 4554 2750 4607 ὦ
2809 4558 2929 4621 θεοὶ,
2990 4562 3080 4608 καὶ
3132 4560 3422 4628 πικρότατα
3472 4557 3856 4629 ὑπομένουσαν,

504 4657 637 4713 qua:
668 4650 895 4713 oportet
922 4642 1119 4696 dicam
1152 4647 1207 4697 et
1260 4643 1432 4696 vobis
1461 4642 1647 4709 utilia,
1681 4661 1716 4698 a
1746 4662 1838 4700 me
1879 4648 2145 4717 accipite,

2307 4651 2348 4697 ιὶ
2406 4650 2462 4697 τό
2521 4654 2611 4706 τῆς
2678 4647 2813 4718 ὧρας
2866 4647 3022 4706 ἄνθος
3075 4645 3292 4706 ἐλεεινῶς
3348 4644 3705 4719 ὑϐριζόμενον.
3767 4645 3859 4709 Ὠς

502 4738 556 4787 et
589 4732 732 4787 mihi
764 4737 977 4802 parete,
1022 4738 1311 4803 tanquam
1362 4733 1530 4803 patri,
1567 4734 1625 4787 in
1679 4749 1784 4789 vos
1836 4742 2147 4805 paternam

2307 4731 2343 4784 ἓν
2395 4737 2462 4786 τὰ
2517 4731 2697 4787 δέοντα
2745 4739 2834 4787 καὶ
2891 4734 3154 4799 λυσιτελῆ,
3212 4734 3446 4806 λέγοντος
3506 4733 3650 4807 ἐμοῦ,
3692 4736 3858 4798 οὑτως

500 4821 755 4876 servanti
848 4818 1242 4875 affectionem.
1339 4822 1431 4876 Sic
1523 4821 1680 4876 enim
1775 4824 2146 4895 imperatoris

2307 4819 2605 4895 τοδέχεσθε,
2652 4828 2741 4876 καί
2792 4843 2883 4895 μοι
2932 4826 3033 4876 ὅσοι
3101 4830 3190 4877 καὶ
3254 4825 3614 4898 περιπείθεσθε
3664 4844 3857 4897 πατρι-

496 4910 966 4965 benevolentiam
988 4910 1387 4981 assequemini
1414 4910 1827 4979 etgloriam,et
1862 4930 1963 4968 vos
1994 4916 2145 4970 exci-

2307 4917 2349 4970 ἣν
2410 4916 2539 4986 πρὸς
2600 4914 2732 4986 ὑμᾶς
2798 4920 3040 4987 τηροῦντι
3095 4910 3360 4967 διάθεσιν.
3427 4913 3577 4965 Οὑτω
3629 4915 3733 4987 γὰρ
3788 4913 3853 4966 ἂν

496 5002 615 5071 piet
640 4998 943 5053 afﬂuentia
974 5005 1027 5051 et
1061 5013 1221 5053 mare
1248 4998 1546 5053 bonorum
1578 5016 1591 5065 ;
1625 5007 1680 5055 et
1710 5003 1915 5055 merito
1946 5002 2142 5059 felices

2308 5007 2509 5073 μενείας
2562 5021 2617 5055 τε
2660 5002 2990 5061 ἁπολαύσητε
3037 5001 3321 5074 βασιλικῆς
3372 5007 3460 5053 καὶ
3514 4999 3693 5067 δόξης,
3752 5006 3847 5056 εὕ-

493 5086 1245 5159 seinperexistimabimini,
1269 5094 1324 5142 et
1344 5088 1646 5144 memoriae
1665 5090 2097 5147 mandabimini
2125 5114 2135 5151 :

2307 5094 2369 5142 ιιά
2415 5110 2468 5143 τε
2523 5090 2645 5163 βίου
2685 5094 2821 5164 ὑμᾶς
2862 5097 2951 5144 καὶ
3003 5090 3208 5163 ἀγαθῶν
3257 5088 3533 5154 ἐκδέξηται
3569 5091 3847 5161 θάλασσα,

491 5177 579 5231 sin
659 5178 855 5232 minus
950 5180 1214 5231 immane
1304 5185 1360 5232 et
1451 5179 1687 5233 crudele
1776 5181 2139 5251 supplicium

2307 5186 2339 5232 ιὶ
2388 5184 2771 5254 μακαρίζοισθέ
2824 5201 2883 5253 γε
2936 5178 3154 5241 δικαίως
3202 5184 3288 5233 τὸν
3342 5180 3419 5233 ἀεὶ
3484 5187 3697 5255 χρόνον,
3752 5188 3849 5236 xui

490 5274 803 5321 consumet
828 5266 1141 5336 pulchram
1182 5274 1438 5322 vestram
1480 5274 1533 5322 et
1563 5272 1819 5323 teneram
1855 5272 2135 5341 speciem.

2307 5276 2456 5340 ιήμης
2485 5274 2821 5343 τυγχάνοιτε.
2854 5272 2914 5325 Εἰ
2962 5268 3013 5323 δ’
3040 5267 3147 5336 οὖν,
3197 5270 3325 5322 ἀλλὰ
3365 5275 3487 5344 χεὶρ
3525 5269 3727 5333 ἀπηνής
3753 5278 3847 5325 καὶ

488 5354 574 5407 Ad
626 5355 751 5407 haec
808 5355 1109 5424 excipiens
1149 5355 1485 5419 Menodora,
1545 5360 1613 5410 At
1670 5357 1865 5421 nobis,
1922 5358 2134 5431 inquit,

2310 5360 2456 5421 λασις
2508 5362 2761 5436 ὠμοτέρα,
2816 5364 2873 5413 τό
2942 5362 3116 5424 καλὸν,
3172 5363 3313 5432 οἶμοι
3361 5367 3454 5422 τῆς
3517 5362 3649 5433 ὧρας
3693 5368 3846 5414 τοῦτο

486 5456 522 5495 o
573 5441 775 5510 judex,
860 5457 966 5495 nec
1010 5458 1145 5514 quas
1215 5448 1279 5499 tu
1334 5445 1627 5515 promittis
1688 5446 1964 5502 videntur
2008 5463 2135 5505 esse

2307 5455 2334 5503 :i
2408 5450 2603 5503 ἁπαλὸν
2670 5449 3020 5503 ἀναλώσουσι.
3092 5452 3225 5522 Πρός
3298 5456 3470 5502 ταῦτα
3542 5445 3849 5524 Μηνοδώρα

484 5544 728 5601 magna,
788 5544 895 5583 nec
960 5547 1095 5603 quas
1162 5537 1225 5586 tu
1290 5548 1498 5589 rursus
1563 5534 1810 5591 minaris
1875 5546 2132 5608 possunt

2307 5539 2598 5608 πολαϐούσα,
2655 5540 2786 5594 Ἀλλ’
2844 5542 2989 5613 ήμῖν,
3054 5536 3093 5591 ὦ
3144 5542 3347 5614 ἅρχων,
3404 5535 3557 5605 εἶπεν,
3614 5541 3730 5591 οὔτε
3774 5541 3843 5593 τὰ
