4154 6192
277 303 387 360 657

1185 304 1629 362 MARTYRIUM
1668 304 1727 359 S.
1771 300 2196 362 MENODORE
2233 307 2324 364 ET
2360 308 2751 369 SOCIARUM.

3536 314 3642 373 658

276 432 422 503 παρὰ
475 437 573 482 σοῦ
624 430 1023 503 ὑπισχνούμενοι
1075 430 1293 503 μεγάλα,
1351 428 1477 483 εἶναι
1531 426 1694 495 δοκεῖ,
1758 430 1871 481 οὔτε

1988 430 2175 488 ullum
2206 438 2487 491 terrorem
2508 436 2791 492 incutere.
2827 440 2969 493 Nam
2994 437 3106 492 frui
3128 438 3370 509 quidem
3401 439 3636 507 divitiis,

275 524 378 591 μὴν
428 521 584 571 πάλιν
638 522 704 572 τὰ
755 519 1095 593 ὀιπειλούμενα
1145 520 1295 592 φόϐον
1354 520 1578 591 ἐμποιεῖν
1630 516 1871 571 δύναται.

279 611 511 664 Πλούτου
563 614 652 682 μεν
681 613 803 685 γὰρ,
846 617 931 664 xui
972 620 1187 685 τρυφῆς,
1220 617 1309 664 καὶ
1354 608 1530 675 δόξης,
1557 615 1645 662 xui
1690 612 1719 667 ἡ
1776 618 1873 660 τῶν

277 698 439 751 ἄλλων
489 696 655 758 ἡδέων
712 699 1023 765 ἀπόλαυσις,
1084 703 1189 772 ὅσῳ
1240 707 1560 774 πρόσκαιρον
1617 702 1730 770 ἔχει
1781 703 1873 757 τὴν

274 785 493 858 ἡδονὴν,
552 792 786 860 τοσούτῳ
843 795 1058 862 μόνιμον
1112 791 1299 843 ἐκεῖθεν
1354 794 1446 847 τὴν
1493 795 1764 861 τιμωρίανσ
1820 789 1873 839 αὶ

276 874 334 931 δε
399 878 640 940 κολάσεις
688 884 778 932 xui
838 882 867 937 ἠ
941 886 1033 931 τοῦ
1084 882 1312 952 φθαρτοῦ
1364 882 1549 931 τούτου
1634 884 1871 949 σώματος

273 970 505 1030 κάκωσις
576 968 874 1027 λυπήσουσι
931 972 1020 1041 μεν
1076 971 1204 1030 ἴσως
1257 968 1479 1020 ἐνταῦθα
1531 972 1619 1019 καὶ
1686 970 1871 1038 μικρὸν

274 1055 504 1127 ἀλγῆσαι
600 1060 1111 1129 παρασκευάσουσιν,
1212 1058 1526 1129 εὐφροσύνης
1618 1052 1676 1108 δὲ
1746 1057 1870 1127 ἡμῖν

272 1148 478 1199 ἴσονται
529 1146 763 1217 πρόξενοι
820 1143 1087 1219 μηδέποτε
1142 1150 1454 1218 παυομένης.
1506 1153 1601 1197 Σοῦ
1649 1148 1738 1217 μεν
1767 1148 1867 1219 γὰρ

270 1240 359 1286 xui
413 1238 470 1287 τὸ
512 1238 671 1287 κακόν
701 1241 1019 1310 πρόσκαιρον
1072 1241 1161 1287 καὶ
1206 1239 1263 1287 τὸ
1304 1236 1498 1306 ἀγαθὸν
1541 1239 1845 1307 παρερχόμε

600 1060 1111 1131 παρασκευάσουσιν,

266 1343 370 1375 νον·
421 1332 512 1375 τοῦ
565 1326 814 1396 ἡμετέρου
865 1322 923 1377 δὲ
973 1332 1232 1378 Δεσπότου
1277 1330 1365 1375 καὶ
1414 1328 1471 1375 τὸ
1516 1323 1708 1375 λυποῦν
1747 1323 1870 1374 αἰώ-

266 1432 372 1464 νιον
419 1417 509 1465 καὶ
564 1416 622 1464 τὸ
662 1414 928 1488 εὐφραῖνον
977 1413 1057 1466 ἀεί
1112 1433 1233 1466 ποτε
1279 1411 1539 1484 διαμένον.
1583 1416 1757 1483 Ταύτῃ
1812 1408 1869 1464 δε

266 1506 353 1554 xui
386 1502 577 1573 μᾶλλον
609 1499 827 1575 ἀδελφαὶ
880 1501 1116 1575 δόξομεν,
1155 1509 1243 1555 καὶ
1292 1500 1511 1574 ἀδελφαὶ
1554 1504 1642 1562 τὰς
1684 1500 1869 1573 ψυχὰς

265 1590 457 1662 μᾶλλον
511 1592 539 1650 ἦ
594 1594 659 1643 τὰ
709 1597 948 1664 σώματα,
1006 1592 1049 1644 εἰ
1101 1594 1273 1663 ὧσπερ
1332 1596 1430 1663 μία
1468 1595 1676 1663 γαστὴρ
1730 1592 1869 1662 ἡμᾶς

266 1676 468 1745 ὤδινεν,
526 1681 659 1733 οὕτω
711 1686 801 1734 καὶ
847 1683 1061 1742 θάνατος
1109 1682 1178 1743 εἷς
1221 1682 1347 1753 ὑπερ
1395 1679 1636 1741 ἀσεϐείας
1672 1680 1868 1733 τελειώ-

1986 525 2041 575 et
2054 521 2276 577 deliciis
2295 529 2349 579 et
2368 524 2555 594 gloria
2577 531 2631 580 et
2648 526 3215 598 aliisjucundis,quo
3230 529 3517 597 majorem
3535 530 3640 586 ha-

1988 609 2177 679 betad
2198 619 2429 685 tempus
2445 614 2827 685 voluptatem,
2844 631 2914 671 eo
2933 614 3200 671 stabilius
3219 632 3287 670 ac
3302 616 3637 674 diuturnius

1984 698 2098 754 illic
2131 700 2311 756 habet
2358 703 2733 773 supplicium.
2767 704 3067 776 Supplicia
3101 710 3323 772 autem,
3356 710 3413 759 et
3439 706 3633 776 hujus,

1987 786 2045 842 in
2102 791 2267 860 quod
2324 792 2482 847 cadit
2546 792 2837 861 interitus,
2893 794 3159 865 corporis
3214 792 3473 857 afﬂictio,
3526 810 3637 850 nos

1983 878 2226 949 quidem
2248 880 2604 936 hicfortasse
2624 883 2896 937 molestia
2919 882 3265 948 atﬁciunt,et
3286 882 3552 938 efﬁciunt
3576 888 3639 939 ut

1983 966 2379 1040 doloraliquis
2399 972 2681 1027 sentiatur
2698 990 2710 1023 :
2727 972 2983 1027 latitiam
3002 977 3197 1026 autem
3213 971 3634 1041 conciliabunt,

1980 1070 2115 1125 qua
2165 1073 2476 1130 nunquam
2509 1064 2595 1114 est
2619 1060 2901 1116 desitura.
2937 1061 3082 1115 Nam
3123 1060 3348 1115 malum
3388 1060 3633 1132 quidem

1981 1147 2143 1213 quod
2185 1164 2219 1201 a
2252 1154 2303 1200 te
2334 1146 2578 1203 infertur
2616 1155 2700 1203 est
2728 1150 2803 1203 ad
2845 1155 3101 1220 tempus,
3133 1154 3190 1204 et
3214 1149 3441 1204 bonum
3468 1149 3630 1221 quod

1979 1235 2275 1290 confertur
2305 1240 2589 1306 praterit;
2616 1240 2798 1294 nostri
2822 1246 3018 1294 autem
3046 1239 3275 1293 Domini
3305 1243 3360 1293 et
3382 1239 3440 1293 id
3469 1238 3631 1310 quod

1979 1324 2147 1380 affert
2187 1326 2517 1381 molestiam
2552 1334 2638 1382 est
2682 1333 2990 1396 aternum,
3026 1335 3081 1382 et
3121 1328 3179 1382 id
3224 1328 3387 1399 quod
3434 1328 3634 1383 latitia

1979 1412 2159 1468 afﬁcit
2186 1430 2415 1484 semper
2448 1422 2660 1471 manet.
2704 1417 2793 1471 Sic
2844 1422 2901 1471 et
2945 1416 3137 1486 magis
3162 1416 3499 1471 videbimur
3539 1432 3634 1471 so-

1979 1519 2165 1568 rores,
2194 1509 2247 1558 et
2280 1519 2514 1560 sorores
2548 1504 2761 1560 animis
2793 1505 2992 1575 potius
3023 1521 3209 1577 quam
3253 1504 3626 1576 corporibus,

1981 1594 2029 1647 si
2060 1593 2210 1647 sicut
2240 1608 2348 1649 nos
2380 1600 2580 1648 venter
2629 1609 2780 1648 unus
2830 1594 3071 1665 peperit,
3116 1594 3198 1649 ita
3238 1594 3418 1649 etiam
3466 1609 3630 1649 mors

1977 1690 2289 1738 consumet
2317 1697 2426 1752 pro
2466 1682 2699 1753 pietate,
2726 1687 2783 1737 et
2808 1682 2963 1738 idem
2998 1682 3284 1755 suscipiat
3309 1683 3623 1740 thalamus.

269 1788 369 1837 σει,
403 1774 490 1821 καὶ
538 1770 763 1843 θάλαμος
810 1773 836 1823 6
884 1770 1041 1833 αὐτὸς
1088 1767 1415 1833 ὑποδέξεται.
1449 1770 1628 1832 Οὕτως
1676 1769 1733 1821 ού
1782 1770 1866 1820 λν-

1980 1772 2071 1827 Sic
2096 1787 2217 1827 non
2245 1770 2598 1828 dissolvetur
2627 1772 2800 1827 nobis
2828 1771 3109 1837 amicitia,
3141 1787 3335 1844 neque
3376 1788 3411 1828 a
3455 1771 3627 1828 nobis

266 1860 486 1916 θήσεται
533 1861 657 1931 ἡμῖν
712 1862 739 1919 ἦ
796 1860 939 1933 φιλία
982 1857 1105 1913 ούδε
1137 1859 1220 1932 ἀφ’
1252 1862 1398 1931 ἡμῶν
1440 1857 1862 1931 διαστησόμεθα,

267 1945 397 1999 ἀλλὰ
424 1945 633 2007 διηνεκῆ
681 1954 774 2009 τὴν
815 1947 1143 2023 ἀδελφότητα
1176 1949 1380 2010 ἑαυταῖς
1423 1955 1513 2001 καὶ
1560 1954 1651 2008 τὴν
1697 1950 1865 2010 συζυ-

263 2041 382 2106 γίαν
434 2043 742 2110 τηρήσομεν,
823 2040 865 2091 εἰ
940 2048 1010 2109 τῷ
1093 2036 1315 2109 ἀδελφὰς
1395 2040 1530 2110 ἡμᾶς
1603 2038 1861 2090 πλάσαντι

263 2121 463 2197 ἀδελφά
516 2132 607 2179 καὶ
651 2131 716 2179 τὰ
764 2133 1069 2202 φρονήματα
1116 2131 1541 2202 παραστήσομεν.
1573 2127 1707 2179 Ἀλλ’
1765 2128 1857 2179 ούκ

262 2213 595 2288 ἀρνησόμεθά
650 2236 724 2281 σε,
780 2222 965 2289 νυμφίε
1021 2220 1239 2291 Χριστε,
1286 2219 1571 2291 ἔμπροσθεν
1627 2225 1725 2268 τῶν
1775 2216 1855 2268 ἁν-

261 2306 498 2376 θρωπων,
568 2310 636 2378 μὴ
718 2310 886 2360 τοίνυν
958 2303 1095 2379 μηδὲ
1156 2306 1304 2365 αύτὸς
1373 2308 1506 2377 ἡμᾶς
1570 2308 1855 2379 ἔμπροσθεν

259 2401 351 2446 τοῦ
397 2402 595 2467 Πατρός
649 2415 742 2448 σου
787 2403 878 2448 τοῦ
929 2397 978 2448 ἐν
1034 2402 1143 2457 τοῖς
1190 2395 1446 2469 οὐρανοῖς.
1498 2399 1629 2467 Πρὸς
1670 2403 1854 2460 ταῦτα,

262 2478 300 2532 ὦ
349 2479 598 2549 δικαστά,
628 2485 814 2545 κόλαζε
848 2488 905 2537 τὸ
953 2484 1105 2537 καλόν
1157 2503 1250 2536 σου
1294 2492 1444 2537 τοῦτο
1478 2491 1572 2537 τοῦ
1620 2491 1859 2555 σώματος

258 2572 431 2633 ἄνθος,
464 2578 552 2625 καὶ
581 2570 931 2627 καταδαπάνα
958 2582 1070 2634 ταῖς
1098 2573 1365 2645 μάστιξιν,
1402 2569 1577 2635 ούδεὶς
1594 2576 1695 2647 γὰρ
1724 2574 1858 2626 ούτω

258 2660 536 2722 κάλλιστος
576 2667 793 2735 κόσμος,
843 2660 966 2716 οὐδὲ
1015 2667 1240 2735 χρυσός,
1279 2659 1402 2714 οὐδὲ
1448 2662 1716 2724 πολυτελὲς
1746 2662 1859 2715 ἐπί¹³

260 2746 434 2820 ϐλημα
462 2755 554 2801 καὶ
575 2751 808 2803 ποικίλον
834 2752 968 2804 οὕτω
994 2756 1306 2822 κοσμήσειεν
1336 2753 1404 2809 ὡς
1430 2751 1483 2801 αἱ
1515 2755 1605 2802 σαὶ
1634 2750 1851 2821 πληγαὶ,

259 2839 312 2889 αἱ
363 2844 454 2891 σαὶ
508 2842 783 2911 μάστιγες,
842 2840 903 2901 ἇς
951 2839 1005 2891 ἐκ
1054 2839 1244 2891 πολλοῦ
1290 2841 1440 2911 ἡμεῖς
1485 2837 1719 2911 διψῶμεν
1760 2836 1853 2892 διὰ

258 2931 509 2999 Χριστόν,
540 2934 628 2981 καὶ
660 2930 727 2980 ὧν
767 2932 842 2981 ἔτι
865 2928 1182 3001 γλιχόμεθα,

331 3016 402 3071 Ε’.
480 3024 659 3071 Ταῦτα
719 3018 809 3071 ούκ
872 3021 1054 3089 ἤνεγκε
1106 3018 1286 3089 πράως
1337 3018 1361 3068 6
1412 3012 1664 3082 δικάζων,
1726 3017 1851 3070 ἀλλὰ

1974 1861 2227 1916 invicem
2261 1861 2680 1931 separabimur
2708 1877 2720 1915 :
2752 1862 2857 1915 sed
2879 1866 3226 1933 perpetuam
3251 1861 3626 1916 servabimus

1974 1950 2142 2004 nobis
2187 1948 2611 2005 fraternitatem
2657 1955 2713 2005 et
2764 1949 3267 2020 conjunctionem,
3324 1950 3371 2004 si
3420 1950 3471 2005 ei
3521 1950 3623 2021 qui

1972 2054 2084 2094 nos
2124 2037 2293 2093 ﬁnxit
2330 2053 2562 2094 sorores
2592 2038 2977 2093 exhibeamus
3018 2038 3195 2093 etiam
3228 2038 3485 2094 sororias
3524 2054 3625 2093 vo-

1969 2127 2243 2183 luntates.
2280 2127 2391 2183 Sed
2450 2132 2500 2182 te
2550 2143 2670 2182 non
2716 2127 3093 2197 negabimus,
3127 2143 3345 2198 sponse
3378 2128 3618 2193 Christe,

1968 2232 2166 2273 coram
2198 2218 2565 2273 hominibus.
2611 2220 2725 2272 Nec
2756 2221 2817 2271 tu
2849 2231 2990 2285 ergo
3034 2232 3143 2271 nos
3196 2231 3375 2286 neges
3417 2231 3621 2272 coram

1969 2306 2139 2361 Patre
2197 2312 2417 2370 nostro,
2460 2306 2562 2377 qui
2594 2310 2681 2361 est
2720 2306 2778 2360 in
2838 2304 3019 2361 calis.
3062 2304 3296 2373 Castiga
3331 2304 3553 2376 itaque,
3585 2320 3621 2360 ο

1962 2395 2168 2464 judex,
2215 2395 2374 2450 hunc
2428 2396 2530 2450 tibi
2588 2394 2905 2465 pulchrum
2959 2392 3168 2449 ﬂorem
3220 2394 3505 2465 corporis,
3567 2397 3622 2449 et

1968 2498 2249 2538 consume
2273 2483 2546 2552 ﬂagellis.
2579 2484 2809 2538 Nullum
2838 2482 2999 2537 enim
3030 2488 3448 2537 ornamentum
3488 2482 3622 2553 pul-

1968 2572 2351 2636 cherrimum,
2384 2587 2578 2643 neque
2608 2587 2844 2637 aurum,
2878 2586 3071 2642 neque
3098 2575 3507 2640 tegumentum
3536 2570 3620 2625 ul-

1968 2661 2092 2715 lum
2128 2660 2513 2729 magniﬁcum
2547 2662 2603 2715 et
2632 2659 2884 2723 varium,
2928 2660 3008 2714 ita
3034 2659 3328 2713 ornaverit
3376 2675 3612 2730 corpus,

1969 2755 2029 2805 ut
2048 2756 2160 2805 tua
2193 2749 2406 2821 plaga,
2431 2752 2531 2805 tua
2556 2747 2811 2819 ﬂagella,
2835 2764 2972 2820 qua
2994 2763 3103 2803 nos
3120 2748 3357 2818 jamdiu
3388 2747 3616 2803 sitimus

1964 2844 2207 2910 propter
2250 2838 2570 2902 Christum,
2604 2842 2661 2893 et
2706 2853 2840 2908 qua
2872 2837 3066 2891 adhuc
3097 2835 3289 2905 magis
3318 2835 3617 2891 desidera-

1963 2944 2115 2983 mus.

2031 3018 2096 3073 V.
2146 3019 2277 3071 Hac
2315 3031 2435 3071 non
2470 3015 2771 3071 moderate
2802 3014 2929 3069 tulit
2981 3013 3187 3084 judex,
3235 3014 3337 3069 sed
3370 3029 3611 3069 omnem

254 3108 424 3159 πάντα
502 3110 662 3179 θυμὸν
716 3110 849 3159 κατά
916 3115 1006 3167 τῆς
1084 3108 1337 3178 παρθένου
1396 3109 1592 3167 ταύτης
1666 3106 1849 3179 ἀφῆκεο

1967 3106 2113 3161 iram
2147 3107 2206 3161 in
2256 3106 2412 3161 hanc
2450 3104 2697 3159 immisit
2738 3104 3070 3172 virginem;
3103 3109 3159 3159 et
3184 3103 3381 3158 statim
3423 3102 3612 3173 jubet,

255 3202 344 3249 xui
420 3206 751 3270 παραχρῆμα
815 3197 1005 3249 κελεύει
1060 3192 1383 3267 Μηνοδώραν
1453 3192 1848 3267 περιδυθεῖσαν,

258 3287 357 3337 ὑπὸ
409 3290 663 3360 τέσσαρσι
722 3282 1081 3349 διαξαίνεσθαι
1135 3292 1238 3346 τοῖς
1288 3282 1498 3357 δημίοις
1544 3290 1633 3337 xui.
1685 3288 1846 3359 ταύτῃ

251 3377 337 3427 τὸν
410 3380 617 3447 κήρυκα
670 3373 877 3447 ἔμϐοᾴνο
937 3378 1094 3435 Θεοὺς
1141 3379 1287 3446 τίμα,
1338 3372 1561 3446 βασιλέα
1612 3374 1849 3447 εὐφήμει,

254 3468 373 3526 τοὺς
428 3468 685 3537 κειμένους
728 3468 912 3536 νόμους
956 3468 1025 3535 μὴ
1079 3462 1277 3537 ὕϐριζε.
1338 3462 1395 3515 Ἠ
1456 3459 1515 3516 δε
1559 3467 1648 3516 καὶ
1706 3466 1849 3535 ὡρῶν

256 3551 353 3606 δύο
429 3561 542 3613 ταῖς
614 3553 841 3625 πληγαῖς
920 3549 1308 3624 διαξαινομένη,
1365 3549 1611 3624 οὐδεμιᾶς
1675 3554 1846 3624 ὥσπερ

255 3640 447 3704 ὀδύνης
526 3642 802 3715 ᾐσθάνετο,
882 3645 1162 3715 περιουσίᾳ
1232 3645 1404 3713 μέντοι
1496 3646 1849 3711 γενναιότητος

252 3730 366 3785 οὐδ’
418 3731 717 3793 ἐπεστέναξε
769 3738 878 3791 ταῖς
929 3727 1169 3801 πληγαῖς.
1203 3734 1273 3783 T6
1306 3726 1364 3782 δὲ
1414 3737 1502 3789 τῆς
1551 3729 1716 3799 ὄψεως
1760 3731 1846 3804 ῥό-

254 3819 344 3874 δον
405 3817 528 3873 ούδὲ
581 3820 751 3891 ὀλίγον
805 3820 998 3894 ὠχρία·
1060 3819 1158 3890 ὅλῳ
1209 3821 1311 3893 γὰρ
1369 3817 1565 3890 ὄμματι
1613 3822 1743 3889 πρὸς
1783 3822 1849 3871 τὰ

250 3910 498 3981 μέλλοντα
548 3910 702 3982 ἑώρα,
752 3914 841 3961 καὶ
885 3916 1001 3970 ταῖς
1052 3907 1251 3960 ἐκείνων
1301 3907 1471 3959 ἐλπίσι
1518 3911 1606 3965 τὴν
1661 3906 1847 3979 ψυχὴν

252 4006 589 4073 μετεώριστο.
662 3998 720 4051 Ὀ
774 4002 945 4069 μέντοι
1000 3999 1220 4059 ἀνόητος
1300 3999 1504 4069 ἄρχων,
1567 3993 1848 4067 διαϐλέψαι

250 4095 373 4162 πρός
432 4097 598 4141 ταῦτα
675 4086 767 4139 ούκ
842 4089 998 4157 ἔχων,
1073 4086 1362 4157 τετύφλωτο
1412 4088 1513 4159 γὰρ
1569 4090 1689 4148 τοὺς
1760 4095 1848 4146 τῆς

248 4179 435 4250 ψυχῆς
483 4177 777 4250 ὀφθαλμούς
840 4176 1181 4248 μαλακωτέρα
1236 4177 1335 4227 ὑπὸ
1410 4184 1509 4227 τῶν
1579 4181 1846 4247 μαστίγων

249 4266 571 4329 ἐντεύξεσθαι
627 4273 688 4323 τῆ
750 4266 979 4337 μάρτυρι
1030 4267 1173 4335 ᾤετο,
1229 4268 1317 4314 καὶ
1371 4262 1454 4314 ἐπὶ
1507 4265 1573 4315 τὰ
1627 4268 1848 4336 πρότερα

249 4355 526 4429 παρεκάλει
574 4358 663 4405 καὶ
722 4354 859 4405 θύειν
911 4349 1060 4414 αὖθις
1108 4351 1345 4404 ἐκέλευεν.
1379 4350 1436 4403 Ἡ
1494 4348 1574 4419 δε,
1647 4358 1741 4404 Καὶ
1797 4356 1847 4403 τί

248 4446 393 4519 παρὰ
436 4450 589 4495 τοῦτο
629 4443 817 4515 ἕτερον,
872 4444 985 4512 ἔφη,
1037 4444 1248 4511 μάταιε,
1283 4444 1339 4491 16
1389 4442 1535 4514 ἔργον
1584 4442 1696 4512 ἐμοί
1734 4457 1746 4505 ;

249 4533 354 4603 όύχ
412 4533 536 4606 ὁρᾷς
591 4531 655 4589 ὡς
708 4529 827 4587 ὅλην
877 4527 1103 4600 ἐμαυτὴν
1156 4530 1346 4580 τέθυκα
1403 4538 1474 4599 τῷ
1532 4527 1635 4599 ἐμῷ
1684 4537 1844 4598 Θεῴ;

244 4627 337 4683 Τίς
385 4624 487 4693 γὰρ
540 4629 609 4690 τῷ
660 4622 845 4691 αἵματί
889 4637 987 4689 μου
1042 4618 1255 4689 ὠφέλεια
1306 4618 1353 4669 ἐν
1401 4626 1472 4688 τῴ
1519 4616 1846 4669 καταϐαίνειν

246 4730 308 4782 με
366 4710 437 4772 εἰς
490 4704 799 4783 διαφθορὰν,
834 4707 984 4779 εἰμὴ
1033 4718 1102 4777 τῳ
1152 4705 1255 4777 ἐμῷ
1304 4714 1455 4758 τοῦτο
1508 4705 1848 4779 προλαϐουσα

244 4800 529 4851 καταθύσω
575 4802 826 4869 supple);
874 4804 1070 4861 Ταῦτα,
1128 4796 1300 4865 ὥσπερ
1355 4814 1434 4856 τις
1494 4797 1719 4867 σπινθὴρ
1776 4804 1846 4864 τῷ

244 4895 337 4940 τοῦ
396 4882 769 4959 συμπαρίδρου
850 4887 995 4956 θυμῷ
1050 4883 1357 4955 ἐμπεσόντα,
1418 4883 1601 4945 ἐξῆπτε
1657 4884 1846 4955 μᾶλλον

244 4977 407 5035 αύτῆν
486 4980 576 5027 xui
651 4974 881 5046 ἀνέφλγε,
964 4977 1048 5025 καὶ
1123 4969 1471 5047 σφοδροτέραν
1545 4976 1681 5025 κατά
1753 4982 1847 5035 τῆς

245 5069 379 5140 ἱερᾶς
435 5064 623 5136 ψυχῆς
697 5062 892 5125 ἐκείνης
943 5062 1134 5122 ὥπλιζε
1200 5066 1293 5119 τὴν
1344 5066 1551 5133 μανίαν,
1612 5068 1700 5114 καὶ
1756 5064 1846 5137 ῥά-

242 5150 393 5216 ϐδοις
424 5150 747 5224 συνετρίϐετο
790 5154 855 5203 τὰ
903 5151 1035 5203 ὀστᾶ
1074 5152 1102 5207 ἡ
1148 5155 1359 5221 γενναία
1409 5156 1497 5202 καὶ
1545 5151 1842 5221 συνεθλᾶτο,

241 5248 311 5316 μὴ
366 5244 638 5314 κινουμένη
725 5240 873 5306 ὅλως,
957 5244 1029 5311 μὴ
1111 5243 1529 5311 μεταπίπτουσα.
1590 5246 1673 5309 Τῷ
1743 5244 1845 5324 γὰρ

242 5334 452 5407 ἰσχυρῷ
505 5340 595 5383 τοῦ
651 5338 881 5405 Χριστοῦ
931 5331 1073 5399 πόθῳ
1123 5325 1332 5381 ὶδέδετο
1394 5329 1664 5383 πάντοθεν.
1723 5328 1847 5381 Εἶτα

237 5430 309 5494 τῷ
338 5426 542 5494 νυμφίῳ
581 5424 669 5477 τὴν
723 5419 896 5492 ἄφιξιν
942 5419 1247 5492 προμηνύει,
1295 5422 1405 5481 xui,
1462 5419 1616 5489 Κύριε
1671 5418 1846 5475 Ἰησοῦ

238 5514 457 5585 Χριστε,
511 5513 646 5582 μέγα
699 5507 970 5579 βοήσασα,
1017 5511 1074 5559 τὸ
1126 5506 1247 5577 ἐμόν
1302 5504 1618 5577 ἁγαλλίαμα,
1655 5506 1680 5555 ό
1732 5504 1846 5575 ἐμὸς

237 5603 385 5675 ῖρως,
441 5598 525 5653 ὀπὶ
576 5601 634 5652 σε
703 5602 796 5657 τήν
874 5591 1068 5650 ἐλπίδα
1144 5599 1238 5655 τὴν
1315 5593 1442 5668 ἐμὴν
1521 5596 1843 5667 καταφεύγω·

1780 4439 1929 4533 .HD

1962 3194 2092 3250 aliis
2123 3195 2363 3250 duabus
2390 3194 2684 3257 abductis,
2713 3199 2954 3247 exutam
2986 3192 3369 3247 Menodoram
3401 3192 3546 3247 cadi
3580 3208 3616 3248 a

1961 3291 2218 3356 quatuor
2250 3283 2579 3348 lictoribus,
2615 3287 2672 3337 et
2722 3282 2803 3336 sic
2862 3280 3196 3337 exclamare
3236 3297 3609 3349 praconem:

1965 3376 2109 3428 Deos
2140 3373 2265 3429 cole
2299 3390 2312 3438 ;
2346 3371 2520 3427 bonis
2572 3370 2768 3425 verbis
2827 3375 2883 3425 et
2926 3370 3209 3426 laudibus
3254 3386 3611 3442 prosequere

1958 3462 2376 3533 imperatorem
2413 3480 2426 3527 ;
2455 3462 2605 3518 latas
2636 3458 2792 3528 leges
2832 3458 2949 3514 noli
2980 3458 3194 3531 injuria
3224 3458 3478 3515 afﬁcere.
3508 3460 3613 3515 Illa

1958 3554 2180 3615 autem,
2214 3566 2349 3605 cum
2367 3548 2601 3605 duabus
2630 3546 2792 3601 horis
2813 3547 3147 3612 caderetur,
3170 3547 3399 3602 nullum
3428 3548 3611 3603 sensit

1956 3640 2235 3694 dolorem.
2272 3642 2414 3693 Nam
2447 3641 2689 3708 propter
2728 3636 3019 3705 insignem
3052 3635 3507 3704 generositatem
3535 3653 3607 3693 ne

1958 3730 2145 3800 plagis
2176 3730 2419 3799 quidem
2457 3724 2909 3794 ingemiscebat.
2963 3724 3162 3777 Vultus
3194 3730 3392 3779 autem
3424 3724 3609 3780 rubor

1958 3816 2100 3872 nihil
2130 3814 2373 3870 omnino
2395 3814 2715 3886 expalluit;
2746 3817 2867 3867 toto
2897 3812 3058 3867 enim
3088 3812 3261 3867 oculo
3288 3812 3614 3884 aspiciebat

1956 3904 2028 3961 ad
2063 3904 2277 3968 futura,
2330 3919 2553 3975 speque
2601 3917 2927 3973 suspensus
2980 3906 3035 3955 et
3065 3907 3291 3955 erectus
3322 3906 3446 3957 erat
3483 3903 3611 3971 ejus

1957 3994 2212 4050 animus.
2248 3994 2467 4049 Stultus
2499 3997 2700 4047 autem
2738 3990 2944 4061 judex,
2986 3990 3088 4063 qui
3118 3990 3245 4045 hac
3276 3990 3611 4062 perspicere

1958 4100 2077 4139 non
2094 4088 2315 4153 poterat
2332 4083 2674 4154 (occacatos
2686 4080 2841 4135 enim
2858 4079 3339 4134 habebatoculos
3353 4080 3607 4151 anima),

1956 4170 2339 4228 existimabat
2376 4186 2435 4225 se
2475 4176 2714 4242 propter
2751 4172 3047 4223 tormenta
3080 4166 3414 4223 molliorem
3446 4168 3613 4224 habi-

1959 4268 2157 4317 turum
2188 4265 2534 4331 martyrem,
2560 4264 2616 4314 et
2642 4258 2719 4313 ad
2748 4258 2931 4325 ca,ad
2959 4274 3095 4329 qua
3127 4258 3451 4329 prius,eam
3479 4259 3613 4315 hor-

1960 4350 2215 4413 tabatur,
2258 4353 2315 4403 et
2358 4347 2607 4418 jubebat
2640 4362 2848 4399 rursus
2898 4345 3253 4401 sacrificare.
3288 4346 3387 4401 Illa
3426 4363 3561 4403 vero
3595 4364 3607 4402 :

1959 4442 2023 4494 Et
2053 4438 2384 4510 quodnam,
2422 4436 2630 4507 inquit,
2661 4434 2846 4504 aliud,
2880 4440 3095 4507 prater
3124 4434 3256 4501 hoc,
3279 4451 3428 4507 opus
3459 4452 3495 4491 a
3517 4454 3610 4492 me

1959 4528 2179 4583 factum
2198 4532 2286 4581 est
2311 4525 2339 4579 7
2358 4534 2567 4580 Annon
2603 4525 2789 4591 vides,
2816 4522 2978 4597 quod
3004 4538 3096 4578 me
3122 4528 3305 4579 totam
3336 4525 3454 4581 Deo
3475 4542 3609 4581 meo

1958 4615 2618 4681 sacrificavi?Quanam
2634 4616 2792 4669 enim
2816 4618 3049 4669 estmeo
3076 4613 3352 4681 sanguini
3370 4615 3609 4679 utilitas,

1956 4706 2101 4761 dum
2125 4705 2426 4760 descendo
2450 4704 2508 4758 in
2532 4703 2852 4766 interitum,
2882 4701 2931 4755 si
2955 4718 3077 4757 non
3110 4718 3242 4756 eum
3275 4702 3442 4774 prius
3476 4719 3611 4760 meo

1958 4809 2185 4865 sponso
2237 4792 2702 4849 sacriﬁcavero?
2748 4791 2878 4845 Hac
2929 4806 3066 4845 cum
3112 4790 3291 4846 veluti
3334 4792 3609 4862 quadam

1956 4881 2210 4938 scintilla
2228 4881 2647 4937 cecidissentin
2670 4878 2939 4934 animum
2965 4880 3305 4947 assessoris,
3330 4896 3467 4935 eum
3483 4896 3613 4937 ma-

1957 4972 2045 5041 gis
2102 4970 2519 5030 accenderunt,
2576 4975 2633 5024 et
2690 4969 2819 5038 ejus
2874 4968 3134 5024 furorem
3196 4968 3609 5025 vehementius

1956 5059 2409 5115 inﬂammarunt
2445 5062 2502 5112 et
2539 5060 2919 5113 armaverunt
2949 5062 3153 5113 contra
3182 5073 3417 5113 sacram
3447 5058 3609 5115 illam

1956 5151 2243 5204 animam.
2281 5149 2343 5200 Et
2372 5146 2552 5214 virgis
2581 5160 2717 5200 ossa
2747 5145 3220 5211 conterebantur,
3263 5150 3319 5201 et
3347 5146 3608 5203 confrin-

1956 5238 2252 5307 gebantur
2273 5249 2440 5304 gena
2462 5249 2649 5289 rosea
2675 5234 2935 5305 martyri,
2960 5250 3093 5305 qua
3116 5250 3235 5289 non
3258 5236 3613 5291 movebatur

1956 5326 2223 5389 omnino,
2254 5339 2358 5378 nec
2392 5322 2759 5378 concidebat.
2792 5325 2922 5377 Erat
2951 5322 3109 5377 enim
3142 5324 3304 5378 omni
3337 5340 3409 5380 ex
3442 5329 3610 5396 parte

1956 5414 2197 5483 alligata
2228 5411 2426 5467 valido
2458 5427 2527 5467 ac
2575 5410 2747 5467 ﬁrmo
2779 5410 2988 5466 Christi
3031 5410 3344 5467 desiderio.
3387 5414 3609 5470 Deinde

1958 5518 2179 5576 sponso
2206 5517 2383 5556 suum
2414 5501 2737 5556 adventum
2773 5498 3084 5570 signiﬁcat.
3117 5502 3178 5555 Et
3213 5517 3350 5556 cum
3385 5517 3610 5574 magna

1956 5608 2103 5651 voce
2129 5592 2450 5652 clamasset
2476 5607 2489 5649 :
2520 5589 2769 5647 Domine
2794 5592 2935 5648 Jesu
2976 5591 3219 5660 Christe,
3252 5608 3389 5651 mea
3413 5593 3612 5651 exsul-
