4154 6192
505 296 608 351 650

1808 286 2066 341 MENSIS
2104 284 2551 342 SEPTEMBER.

3754 283 3866 339 660

506 421 668 486 tatio,
720 436 888 476 meus
937 434 1127 483 amor,
1166 417 1242 473 ad
1301 423 1354 473 te
1407 432 1575 488 spem
1620 430 1815 470 meam
1849 413 2154 480 confugio,

2274 406 2419 472 δέξαι
2467 431 2567 483 μου
2607 416 2700 470 τὴν
2753 412 2933 483 ψυχὴν
2985 413 3093 485 μετ’
3151 413 3372 486 εἰρήνης’
3430 412 3553 464 αὐτό
3600 431 3653 464 τε
3699 410 3869 483 ἀφῆκε

506 510 710 583 accipe
736 510 795 564 in
822 524 967 580 pace
986 523 1182 562 meam
1217 507 1503 571 animam,
1536 510 1593 560 et
1622 506 1812 575 ipsum
1832 502 2025 557 emisit
2046 502 2159 573 spi-

506 600 706 665 ritum,
752 604 807 654 et
851 598 1133 668 praeclare
1183 597 1449 651 ascendit
1479 596 1553 651 ad
1601 610 1912 666 sponsum,
1977 608 2155 663 quem

508 688 810 757 diligebat,
838 704 945 759 pro
978 688 1110 758 ipso
1139 685 1431 756 susceptis
1461 683 1839 749 stigmatibus
1871 688 1925 736 et
1954 682 2159 738 vulne-

504 778 1038 849 rum‘cicatricibus
1069 783 1373 839 exornata,
1400 781 1455 830 et
1501 774 1717 846 quovis
1760 772 1903 827 ﬂore
1937 772 2159 843 specio-

510 868 633 923 sius
669 873 723 923 et
754 866 1078 937 jucundius
1096 866 1342 920 variata.

577 959 667 1012 Vl.
700 958 836 1011 Post
868 962 1145 1028 quartum
1176 960 1374 1009 autem
1391 954 1546 1008 diem
1576 969 1711 1007 cum
1736 952 1896 1023 apud
1931 967 1995 1006 se
2021 966 2158 1005 con-

508 1047 1079 1109 sultassetassessor,
1096 1060 1169 1099 ne
1192 1044 1269 1099 ab
1290 1044 1414 1098 aliis
1437 1058 1678 1114 quoque
1695 1042 1825 1113 ejus
1852 1040 2156 1095 sororibus

503 1136 854 1198 vinceretur,
882 1138 938 1189 et
961 1136 1227 1189 animum
1243 1138 1539 1188 versasset
1560 1134 1615 1186 in
1636 1147 1878 1186 omnem
1902 1135 2153 1202 partem,

505 1231 561 1282 et
587 1226 799 1281 mentis
826 1224 1280 1296 quodammodo
1333 1224 1541 1278 intima
1583 1222 1936 1293 explicasset
1979 1235 2156 1292 pene-

506 1315 689 1379 tralia,
723 1315 1108 1369 Metrodoram
1140 1312 1383 1385 quidem
1410 1319 1466 1367 et
1494 1311 1976 1382 Nymphodoram
1997 1309 2159 1364 ducit

505 1404 582 1460 ad
606 1403 883 1459 tribunal.
905 1406 1017 1458 Eas
1044 1408 1240 1457 autem
1266 1402 1359 1455 ille
1381 1401 1625 1473 quidem
1654 1401 1832 1455 miser
1852 1399 1963 1453 sub
1981 1415 2153 1453 suum

506 1492 783 1565 producit
798 1497 1209 1563 conspectum,
1236 1491 1469 1563 etponit
1490 1495 1623 1545 ante
1642 1490 1823 1561 pedes
1842 1488 2158 1556 virginales

506 1582 824 1654 pulchrum
852 1580 991 1635 illud
1025 1597 1242 1651 corpus
1277 1580 1513 1643 sororis,
1549 1578 1709 1650 quod
1745 1594 1861 1633 non
1896 1576 2158 1632 habebat

506 1672 813 1736 amictum,
842 1686 963 1725 non
994 1671 1486 1739 integumentum,
1528 1674 1713 1723 totum
1761 1667 2058 1722 tumidum
2104 1670 2156 1720 et

2271 504 2328 552 τό
2387 510 2589 572 πνεῦμα
2660 507 2748 554 καὶ
2804 507 2928 575 πρὸς
3006 506 3057 554 ὅν
3112 504 3294 573 ἠγάπα
3347 507 3562 574 νυμφίον
3620 501 3871 574 λαμπρῶς

2272 588 2566 661 ἀνέρχεται,
2620 599 2725 653 τοῖς
2780 593 2904 665 ὑπὲρ
2965 592 3123 643 αὐτοῦ
3173 596 3423 661 στίγμασι
3475 595 3562 641 xui
3608 598 3721 651 ταῖς
3764 599 3869 640 τῶν

2268 682 2577 751 τραυμάτων
2662 681 2831 739 ούλαῐς
2911 681 3162 733 κάλλιστα
3256 678 3683 751 διεσκευασμένη,
3774 683 3868 729 καὶ

2268 774 2459 831 παντὸς
2540 771 2725 832 οἰνθους
2794 771 3144 845 εύχροὼτερόν
3228 790 3279 823 τε
3328 770 3693 841 πεποικιλμένη
3773 773 3868 820 καὶ

2266 864 2629 933 χαριέστερον.

2355 947 2445 1031 ς’.
2502 953 2643 1001 Μετά
2692 954 2865 1020 μέντοι
2908 952 3157 1024 τετάρτην
3214 952 3408 1023 ἡμέραν
3462 948 3779 1021 σκεψάμενος
3833 950 3864 999 ὁ

2270 1036 2633 1109 συμπάρεδρος
2690 1040 2825 1100 ὅπως
2902 1042 2961 1091 οἶν
3031 1045 3101 1112 μὴ
3162 1046 3251 1091 καὶ
3316 1048 3413 1092 τὼν
3479 1038 3638 1090 ἀλλων
3696 1038 3862 1098 αὐτῆς

2268 1124 2497 1199 ἀδελφῶν
2550 1131 2823 1191 ἡττηθείη,
2892 1134 2981 1180 καὶ
3054 1132 3381 1200 πανταχόθεν
3462 1130 3859 1201 συγκροτηθεὶς,

2268 1223 2356 1268 καὶ
2415 1220 2587 1290 ὡσπερ
2640 1221 2755 1270 τινὰ
2814 1218 3105 1294 βαθυτέραν
3156 1218 3449 1281 ἀναπτύξας
3496 1222 3669 1291 φρένα,
3716 1225 3861 1289 Νυμ-

2270 1302 2509 1378 φοδώραν
2588 1310 2676 1377 μὲν
2761 1310 2876 1378 ἄγει
2928 1314 3016 1359 καὶ
3085 1305 3446 1381 Μητροδὼραν
3504 1316 3575 1377 τῷ
3635 1306 3857 1379 βήματι·

2268 1398 2491 1466 παράγει
2543 1392 2601 1448 δὲ
2649 1398 2674 1447 ὁ
2718 1398 2895 1458 οῖθλιος
2947 1400 3045 1449 ὑπὸ
3090 1402 3183 1455 τὴν
3237 1397 3356 1468 ὄψιν
3409 1398 3587 1457 αύταις
3633 1402 3723 1448 καὶ
3761 1400 3863 1470 πρό

2269 1493 2366 1535 τῶν
2421 1482 2598 1537 ποδῶν
2651 1488 2832 1543 τίθησι
2880 1495 2981 1537 τῶν
3033 1490 3352 1559 παρθηικών
3398 1490 3454 1539 τὸ
3502 1487 3655 1539 καλὸν
3705 1485 3866 1539 έκεῖνο

2269 1580 2358 1631 τῆς
2390 1570 2617 1645 ἀδελφῆς
2648 1583 2818 1646 σῶμα·
2875 1577 2970 1627 οῦκ
3023 1575 3283 1646 ἐπίϐλημα
3332 1579 3475 1646 ἔχον,
3529 1576 3586 1628 ού
3643 1578 3864 1647 περικά-

2267 1660 2466 1730 λυμμα,
2517 1662 2627 1713 ὅλον
2680 1660 2942 1733 διῳδηκός
2999 1671 3101 1724 τοῖς
3158 1664 3376 1735 μώλωψι
3433 1670 3521 1716 xui
3595 1684 3869 1738 κατειργα-

507 1760 840 1816 confectum
879 1760 1189 1823 vibicibus,
1233 1764 1555 1830 apertaque
1596 1758 1917 1827 ﬂagrorum
1949 1762 2003 1809 et
2038 1755 2159 1825 pla-

2273 1756 2473 1823 σμένον,
2527 1760 2663 1823 σαφῆ
2707 1756 2771 1804 τὰ
2821 1762 2917 1804 τῶν
2962 1759 3232 1825 μαστίγων
3280 1758 3407 1824 ῖχνη
3456 1759 3544 1805 καὶ
3584 1763 3683 1805 τῶν
3735 1753 3861 1811 πλη⁴

506 1866 716 1920 garum
740 1849 989 1912 vestigia
1030 1849 1221 1903 ferens
1255 1848 1311 1902 in
1352 1848 1512 1902 omni
1547 1845 1839 1907 membro,
1892 1850 1945 1898 et
1986 1845 2157 1915 quasi

506 1940 774 1995 sentibus
821 1940 1084 1994 obsitum
1134 1937 1492 2001 vulneribus,
1529 1935 1797 1990 mirabile
1847 1934 2156 2005 quoddam

507 2029 914 2100 spectaculum
948 2034 1001 2082 et
1034 2044 1141 2081 nec
1172 2027 1313 2097 ipsis
1345 2026 1584 2097 quidem
1619 2024 1807 2078 oculis
1855 2022 2153 2077 credibile.

508 2120 600 2175 Sic
627 2118 785 2173 enim
831 2116 1207 2171 existimabat
1233 2114 1376 2178 fore,
1426 2120 1486 2168 ut
1530 2130 1631 2168 eas
1663 2112 2156 2182 obstupefaceret,

506 2213 563 2263 et
592 2212 818 2262 metum
847 2206 929 2259 eis
981 2203 1233 2265 afferret,
1269 2202 1606 2257 timentibus
1647 2218 1719 2255 ne
1773 2201 1858 2255 eis
1906 2200 2016 2255 tale
2061 2200 2161 2254 ali-

506 2296 653 2369 quid
684 2295 959 2349 eveniret.
1008 2292 1122 2347 Sed
1169 2293 1326 2347 illius
1374 2292 1617 2363 quidem
1669 2306 1887 2361 corpus
1927 2290 2007 2343 sic
2056 2289 2163 2343 fuit

506 2384 902 2458 propositum,
927 2387 983 2437 et
1011 2398 1218 2437 omnes
1252 2382 1353 2453 qui
1386 2380 1917 2444 circumsistebant,
1958 2379 2161 2433 animo

506 2472 1085 2547 perturbabantur,et
1102 2470 1439 2526 manifestas
1454 2468 2159 2539 effundebantlacrymas,

508 2568 565 2619 et
609 2580 678 2619 eo
708 2562 1047 2636 spectaculo
1102 2560 1499 2615 movebantur
1550 2559 1625 2614 ad
1664 2558 2159 2624 misericordiam,

508 2658 721 2726 praeter
760 2668 985 2708 sazvam
1017 2655 1074 2707 et
1100 2651 1423 2706 immanem
1456 2647 1721 2704 animam
1745 2647 1979 2718 judicis.
2016 2650 2159 2700 Eum

507 2745 666 2799 enim
700 2758 819 2797 non
863 2740 1269 2797 misericordia
1301 2740 1403 2793 sed
1452 2740 1538 2793 ira
1586 2738 1782 2808 potius
1831 2736 2073 2791 subibat
2110 2742 2165 2789 et

508 2833 861 2904 indignatio.
903 2832 1011 2887 lllze
1038 2838 1232 2887 autem
1270 2830 1656 2885 trahebantur
1685 2828 1929 2899 quidem
1962 2844 1995 2881 a
2022 2842 2164 2898 pro-

507 2924 651 2995 priis
684 2922 1006 2977 visceribus
1024 2921 1099 2975 ad
1114 2919 1570 2991 lacrymandum
1599 2934 1611 2983 ;
1639 2919 1741 2972 sed
1764 2917 1823 2971 id
1842 2916 1923 2971 eis
1944 2931 2164 2987 nequa-

509 3027 695 3083 quam
726 3010 992 3082 permisit
1019 3008 1393 3062 conscientia.
1431 3006 1705 3063 Sciebant
1731 3005 1885 3060 enim
1916 3010 1971 3059 et
2012 3020 2164 3059 mar-

2268 1849 2369 1910 γών
2420 1840 2503 1892 ἐπὶ
2547 1845 2735 1903 παντὸς
2785 1846 2931 1914 φέρον
2975 1843 3157 1914 μέλους
3206 1848 3295 1895 xui
3352 1845 3706 1915 ἡκανθωμένον
3755 1851 3866 1903 τοῖς

2270 1933 2554 2001 τραύμασι,
2612 1931 2906 2005 παράλογον
2961 1952 3011 1983 τι
3071 1934 3233 2003 θέαμα
3284 1938 3370 1983 xui
3428 1930 3551 1984 οὐδε
3590 1932 3729 2003 αὐτῷ
3783 1953 3863 1984 πιι

2272 2024 2392 2069 στὸν
2451 2024 2664 2091 ὄμματι.
2727 2024 2899 2092 Ταύτη
2973 2025 3073 2095 γάρ
3135 2023 3295 2083 αύτάς
3351 2021 3696 2085 καταπλήξειν
3775 2028 3866 2074 καὶ

2272 2108 2337 2166 εἰς
2393 2104 2507 2169 δέος
2564 2108 2798 2179 ἐμϐαλεῖν
2848 2115 2991 2180 ᾤετο,
3061 2108 3365 2171 δεδοικυίας
3416 2116 3487 2183 μὴ
3542 2117 3630 2163 xui
3703 2112 3866 2173 αῦτάς

2270 2199 2335 2247 τά
2427 2198 2771 2269 παραπλήσια
2858 2200 3037 2250 παθεῖν
3103 2204 3318 2270 γένοιτο.
3405 2200 3561 2253 Ἀλλά
3638 2204 3696 2251 τὸ
3775 2205 3864 2273 μεν

2273 2284 2462 2346 ἐκείνης
2540 2296 2691 2358 σῶμα
2780 2287 2911 2339 οὕτω
2992 2294 3280 2358 προέκειτο,
3382 2296 3471 2341 καὶ
3554 2293 3741 2349 πάντες
3818 2293 3867 2342 οἱ

2272 2381 2661 2445 περιεστηκότες
2742 2374 3053 2448 ἐπληροῦντο
3126 2380 3343 2441 πάθους,
3426 2384 3511 2431 xui
3608 2380 3674 2439 εἰς
3774 2376 3867 2431 δά-

2272 2482 2408 2533 κρυα
2478 2468 2667 2535 φανερὰ
2728 2471 3031 2536 κατήγοντο,
3089 2473 3177 2518 xui
3236 2468 3303 2528 εἰς
3364 2464 3532 2520 οἶκτον
3599 2470 3698 2520 υπὸ
3778 2476 3868 2528 τῆς

2276 2554 2392 2613 θέας
2438 2551 2693 2605 ἐκινοῦντο
2736 2554 2870 2612 πλὴν
2925 2564 3021 2617 τῆς
3082 2564 3172 2608 τοῦ
3226 2553 3483 2609 δικαστοῦ
3531 2557 3717 2628 ψυχῆς
3774 2566 3869 2619 τῆς

2276 2640 2503 2704 ἀπηνοῦς
2581 2663 2634 2695 τε
2703 2649 2791 2695 καὶ
2841 2644 3118 2717 ἀνημέρου.
3178 2654 3369 2699 Τοῦτον
3418 2650 3517 2718 γὰρ
3586 2648 3678 2699 οῦκ
3739 2648 3869 2709 ἔλεος

2276 2730 2380 2781 ἀλλ’
2435 2732 2561 2804 ὀργὴ
2616 2734 2804 2804 μᾶλλον
2857 2740 2945 2786 xui
2992 2740 3189 2805 νέμεσις
3247 2738 3505 2809 ύπεισῄει.
3560 2740 3623 2790 Ai
3663 2734 3721 2789 δε
3774 2735 3868 2790 δα.

2274 2823 2468 2894 κρύσαι
2522 2826 2611 2893 μεν
2655 2824 2753 2873 ύπὸ
2803 2833 2903 2875 τῶν
2937 2824 3135 2876 οἰκείων
3187 2826 3503 2897 σπλάγχνων
3555 2825 3865 2897 ἐφείλκοντο,

2780 2287 2911 2339 ούτω
2992 2294 3280 2363 προέκειτο,

2275 2912 2330 2960 τὸ
2376 2908 2614 2972 συνειδὸς
2673 2909 2730 2963 δε
2785 2913 2962 2973 αῦταίς
3009 2914 3102 2965 οῦκ
3146 2916 3431 2990 ἐπέτρεπεν.
3492 2914 3724 2989 ᾞδεσαν
3763 2920 3865 2989 γὰρ

2274 3002 2515 3072 μάρτυρά
2563 3020 2615 3052 τε
2667 3007 2758 3059 την
2804 3000 3029 3073 ἀδελφὴν
3083 3004 3229 3065 εἶναι,
3263 3012 3351 3057 xui
3382 3014 3533 3058 τοῦτο
3576 3012 3664 3059 καὶ
3704 3007 3869 3069 αύτάς

510 3104 699 3171 tyrem
736 3113 864 3153 esse
906 3112 1190 3160 sororem,
1225 3102 1280 3149 et
1319 3095 1483 3165 ipsas
1522 3110 1762 3165 quoque
1802 3095 1915 3149 hoc
1957 3099 2160 3165 postea

2276 3096 2460 3161 μικρόν
2518 3091 2729 3165 ὕστερον
2784 3094 3015 3156 ἔσεσθαι,
3075 3100 3163 3145 xui
3213 3098 3341 3167 πρὸς
3388 3096 3551 3153 αύτὴν
3610 3098 3730 3147 ὅσον
3784 3097 3870 3148 ού-

512 3188 765 3254 futuras,
789 3186 1141 3257 etadipsam
1171 3201 1307 3239 mox
1333 3200 1462 3239 esse
1481 3189 1759 3238 venturas
1777 3199 2166 3255 perconsum-

510 3276 855 3332 mationem.
890 3275 1095 3347 Itaque
1134 3274 1215 3329 sic
1255 3274 1491 3329 fuerunt
1533 3272 1777 3337 aﬂectae,
1821 3272 2067 3343 perinde
2101 3288 2169 3326 ac

513 3367 561 3422 si
590 3365 889 3421 venissent
931 3364 1009 3419 ad
1049 3363 1347 3419 thalamos
1394 3364 1651 3428 sororis;
1688 3367 1969 3434 erantque
2000 3360 2171 3415 valde

513 3456 664 3511 lintea
703 3458 754 3510 et
790 3453 981 3526 plenae
1012 3452 1331 3524 voluptate,
1366 3457 1431 3507 ut
1465 3469 1599 3525 quae
1629 3469 1760 3508 eam
1810 3453 2171 3510 deducerent

511 3545 589 3602 ad
637 3543 955 3609 thalamos,
991 3544 1048 3598 in
1099 3559 1252 3615 quos
1296 3559 1413 3598 non
1460 3542 1620 3598 cadit
1662 3543 1948 3609 interitus,
1997 3548 2052 3598 et
2111 3549 2173 3602 ut

511 3650 585 3691 ne
632 3634 777 3707 ipsa
823 3633 900 3689 ab
950 3632 1021 3687 iis
1069 3638 1265 3688 essent
1311 3637 1555 3688 remota:
1586 3639 1997 3704 properarent.
2054 3635 2167 3691 Sed

504 3724 689 3797 judex
710 3722 944 3779 etiamsi
975 3726 1093 3778 tam
1118 3722 1249 3778 forti
1283 3727 1335 3777 et
1368 3728 1488 3777 tam
1516 3723 1749 3778 excelso
1780 3724 2027 3778 fuissent
2047 3724 2168 3779 ani-

512 3830 613 3870 mo
651 3813 723 3869 ad
751 3818 1130 3884 conspectum
1148 3812 1381 3879 sororis,
1404 3828 1521 3868 non
1539 3813 1877 3885 desperavit
1892 3820 2087 3869 tamen
2104 3830 2165 3868 se

511 3920 611 3962 eas
639 3918 767 3959 esse
797 3918 1227 3974 persuasurum
1267 3918 1280 3968 ;
1329 3903 1424 3957 sed
1474 3905 1560 3971 (ut
1604 3909 1689 3957 est
1728 3904 1785 3958 in
1832 3905 2163 3975 proverbio)

510 4009 753 4050 omnem
785 3992 973 4047 movit
1002 3991 1284 4061 lapidem,
1322 3992 1536 4062 partim
1578 3994 1823 4064 quidem
1850 3995 2027 4049 minis
2054 4001 2165 4049 tor-

510 4088 847 4138 mentorum
876 4084 1108 4136 tentans
1140 4096 1343 4134 earum
1366 4080 1722 4136 labefactare
1744 4084 2011 4137 animum
2034 4102 2165 4154 par-

511 4172 617 4227 tim
661 4176 860 4225 autem
884 4170 1768 4241 bonorumpromissisillicere;
1799 4177 1873 4237 et,
1908 4172 1968 4227 Si
1991 4176 2165 4228 sacri-

509 4259 847 4323 ﬁcaveritis,
870 4259 1080 4330 inquit,
1114 4260 1371 4315 scribam
1392 4260 1583 4314 statim
1616 4261 1691 4314 ad
1722 4261 2161 4333 imperatorem.

510 4348 611 4403 Ille
650 4352 849 4403 autem
882 4347 1149 4419 pecuniis
1179 4353 1235 4403 et
1282 4347 1499 4419 opibus
1532 4348 1727 4404 multis
1758 4366 1863 4405 vos
1894 4351 2161 4417 donabit,

2279 3176 2419 3230 δέπω
2468 3188 2719 3253 χωρῆσαι
2776 3179 2868 3232 διὰ
2937 3191 3026 3242 τῆς
3076 3184 3239 3244 αὐτῆς
3312 3184 3619 3246 τελειώσεως
3695 3184 3869 3258 ἀμέλει

2279 3274 2368 3319 xui
2439 3271 2503 3328 ὡς
2555 3268 2636 3320 ἐπὶ
2690 3268 2971 3332 παστάδας
3018 3279 3113 3334 τῆς
3170 3270 3392 3346 ἀδελφῆς
3443 3274 3685 3328 ἐλθοῦσαι
3736 3276 3871 3327 οὕτω

2285 3353 2552 3423 διέκειντο,
2604 3364 2691 3410 καὶ
2746 3357 2966 3432 φαιδραί
3012 3381 3066 3413 τε
3122 3363 3256 3420 ἦσαν
3300 3369 3386 3416 καὶ
3430 3361 3622 3425 ἡδονῆς
3662 3372 3872 3436 μεσταὶ,

2285 3448 2368 3498 οἷα
2425 3446 2506 3499 ἐπὶ
2556 3452 2674 3510 τούς
2724 3448 3010 3523 ἀκηράτους
3062 3462 3333 3525 νυμφῶνας
3379 3452 3600 3517 ἐκείνους
3645 3459 3875 3526 προπέμ·

2283 3556 2477 3588 πουσαι
2529 3540 2741 3600 ταύτην,
2787 3540 2853 3589 ὧν
2903 3537 3040 3611 μηδὲ
3099 3542 3251 3593 αὐταὶ
3306 3541 3676 3614 ἀπολειφθῆναι
3728 3545 3875 3601 ἡπεί-

2277 3645 2446 3697 γοντο.
2481 3627 2617 3678 Ἀλλ’
2663 3630 2687 3678 ὁ
2734 3624 3012 3691 δικαστὴς,
3068 3634 3239 3681 καίτοι
3284 3637 3527 3701 γενναίως
3574 3634 3706 3685 οὕτω
3758 3631 3873 3685 δια·

2278 3718 2516 3768 τεθεισών
2566 3726 2664 3768 τῶν
2712 3720 2973 3791 παρθένων
3021 3724 3145 3791 πρὸς
3194 3725 3283 3777 τὴν
3329 3726 3423 3781 τὴς
3471 3719 3698 3794 ἀδελφῆς
3729 3723 3868 3794 ὄψιν,

2277 3807 2415 3875 ὅμως
2462 3810 2519 3857 τό
2577 3812 2768 3859 πείσειν
2818 3809 2979 3865 αὐτὴν
3024 3809 3117 3860 οὐκ
3166 3808 3386 3880 ἀπέγνω.
3430 3811 3561 3864 Ἀλλ’
3597 3812 3793 3887 (ὥσπερ
3842 3817 3869 3867 ό

2277 3894 2443 3965 λόγος)
2500 3898 2665 3947 πάντα
2720 3896 2856 3948 λίθον
2910 3898 3081 3949 ἐκίνει*
3142 3906 3287 3950 τοῦτο
3341 3903 3429 3971 μὲν
3479 3901 3714 3963 ἀπειλαῖς
3771 3902 3869 3974 βα-

2278 3987 2443 4035 σάνων
2498 3990 2788 4038 κατασείειν
2848 3986 3013 4037 αὐτῶν
3064 3991 3119 4039 τό
3177 3988 3385 4062 στερρὸν
3439 3998 3528 4042 τοῦ
3608 3997 3870 4063 φρονήμα-

2274 4093 2381 4136 τος,
2435 4084 2584 4126 τοῦτο
2636 4071 2693 4126 δὲ
2746 4080 2833 4127 xui
2888 4074 3096 4145 ἀγαθῶν
3142 4077 3469 4147 ἐπαγγελίαις
3532 4080 3868 4133 ύποκλέπτειν

2276 4162 2455 4222 αὐταῖς
2509 4169 2830 4234 πειρώμενος·
2889 4169 2976 4216 xui
3030 4168 3092 4225 ὡς
3140 4166 3195 4216 Εἰ
3245 4168 3446 4229 θύσετε,
3499 4170 3871 4241 φησὶ,γράψω

2275 4261 2609 4324 παραχρῆμα
2661 4260 2730 4321 τῷ
2803 4252 3028 4324 βασιλεῖ.
3085 4254 3142 4306 Ὀ
3203 4251 3262 4306 δὲ
3319 4260 3403 4307 xui
3463 4262 3713 4329 χρήμασι
3786 4263 3876 4310 xui

2275 4341 2477 4411 πλούτῳ
2536 4341 2705 4412 πολλῷ
2760 4350 3046 4415 χαριεῖται,
3088 4350 3176 4396 καὶ
3232 4342 3457 4409 ἀνδράσι
3498 4351 3627 4417 γένει
3672 4367 3725 4400 τε
3782 4355 3874 4401 xui

509 4453 737 4509 vosque
775 4437 918 4491 viris
952 4452 1163 4506 genere
1203 4441 1259 4492 et
1314 4437 1596 4507 dignitate
1647 4439 1990 4495 clarissimis
2033 4457 2160 4497 con-

2277 4429 2535 4501 ἀξιώμασι
2600 4435 3056 4505 περιφανεστάτοις
3123 4438 3246 4502 πρὸς
3330 4437 3495 4507 γάμον
3551 4437 3681 4509 ὑμᾶς
3754 4457 3874 4489 συν-

504 4526 715 4597 junget
739 4524 1141 4592 matrimonio,
1184 4529 1240 4582 et
1284 4527 1595 4582 invenietis
1646 4544 1899 4599 sponsos
1948 4529 2160 4599 dignOS

509 4619 704 4672 vestra
734 4614 1191 4687 pulchritudine.

580 4704 763 4761 VlI.Et
778 4704 825 4760 is
846 4704 1090 4778 quidem
1104 4704 1258 4772 haec;
1286 4704 1396 4760 illa:
1412 4709 1607 4761 autem
1627 4722 1638 4759 :
1661 4708 2161 4779 Quousque,dice-

510 4794 668 4861 bant,
700 4810 820 4850 non
852 4794 1131 4859 cessabis,
1156 4794 1353 4859 miser,
1383 4810 1501 4849 non
1518 4800 1721 4851 nostro
1744 4796 1935 4852 solum
1956 4814 2159 4869 scopo,

508 4884 795 4940 sedetiam
815 4882 1048 4953 tibiipsi
1076 4882 1271 4939 dicere
1300 4884 1597 4939 contraria
1616 4885 1712 4939 ?et
1731 4901 1887 4940 nunc
1916 4886 2157 4956 quidem

506 4989 619 5029 nos
640 4988 849 5028 vocare
900 4987 1130 5028 sorores
1172 4973 1349 5043 hujus
1381 4974 1584 5038 beatze,
1617 4990 1778 5029 nunc
1818 4981 2017 5030 autem
2053 4992 2159 5030 nos

509 5062 777 5133 aggredi,
809 5066 1094 5135 tanquam
1140 5062 1387 5130 alienas,
1423 5068 1478 5117 et
1526 5080 1658 5135 quae
1710 5063 1874 5119 facile
1909 5072 2159 5137 possunt

508 5151 702 5207 vinci?
741 5152 794 5208 Si
819 5166 928 5206 nos
950 5166 1091 5221 ergo
1124 5151 1426 5206 credidisti
1469 5168 1599 5207 esse
1648 5169 1878 5210 sorores
1920 5171 2154 5226 genere,

507 5240 659 5296 hanc
688 5241 862 5297 etiam
888 5257 995 5313 pro
1018 5241 1234 5312 pietate
1264 5242 1677 5305 constantiam,
1712 5248 1767 5298 et
1798 5244 1939 5298 nihil
1963 5244 2157 5316 abjec-

507 5328 667 5385 cthm
691 5336 747 5387 et
765 5330 1069 5398 illiberale,
1099 5348 1292 5405 neque
1322 5331 1418 5388 tali
1452 5349 1673 5397 sorore,
1705 5350 1899 5407 neque
1931 5335 2047 5397 illa,
2085 5351 2155 5389 ex

506 5424 753 5491 quatres
776 5423 924 5476 rami
956 5420 1067 5477 orti
1095 5438 1323 5491 sumus,
1378 5421 1577 5477 radice
1610 5423 1923 5491 indignum
1955 5425 2152 5480 inven-

486 5499 492 5507 ’
508 5511 706 5564 turum
722 5509 1009 5566 existima.
1031 5512 1128 5567 Sin
1142 5515 1340 5567 autem
1356 5511 1445 5567 vis
1460 5513 1626 5576 scire,
1642 5512 1839 5585 qualis
1855 5514 1929 5569 sit
1951 5519 2154 5570 nostra

514 5600 864 5665 constantia,
894 5614 964 5655 ex
986 5616 1056 5656 ea
1086 5617 1215 5675 qua:
1246 5601 1588 5675 preecessita
1609 5608 1845 5659 ccurate
1872 5603 2146 5675 intellige.

2275 4519 2442 4589 άψειε,
2494 4525 2581 4572 καὶ
2627 4520 2801 4583 ἀξίους
2845 4530 2936 4574 τοῦ
2992 4524 3209 4584 κάλλους
3262 4525 3403 4596 ὑμῶν
3456 4528 3695 4598 εὑρήσετε
3752 4532 3875 4588 τοῦς

2272 4616 2542 4681 νυμφίους.

2343 4700 2414 4752 Ζ’.
2454 4704 2549 4752 Καὶ
2578 4701 2603 4750 ό
2634 4704 2721 4770 μεν
2749 4708 2933 4752 ταῦτα’
2970 4704 3023 4753 αἱ
3054 4698 3133 4766 δε,
3166 4707 3341 4774 Μέχρι
3394 4708 3551 4770 τίνος,
3602 4705 3762 4771 εἷπον,
3811 4706 3872 4757 ού

2273 4793 2473 4862 παύση,
2535 4789 2697 4853 ἄθλιε,
2758 4786 2815 4840 ού
2868 4800 2939 4859 τῷ
3002 4793 3227 4864 ἡμετέρῳ
3279 4796 3430 4862 μόνον
3491 4803 3689 4864 σκοπῷ,
3744 4794 3872 4847 ἀλλὰ

2270 4887 2358 4932 καὶ
2416 4887 2615 4947 σεαυτῷ
2669 4884 2729 4931 τὰ
2786 4880 2987 4931 ἐναντία
3041 4876 3399 4951 διαλεγόμενος
3438 4898 3451 4949 ;
3493 4888 3580 4934 καὶ
3635 4891 3723 4935 νῦν
3778 4890 3869 4955 μεν

2271 4966 2491 5039 ἀδελφὰς
2544 4971 2680 5039 ἡμᾶς
2733 4977 2822 5027 τῆς
2880 4974 3136 5040 μακαρίας
3184 4973 3379 5030 ταύτης
3425 4970 3609 5034 καλῶν,
3671 4980 3757 5022 νῦν
3809 4970 3870 5025 δε

2269 5061 2336 5119 ὡς
2385 5059 2679 5131 ἀλλοτρίαις
2754 5062 2932 5118 οὔσαις
2987 5058 3316 5131 τύχειρώτοις
3368 5058 3750 5131 προσϐάλλων;
3808 5063 3869 5114 Ei

2266 5154 2433 5199 τοίνυν
2489 5146 2708 5219 ἀδελφὰς
2756 5149 2883 5199 εἶναι
2933 5152 2988 5198 τό
3046 5153 3183 5217 γένος
3226 5152 3591 5211 πεπίστευκας,
3646 5146 3870 5221 ἀδελφὰς

2266 5244 2353 5291 καὶ
2410 5244 2499 5296 τὴν
2553 5238 2712 5295 καλὴν
2765 5240 2957 5293 ταύτην
3003 5239 3128 5309 ὑπὲρ
3169 5245 3263 5298 τῆς
3312 5238 3574 5299 εὐσεϐείας
3624 5241 3870 5290 ἔνστασιν

2266 5328 2612 5391 ὑπολάμϐανε,
2673 5332 2760 5379 xui
2831 5323 2994 5397 μηδὲν
3050 5326 3250 5397 ἀγεννὲς
3315 5326 3361 5378 ἓν
3429 5328 3551 5395 ἡμῖν
3630 5328 3871 5397 εὑρήσειν

2265 5416 2402 5490 μηδὲ
2486 5415 2713 5489 ἀδελφῆς
2791 5420 3039 5477 τοιαύτης
3118 5413 3255 5487 μηδὲ
3332 5417 3489 5490 ῥίζης
3540 5414 3732 5478 ἐκείνης
3812 5414 3874 5477 ἧς

2264 5512 2311 5561 οἱ
2388 5516 2523 5582 τρεῖς
2571 5511 2754 5580 ἔφυμεν
2827 5503 3012 5559 κλάδοι
3068 5505 3291 5569 ἀνάξιον.
3366 5507 3425 5559 Εἰ
3476 5503 3536 5559 δὲ
3590 5513 3678 5559 xui
3745 5509 3867 5580 περὶ

2263 5602 2405 5674 ἡμῶν
2458 5599 2631 5672 βούλει
2685 5600 2864 5672 μαθεῖν
2927 5597 3082 5649 ὁποῖα
3129 5598 3189 5649 ἄν
3232 5602 3320 5655 τὴν
3374 5600 3620 5650 ἔνστασιν
3667 5600 3865 5669 εἴημεν,
