4096 6220
249 305 353 361 661

1144 302 1589 360 MARTYRIUM
1630 301 1689 357 S.
1734 297 2155 358 MENODORE
2194 302 2281 358 ET
2321 306 2712 369 SOCIARUM.

3509 318 3617 376 662

252 428 353 481 ἀπὸ
406 436 503 490 τῆς
554 427 921 501 προλαϐούσης
967 428 1190 503 ἀκριϐῶς
1233 430 1474 501 μάνθανε.
1510 426 1567 479 Εἰ
1612 429 1714 498 γὰρ
1762 430 1850 477 καὶ

1966 428 2017 484 Si
2050 429 2208 484 enim
2235 446 2327 495 ea,
2350 447 2487 488 eum
2510 434 2741 492 nullum
2768 436 3011 495 haberet
3027 442 3330 515 exemplar
3350 445 3616 517 proposi-

250 523 422 590 χωρὶς
468 515 845 591 ύποδείγματος
888 520 1171 577 τηλικαύτη
1223 521 1368 589 ὤφθη
1414 522 1505 574 τὴν
1551 515 1755 590 ἀρετὴν,
1803 519 1852 566 τί

250 628 377 660 ποτε
434 606 494 659 ἂν
550 611 697 679 ἡμεῖς
752 606 1043 682 δράσαιμεν
1099 613 1222 682 πρὸς
1274 615 1503 659 τοιοῦτον
1558 603 1856 676 ὑπόδειγμα

250 703 345 755 την
402 694 627 769 ἀδελφὴν
691 697 1017 769 βλέπουσαι;
1077 697 1142 750 Ἥ
1197 698 1301 768 ούχ
1354 699 1476 767 ὁρᾷς
1535 697 1673 755 ὅπως
1719 697 1855 765 ἡμᾶς

250 792 339 838 καὶ
392 791 594 856 κειμένη
650 792 1011 861 προτρέπεται,
1062 792 1152 839 καὶ
1195 796 1287 848 τῆς
1331 790 1628 856 συγγενείας
1667 786 1857 855 ύπομι-

251 882 492 947 μνήσκει,
550 886 637 928 καί
688 881 813 948 πρὸς
865 883 951 930 τὸν
1006 881 1180 948 ὅμοιον
1237 874 1620 949 παραθαρῥύνει
1678 872 1855 935 ζῆλον,

252 965 411 1016 καλὸν
480 964 765 1024 ἀθλήσεται
816 970 973 1019 τύπον
1046 967 1232 1024 ἑαυτὴν
1312 972 1709 1037 παρασχούσα;
1764 962 1859 1019 Ἧς

253 1052 381 1107 οὐδὲ
432 1053 922 1127 ἀπολειφθησομεθα
969 1059 1101 1121 ἴσθι,
1154 1052 1277 1107 οὐδὲ
1336 1059 1430 1113 την
1478 1053 1673 1112 ἐκείνης
1722 1052 1860 1121 εύγέ-

1031 1146 1334 1216 ψευσόμεθα
1407 1146 1522 1203 τοὺς
1602 1146 1857 1205 τεκόντας,

253 1235 447 1293 ἐκείνης
504 1239 727 1307 πατέρας
788 1231 915 1287 εἶναι
967 1237 1241 1286 πείθουσαι
1286 1238 1460 1305 μόνης,
1510 1231 1551 1283 εἰ
1606 1235 1722 1303 περὶ
1773 1233 1860 1286 τὴν

1320 1322 1536 1395 Ἐρρέτω
1618 1319 1856 1382 πλοῦτος,

253 1164 393 1197 νειαν
450 1144 765 1217 ἀτιμάσομεν
776 1185 787 1197 .
873 1147 946 1197 Ού

254 1322 496 1374 ἀσέϐειαν
576 1326 713 1394 ἡμᾶς
813 1320 1232 1394 κινδυνεύσομεν.

253 1412 442 1485 ἐρρέτω
496 1408 644 1476 δοξα,
691 1416 755 1464 τὰ
813 1411 895 1465 ἐπὶ
951 1422 1046 1483 γῆς
1104 1420 1268 1463 ταῦτα
1320 1416 1407 1462 καὶ
1458 1410 1524 1470 εἰς
1568 1418 1665 1480 γῆν
1716 1405 1860 1467 αὖθις

1634 1497 1859 1569 Ἔχομεν

258 1594 489 1663 Χριστὸν
573 1594 722 1661 ἡμεῖς
792 1595 878 1642 τὸν
933 1594 1172 1662 ἡμέτερον
1244 1595 1481 1661 νυμφίον,
1536 1588 1595 1640 οὗ
1653 1583 1860 1660 σφόδρα

249 1503 470 1576 ῥέονταο
561 1501 846 1576 ἐρρέτώσαν
938 1504 1157 1574 φθαρτοὶ
1237 1510 1552 1573 μνηστῆρες.

254 1678 467 1752 ἐρῶμεν,
589 1686 677 1731 καὶ
715 1689 902 1752 προῖκα
951 1685 1102 1750 μονον
1154 1684 1238 1731 τὸν
1283 1682 1408 1753 ὑπὲρ
1456 1678 1614 1730 αὐτοῦ
1665 1674 1858 1729 δοῦσαι

1965 523 2113 586 tum,
2137 526 2363 576 tantam
2387 524 2643 580 ostendit
2668 527 2967 595 virtutem,
2988 530 3279 601 quidnam
3303 533 3615 590 fecerimus

1966 624 2075 664 nos
2106 610 2218 665 tale
2249 613 2572 682 exemplar,
2615 629 2831 686 nempe
2871 633 3160 684 sororem,
3206 621 3556 692 aspicientes
3586 624 3614 679 ?

1967 703 2053 753 An
2089 714 2206 754 non
2238 700 2424 765 vides,
2455 703 2966 772 quemadmodum
3007 707 3107 763 illa
3140 709 3228 764 vel
3271 710 3477 777 jacens
3504 729 3616 767 nos

1967 788 2327 854 adhortatur,
2369 796 2425 845 et
2446 792 2859 860 cognationem
2894 802 3131 853 revocat
3155 799 3214 854 in
3241 801 3615 866 memoriam,

1967 880 2024 931 et
2054 877 2128 931 ad
2160 878 2336 933 talem
2364 880 2551 935 zelum
2593 882 2766 937 nobis
2808 884 2972 940 addit
3011 887 3301 953 animum,
3356 890 3618 959 seipsam

1969 969 2237 1036 praebens
2272 969 2580 1039 pulchrum
2611 974 2919 1044 exemplar
2947 973 3364 1033 decertationis
3384 977 3471 1034 ?A
3498 994 3620 1051 qua

1968 1062 2128 1111 certo
2161 1057 2310 1112 scias
2342 1075 2450 1113 nos
2482 1076 2601 1114 non
2630 1077 2756 1117 esse
2796 1063 3180 1131 discessuras,
3226 1083 3419 1139 neque
3460 1067 3618 1123 illius

1970 1145 2326 1202 nobilitatem
2387 1148 2695 1205 habituras
2736 1155 3120 1225 contemptui.
3168 1159 3295 1211 Non
3345 1155 3619 1213 fallemus

1972 1242 2268 1305 parentes,
2298 1237 2450 1291 illius
2480 1238 2665 1294 solius
2696 1247 2963 1311 parentes
3002 1258 3130 1300 esse
3169 1246 3617 1316 persuadentes,

1972 1324 2015 1377 si
2076 1324 2136 1378 in
2192 1326 2524 1395 periculum
2580 1329 2891 1385 veniamus
2945 1332 3018 1386 de
3073 1333 3309 1404 pietate.
3381 1334 3623 1391 Valeant

1970 1412 2213 1479 divitiae,
2259 1414 2450 1470 valeat
2498 1416 2687 1485 gloria
2734 1423 2791 1473 et
2847 1420 2971 1475 haec
3021 1438 3153 1491 quae
3210 1428 3348 1479 sunt
3395 1438 3425 1478 e
3464 1428 3622 1480 terra

1968 1506 2025 1556 et
2062 1517 2268 1557 rursus
2314 1504 2375 1559 in
2426 1511 2640 1561 terram
2700 1513 3091 1567 revertuntur.
3137 1512 3384 1569 Valeant
3436 1513 3618 1585 proci,

1970 1590 2028 1644 in
2060 1606 2213 1661 quos
2271 1593 2427 1649 cadit
2473 1595 2761 1652 interitus.
2818 1599 3129 1655 Habemus
3171 1616 3282 1657 nos
3322 1603 3618 1658 Christum

1970 1686 2238 1736 nostrum
2255 1698 2762 1756 sponsum,quem
2784 1688 2953 1744 valde
2966 1704 3266 1756 amamus,
3290 1695 3345 1747 et
3362 1692 3455 1747 cui
3483 1708 3621 1747 cum

257 1770 495 1831 θάνατον,
531 1766 806 1829 παστάδας
837 1789 888 1821 τε
940 1772 1093 1843 ἱερὰς,
1128 1775 1215 1821 καὶ
1246 1768 1502 1840 θαλάμους
1546 1766 1852 1827 ἀθανάτους,

1970 1769 2158 1825 dotem
2176 1770 2359 1826 solum
2372 1772 2868 1839 dederimus,eam
2880 1794 3055 1849 quam
3076 1794 3183 1850 pro
3197 1780 3329 1850 ipso
3347 1780 3621 1835 subimus

254 1862 345 1908 καὶ
394 1866 665 1928 νυμφῶνας
716 1854 971 1918 διηνεκεῖς
1004 1855 1375 1929 ἀντιλάϐοιμεν,
1410 1861 1499 1907 καὶ
1548 1860 1664 1928 παρ’
1718 1854 1857 1924 αύτῷ

253 1944 475 2017 λαμπρὼ
485 1966 504 2005 ς
535 1945 752 2016 βασιλεύ
762 1966 914 2018 σομεν
924 1990 934 1999 .

332 2036 407 2088 δ’.
454 2038 589 2107 Πρὸς
632 2042 798 2086 ταῦτα
844 2037 867 2085 ὁ
914 2032 1193 2100 δικαστὴς,
1226 2032 1381 2094 εἰδὼς
1412 2036 1480 2095 ὡς
1525 2033 1726 2085 ἀνύσειε
1769 2037 1856 2103 μὲν

254 2123 402 2176 πλέον
462 2122 630 2185 οὐδὲν,
690 2125 1047 2196 φλεγμαίνοντι
1101 2121 1159 2176 δὲ
1200 2128 1331 2195 ὅμως
1383 2132 1453 2194 τῷ
1508 2126 1652 2193 θυμῷ
1701 2142 1859 2195 χαρι-

255 2213 491 2283 ζόμενος,
537 2218 629 2271 την
674 2210 918 2287 δευτέραν
972 2223 1070 2265 τῶν
1115 2210 1344 2284 ἀδελφῶν
1393 2210 1607 2284 δευτέρᾳ
1661 2209 1858 2263 δίδωσι

254 2310 371 2363 ταῖς
424 2302 695 2373 βασάνοις.
731 2309 830 2355 Καὶ
880 2303 1179 2374 μετεωρίζει
1231 2307 1319 2374 μὲν
1365 2302 1446 2353 ἐπὶ
1495 2310 1584 2353 τοῦ
1631 2301 1781 2363 ξύλου
1825 2303 1853 2358 ἡ

252 2398 464 2461 γενναία
545 2398 674 2461 γυνὴ
763 2388 1113 2464 Μητροδὼρα,
1198 2389 1466 2463 λαμπάδες
1556 2388 1613 2443 δε
1698 2394 1859 2464 πυρὸς

255 2478 488 2532 διέκαιον
544 2481 705 2539 αὐτὴν
756 2484 1040 2533 πάντοθενυ
1074 2487 1163 2533 καὶ
1217 2483 1360 2552 ὡρῶν
1415 2478 1510 2533 δύο
1561 2488 1622 2553 τῇ
1676 2480 1861 2538 ἀπηνεῖ

252 2576 417 2643 ταύτῃ
502 2575 777 2642 πιεζομένη
854 2571 1082 2637 κολάσει,
1159 2574 1242 2622 τὸν
1314 2570 1536 2641 ἐραστὴν
1617 2570 1858 2622 ἐπεϐοᾶτο

252 2666 428 2730 μονον,
489 2664 578 2710 καὶ
656 2664 749 2717 τὴν
820 2658 1006 2711 ἐκεῖθεν
1082 2659 1247 2711 ἐκάλει
1324 2658 1641 2728 ἐπικουρίαν.
1698 2658 1858 2711 Ἀλλά

253 2754 357 2819 μὴν
411 2745 535 2801 οὐδὲ
594 2757 688 2810 τῆς
746 2745 1018 2810 εἰδωλικῆς
1073 2749 1248 2821 ἠμέλει
1299 2748 1525 2812 ἀπάτης,
1574 2748 1680 2799 ἀλλ’
1734 2747 1855 2819 ἐμυ-

249 2842 471 2910 κτηριζέ
496 2858 547 2890 τε
580 2839 742 2897 αύτην
774 2844 881 2903 καὶ,
917 2842 1038 2909 ὅπερ
1073 2836 1131 2897 ἧν
1177 2838 1400 2902 ἀληθῶς,
1433 2838 1696 2909 αἰσχύνην
1728 2834 1859 2889 ἐδεί-

249 2948 343 2978 κνυ
400 2933 487 2978 καὶ
559 2928 777 2997 γέλωτα.
834 2927 1011 2981 Ἔνθεν
1078 2948 1158 2980 τοι
1210 2934 1299 2980 καὶ
1350 2931 1566 2998 κατάγει
1622 2931 1709 2998 μὲν
1764 2932 1857 2985 τὴν

247 3021 486 3087 γενναίαν
546 3017 769 3070 ἐκεῖθεν·
804 3018 1025 3090 μοχλοῖς
1074 3015 1133 3070 δὲ
1179 3015 1417 3090 σιδηροῖς
1464 3016 1738 3070 ὑποϐάλλει
1768 3022 1855 3070 καὶ

1971 1865 2238 1928 mortem,
2273 1877 2472 1917 sacros
2503 1862 2869 1923 immortales
2897 1872 2951 1923 et
2978 1871 3228 1925 aeternos
3256 1869 3620 1941 accipiemus

1970 1947 2285 2015 thalamos,
2328 1954 2383 2006 et
2441 1953 2715 2023 prmelare
2756 1956 2917 2027 apud
2964 1957 3163 2028 ipsum
3210 1958 3618 2027 regnabimus.

2042 2039 2174 2092 Vlll.
2202 2041 2281 2093 Ex
2304 2039 2394 2093 his
2411 2041 2742 2112 intelligens
2754 2044 2939 2115 judex
2966 2061 3028 2101 se
3053 2046 3459 2119 nihilquidem
3488 2046 3622 2103 eﬁ'e-

1968 2129 2224 2191 cturum,
2267 2127 2513 2184 ferventi
2547 2134 2743 2187 tamen
2775 2133 2875 2189 irae
2915 2134 3255 2205 indulgens,
3291 2136 3620 2191 secundam

1970 2230 2233 2270 sororem
2270 2232 2541 2273 seorsum
2570 2220 2666 2275 dat
2688 2223 2947 2278 secundo
2968 2223 3100 2279 loco
3118 2225 3534 2296 torquendam.
3559 2226 3624 2279 Et

1971 2304 2223 2360 sublime
2253 2306 2491 2377 quidem
2524 2307 2582 2362 in
2612 2308 2774 2379 ligno
2800 2311 3019 2383 pendet
3062 2312 3378 2368 mulierum
3432 2312 3622 2369 fortis-

1972 2394 2119 2449 sima
2133 2395 2485 2461 Metrodore,
2502 2396 2812 2470 lampades
2829 2405 3026 2456 autem
3042 2401 3194 2473 ignis
3216 2418 3349 2459 eam
3366 2402 3624 2458 urebant

1971 2500 2040 2539 ex
2071 2484 2231 2539 omni
2258 2491 2455 2556 parte;
2489 2492 2691 2542 etcum
2708 2490 2900 2557 spatio
2917 2489 3175 2545 duarum
3200 2492 3482 2546 horarum
3507 2491 3622 2547 hoc

1971 2572 2132 2641 gravi
2165 2578 2532 2642 premeretur
2558 2576 2865 2645 supplicio,
2900 2578 3094 2633 solum
3120 2595 3295 2633 suum
3324 2579 3620 2636 clamabat

1970 2666 2321 2726 amatorem,
2354 2666 2410 2716 et
2436 2662 2563 2731 ejus
2592 2663 2911 2720 invocabat
2937 2665 3247 2721 auxilium.
3282 2667 3393 2722 Sed
3422 2683 3619 2738 neque

1968 2750 2265 2805 idolorum
2298 2751 3081 2823 negligebatdeceptionem,
3106 2754 3209 2809 sed
3233 2760 3287 2810 et
3318 2770 3452 2810 eam
3479 2755 3619 2811 sub-

1969 2838 2283 2903 sannabat,
2299 2844 2372 2907 et,
2390 2839 2447 2893 id
2461 2840 2624 2911 quod
2638 2844 3000 2909 eratrevera,
3016 2846 3249 2914 turpem
3262 2844 3620 2900 ostendebat

1968 2933 2023 2983 et
2052 2927 2385 2982 ridiculam.
2433 2929 2717 3001 Deinceps
2748 2935 2948 2986 autem
2976 2947 3329 3002 generosam
3368 2932 3617 3003 quidem

1966 3016 2125 3071 illam
2152 3014 2440 3088 virginem
2472 3016 2629 3072 illinc
2660 3017 3138 3087 deducit,{erreis
3160 3035 3303 3076 vero
3345 3020 3616 3077 vectibus

248 3112 309 3157 τὸ
366 3113 467 3157 πᾶν
525 3106 686 3169 αὐτῆς
759 3112 924 3170 πιέζει
994 3116 1145 3179 σῶμα
1200 3112 1289 3159 καὶ
1346 3107 1595 3177 καταθλᾴ.
1651 3108 1851 3163 Ἐκείνη

1968 3104 2210 3174 subjicit
2232 3110 2286 3160 et
2321 3106 2656 3162 universum
2688 3108 2819 3177 ejus
2834 3123 3045 3179 corpus
3072 3103 3617 3180 premitet’confrin-

248 3201 424 3266 μέντοι
470 3202 562 3253 την
606 3200 758 3267 φύσιν
804 3194 910 3254 ἤδη
965 3196 1399 3267 ἀπαγορεύσασαν
1447 3196 1751 3268 αἰσθομένη,
1784 3204 1853 3265 τῷ

247 3284 534 3355 φιλουμένῳ
585 3285 823 3337 συλλαλεί
858 3291 1100 3357 Νυμφίῳ,
1134 3286 1218 3337 οἵα
1248 3283 1313 3342 δὲ
1360 3283 1452 3337 δια
1494 3294 1582 3337 τού
1632 3288 1852 3337 θανάτου

247 3378 377 3445 πρὸς
451 3375 604 3426 αύτόν
662 3375 1054 3437 πλησιάζουσα,
1110 3380 1199 3426 καὶ
1253 3379 1337 3426 τὸν
1398 3384 1643 3446 νυμφὼνα
1695 3375 1849 3447 ἑαυτῇ

244 3464 760 3534 προπαρασκευάζει.
814 3461 941 3515 Εἶτα
991 3469 1079 3515 καὶ
1165 3469 1255 3521 τὴν
1308 3464 1488 3534 ψυχὴν
1542 3472 1655 3525 ταῖς
1704 3464 1854 3535 ἀγγὲ-

242 3552 345 3603 λων
395 3558 550 3623 χερσὶ
603 3557 855 3619 πιστεύει,
889 3560 973 3604 καὶ
1026 3555 1116 3611 ὅλη
1164 3557 1289 3624 πρὸς
1328 3554 1483 3604 αὐτὸν
1529 3551 1764 3625 ἐκδημεῖ.
1794 3554 1852 3606 Ὀ

243 3643 541 3713 παράνομος
572 3638 630 3693 δε
677 3644 857 3714 οἶρχων
907 3641 1093 3703 ἐκεῖνος
1124 3650 1233 3703 τοῖς
1279 3642 1414 3703 ὅλοις
1464 3642 1849 3716 ἀπαγορεύσας,

242 3736 338 3781 καὶ
394 3734 449 3781 τὸ
505 3740 595 3791 τῆς
648 3732 910 3809 αἰσχύνης
960 3734 1207 3803 ὑπερφυὲς
1255 3733 1546 3801 ὑπενεγκεῖν
1592 3732 1649 3783 ού
1696 3729 1853 3784 δυνά-

245 3838 418 3890 μενος,
468 3820 737 3871 ὑπελίπετο
786 3840 901 3871 τινα
956 3823 1094 3891 ὅμως
1139 3820 1304 3891 ἐαυτῷ
1356 3824 1709 3895 παραμυθίαν,
1762 3828 1852 3880 τὴν

243 3913 427 3979 τρίτην
478 3918 574 3960 τῶν
633 3906 901 3981 ἀδελφῶν·
961 3915 1052 3960 καὶ
1112 3911 1581 3982 παραστησάμενος
1642 3918 1850 3981 Νυμφο-

245 3994 424 4069 δώραν
457 4002 511 4048 τὸ
558 4004 718 4071 πρᾶον
764 3997 1125 4069 ἀναισχύντως
1163 4005 1251 4050 καὶ
1302 3999 1473 4071 ἱλαρὸν
1521 4003 1848 4074 ύπεκρίνατο,

241 4092 356 4149 καὶ,
406 4090 655 4144 Πείσθητί
705 4107 792 4158 μοι
836 4087 928 4139 κᾶν
973 4088 1128 4149 αύτὴ,
1180 4089 1362 4159 ἔλεγεν,
1413 4090 1451 4139 ὦ
1492 4089 1620 4147 καλὴ
1669 4097 1846 4154 νεᾶνις,

244 4175 308 4232 ἣν
354 4176 453 4245 ἐγὼ
498 4176 644 4228 πλέον
700 4186 798 4227 τῶν
852 4177 1029 4237 ἄλλων,
1090 4179 1143 4228 αἱ
1189 4176 1332 4248 φίλαι
1383 4187 1483 4228 τῶν
1530 4181 1652 4230 θεῶν
1700 4180 1851 4231 ἶσασι

242 4266 478 4335 χάριτες,
534 4270 623 4316 καὶ
676 4273 767 4317 τοῦ
824 4265 1041 4327 κάλλους
1094 4268 1298 4336 ἄγαμαι
1360 4273 1447 4318 καὶ
1494 4276 1586 4327 τῆς
1644 4268 1849 4330 ἡλικίας

241 4352 512 4425 οἰκτείρω·
545 4356 789 4411 πείσθητί
841 4375 929 4425 μοι
974 4364 1044 4426 τῷ
1089 4357 1251 4417 οὕτως
1295 4360 1361 4417 ὡς
1412 4354 1601 4417 παιδὸς
1630 4364 1848 4427 γνησίας

1968 3194 2066 3261 git.
2104 3193 2200 3249 Illa
2228 3193 2841 3263 autem,defatigatam
2868 3196 2994 3266 jam
3023 3198 3284 3252 sentiens
3313 3202 3615 3264 naturam,

1965 3298 2253 3354 sponsum
2281 3282 2557 3338 dilectum
2571 3283 2910 3355 alloquitur,
2948 3289 3146 3357 utquas
3163 3301 3269 3357 per
3298 3290 3545 3343 mortem
3566 3288 3614 3343 ei

1966 3373 2495 3443 appropinquaret,
2546 3376 2601 3427 et
2650 3374 2761 3427 sibi
2795 3380 2965 3444 parat
2995 3375 3350 3430 thalamum.
3396 3375 3615 3431 Deinde

1966 3460 2231 3515 animam
2246 3476 2415 3514 suam
2436 3460 2617 3514 credit
2640 3462 2918 3516 manibus
2935 3462 3306 3532 angelorum.
3325 3468 3380 3519 et
3394 3468 3517 3519 tota
3536 3464 3616 3519 ad

1962 3550 2158 3620 ipsum
2171 3548 2667 3619 excedit.lniquus
2684 3554 2881 3605 autem
2896 3549 3186 3621 illejudex
3198 3567 3365 3622 spem
3380 3567 3612 3607 omnem

1963 3637 2276 3708 abjiciens,
2292 3644 2347 3692 et
2361 3651 2479 3691 non
2496 3636 2698 3691 valens
2713 3637 2859 3692 ferre
2878 3655 3186 3694 summum
3200 3638 3480 3706 dedecus,
3501 3640 3615 3696 sibi

1962 3731 2161 3780 tamen
2176 3725 2509 3797 quamdam
2522 3724 2893 3797 relinquebat
2906 3727 3614 3799 consolationem,nempe

1964 3815 2186 3870 tertiam
2226 3830 2510 3870 sororem.
2561 3817 2625 3870 Et
2672 3830 2810 3869 cum
2856 3814 3300 3885 producendam
3350 3821 3616 3872 curasset

1963 3905 2478 3977 Nymphodoram,
2500 3903 3019 3959 mansuetudinem
3048 3912 3104 3960 et
3128 3904 3479 3961 hilaritatem
3501 3906 3614 3961 im-

1963 3994 2253 4065 pudenter
2283 3993 2601 4060 simulavit,
2635 3997 2690 4047 et
2719 3992 2769 4047 ei
2793 3993 2968 4048 dixit:
2995 3993 3129 4049 Mihi
3148 4009 3375 4049 morem
3391 4008 3549 4063 gere,
3576 4010 3613 4050 o

1963 4082 2212 4154 pulchra
2234 4082 2690 4146 adolescentula,
2723 4098 2908 4154 quam
2940 4097 3052 4151 ego
3078 4082 3215 4153 plus
3249 4098 3428 4154 quam
3464 4082 3612 4139 alias

1961 4172 2237 4243 (deorum
2252 4172 2460 4228 amicae
2474 4172 2533 4227 id
2550 4172 2742 4227 sciunt
2757 4171 3008 4241 Gratias),
3024 4171 3357 4229 etadmiror
3374 4178 3614 4245 propter

1962 4263 2482 4333 pulchritudinem,
2526 4266 2582 4317 et
2630 4263 2817 4317 aetatis
2864 4261 3165 4317 misereor.
3208 4264 3422 4318 Morem
3466 4263 3613 4320 mihi

1961 4370 2116 4425 gere,
2150 4352 2255 4425 qui
2282 4368 2402 4408 non
2433 4351 2653 4416 minus,
2688 4367 2869 4421 quam
2897 4366 3199 4421 germanas
3229 4351 3362 4407 ﬁlias
3396 4356 3497 4408 tuo
3527 4352 3612 4409 in-

244 4460 341 4492 σου
442 4448 830 4515 περικαιομένῳ,
911 4450 999 4497 καὶ
1084 4446 1471 4519 προσελθοῦσα,
1549 4452 1600 4498 τί
1694 4456 1846 4500 τούτο

1966 4444 2182 4499 eendor
2197 4457 2400 4497 amore
2419 4458 2432 4507 ;
2449 4447 2503 4495 et
2517 4441 2807 4495 accedens
2822 4440 3133 4512 (quidnam
3149 4447 3235 4496 est
3250 4441 3359 4496 hoc
3374 4442 3611 4515 grave?)

242 4528 425 4602 βαρύ,
487 4536 848 4605 προσκύνησον
906 4542 1012 4594 τοῖς
1085 4537 1218 4593 θεοῖς
1273 4539 1443 4605 μόνον,
1502 4541 1589 4586 καὶ
1658 4536 1847 4588 αὐτίκα

238 4625 496 4691 μεγίστην
548 4627 635 4692 μεν
689 4627 883 4675 εἰσεταί
943 4643 1024 4675 σοι
1075 4626 1235 4695 χάριν
1286 4626 1310 4675 ὁ
1366 4623 1630 4696 βασιλεὺς·
1685 4622 1846 4678 δώσει

241 4705 302 4760 δε
347 4715 437 4760 καὶ
485 4716 740 4784 χρήματα
781 4718 869 4763 καὶ
913 4716 1089 4783 τιμὰς,
1134 4718 1222 4763 καὶ
1267 4718 1324 4764 τό
1369 4732 1425 4783 γε
1467 4715 1662 4784 μεῖζον,
1718 4715 1846 4788 παῤ-

235 4798 429 4871 ῥησίαν
467 4804 560 4856 τὴν
591 4804 720 4872 πρὸς
746 4801 919 4853 αὐτὸν.
959 4802 1014 4854 Εἰ
1046 4800 1102 4853 δὲ
1131 4807 1227 4872 μὴ,
1262 4800 1388 4852 ἀλλά
1439 4812 1621 4862 κακῶς,
1660 4804 1838 4875 οἷμοιέ

238 4892 329 4937 καὶ
413 4887 543 4944 αύτὴ
619 4888 814 4952 ἀπολεῖ,
875 4895 964 4941 καὶ
1023 4887 1174 4941 ούδεν
1248 4892 1450 4951 πάντως
1507 4900 1600 4951 τῆς
1658 4899 1844 4963 πικρᾶς

238 4979 428 5036 ταύτης
485 4976 648 5048 ὀνήσῃ
706 4978 944 5039 τελευτῆς
992 4981 1164 5053 ὥσπερ
1215 4976 1301 5030 οὖν
1360 4976 1474 5030 οὐδ’
1523 4983 1577 5031 αἱ
1626 4978 1843 5053 ἀδελφαὶ

238 5064 404 5125 αὐτῆς
430 5069 637 5119 ὤναντο.

310 5152 384 5205 ω’.
439 5155 613 5213 Οὕτως
660 5151 747 5206 οὖν
797 5163 887 5207 τοῦ
943 5158 1202 5229 ἄρχοντος
1252 5157 1536 5230 εἰρηκότος,
1589 5156 1673 5209 ἐπὶ
1715 5159 1843 5210 τέλει

236 5239 297 5293 δὲ
351 5246 439 5293 καὶ
493 5249 734 5314 φρόνιμον
788 5249 876 5295 καὶ
935 5254 1032 5296 τὼν
1092 5242 1322 5318 ἀδελφῶν
1380 5251 1721 5319 συνετωτέραν
1778 5248 1844 5299 εἰ-

236 5338 439 5393 πόντος,
487 5330 645 5388 ἐκείνη
701 5341 799 5383 τῶν
852 5333 1014 5384 ἄλλων
1063 5334 1219 5386 αύτού
1267 5334 1429 5406 λόγων
1482 5338 1581 5387 ὅσα
1624 5341 1711 5387 καί
1754 5336 1841 5394 λη-

233 5439 336 5492 ρων
381 5426 744 5492 φροντίσασα·
779 5425 837 5473 τὸ
886 5427 1127 5495 φρόνιμον
1179 5421 1236 5475 δε
1284 5429 1435 5496 μόνον
1484 5424 1839 5483 ὑπολαϐοῦσα.

238 5508 367 5561 Εἶτα
416 5508 510 5561 ούκ
555 5509 813 5583 αἰσχύνη,
846 5513 959 5581 ἔφη,
994 5508 1117 5563 οὐδὲ
1160 5511 1420 5587 ἐρυθριᾷς,
1453 5520 1540 5564 νῦν
1588 5516 1678 5585 μεν
1723 5520 1842 5589 φρό-

235 5618 381 5671 νιμον
438 5598 726 5671 ὀνομάζων,
784 5607 872 5650 νῦν
950 5596 1008 5653 δε
1065 5604 1151 5653 τὸν
1220 5600 1384 5661 ἀληθῆ
1458 5602 1842 5658 καταλιποῦσαν

1958 4535 2102 4589 deos
2126 4531 2321 4587 solum
2346 4531 2553 4595 adora,
2583 4535 2639 4585 et
2655 4530 2853 4585 statim
2878 4530 3198 4586 maximam
3232 4530 3473 4601 quidem
3505 4531 3611 4588 tibi

1956 4623 2208 4693 gratiam
2226 4620 2473 4676 habebit
2489 4620 2815 4691 imperator
2831 4642 2842 4684 ;
2861 4618 3239 4675 dabitautem
3255 4620 3538 4691 pecunias
3556 4625 3613 4678 et

1953 4712 2234 4774 honores,
2261 4716 2317 4766 et
2346 4709 2505 4781 quod
2537 4717 2624 4764 est
2646 4708 2824 4777 longe
2851 4708 3200 4775 maximum,
3230 4708 3389 4781 apud
3416 4707 3610 4779 ipsum

1954 4802 2375 4857 ﬁduciam.Sin
2401 4798 2991 4863 minus,heimihi,tu
3022 4813 3264 4871 quoque
3292 4800 3425 4866 ipsa
3456 4798 3610 4854 male

1952 4890 2211 4964 peribis;
2256 4905 2449 4961 neque
2505 4889 2634 4943 haec
2674 4904 2836 4943 mors
2875 4888 3091 4944 acerba
3132 4886 3233 4943 tibi
3273 4887 3611 4960 quidquam

1952 4980 2199 5036 omnino
2230 4976 2503 5049 proderit,
2536 4977 2846 5048 quomodo
2874 4992 2982 5032 nec
3030 4975 3145 5032 tuis
3198 4974 3419 5048 profuit
3448 4990 3612 5031 soro-

1951 5068 2135 5124 ribus.

2023 5160 2107 5213 IX.
2136 5158 2285 5211 Cum
2316 5156 2399 5209 sic
2429 5155 2676 5211 dixisset
2704 5156 2908 5227 judex,
2938 5158 3240 5226 postremo
3256 5156 3457 5210 autem
3477 5168 3610 5210 eam

1953 5254 2008 5303 et
2041 5246 2393 5318 prudentem
2421 5248 2478 5299 et
2499 5249 2725 5299 caeteris
2752 5242 3484 5314 vocassetsapientiorem,
3510 5242 3611 5301 illa

1954 5337 2069 5392 alia
2110 5335 2238 5405 ejus
2260 5332 2441 5387 verba
2468 5348 2589 5387 non
2614 5332 2804 5401 magis
2830 5347 3065 5397 curans,
3085 5347 3268 5403 quam
3301 5345 3521 5401 nugas,
3546 5331 3607 5390 id

1952 5431 2154 5482 autem
2184 5422 2401 5487 solum,
2436 5422 2601 5493 quod
2626 5437 2762 5477 eam
2778 5420 3031 5477 vocabat
3046 5420 3424 5493 prudentem,
3455 5422 3609 5479 excl-

1954 5516 2147 5587 piens,
2170 5514 2296 5568 Non
2313 5514 2369 5565 te
2387 5510 2590 5583 pudet,
2611 5509 2821 5582 inquit,
2843 5524 2952 5565 nec
2970 5509 3291 5575 erubescis,
3308 5524 3468 5566 nunc
3481 5510 3609 5583 qui-

1955 5604 2093 5660 dem
2108 5599 2420 5658 nominare
2434 5598 3197 5672 prudentemmuncaumm
3206 5614 3405 5663 verum
3419 5602 3607 5662 Deum
