4154 6192
525 269 631 328 663

1846 262 2105 319 MENSIS
2146 242 2593 318 SEPTEMBEFt.

3785 264 3888 319 664

526 396 979 468 relinquentem,
993 392 1197 465 jubere
1211 393 1285 448 ad
1311 398 1438 449 tuos
1453 392 1731 449 accedere
1753 390 2061 446 daemones
2072 388 2100 443 7
2113 388 2176 442 Et

2288 389 2498 440 κελεύων
2574 395 2679 450 τοῖς
2758 385 2979 460 δαίμοσι
3050 397 3159 451 τοῖς
3230 397 3341 451 σοῖς
3399 388 3737 460 προσελθεῖν;
3791 394 3893 447 Καὶ

524 500 794 558 quonam
821 484 1025 549 modo,
1051 483 1261 556 inquit,
1286 489 1564 538 extremae
1596 497 1714 536 non
1744 480 1915 535 fuerit
1949 480 2060 535 hoc
2090 478 2176 533 in-

520 572 730 638 sanius,
765 577 820 628 et
845 574 1059 628 mentis
1080 573 1258 644 plane
1275 576 1510 635 emotae,
1531 587 1566 626 a
1598 569 1903 625 communi
1924 567 2177 623 Domino

526 667 584 718 et
606 663 1014 718 universorum
1042 662 1255 733 Opiﬁce
1278 660 1653 715 deﬁcientem
1689 658 1855 730 sequi
1886 672 2177 712 manuum

526 767 871 824 opera,qute
900 756 1103 806 carent
1124 767 1305 805 sensu
1330 748 1877 818 etintelligentia,et
1902 763 1971 802 ea
1988 746 2177 801 colere

527 847 817 913 tanquam
844 840 991 895 deos
1014 842 1041 894 ‘?
1062 842 1348 905 Quaenam
1382 854 1454 893 ex
1484 838 1567 894 eis
1590 837 1814 908 possim
1838 852 2099 906 sperare,
2124 843 2178 890 et

525 946 801 1003 quaenam
827 929 1189 994 lucrifacere,
1221 929 1316 983 dic
1345 928 1509 993 mihi,
1549 933 1603 982 et
1642 926 1891 997 accipio.
1924 925 2177 981 Ostende

527 1018 693 1084 mihi,
724 1019 869 1090 quid
889 1018 1030 1074 boni
1054 1019 1133 1072 sis
1165 1022 1520 1073 consecutus
1549 1032 1619 1071 ex
1645 1021 1745 1070 tua
1774 1014 1833 1069 in
1865 1014 1993 1069 illos
2022 1030 2124 1085 spe
2155 1032 2171 1085 ;

529 1113 582 1164 et
614 1107 859 1179 parebo.
910 1108 1020 1163 Sed
1072 1107 1216 1162 nihil
1263 1111 1432 1177 potes
1483 1104 1695 1161 dicere.
1752 1107 1971 1159 Revera
2014 1103 2173 1157 enim

527 1197 857 1253 simulacra
877 1198 1142 1267 gentium
1166 1202 1482 1266 argentum
1503 1198 1556 1250 et
1586 1209 1823 1263 aurum,
1849 1206 2029 1270 opera
2053 1208 2173 1248 ma-

525 1302 709 1342 nuum
735 1286 1056 1342 hominum.
1082 1284 1315 1341 Similes
1337 1285 1454 1339 illis
1477 1284 1626 1351 ﬁant
1663 1283 1766 1353 qui
1804 1283 2003 1337 colunt
2034 1297 2102 1337 ea
2130 1284 2169 1336 ¹.

524 1377 591 1431 Ει
617 1375 751 1432 ideo
778 1390 851 1430 ne
882 1390 1095 1447 parcas
1124 1389 1195 1430 ea
1223 1390 1355 1446 qum
1384 1373 1529 1429 velis
1560 1372 1770 1427 facere.
1807 1374 1884 1426 En
1918 1370 2019 1425 tibi
2050 1386 2174 1426 car-

525 1480 632 1520 nes
657 1468 880 1536 paratas
912 1464 1024 1535 pati
1066 1467 1307 1535 propter
1332 1461 1651 1532 Christum,
1685 1468 1741 1516 et
1766 1460 1956 1530 magis
1986 1474 2169 1531 quam

524 1557 589 1608 tu
617 1569 726 1609 nos
755 1553 988 1625 punire.
1018 1554 1179 1607 Tunc
1217 1551 1502 1622 ignorans
1528 1549 1832 1613 scelestus,
1855 1548 2002 1620 quid
2033 1563 2173 1617 age-

523 1646 630 1707 ret,
664 1646 721 1697 et
741 1657 1074 1713 quamnam
1117 1656 1287 1712 spem
1328 1639 1759 1711 aprehenderet
1809 1638 1938 1709 (per
1967 1637 2173 1691 omnia

524 1732 684 1786 enim
698 1731 888 1787 fuerat
900 1730 1366 1803 repulsus),hanc
1379 1744 1617 1801 quoque
1632 1728 1931 1783 sublimem
1944 1727 2003 1782 in
2018 1726 2172 1795 ligno
2209 1740 2253 1795 Β

524 1820 764 1887 extollit,
794 1824 849 1876 et
878 1820 1079 1876 ferreis
1112 1836 1248 1876 eam
1287 1819 1569 1890 discerpit
1613 1817 1871 1887 ungulis.
1922 1817 2030 1873 Sed
2074 1816 2174 1871 illa

524 1911 601 1967 ad
632 1910 743 1967 hoc
764 1910 992 1966 nullam
1015 1926 1209 1981 neque
1229 1925 1458 1974 vocem,
1483 1923 1678 1980 neque
1700 1907 1986 1977 gemitum
2009 1907 2174 1961 emit-

524 1999 686 2056 tebat
715 2016 727 2054 :
761 2004 963 2071 aperte
990 2004 1192 2054 autem
1222 1998 1580 2053 ostendebat
1603 2013 1665 2052 se
1687 2013 1825 2051 cum
1851 1996 1969 2051 Deo
1999 1996 2175 2051 collo-

523 2089 649 2161 qui.
678 2090 741 2144 Et
765 2089 879 2143 hoc
909 2087 1207 2143 docebant
1234 2092 1289 2143 et
1315 2087 1483 2142 labra
1510 2101 1642 2158 quae
1673 2086 2087 2151 movebantur,
2121 2092 2176 2141 et

523 2176 678 2232 oculi
708 2191 857 2247 quos
880 2177 959 2232 ad
980 2175 1197 2231 cmlum
1227 2174 1555 2231 extollebat.
1579 2174 1676 2230 Ille
1704 2178 1903 2231 autem
1925 2174 2175 2230 stolidus

522 2280 729 2320 rursus
750 2280 993 2336 quoque
1012 2264 1210 2319 verbis
1236 2279 1367 2319 eam
1391 2268 1481 2319 est
1501 2278 1821 2335 aggressus
1847 2280 1860 2329 ;
1886 2278 2004 2318 non
2029 2263 2176 2318 citra

525 2352 890 2419 violentiam,
914 2360 969 2408 et
990 2368 1095 2426 per
1111 2368 1446 2425 praeconem
1468 2354 1643 2425 jussit
1664 2368 1797 2408 eam
1820 2352 2173 2417 sacriﬁcare,

526 2448 583 2497 et
609 2441 841 2497 liberari
855 2458 891 2498 a
911 2443 1244 2498 tormentis.
1272 2441 1375 2499 Illa
1387 2458 1521 2498 vero
1536 2442 1802 2497 dicebat:
1820 2444 1903 2497 Me
1921 2442 2176 2497 Domino

529 2545 665 2586 meo
683 2530 1033 2596 sacriﬁcavi,
1059 2535 1302 2603 propter
1316 2547 1497 2604 quem
1516 2531 1599 2587 vel
1618 2531 1742 2602 pati
1760 2536 1851 2588 est
1875 2530 2174 2602 voluptas,

530 2624 588 2677 et
607 2620 759 2677 mori
773 2619 1030 2677 lucrum.
1056 2620 1205 2676 Illud
1222 2625 1422 2677 autem
1444 2622 1666 2691 injusto
1678 2620 1865 2691 judici
1886 2621 2173 2691 majorem

531 2709 804 2765 accendit
821 2708 1079 2766 furorem
1090 2751 1103 2764 .
1122 2709 1344 2765 Deinde
1357 2714 1556 2766 autem
1570 2725 1705 2765 eam
1718 2726 1959 2781 quoque
1978 2710 2178 2766 ferreis

532 2799 806 2855 contrivit
835 2802 891 2855 et
919 2799 1207 2869 confregit
1244 2799 1537 2856 vectibus.
1581 2799 1694 2856 Sed
1728 2798 1909 2870 hujus
1937 2814 2178 2871 quoque

532 2887 783 2944 omnino
813 2905 1021 2945 curam
1051 2889 1322 2945 similiter
1352 2889 1589 2959 gerebat
1614 2889 1766 2944 Deus
1791 2892 1855 2942 ut
1881 2903 2177 2952 sororum,

532 2981 588 3034 et
616 2977 911 3034 efﬁciebat
940 2982 1004 3033 ut
1027 2978 1291 3033 immane
1308 2980 1566 3033 vinceret
1596 2976 1974 3049 supplicium,
1996 2981 2051 3032 et
2076 2976 2179 3032 ad—

534 3081 740 3121 versus
765 3065 961 3137 ipsam
996 3065 1161 3122 fortis
1206 3070 1383 3122 staret
1432 3070 1731 3122 naturam.
1786 3066 2003 3121 Deinde
2046 3081 2176 3121 eam

535 3169 779 3227 quoque
802 3155 880 3211 ad
907 3170 968 3211 se
996 3155 1517 3226 accersit,etvirgo
1529 3154 2033 3228 libenterdeponit
2052 3156 2183 3212 ani-

536 3258 701 3300 mam
731 3244 792 3300 in
823 3244 959 3301 sinu
984 3244 1291 3301 amatoris.

608 3513 681 3570 X.
711 3513 938 3586 Impius
961 3514 1160 3569 autem
1178 3512 1381 3583 judex,
1416 3512 1515 3569 ira
1534 3517 1706 3570 utens
1734 3514 1978 3581 auxilio,
2003 3515 2180 3571 etiam

536 3603 599 3660 in
629 3604 757 3675 ipsa
772 3606 1007 3659 mortua
1028 3618 1279 3674 corpora
1294 3602 1515 3658 bellum
1535 3604 1681 3674 gerit
1701 3621 1722 3668 ;
1740 3610 1795 3660 et
1816 3620 1953 3661 cum
1976 3619 2183 3660 accen-

537 3693 723 3749 disset
760 3692 1084 3758 fornacem,
1138 3707 1395 3763 eamque
1438 3693 1681 3749 aluisset
1719 3696 1907 3750 multa
1945 3698 2000 3748 et
2044 3699 2184 3765 apta

538 3782 808 3850 materia,
849 3782 908 3838 in
961 3781 1486 3854 ipsam'jaculatur
1542 3798 1793 3854 corpora
1849 3784 2179 3854 martyrica.

538 3873 692 3928 Deus
708 3876 905 3928 autem
920 3875 1152 3927 amator
1169 3870 1531 3939 animarum,
1554 3888 1663 3927 nec
1676 3888 1927 3943 corpora
1939 3872 2183 3944 quidem

535 3960 791 4033 neglexit
822 3978 835 4027 ;
868 3960 971 4016 sed
1012 3976 1232 4031 magna
1282 3960 1371 4015 vis
1409 3968 1646 4032 repente
1685 3977 2007 4033 erumpens
2040 3962 2185 4017 toni-

537 4055 740 4106 truum
784 4055 840 4106 et
882 4049 1186 4119 fulgurum
1236 4050 1515 4120 praevenit
1557 4050 1751 4117 ignem
1808 4052 2086 4115 fornacis,
2130 4056 2185 4107 et

537 4140 736 4210 ipsum
758 4138 1043 4210 judicem,
1077 4141 1135 4193 et
1158 4154 1295 4210 quin
1322 4139 1373 4195 ei
1422 4139 1718 4194 serviebat
1748 4138 2182 4196 multitudinem

541 4226 602 4281 in
632 4227 898 4283 favillam
925 4227 1140 4296 redigit
1163 4232 1220 4283 et
1246 4226 1572 4297 fuliginem.
1603 4230 1670 4283 Et
1694 4228 1808 4284 hoc
1840 4230 2187 4285 invenerunt

539 4316 900 4389 prommium
927 4317 1235 4387 gehennae,
1283 4333 1418 4389 quae
1466 4332 1772 4388 nunquam
1817 4318 2050 4384 desinit,
2082 4320 2183 4391 qui

2288 487 2435 542 ποίας
2506 481 2599 533 ούκ
2681 482 2916 553 ἐσχάτης
2972 491 3121 535 τοῦτο
3187 487 3374 555 μανίας
3439 488 3527 534 καὶ
3602 480 3892 555 διαφθορᾶς

2288 584 2386 626 τῶν
2418 584 2627 648 φρενῶν,
2663 582 2922 629 Δεσπότοῦ
2967 585 3139 628 κοινοῦ
3187 582 3276 628 καὶ
3325 584 3414 628 τοῦ
3458 586 3554 629 τῶν
3597 576 3721 627 ῶων
3770 578 3889 626 τού-

2293 688 2386 720 των
2441 668 2746 722 ἀποστᾶσαν
2802 676 3151 743 Δημιουργου,
3209 679 3401 743 χειρῶν
3450 673 3637 743 ἔργοις,
3696 669 3895 726 αἰσθή-

2291 769 2413 823 σεώς
2468 783 2522 815 τε
2568 768 2657 815 καὶ
2712 773 2899 837 φρενῶν
2954 765 3178 837 ἐρήμους
3231 764 3603 829 ἀκολουθῆσαι,
3656 769 3745 814 xui
3801 763 3890 814 αύ-

2288 865 2391 917 τοίς
2440 858 2533 909 ἶσα
2578 864 2665 910 καὶ
2716 860 2838 911 θεῶν
2882 863 3226 930 προσανέχειν
3252 876 3264 925 ;
3292 858 3401 911 Ἵνα
3449 863 3565 910 τίνα
3605 865 3733 929 γοῦν
3764 856 3893 909 Exsi-

2290 951 2369 1001 θεν
2414 950 2638 1017 ἐλπίσω;
2669 957 2778 1004 Ἵνα
2802 956 2853 1002 τί
2898 948 2956 1003 δε
3004 949 3235 1026 κερδάνω
3263 969 3276 1017 ;
3312 952 3454 1017 Εἰπὲ,
3487 957 3575 1003 καὶ
3613 948 3849 1022 δέχομαι
3875 971 3887 982 ·

2288 1038 2455 1104 δεῖξόν
2498 1063 2586 1113 μοι
2634 1048 2684 1095 τί
2732 1047 2973 1115 χρηστὸν
3020 1051 3106 1103 τῆς
3150 1042 3225 1095 ἐπ’
3275 1044 3408 1095 αύτά
3455 1048 3519 1095 σύ
3566 1040 3894 1117 προσδοκίας

2287 1136 2599 1201 ἀπέλαυσας,
2646 1142 2734 1188 xui
2782 1139 3047 1209 πείθομαι.
3077 1137 3211 1190 Ἀλλ’
3261 1137 3354 1188 ούκ
3402 1136 3460 1187 ἂν
3505 1140 3646 1208 ἔχοις
3691 1136 3889 1188 εἰπεῖν’

2286 1229 2488 1290 ἀληθῶς
2561 1234 2662 1301 γὰρ
2735 1234 2801 1282 τά
2872 1227 3061 1282 εἴδωλα
3112 1239 3211 1282 τῶν
3270 1230 3421 1283 ἐθνῶν
3473 1229 3720 1304 ἀργύριον
3801 1236 3893 1281 xui

2284 1328 2531 1395 χρυσίον,
2591 1327 2717 1397 ἔργα
2790 1334 2982 1399 χειρῶν
3064 1324 3363 1397 ἀνθρώπων.
3420 1324 3629 1396 Ὀμοιοι
3712 1323 3894 1385 αὐτοῖς

2282 1423 2501 1488 γένοιντο
2556 1422 2603 1470 οὶ
2680 1428 2923 1488 τιμῶντες
3002 1420 3153 1474 αὐτά.
3215 1423 3347 1493 Πρός
3420 1427 3584 1471 ταῦτα
3662 1414 3895 1490 μηδενός

2284 1510 2486 1581 ἀπέχου
2518 1511 2583 1562 ὧν
2630 1509 2824 1583 βούλει.
2859 1508 3000 1565 ’ἰδού
3052 1531 3135 1563 σοι
3181 1516 3269 1563 καὶ
3320 1513 3508 1584 σάρκες
3537 1512 3764 1583 πάσχειν
3801 1506 3896 1562 διὰ

2286 1609 2512 1677 Χριστὸν
2565 1607 2782 1677 ἕτοιμοι,
2840 1612 2929 1658 καὶ
2981 1606 3169 1677 μᾶλλον
3221 1608 3251 1665 ἦ
3316 1610 3381 1658 σύ
3434 1606 3668 1666 κολάζειν
3724 1607 3889 1677 ἡμᾶς.

2283 1700 2537 1751 Ἐνταῦθα
2562 1704 2633 1770 μὴ
2686 1702 2821 1770 ἔχων
2869 1702 2894 1751 ό
2945 1705 3133 1773 μιαρός
3184 1702 3209 1751 ὃ
3258 1720 3307 1751 τι
3365 1705 3453 1752 καὶ
3510 1696 3743 1772 δράσειε,
3801 1704 3893 1751 καὶ

2284 1797 2435 1854 ποίας
2481 1794 2583 1865 ai'pu
2625 1800 2719 1855 τῆς
2768 1790 2977 1854 ἐλπίδος
3030 1793 3290 1856 ἀνθέξεται
3336 1791 3455 1865 (διὰ
3516 1796 3717 1846 πάντων
3770 1812 3895 1865 τρο-

2284 1894 2390 1937 πῶν
2442 1884 2819 1960 ἀπεκρούσθη),
2870 1892 2958 1938 καὶ
3005 1890 3197 1945 ταύτην
3242 1887 3324 1939 ἐπὶ
3368 1883 3457 1939 τοῦ
3508 1886 3659 1949 ξύλου
3705 1906 3895 1959 μετεω-

2284 1980 2437 2053 ρίζει,
2488 1984 2575 2032 καὶ
2625 1976 2878 2042 διαξαίνει
2930 1977 3171 2053 σιδηροῖς
3219 1981 3404 2043 ὄνυξιν.
3456 1981 3587 2033 Ἀλλ’
3636 1977 3891 2052 οὐδεμίαν

2284 2078 2413 2147 πρός
2459 2081 2626 2125 ταῦτα
2667 2074 2831 2132 ἐκείνη
2865 2070 2989 2126 ούδε
3036 2079 3202 2145 φωνὴν
3251 2071 3375 2127 οὐδε
3407 2077 3692 2146 στεναγμὸν
3725 2075 3889 2145 ἠφίει,

2286 2170 2475 2240 φανερὰ
2542 2164 2599 2218 δε
2677 2164 2736 2225 ἦν
2806 2166 3135 2219 συλλαλοῡσα
3185 2176 3317 2237 Θεῷ.
3372 2173 3469 2220 Καὶ
3547 2175 3699 2220 τοῦτο
3755 2167 3886 2239 αὐτῇ

2285 2262 2348 2312 τά
2400 2280 2458 2330 γε
2508 2262 2884 2330 ύποκινούμενα
2940 2261 3092 2332 χείλη
3156 2258 3457 2325 ἐδίδασκον,
3515 2266 3603 2312 καὶ
3658 2264 3707 2313 οἱ
3766 2265 3892 2333 πρὸς

2285 2354 2534 2426 οὐρανούς
2611 2354 2873 2425 αἰρόμενοι
2945 2354 3217 2427 ὀφθαλμοί.
3279 2355 3336 2407 Ὀ
3413 2359 3581 2407 τοίνυν
3649 2354 3891 2414 ἀσύνετος

2285 2447 2473 2508 ἐκεῖνος
2507 2447 2713 2518 λόγους,
2746 2448 2876 2520 αὐτῇ
2928 2454 3015 2500 xui
3063 2449 3216 2500 πάλιν
3260 2448 3353 2501 ούκ
3397 2448 3661 2510 ἀϐιάστως
3705 2447 3888 2520 ἐπῆγε,

2284 2543 2371 2589 καὶ
2439 2539 2573 2589 θύειν
2632 2533 2725 2589 διά
2791 2545 2882 2589 τοῦ
2937 2544 3163 2611 κήρυκος
3212 2537 3420 2605 ἐκέλευε,
3481 2543 3572 2591 καὶ
3624 2537 3888 2590 ἀπαλλάτ-

2286 2627 2469 2678 τεσθαι
2512 2634 2610 2678 τῶν
2660 2625 2925 2698 βασάνων.
2958 2627 3013 2679 Ἠ
3062 2624 3139 2692 δε,
3190 2630 3392 2680 Τέθυκα
3434 2627 3682 2699 ἐμαυτὴν,
3731 2628 3887 2697 ἔλεγε,

2285 2715 2430 2786 κάγὼ
2479 2725 2551 2787 τῷ
2603 2721 2775 2788 Κυρίῳ
2822 2736 2941 2787 μου,
2989 2713 3063 2768 δι’
3110 2717 3161 2769 ὃν
3216 2722 3304 2769 καὶ
3354 2721 3409 2768 τὸ
3463 2718 3643 2768 παθεῖν
3697 2712 3886 2778 ἡδονὴ,

2286 2810 2375 2856 καὶ
2404 2808 2462 2856 τό
2493 2804 2764 2857 ἀποθανεῖν
2796 2803 2999 2877 κέρδος.
3027 2810 3096 2859 Τό
3143 2803 3202 2857 δε
3232 2808 3334 2881 ἄρα
3379 2806 3593 2877 μείζονα
3620 2814 3689 2877 τῷ
3720 2803 3891 2877 ἀδίκῳ

2288 2903 2436 2967 κριτῇ
2487 2900 2579 2952 τὴν
2628 2900 2814 2965 μανίαν
2844 2896 3092 2966 ὑφῆπτεν.
3125 2894 3277 2947 ’Ὅθεν
3321 2901 3409 2947 καὶ
3457 2895 3680 2967 μοχλοῖς
3729 2896 3893 2953 αὐτὴν

2291 2980 2535 3057 σιδηροῖς
2567 2983 2829 3058 σννέτριϐε
2858 2989 2947 3035 καὶ
2998 2985 3235 3037 συνέθλα.
3269 2984 3423 3037 Ἀλλά
3470 2990 3557 3037 καὶ
3588 2988 3783 3045 ταύτης
3832 2982 3893 3042 ἦν

2213 3094 2255 3152 c
2290 3074 2487 3133 πάντως
2538 3074 2563 3123 ό
2618 3082 2713 3123 τῶν
2772 3069 3002 3144 ἀδελφῶν
3053 3077 3177 3134 Θεὸς
3225 3076 3413 3145 ὁμοίως
3462 3071 3751 3145 κηδόμενος
3802 3080 3893 3125 xui

2291 3171 2379 3221 τῆς
2408 3181 2462 3213 τε
2493 3159 2730 3233 βασάνου
2762 3170 2965 3235 κρατεῖν
3010 3162 3171 3215 ἐποίει
3214 3171 3307 3225 τῆς
3351 3162 3600 3226 ἀπηνοῦς,
3632 3168 3720 3215 xui
3768 3167 3894 3237 πρὸς

2292 3250 2452 3309 αὐτὴν
2495 3252 2743 3303 ἵστασθαι
2796 3256 3039 3322 γενναίως
3084 3256 3178 3310 τὴν
3228 3255 3423 3324 φύσιν⁶
3475 3249 3588 3305 εἶτα
3629 3257 3717 3305 καὶ
3765 3255 3895 3325 πρὸς

2292 3340 2470 3393 ἑαυτὸν
2541 3339 2921 3412 μετακαλεῖται,
2980 3344 3064 3393 xui
3133 3345 3227 3400 τὴν
3294 3341 3480 3413 ψυχὴν
3538 3344 3568 3399 ἡ
3644 3344 3895 3414 παρθένος

2290 3435 2399 3492 τοῖς
2422 3428 2632 3491 κόλποις
2661 3425 2826 3490 ἡδέως
2854 3436 2946 3482 τοῦ
2976 3429 3193 3502 ἐραστοῦ
3226 3429 3544 3485 ἀποτίθεται.

2365 3517 2420 3573 Ῑ’.
2475 3519 2533 3571 ⁸0
2588 3515 2775 3581 ἄδικος
2824 3523 2994 3571 τοίνυν
3052 3524 3257 3595 κριτὴς,
3316 3525 3409 3578 τὴν
3467 3520 3519 3572 ἐκ
3574 3528 3666 3572 τοῦ
3727 3523 3895 3593 θυμοῦ

2295 3613 2607 3680 συμμαχίαν
2655 3608 2987 3680 παραλαϐὼν,
3031 3615 3120 3662 καὶ
3167 3610 3343 3671 αὐτοῖς
3391 3609 3746 3683 ἐπιστρατεύει
3791 3618 3897 3672 τοῖς

2292 3706 2489 3771 νεκροῖς
2561 3703 2788 3769 σώμασι,
2846 3704 2933 3750 καὶ
3004 3701 3219 3770 κάμινον
3296 3699 3513 3769 ἀνάψας,
3571 3705 3658 3751 xui
3736 3700 3895 3771 πολλῇ

2294 3790 2487 3845 ταύτην
2550 3787 2641 3857 ύλη
2718 3792 2806 3839 xui
2863 3784 3135 3859 ἐπιτηδεία
3192 3788 3404 3860 θρέψας,
3471 3788 3727 3852 ἀκοντίζει
3781 3790 3899 3840 κατ’

2295 3876 2457 3937 αὐτῆς
2500 3880 2563 3927 τὰ
2610 3880 2906 3949 μαρτυρικά
2956 3884 3192 3948 σώματα.
3226 3881 3354 3938 Θεὸς
3388 3875 3445 3929 δε
3492 3880 3515 3928 ό
3559 3887 3655 3928 τῶν
3705 3878 3900 3949 ψυχῶν

2296 3965 2519 4039 ἐραστὴς
2578 3962 2701 4017 ούδε
2758 3974 2855 4016 τῶν
2909 3969 3159 4036 σωμάτων
3211 3966 3384 4036 ἠμέλει
3417 3988 3428 3999 ·
3488 3965 3613 4017 ἀλλά
3668 3965 3901 4040 βροντῶν

2295 4059 2469 4126 μέντοι
2528 4063 2718 4126 χρῆμα
2766 4060 2853 4106 καὶ
2912 4054 3190 4129 ἀστραπῶν
3245 4056 3429 4127 ἀθρόον
3486 4055 3905 4129 καταῤῥαγεῖσαι

2295 4146 2651 4217 προφθάνουσι
2699 4146 2755 4194 τὸ
2834 4151 2925 4205 τῆς
2998 4148 3216 4215 καμίνου
3270 4151 3392 4217 πῦρ,
3444 4149 3531 4195 καὶ
3604 4144 3760 4197 αὐτὸν
3815 4149 3903 4196 τόν

2298 4230 2583 4292 δικάζοντα
2634 4238 2721 4283 καὶ
2786 4236 2841 4283 τὸ
2912 4234 3319 4304 ύπηρετούμενον
3368 4233 3507 4301 αύτῷ
3556 4232 3769 4295 πλῆθος,
3822 4233 3900 4284 αἱ·

2298 4320 2456 4378 θάλην
2510 4318 2807 4372 δεικνύουσι
2856 4326 2944 4372 καὶ
2995 4319 3241 4377 ἀσϐολην.
3280 4327 3378 4373 Καὶ
3428 4326 3579 4372 τούτό
3622 4339 3682 4389 γε
3724 4326 3901 4392 προοί-

538 4409 709 4463 erant
749 4405 850 4461 illa
911 4405 1039 4462 sola
1087 4422 1294 4461 revera
1347 4405 1531 4476 digni.
1584 4405 1919 4462 Vehemens
1982 4412 2178 4464 autem

2296 4430 2411 4481 μιον
2464 4420 2555 4471 τῆς
2626 4408 2963 4467 ἀτελευτήτου
3016 4414 3220 4479 γεέννης
3282 4410 3445 4483 εὗρον,
3501 4412 3548 4461 οἱ
3601 4414 3687 4461 xui
3740 4416 3904 4481 μόνης

537 4498 777 4568 repente
806 4510 1123 4567 erumpens
1172 4496 1369 4568 pluvia
1407 4496 1695 4564 extinguit
1736 4495 2040 4553 fornacem
2089 4505 2184 4553 :et

539 4600 678 4642 cum
708 4586 904 4641 statim
935 4584 1127 4642 avidis
1176 4585 1454 4641 manibus
1482 4585 1781 4654 virginum
1823 4603 2075 4657 corpora
2106 4590 2186 4660 pii

538 4674 930 4739 sustulissent,
948 4673 1267 4744 magniﬁce
1288 4690 1405 4745 que
1418 4680 1797 4731 ornassentet
1818 4679 2186 4748 composuis-

538 4763 967 4829 sent,foderunt
980 4763 1063 4818 eis
1098 4762 1435 4835 sepulcrum
1460 4762 1518 4818 in
1542 4763 1673 4820 loco
1687 4777 1891 4821 earum
1910 4781 2185 4822 consum-

536 4852 817 4909 mationis
860 4867 873 4907 :
910 4853 1027 4908 Deo
1051 4850 1165 4908 hoc
1188 4868 1430 4925 quoque
1451 4854 1798 4925 providente
1820 4854 2184 4910 admirabili-

526 4946 640 5009 ter,
676 4946 739 4998 ut
776 4956 932 5012 quas
982 4956 1134 4996 unus
1185 4946 1491 5013 pepererat
1538 4947 1759 5008 uterus,
1809 4944 1892 4999 eis
1941 4960 2182 5016 quoque

533 5046 721 5087 unum
749 5029 1341 5102 daretursepulcrum
1377 5048 1390 5097 ;
1419 5034 1742 5103 etquarum
1765 5034 1977 5089 animae
1993 5050 2179 5089 unum

534 5125 590 5178 et
618 5120 899 5177 eumdem
928 5124 1063 5175 sunt
1092 5119 1426 5175 thalamum
1458 5126 1817 5187 consecutae,
1868 5138 2073 5178 earum
2106 5139 2178 5178 ne

534 5211 755 5267 surdus
784 5210 1029 5283 quidem
1082 5208 1230 5264 cinis
1261 5214 1659 5281 separaretur,
1711 5211 1817 5267 sed
1858 5227 2093 5266 sorores
2122 5212 2179 5266 in

533 5298 671 5369 vita,
705 5315 937 5356 sorores
958 5299 1017 5354 in
1045 5297 1231 5363 caelis,
1263 5315 1494 5355 sorores
1519 5300 1697 5356 etiam
1722 5301 1781 5356 in
1816 5305 1964 5357 terra
1985 5306 2181 5357 osten-

533 5387 835 5446 derentur.
865 5387 1175 5460 Templum
1230 5392 1425 5445 autem
1477 5388 1536 5443 in
1581 5388 1936 5447 hodiernum
1988 5406 2178 5463 usque

605 5573 624 5613 ¹
658 5574 808 5633 Psal.
842 5590 991 5642 cmi,
1024 5577 1077 5643 4,
1108 5576 1163 5631 8.

2296 4499 2483 4558 ἐκείνης
2558 4501 2626 4559 ως
2698 4497 2894 4557 ἀληθῶς
2974 4499 3131 4561 ἄξιοι.
3184 4498 3345 4559 ’Υετὸς
3414 4496 3471 4550 δε
3546 4502 3679 4549 κατὰ
3736 4495 3905 4559 πόδας

2293 4584 2545 4663 ῥαγδαῖος
2603 4586 2858 4639 ἐπιπεσὼν
2918 4586 3143 4639 σϐεννύει
3192 4592 3283 4645 τὴν
3356 4589 3587 4659 κάμινον,
3644 4594 3728 4640 καὶ
3803 4609 3902 4641 πο·

2298 4679 2512 4737 θούσαις
2566 4676 2755 4727 αὐτίκα
2801 4680 2963 4747 χερσὶ
3013 4679 3078 4727 τὰ
3126 4678 3411 4749 παρθενικά
3454 4677 3671 4747 λείψανα
3719 4680 3767 4729 οἱ
3817 4679 3905 4729 εύ-

2299 4765 2463 4827 σεϐεῖς
2522 4765 2825 4836 ἀνελόμενοι,
2886 4770 2974 4817 xui
3052 4762 3351 4839 διαπρεπῶς
3426 4771 3790 4838 κοσμήσαντές
3847 4787 3903 4820 τε

2294 4861 2381 4907 καὶ
2433 4855 2863 4927 περιστείλαντες.
2909 4856 3067 4926 τάφον
3115 4855 3285 4915 αὐτοῖς
3334 4858 3382 4907 ἐν
3430 4865 3501 4925 τῷ
3552 4865 3647 4916 τῆς
3698 4856 3893 4909 τελειῶ·

2296 4964 2422 5006 σεως
2466 4948 2674 5013 ἔχωσαν
2718 4948 2876 5014 τόπῳ,
2912 4951 3045 4996 Θεοῦ
3089 4949 3177 4994 καὶ
3227 4952 3393 4996 ταῦτα
3437 4947 3898 5019 θαυματουργουν-

2293 5053 2393 5097 τος,
2455 5035 2589 5093 ὅπως
2640 5032 2701 5094 ἃς
2744 5038 2839 5102 μία
2886 5037 3093 5105 γαστὴρ
3140 5029 3312 5095 ὤδινε,
3360 5036 3548 5093 ταύτας
3598 5039 3688 5085 καὶ
3740 5038 3903 5106 τάφος

2291 5124 2363 5184 εἷς
2408 5124 2661 5194 πιστευθῇ
2690 5140 2700 5151 ⁶
2732 5128 2819 5174 καὶ
2868 5123 2933 5171 ὧν
2988 5124 3072 5174 ἕνα
3119 5126 3203 5173 xui
3256 5125 3341 5173 τὸν
3395 5123 3549 5174 αὐτόν
3608 5124 3797 5195 ἔλαχον
3844 5127 3898 5175 ui

2289 5215 2467 5285 ψυχαὶ
2497 5222 2759 5285 νυμφῶνα,
2791 5216 2983 5264 τούτων
3032 5210 3170 5285 μηδὲ
3202 5215 3231 5271 ἡ
3287 5218 3430 5286 κωφὴ
3481 5212 3672 5287 διαστῇ
3725 5222 3860 5277 κόνις
3886 5235 3898 5247 ’

2292 5302 2396 5355 ἀλλ’
2430 5300 2523 5356 εἷεν
2574 5299 2791 5373 ἀδελφαὶ
2841 5300 2935 5352 κάν
2980 5311 3051 5372 τῷ
3101 5300 3224 5374 βίῳ,
3260 5299 3479 5374 ἀδελφαὶ
3524 5303 3619 5355 κάν
3669 5312 3776 5367 τοῖς
3813 5306 3897 5357 ού-

2289 5398 2479 5463 ρανοῖς,
2540 5388 2758 5460 ἀδελφαὶ
2831 5390 2925 5443 κάν
2998 5399 3058 5465 τῇ
3128 5399 3194 5464 γῇ
3252 5388 3629 5464 δεικνυόμεναι.
3684 5398 3899 5466 Τέμενός
