4154 6192
305 270 412 326 665

1341 276 1506 332 VlTA
1549 277 1608 332 S.
1652 276 2058 333 THEODORE
2094 277 2638 333 ALEXANDRINIE.

3564 271 3672 326 666

301 414 357 447 τε
383 393 454 456 εἰς
500 390 655 466 δεῦρο
687 397 786 468 πρὸ
825 403 897 464 τῷ
927 399 1071 469 τάφῳ
1103 398 1270 450 αὐτῶν
1317 401 1448 473 ἱερὸν
1483 397 1718 474 ἵδρυται,
1750 403 1901 453 οἱονεί

2017 401 2174 457 diem
2203 400 2466 471 positum
2503 404 2587 454 est
2617 400 2677 454 in
2705 413 2912 454 earum
2945 397 3236 468 sepulcro,
3261 397 3444 452 instar
3473 396 3670 466 cujus—

300 503 415 537 τινα
442 489 696 556 ποταμὸν,
727 481 870 536 ἔνδον
907 491 1200 558 προχέονται
1227 490 1492 560 θαύματα.

376 571 475 626 ΙΑ’.
533 574 935 626 Ἀκουσάτωσαν
990 585 1152 628 ταῦτα
1209 585 1297 628 καὶ
1354 574 1572 650 ἀδελφαὶ
1629 585 1717 631 καὶ
1769 600 1902 652 παρ-

306 664 462 728 θένοι,
508 668 596 713 καὶ
643 664 764 714 ὅσαι
809 664 907 715 ὑπὸ
960 665 1138 735 ζυγὸν.
1195 669 1377 718 Κοιὶαὶ
1419 670 1508 738 μὲν
1556 669 1715 729 οὕτως
1756 670 1907 726 αλλή-

305 751 394 811 λας
445 750 772 822 φιλείτωσαν,
807 754 860 802 αἱ
912 748 969 804 δε
1017 759 1088 824 μὴ
1147 764 1240 816 τῆς
1287 756 1476 816 οἰκείας
1522 764 1905 828 καταγινωσκέ-

307 859 483 892 τωσαν
544 843 744 912 φύσεως
807 857 819 869 ·
885 841 1099 915 Ἀνέῳγε
1150 847 1250 918 ’γὰρ
1309 851 1398 897 καὶ
1445 847 1682 917 γυναιξὶν
1731 851 1760 906 ἡ
1818 855 1907 900 τοῦ

306 933 600 1001 μαρτυρίου
657 931 788 1001 Θύρα
819 950 831 962 ο
866 937 1032 984 πᾶσαι
1082 930 1140 984 δὲ
1185 935 1376 1004 ὁμοίως
1421 941 1509 986 καὶ
1555 939 1774 988 θανάτου
1818 935 1910 989 διὰ

308 1021 543 1092 Χριστὸν
595 1024 684 1070 καὶ
733 1021 938 1081 πάντως
993 1027 1492 1096 καταφρονείτωσαν,
1546 1027 1626 1076 ἶνα
1674 1032 1762 1078 καὶ
1809 1036 1908 1078 τῶν

304 1110 500 1179 ὁμοίων
530 1111 673 1182 παρὰ
715 1117 805 1170 τῆς
845 1110 1004 1161 αὐτοῦ
1038 1111 1419 1184 φιλανθρωπίας
1447 1119 1536 1166 καὶ
1556 1123 1648 1176 τῆς
1671 1121 1907 1188 χρηστὸ-

303 1217 465 1258 τητος
518 1195 886 1263 ἀπολαύσειαν,
916 1200 984 1250 ὧν
1009 1205 1204 1270 γένοιτο
1237 1204 1430 1262 πάντας
1462 1205 1601 1274 ἡμᾶς
1638 1205 1905 1275 ἐπιτυχείν

299 1287 494 1359 χάριτι
525 1291 614 1337 καὶ
638 1286 994 1360 φιλανθρωπίᾳ
1023 1297 1113 1340 τοῦ
1144 1295 1336 1362 Κυρίου
1355 1292 1502 1361 ἡμῶν
1534 1297 1710 1348 Ἰησοῦ
1745 1301 1904 1365 Χρισ-

295 1383 410 1437 τοῦ,
444 1373 557 1446 μεθ’
599 1375 659 1426 οὗ
685 1383 756 1445 τῷ
808 1382 976 1451 Πατρὶ
1015 1378 1125 1449 οἶμα
1172 1387 1244 1448 τῷ
1289 1379 1422 1450 ἁγίῳ
1456 1383 1716 1451 Πνεῦματι
1751 1379 1899 1446 δόξα,

298 1467 452 1534 τιμὴ,
485 1465 676 1535 κράτος
704 1472 790 1515 νῦν
822 1471 911 1518 καὶ
941 1464 1041 1530 ἀεὶ,
1073 1472 1163 1519 καὶ
1194 1467 1262 1528 εἰς
1293 1472 1415 1528 τοὺς
1441 1469 1630 1531 αἰῶνας
1654 1479 1752 1522 τῶν
1782 1471 1900 1522 αἱώο

293 1573 416 1607 νων.
455 1553 637 1624 Ἀμήν.

2016 493 2156 546 dam
2186 490 2349 544 ﬂuvii
2379 489 2536 544 intus
2565 487 2880 543 effundens
2914 485 3220 541 miracula.

2087 581 2180 635 Xl.
2216 582 2347 634 Haec
2379 578 2625 634 audiant
2663 592 2916 641 sorores,
2958 579 3017 630 et
3049 575 3338 629 universas
3366 574 3667 643 mulieres,

2020 673 2138 724 tam
2173 669 2448 737 virgines,
2476 683 2662 739 quam
2689 683 2824 738 qua:
2850 665 3333 733 suntconjunctae
3366 664 3670 718 matrimo-

2019 760 2137 814 nio.
2182 761 2248 812 Et
2283 757 2397 813 illae
2435 757 2677 829 quidem
2717 757 2798 810 sic
2829 771 2890 810 se
2929 755 3182 809 invicem
3214 752 3501 821 diligant;
3543 752 3670 807 hinc

2019 855 2219 903 autem
2249 863 2419 902 suam
2444 861 2563 902 non
2590 845 2992 901 condemnant
3015 848 3316 898 naturam.
3337 840 3483 895 Nam
3508 840 3672 895 femi-

2019 937 2111 992 nis
2125 953 2358 1009 quoque
2379 942 2585 1008 aperta
2601 941 2687 990 est
2706 935 2894 1005 janua
2915 931 3202 1004 martyrii.
3230 931 3446 985 Omnes
3470 937 3669 984 autem

2020 1027 2291 1084 similiter
2311 1033 2364 1081 et
2388 1031 2639 1080 mortem
2665 1031 2718 1080 et
2739 1023 2936 1078 omnia
2953 1025 3355 1091 contemnant,
3372 1026 3433 1073 ut
3455 1019 3671 1076 similia

2018 1132 2256 1187 quoque
2288 1120 2732 1186 consequantur
2759 1112 2834 1168 ab
2867 1112 2995 1181 ejus
3019 1110 3280 1166 bonitate
3318 1116 3372 1164 et
3403 1108 3669 1177 benigni-

2020 1211 2152 1261 tate.
2197 1207 2335 1270 Qua;
2366 1205 2538 1258 detur
2568 1203 2743 1258 nobis
2785 1201 3066 1257 omnibus
3093 1199 3370 1269 consequi
3398 1197 3586 1270 gratia
3611 1202 3669 1252 et

2017 1294 2376 1363 benignitate
2429 1293 2659 1348 Domini
2710 1291 2893 1346 nostri
2932 1291 3075 1345 Jesu
3112 1288 3347 1358 Christi,
3381 1304 3513 1342 cum
3545 1303 3665 1358 quo

2018 1384 2165 1437 Patri
2217 1382 2390 1437 simul
2441 1398 2576 1436 cum
2626 1384 2830 1435 sancto
2880 1378 3099 1449 Spiritu
3130 1377 3338 1449 gloria,
3381 1376 3572 1432 honor
3612 1380 3666 1430 et

2013 1470 2299 1542 potentia,
2331 1487 2482 1524 nunc
2509 1475 2563 1524 et
2593 1483 2845 1540 semper,
2875 1473 2930 1521 et
2959 1467 3013 1521 in
3042 1465 3260 1522 stecula
3286 1464 3664 1520 saeculorum.

2013 1562 2220 1614 Amen.

314 1735 3666 1759 Ἢ

1432 1907 1691 1993 ΒῘΟΣ
1734 1911 1928 1992 ΚΑΙ
1975 1907 2430 1993 ΠΟΛΙΤΕΙ
2454 1913 2505 1990 Α

1480 2090 1604 2136 ΤΗΣ
1646 2087 1836 2139 ΟΣΙΑΣ
1868 2091 2132 2138 ΜΗΤΡΟΣ
2173 2092 2362 2138 HMle

595 2245 1420 2431 ΘΕΟΔΩΡΑΣ
1505 2251 1816 2364 ΤΗΣ
1901 2252 2098 2364 ΕΝ
2185 2237 3303 2364 ΑΛΕΞΑΝΔΡΕΙΑ.

1196 2615 1502 2709 VlTA

1601 2619 1761 2706 ET
1842 2613 2756 2708 CONVEBSATIO

1611 2825 1672 2885 S.
1722 2825 2004 2886 MATRIS
2046 2824 2382 2886 NOSTRAE

620 3000 1755 3146 THEODORZE
1841 2997 3354 3144 ALEXANDRIN/E.

1113 3276 1319 3335 (Latine
1349 3276 1491 3340 apud
1523 3275 1739 3327 Burium
1765 3277 1906 3340 Sept.
1938 3278 2017 3336 11,
2052 3276 2229 3327 Greece
2264 3289 2329 3326 ex
2357 3289 2457 3325 ms.
2496 3275 2656 3325 Paris.
2691 3275 2854 3336 1526.)

370 3586 445 3638 Α’.
495 3591 673 3644 Ζήνων
725 3590 815 3658 μὲν
879 3585 987 3646 ἤδη
1050 3592 1141 3646 τὴν
1212 3588 1576 3661 αὐτοκράτορα
1625 3589 1900 3660 Ῥωμαίοις
1934 3590 1973 3642 Β

297 3671 493 3726 διεῖπεν
564 3673 760 3746 ἀρχὴν,
832 3682 1116 3749 Γρηγόριος
1189 3674 1247 3729 δὲ
1318 3682 1410 3735 τὴν
1485 3686 1576 3730 τοῦ
1653 3679 1898 3748 ὑπάρχου

1004 3771 1267 3838 Αἴγυπτον
1325 3763 1465 3837 εἶχεν
1519 3764 1900 3839 Ἀλεξανδρείᾳ.

296 3850 355 3904 Ἠ
405 3848 465 3903 δὲ
518 3852 576 3904 οὗ
621 3861 868 3906 τοσοῦτον
915 3855 990 3906 ἐπ’
1036 3855 1172 3926 ἄλλῳ
1232 3865 1330 3908 τῶν
1376 3856 1611 3907 ἁπάντων
1662 3855 1899 3916 Ἀλεξάν-

297 3760 537 3825 ἒξουσίαν
593 3764 642 3815 ἐν
695 3772 755 3837 τῇ
813 3767 926 3818 κατ’

303 3936 457 4012 δρεια
544 3943 666 3994 ὅσον
750 3941 832 3994 ἐπὶ
905 3941 1154 4016 Θεοδώρᾳ
1233 3945 1423 4014 μᾶλλον
1503 3943 1895 4009 ἐκαλλωπίζετο,

301 4032 418 4092 οῐας
496 4035 696 4106 μητρὸς
781 4033 942 4094 αὐτῆς
1014 4034 1295 4106 ὑπάρξασα
1372 4040 1458 4086 καὶ
1530 4040 1738 4107 πατρὶς,
1811 4039 1899 4086 καὶ

300 4127 537 4171 τοιοῦτον
591 4120 745 4190 ἀγενῆ
797 4119 988 4174 κλάδον
1041 4120 1332 4188 ἁναδοῦσα,
1385 4129 1473 4174 καὶ
1526 4123 1659 4175 οὕτω
1703 4126 1900 4185 πάσαις

297 4207 531 4279 βρύοντα
580 4211 826 4281 χάρισιν.
901 4211 980 4264 Ἐν
1037 4212 1168 4284 αὐτῇ
1220 4216 1322 4286 γὰρ
1364 4215 1392 4271 ἡ
1456 4217 1610 4283 σεμνὴ
1659 4220 1729 4282 τῷ
1770 4216 1891 4276 ὄντι,

293 4301 382 4348 καὶ
436 4303 633 4369 κοσμία
713 4306 823 4361 τοῖς
877 4303 1049 4367 ἤθεσι,
1107 4303 1199 4361 τὰς
1259 4299 1306 4352 ἐν
1364 4307 1547 4373 κόσμῳ
1621 4299 1898 4375 διατριϐὰς

294 4384 516 4438 ἐποιεῖτο
584 4403 596 4415 ·
653 4384 808 4459 ἀνδρὶ
860 4391 949 4459 μὲν
1006 4398 1259 4442 συνοικεῖν
1332 4390 1579 4463 λαχοῦσα
1649 4396 1898 4463 συναφεὶᾳ

291 4477 463 4546 γάμου
512 4483 572 4547 τῇ
623 4479 758 4527 κατὰ
802 4482 975 4545 νόμον,
1019 4482 1181 4551 ταύτῃ
1230 4476 1289 4531 δε
1327 4484 1413 4531 καὶ
1466 4479 1630 4540 ἄλλως
1683 4484 1771 4551 μὲν
1803 4485 1894 4537 τὴν

295 4563 623 4635 ὀφειλομνην
655 4572 761 4627 τοῖς
802 4563 1028 4638 ἀνδράσι
1083 4573 1238 4638 τιμὴν
1287 4567 1619 4640 ἀπονέμουσα
1666 4569 1897 4640 μάλιστα

302 4648 360 4703 δε
413 4661 486 4722 τῷ
551 4657 946 4726 σωφρονεστάτη
1008 4675 1061 4707 τε
1114 4653 1242 4709 εἶναι
1298 4677 1310 4689 ·
1366 4666 1462 4709 τῶν
1539 4658 1586 4709 ἐν
1646 4666 1704 4723 τῇ
1754 4658 1897 4710 πόλει

300 4750 482 4792 πασῶν
537 4741 731 4801 οἰκείως
782 4762 836 4794 τε
893 4747 1020 4815 πρὸς
1077 4753 1256 4797 τοῦτον
1317 4751 1404 4799 καὶ
1447 4756 1641 4807 πιστῶς
1694 4744 1898 4799 διακεῖ-

302 4832 445 4894 σθαι,
497 4836 586 4882 καὶ
619 4833 850 4902 καθαρὰν
894 4833 1035 4902 αὐτῷ
1086 4839 1176 4892 τὴν
1233 4840 1458 4908 στοργήν
1499 4835 1763 4908 φυλάττειν
1807 4839 1895 4887 καὶ

2084 3593 2236 3644 Zeno
2266 3589 2504 3660 quidem
2535 3587 2872 3643 Romanum
2905 3589 3025 3658 jam
3056 3586 3297 3642 tenebat
3323 3585 3667 3659 imperium,

2012 3679 2325 3748 Gregorius
2356 3683 2552 3732 autem
2583 3676 2838 3748 praefecti
2868 3676 3111 3745 gerebat
3157 3675 3568 3744 magistratum
3605 3674 3666 3728 in

2011 3767 2405 3823 Alexandrina
2417 3767 2650 3836 IEgypti
2667 3763 3282 3820 civitate.Alexandria
3298 3767 3486 3818 autem
3503 3761 3664 3816 nullo

2010 3872 2081 3910 ex
2135 3857 2416 3911 omnibus
2475 3855 2604 3909 aliis
2651 3860 2882 3910 tantum
2940 3853 3324 3922 gloriabatur,
3367 3855 3665 3922 quantum

2008 3945 2338 4010 Theodore,
2397 3949 2455 3999 ut
2489 3961 2624 4016 quae
2660 3947 2812 3998 esset
2851 3943 2976 4013 ejus
3022 3947 3230 4006 mater,
3286 3946 3340 3995 et
3365 3956 3499 4011 quas
3529 3955 3664 3994 eam

2009 4034 2544 4107 pepereratpatria,
2569 4039 2626 4090 et
2643 4049 2877 4090 ramum
2898 4031 3179 4088 edidisset
3203 4035 3321 4085 tam
3346 4029 3664 4100 pulchrum

2009 4123 2359 4179 etomnibus
2380 4123 2528 4178 adeo
2541 4129 2865 4180 scatentem
2891 4121 3113 4192 gratiis.
3133 4121 3194 4174 In
3216 4135 3286 4175 ea
3309 4118 3469 4174 enim
3489 4133 3663 4173 suam

2011 4213 2379 4268 mundanam
2453 4213 2714 4268 habebat
2779 4211 3290 4267 conversationem
3349 4209 3464 4264 ista
3528 4222 3664 4263 vere

2009 4301 2372 4363 veneranda,
2400 4306 2454 4356 et
2483 4306 2692 4356 ornata
2721 4299 3011 4365 moribus,
3041 4315 3178 4353 cum
3203 4299 3326 4353 viro
3345 4296 3666 4368 conjuncta

2007 4385 2272 4458 legitimo
2307 4389 2706 4454 matrimonio,
2741 4389 2793 4444 ei
2843 4387 3084 4459 quidem
3117 4403 3252 4442 eum
3286 4387 3388 4459 qui
3438 4384 3664 4440 maritis

2007 4479 2256 4534 debetur
2301 4480 2582 4535 honorem
2634 4478 2923 4544 tribuens;
2965 4477 3226 4533 maxime
3258 4481 3456 4532 autem
3492 4475 3565 4531 ab
3594 4490 3664 4530 eo

2008 4568 2242 4633 dilecta,
2283 4568 2446 4640 quod
2481 4574 2635 4623 esset
2664 4567 3001 4623 castissima
3030 4567 3303 4622 omnium
3335 4580 3470 4636 qum
3501 4569 3664 4621 erant

2006 4659 2062 4712 in
2115 4658 2370 4724 civitate,
2408 4657 2808 4728 benevoleque
2862 4663 2918 4711 et
2948 4656 3197 4710 ﬁdeliter
3236 4654 3295 4709 in
3337 4670 3476 4709 eum
3510 4656 3664 4708 esset

2007 4747 2241 4812 affecta,
2270 4755 2324 4803 et
2364 4764 2580 4819 purum
2642 4747 2694 4800 ei
2757 4750 3017 4800 servaret
3069 4759 3360 4805 amorem,
3393 4746 3449 4797 et
3487 4741 3663 4798 nullis

2005 4836 2282 4908 turpibus
2305 4836 2633 4890 immistum
2653 4834 2982 4890 desideriis.
3005 4834 3300 4898 Quoniam
3313 4847 3454 4887 vero
3471 4831 3508 4886 ii
3532 4830 3662 4902 qui-

297 4920 479 4980 πόθοις
532 4919 781 4992 ῥυπαροῖς
862 4918 1211 4992 ἀνεπίμικτον.
1292 4921 1504 4982 Ἐπειδὴ
1580 4921 1638 4976 δὲ
1718 4926 1893 4980 ἀνεπι-

2017 4943 2112 4981 Dus
2143 4925 2338 4998 placet
2390 4925 2579 4980 vivere
2631 4922 2776 4977 citra
2821 4922 3341 4994 reprehensionem
3383 4919 3511 4975 ﬁeri
3541 4933 3663 4975 non

295 5004 497 5067 λήπτως
545 5006 853 5078 ἀγαπῶντας
884 5007 1032 5080 βιοῦν
1083 5011 1175 5062 οὐκ
1205 5014 1279 5062 ἔτι
1310 5017 1380 5084 μὴ
1430 5018 1518 5065 καὶ
1564 5017 1656 5075 τὰς
1707 5015 1758 5066 ἐκ
1803 5027 1893 5070 τοῦ

296 5104 523 5171 πονηροῦ
582 5095 878 5171 προσϐολὰς
946 5095 1223 5169 δέχεσθαι,
1282 5107 1572 5175 πειρασμὸς
1645 5103 1893 5178 ἐγείρεται

293 5191 381 5236 καὶ
428 5189 590 5258 ταύτῃ
669 5182 860 5245 δεινός.
918 5187 1139 5250 Ἐκεῖνος
1187 5192 1286 5260 γὰρ
1341 5197 1398 5242 τὸ
1443 5211 1495 5242 τε
1550 5201 1641 5243 τοῦ
1700 5191 1891 5266 ἀνδρὸς

297 5283 495 5348 σῶφρον
525 5277 672 5347 ὀρῶν,
723 5283 782 5346 τῇ
849 5295 901 5326 τε
940 5282 1214 5346 σεμνότητι
1248 5288 1340 5341 τῆς
1393 5281 1543 5342 ὁσίας
1599 5278 1889 5354 διαφθονῶν

293 5364 437 5434 ἔργον
463 5365 602 5416 ἔθετο
631 5369 720 5415 καὶ
762 5360 1001 5422 σπουδὴν
1032 5371 1120 5424 τὴν
1149 5371 1391 5426 τοιαύτην
1440 5370 1695 5440 συζυγίαν
1720 5367 1888 5424 διατε-

290 5457 418 5521 μεῖν.

364 5539 434 5594 Β’.
497 5545 598 5594 Καὶ
655 5537 722 5600 δὴ
794 5561 911 5595 τινα
972 5542 1186 5617 ῥεόντων
1237 5548 1482 5619 χρήμασι
1530 5550 1618 5599 καὶ
1679 5547 1884 5620 πλούτῳ

2007 5020 2216 5086 potest,
2243 5018 2308 5069 ut
2338 5029 2454 5068 non
2478 5016 2904 5084 oppugnentur
2920 5010 3166 5080 maligni
3191 5009 3442 5075 insidiis,
3466 5007 3663 5080 gravis

2004 5104 2320 5175 quoquein
2351 5119 2482 5157 eam
2507 5102 2584 5156 ab
2614 5102 2742 5170 ipso
2773 5100 3061 5155 excitatur
3081 5098 3344 5155 tentatio.
3380 5097 3472 5153 Ille
3501 5095 3662 5153 enim

2005 5198 2143 5248 tunc
2197 5193 2397 5246 videns
2428 5192 2600 5261 hujus
2635 5189 2833 5246 mariti
2866 5189 3363 5256 moderationem,
3395 5192 3452 5244 et
3480 5187 3660 5258 hujus

2001 5287 2219 5337 sancite
2241 5280 2510 5336 invidens
2539 5279 2859 5343 honestati,
2893 5277 3166 5334 adhibuit
3192 5293 3371 5334 omne
3397 5277 3660 5332 studium

1999 5377 2053 5427 et
2077 5371 2465 5442 diligentiam,
2503 5376 2561 5425 ut
2586 5371 2742 5425 hanc
2771 5367 3132 5425 rescinderet
3148 5367 3655 5436 conjunctionem.

2068 5551 2136 5608 II.
2163 5547 2501 5615 Quemdam
2518 5547 2719 5620 itaque
2735 5546 3041 5618 juvenem,
3059 5544 3331 5618 pecuniis
3358 5549 3412 5614 et
3445 5544 3657 5619 opibus
