4096 6220
189 0 995 23 r

1012 0 1335 119 μίλρΫ
1664 109 1701 121 μ
1712 14 1961 130 VI”

448 300 554 358 667
1767 295 2026 353 MENSIS
2065 294 2507 352 SEPTEMBER.
3713 298 3819 352 668

451 429 756 489 onustum,
790 422 1013 495 quibus
1042 438 1240 478 rerum
1274 424 1450 495 copia
1477 422 1900 495 suppeditabat
1924 426 2107 477 mate-

2224 421 2599 496 βαρυνομένων,
2633 423 2710 483 οἷς
2751 421 2846 479 ὕλη
2893 425 3021 497 πρὸς
3074 419 3285 497 αἷστρον
3332 425 3361 482 ἠ
3413 422 3643 487 ιύθηνία,
3689 425 3826 495 πρὸς

449 515 599 572 riam
633 514 707 569 ad
730 512 1038 567 stimulum
1069 513 1312 580 amoris,
1344 513 1603 569 incitavit
1632 512 1709 567 ad
1739 528 1872 567 eam
1901 526 2107 567 aman-

450 606 589 662 dam
614 610 856 676 propter
872 601 1175 657 ﬂorentem
1191 603 1319 672 ejus
1342 603 1622 673 speciem.
1647 601 1746 657 llla
1768 606 1965 657 autem
1985 617 2105 656 non

451 702 684 757 nutum,
718 707 839 747 non
890 696 1140 760 gestum,
1177 707 1284 745 nec
1314 691 1653 763 quidquam
1700 690 1813 747 tale
1856 691 2106 745 omnino

453 782 802 843 sustinente,
842 779 1039 834 nullus
1071 796 1191 835 non
1236 780 1386 851 lapis
1418 781 1495 835 ab
1526 796 1597 835 eo
1639 779 2009 843 movebatur,
2046 784 2107 834 ut

452 872 522 928 ad
565 870 839 925 effectum
881 869 1127 923 omnino
1159 869 1474 925 deduceret
1505 870 1564 923 id
1595 870 1758 941 quod
1807 868 2104 923 desidera-

452 962 650 1025 batur;
682 959 831 1015 adeo
861 964 922 1013 ut
942 958 1069 1028 ejus
1093 958 1412 1013 familiares
1445 963 1501 1013 et
1531 958 1775 1022 vicinas,
1808 958 1883 1012 ad
1908 959 2021 1012 hoc
2050 957 2103 1013 ei

450 1048 850 1112 inservientes,
902 1048 1141 1102 assidue
1200 1048 1620 1103 transmitteret
1658 1046 1956 1119 quidquid
1984 1052 2108 1102 erat

453 1137 846 1194 desiderabile
890 1141 948 1191 et
1004 1136 1317 1191 blandiens
1370 1137 1677 1207 cupiditati
1728 1153 1788 1191 se
1829 1138 2106 1192 daturum

452 1227 763 1301 pollicens.
796 1226 900 1281 Illa
929 1233 1129 1281 autem
1161 1226 1253 1279 his
1285 1225 1483 1281 verbis
1514 1230 1570 1280 et
1600 1226 1891 1281 illecebris
1923 1241 2107 1297 oppo-

452 1318 635 1374 nebat
654 1317 812 1371 diem
827 1315 1033 1386 judicii
1052 1321 1107 1370 et
1124 1316 1393 1370 timorem
1419 1316 1737 1386 gehennae:
1764 1317 1913 1380 Quin
1931 1317 2109 1370 etiam

457 1407 766 1467 erubesco,
792 1405 1047 1469 dicebat,
1079 1404 1171 1459 vel
1201 1405 1397 1475 ipsum
1432 1405 1617 1459 solem
1648 1404 1869 1459 habere
1903 1410 2107 1459 testem

456 1495 591 1551 talis
618 1494 844 1562 ﬂagitii.
874 1494 1043 1558 Quod
1073 1494 1313 1565 quidem
1336 1494 1584 1547 verbum
1614 1510 1752 1548 cum
1780 1494 2110 1564 apprehen-

456 1585 641 1639 disset
659 1599 779 1638 una
801 1600 871 1638 ex
889 1582 1062 1651 lenis,
1088 1580 1223 1637 mali
1248 1582 1649 1637 accessionem
1671 1583 1900 1637 habens
1924 1588 2108 1636 artem

459 1674 781 1740 magicam.
823 1672 936 1727 hoc
961 1673 1010 1726 ei
1038 1672 1348 1743 proposuit
1379 1671 1767 1742 probabiliter
1796 1688 1807 1725 :
1847 1670 1959 1727 Sed
1998 1671 2111 1725 hoc

2214 516 2298 564 τόν
2368 514 2555 571 ταύτης
2632 509 2726 563 διὰ
2817 516 2909 569 τὴν
2996 511 3317 564 ἐπανθοῦσαν
3391 515 3525 585 ὥραν
3589 515 3825 568 ἐκίνησεν

2216 603 2398 672 ἔρωτα.
2450 600 2680 660 Ἐκείνης
2733 598 2791 652 δὲ
2851 605 2922 671 μὴ
3000 609 3179 672 νεῦμα,
3250 606 3321 673 μὴ
3383 611 3594 672 σχῆμα,
3649 597 3826 669 μηδὲν

2216 690 2341 749 ὅλως
2406 699 2506 741 τῶν
2558 692 2799 741 τοιούτων
2878 689 3214 760 ἀνεχομένης,
3279 690 3416 749 λίθος
3485 689 3625 759 αύτῷ
3684 689 3827 748 ἄπας

2216 778 2427 831 ἐκινεῖτο
2481 787 2572 830 τοῦ
2626 780 2825 838 πάντως
2878 779 2944 838 εἰς
3002 782 3148 851 ἔργον
3208 778 3419 849 ἀγαγεῖν
3474 783 3531 830 τό
3584 780 3823 829 ύποθούο

2215 888 2361 935 μενον
2418 886 2429 897 ⁸
2493 871 2562 928 ως
2616 873 2701 919 καὶ
2768 870 2856 928 τὰς
2915 871 3152 929 συνήθεις
3226 868 3379 940 αὐτῇ,
3453 872 3541 920 xui
3607 872 3703 927 τὰς
3768 866 3828 917 ἐκ

2553 960 2681 1027 πρός

2218 1042 2609 1117 διαπέμπεσθαι
2656 1052 2756 1097 πᾶν
2803 1048 2924 1120 ὅπερ
2967 1045 3137 1117 ἐφετὸν
3181 1051 3271 1098 καὶ
3324 1054 3498 1097 σαῖνον
3539 1044 3827 1115 ἐπιθυμίαν

2215 962 2454 1027 γειτόνων
2553 960 2681 1027 πρός
2778 964 2929 1008 τοῦτο
3031 954 3480 1029 διακοσμουμένας
3587 964 3830 1027 συνεχῶς

2219 1133 2408 1187 δώσειν
2466 1134 2920 1206 ἐπαγγελλόμενος.
2980 1135 3036 1187 ’1-1
3099 1134 3157 1187 δὲ
3215 1144 3324 1197 τοῖς
3364 1137 3571 1209 ῥήμασι
3615 1138 3832 1194 τούτοις

2218 1229 2307 1276 καὶ
2386 1226 2744 1294 ύποκνίσμασι
2829 1228 2924 1281 τήν
2999 1232 3094 1285 τῆς
3163 1229 3382 1296 κρίσεως
3459 1226 3653 1294 ἡμέραν
3728 1226 3832 1272 καὶ

2218 1317 2304 1365 τόν
2378 1322 2472 1373 τῆς
2523 1317 2727 1383 γεέννης
2785 1311 3035 1364 ἀντετίθει
3096 1314 3249 1383 φόϐον
3300 1332 3312 1344 ο
3377 1311 3501 1363 ἀλλὰ
3566 1316 3653 1383 μὲν
3708 1316 3833 1374 καὶ,

2219 1406 2316 1454 Τόν
2371 1402 2512 1460 ἣλιον
2562 1401 2907 1473 αἰσχύνομαι,
2961 1407 3112 1474 φησὶ,
3167 1404 3409 1475 μάρτυροι
3451 1409 3541 1452 τοῦ
3582 1404 3837 1452 τοιούτου

2220 1495 2634 1562 μιάσματος.....
2697 1488 2991 1562 δραξαμένη
3050 1492 3281 1565 ῥήματος
3335 1500 3433 1541 τῶν
3506 1498 3838 1563 προαγωγῶν

2221 1585 2317 1650 μία
2369 1582 2675 1652 προσθήκην
2729 1588 2820 1631 τού
2883 1588 3044 1631 κακοῦ
3120 1585 3208 1631 καὶ
3256 1584 3349 1637 τὴν
3398 1582 3565 1651 μάγον
3618 1582 3841 1649 ἔχουσα

2221 1674 2431 1739 τέχνην,
2485 1672 2711 1729 πιθανῶς
2798 1666 2958 1726 δῆθεν
3042 1669 3172 1740 αὐτῇ
3258 1674 3539 1741 προέτεινεν
3603 1687 3613 1696 ·
3666 1667 3841 1719 Ἀλλὰ

458 1762 755 1834 inquiens,
781 1777 815 1815 a
846 1767 897 1815 te
928 1760 1030 1815 ﬁat
1056 1766 1189 1831 post
1216 1760 1352 1815 solis
1379 1777 1661 1815 occasum
1691 1764 1744 1815 et
1778 1759 1974 1815 nullus
2005 1759 2111 1813 erit

2224 1762 2349 1830 μετά
2383 1755 2588 1829 δυσμὰς
2634 1758 2802 1822 ἡλίου,
2854 1757 3097 1828 λέγουσα,
3127 1754 3246 1809 τόδε
3278 1778 3361 1809 σοι
3387 1759 3701 1830 πραχθήτω,
3734 1762 3840 1808 xui

459 1852 560 1923 qui
599 1856 653 1906 te
682 1857 1001 1919 cognoscat
1035 1866 1046 1903 :
1077 1866 1264 1921 neque
1298 1850 1528 1904 futurus
1562 1856 1649 1904 est
1678 1849 1834 1903 ullus
1866 1849 2112 1904 omnino

455 1940 621 1996 testis
649 1939 811 2010 apud
840 1942 1046 2003 Deum,
1080 1945 1180 1993 aut
1202 1938 1357 2009 apud
1384 1938 1688 1993 homines.
1727 1938 1870 1994 Haec
1891 1936 2115 1992 audivit

460 2036 516 2084 et
545 2029 653 2084 fuit
683 2045 780 2083 cor
805 2028 932 2097 ejus
960 2028 1229 2097 protinus
1250 2027 1507 2082 illectum
1537 2033 1590 2082 et
1623 2027 1957 2083 seductum.
1986 2030 2113 2082 Erat

460 2119 617 2173 enim
645 2118 856 2172 mulier
875 2133 1011 2187 quae
1037 2124 1247 2171 natura
1268 2116 1435 2171 facile
1454 2117 1585 2185 capi
1612 2120 1872 2188 potestet
1896 2116 2109 2187 decipi,

458 2212 515 2261 et
538 2206 797 2260 maxime
810 2204 972 2276 quod
994 2204 1258 2260 futurum
1278 2211 1430 2259 esset
1447 2210 1505 2258 ut
1522 2204 1744 2259 factum
1770 2205 1953 2259 Deum
1978 2205 2113 2260 late-

459 2300 565 2359 ret,
596 2310 700 2365 per
729 2294 999 2349 fraudem
1033 2293 1342 2348 audiverat
1372 2304 1426 2348 et
1448 2294 1792 2349 crediderat.
1830 2294 1893 2347 Et
1924 2294 2005 2348 sic
2037 2292 2113 2349 ad

459 2384 731 2439 effectum
767 2382 1090 2437 deductum
1124 2387 1209 2437 est
1241 2381 1466 2437 malum
1494 2383 1622 2451 ejus
1653 2382 1989 2437 consilium.

530 2472 625 2530 III.
669 2475 984 2542 Postquam
1021 2476 1219 2525 autem
1262 2487 1321 2525 re
1344 2471 1499 2527 facta
1524 2488 1705 2542 quam
1738 2471 1924 2540 turpis
1947 2476 2000 2525 et
2032 2470 2113 2526 in-

459 2562 677 2617 decora
704 2576 796 2616 res
822 2561 897 2615 sit
925 2565 1256 2630 peccatum,
1282 2560 1572 2629 agnoscit,
1603 2559 1852 2615 acerbos
1888 2560 2114 2614 habens

461 2649 734 2706 stimulos
763 2654 819 2704 et
862 2649 1031 2703 valde
1070 2654 1433 2719 compuncta
1464 2649 1829 2704 conscientia
1864 2648 2111 2703 cruciari

460 2740 667 2798 animo
706 2740 884 2811 cmpit
940 2744 994 2795 et
1040 2755 1249 2795 amara
1288 2738 1423 2794 duci
1466 2739 1819 2819 pmnitentia
1864 2739 2111 2793 dicens:

461 2832 541 2885 Ex
571 2828 727 2901 quali
761 2832 986 2884 honore
1020 2828 1098 2883 ad
1127 2834 1419 2900 quantam
1454 2828 1660 2883 transii
1694 2828 2109 2895 ignominiam!

460 2941 490 2970 ι(
524 2922 877 2975 Putruerunt
893 2925 1255 2987 etcorruptae
1271 2924 1407 2972 sunt
1425 2918 1725 2972 cicatrices
1751 2933 1896 2970 mete
1915 2933 1949 2971 a
1967 2916 2113 2971 facie

460 3007 812 3079 insipientia;
854 3023 1001 3062 mea;
1029 3008 1046 3041 ¹
1082 3022 1096 3071 ;
1124 3027 1150 3054 ››
1169 3012 1222 3061 et
1254 3024 1267 3061 :
1305 3026 1333 3058 ιι
1364 3007 1660 3061 Conversa
1691 3022 1826 3060 sum
1867 3006 1927 3059 in
1967 3022 2114 3059 aeru-

463 3112 691 3158 mnam,
724 3096 869 3150 dum
901 3094 1086 3150 inﬁxa
1115 3100 1205 3149 est
1246 3094 1389 3148 mihi
1421 3094 1614 3164 spina.
1653 3113 1679 3145 »
1716 3096 1847 3149 Haec
1878 3093 2114 3148 dicebat

458 3190 515 3239 et
540 3185 943 3255 lacrymarum
985 3183 1291 3237 emittebat
1339 3182 1528 3237 fontes
1568 3182 1816 3247 calidos,
1850 3183 1931 3237 sic
1984 3198 2113 3252 pec-

457 3273 574 3329 cati
607 3273 956 3339 abstergens
997 3271 1267 3326 foetorem
1297 3276 1350 3326 et
1380 3269 1840 3327 deformitatem.
1883 3271 2111 3339 Conjux

461 3366 659 3417 autem
688 3362 971 3429 ignorans
999 3377 1245 3416 causam
1271 3360 1401 3430 ejus
1437 3358 1699 3424 tristitiae,
1734 3361 1939 3415 omnia
1958 3360 2111 3414 dice-

462 3449 565 3505 bat
594 3454 650 3505 et
680 3450 950 3513 faciebat,
1001 3466 1133 3505 eam
1165 3449 1483 3504 consolans
1506 3454 1557 3503 et
1584 3464 1693 3519 pro
1728 3447 1948 3502 viribus
1976 3464 2109 3502 eam

461 3554 688 3593 conans
719 3554 1000 3594 recreare.
1046 3538 1155 3594 Sed
1188 3538 1307 3603 illa,
1346 3544 1586 3608 peccato
1632 3542 1917 3608 tanquam
1961 3553 2108 3607 quo-

459 3626 602 3683 dam
647 3628 834 3683 ulcere
878 3628 1108 3684 interna
1157 3628 1514 3697 depascente
1578 3631 1632 3681 et
1691 3626 2112 3695 cogitationem

460 3733 583 3773 non
616 3718 846 3774 sinente
876 3719 1196 3789 quiescere,
1228 3724 1351 3772 erat
1381 3716 1851 3781 inconsolabilis,
1901 3722 1955 3770 et
1987 3716 2113 3769 nul-

461 3806 579 3861 lam
618 3807 962 3862 attendebat
1013 3807 1368 3869 orationem,
1418 3823 1553 3878 quae
1611 3821 1745 3860 eam
1799 3810 2107 3860 recrearet.

462 3897 775 3966 Propterea
806 3896 1009 3951 statuit
1038 3895 1237 3951 venire
1269 3895 1348 3951 ad
1370 3912 1555 3950 unum
1587 3911 1659 3949 ex
1692 3896 1878 3950 sacris
1909 3909 2113 3949 mona-

464 3986 672 4051 steriis,
708 3985 768 4040 in
808 4001 929 4056 quo
966 3984 1071 4054 pia;
1125 3985 1553 4039 exercebantur
1609 3983 1866 4045 feminae,
1923 3989 1978 4037 et
2031 3984 2111 4037 sic

461 4072 663 4146 aliqua
709 4074 935 4129 ratione
988 4090 1197 4145 parare
1252 4073 1360 4127 sibi
1415 4072 1904 4128 consolationem.
1965 4074 2109 4126 Cum

461 4178 602 4231 ergo
629 4162 897 4225 abiisset,
938 4168 993 4217 et
1018 4162 1145 4233 ejus
1175 4178 1309 4233 quae
1351 4168 1598 4231 praeerat
1652 4161 1833 4231 pedes
1892 4176 2111 4232 appre-

457 4251 779 4315 hendisset,
812 4267 946 4307 eam
976 4252 1146 4306 valde
1160 4251 1410 4320 rogabat
1435 4256 1491 4304 et
1517 4250 1774 4321 petebat,
1811 4256 1870 4304 ut
1901 4266 2115 4321 quam-

458 4339 721 4411 primum
770 4338 1072 4396 ati‘erretur
1123 4341 1390 4395 divinum
1453 4339 1858 4407 Evangelium.
1918 4340 2115 4394 Causa

458 4433 655 4484 autem
697 4434 840 4496 erat,
879 4435 938 4484 ut
976 4429 1114 4484 hinc
1154 4430 1365 4484 certior
1396 4428 1670 4491 ﬁeret,an
1686 4427 1847 4499 quod
1865 4443 2110 4499 vespere

460 4517 509 4572 ei
540 4516 756 4573 factum
791 4518 998 4581 fuerat,
1059 4519 1345 4573 evasisset
1390 4518 1634 4572 evidens
1674 4516 1771 4571 Dei
1812 4516 2018 4570 oculis.
2056 4519 2116 4571 Et

458 4605 626 4678 quid,
670 4607 749 4661 ait
779 4607 829 4663 ei
883 4607 1175 4679 praefecte,
1224 4612 1312 4662 est
1361 4609 1475 4662 Deo
1524 4605 1927 4675 incognitum?
1964 4608 2114 4659 Num

458 4696 620 4751 enim
665 4696 842 4767 (sicut
874 4697 952 4751 ait
982 4696 1222 4751 divinus
1257 4695 1440 4751 David
1464 4696 1506 4763 ³)
1531 4696 1633 4768 qui
1670 4694 1970 4765 plantavit
2011 4710 2117 4749 au-

458 4800 586 4841 rem
620 4801 738 4841 non
769 4786 939 4841 audit
972 4787 999 4842 ?
1042 4791 1143 4840 aut
1181 4786 1282 4858 qui
1327 4785 1494 4840 ﬁnxit
1532 4785 1769 4839 oculum
1816 4799 1934 4838 non
1977 4800 2109 4838 con.

461 4874 701 4944 siderat,
736 4874 828 4930 cui
855 4873 948 4930 vel
986 4874 1111 4945 ipse
1143 4874 1374 4945 primus
1417 4878 1471 4927 et
1501 4873 1671 4928 exilis
1701 4871 1898 4927 cordis
1932 4873 2117 4927 nostri

462 4968 660 5019 motus
688 4963 882 5018 evadit
939 4961 1286 5017 manifestus
1326 4962 1353 5017 ?
1404 4962 1517 5017 Sed
1561 4962 1605 5015 si
1650 4960 1920 5015 dolorem
1966 4961 2117 5015 nolis

459 5051 682 5108 habere
732 5051 1135 5112 intensiorem,
1186 5050 1331 5106 mihi
1379 5065 1613 5119 expone
1669 5049 1963 5121 quidnam
2024 5050 2113 5113 sit,

460 5141 621 5211 quod
653 5146 820 5196 tuum
846 5141 1078 5195 mordet
1095 5139 1388 5204 animum;
1416 5147 1471 5195 et
1504 5138 1755 5194 fortasse
1789 5138 1972 5192 nobis
1996 5154 2115 5193 non

460 5229 645 5287 deerit
682 5229 1034 5286 remedium.
1074 5229 1179 5285 Illa
1234 5232 1435 5284 autem
1499 5227 1912 5283 recordatione
1966 5228 2113 5297 ejus,

464 5320 623 5390 quod
653 5319 873 5375 factum
914 5320 1123 5386 fuerat,
1154 5326 1458 5375 commota
1496 5318 1572 5373 ad
1597 5317 1910 5388 lacrymas,
1953 5316 2113 5389 quod

464 5407 543 5464 ab
572 5408 739 5464 initio
769 5411 1033 5481 petierat,
1075 5409 1276 5465 denuo
1302 5405 2116 5480 petiitChristiEvangelium.

538 5586 555 5621 ¹
587 5584 740 5641 Psal.
776 5601 990 5655 xxxvu,
1032 5592 1085 5642 ϐ.
1196 5589 1217 5623 ³
1248 5586 1393 5642 Psal.
1426 5602 1584 5649 xxxi,
1619 5589 1668 5641 4.

2222 1851 2338 1898 οὔτε
2366 1850 2481 1898 τινὰ
2511 1850 2595 1898 τόν
2625 1853 3055 1917 συγγινώσκοντα
3080 1847 3222 1909 ἔξεις,
3259 1850 3373 1898 οὔτε
3402 1851 3503 1918 μὴν
3536 1849 3661 1917 πρὸς
3690 1849 3835 1898 Θεὸν

2224 1937 2252 1994 ἣ
2288 1940 2415 2007 πρὸς
2475 1934 2796 2010 ἀνθρώπους,
2853 1938 3094 2009 μάρτυρα
3146 1940 3202 1987 τό
3266 1939 3509 2008 παράπαν
3564 1936 3841 2006 ἐσόμενον.

2222 2032 2399 2077 Ταῦτα
2430 2029 2621 2083 ἤκουσέ
2644 2045 2715 2091 τε,
2750 2030 2839 2076 καὶ
2869 2030 2961 2083 τὴν
2989 2022 3213 2099 καρδίαν
3250 2026 3399 2087 εὐθὺς
3429 2024 3779 2076 ύποϐλέπεται
3822 2044 3835 2055 ·

2221 2119 2351 2184 γυνὴ
2380 2116 2479 2188 γὰρ
2506 2111 2564 2172 ἧν
2588 2117 2737 2185 φύσις
2769 2114 3142 2176 εύεξαπάτητος
3173 2119 3262 2165 καὶ
3288 2113 3572 2184 ἁλώσιμος,
3607 2118 3695 2164 καὶ
3726 2116 3837 2183 μά-

2222 2203 2377 2255 λιστα
2409 2206 2487 2254 ὅτι
2518 2208 2607 2255 καὶ
2638 2207 2759 2255 Θεὸν
2808 2207 2865 2254 τὸ
2912 2205 3147 2277 πραχθὲν
3191 2202 3341 2253 λάθοι
3374 2200 3597 2276 δολερῶς
3625 2206 3836 2259 ἤκουσε

2224 2298 2313 2343 καὶ
2338 2291 2612 2344 ἐπίστευσε
2648 2309 2657 2320 “
2693 2298 2781 2342 καὶ
2811 2293 2969 2354 οὕτως
3002 2292 3069 2351 είς
3117 2294 3263 2363 ἔργον
3297 2290 3439 2354 ἐξέϐη
3490 2296 3547 2342 τό
3601 2296 3840 2361 πονηρόν

2228 2380 2491 2452 βούλημα.

2298 2470 2371 2524 Γ¹.
2420 2470 2561 2522 Ἐπεὶ
2636 2466 2693 2521 δὲ
2780 2472 2908 2541 μετά
2982 2474 3074 2527 τὴν
3154 2470 3361 2542 πρᾶξιν,
3418 2474 3550 2529 ὅπως
3598 2469 3839 2539 αἰσχρὸν

2225 2565 2314 2611 καὶ
2370 2561 2592 2630 ἄσεμνον
2649 2560 2677 2615 ἡ
2732 2558 2963 2630 ἁμαρτία
3006 2559 3332 2632 γνωρίζεται,
3394 2562 3583 2630 πικρὰς
3621 2561 3841 2630 ἔχουσα

2225 2652 2313 2708 τὰς
2364 2645 2548 2706 ἀκίδας
2596 2652 2684 2699 καὶ
2732 2646 2967 2721 ἰσχυρῶς
3015 2652 3071 2698 τό
3121 2644 3360 2708 συνειδὸς
3415 2648 3831 2711 καταξαίνουσοι,

2225 2744 2313 2790 καὶ
2367 2737 2599 2806 μάλιστα
2674 2746 2764 2787 του
2820 2736 3106 2809 πράξαντος
3182 2741 3364 2807 σεμνόν
3443 2740 3500 2788 τὸ
3580 2744 3839 2807 πρότερον

2734 2824 2849 2896 βίον
2943 2832 3032 2876 xui
3113 2824 3395 2897 φιλοσοφίᾳ
3469 2830 3839 2899 προσέχοντος

2225 2918 2445 2986 ἤρξαντο
2521 2919 2610 2965 καὶ
2687 2913 2813 2972 αύτὴ
2878 2916 3269 2986 σπαράττεσθαι
3334 2920 3425 2971 τὴν

2225 2823 2637 2897 μεταδιώκοντος

3501 2914 3685 2985 ψυχήν
3742 2921 3843 2966 xui

2224 3008 2407 3077 πικρόν
2461 3004 2563 3054 οἶον
2622 3006 2706 3054 τόν
2766 3002 3043 3073 μετάμελον
3105 2999 3362 3073 δέχεσθαι
3409 3023 3421 3034 υ
3459 3003 3542 3062 Εἰς
3607 3006 3717 3054 οἷαν
3782 3004 3842 3066 ἐξ

2226 3096 2337 3154 οίας
2395 3100 2547 3164 τιμῆς
2594 3096 2684 3150 τήν
2746 3091 3008 3162 αἰσχύνην
3056 3090 3241 3161 μετέϐη
3282 3091 3292 3145 1
3330 3093 3678 3164 Προσώζεσαν
3739 3100 3839 3145 καὶ

2224 3185 2496 3239 ἑσάπησαν
2560 3183 2607 3232 οἱ
2657 3180 2901 3251 μωλωπές
2953 3200 3075 3252 μου,
3118 3180 3360 3251 λέγουσα,
3413 3180 3513 3232 ἀπὸ
3546 3187 3840 3255 προσώπου

2223 3280 2312 3331 τῆς
2362 3271 2659 3342 ἀφροσύνης
2705 3288 2827 3339 μου,
2879 3275 2965 3320 xui
3023 3271 3101 3320 ὅτι
3147 3269 3370 3341 ἐτράφην
3421 3270 3493 3331 εἰς
3559 3270 3833 3320 ταλαιπω-

2222 3366 2359 3435 ρίαν,
2435 3358 2481 3409 ἐν
2532 3368 2600 3428 τῷ
2660 3358 2955 3429 ἐμπαγῆναί
3011 3378 3101 3429 μοι
3153 3360 3399 3412 ἄκανθαν.
3456 3366 3632 3411 Ταῦτα
3689 3359 3837 3429 ἕλεγέ

2222 3470 2275 3502 τε
2326 3454 2414 3500 καὶ
2478 3451 2666 3520 θερμὰς
2727 3444 2969 3520 δακρύων
3023 3449 3159 3519 ἠφίει
3222 3452 3413 3518 πηγὰς,
3470 3452 3527 3500 τό
3586 3444 3836 3511 δυσῶδες

2223 3539 2356 3590 οὕτω
2426 3542 2513 3588 καὶ
2599 3536 2813 3596 ἀκαλλὲς
2890 3544 2983 3596 τῆς
3050 3537 3303 3609 ἁμαρτίας
3366 3536 3832 3611 ἀποκαθαίρουσα.

2220 3617 2278 3679 Ὀ
2330 3631 2502 3698 μέντοι
2559 3628 2816 3691 σύνοικος,
2869 3630 2961 3683 τὴν
3020 3626 3189 3677 αἰτίαν
3239 3634 3333 3686 τῆς
3385 3629 3836 3694 σκυθρωποτητος

2224 3716 2439 3788 ἀγνοῶν,
2516 3718 2686 3766 πάντα
2759 3734 2807 3766 τε
2893 3714 3026 3785 ἔλεγε
3098 3720 3188 3766 καὶ
3264 3716 3419 3766 ἐποίει
3512 3725 3832 3786 παρηγορῶν

2222 3805 2401 3871 αὐτὴν,
2458 3809 2547 3855 xui
2597 3806 2694 3861 ὅση
2749 3801 2993 3875 δύναμις,
3043 3803 3417 3875 ἀναλαμϐάνειν
3466 3810 3779 3876 πειρώμενος
3820 3824 3831 3832 ·

2224 3893 2327 3944 ἀλλ’
2383 3896 2548 3949 ἐκείνη
2608 3895 2780 3964 ὥσπερ
2835 3896 2972 3954 τινὸς
3034 3893 3212 3953 ἕλκους
3266 3902 3357 3952 τῆς
3410 3893 3666 3966 ἁμαρτίας
3708 3890 3835 3944 δια-

2224 3982 2541 4053 ϐοσκομένης
2615 3985 2681 4033 τὰ
2742 3980 2907 4047 ἔνδον,
2977 3987 3066 4034 καὶ
3132 3986 3219 4034 τόν
3295 3982 3546 4053 λογισμὸν
3623 3984 3840 4055 ἠρεμεῖν

2224 4073 2316 4123 οὐκ
2366 4071 2554 4133 ἐώσης,
2613 4070 2982 4145 ἀπαράκλητος
3032 4068 3091 4129 ἧν
3150 4076 3238 4123 καὶ
3296 4069 3470 4123 οὐδενὶ
3526 4071 3662 4142 λόγῳ
3698 4092 3835 4145 παρα

2225 4168 2504 4234 ηγοροῡντι
2562 4165 2922 4233 προσέχουσα.
2978 4164 3071 4212 Διά
3120 4168 3287 4213 ταῦτα
3341 4166 3430 4212 καὶ
3484 4161 3553 4221 εἰς
3596 4160 3644 4212 ἓν
3702 4162 3840 4228 ἔγνω

2224 4260 2322 4301 τῶν
2378 4251 2521 4321 ἱερῶν
2581 4247 2860 4320 ἀφικέσθαι
2913 4255 3345 4323 φροντιστηρίων,
3399 4249 3446 4301 ἐν
3589 4256 3842 4319 γυναῖκες

2226 4340 2483 4397 ἠσκοῦντο
2540 4337 2791 4398 θεοσεϐεῖς
2840 4344 2929 4390 καὶ
2982 4342 3116 4390 οὕτω
3168 4346 3357 4412 τρόπον
3409 4341 3524 4390 τινά
3581 4337 3839 4411 παραψυ-

2227 4436 2301 4499 χῆ
2314 4448 2335 4488 ς
2392 4428 2547 4499 ἑαυτῇ
2633 4432 2850 4499 μηχανή
2862 4430 3078 4481 σασθαι.

2226 4526 2322 4568 τῶν
2378 4526 2472 4578 τῆς
2527 4524 2863 4589 προεστὼσης
2934 4517 3187 4589 λαϐομένη
3262 4515 3458 4581 ποδῶν,

3164 4428 3314 4479 Ἀπε)
3327 4431 3494 4479 θοῡσα
3557 4435 3682 4496 γοῦν
3746 4432 3843 4479 καὶ

3533 4516 3691 4574 πολλή
3752 4536 3843 4578 τις

2228 4603 2288 4665 ἦν
2349 4603 2564 4679 δεομένη
2621 4609 2833 4671 ταύτης,
2894 4611 2981 4658 καὶ
3030 4610 3084 4657 τό
3146 4609 3279 4659 θεῖον
3328 4606 3639 4677 saw/7am
3696 4625 3839 4679 παρ-

2229 4698 2460 4765 αχθῆναι
2516 4701 2573 4747 τό
2630 4697 2794 4766 τάχος
2852 4695 3078 4746 αἰτοῦσα
3133 4714 3144 4726 ο
3203 4700 3292 4747 xui
3369 4699 3427 4746 τό
3483 4698 3646 4746 αῖτιον
3702 4697 3839 4747 ὥστε

2226 4785 2577 4859 πληροφορίαν
2686 4784 2872 4836 ἐκεῖθεν
2964 4783 3158 4847 λαϐεῖν,
3247 4784 3291 4835 εἰ
3364 4788 3420 4835 τὸ
3501 4780 3841 4854 διαπραχθεν

2229 4874 2451 4946 ἑσπέρας
2496 4875 2625 4946 αύτῇ
2677 4882 2787 4935 τοῖς
2816 4881 2908 4925 τοῦ
2934 4877 3060 4926 Θεοῦ
3097 4871 3255 4931 δῆλον
3285 4877 3488 4943 γέγονεν
3532 4871 3833 4943 ὀφθαλμοῖς,

2233 4968 2331 5015 Καὶ
2379 4968 2449 5026 τί,
2497 4970 2654 5035 φησὶν
2708 4965 2736 5020 ἡ
2801 4964 3163 5033 καθηγουμένη
3222 4966 3351 5033 πρὸς
3400 4962 3580 5027 αὐτὴν,
3637 4962 3837 5031 ἠγνόη-

2230 5071 2314 5103 ται
2370 5060 2442 5121 τῷ
2503 5060 2663 5120 Θεῴ;
2712 5055 2797 5107 Μὴ
2847 5054 2947 5124 γὰρ
3008 5051 3095 5121 (ως
3153 5052 3177 5101 ό
3225 5053 3359 5110 θεῖος
3410 5052 3501 5121 ἔφη
3558 5046 3748 5117 Δαυίδ)
3811 5052 3838 5101 ό

2229 5144 2482 5211 φυτεύσας
2542 5144 2597 5191 τὸ
2652 5136 2739 5201 οὖς
2796 5139 2924 5209 ούχὶ
3003 5138 3178 5191 ἀκούει
3239 5158 3254 5210 ;
3314 5140 3342 5197 ᾖ
3396 5140 3422 5190 ό
3486 5138 3688 5197 πλάσας
3744 5142 3837 5189 τόν

2230 5228 2489 5301 ὀφθαλμόν
2570 5230 2698 5300 οὐχὶ
2766 5236 3024 5291 κατανοεῖ,
3087 5229 3124 5297 ᾧ
3182 5232 3269 5279 xui
3316 5227 3446 5284 αύτη
3506 5232 3684 5300 πρώτη
3745 5232 3838 5278 καὶ

2227 5319 2382 5376 λεπτὴ
2443 5322 2649 5378 κίνησις
2729 5327 2825 5379 τῆς
2889 5314 3111 5389 καρδίας
3179 5318 3323 5387 ἡμῶν
3393 5314 3526 5374 δήλη
3610 5320 3832 5386 γίνεται,

2228 5406 2378 5474 πλὴν,
2435 5407 2477 5460 εἰ
2553 5412 2622 5479 μή
2692 5406 2895 5479 μέλλοις
2970 5405 3230 5458 ἐπιτείνειν
3283 5410 3341 5457 τό
3415 5405 3649 5477 ἄλγημα,
3716 5406 3837 5477 ἐμοὶ

1782 5586 1804 5619 ⁸
1834 5586 1983 5641 Psal.
2015 5599 2172 5653 xcui,
2202 5602 2256 5661 9.
