4096 6220
270 305 379 362 669

1305 302 1464 357 VITA
1508 300 1567 356 S.
1608 296 2021 363 THEODM
2058 256 2610 358 ALBXANDHlN/E.

3524 301 3633 359 670

270 431 623 503 προσανάθου,
674 434 726 481 τί
778 432 834 481 τὸ
882 426 1069 482 δάκνον
1116 449 1212 481 σου
1247 432 1340 486 τήν
1367 426 1572 497 ψυχήν,
1606 430 1696 478 xui.
1748 428 1872 487 ἴσως

1989 425 2154 490 Quod
2176 426 2429 498 quidem
2455 443 2591 483 cum
2616 428 2879 499 primum
2901 429 3233 495 evolvisset,
3254 428 3430 485 simul
3453 434 3633 501 atque

270 520 364 572 ούκ
419 519 749 591 ἀπορήσομεν
807 522 1096 591 θεραπείας.
1150 525 1207 571 Ἠ
1267 515 1346 585 δὲ,
1400 525 1459 589 τῇ
1522 520 1698 588 μνήμῃ
1782 521 1873 567 τοῦ

268 614 541 680 γεγονότος
602 611 875 664 κινηθεῖσα
952 613 1077 680 πρὸς
1154 604 1381 679 δάκρυα,
1436 610 1491 657 τό
1570 604 1622 668 ἐξ
1703 604 1874 675 ἀρχῆς

270 699 482 755 αἰτηθὲν
540 703 626 749 καὶ
688 697 835 757 αὖθις
887 696 1058 760 ἐζήτει
1110 706 1200 748 τοῦ
1254 704 1488 770 Χριστοῦ
1542 694 1873 764 Εὐαγγέλιον.

266 786 433 860 Ὀπερ
488 787 641 848 εὐθὺς
688 786 970 849 ἀνελίξασα
1012 787 1121 859 οἶμα
1163 794 1225 858 τῇ
1280 783 1489 856 ἐπιϐολῇ
1538 792 1635 834 τῶν
1689 781 1876 854 ὀφθαλ-

270 885 381 948 μῶν
417 876 577 928 ἐκεῖνο
629 876 768 947 εὗρεν
818 876 1119 947 ἐγκείμενον,
1158 879 1215 927 τὸ
1264 875 1289 927 ό
1332 879 1563 947 γέγραρα
1616 876 1873 944 γέγραφα.

274 970 374 1019 Καὶ
430 965 623 1017 αὐτίκα
663 965 797 1037 λύπῃ
855 964 1043 1039 βαρείᾳ
1091 968 1183 1023 τήν
1226 963 1410 1035 ψυχήν
1459 962 1735 1032 πληγεῖσα,
1766 968 1877 1020 ταῖς

272 1058 435 1126 χερσί
462 1074 513 1107 τε
543 1060 635 1112 τήν
659 1054 777 1124 ὄψιν
808 1053 1107 1119 πατάξασα,
1142 1054 1275 1105 Οὐαί
1305 1073 1394 1125 μοι
1438 1060 1499 1123 τῇ
1535 1051 1709 1121 άθλία,
1743 1054 1877 1121 μέγα

271 1143 475 1201 ἐϐόησεο
532 1151 621 1215 φεῦ
665 1151 756 1203 τῆς
802 1144 1019 1208 πλάνης,
1077 1150 1167 1215 φεῦ
1213 1149 1305 1196 τοῦ
1370 1138 1751 1212 τολμήματοςῐ
1804 1139 1875 1201 εἰς

271 1238 372 1307 γὰρ
423 1238 517 1291 τήν
573 1241 662 1285 τοῦ
720 1229 911 1306 ἀνδρός
970 1231 1220 1307 ἐξύϐρισα
1298 1236 1495 1288 κοίτην.
1552 1235 1729 1280 Ταῦτα
1802 1226 1877 1279 λέ-

269 1342 464 1395 γουσα,
514 1327 602 1373 καὶ
656 1325 965 1393 συγχύσεως
1032 1325 1122 1393 μὲν
1181 1326 1270 1379 τὴν
1326 1316 1573 1393 καρδίαν,
1635 1313 1875 1387 δακρύων

274 1409 331 1465 δε
392 1412 668 1485 πληροῦσα
740 1414 796 1463 τό
844 1408 1048 1482 ἔδαφος,
1103 1415 1192 1463 καὶ
1245 1406 1383 1482 μηδέ
1434 1412 1492 1459 τὸ
1559 1410 1701 1478 ὄμμα
1747 1408 1877 1476 πρὸς

272 1501 522 1573 οὐρανοὺς
574 1504 734 1571 αἴρειν
790 1500 1053 1571 τολμῶσα,
1110 1498 1237 1550 ἀλλά
1302 1502 1391 1549 καὶ
1440 1498 1625 1548 τούτου
1702 1492 1876 1563 ἀπείρ-

1982 513 2181 583 injecit
2209 515 2416 570 oculos
2443 515 2666 572 invenit
2686 516 2831 572 illud
2862 519 3177 589 scriptum:
3200 520 3369 584 Quod
3400 517 3628 588 scripsi,

1985 603 2195 673 scripsi
2226 605 2268 655 ⁴.
2304 626 2331 654 n
2368 607 2429 659 Et
2460 606 2638 660 simul
2677 607 2838 675 gravi
2880 608 3065 661 animi
3096 606 3299 663 dolore
3340 607 3629 669 sauciata,

1986 698 2040 745 et
2068 692 2349 747 manibus
2374 710 2544 749 suam
2579 695 2829 767 pulsans
2858 695 3071 751 faciem
3108 712 3119 752 :
3149 698 3243 751 Hei
3280 695 3423 751 mihi
3457 696 3631 750 mise-

1985 797 2083 849 rae,
2118 798 2338 850 magna
2368 799 2513 838 voce
2538 785 2894 841 exclamavit
2927 803 2940 851 ;
2973 802 3008 840 o
3036 802 3321 847 errorem,
3352 800 3389 839 ο
3430 784 3632 839 audax

1987 869 2217 925 facinus
2264 871 2275 927 l
2326 872 2539 929 violavi
2583 874 2691 928 viri
2740 875 2954 931 cubile.
2998 876 3131 930 Haec
3160 874 3384 936 dicens,
3430 878 3485 927 et
3534 888 3635 928 cor

1984 959 2223 1029 quidem
2243 961 2613 1029 confusione,
2638 964 2831 1019 solum
2856 970 3052 1019 autem
3082 964 3313 1035 replens
3332 962 3632 1033 lacrymis,

1985 1052 2040 1103 et
2066 1064 2172 1104 nec
2197 1050 2267 1104 ad
2314 1051 2527 1106 caelum
2570 1054 2815 1124 quidem
2849 1054 3075 1109 audens
3106 1054 3310 1108 oculos
3347 1051 3633 1113 attollere,

1984 1137 2089 1192 sed
2112 1138 2289 1194 etiam
2326 1140 2404 1195 ab
2430 1142 2543 1197 hoc
2572 1142 2778 1197 dicens
2796 1159 2858 1197 se
2898 1143 3106 1207 arceri,
3141 1148 3205 1197 ut
3242 1157 3378 1213 quae
3409 1140 3634 1196 nefario

1986 1242 2094 1281 suo
2139 1226 2365 1297 flagitio
2395 1229 2589 1300 ipsum
2642 1232 2817 1287 etiam
2869 1248 3068 1288 aerem
3100 1231 3395 1303 polluerit,
3430 1229 3636 1285 statuit

1984 1315 2267 1387 deinceps
2294 1333 2412 1373 non
2440 1320 2697 1391 amplius
2729 1337 2969 1376 manere
3016 1321 3074 1376 in
3110 1321 3353 1386 mundo,
3381 1324 3440 1374 et
3476 1320 3536 1373 in
3567 1318 3634 1374 iis

1984 1420 2120 1475 qua:
2152 1410 2291 1459 sunt
2316 1407 2546 1473 mundi,
2581 1409 2684 1463 sed
2718 1409 3172 1480 sapientissimis
3202 1408 3469 1478 cogitatis
3496 1423 3636 1477 sup-

1988 1490 2255 1562 plantare
2280 1510 2416 1551 eum
2445 1497 2545 1567 qui
2572 1497 2906 1570 deceperat.

268 1592 461 1661 γεσθαι
539 1590 782 1660 λέγουσα,
862 1591 930 1650 ως
1005 1594 1093 1640 καὶ
1174 1595 1245 1657 τῷ
1322 1586 1432 1659 ἀέρι
1490 1585 1758 1657 μολυσμὸν
1817 1578 1990 1633 δοῦσα
2045 1589 2107 1653 τῇ
2184 1581 2375 1656 ἀτοπίᾳ
2432 1594 2523 1643 τοῦ
2590 1586 2988 1660 ἐγχειρήματος,
3050 1593 3120 1660 μὴ
3188 1588 3494 1661 προσθεῖναι
3549 1588 3635 1637 τὸν

268 1679 449 1731 λοιπὸν
536 1682 663 1749 ἔγνω
726 1682 906 1749 κόσμῳ
972 1684 1282 1750 προσμεῖναι
1356 1680 1445 1727 καὶ
1502 1681 1610 1735 τοῖς
1684 1671 1730 1723 έν
1805 1674 2011 1742 κόσμῳ,
2087 1670 2213 1723 ἀλλά
2271 1678 2593 1747 σοφωτάταις
2646 1676 2897 1740 ἐπινοίαις
2958 1683 3228 1753 πτερνίσαι
3278 1680 3365 1729 τόν
3440 1673 3637 1732 ἀπατή-

272 1787 455 1822 σαντα.

348 1856 417 1910 Δ’.
472 1863 569 1910 Καὶ
624 1853 857 1928 ἀνδρεῖον
903 1856 1090 1907 αὐτίκα
1139 1862 1332 1926 σχῆμα
1379 1854 1698 1928 περιθεμένη,
1733 1850 1874 1902 ὡσάν
1906 1845 1950 1900 Β

271 1948 413 1998 οὕτω
460 1950 572 2006 τοὺς
612 1943 894 2007 διάκοντας
942 1944 1071 2017 λάθῃ
1112 1941 1255 2017 (ᾔδει
1304 1946 1404 2018 γὰρ
1445 1944 1516 2002 ὡς
1565 1937 1774 2013 σφόδρα
1804 1947 1874 2010 τῷ

273 2032 430 2108 ἀνδιοὶ
476 2041 687 2107 μελήσει
734 2040 851 2108 περὶ
900 2034 1063 2094 αύτής
1104 2038 1191 2085 καὶ
1236 2033 1293 2084 ού
1352 2034 1611 2083 παύσετάι
1681 2032 1872 2085 ταύτην

267 2124 579 2195 ἐπιζητῶν),
621 2121 821 2197 ἀνδρῶν
870 2128 1118 2198 πρόσεισι
1161 2120 1421 2192 κοινοϐίῳ,
1452 2125 1686 2191 σημείοις
1717 2119 1874 2170 ὀκτω-

265 2212 500 2266 καίδεκα
550 2223 643 2275 τῆς
700 2210 1070 2285 Ἀλεξανδρέων
1148 2211 1422 2283 ἀπέχοντι’
1488 2216 1577 2261 καὶ
1652 2212 1725 2261 ἔτι
1782 2216 1873 2260 τοῦ

266 2303 508 2366 πυλῶνος
577 2303 671 2365 ἔξω
751 2305 1115 2374 τυγχάνουσα,
1199 2298 1545 2372 εἰσδεχθῆναί
1601 2317 1654 2350 τε
1712 2297 1874 2354 αὐτὴν

266 2394 444 2457 ἠξίου,
487 2398 574 2445 καὶ
637 2400 726 2444 τοῦ
778 2391 1002 2464 ἀριθμοῦ
1058 2394 1297 2463 γενέσθαι
1348 2399 1445 2441 τῶν
1516 2388 1869 2459 ἀσκουμένων.

270 2486 345 2535 Oi
405 2480 463 2535 δὲ
517 2482 575 2534 ού
635 2487 883 2555 πρότερον
948 2485 1144 2554 ἔφησαν
1218 2481 1379 2539 αὐτὴν
1460 2478 1871 2541 εἰσόικίσασθαι,

268 2579 449 2624 καίτοι
498 2568 669 2645 ἄνδρα
714 2576 920 2633 τούτοις
983 2576 1070 2623 καὶ
1121 2571 1248 2641 ούχὶ
1313 2577 1537 2640 γυναῖκα
1605 2568 1875 2639 νομιζομέ-

267 2682 389 2719 νην,
444 2662 487 2713 εἰ
535 2666 605 2733 μή
658 2661 781 2734 παρ’
826 2661 946 2719 ὅλην
998 2659 1099 2712 ἐκεῖ
1150 2665 1241 2717 τὴν
1289 2662 1451 2710 νύκτα
1502 2660 1703 2730 αἴθριος
1760 2653 1875 2708 δια-

275 2757 453 2823 μείνῃ,
501 2756 587 2802 καὶ
644 2746 883 2821 δοκίμιον
954 2750 1085 2801 οὕτω
1145 2751 1419 2824 καρτερίας
1461 2748 1717 2820 παράσχῃ
1769 2753 1878 2807 τοῖς

275 2838 542 2913 ἀδελφοῖς.
628 2840 684 2892 Ἠ
767 2837 825 2892 δὲ
903 2840 960 2892 ού
1041 2844 1193 2912 μόνον
1268 2835 1437 2899 ἡδέως
1517 2833 1726 2899 ἐδέξατο
1819 2839 1877 2887 τό

276 2930 481 3000 λεχθὲν,
543 2934 843 2981 καὶταῦτα
900 2934 970 3001 μὴ
1046 2927 1309 2998 ἀγνοοῦσα
1361 2930 1441 2980 ὅτι
1501 2929 1660 2997 θηρία
1718 2925 1880 2977 πολλά

277 3027 376 3080 τῆς
427 3022 611 3079 νυκτός
662 3017 973 3089 προσϐάλλει
1014 3013 1108 3069 διὰ
1156 3021 1212 3070 τὸ
1258 3024 1351 3069 τοῦ
1379 3021 1539 3068 τόπου
1590 3018 1779 3089 ἔρημόν
1827 3032 1879 3065 τε

274 3113 370 3159 καὶ
414 3104 607 3179 κομιδῇ
655 3110 857 3180 ἄγριον,
909 3106 1036 3158 ἀλλά
1082 3112 1171 3158 καὶ
1228 3107 1294 3166 εἰς
1345 3109 1490 3178 ἔργον
1538 3108 1593 3156 τὸ
1646 3122 1876 3177 προστα-

275 3199 409 3268 χθὲν
466 3200 649 3268 ἤγαγε*
712 3201 799 3248 xui
858 3193 1271 3270 διενυκτέρευσεν
1326 3195 1459 3247 ούτω
1514 3198 1877 3266 προσμένουσα

1990 3191 2048 3246 id
2100 3191 2264 3263 quod
2322 3192 2682 3264 imperatum
2723 3191 2914 3249 fuerat
2966 3209 2976 3246 :

278 3294 353 3355 τῷ
404 3286 616 3339 πυλῶνι.
652 3290 737 3338 Διό
776 3291 861 3337 καὶ
896 3287 922 3336 ό
969 3293 1040 3355 τῷ
1078 3285 1265 3344 Δανιὴλ
1296 3284 1455 3337 πάλαι
1500 3286 1878 3355 καθημερῶσας

277 3381 374 3433 τὴν
427 3376 673 3427 λεοντείαν
747 3376 1012 3446 ὠμότητα,
1075 3376 1224 3435 αὐτὸς
1276 3379 1365 3426 καὶ
1439 3382 1526 3425 νῦν
1584 3377 1675 3431 τήν
1729 3375 1878 3424 ὁσίαν

278 3462 538 3538 προειδὼς
624 3465 693 3525 εἰς
742 3466 846 3516 οἷον
900 3465 1030 3535 ύψος
1089 3461 1467 3537 ἀναδραμεῖται
1520 3472 1613 3524 τῆς
1672 3462 1875 3535 ἀρετῆς,

278 3559 371 3605 καὶ
416 3555 600 3627 θηρσὶν
652 3554 878 3611 ἄληπτον
939 3550 1268 3627 διετήρησεν·
1324 3555 1348 3605 ὅ
1400 3558 1487 3604 καὶ
1544 3552 1673 3624 αὐτῇ
1728 3557 1880 3625 πείρᾳ

280 3645 667 3714 καταμαθόντες
727 3646 776 3694 οἱ
832 3647 1059 3715 μοναχοὶ
1117 3646 1174 3694 τὸ
1229 3638 1456 3694 συνεῖναι
1512 3644 1716 3702 τούτοις
1775 3643 1878 3692 θεο-

284 3732 421 3804 φιλὲς
472 3734 693 3805 ἔκριναν.
756 3732 1015 3803 Ἀσμένως
1087 3728 1173 3783 οὖν
1258 3728 1649 3801 εὶσδεχθείσης,
1709 3732 1734 3782 ό
1789 3738 1879 3789 τῆς

284 3829 440 3887 μονῆς
493 3826 773 3891 προεστὼς,
850 3820 1080 3892 ἐντυχὼν
1137 3821 1267 3891 αὐτῇ
1325 3823 1459 3871 κατά
1517 3824 1693 3890 μόνας,
1769 3818 1875 3871 ἐπι·

284 3910 447 3981 μελῶς
498 3911 695 3984 ἠρώτα,
740 3916 813 3970 τίς
865 3929 916 3962 τε
970 3914 1067 3975 εἴη,
1110 3915 1199 3961 καὶ
1252 3912 1384 3961 κατά
1440 3914 1591 3960 ποίαν
1651 3904 1717 3965 δὴ
1786 3914 1878 3965 τήν

284 4001 476 4067 αἰτίαν,
544 4003 673 4072 πρὸς
739 4001 803 4051 τὰ
849 4008 946 4050 τῶν
1026 4007 1272 4071 μοναχῶν
1346 4002 1707 4072 παραγένοιτο.
1792 4002 1875 4055 Μὴ

952 4093 1104 4159 φησὶ.

284 4182 422 4239 τινός
453 4177 623 4241 ἁλοὺς,
682 4180 711 4234 ἦ
766 4180 962 4247 τρέφειν
1002 4172 1196 4236 παῖδας
1242 4176 1540 4249 ἠπορηκὼς,
1594 4178 1650 4226 τό
1696 4194 1881 4245 κοσμι-

285 4086 605 4159 δανείσμασι
678 4097 867 4162 χρεῶν,
952 4093 1104 4159 φησὶ,
1179 4086 1547 4160 βαρυνόμενος,
1633 4087 1661 4146 ἢ
1749 4090 1879 4157 φόνῳ

282 4270 372 4318 κὸν
427 4264 700 4317 ἀποϐαλεῖν
760 4274 951 4337 σχῆμα
1003 4264 1239 4337 προείλου
1275 4281 1287 4331 ;
1327 4264 1402 4317 Δι’
1460 4261 1611 4316 ούδεν
1666 4266 1875 4328 τούτων,

286 4352 599 4427 ήΘεοδῶρα
648 4356 799 4421 εἶπεν,
848 4352 887 4405 ὦ
933 4356 1113 4423 πάτερ,
1150 4352 1274 4404 ἀλλά
1321 4356 1461 4427 παρά
1509 4358 1565 4405 τό
1613 4353 1881 4423 σχολάσαι

282 4465 344 4517 με
399 4450 552 4516 μόνον
606 4451 696 4496 τοῦ
753 4451 1009 4514 κοσμικού
1070 4441 1311 4513 θορύϐου,
1378 4447 1467 4494 καὶ
1520 4444 1607 4501 τὰς
1688 4442 1881 4501 οἰκείας

2055 1852 2143 1906 IV.
2184 1852 2345 1911 Virili
2391 1858 2595 1910 autem
2639 1854 2848 1912 induta
2900 1856 3129 1920 habitu,
3181 1859 3243 1910 ut
3283 1854 3489 1909 lateret
3532 1866 3635 1906 eos

1983 1943 2083 2013 qui
2102 1958 2236 1997 eam
2264 1951 2756 2014 persequerentur
2778 1946 3031 2013 (sciebat
3054 1945 3212 2000 enim
3242 1944 3383 2009 fore,
3412 1946 3474 1996 ut
3496 1941 3633 2013 ipsa

1986 2033 2192 2086 marito
2222 2048 2457 2103 magnas
2509 2039 2663 2090 esset
2703 2051 2878 2099 curm,
2932 2041 2987 2090 et
3025 2051 3158 2089 eam
3209 2049 3328 2088 non
3377 2033 3637 2086 cessaret

1983 2122 2270 2192 quaarere)
2315 2122 2544 2177 accedit
2600 2123 2672 2178 ad
2723 2124 2984 2178 virorum
3039 2123 3404 2189 cmnobium,
3469 2118 3636 2190 quod

1982 2210 2189 2266 decem
2222 2217 2277 2266 et
2301 2217 2435 2267 octo
2476 2211 2751 2268 milliaria
2778 2212 2957 2268 distat
2996 2211 3372 2267 Alexandria.
3408 2212 3475 2264 Et
3504 2224 3633 2262 cum

1982 2307 2135 2355 esset
2172 2306 2335 2355 extra
2375 2301 2749 2367 vestibulum,
2812 2303 3062 2371 rogabat
3119 2306 3180 2356 ut
3218 2301 3373 2356 intro
3421 2298 3641 2353 admit-

1982 2394 2218 2453 teretur,
2277 2395 2523 2445 etesset
2571 2407 2641 2445 ex
2691 2406 2937 2447 numero
2986 2407 3194 2447 eorum
3248 2389 3349 2461 qui
3400 2402 3637 2442 exerce-

1984 2479 2223 2535 bantur.
2266 2479 2347 2534 llli
2406 2486 2606 2535 autem
2657 2480 2954 2545 dixerunt,
3002 2496 3064 2535 se
3118 2496 3238 2535 non
3294 2478 3458 2550 prius
3504 2492 3637 2531 eam

1984 2584 2113 2622 esse
2168 2567 2639 2633 intromissuros,
2671 2570 2778 2623 etsi
2829 2570 2914 2623 vir
2953 2569 3031 2625 ab
3065 2570 3149 2624 eis
3204 2566 3641 2623 existimaretur

1985 2672 2113 2711 esse
2139 2662 2344 2712 etnon
2390 2656 2633 2724 femina,
2662 2656 2775 2711 nisi
2816 2661 2940 2712 tota
2992 2663 3162 2712 nocte
3203 2655 3319 2710 illic
3372 2657 3639 2709 maneret

1986 2746 2094 2801 sub
2125 2746 2239 2810 dio,
2269 2750 2324 2801 et
2351 2745 2676 2801 tolerantiae
2718 2746 3182 2817 experimentum
3215 2744 3299 2798 sic
3351 2743 3642 2813 prmberet

1987 2836 2290 2891 fratribus.
2322 2835 2422 2889 Illa
2439 2840 2640 2891 autem
2668 2834 2913 2891 libenter
2939 2835 3189 2905 accepit,
3212 2834 3375 2904 quod
3414 2831 3638 2885 dictum

1989 2924 2219 2993 fuerat;
2273 2924 2454 2995 idque
2507 2941 2644 2979 cum
2698 2940 2815 2980 non
2858 2925 3179 2993 ignoraret,
3240 2921 3400 2993 quod
3459 2922 3639 2973 noctu

1991 3013 2185 3068 multae
2214 3013 2418 3069 bestias
2457 3013 2947 3082 ingrediebantur
2977 3029 3080 3085 per
3109 3013 3307 3068 locum
3337 3011 3639 3065 desertum

1988 3107 2047 3157 et
2075 3103 2406 3158 admodum
2436 3109 2752 3172 agrestem,
2773 3104 2870 3159 sed
2903 3104 3079 3158 etiam
3108 3101 3357 3158 deduxit
3382 3099 3459 3154 ad
3486 3114 3643 3169 opus

3035 3196 3089 3246 et
3120 3192 3203 3246 sic
3254 3186 3638 3260 pernoctavit,

1991 3298 2241 3337 manens
2272 3286 2409 3337 ante
2450 3281 2827 3337 vestibulum.
2884 3282 3285 3347 Quamobrem
3346 3278 3447 3348 qui
3497 3276 3640 3331 olim

1994 3370 2215 3427 Danieli
2256 3371 2555 3426 leoninam
2591 3371 2975 3427 mansuefecit
3010 3369 3412 3425 crudelitatem
3444 3368 3487 3432 ⁵,
3514 3367 3641 3436 ipse

1988 3477 2230 3533 quoque
2253 3461 2443 3516 sciens
2473 3461 2549 3516 ad
2576 3466 2869 3531 quantam
2899 3462 3131 3515 virtutis
3169 3457 3538 3515 altitudinem
3568 3456 3641 3511 sit

1990 3558 2195 3606 sancta
2225 3555 2603 3621 perventura,
2643 3551 3022 3606 conservavit
3074 3566 3228 3612 eam,
3287 3563 3362 3603 ne
3416 3562 3451 3600 a
3505 3545 3641 3599 feris

1988 3646 2316 3711 caperetur.
2370 3638 2541 3704 Quod
2594 3654 2731 3694 cum
2784 3638 3065 3694 monachi
3113 3638 3239 3707 ipsa
3290 3634 3642 3691 didicissent

1988 3728 2371 3798 experientia,
2417 3727 2757 3798 judicarunt
2802 3743 2931 3782 esse
2964 3729 3081 3781 Deo
3114 3731 3369 3791 gratum,
3407 3728 3469 3777 ut
3499 3737 3635 3776 cum

1988 3817 2074 3872 eis
2102 3823 2454 3871 versaretur.
2491 3819 2567 3870 Ea
2584 3831 2725 3885 ergo
2756 3815 3005 3871 libenter
3026 3810 3641 3880 admissa,pra3fectus

1993 3905 2333 3963 monasterii
2366 3922 2498 3960 eam
2532 3905 2778 3960 seorsim
2811 3904 3125 3973 allocutus,
3159 3902 3475 3971 diligenter
3504 3914 3636 3954 eam

1993 3997 2215 4065 rogavit
2238 3995 2517 4067 quisnam
2533 3999 2703 4056 esset,
2730 4000 3064 4065 etquanam
3085 3992 3160 4047 de
3173 4006 3355 4047 causa
3378 3988 3639 4043 venisset

1992 4086 2070 4141 ad
2113 4084 2562 4140 monasterium.
2594 4087 2765 4151 Num,
2800 4083 3013 4155 inquit,
3064 4081 3287 4137 faenore
3334 4083 3636 4148 gravatus,

1990 4181 2090 4230 aut
2117 4174 2286 4230 factae
2314 4174 2493 4230 credis
2524 4173 2852 4237 convictus,
2896 4179 2997 4226 aut
3044 4187 3180 4227 cum
3217 4185 3338 4227 non
3388 4166 3642 4222 haberes

1993 4264 2150 4319 unde
2182 4263 2337 4321 ﬁlios
2369 4264 2573 4328 aleres,
2608 4262 2862 4317 statuisti
2914 4260 3293 4315 mundanum
3349 4257 3645 4329 deponere

1990 4354 2262 4409 habitum
2288 4354 2316 4408 ‘2
2354 4352 2598 4423 Propter
2645 4351 2875 4407 nullum
2923 4351 3161 4414 horum,
3192 4365 3229 4404 o
3262 4351 3447 4415 Pater,
3496 4344 3642 4400 dixit

1991 4441 2325 4504 ThBOdOI‘El,
2355 4444 2455 4494 sed
2491 4446 2551 4493 ut
2580 4440 2741 4495 solus
2771 4439 3033 4510 quietem
3068 4453 3239 4506 agam
3270 4452 3306 4493 a
3332 4434 3642 4489 mundano

281 4533 719 4585 ἀποκλαύσασθαι
778 4532 1055 4603 ἁμαρτίας.
1121 4538 1236 4591 Πῶς
1294 4528 1353 4583 δὲ
1429 4538 1537 4597 καὶ,
1603 4530 1877 4602 ἀνθυπέφε-

1995 4531 2333 4596 tumultu,et
2362 4546 2493 4584 mea
2520 4528 2770 4583 deﬂeam
2790 4533 3052 4599 peccata.
3080 4525 3395 4593 Quomodo
3417 4528 3641 4589 autem,

282 4642 365 4696 ρεν
408 4625 433 4674 ό
477 4627 654 4693 μέγας,
687 4620 815 4693 καλῇ
855 4625 989 4685 ;Kui
1029 4622 1057 4678 ἡ
1105 4624 1332 4691 γενναία,
1381 4616 1674 4692 Θεόδωρος,
1723 4616 1877 4688 εἶπεν,

284 4712 396 4784 ἐμοὶ
453 4731 509 4763 το
563 4715 738 4782 ὄνομα.
797 4709 854 4761 Ὀ
933 4706 1011 4777 δὲ,
1066 4709 1155 4760 καὶ
1207 4715 1278 4781 μὴ
1341 4708 1690 4776 ὑπολάμϐανε,
1762 4711 1877 4780 ἔφη,

286 4796 468 4870 ἀδελφέ
534 4798 792 4873 Θεόδωρε,
875 4799 950 4851 ὃτι
1023 4798 1167 4860 ἐκτός
1250 4800 1397 4850 ἔσται
1470 4818 1553 4850 σοι
1632 4806 1795 4849 πόνων
1848 4800 1876 4856 ἡ

284 4887 504 4940 ἐνταῦθα
561 4888 821 4959 διαγωγή·
877 4887 982 4939 ἀλλ’
1041 4888 1082 4939 εἰ
1140 4886 1317 4959 βούλει
1370 4897 1439 4957 τῷ
1497 4892 1603 4938 ὄντι
1655 4892 1740 4939 τόν
1789 4896 1881 4949 τῆς

612 4980 772 5049 ζυγόν

280 5070 608 5141 ύπερετήσων
674 5076 772 5119 τῶν
848 5063 1101 5138 ἀδελφῶν,
1157 5065 1215 5117 ού
1268 5074 1383 5127 ταῖς
1457 5065 1506 5116 ἐν

282 4980 517 5040 ύποαοῆς
612 4980 772 5048 ζυγόν
874 4977 1124 5039 ὑπελθεῖν,
1208 4979 1400 5034 πάσαις,
1482 4979 1596 5029 ’ίσθι
1672 4982 1881 5048 χρείαις

1605 5074 1663 5137 τῇ
1747 5074 1875 5138 μονῇ

280 5162 455 5228 μόνον,
502 5158 604 5209 οἷον
663 5165 760 5209 τῶν
814 5164 982 5228 φυτῶν
1039 5159 1128 5206 καὶ
1179 5154 1421 5225 λαχάνων
1470 5153 1875 5227 ἐπιμελούμενος,

276 5244 474 5308 ὑδατός
542 5266 595 5299 τε
663 5242 991 5315 μετακομιδῆ
1069 5253 1375 5315 ).ειτουργῶν
1468 5249 1555 5295 καὶ
1631 5242 1878 5316 ἀμελλητὶ

276 5332 503 5409 ἄνδρων,
564 5334 690 5386 ἀλλά
739 5331 805 5392 δὴ
858 5339 946 5385 καὶ
977 5340 1084 5393 ταῖς
1110 5333 1204 5395 ἔξω
1232 5336 1422 5393 ταύτης
1454 5329 1871 5405 διακονούμενος,

276 5432 366 5477 καὶ
435 5426 517 5477 ὅτε
572 5430 729 5497 χρεία
776 5424 957 5481 καλοίη
1004 5426 1131 5496 πρὸς
1173 5428 1267 5480 τήν
1318 5421 1464 5474 πόλιν
1516 5421 1738 5486 ἀπιέναι,
1795 5428 1867 5495 μὴ

354 5605 373 5636 ⁸
403 5604 576 5659 Joan.
609 5619 727 5669 xix,
764 5606 851 5661 22.
932 5604 953 5637 ⁵
984 5604 1128 5657 Dan.
1165 5616 1243 5668 v1,
1282 5604 1299 5657 l
1342 5616 1512 5675 seqq.

1994 4619 2297 4690 subjunxit
2355 4634 2611 4688 magnus
2662 4617 2990 4689 prafectus,
3042 4614 3363 4687 appellaris
3405 4612 3433 4668 ?
3498 4612 3647 4667 Dixit

1993 4718 2193 4765 autem
2243 4711 2340 4763 illa
2402 4724 2692 4775 generosa
2737 4706 2948 4762 mulier
3002 4725 3014 4764 :
3068 4705 3166 4760 Est
3216 4703 3359 4759 mihi
3420 4717 3645 4758 nomen

1992 4798 2355 4855 Theodorus.
2407 4797 2499 4851 Ille
2563 4801 2783 4861 autem,
2837 4798 2914 4851 Ne
2961 4795 3285 4853 existimes.
3344 4792 3557 4863 inquit,
3607 4805 3645 4845 o

1993 4889 2170 4944 frater
2209 4887 2531 4945 Theodore.
2576 4888 2719 4941 citra
2749 4885 3014 4940 laborem
3067 4884 3168 4939 tibi
3216 4882 3476 4937 futuram
3509 4894 3645 4935 eam

1992 4993 2127 5048 quaa
2210 4980 2297 5030 est
2367 4976 2458 5029 hic
2531 4974 3044 5029 conversationem
3115 4989 3127 5026 :
3214 4970 3316 5026 sed
3387 4969 3434 5023 si
3501 4966 3647 5021 velis

1994 5082 2198 5121 revera
2258 5064 2452 5119 subire
2497 5063 2713 5134 jugum
2759 5062 3131 5128 obedientiae,
3166 5060 3320 5115 scias
3371 5063 3427 5114 te
3467 5058 3650 5111 inser-

1994 5155 2251 5210 viturum
2308 5151 2586 5209 fratribus
2634 5154 2693 5206 in
2743 5150 3029 5207 omnibus
3068 5166 3206 5221 quin
3257 5153 3393 5203 sunt
3450 5160 3650 5203 neces-

1991 5245 2168 5307 saria,
2242 5258 2361 5298 non
2430 5240 2625 5295 solum
2676 5240 2737 5296 in
2813 5238 3196 5302 monasterio,
3269 5241 3333 5291 ut
3402 5234 3508 5307 qui
3565 5232 3650 5288 sis

1990 5339 2303 5389 curaturus
2360 5331 2598 5402 plantas
2645 5337 2700 5384 et
2747 5328 2929 5393 olera,
2992 5332 3049 5383 et
3098 5326 3539 5381 ministraturus
3582 5323 3645 5381 in

1989 5439 2151 5496 aqua
2197 5420 2592 5494 exportanda,
2658 5424 2715 5475 et
2787 5419 3028 5475 hortum
3098 5416 3471 5487 irrigaturus,
3541 5413 3649 5470 sed
