4096 6220
416 256 513 312 επ
1481 238 1501 267 τό
1718 251 1982 310 MENSIS
2022 250 2033 305 ε

2164 248 2472 312 I'EMBEB.
3673 251 3781 309 672

418 382 560 438 foris
595 384 772 440 etiam
828 387 1171 452 serviturus,
1200 390 1257 441 et
1307 383 1551 455 quando
1591 397 1737 437 usus
1783 378 2035 449 exegerit

2180 381 2605 451 παραιτούμενος.
2665 380 2740 431 Ού
2794 384 2896 454 μὴν
2948 383 3097 435 ἔσται
3180 401 3264 435 σοι
3305 388 3471 435 ταῦτα
3524 383 3791 453 πρόφασις

420 476 483 527 ut
532 487 633 527 eas
682 473 738 527 in
781 475 1100 538 civitatem,
1146 474 1388 529 minime
1434 476 1832 527 recusaturus.
1868 472 2037 540 Nequa

2178 472 2309 539 πρὸς
2360 473 2474 529 τοὺς
2541 468 2858 532 ἀσκητικούς
2912 476 3104 534 πόνους
3151 471 3438 545 ὀλιγωρεῖν,
3494 469 3621 521 ἀλλά
3686 472 3789 519 καὶ

422 565 621 617 tamen
661 563 774 617 hoc
809 570 1091 634 praetextu
1135 564 1500 634 contemptui
1548 560 1802 617 habebis
1831 559 2033 615 labore

2179 558 2309 609 οὕτω
2388 558 2576 630 μᾶλλον
2653 559 3044 633 ἀπαραλείπτως
3095 566 3312 632 νηστείᾳ
3370 556 3453 612 δεῖ
3501 578 3559 610 σε
3618 576 3788 631 προσ-

420 651 876 721 exercitationis,
952 656 1053 708 sed
1114 658 1345 725 oportet
1401 650 1779 708 nihilosecius
1853 664 2033 704 vacar

2179 650 2382 717 ανέχειν
2440 653 2530 700 καὶ
2584 656 2884 722 προσευχῇ,
2956 648 3227 719 ψάλλαντα
3279 650 3512 707 συνήθως
3552 650 3636 697 καὶ
3688 650 3788 703 τὴν

416 739 646 809 jejunio
701 746 756 796 et
807 744 1077 807 orationi,
1113 748 1167 797 et
1206 744 1278 798 de
1309 758 1473 797 more
1514 740 1782 811 psallere,
1835 754 2033 809 vesper

2178 734 2451 808 ἐσπερινήν
2557 739 2814 809 ὁσημέραι
2911 744 3001 791 καὶ
3097 738 3345 812 ὀρθρινὴυ
3472 732 3790 804 δοξολογίαν

423 828 732 901 tinamque
776 835 827 885 et
873 833 1221 886 matutinam
1278 832 1760 901 gloriﬁcationem
1801 828 2040 900 quotidi

2179 824 2441 877 ἐπιτελεῖν
2532 830 2663 899 πρὸς
2752 823 2811 878 δὲ
2883 833 2974 879 καὶ
3051 836 3151 879 τῶν
3226 826 3549 897 καλουμένων
3633 824 3791 895 ὡρῶν

424 932 709 988 peragere
770 935 783 984 ;
834 926 1121 990 praeterea
1168 928 1366 977 autem
1416 938 1523 977 nec
1578 921 1883 982 horarum,
1935 935 2041 990 qua

2183 909 2445 985 μηδεμίαν
2538 914 2972 987 παραλιμπάνειν,
3056 916 3475 986 προσπονεῖσθαι
3553 908 3613 964 δε
3690 914 3795 962 καὶ

423 1012 728 1069 vocantur,
788 1009 956 1063 ullam
1008 1012 1500 1081 praetermittere;
1579 1010 1725 1081 quin
1777 1009 1954 1064 etiam
2012 1009 2040 1062 i1

2184 1004 2412 1072 γονάτων
2489 1003 2676 1071 κλίσει,
2726 1009 2817 1057 καὶ
2866 1004 2998 1057 οὕτω
3048 1008 3265 1080 τρύχειν
3317 1007 3375 1056 τὸ
3459 1010 3609 1073 σῶμα
3686 996 3797 1051 διὰ

424 1096 676 1163 genibus
729 1098 1034 1156 ﬂectendis
1082 1101 1374 1169 laborare,
1423 1105 1481 1155 et
1520 1100 1601 1154 sic
1653 1114 1870 1170 corpus
1929 1098 2041 1152 afﬂi

2186 1094 2277 1153 τὰς
2334 1091 2520 1145 ἐκεῖθεν
2573 1102 2672 1144 τῶν
2736 1094 3090 1166 πολεμούντων
3169 1092 3461 1152 ἐπιϐουλάς.
3532 1090 3594 1143 Ἡ
3667 1108 3788 1160 μα-

422 1198 559 1252 gere
592 1194 831 1256 propter
880 1190 1127 1245 insidias
1162 1206 1368 1244 eorum
1420 1190 1518 1260 qui
1567 1187 1785 1243 bellum
1836 1192 2039 1257 gerunt

2185 1186 2343 1254 χοιρία
2389 1186 2477 1253 μὲν
2534 1179 2641 1245 οὖν,
2692 1189 2844 1236 ταυτὶ
2897 1187 3064 1236 πάντα
3107 1183 3310 1236 ἐνθεῖσα
3380 1188 3489 1240 ταῖς
3578 1179 3789 1241 ἀκοαῖς,

426 1277 613 1344 Atque
640 1275 818 1332 beata
856 1280 1119 1349 quidem,
1156 1295 1294 1334 cum
1338 1280 1465 1333 haec
1497 1278 1701 1333 omnia
1746 1277 1869 1331 suis
1904 1293 2043 1331 acce

2184 1275 2273 1323 xui
2326 1272 2498 1343 ὥσπερ
2565 1292 2616 1323 τι
2668 1271 2857 1344 ψυχῆς
2915 1269 3042 1325 εἶναι
3092 1273 3409 1343 λογισαμένη
3463 1268 3790 1342 ἐντρύφημα,

424 1361 611 1432 pisset
684 1367 948 1433 auribus,
1013 1375 1065 1423 et
1117 1386 1188 1424 ea
1239 1384 1367 1423 esse
1424 1372 1712 1439 putasset.
1781 1373 2041 1438 tanquam

2183 1364 2313 1430 μετά
2390 1360 2581 1421 πολλῆς
2659 1362 2793 1414 αύτὰ
2872 1371 2968 1424 τῆς
3050 1364 3348 1434 προθυμίας
3446 1358 3795 1429 ἐπηγγείλατο

429 1449 659 1522 aliquas
713 1457 926 1512 animae
977 1457 1242 1523 delicias,
1308 1474 1444 1512 cum
1501 1472 1716 1526 magno
1773 1461 1831 1512 et
1888 1455 2046 1512 alacr

2182 1451 2448 1520 πράττειν,
2493 1454 2581 1501 καὶ
2633 1451 2795 1512 ούτως
2852 1450 3099 1523 όμοτελὴς
3157 1457 3229 1520 τῷ
3283 1456 3422 1519 καλῷ
3471 1447 3637 1517 ἐκείνῳ
3683 1454 3796 1497 τῶν

430 1539 616 1595 animi
664 1544 861 1600 studio
900 1563 960 1601 se
1012 1563 1083 1603 ea
1130 1563 1257 1603 esse
1310 1548 1601 1602 facturam
1646 1549 1737 1601 est
1788 1545 2047 1617 pollicita

1238 1563 1257 1602 ε
1310 1548 1601 1602 facturam
1646 1549 1737 1601 est
1788 1545 2068 1617 pollicita.
2184 1545 2428 1609 μοναχῶν
2458 1545 2607 1612 χορῷ
2635 1542 2855 1609 γίνεται.

430 1630 497 1682 Et
552 1629 634 1685 sic
703 1633 1031 1690 admittitur
1100 1636 1158 1692 in
1234 1638 1515 1692 eumdem
1586 1636 1862 1692 ordinem
1934 1651 2071 1689 cum

430 1719 670 1788 egregio
700 1720 798 1777 illo
830 1724 1007 1780 choro
1045 1726 1502 1782 monachorum.
2104 1726 2149 1782 Β

504 1807 567 1861 ν.
604 1810 899 1873 Quoniam
926 1820 1123 1871 autem
1152 1818 1280 1885 ejus
1314 1833 1452 1871 cum
1480 1817 1594 1870 Deo
1625 1819 1797 1887 pacta
1827 1828 2080 1869 conven-

2260 1824 2332 1878 E'.
2395 1824 2539 1877 Ἐπεὶ
2597 1820 2656 1876 δὲ
2704 1826 2759 1876 ui
2835 1826 2966 1897 πρὸς
3015 1826 3142 1877 Θεὸν
3214 1822 3378 1882 αὐτῆς
3427 1822 3685 1878 συνθῆκαι
3732 1821 3798 1870 τὸ

432 1900 489 1951 ta
516 1895 711 1954 futura
742 1911 908 1957 erant
932 1921 1091 1971 vera,
1125 1912 1179 1961 et
1210 1922 1244 1960 a
1272 1905 1588 1961 mendacio
1620 1904 1836 1967 aliena,
1882 1902 2049 1957 valer

2191 1910 2416 1986 ἀψευδὲς
2463 1913 2589 1976 ἕξειν
2642 1895 2883 1986 ἔμελλον,
2927 1920 3060 1965 πᾶσι
3112 1920 3221 1973 τοῖς
3268 1920 3363 1972 τῆς
3422 1912 3615 1983 σαρκὸς
3662 1927 3801 1981 φρο-

428 1985 645 2055 jubens
677 2004 917 2046 omnem
960 1996 1154 2049 carnis
1186 1994 1587 2067 prudentiam,
1620 2010 1680 2048 se
1699 1994 1896 2049 statim
1919 1991 2045 2047 exui

2188 2010 2388 2075 νήμασι
2452 2008 2658 2077 χαίρειν
2738 2003 2978 2068 εἰποῦσα,
3063 2002 3209 2063 εὐθὺς
3277 1997 3580 2052 ἀπεδύσατο
3657 2000 3799 2063 πρὸς

432 2074 505 2128 ad
540 2079 887 2145 certamina,
935 2082 1158 2138 nullam
1202 2100 1451 2151 moram,
1484 2099 1678 2154 neque
1725 2086 2049 2152 praetextum

2190 2074 2311 2153 τούς
2352 2074 2561 2155 πόνους,
2601 2088 2803 2164 μηδένα
2855 2092 2998 2143 ὄκνον
3058 2088 3195 2162 μηδὲ
3234 2095 3495 2162 πρόφασιν
3546 2087 3618 2149 εἰς
3664 2083 3800 2138 δια-

432 2162 621 2219 ullum
649 2166 925 2235 aﬂerens,
971 2188 1085 2242 quo
1117 2174 1315 2228 minus
1344 2173 1720 2228 ministraret.
1752 2174 1896 2227 Cum
1940 2184 2049 2239 ergl

2191 2186 2364 2234 κονίαν
2433 2180 2839 2255 προϐαλλομένη.
2926 2180 3069 2233 Εἰσιν
3114 2175 3207 2231 οὖκ
3277 2178 3413 2230 ὀκτὼ
3471 2185 3532 2248 τῇ
3586 2195 3638 2227 τε
3689 2182 3799 2225 τῶν

434 2258 569 2309 octo
614 2270 804 2313 annos
856 2261 1114 2331 quotidie
1162 2266 1562 2334 perseveraret
1622 2262 1682 2316 in
1736 2260 2051 2328 irrigationl

2193 2280 2360 2343 φυτῶν
2405 2266 2591 2343 ἀρδείᾳ
2633 2274 2721 2321 καὶ
2760 2278 2859 2323 τῶν
2905 2269 3147 2341 λαχάνων
3190 2268 3224 2319 δι’
3270 2274 3378 2329 τοῖς
3436 2265 3486 2318 ἓν
3542 2272 3602 2337 τῆ
3655 2271 3792 2334 μονῇ

438 2342 776 2434 plantarum
817 2353 871 2403 et
910 2349 1161 2418 olerum,
1212 2368 1348 2423 quae
1400 2368 1577 2406 usum
1618 2349 1968 2423 praebebant
2012 2347 2050 2402 ii

2192 2342 2285 2418 τὴν
2329 2364 2512 2434 χρείαν
2560 2366 2833 2432 παρεῖχεν,
2888 2360 3011 2411 ὅσαι
3054 2360 3245 2431 ἡμέραι
3296 2360 3800 2429 προσκαρτερούσα·

435 2433 539 2505 qui
570 2442 737 2489 erant
778 2437 837 2492 in
867 2442 1247 2505 monasterio,
1297 2441 1681 2513 molendique
1721 2445 1776 2495 et
1807 2436 2052 2510 pinsend

2193 2457 2283 2502 τοῦ
2334 2468 2388 2501 τε
2437 2448 2638 2507 ἀλήθειν
2691 2451 2776 2499 τὸν
2835 2454 2978 2499 σῖτον
3027 2452 3116 2499 καὶ
3158 2452 3353 2518 τρυγᾷν
3392 2447 3448 2496 τό
3494 2442 3795 2515 ἀλούμενον,

440 2521 803 2611 frumentum
826 2533 880 2583 et
893 2530 969 2584 ad
984 2546 1199 2601 panem
1216 2530 1593 2604 praeparandi
1626 2545 1850 2586 munus
1872 2526 2057 2583 nihilo

2192 2542 2281 2590 xui
2338 2538 2409 2599 εἰς
2470 2538 2660 2611 ἄρτους
2729 2536 3167 2610 παρασκευάζειν,
3229 2534 3333 2606 ούχ
3415 2533 3794 2604 ύστερίζουσα,

439 2610 629 2666 secius
655 2624 1093 2688 exsequeretur,
1136 2625 1193 2676 et
1219 2626 1499 2693 coqueret
1540 2620 1673 2675 olus
1711 2634 1834 2692 quo
1864 2634 1924 2672 se
1956 2615 2056 2671 ale-

2193 2626 2395 2698 ἕψουσά
2436 2646 2490 2679 τε
2532 2629 2589 2678 τὸ
2637 2627 2865 2697 λάχανον
3014 2630 3103 2677 καὶ
3161 2622 3439 2696 ἀπέτρεφον
3488 2622 3693 2679 ἑαυτοὺς
3746 2621 3800 2670 οἱ

442 2699 584 2756 bant
613 2704 715 2773 qui
747 2721 964 2778 corpus
994 2710 1309 2767 studebant
1358 2709 1736 2772 mortiﬁcare,
1771 2721 2059 2778 nunquan

2194 2724 2401 2791 νεκροῡν
2445 2718 2501 2767 τὸ
2554 2723 2705 2786 σῶμα
2754 2710 3161 2779 σπουδάζοντες,
3194 2710 3318 2766 ούδέ
3371 2720 3460 2772 τῆς
3508 2709 3556 2762 ἐν
3603 2708 3802 2765 ἐκκλη-

444 2793 643 2846 tamen
674 2792 859 2851 abfuit
880 2813 912 2851 a
928 2800 1162 2869 synaxi,
1178 2817 1313 2871 quas
1328 2799 1725 2871 peragebatur
1737 2798 1794 2852 in
1810 2795 2061 2851 ecclesia

2199 2811 2290 2876 σίᾳ
2330 2805 2632 2876 τελουμένης
2685 2804 2941 2867 συνάξεως
2987 2802 3262 2874 ἀπελείφθη
3322 2804 3464 2867 ποτε,
3519 2798 3647 2851 ἀλλά
3702 2803 3801 2849 καὶ

440 2878 543 2933 sed
573 2880 632 2935 in
664 2897 733 2936 ea
762 2900 1004 2957 quoque
1028 2889 1187 2958 pium
1208 2906 1383 2943 suum
1411 2888 1766 2944 ostendebat
1792 2884 2057 2940 animum

2197 2895 2384 2966 μᾶλλον
2438 2897 2484 2945 ἐν
2542 2896 2706 2964 ταύτῃ
2766 2902 2859 2955 τῆς
2915 2891 3102 2964 ψυχῆς
3158 2890 3377 2963 ἐνέφαινε
3430 2893 3487 2942 τὸ
3540 2888 3800 2955 φιλόθεοι.

443 2968 556 3027 Sed
592 2971 719 3025 licet
752 2972 829 3027 ita
854 2975 1113 3045 degeret,
1147 2981 1203 3030 et
1242 2978 1424 3031 vitam
1455 2976 1727 3045 elegisset
1766 2981 1888 3030 tam
1921 2973 2060 3030 labo

2198 2983 2354 3037 ’Λλλὰ
2410 2987 2497 3035 καὶ
2546 2981 2709 3042 οὓτως
2761 2984 2990 3052 ἔχουσαν
3044 2982 3276 3052 ἀγωγῆς,
3338 2984 3425 3030 καὶ
3487 2977 3602 3051 βίον
3661 2978 3803 3047 ἄγαν

440 3063 684 3126 riosam,
727 3064 1110 3131 praecedentis
1148 3064 1341 3120 delicti
1381 3064 1658 3135 cogitatio
1698 3078 1818 3117 non
1857 3060 2057 3116 sineba

2198 3072 2437 3125 ἐπίπονον
2514 3071 2772 3142 ἑλομένην,
2861 3072 2885 3121 6
2943 3078 3034 3122 τοῦ
3092 3068 3441 3144 προλαϐόντος
3504 3066 3809 3138 σφάλματος

443 3164 577 3204 eam
607 3149 856 3204 omnino
878 3150 1185 3222 quiescere
1215 3176 1226 3218 ;
1272 3153 1379 3208 sed
1411 3157 1603 3218 nocte,
1631 3168 1767 3224 quae
1800 3149 2060 3222 sequeba

2196 3163 2449 3233 λογισμὸς
2505 3161 2599 3213 οὐκ
2648 3159 2831 3219 ἀνῆκεν
2880 3159 3007 3221 ὅλως
3049 3159 3211 3217 αὐτὴν
3254 3160 3480 3230 ἠρεμεῖν,
3516 3155 3643 3208 ἀλλά
3684 3163 3810 3215 ταῖς

444 3243 539 3295 tur
576 3237 706 3292 haec
743 3237 959 3295 diurna
998 3241 1342 3307 ministeria,
1385 3241 1631 3313 quando
1679 3247 1733 3297 et
1781 3255 1994 3296 somno
2032 3255 2061 3294 e

2198 3255 2511 3323 πανημέροις
2583 3252 2796 3310 ταύταις
2867 3246 3159 3308 διακονίαις
3218 3256 3311 3309 τῆς
3367 3250 3554 3309 νυκτὸς
3629 3245 3808 3297 ἐπιού-

444 3327 730 3383 mediocri
756 3330 1281 3403 oportebatquiete
1311 3331 1447 3400 frui,
1488 3336 1695 3403 pectus
1737 3330 2001 3401 pulsans,
2036 3344 2061 3383 e

2202 3361 2317 3404 σης,
2375 3342 2456 3391 ὅτε
2524 3344 2614 3391 xui
2665 3337 2826 3391 ύπνου
2887 3343 2975 3390 καὶ
3031 3341 3246 3411 μετρίας
3306 3332 3413 3388 ἔδει
3486 3334 3806 3407 μεταλαχείν

444 3415 712 3475 animam
742 3420 1391 3493 movensadlacrymas
1425 3438 1437 3476 :
1473 3421 1756 3478 Condona
1781 3419 1922 3475 mihi
1954 3434 2061 3489 pec

2201 3429 2559 3493 ἀναπαύσεως,
2613 3427 2919 3485 πλήττουσα
2961 3428 3019 3479 τὸ
3054 3429 3265 3488 στῆθος,
3324 3431 3414 3477 καὶ
3468 3429 3562 3483 τὴν
3613 3423 3807 3495 ψυχήν

445 3511 669 3572 catum,
702 3507 955 3573 dicebat,
988 3510 1255 3574 Domine,
1283 3512 1447 3582 quod
1468 3510 1919 3583 perdiditdecus
1946 3524 2062 3563 mea

2200 3525 2420 3570 κινοῦσα
2465 3520 2595 3591 πρὸς
2644 3513 2871 3589 δάκρυα,
2926 3519 3283 3587 Συγχώρησόν
3343 3533 3431 3584 μοι
3483 3518 3576 3570 τὴν
3629 3513 3809 3583 ἀμαρ-

446 3596 845 3653 continentiaa.
880 3598 1023 3653 Cum
1066 3599 1379 3655 monachis
1408 3606 1607 3656 autem
1648 3598 1968 3670 aliquando
2000 3598 2063 3651 de

2201 3612 2336 3674 τίαν,
2388 3606 2543 3677 ἔλεγε,
2598 3607 2777 3678 Κύριε,
2835 3608 2865 3665 ἧ
2916 3608 2977 3657 τό
3024 3608 3296 3677 εὔσχημον
3337 3610 3429 3663 τῆς
3483 3601 3607 3674 ἐμῆς
3655 3601 3805 3653 ἀπώ-

448 3688 677 3744 fecisset
733 3687 953 3755 oleum,
1009 3689 1244 3758 iubetur
1303 3694 1362 3745 ut
1416 3689 1664 3759 accipiat
1709 3688 1991 3756 camelos,
2040 3702 2065 3742 e

2202 3696 2316 3749 λεσε
2370 3698 2729 3768 σωφροσύνης.
2788 3694 2993 3746 Ἐλαίον
3049 3689 3107 3745 δέ
3170 3711 3292 3745 ποτε
3352 3695 3467 3751 τοὺς
3539 3695 3808 3762 μοναχούς

447 3777 691 3833 veniens
722 3778 780 3831 in
815 3776 1132 3842 civitatem,
1150 3780 1233 3835 eis
1248 3779 1453 3835 afferat
1473 3779 1692 3844 oleum,
1708 3794 1831 3850 quo
1845 3778 1957 3832 sibi
1972 3794 2064 3833 era

2203 3784 2545 3849 ἐπιλιπόντος,
2602 3782 2925 3856 ἐπιτρέπεται
2977 3781 3106 3840 αύτή
3161 3783 3247 3841 τὰς
3286 3779 3553 3851 καμήλους
3608 3778 3806 3843 λαϐεῖν,

449 3883 621 3938 opus.
655 3868 801 3922 Cum
828 3872 1028 3922 autem
1063 3869 1188 3939 jam
1227 3869 1335 3924 iter
1364 3874 1517 3924 esset
1568 3869 1858 3939 ingressa,
1885 3866 2066 3922 accidi

2205 3872 2277 3946 ἐφ’
2436 3878 2561 3946 πρὸς
2618 3877 2710 3931 τήν
2782 3871 2927 3924 πόλιν
3004 3870 3285 3943 ἀφικομένη
3341 3872 3400 3921 τὸ
3474 3869 3543 3929 εἰς
3619 3872 3810 3942 χρείαν

449 3961 512 4012 ut
526 3960 740 4028 prteter
754 3958 1256 4027 exspectationem
1272 3960 1552 4014 maritum
1568 3959 1881 4030 aspiceret,
1896 3957 2066 4012 divin.

2207 3967 2572 4035 μετακομίσειν
2655 3961 2832 4021 αὐτοῖς
2912 3960 3098 4013 ἔλαιον.
3158 3958 3242 4021 Ὠς
3295 3958 3382 4010 οὖν
3459 3961 3631 4028 εἴχετο
3718 3964 3814 4017 τῆς

450 4046 587 4101 huic
618 4046 866 4101 omnino
900 4062 1077 4117 opem
1107 4046 1328 4102 ferente
1360 4048 1749 4104 Providentia.
1780 4050 1927 4103 Nam
1961 4062 2067 4101 cun

2210 4048 2528 4123 ὁδοιπορίας,
2606 4050 2675 4112 εἰς
2752 4053 2867 4102 θέαν
2941 4045 3210 4108 ἀδοκήτως
3267 4055 3358 4099 τοῦ
3418 4043 3609 4118 ἀνδρὸς
3667 4065 3815 4121 περι-

452 4136 710 4207 seipsum
742 4137 1035 4192 consolari
1063 4153 1181 4191 non
1210 4143 1413 4208 posset
1452 4139 1573 4210 ejus
1607 4138 1877 4202 maritus,
1909 4142 1970 4191 ut
2000 4153 2069 4208 qu

2211 4146 2410 4206 πίπτει,
2458 4148 2550 4201 τῆς
2606 4142 2744 4201 θείας
2810 4138 2881 4201 εἰς
2952 4145 3104 4189 τοῦτο
3175 4138 3377 4197 πάντως
3458 4139 3817 4207 συναραμένης

454 4230 608 4281 esset
636 4240 672 4280 a
699 4225 799 4280 tali
830 4228 1077 4297 conjuge
1106 4232 1435 4300 separatus,
1471 4233 1525 4282 et
1554 4243 1623 4281 ea
1648 4226 1721 4281 de
1753 4242 1940 4282 causa
1969 4226 2071 4282 abs

2212 4235 2472 4305 προνοίας.
2534 4235 2853 4303 Παρηγορεῖν
2895 4230 2996 4301 γὰρ
3056 4226 3234 4279 ἑαυτὸν
3290 4225 3395 4295 ούχ
3452 4223 3558 4286 οἶός
3633 4244 3688 4276 τε
3742 4229 3815 4275 ὤν

453 4330 571 4387 que
601 4314 1038 4371 intermissione
1055 4315 1386 4371 effunderet
1408 4316 1726 4388 lacrymas,
1753 4321 1807 4371 et
1838 4331 1945 4371 nec
1960 4320 2070 4371 tem

2212 4321 2236 4371 6
2283 4322 2478 4381 ταύτης
2525 4317 2651 4393 ἀνήρ
2707 4320 2955 4378 τοιαύτης
3000 4316 3232 4386 συζύγου
3274 4311 3601 4386 διατμηθεὶς,
3638 4315 3815 4365 ἄπαυ-

452 4404 851 4476 porequidem
882 4412 1083 4476 posset
1112 4406 1452 4474 extinguere
1468 4405 2069 4477 animiaegritudinem

2213 4414 2333 4461 στόν
2380 4428 2433 4461 τε
2485 4411 2542 4460 τό
2597 4406 2678 4459 ἐπὶ
2727 4409 2885 4479 ταύτῃ
2937 4404 3191 4467 σταλάζον
3240 4400 3491 4475 δάκρυονί
3536 4406 3626 4454 καὶ
3669 4398 3815 4473 μηδὲ

454 4495 683 4567 petiita
738 4497 875 4560 Deo,
923 4494 1027 4566 qui
1071 4499 1311 4550 noverat
1354 4494 1554 4559 telum,
1614 4494 1776 4566 quod
1831 4495 1960 4566 ejus
2001 4511 2070 4549 co

2208 4507 2279 4567 τῷ
2334 4502 2507 4570 χρόνῳ
2563 4492 2845 4567 δυνάμενος
2895 4493 3081 4546 σϐέσαι
3108 4497 3201 4550 τήν
3235 4493 3479 4563 ἀθυμίαν,
3511 4494 3596 4542 τόν
3629 4487 3812 4543 εἰδότα

456 4585 785 4650 sauciabat,
821 4590 884 4639 ut
916 4584 1017 4639 sibi
1052 4585 1437 4639 manifestum
1472 4583 1650 4650 ﬁeret,
1684 4601 1759 4639 an
1791 4584 2073 4640 Theodor:

2210 4588 2313 4640 οἷον
2344 4587 2483 4655 αύτῷ
2513 4590 2569 4638 τό
2620 4583 2762 4657 βελος
2816 4582 3093 4655 ἐτίτρωσκε
3146 4586 3239 4639 τὴν
3295 4577 3519 4653 καρδίαν
3564 4583 3673 4651 ᾔτει
3720 4583 3809 4630 τὸν

457 4676 726 4730 statuerit
780 4674 964 4730 alium
1019 4676 1202 4729 virum
1258 4674 1443 4745 sequi.
1513 4676 1627 4728 Hoc
1679 4675 1840 4728 enim
1908 4675 2070 4746 suspi

2211 4680 2337 4730 Θεὸν
2396 4678 2605 4747 φανερόν
2675 4673 2816 4742 αύτῷ
2868 4673 3131 4742 γενέσθαι,
3183 4670 3225 4722 εἰ
3297 4665 3550 4741 Θεοδώρα
3601 4674 3812 4742 προσεί-

456 4764 718 4830 cabatur,
762 4768 815 4820 et
860 4770 1175 4835 propterea
1224 4764 1418 4832 major
1456 4760 1705 4818 ﬂamma
1748 4762 1944 4817 cordis
1984 4764 2072 4819 ale

2209 4766 2320 4818 λετο
2375 4760 2528 4835 ἀνδρὶ
2581 4763 2731 4835 ἑτέρῳ
2782 4760 3096 4813 ἀκολουθεῖν
3152 4766 3304 4811 τοῦτο
3360 4761 3461 4832 γὰρ
3513 4758 3652 4827 αύτῷ
3720 4763 3813 4809 καὶ

454 4852 653 4911 batur.
2212 4856 2578 4924 ὑπονοούμενον
2621 4847 2700 4916 ἦν,
2744 4856 2833 4902 καὶ
2866 4847 2900 4902 δ
2907 4852 2960 4901 ιὰ
2988 4856 3140 4902 τοῦτο
3168 4848 3358 4920 μείζων
3402 4849 3431 4905 ἡ
3477 4854 3565 4906 τῆς
3590 4842 3814 4919 καρδίας

2214 4944 2442 5017 ἐτρέφετο
2475 4940 2617 5012 φλόξ.

527 5033 619 5090 Vl.
653 5033 762 5103 Qui
796 5032 1058 5089 contritis
1084 5046 1225 5102 ergo
1271 5030 1542 5087 medetur
1600 5029 1818 5087 animis
1862 5030 1937 5087 ad
1965 5042 2103 5085 eum

2303 5031 2402 5114 ς’,
2464 5029 2522 5081 Ὀ
2576 5033 2746 5081 τοίνυν
2794 5027 3006 5099 ἰώμενός
3034 5030 3127 5087 τὰς
3160 5028 3591 5098 συντετριμμένοις
3629 5024 3819 5094 ψυχὰς

460 5123 636 5180 mittit
691 5120 995 5193 angelum,
1036 5121 1138 5194 qui
1194 5120 1324 5192 ejus
1384 5119 1737 5191 suspicionis
1790 5120 2077 5191 depellere

2216 5120 2429 5192 ἄγγελον
2496 5118 2635 5188 αύτῴ
2692 5116 2966 5188 ἐπιπέμπει
3022 5120 3079 5166 τὸ
3133 5114 3364 5187 λυπηρόν
3424 5121 3514 5173 τῆς
3567 5115 3817 5174 ὑπονοίας

462 5213 801 5269 molestiam
829 5228 842 5268 :
874 5212 930 5269 Si
962 5210 1105 5268 velis
1130 5210 1428 5282 inquiens,
1454 5210 1655 5265 venire
1699 5210 1757 5263 in
1810 5210 1937 5279 ejus
1972 5224 2079 5264 con

2220 5206 2662 5271 διασκεδάζοντα·
2719 5206 2776 5258 Εἰ
2835 5204 3078 5278 βούλοιτο
3128 5199 3208 5270 δὲ,
3257 5208 3407 5274 φησὶ,
3442 5207 3530 5253 καὶ
3585 5201 3655 5263 εἰς
3699 5200 3818 5271 ὄψιν

462 5308 755 5373 spectum,
770 5302 857 5357 fac
880 5307 1131 5358 utmane
1159 5314 1393 5369 surgas,
1412 5298 1669 5354 etvadas
1683 5302 1845 5353 recta
1866 5299 1942 5353 ad
1959 5313 2079 5353 mar

2222 5300 2350 5372 αύτῆ
2408 5296 2731 5371 προσελθεῖν,
2791 5294 3126 5369 ὁρθριώτερον
3185 5291 3473 5349 ἀναστῆναι
3527 5296 3616 5342 καὶ
3696 5291 3820 5342 εύθύ

463 5391 685 5463 tyrium
741 5390 890 5446 Petri
947 5389 1226 5462 apostoli,
1257 5394 1314 5446 et
1363 5388 1631 5444 attendas
1687 5387 1914 5442 vultum
1978 5387 2075 5458 eju

2226 5385 2456 5462 βαδίσαι
2540 5394 2629 5438 τού
2694 5388 2985 5457 μαρτυρίου
3070 5385 3259 5455 Πέτρου
3334 5387 3426 5431 τοῦ
3504 5378 3821 5442 ἀποστόλου,

462 5479 564 5553 qui
592 5478 693 5536 tibi
724 5479 916 5552 primo
940 5485 1027 5536 est
1066 5495 1442 5545 occursurus,
1498 5483 1553 5533 et
1597 5481 1648 5533 te
1682 5476 2079 5550 contemplatu

2226 5480 2505 5551 προσέχειν
2553 5493 2606 5526 τε
2648 5482 2707 5546 τῇ
2751 5472 2867 5543 ὄψει
2911 5478 3003 5523 τοῦ
3042 5476 3248 5543 πρώτου
3280 5468 3417 5538 αύτῷ
3472 5472 3823 5525 συναντήσον-

466 5586 588 5628 rus.
639 5569 732 5627 Sic
783 5568 944 5630 enim
992 5570 1111 5635 ﬂet,
1185 5575 1251 5627 ut
1303 5582 1687 5642 nequaquam
1742 5565 2083 5625 frustrerise

2226 5586 2309 5629 τος
2356 5569 2445 5617 καὶ
2504 5563 3032 5636 προσαγορεύσοντος.
3110 5561 3262 5612 Οὕτω
3311 5560 3436 5635 γὰρ,
3489 5554 3643 5622 εἶπεν,
3727 5556 3824 5610 οὐκ
