  <div class='ocr_page' id='page_1' title='image "/cluster/home/n/w/nwhite01/storage/ocr_20150623/115/hvd.32044073502262/342.png"; bbox 0 0 4154 6192; ppageno 0'>
   <div class='ocr_carea' id='block_1_1' title="bbox 270 265 377 322">
    <p class='ocr_par' dir='ltr' id='par_1_1' title="bbox 270 265 377 322">
     <span class='ocr_line' id='line_1_1' title="bbox 270 265 377 322; baseline -0.019 0"><span class='ocrx_word' id='word_1_1' title='bbox 270 265 377 322; x_wconf 82' lang='lat'>673</span> 
     </span>
    </p>
   </div>
   <div class='ocr_carea' id='block_1_2' title="bbox 272 384 1119 457">
    <p class='ocr_par' dir='ltr' id='par_1_2' title="bbox 272 384 1119 457">
     <span class='ocr_line' id='line_1_2' title="bbox 272 384 1119 457; baseline -0.005 -19"><span class='ocrx_word' id='word_1_2' title='bbox 272 384 527 457; x_wconf 78' lang='grc' dir='ltr'>ἀποτεύξη</span> <span class='ocrx_word' id='word_1_3' title='bbox 613 390 705 436; x_wconf 87' lang='grc' dir='ltr'>τοῦ</span> <span class='ocrx_word' id='word_1_4' title='bbox 781 385 1119 454; x_wconf 75' lang='grc' dir='ltr'>ζητουμένου.</span> 
     </span>
    </p>
   </div>
   <div class='ocr_carea' id='block_1_3' title="bbox 269 468 1881 546">
    <p class='ocr_par' dir='ltr' id='par_1_3' title="bbox 269 468 1881 546">
     <span class='ocr_line' id='line_1_3' title="bbox 269 468 1881 546; baseline -0.007 -17"><span class='ocrx_word' id='word_1_5' title='bbox 269 479 406 529; x_wconf 85' lang='grc' dir='ltr'>κατὰ</span> <span class='ocrx_word' id='word_1_6' title='bbox 462 478 528 527; x_wconf 82' lang='grc' dir='ltr'>τὰ</span> <span class='ocrx_word' id='word_1_7' title='bbox 579 473 936 546; x_wconf 71' lang='grc' dir='ltr'>ἐπηγγελμένα</span> <span class='ocrx_word' id='word_1_8' title='bbox 984 478 1141 540; x_wconf 87' lang='grc' dir='ltr'>ποιεῖ,</span> <span class='ocrx_word' id='word_1_9' title='bbox 1186 476 1274 521; x_wconf 84' lang='grc' dir='ltr'>καὶ</span> <span class='ocrx_word' id='word_1_10' title='bbox 1344 474 1583 520; x_wconf 90' lang='grc' dir='ltr'>συνίασιν</span> <span class='ocrx_word' id='word_1_11' title='bbox 1638 468 1881 529; x_wconf 80' lang='grc' dir='ltr'>ἀλλήλοις</span> 
     </span>
    </p>
   </div>
   <div class='ocr_carea' id='block_1_4' title="bbox 273 557 1878 637">
    <p class='ocr_par' dir='ltr' id='par_1_4' title="bbox 273 557 1878 637">
     <span class='ocr_line' id='line_1_4' title="bbox 273 557 1878 637; baseline -0.006 -20"><span class='ocrx_word' id='word_1_12' title='bbox 273 565 672 637; x_wconf 76' lang='grc' dir='ltr'>ἀντιπρόσωπον</span> <span class='ocrx_word' id='word_1_13' title='bbox 765 567 856 614; x_wconf 84' lang='grc' dir='ltr'>καὶ</span> <span class='ocrx_word' id='word_1_14' title='bbox 922 562 1036 613; x_wconf 84' lang='grc' dir='ltr'>κατ’</span> <span class='ocrx_word' id='word_1_15' title='bbox 1112 558 1421 631; x_wconf 79' lang='grc' dir='ltr'>ὀφθαλμούς.</span> <span class='ocrx_word' id='word_1_16' title='bbox 1501 557 1653 611; x_wconf 81' lang='grc' dir='ltr'>Ἀλλὰ</span> <span class='ocrx_word' id='word_1_17' title='bbox 1726 559 1878 609; x_wconf 85' lang='grc' dir='ltr'>πόθεν</span> 
     </span>
    </p>
   </div>
   <div class='ocr_carea' id='block_1_5' title="bbox 275 645 1879 725">
    <p class='ocr_par' dir='ltr' id='par_1_5' title="bbox 275 645 1879 725">
     <span class='ocr_line' id='line_1_5' title="bbox 275 645 1879 725; baseline -0.006 -19"><span class='ocrx_word' id='word_1_18' title='bbox 275 654 335 707; x_wconf 80' lang='grc' dir='ltr'>ἂν</span> <span class='ocrx_word' id='word_1_19' title='bbox 373 654 548 724; x_wconf 73' lang='grc' dir='ltr'>ἐκείνῳ</span> <span class='ocrx_word' id='word_1_20' title='bbox 612 651 892 725; x_wconf 88' lang='grc' dir='ltr'>συμϐαλεῖν</span> <span class='ocrx_word' id='word_1_21' title='bbox 944 656 1037 708; x_wconf 82' lang='grc' dir='ltr'>τήν</span> <span class='ocrx_word' id='word_1_22' title='bbox 1087 650 1344 721; x_wconf 76' lang='grc' dir='ltr'>ὁμοζυγον</span> <span class='ocrx_word' id='word_1_23' title='bbox 1395 648 1542 717; x_wconf 83' lang='grc' dir='ltr'>εἶναι,</span> <span class='ocrx_word' id='word_1_24' title='bbox 1599 645 1771 721; x_wconf 74' lang='grc' dir='ltr'>ἄνδρα</span> <span class='ocrx_word' id='word_1_25' title='bbox 1824 650 1879 698; x_wconf 88' lang='grc' dir='ltr'>τό</span> 
     </span>
    </p>
   </div>
   <div class='ocr_carea' id='block_1_6' title="bbox 765 558 1421 631">
    <p class='ocr_par' dir='ltr' id='par_1_6' title="bbox 765 558 1421 631">
     <span class='ocr_line' id='line_1_6' title="bbox 765 558 1421 631; baseline -0.005 -17"><span class='ocrx_word' id='word_1_26' title='bbox 765 567 856 614; x_wconf 84' lang='grc' dir='ltr'>καὶ</span> <span class='ocrx_word' id='word_1_27' title='bbox 922 562 1036 613; x_wconf 84' lang='grc' dir='ltr'>κατ’</span> <span class='ocrx_word' id='word_1_28' title='bbox 1112 558 1421 631; x_wconf 79' lang='grc' dir='ltr'>ὀφθαλμούς.</span> 
     </span>
    </p>
   </div>
   <div class='ocr_carea' id='block_1_7' title="bbox 277 733 1884 817">
    <p class='ocr_par' dir='ltr' id='par_1_7' title="bbox 277 733 1884 817">
     <span class='ocr_line' id='line_1_7' title="bbox 277 733 1884 817; baseline -0.006 -21"><span class='ocrx_word' id='word_1_29' title='bbox 277 750 577 817; x_wconf 77' lang='grc' dir='ltr'>φαινόμενον</span> <span class='ocrx_word' id='word_1_30' title='bbox 654 744 964 817; x_wconf 80' lang='grc' dir='ltr'>καθορῶντι,</span> <span class='ocrx_word' id='word_1_31' title='bbox 1023 745 1113 790; x_wconf 79' lang='grc' dir='ltr'>και</span> <span class='ocrx_word' id='word_1_32' title='bbox 1169 737 1284 788; x_wconf 81' lang='grc' dir='ltr'>κατ’</span> <span class='ocrx_word' id='word_1_33' title='bbox 1339 733 1539 809; x_wconf 81' lang='grc' dir='ltr'>ἄνδρας</span> <span class='ocrx_word' id='word_1_34' title='bbox 1603 734 1884 807; x_wconf 81' lang='grc' dir='ltr'>ἐνδεδυμέ-</span> 
     </span>
    </p>
   </div>
   <div class='ocr_carea' id='block_1_8' title="bbox 278 821 1882 900">
    <p class='ocr_par' dir='ltr' id='par_1_8' title="bbox 278 821 1882 900">
     <span class='ocr_line' id='line_1_8' title="bbox 278 821 1882 900; baseline -0.006 -17"><span class='ocrx_word' id='word_1_35' title='bbox 278 851 383 900; x_wconf 85' lang='grc' dir='ltr'>νον,</span> <span class='ocrx_word' id='word_1_36' title='bbox 437 836 528 883; x_wconf 83' lang='grc' dir='ltr'>καὶ</span> <span class='ocrx_word' id='word_1_37' title='bbox 586 831 752 891; x_wconf 79' lang='grc' dir='ltr'>ἄλλως</span> <span class='ocrx_word' id='word_1_38' title='bbox 805 830 1031 889; x_wconf 79' lang='grc' dir='ltr'>ἐσθῆτος</span> <span class='ocrx_word' id='word_1_39' title='bbox 1089 829 1247 885; x_wconf 79' lang='grc' dir='ltr'>οὔσης</span> <span class='ocrx_word' id='word_1_40' title='bbox 1298 834 1618 896; x_wconf 78' lang='grc' dir='ltr'>μοναχικῆς,</span> <span class='ocrx_word' id='word_1_41' title='bbox 1676 822 1781 882; x_wconf 80' lang='grc' dir='ltr'>ήδη</span> <span class='ocrx_word' id='word_1_42' title='bbox 1825 821 1882 876; x_wconf 74' lang='grc' dir='ltr'>δε</span> 
     </span>
    </p>
   </div>
   <div class='ocr_carea' id='block_1_9' title="bbox 279 912 1883 990">
    <p class='ocr_par' dir='ltr' id='par_1_9' title="bbox 279 912 1883 990">
     <span class='ocr_line' id='line_1_9' title="bbox 279 912 1883 990; baseline -0.006 -18"><span class='ocrx_word' id='word_1_43' title='bbox 279 926 370 972; x_wconf 87' lang='grc' dir='ltr'>καὶ</span> <span class='ocrx_word' id='word_1_44' title='bbox 442 928 537 981; x_wconf 84' lang='grc' dir='ltr'>τῆς</span> <span class='ocrx_word' id='word_1_45' title='bbox 619 921 753 990; x_wconf 85' lang='grc' dir='ltr'>ὧρας</span> <span class='ocrx_word' id='word_1_46' title='bbox 829 918 1287 990; x_wconf 83' lang='grc' dir='ltr'>ύπομαρανθείσης</span> <span class='ocrx_word' id='word_1_47' title='bbox 1346 914 1474 985; x_wconf 73' lang='grc' dir='ltr'>αὐτῇ</span> <span class='ocrx_word' id='word_1_48' title='bbox 1546 922 1605 985; x_wconf 74' lang='grc' dir='ltr'>τῇ</span> <span class='ocrx_word' id='word_1_49' title='bbox 1680 912 1883 987; x_wconf 79' lang='grc' dir='ltr'>ἀμέτρῳ</span> 
     </span>
    </p>
   </div>
   <div class='ocr_carea' id='block_1_10' title="bbox 280 1004 1881 1080">
    <p class='ocr_par' dir='ltr' id='par_1_10' title="bbox 280 1004 1881 1080">
     <span class='ocr_line' id='line_1_10' title="bbox 280 1004 1881 1080; baseline -0.006 -19"><span class='ocrx_word' id='word_1_50' title='bbox 280 1012 606 1080; x_wconf 73' lang='grc' dir='ltr'>κακοπαθείᾳ</span> <span class='ocrx_word' id='word_1_51' title='bbox 664 1013 750 1060; x_wconf 72' lang='grc' dir='ltr'>καὶ</span> <span class='ocrx_word' id='word_1_52' title='bbox 811 1016 884 1078; x_wconf 85' lang='grc' dir='ltr'>τῷ</span> <span class='ocrx_word' id='word_1_53' title='bbox 932 1012 1123 1080; x_wconf 79' lang='grc' dir='ltr'>τραχεῖ</span> <span class='ocrx_word' id='word_1_54' title='bbox 1166 1012 1261 1065; x_wconf 81' lang='grc' dir='ltr'>τῆς</span> <span class='ocrx_word' id='word_1_55' title='bbox 1314 1004 1583 1064; x_wconf 84' lang='grc' dir='ltr'>ἀσκήσεως</span> <span class='ocrx_word' id='word_1_56' title='bbox 1625 1020 1637 1069; x_wconf 87' lang='grc'>;</span> <span class='ocrx_word' id='word_1_57' title='bbox 1687 1004 1881 1058; x_wconf 88' lang='grc' dir='ltr'>Ἐκείνη</span> 
     </span>
    </p>
   </div>
   <div class='ocr_carea' id='block_1_11' title="bbox 282 1090 1880 1171">
    <p class='ocr_par' dir='ltr' id='par_1_11' title="bbox 282 1090 1880 1171">
     <span class='ocr_line' id='line_1_11' title="bbox 282 1090 1880 1171; baseline -0.005 -21"><span class='ocrx_word' id='word_1_58' title='bbox 282 1103 457 1171; x_wconf 84' lang='grc' dir='ltr'>μέντοι</span> <span class='ocrx_word' id='word_1_59' title='bbox 510 1106 583 1167; x_wconf 83' lang='grc' dir='ltr'>τῷ</span> <span class='ocrx_word' id='word_1_60' title='bbox 636 1103 789 1168; x_wconf 87' lang='grc' dir='ltr'>μόνον</span> <span class='ocrx_word' id='word_1_61' title='bbox 853 1096 1009 1147; x_wconf 70' lang='grc' dir='ltr'>αὐτόν</span> <span class='ocrx_word' id='word_1_62' title='bbox 1068 1090 1216 1157; x_wconf 83' lang='grc' dir='ltr'>ἰδεῖν,</span> <span class='ocrx_word' id='word_1_63' title='bbox 1273 1097 1362 1143; x_wconf 87' lang='grc' dir='ltr'>καὶ</span> <span class='ocrx_word' id='word_1_64' title='bbox 1414 1097 1506 1149; x_wconf 80' lang='grc' dir='ltr'>τήν</span> <span class='ocrx_word' id='word_1_65' title='bbox 1575 1091 1693 1162; x_wconf 73' lang='grc' dir='ltr'>ὄψιν</span> <span class='ocrx_word' id='word_1_66' title='bbox 1750 1092 1880 1163; x_wconf 76' lang='grc' dir='ltr'>αὐτῇ</span> 
     </span>
    </p>
   </div>
   <div class='ocr_carea' id='block_1_12' title="bbox 282 1182 1883 1259">
    <p class='ocr_par' dir='ltr' id='par_1_12' title="bbox 282 1182 1883 1259">
     <span class='ocr_line' id='line_1_12' title="bbox 282 1182 1883 1259; baseline -0.005 -21"><span class='ocrx_word' id='word_1_67' title='bbox 282 1190 519 1259; x_wconf 87' lang='grc' dir='ltr'>μηνύσαι</span> <span class='ocrx_word' id='word_1_68' title='bbox 571 1193 651 1245; x_wconf 89' lang='grc' dir='ltr'>τίς</span> <span class='ocrx_word' id='word_1_69' title='bbox 703 1187 728 1236; x_wconf 99' lang='lat'>6</span> <span class='ocrx_word' id='word_1_70' title='bbox 783 1183 1095 1256; x_wconf 71' lang='grc' dir='ltr'>βλεπόμενος</span> <span class='ocrx_word' id='word_1_71' title='bbox 1144 1182 1331 1251; x_wconf 76' lang='grc' dir='ltr'>(ἔσωζε</span> <span class='ocrx_word' id='word_1_72' title='bbox 1372 1183 1473 1255; x_wconf 83' lang='grc' dir='ltr'>γὰρ</span> <span class='ocrx_word' id='word_1_73' title='bbox 1525 1182 1550 1231; x_wconf 91' lang='lat'>6</span> <span class='ocrx_word' id='word_1_74' title='bbox 1601 1185 1883 1254; x_wconf 87' lang='grc' dir='ltr'>χαρακτήρ</span> 
     </span>
    </p>
   </div>
   <div class='ocr_carea' id='block_1_13' title="bbox 282 1268 1887 1346">
    <p class='ocr_par' dir='ltr' id='par_1_13' title="bbox 282 1268 1887 1346">
     <span class='ocr_line' id='line_1_13' title="bbox 282 1268 1887 1346; baseline -0.004 -20"><span class='ocrx_word' id='word_1_75' title='bbox 282 1274 478 1326; x_wconf 75' lang='grc' dir='ltr'>ἐκείνου</span> <span class='ocrx_word' id='word_1_76' title='bbox 534 1274 828 1346; x_wconf 83' lang='grc' dir='ltr'>ατρέστατα</span> <span class='ocrx_word' id='word_1_77' title='bbox 875 1276 940 1323; x_wconf 80' lang='grc' dir='ltr'>τα</span> <span class='ocrx_word' id='word_1_78' title='bbox 981 1272 1361 1343; x_wconf 72' lang='grc' dir='ltr'>γνωρίσματα),</span> <span class='ocrx_word' id='word_1_79' title='bbox 1413 1268 1700 1341; x_wconf 81' lang='grc' dir='ltr'>ἀνάμνησιν</span> <span class='ocrx_word' id='word_1_80' title='bbox 1741 1268 1887 1329; x_wconf 78' lang='grc' dir='ltr'>εὐθὺς</span> 
     </span>
    </p>
   </div>
   <div class='ocr_carea' id='block_1_14' title="bbox 282 1359 1882 1435">
    <p class='ocr_par' dir='ltr' id='par_1_14' title="bbox 282 1359 1882 1435">
     <span class='ocr_line' id='line_1_14' title="bbox 282 1359 1882 1435; baseline -0.004 -20"><span class='ocrx_word' id='word_1_81' title='bbox 282 1362 534 1435; x_wconf 71' lang='grc' dir='ltr'>ἐλάμϐανε</span> <span class='ocrx_word' id='word_1_82' title='bbox 590 1371 682 1414; x_wconf 78' lang='grc' dir='ltr'>τοῦ</span> <span class='ocrx_word' id='word_1_83' title='bbox 738 1362 807 1422; x_wconf 83' lang='grc' dir='ltr'>εἰς</span> <span class='ocrx_word' id='word_1_84' title='bbox 860 1361 1014 1413; x_wconf 74' lang='grc' dir='ltr'>αὐτόν</span> <span class='ocrx_word' id='word_1_85' title='bbox 1069 1360 1283 1433; x_wconf 79' lang='grc' dir='ltr'>φίλτρου</span> <span class='ocrx_word' id='word_1_86' title='bbox 1337 1366 1427 1411; x_wconf 79' lang='grc' dir='ltr'>καὶ</span> <span class='ocrx_word' id='word_1_87' title='bbox 1488 1359 1882 1430; x_wconf 75' lang='grc' dir='ltr'>ἁμαρτήματος,</span> 
     </span>
    </p>
   </div>
   <div class='ocr_carea' id='block_1_15' title="bbox 282 1445 1884 1524">
    <p class='ocr_par' dir='ltr' id='par_1_15' title="bbox 282 1445 1884 1524">
     <span class='ocr_line' id='line_1_15' title="bbox 282 1445 1884 1524; baseline -0.004 -20"><span class='ocrx_word' id='word_1_88' title='bbox 282 1458 373 1504; x_wconf 80' lang='grc' dir='ltr'>καὶ</span> <span class='ocrx_word' id='word_1_89' title='bbox 429 1456 496 1504; x_wconf 84' lang='grc' dir='ltr'>Οἵ</span> <span class='ocrx_word' id='word_1_90' title='bbox 546 1472 637 1524; x_wconf 88' lang='grc' dir='ltr'>μοι</span> <span class='ocrx_word' id='word_1_91' title='bbox 693 1450 705 1504; x_wconf 80' lang='grc'><strong>1</strong></span> <span class='ocrx_word' id='word_1_92' title='bbox 758 1453 898 1523; x_wconf 81' lang='grc' dir='ltr'>ἄνερ,</span> <span class='ocrx_word' id='word_1_93' title='bbox 960 1448 1336 1501; x_wconf 83' lang='grc' dir='ltr'>ὰνακλαύσασα</span> <span class='ocrx_word' id='word_1_94' title='bbox 1404 1445 1558 1511; x_wconf 80' lang='grc' dir='ltr'>εἶπεν,</span> <span class='ocrx_word' id='word_1_95' title='bbox 1616 1448 1686 1507; x_wconf 80' lang='grc' dir='ltr'>είς</span> <span class='ocrx_word' id='word_1_96' title='bbox 1743 1449 1884 1508; x_wconf 78' lang='grc' dir='ltr'>οἵους</span> 
     </span>
    </p>
   </div>
   <div class='ocr_carea' id='block_1_16' title="bbox 285 1537 1879 1610">
    <p class='ocr_par' dir='ltr' id='par_1_16' title="bbox 285 1537 1879 1610">
     <span class='ocr_line' id='line_1_16' title="bbox 285 1537 1879 1610; baseline -0.004 -17"><span class='ocrx_word' id='word_1_97' title='bbox 285 1548 469 1601; x_wconf 77' lang='grc' dir='ltr'>πόνους</span> <span class='ocrx_word' id='word_1_98' title='bbox 549 1537 821 1593; x_wconf 79' lang='grc' dir='ltr'>ἐκδέδωκα</span> <span class='ocrx_word' id='word_1_99' title='bbox 899 1539 1126 1610; x_wconf 82' lang='grc' dir='ltr'>ἐμαυτήν</span> <span class='ocrx_word' id='word_1_100' title='bbox 1205 1540 1476 1610; x_wconf 77' lang='grc' dir='ltr'>θεραπείαν</span> <span class='ocrx_word' id='word_1_101' title='bbox 1526 1540 1879 1609; x_wconf 75' lang='grc' dir='ltr'>μηχανωμένη</span> 
     </span>
    </p>
   </div>
   <div class='ocr_carea' id='block_1_17' title="bbox 284 1624 1885 1704">
    <p class='ocr_par' dir='ltr' id='par_1_17' title="bbox 284 1624 1885 1704">
     <span class='ocr_line' id='line_1_17' title="bbox 284 1624 1885 1704; baseline -0.004 -22"><span class='ocrx_word' id='word_1_102' title='bbox 284 1638 377 1682; x_wconf 83' lang='grc' dir='ltr'>τού</span> <span class='ocrx_word' id='word_1_103' title='bbox 427 1637 553 1704; x_wconf 81' lang='grc' dir='ltr'>πρὸς</span> <span class='ocrx_word' id='word_1_104' title='bbox 605 1632 661 1681; x_wconf 76' lang='grc' dir='ltr'>σε</span> <span class='ocrx_word' id='word_1_105' title='bbox 713 1630 1028 1700; x_wconf 75' lang='grc' dir='ltr'>σφάλματος,</span> <span class='ocrx_word' id='word_1_106' title='bbox 1082 1632 1170 1678; x_wconf 80' lang='grc' dir='ltr'>καὶ</span> <span class='ocrx_word' id='word_1_107' title='bbox 1202 1624 1461 1701; x_wconf 86' lang='grc' dir='ltr'>δάκρυσιν</span> <span class='ocrx_word' id='word_1_108' title='bbox 1492 1626 1649 1677; x_wconf 85' lang='grc' dir='ltr'>ἐκεῖνο</span> <span class='ocrx_word' id='word_1_109' title='bbox 1679 1626 1885 1685; x_wconf 79' lang='grc' dir='ltr'>πολλοῖς</span> 
     </span>
    </p>
   </div>
   <div class='ocr_carea' id='block_1_18' title="bbox 1300 250 2620 317">
    <p class='ocr_par' dir='ltr' id='par_1_18' title="bbox 1300 250 2620 317">
     <span class='ocr_line' id='line_1_18' title="bbox 1300 250 2620 317; baseline -0.004 -4"><span class='ocrx_word' id='word_1_110' title='bbox 1300 252 1471 313; x_wconf 79' lang='lat' dir='ltr'>VITA</span> <span class='ocrx_word' id='word_1_111' title='bbox 1505 254 1569 314; x_wconf 87' lang='lat' dir='ltr'><strong>S.</strong></span> <span class='ocrx_word' id='word_1_112' title='bbox 1608 250 2022 313; x_wconf 63' lang='lat' dir='ltr'>THEODORIE</span> <span class='ocrx_word' id='word_1_113' title='bbox 2056 250 2620 317; x_wconf 74' lang='lat' dir='ltr'>ALEXANDRIN/E.</span> 
     </span>
    </p>
   </div>
   <div class='ocr_carea' id='block_1_19' title="bbox 1202 376 1890 451">
    <p class='ocr_par' dir='ltr' id='par_1_19' title="bbox 1202 377 1873 443">
     <span class='ocr_line' id='line_1_19' title="bbox 1202 377 1873 443; baseline -0.003 -12"><span class='ocrx_word' id='word_1_114' title='bbox 1202 378 1367 431; x_wconf 80' lang='grc' dir='ltr'>’Ἡκου</span> <span class='ocrx_word' id='word_1_115' title='bbox 1375 398 1458 431; x_wconf 90' lang='grc' dir='ltr'>σεν</span> <span class='ocrx_word' id='word_1_116' title='bbox 1522 377 1726 443; x_wconf 84' lang='grc' dir='ltr'>ἐκεῖνος,</span> <span class='ocrx_word' id='word_1_117' title='bbox 1785 382 1873 429; x_wconf 86' lang='grc' dir='ltr'>καὶ</span> 
     </span>
    </p>
   </div>
   <div class='ocr_carea' id='block_1_20' title="bbox 2004 376 3637 451">
    <p class='ocr_par' dir='ltr' id='par_1_20' title="bbox 2004 376 3637 451">
     <span class='ocr_line' id='line_1_20' title="bbox 2004 376 3637 451; baseline 0.004 -19"><span class='ocrx_word' id='word_1_118' title='bbox 2004 376 2147 448; x_wconf 73' lang='grc' dir='ltr'>Ῑιιοά</span> <span class='ocrx_word' id='word_1_119' title='bbox 2178 376 2420 447; x_wconf 70' lang='lat' dir='ltr'><strong>quaeris.</strong></span> <span class='ocrx_word' id='word_1_120' title='bbox 2451 377 2687 433; x_wconf 87' lang='lat' dir='ltr'><strong>Audivit</strong></span> <span class='ocrx_word' id='word_1_121' title='bbox 2713 377 2827 445; x_wconf 85' lang='lat' dir='ltr'><strong>ille,</strong></span> <span class='ocrx_word' id='word_1_122' title='bbox 2862 385 2916 433; x_wconf 91' lang='lat' dir='ltr'>et</span> <span class='ocrx_word' id='word_1_123' title='bbox 2953 378 3087 434; x_wconf 91' lang='lat' dir='ltr'><strong>fecit</strong></span> <span class='ocrx_word' id='word_1_124' title='bbox 3119 380 3488 451; x_wconf 89' lang='lat' dir='ltr'><strong>sicutjussus</strong></span> <span class='ocrx_word' id='word_1_125' title='bbox 3515 382 3637 439; x_wconf 91' lang='lat' dir='ltr'><strong>fue-</strong></span> 
     </span>
    </p>
   </div>
   <div class='ocr_carea' id='block_1_21' title="bbox 3528 259 3635 313">
    <p class='ocr_par' dir='ltr' id='par_1_21' title="bbox 3528 259 3635 313">
     <span class='ocr_line' id='line_1_21' title="bbox 3528 259 3635 313; baseline 0 0"><span class='ocrx_word' id='word_1_126' title='bbox 3528 259 3635 313; x_wconf 76' lang='grc'>674</span> 
     </span>
    </p>
   </div>
   <div class='ocr_carea' id='block_1_22' title="bbox 1986 464 3639 534">
    <p class='ocr_par' dir='ltr' id='par_1_22' title="bbox 1986 464 3639 534">
     <span class='ocr_line' id='line_1_22' title="bbox 1986 464 3639 534; baseline 0.005 -16"><span class='ocrx_word' id='word_1_127' title='bbox 1986 470 2095 519; x_wconf 89' lang='lat' dir='ltr'><strong>rat.</strong></span> <span class='ocrx_word' id='word_1_128' title='bbox 2142 464 2205 519; x_wconf 89' lang='lat' dir='ltr'><strong>Et</strong></span> <span class='ocrx_word' id='word_1_129' title='bbox 2234 465 2599 519; x_wconf 90' lang='lat' dir='ltr'><strong>conveniunt</strong></span> <span class='ocrx_word' id='word_1_130' title='bbox 2627 465 2890 520; x_wconf 79' lang='lat' dir='ltr'>adversis</span> <span class='ocrx_word' id='word_1_131' title='bbox 2934 466 3253 534; x_wconf 76' lang='lat' dir='ltr'>frontibus,</span> <span class='ocrx_word' id='word_1_132' title='bbox 3281 474 3338 523; x_wconf 88' lang='lat' dir='ltr'><strong>et</strong></span> <span class='ocrx_word' id='word_1_133' title='bbox 3377 487 3440 525; x_wconf 89' lang='lat' dir='ltr'>se</span> <span class='ocrx_word' id='word_1_134' title='bbox 3488 471 3639 526; x_wconf 85' lang='lat' dir='ltr'><strong>invi-</strong></span> 
     </span>
    </p>
   </div>
   <div class='ocr_carea' id='block_1_23' title="bbox 1987 553 3637 631">
    <p class='ocr_par' dir='ltr' id='par_1_23' title="bbox 1987 553 3637 631">
     <span class='ocr_line' id='line_1_23' title="bbox 1987 553 3637 631; baseline 0.005 -24"><span class='ocrx_word' id='word_1_135' title='bbox 1987 569 2117 608; x_wconf 90' lang='lat' dir='ltr'>cem</span> <span class='ocrx_word' id='word_1_136' title='bbox 2148 553 2546 624; x_wconf 78' lang='lat' dir='ltr'>aspicientes;</span> <span class='ocrx_word' id='word_1_137' title='bbox 2589 555 2693 609; x_wconf 90' lang='lat' dir='ltr'><strong>sed</strong></span> <span class='ocrx_word' id='word_1_138' title='bbox 2730 556 3034 610; x_wconf 89' lang='lat' dir='ltr'><strong>undenam</strong></span> <span class='ocrx_word' id='word_1_139' title='bbox 3080 562 3285 627; x_wconf 86' lang='lat' dir='ltr'><strong>p0sset</strong></span> <span class='ocrx_word' id='word_1_140' title='bbox 3330 559 3421 615; x_wconf 87' lang='lat' dir='ltr'><strong>ille</strong></span> <span class='ocrx_word' id='word_1_141' title='bbox 3453 560 3637 631; x_wconf 81' lang='lat' dir='ltr'><strong>conji-</strong></span> 
     </span>
    </p>
   </div>
   <div class='ocr_carea' id='block_1_24' title="bbox 1990 648 3642 718">
    <p class='ocr_par' dir='ltr' id='par_1_24' title="bbox 1990 648 3642 718">
     <span class='ocr_line' id='line_1_24' title="bbox 1990 648 3642 718; baseline 0.004 -22"><span class='ocrx_word' id='word_1_142' title='bbox 1990 658 2120 696; x_wconf 84' lang='lat' dir='ltr'>cere</span> <span class='ocrx_word' id='word_1_143' title='bbox 2158 658 2293 697; x_wconf 92' lang='lat' dir='ltr'>cam</span> <span class='ocrx_word' id='word_1_144' title='bbox 2328 658 2457 697; x_wconf 90' lang='lat' dir='ltr'><strong>esse</strong></span> <span class='ocrx_word' id='word_1_145' title='bbox 2503 660 2671 698; x_wconf 89' lang='lat' dir='ltr'><strong>suam</strong></span> <span class='ocrx_word' id='word_1_146' title='bbox 2704 648 2835 714; x_wconf 85' lang='lat' dir='ltr'><strong>conj</strong></span> <span class='ocrx_word' id='word_1_147' title='bbox 2851 661 3047 713; x_wconf 87' lang='lat' dir='ltr'><strong>ugem,</strong></span> <span class='ocrx_word' id='word_1_148' title='bbox 3089 662 3228 699; x_wconf 92' lang='lat' dir='ltr'>cum</span> <span class='ocrx_word' id='word_1_149' title='bbox 3260 648 3317 702; x_wconf 90' lang='lat' dir='ltr'><strong>id</strong></span> <span class='ocrx_word' id='word_1_150' title='bbox 3373 651 3535 718; x_wconf 91' lang='lat' dir='ltr'><strong>quod</strong></span> <span class='ocrx_word' id='word_1_151' title='bbox 3589 648 3642 703; x_wconf 92' lang='lat' dir='ltr'>ei</span> 
     </span>
    </p>
   </div>
   <div class='ocr_carea' id='block_1_25' title="bbox 1992 731 3645 803">
    <p class='ocr_par' dir='ltr' id='par_1_25' title="bbox 1992 731 3645 803">
     <span class='ocr_line' id='line_1_25' title="bbox 1992 731 3645 803; baseline 0.003 -17"><span class='ocrx_word' id='word_1_152' title='bbox 1992 731 2324 803; x_wconf 78' lang='lat' dir='ltr'>apparebat</span> <span class='ocrx_word' id='word_1_153' title='bbox 2362 732 2734 787; x_wconf 86' lang='lat' dir='ltr'><strong>videretesse</strong></span> <span class='ocrx_word' id='word_1_154' title='bbox 2762 735 2974 796; x_wconf 87' lang='lat' dir='ltr'><strong>virum,</strong></span> <span class='ocrx_word' id='word_1_155' title='bbox 3018 742 3075 789; x_wconf 86' lang='lat' dir='ltr'>et</span> <span class='ocrx_word' id='word_1_156' title='bbox 3108 737 3253 789; x_wconf 89' lang='lat' dir='ltr'><strong>virili</strong></span> <span class='ocrx_word' id='word_1_157' title='bbox 3285 746 3441 791; x_wconf 81' lang='lat' dir='ltr'><strong>veste</strong></span> <span class='ocrx_word' id='word_1_158' title='bbox 3474 737 3645 791; x_wconf 86' lang='lat' dir='ltr'><strong>indu-</strong></span> 
     </span>
    </p>
   </div>
   <div class='ocr_carea' id='block_1_26' title="bbox 1992 821 3644 894">
    <p class='ocr_par' dir='ltr' id='par_1_26' title="bbox 1992 821 3644 894">
     <span class='ocr_line' id='line_1_26' title="bbox 1992 821 3644 894; baseline 0.003 -19"><span class='ocrx_word' id='word_1_159' title='bbox 1992 827 2140 882; x_wconf 85' lang='lat' dir='ltr'><strong>tum.</strong></span> <span class='ocrx_word' id='word_1_160' title='bbox 2171 821 2430 875; x_wconf 81' lang='lat' dir='ltr'>maxime</span> <span class='ocrx_word' id='word_1_161' title='bbox 2460 838 2593 876; x_wconf 90' lang='lat' dir='ltr'>cum</span> <span class='ocrx_word' id='word_1_162' title='bbox 2632 832 2804 876; x_wconf 88' lang='lat' dir='ltr'><strong>vestis</strong></span> <span class='ocrx_word' id='word_1_163' title='bbox 2853 832 3006 878; x_wconf 90' lang='lat' dir='ltr'><strong>esset</strong></span> <span class='ocrx_word' id='word_1_164' title='bbox 3050 827 3406 894; x_wconf 80' lang='lat' dir='ltr'><strong>mouastica,</strong></span> <span class='ocrx_word' id='word_1_165' title='bbox 3437 834 3492 879; x_wconf 90' lang='lat' dir='ltr'>et</span> <span class='ocrx_word' id='word_1_166' title='bbox 3518 826 3644 894; x_wconf 89' lang='lat' dir='ltr'><strong>jam</strong></span> 
     </span>
    </p>
   </div>
   <div class='ocr_carea' id='block_1_27' title="bbox 1992 910 3649 980">
    <p class='ocr_par' dir='ltr' id='par_1_27' title="bbox 1992 910 3649 980">
     <span class='ocr_line' id='line_1_27' title="bbox 1992 910 3649 980; baseline 0.003 -17"><span class='ocrx_word' id='word_1_167' title='bbox 1992 911 2043 964; x_wconf 90' lang='lat' dir='ltr'><strong>ei</strong></span> <span class='ocrx_word' id='word_1_168' title='bbox 2075 912 2458 964; x_wconf 87' lang='lat' dir='ltr'><strong>emarcuisset</strong></span> <span class='ocrx_word' id='word_1_169' title='bbox 2501 910 2731 980; x_wconf 80' lang='lat' dir='ltr'><strong>species</strong></span> <span class='ocrx_word' id='word_1_170' title='bbox 2764 911 3091 967; x_wconf 87' lang='lat' dir='ltr'><strong>immodica</strong></span> <span class='ocrx_word' id='word_1_171' title='bbox 3122 912 3439 967; x_wconf 78' lang='lat' dir='ltr'><strong>aﬂlictione</strong></span> <span class='ocrx_word' id='word_1_172' title='bbox 3470 921 3525 968; x_wconf 92' lang='lat' dir='ltr'>et</span> <span class='ocrx_word' id='word_1_173' title='bbox 3556 930 3649 968; x_wconf 85' lang='lat' dir='ltr'><strong>as—</strong></span> 
     </span>
    </p>
   </div>
   <div class='ocr_carea' id='block_1_28' title="bbox 1994 998 3648 1070">
    <p class='ocr_par' dir='ltr' id='par_1_28' title="bbox 1994 998 3648 1070">
     <span class='ocr_line' id='line_1_28' title="bbox 1994 998 3648 1070; baseline 0.004 -18"><span class='ocrx_word' id='word_1_174' title='bbox 1994 1000 2241 1070; x_wconf 88' lang='lat' dir='ltr'><strong>peritate</strong></span> <span class='ocrx_word' id='word_1_175' title='bbox 2253 998 2716 1054; x_wconf 79' lang='lat' dir='ltr'>exercitationis?</span> <span class='ocrx_word' id='word_1_176' title='bbox 2732 999 2835 1055; x_wconf 83' lang='lat' dir='ltr'><strong>illa</strong></span> <span class='ocrx_word' id='word_1_177' title='bbox 2847 1009 3047 1056; x_wconf 89' lang='lat' dir='ltr'><strong>autem</strong></span> <span class='ocrx_word' id='word_1_178' title='bbox 3061 1018 3199 1056; x_wconf 92' lang='lat' dir='ltr'>cum</span> <span class='ocrx_word' id='word_1_179' title='bbox 3213 1018 3350 1057; x_wconf 90' lang='lat' dir='ltr'><strong>eum</strong></span> <span class='ocrx_word' id='word_1_180' title='bbox 3364 1004 3557 1058; x_wconf 86' lang='lat' dir='ltr'><strong>solum</strong></span> <span class='ocrx_word' id='word_1_181' title='bbox 3574 1004 3648 1057; x_wconf 88' lang='lat' dir='ltr'>vi-</span> 
     </span>
    </p>
   </div>
   <div class='ocr_carea' id='block_1_29' title="bbox 1994 1088 3648 1163">
    <p class='ocr_par' dir='ltr' id='par_1_29' title="bbox 1994 1088 3648 1163">
     <span class='ocr_line' id='line_1_29' title="bbox 1994 1088 3648 1163; baseline 0.004 -22"><span class='ocrx_word' id='word_1_182' title='bbox 1994 1088 2197 1151; x_wconf 88' lang='lat' dir='ltr'><strong>disset,</strong></span> <span class='ocrx_word' id='word_1_183' title='bbox 2233 1090 2288 1141; x_wconf 94' lang='lat' dir='ltr'>et</span> <span class='ocrx_word' id='word_1_184' title='bbox 2317 1088 2368 1141; x_wconf 91' lang='lat' dir='ltr'><strong>ei</strong></span> <span class='ocrx_word' id='word_1_185' title='bbox 2399 1088 2682 1144; x_wconf 89' lang='lat' dir='ltr'><strong>indicaret</strong></span> <span class='ocrx_word' id='word_1_186' title='bbox 2704 1089 2927 1155; x_wconf 85' lang='lat' dir='ltr'>vultus,</span> <span class='ocrx_word' id='word_1_187' title='bbox 2950 1091 3230 1161; x_wconf 85' lang='lat' dir='ltr'>quisnam</span> <span class='ocrx_word' id='word_1_188' title='bbox 3260 1096 3414 1147; x_wconf 85' lang='lat' dir='ltr'><strong>esset</strong></span> <span class='ocrx_word' id='word_1_189' title='bbox 3436 1093 3536 1163; x_wconf 90' lang='lat' dir='ltr'>qui</span> <span class='ocrx_word' id='word_1_190' title='bbox 3572 1094 3648 1148; x_wconf 90' lang='lat' dir='ltr'>vi-</span> 
     </span>
    </p>
   </div>
   <div class='ocr_carea' id='block_1_30' title="bbox 1993 1177 3649 1248">
    <p class='ocr_par' dir='ltr' id='par_1_30' title="bbox 1993 1177 3649 1248">
     <span class='ocr_line' id='line_1_30' title="bbox 1993 1177 3649 1248; baseline 0.004 -18"><span class='ocrx_word' id='word_1_191' title='bbox 1993 1177 2247 1231; x_wconf 90' lang='lat' dir='ltr'><strong>debatur</strong></span> <span class='ocrx_word' id='word_1_192' title='bbox 2298 1178 2597 1247; x_wconf 86' lang='lat' dir='ltr'><strong>(servabat</strong></span> <span class='ocrx_word' id='word_1_193' title='bbox 2639 1178 2795 1232; x_wconf 87' lang='lat' dir='ltr'><strong>enim</strong></span> <span class='ocrx_word' id='word_1_194' title='bbox 2828 1179 2983 1233; x_wconf 91' lang='lat' dir='ltr'><strong>illius</strong></span> <span class='ocrx_word' id='word_1_195' title='bbox 3030 1180 3224 1248; x_wconf 80' lang='lat' dir='ltr'><strong>figura</strong></span> <span class='ocrx_word' id='word_1_196' title='bbox 3267 1179 3488 1236; x_wconf 91' lang='lat' dir='ltr'><strong>indicia</strong></span> <span class='ocrx_word' id='word_1_197' title='bbox 3540 1182 3649 1237; x_wconf 92' lang='lat' dir='ltr'>im-</span> 
     </span>
    </p>
   </div>
   <div class='ocr_carea' id='block_1_31' title="bbox 1995 1264 3649 1338">
    <p class='ocr_par' dir='ltr' id='par_1_31' title="bbox 1995 1264 3649 1338">
     <span class='ocr_line' id='line_1_31' title="bbox 1995 1264 3649 1338; baseline 0.005 -19"><span class='ocrx_word' id='word_1_198' title='bbox 1995 1264 2348 1335; x_wconf 87' lang='lat' dir='ltr'><strong>mutabilia),</strong></span> <span class='ocrx_word' id='word_1_199' title='bbox 2377 1267 2686 1321; x_wconf 82' lang='lat' dir='ltr'><strong>recordata</strong></span> <span class='ocrx_word' id='word_1_200' title='bbox 2705 1274 2792 1321; x_wconf 87' lang='lat' dir='ltr'>est</span> <span class='ocrx_word' id='word_1_201' title='bbox 2818 1268 3088 1338; x_wconf 86' lang='lat' dir='ltr'>protinus</span> <span class='ocrx_word' id='word_1_202' title='bbox 3120 1270 3212 1323; x_wconf 90' lang='lat' dir='ltr'>sui</span> <span class='ocrx_word' id='word_1_203' title='bbox 3236 1270 3297 1323; x_wconf 93' lang='lat' dir='ltr'>in</span> <span class='ocrx_word' id='word_1_204' title='bbox 3320 1286 3457 1324; x_wconf 89' lang='lat' dir='ltr'>eum</span> <span class='ocrx_word' id='word_1_205' title='bbox 3484 1286 3649 1327; x_wconf 90' lang='lat' dir='ltr'><strong>amo-</strong></span> 
     </span>
    </p>
   </div>
   <div class='ocr_carea' id='block_1_32' title="bbox 1992 1357 3649 1427">
    <p class='ocr_par' dir='ltr' id='par_1_32' title="bbox 1992 1357 3649 1427">
     <span class='ocr_line' id='line_1_32' title="bbox 1992 1357 3649 1427; baseline 0.004 -17"><span class='ocrx_word' id='word_1_206' title='bbox 1992 1358 2071 1411; x_wconf 87' lang='lat' dir='ltr'><strong>ris</strong></span> <span class='ocrx_word' id='word_1_207' title='bbox 2102 1363 2158 1410; x_wconf 91' lang='lat' dir='ltr'>et</span> <span class='ocrx_word' id='word_1_208' title='bbox 2181 1357 2428 1427; x_wconf 84' lang='lat' dir='ltr'><strong>peccati,</strong></span> <span class='ocrx_word' id='word_1_209' title='bbox 2461 1364 2536 1421; x_wconf 90' lang='lat' dir='ltr'>et,</span> <span class='ocrx_word' id='word_1_210' title='bbox 2559 1358 2653 1411; x_wconf 85' lang='lat' dir='ltr'><strong>Hei</strong></span> <span class='ocrx_word' id='word_1_211' title='bbox 2686 1357 2853 1423; x_wconf 86' lang='lat' dir='ltr'><strong>mihi,</strong></span> <span class='ocrx_word' id='word_1_212' title='bbox 2891 1374 2926 1412; x_wconf 94' lang='lat' dir='ltr'><strong>o</strong></span> <span class='ocrx_word' id='word_1_213' title='bbox 2950 1358 3341 1427; x_wconf 84' lang='lat' dir='ltr'><strong>marite,ﬂens</strong></span> <span class='ocrx_word' id='word_1_214' title='bbox 3362 1361 3649 1417; x_wconf 87' lang='lat' dir='ltr'><strong>ethumili</strong></span> 
     </span>
    </p>
   </div>
   <div class='ocr_carea' id='block_1_33' title="bbox 1992 1444 3643 1515">
    <p class='ocr_par' dir='ltr' id='par_1_33' title="bbox 1992 1444 3643 1515">
     <span class='ocr_line' id='line_1_33' title="bbox 1992 1444 3643 1515; baseline 0.004 -16"><span class='ocrx_word' id='word_1_215' title='bbox 1992 1460 2137 1499; x_wconf 85' lang='lat' dir='ltr'><strong>voce</strong></span> <span class='ocrx_word' id='word_1_216' title='bbox 2176 1444 2343 1507; x_wconf 80' lang='lat' dir='ltr'><strong>dixit,</strong></span> <span class='ocrx_word' id='word_1_217' title='bbox 2380 1446 2459 1499; x_wconf 89' lang='lat' dir='ltr'>ad</span> <span class='ocrx_word' id='word_1_218' title='bbox 2501 1454 2762 1515; x_wconf 89' lang='lat' dir='ltr'><strong>quantos</strong></span> <span class='ocrx_word' id='word_1_219' title='bbox 2805 1464 2897 1500; x_wconf 90' lang='lat' dir='ltr'>me</span> <span class='ocrx_word' id='word_1_220' title='bbox 2944 1449 3181 1503; x_wconf 83' lang='lat' dir='ltr'>labores</span> <span class='ocrx_word' id='word_1_221' title='bbox 3226 1450 3459 1514; x_wconf 83' lang='lat' dir='ltr'><strong>tradidi,</strong></span> <span class='ocrx_word' id='word_1_222' title='bbox 3499 1452 3643 1505; x_wconf 86' lang='lat' dir='ltr'>dum</span> 
     </span>
    </p>
   </div>
   <div class='ocr_carea' id='block_1_34' title="bbox 1994 1534 3651 1605">
    <p class='ocr_par' dir='ltr' id='par_1_34' title="bbox 1994 1534 3651 1605">
     <span class='ocr_line' id='line_1_34' title="bbox 1994 1534 3651 1605; baseline 0.002 -17"><span class='ocrx_word' id='word_1_223' title='bbox 1994 1536 2110 1588; x_wconf 87' lang='lat' dir='ltr'><strong>mei</strong></span> <span class='ocrx_word' id='word_1_224' title='bbox 2134 1534 2194 1588; x_wconf 88' lang='lat' dir='ltr'><strong>in</strong></span> <span class='ocrx_word' id='word_1_225' title='bbox 2224 1538 2278 1588; x_wconf 89' lang='lat' dir='ltr'>te</span> <span class='ocrx_word' id='word_1_226' title='bbox 2306 1534 2501 1588; x_wconf 86' lang='lat' dir='ltr'><strong>delicti</strong></span> <span class='ocrx_word' id='word_1_227' title='bbox 2530 1550 2736 1605; x_wconf 71' lang='lat' dir='ltr'><strong>quaero</strong></span> <span class='ocrx_word' id='word_1_228' title='bbox 2764 1536 3147 1603; x_wconf 86' lang='lat' dir='ltr'>medicinam,</span> <span class='ocrx_word' id='word_1_229' title='bbox 3182 1544 3238 1591; x_wconf 92' lang='lat' dir='ltr'>et</span> <span class='ocrx_word' id='word_1_230' title='bbox 3268 1539 3480 1594; x_wconf 87' lang='lat' dir='ltr'><strong>studeo</strong></span> <span class='ocrx_word' id='word_1_231' title='bbox 3502 1541 3651 1595; x_wconf 89' lang='lat' dir='ltr'><strong>mul-</strong></span> 
     </span>
    </p>
   </div>
   <div class='ocr_carea' id='block_1_35' title="bbox 1997 1622 3646 1700">
    <p class='ocr_par' dir='ltr' id='par_1_35' title="bbox 1997 1622 3646 1700">
     <span class='ocr_line' id='line_1_35' title="bbox 1997 1622 3646 1700; baseline 0.004 -23"><span class='ocrx_word' id='word_1_232' title='bbox 1997 1623 2067 1678; x_wconf 88' lang='lat' dir='ltr'><strong>tis</strong></span> <span class='ocrx_word' id='word_1_233' title='bbox 2095 1622 2239 1677; x_wconf 90' lang='lat' dir='ltr'><strong>illud</strong></span> <span class='ocrx_word' id='word_1_234' title='bbox 2260 1622 2454 1677; x_wconf 90' lang='lat' dir='ltr'><strong>delere</strong></span> <span class='ocrx_word' id='word_1_235' title='bbox 2480 1623 2792 1694; x_wconf 80' lang='lat' dir='ltr'><strong>lacrymis!</strong></span> <span class='ocrx_word' id='word_1_236' title='bbox 2824 1628 2891 1680; x_wconf 84' lang='lat' dir='ltr'><strong>Et</strong></span> <span class='ocrx_word' id='word_1_237' title='bbox 2915 1642 3053 1680; x_wconf 90' lang='lat' dir='ltr'><strong>cum</strong></span> <span class='ocrx_word' id='word_1_238' title='bbox 3076 1628 3126 1680; x_wconf 93' lang='lat' dir='ltr'>ei</span> <span class='ocrx_word' id='word_1_239' title='bbox 3148 1626 3349 1682; x_wconf 77' lang='lat' dir='ltr'><strong>fuisset</strong></span> <span class='ocrx_word' id='word_1_240' title='bbox 3376 1634 3646 1700; x_wconf 88' lang='lat' dir='ltr'><strong>propius,</strong></span> 
     </span>
    </p>
   </div>
   <div class='ocr_carea' id='block_1_36' title="bbox 287 1712 1890 1789">
    <p class='ocr_par' dir='ltr' id='par_1_36' title="bbox 287 1712 1884 1789">
     <span class='ocr_line' id='line_1_36' title="bbox 287 1712 1884 1789; baseline -0.004 -19"><span class='ocrx_word' id='word_1_241' title='bbox 287 1718 562 1789; x_wconf 75' lang='grc' dir='ltr'>ἰεναλεῖψαι</span> <span class='ocrx_word' id='word_1_242' title='bbox 612 1715 1015 1777; x_wconf 74' lang='grc' dir='ltr'>σπουδάζουσα.</span> <span class='ocrx_word' id='word_1_243' title='bbox 1080 1721 1179 1768; x_wconf 78' lang='grc' dir='ltr'>Καὶ</span> <span class='ocrx_word' id='word_1_244' title='bbox 1234 1712 1303 1773; x_wconf 85' lang='grc' dir='ltr'>δή</span> <span class='ocrx_word' id='word_1_245' title='bbox 1355 1720 1443 1766; x_wconf 77' lang='grc' dir='ltr'>καί</span> <span class='ocrx_word' id='word_1_246' title='bbox 1478 1716 1698 1773; x_wconf 79' lang='grc' dir='ltr'>πλησίον</span> <span class='ocrx_word' id='word_1_247' title='bbox 1726 1719 1884 1766; x_wconf 81' lang='grc' dir='ltr'>αύτού</span> 
     </span>
    </p>
   </div>
   <div class='ocr_carea' id='block_1_37' title="bbox 2004 1712 3647 1789">
    <p class='ocr_par' dir='ltr' id='par_1_37' title="bbox 2004 1712 3647 1786">
     <span class='ocr_line' id='line_1_37' title="bbox 2004 1712 3647 1786; baseline 0.003 -19"><span class='ocrx_word' id='word_1_248' title='bbox 2004 1718 2054 1767; x_wconf 86' lang='lat' dir='ltr'>et</span> <span class='ocrx_word' id='word_1_249' title='bbox 2091 1715 2164 1780; x_wconf 90' lang='lat' dir='ltr'><strong>ei,</strong></span> <span class='ocrx_word' id='word_1_250' title='bbox 2196 1712 2390 1777; x_wconf 89' lang='lat' dir='ltr'><strong>Salve,</strong></span> <span class='ocrx_word' id='word_1_251' title='bbox 2422 1713 2666 1767; x_wconf 73' lang='lat' dir='ltr'><strong>diXisset</strong></span> <span class='ocrx_word' id='word_1_252' title='bbox 2691 1731 2877 1784; x_wconf 91' lang='lat' dir='ltr'><strong>quam</strong></span> <span class='ocrx_word' id='word_1_253' title='bbox 2918 1717 3182 1786; x_wconf 87' lang='lat' dir='ltr'><strong>primum</strong></span> <span class='ocrx_word' id='word_1_254' title='bbox 3215 1718 3511 1786; x_wconf 82' lang='lat' dir='ltr'><strong>praeteriit.</strong></span> <span class='ocrx_word' id='word_1_255' title='bbox 3552 1718 3647 1773; x_wconf 85' lang='lat' dir='ltr'><strong>ille</strong></span> 
     </span>
    </p>
   </div>
   <div class='ocr_carea' id='block_1_38' title="bbox 287 1806 1887 1880">
    <p class='ocr_par' dir='ltr' id='par_1_38' title="bbox 287 1806 1887 1880">
     <span class='ocr_line' id='line_1_38' title="bbox 287 1806 1887 1880; baseline -0.003 -21"><span class='ocrx_word' id='word_1_256' title='bbox 287 1813 552 1880; x_wconf 82' lang='grc' dir='ltr'>γενομένη,</span> <span class='ocrx_word' id='word_1_257' title='bbox 608 1814 772 1879; x_wconf 84' lang='grc' dir='ltr'>Χαῖρε</span> <span class='ocrx_word' id='word_1_258' title='bbox 836 1825 890 1857; x_wconf 84' lang='grc' dir='ltr'>τε</span> <span class='ocrx_word' id='word_1_259' title='bbox 934 1806 1074 1875; x_wconf 81' lang='grc' dir='ltr'>αύτῴ</span> <span class='ocrx_word' id='word_1_260' title='bbox 1121 1809 1574 1877; x_wconf 76' lang='grc' dir='ltr'>προσφωνήσασα,</span> <span class='ocrx_word' id='word_1_261' title='bbox 1616 1808 1675 1854; x_wconf 86' lang='grc' dir='ltr'>τό</span> <span class='ocrx_word' id='word_1_262' title='bbox 1726 1806 1887 1875; x_wconf 87' lang='grc' dir='ltr'>τάχος</span> 
     </span>
    </p>
   </div>
   <div class='ocr_carea' id='block_1_39' title="bbox 294 1891 1888 1969">
    <p class='ocr_par' dir='ltr' id='par_1_39' title="bbox 294 1891 1888 1969">
     <span class='ocr_line' id='line_1_39' title="bbox 294 1891 1888 1969; baseline -0.002 -23"><span class='ocrx_word' id='word_1_263' title='bbox 294 1895 733 1969; x_wconf 78' lang='grc' dir='ltr'>ἀντιπαρήρχετο.</span> <span class='ocrx_word' id='word_1_264' title='bbox 785 1894 843 1945; x_wconf 71' lang='grc' dir='ltr'><strong>Ὀ</strong></span> <span class='ocrx_word' id='word_1_265' title='bbox 876 1891 935 1945; x_wconf 70' lang='grc' dir='ltr'>δὲ</span> <span class='ocrx_word' id='word_1_266' title='bbox 980 1902 1039 1965; x_wconf 73' lang='grc' dir='ltr'>τῇ</span> <span class='ocrx_word' id='word_1_267' title='bbox 1088 1895 1244 1964; x_wconf 80' lang='grc' dir='ltr'>ὁμοίᾳ</span> <span class='ocrx_word' id='word_1_268' title='bbox 1289 1896 1379 1964; x_wconf 74' lang='grc' dir='ltr'>μὲν</span> <span class='ocrx_word' id='word_1_269' title='bbox 1431 1899 1515 1945; x_wconf 83' lang='grc' dir='ltr'>καὶ</span> <span class='ocrx_word' id='word_1_270' title='bbox 1563 1893 1714 1952; x_wconf 74' lang='grc' dir='ltr'>αὐτὸς</span> <span class='ocrx_word' id='word_1_271' title='bbox 1754 1892 1888 1944; x_wconf 83' lang='grc' dir='ltr'>αντι-</span> 
     </span>
    </p>
   </div>
   <div class='ocr_carea' id='block_1_40' title="bbox 293 1980 1888 2057">
    <p class='ocr_par' dir='ltr' id='par_1_40' title="bbox 293 1980 1888 2057">
     <span class='ocr_line' id='line_1_40' title="bbox 293 1980 1888 2057; baseline -0.003 -20"><span class='ocrx_word' id='word_1_272' title='bbox 293 1988 668 2057; x_wconf 85' lang='grc' dir='ltr'>προσαγορεύει</span> <span class='ocrx_word' id='word_1_273' title='bbox 700 1991 863 2055; x_wconf 77' lang='grc' dir='ltr'>φωνῇ.</span> <span class='ocrx_word' id='word_1_274' title='bbox 914 1983 1153 2054; x_wconf 80' lang='grc' dir='ltr'>11αρήλθε</span> <span class='ocrx_word' id='word_1_275' title='bbox 1203 1980 1261 2034; x_wconf 72' lang='grc' dir='ltr'>δὲ</span> <span class='ocrx_word' id='word_1_276' title='bbox 1313 1990 1412 2033; x_wconf 83' lang='grc' dir='ltr'>τῶν</span> <span class='ocrx_word' id='word_1_277' title='bbox 1440 1983 1698 2056; x_wconf 76' lang='grc' dir='ltr'>ῥηθέντων</span> <span class='ocrx_word' id='word_1_278' title='bbox 1747 1982 1888 2052; x_wconf 80' lang='grc' dir='ltr'>αύτῷ</span> 
     </span>
    </p>
   </div>
   <div class='ocr_carea' id='block_1_41' title="bbox 295 2071 1890 2147">
    <p class='ocr_par' dir='ltr' id='par_1_41' title="bbox 295 2071 1890 2147">
     <span class='ocr_line' id='line_1_41' title="bbox 295 2071 1890 2147; baseline -0.003 -21"><span class='ocrx_word' id='word_1_279' title='bbox 295 2078 418 2147; x_wconf 86' lang='grc' dir='ltr'>πρὸς</span> <span class='ocrx_word' id='word_1_280' title='bbox 446 2082 538 2125; x_wconf 83' lang='grc' dir='ltr'>τού</span> <span class='ocrx_word' id='word_1_281' title='bbox 568 2072 785 2145; x_wconf 75' lang='grc' dir='ltr'>ἀγγέλου</span> <span class='ocrx_word' id='word_1_282' title='bbox 812 2074 1044 2144; x_wconf 86' lang='grc' dir='ltr'>καθάπερ</span> <span class='ocrx_word' id='word_1_283' title='bbox 1077 2071 1456 2143; x_wconf 81' lang='grc' dir='ltr'>ἐπιλαθόμενος,</span> <span class='ocrx_word' id='word_1_284' title='bbox 1489 2075 1553 2131; x_wconf 83' lang='grc' dir='ltr'>ὡς</span> <span class='ocrx_word' id='word_1_285' title='bbox 1578 2079 1638 2143; x_wconf 78' lang='grc' dir='ltr'>τῇ</span> <span class='ocrx_word' id='word_1_286' title='bbox 1673 2071 1890 2143; x_wconf 84' lang='grc' dir='ltr'>μεταϐο-</span> 
     </span>
    </p>
   </div>
   <div class='ocr_carea' id='block_1_42' title="bbox 290 2161 1890 2236">
    <p class='ocr_par' dir='ltr' id='par_1_42' title="bbox 290 2161 1890 2236">
     <span class='ocr_line' id='line_1_42' title="bbox 290 2161 1890 2236; baseline -0.003 -20"><span class='ocrx_word' id='word_1_287' title='bbox 290 2163 351 2236; x_wconf 74' lang='grc' dir='ltr'>λῇ</span> <span class='ocrx_word' id='word_1_288' title='bbox 381 2182 435 2216; x_wconf 91' lang='grc' dir='ltr'>τε</span> <span class='ocrx_word' id='word_1_289' title='bbox 460 2171 552 2215; x_wconf 83' lang='grc' dir='ltr'>τοῦ</span> <span class='ocrx_word' id='word_1_290' title='bbox 575 2168 855 2235; x_wconf 88' lang='grc' dir='ltr'>σχήματος</span> <span class='ocrx_word' id='word_1_291' title='bbox 880 2168 969 2214; x_wconf 81' lang='grc' dir='ltr'>καὶ</span> <span class='ocrx_word' id='word_1_292' title='bbox 996 2170 1068 2232; x_wconf 83' lang='grc' dir='ltr'>τῷ</span> <span class='ocrx_word' id='word_1_293' title='bbox 1091 2162 1314 2235; x_wconf 80' lang='grc' dir='ltr'>ἀνομοίῳ</span> <span class='ocrx_word' id='word_1_294' title='bbox 1336 2170 1429 2224; x_wconf 85' lang='grc' dir='ltr'>τῆς</span> <span class='ocrx_word' id='word_1_295' title='bbox 1452 2161 1611 2233; x_wconf 74' lang='grc' dir='ltr'>ὅψεως</span> <span class='ocrx_word' id='word_1_296' title='bbox 1640 2166 1698 2213; x_wconf 86' lang='grc' dir='ltr'>τὸ</span> <span class='ocrx_word' id='word_1_297' title='bbox 1720 2162 1890 2235; x_wconf 86' lang='grc' dir='ltr'>παρά-</span> 
     </span>
    </p>
   </div>
   <div class='ocr_carea' id='block_1_43' title="bbox 286 2252 728 2315">
    <p class='ocr_par' dir='ltr' id='par_1_43' title="bbox 286 2252 728 2315">
     <span class='ocr_line' id='line_1_43' title="bbox 286 2252 728 2315; baseline -0.005 -9"><span class='ocrx_word' id='word_1_298' title='bbox 286 2273 390 2306; x_wconf 89' lang='grc' dir='ltr'>παν</span> <span class='ocrx_word' id='word_1_299' title='bbox 421 2252 728 2315; x_wconf 81' lang='grc' dir='ltr'>ἀπατηθείς.</span> 
     </span>
    </p>
   </div>
   <div class='ocr_carea' id='block_1_44' title="bbox 358 2345 1889 2424">
    <p class='ocr_par' dir='ltr' id='par_1_44' title="bbox 358 2345 1889 2424">
     <span class='ocr_line' id='line_1_44' title="bbox 358 2345 1889 2424; baseline -0.001 -21"><span class='ocrx_word' id='word_1_300' title='bbox 358 2352 436 2405; x_wconf 82' lang='grc' dir='ltr'>Ζ¹.</span> <span class='ocrx_word' id='word_1_301' title='bbox 495 2351 662 2424; x_wconf 75' lang='grc' dir='ltr'>11ολλῇ</span> <span class='ocrx_word' id='word_1_302' title='bbox 736 2348 823 2403; x_wconf 83' lang='grc' dir='ltr'>οὖν</span> <span class='ocrx_word' id='word_1_303' title='bbox 880 2358 942 2421; x_wconf 76' lang='grc' dir='ltr'>τῇ</span> <span class='ocrx_word' id='word_1_304' title='bbox 1007 2350 1209 2421; x_wconf 82' lang='grc' dir='ltr'>ἀθυμίᾳ</span> <span class='ocrx_word' id='word_1_305' title='bbox 1264 2348 1577 2422; x_wconf 85' lang='grc' dir='ltr'>βαλλόμενος</span> <span class='ocrx_word' id='word_1_306' title='bbox 1630 2350 1716 2401; x_wconf 82' lang='grc' dir='ltr'>οἷα</span> <span class='ocrx_word' id='word_1_307' title='bbox 1774 2345 1889 2401; x_wconf 88' lang='grc' dir='ltr'>δια-</span> 
     </span>
    </p>
   </div>
   <div class='ocr_carea' id='block_1_45' title="bbox 283 2436 1882 2513">
    <p class='ocr_par' dir='ltr' id='par_1_45' title="bbox 283 2436 1882 2513">
     <span class='ocr_line' id='line_1_45' title="bbox 283 2436 1882 2513; baseline -0.003 -19"><span class='ocrx_word' id='word_1_308' title='bbox 283 2440 497 2513; x_wconf 71' lang='grc' dir='ltr'>ψευθεῖς</span> <span class='ocrx_word' id='word_1_309' title='bbox 526 2447 619 2499; x_wconf 84' lang='grc' dir='ltr'>τὴν</span> <span class='ocrx_word' id='word_1_310' title='bbox 670 2440 998 2512; x_wconf 72' lang='grc' dir='ltr'>ἐπαγγελίαν,</span> <span class='ocrx_word' id='word_1_311' title='bbox 1026 2445 1189 2493; x_wconf 82' lang='grc' dir='ltr'>Ἰνατί</span> <span class='ocrx_word' id='word_1_312' title='bbox 1219 2458 1300 2511; x_wconf 84' lang='grc' dir='ltr'>με,</span> <span class='ocrx_word' id='word_1_313' title='bbox 1336 2436 1589 2505; x_wconf 77' lang='grc' dir='ltr'>δέσποτα,</span> <span class='ocrx_word' id='word_1_314' title='bbox 1622 2436 1882 2512; x_wconf 84' lang='grc' dir='ltr'>παριδὼν,</span> 
     </span>
    </p>
   </div>
   <div class='ocr_carea' id='block_1_46' title="bbox 285 2529 1880 2603">
    <p class='ocr_par' dir='ltr' id='par_1_46' title="bbox 285 2529 1880 2603">
     <span class='ocr_line' id='line_1_46' title="bbox 285 2529 1880 2603; baseline 0.001 -24"><span class='ocrx_word' id='word_1_315' title='bbox 285 2530 447 2601; x_wconf 77' lang='grc' dir='ltr'>ἔλεγε,</span> <span class='ocrx_word' id='word_1_316' title='bbox 522 2535 594 2603; x_wconf 83' lang='grc' dir='ltr'>μὴ</span> <span class='ocrx_word' id='word_1_317' title='bbox 674 2530 740 2590; x_wconf 83' lang='grc' dir='ltr'>εἰς</span> <span class='ocrx_word' id='word_1_318' title='bbox 814 2530 956 2591; x_wconf 81' lang='grc' dir='ltr'>τέλος</span> <span class='ocrx_word' id='word_1_319' title='bbox 1032 2532 1097 2580; x_wconf 81' lang='grc' dir='ltr'>τὰ</span> <span class='ocrx_word' id='word_1_320' title='bbox 1143 2529 1491 2600; x_wconf 72' lang='grc' dir='ltr'>ἐπηγγελμένα</span> <span class='ocrx_word' id='word_1_321' title='bbox 1532 2534 1880 2602; x_wconf 80' lang='grc' dir='ltr'>προήγαγεςς</span> 
     </span>
    </p>
   </div>
   <div class='ocr_carea' id='block_1_47' title="bbox 286 2616 1885 2691">
    <p class='ocr_par' dir='ltr' id='par_1_47' title="bbox 286 2616 1885 2691">
     <span class='ocr_line' id='line_1_47' title="bbox 286 2616 1885 2691; baseline -0.001 -21"><span class='ocrx_word' id='word_1_322' title='bbox 286 2618 426 2671; x_wconf 84' lang='grc' dir='ltr'>Ἀλλ’</span> <span class='ocrx_word' id='word_1_323' title='bbox 458 2616 610 2681; x_wconf 77' lang='grc' dir='ltr'>αὖθις</span> <span class='ocrx_word' id='word_1_324' title='bbox 639 2621 664 2671; x_wconf 87' lang='grc' dir='ltr'>ό</span> <span class='ocrx_word' id='word_1_325' title='bbox 704 2623 876 2691; x_wconf 73' lang='grc' dir='ltr'>φανεὶς</span> <span class='ocrx_word' id='word_1_326' title='bbox 925 2618 1065 2688; x_wconf 85' lang='grc' dir='ltr'>αύτῷ</span> <span class='ocrx_word' id='word_1_327' title='bbox 1115 2622 1404 2690; x_wconf 81' lang='grc' dir='ltr'>παραστὰς,</span> <span class='ocrx_word' id='word_1_328' title='bbox 1449 2618 1558 2669; x_wconf 86' lang='grc' dir='ltr'>Ούκ</span> <span class='ocrx_word' id='word_1_329' title='bbox 1588 2619 1885 2682; x_wconf 78' lang='grc' dir='ltr'>ἠπάτησαι,</span> 
     </span>
    </p>
   </div>
   <div class='ocr_carea' id='block_1_48' title="bbox 284 2705 1886 2783">
    <p class='ocr_par' dir='ltr' id='par_1_48' title="bbox 284 2705 1886 2783">
     <span class='ocr_line' id='line_1_48' title="bbox 284 2705 1886 2783; baseline -0.001 -23"><span class='ocrx_word' id='word_1_330' title='bbox 284 2705 444 2762; x_wconf 79' lang='grc' dir='ltr'>εἶπεν.</span> <span class='ocrx_word' id='word_1_331' title='bbox 494 2708 552 2761; x_wconf 67' lang='lat'>&#39;0</span> <span class='ocrx_word' id='word_1_332' title='bbox 584 2716 645 2781; x_wconf 77' lang='grc' dir='ltr'>τῇ</span> <span class='ocrx_word' id='word_1_333' title='bbox 693 2713 975 2783; x_wconf 79' lang='grc' dir='ltr'>προτεραίᾳ</span> <span class='ocrx_word' id='word_1_334' title='bbox 1017 2712 1116 2782; x_wconf 78' lang='grc' dir='ltr'>γὰρ</span> <span class='ocrx_word' id='word_1_335' title='bbox 1167 2713 1489 2768; x_wconf 80' lang='grc' dir='ltr'>συναντήσας</span> <span class='ocrx_word' id='word_1_336' title='bbox 1534 2726 1617 2759; x_wconf 93' lang='grc' dir='ltr'>σοι</span> <span class='ocrx_word' id='word_1_337' title='bbox 1656 2712 1886 2779; x_wconf 87' lang='grc' dir='ltr'>μοναχὸς</span> 
     </span>
    </p>
   </div>
   <div class='ocr_carea' id='block_1_49' title="bbox 284 2794 1882 2871">
    <p class='ocr_par' dir='ltr' id='par_1_49' title="bbox 284 2794 1882 2871">
     <span class='ocr_line' id='line_1_49' title="bbox 284 2794 1882 2871; baseline -0.001 -22"><span class='ocrx_word' id='word_1_338' title='bbox 284 2802 379 2849; x_wconf 78' lang='grc' dir='ltr'>καὶ</span> <span class='ocrx_word' id='word_1_339' title='bbox 432 2801 595 2870; x_wconf 79' lang='grc' dir='ltr'>Χαῖρέ</span> <span class='ocrx_word' id='word_1_340' title='bbox 645 2815 728 2849; x_wconf 90' lang='grc' dir='ltr'>σοι</span> <span class='ocrx_word' id='word_1_341' title='bbox 775 2803 1092 2871; x_wconf 83' lang='grc' dir='ltr'>προσειπὼν,</span> <span class='ocrx_word' id='word_1_342' title='bbox 1148 2796 1302 2858; x_wconf 78' lang='grc' dir='ltr'>αὐτὸς</span> <span class='ocrx_word' id='word_1_343' title='bbox 1347 2794 1427 2862; x_wconf 79' lang='grc' dir='ltr'>ἦν,</span> <span class='ocrx_word' id='word_1_344' title='bbox 1478 2797 1664 2857; x_wconf 77' lang='grc' dir='ltr'>ἐκεῖνος</span> <span class='ocrx_word' id='word_1_345' title='bbox 1711 2796 1882 2861; x_wconf 73' lang='grc' dir='ltr'>αὐτὸς,</span> 
     </span>
    </p>
   </div>
   <div class='ocr_carea' id='block_1_50' title="bbox 287 2883 1885 2958">
    <p class='ocr_par' dir='ltr' id='par_1_50' title="bbox 287 2883 1885 2958">
     <span class='ocr_line' id='line_1_50' title="bbox 287 2883 1885 2958; baseline -0.002 -19"><span class='ocrx_word' id='word_1_346' title='bbox 287 2890 413 2947; x_wconf 79' lang='grc' dir='ltr'>ἧσόι</span> <span class='ocrx_word' id='word_1_347' title='bbox 466 2883 769 2947; x_wconf 79' lang='grc' dir='ltr'>σπουδαίως</span> <span class='ocrx_word' id='word_1_348' title='bbox 827 2886 1150 2950; x_wconf 75' lang='grc' dir='ltr'>ἐπιζητεῖται</span> <span class='ocrx_word' id='word_1_349' title='bbox 1201 2891 1353 2958; x_wconf 87' lang='grc' dir='ltr'>γυνή.</span> <span class='ocrx_word' id='word_1_350' title='bbox 1430 2886 1535 2939; x_wconf 79' lang='grc' dir='ltr'>Καὶ</span> <span class='ocrx_word' id='word_1_351' title='bbox 1615 2886 1749 2937; x_wconf 74' lang='grc' dir='ltr'>οὕτω</span> <span class='ocrx_word' id='word_1_352' title='bbox 1796 2891 1885 2957; x_wconf 80' lang='grc' dir='ltr'>μεν</span> 
     </span>
    </p>
   </div>
   <div class='ocr_carea' id='block_1_51' title="bbox 289 2975 1888 3047">
    <p class='ocr_par' dir='ltr' id='par_1_51' title="bbox 289 2975 1888 3047">
     <span class='ocr_line' id='line_1_51' title="bbox 289 2975 1888 3047; baseline -0.002 -19"><span class='ocrx_word' id='word_1_353' title='bbox 289 2976 435 3047; x_wconf 80' lang='grc' dir='ltr'>αύτῷ</span> <span class='ocrx_word' id='word_1_354' title='bbox 492 2980 559 3029; x_wconf 76' lang='grc' dir='ltr'>τὰ</span> <span class='ocrx_word' id='word_1_355' title='bbox 605 2983 698 3037; x_wconf 88' lang='grc' dir='ltr'>τῆς</span> <span class='ocrx_word' id='word_1_356' title='bbox 742 2977 981 3036; x_wconf 78' lang='grc' dir='ltr'>ὑπονοίας</span> <span class='ocrx_word' id='word_1_357' title='bbox 1025 2975 1214 3039; x_wconf 78' lang='grc' dir='ltr'>ἐλύετο,</span> <span class='ocrx_word' id='word_1_358' title='bbox 1264 2979 1322 3027; x_wconf 88' lang='grc' dir='ltr'>τὸ</span> <span class='ocrx_word' id='word_1_359' title='bbox 1376 2980 1447 3047; x_wconf 86' lang='grc' dir='ltr'>μή</span> <span class='ocrx_word' id='word_1_360' title='bbox 1499 2975 1651 3047; x_wconf 71' lang='grc' dir='ltr'>ἑτέρῳ</span> <span class='ocrx_word' id='word_1_361' title='bbox 1695 2978 1888 3032; x_wconf 87' lang='grc' dir='ltr'>ταύτην</span> 
     </span>
    </p>
   </div>
   <div class='ocr_carea' id='block_1_52' title="bbox 1998 1804 3652 1873">
    <p class='ocr_par' dir='ltr' id='par_1_52' title="bbox 1998 1804 3652 1873">
     <span class='ocr_line' id='line_1_52' title="bbox 1998 1804 3652 1873; baseline 0.003 -16"><span class='ocrx_word' id='word_1_362' title='bbox 1998 1808 2197 1857; x_wconf 88' lang='lat' dir='ltr'><strong>autem</strong></span> <span class='ocrx_word' id='word_1_363' title='bbox 2224 1818 2355 1856; x_wconf 88' lang='lat' dir='ltr'><strong>eam</strong></span> <span class='ocrx_word' id='word_1_364' title='bbox 2386 1817 2627 1873; x_wconf 91' lang='lat' dir='ltr'><strong>quoque</strong></span> <span class='ocrx_word' id='word_1_365' title='bbox 2650 1804 2822 1857; x_wconf 86' lang='lat' dir='ltr'>simili</span> <span class='ocrx_word' id='word_1_366' title='bbox 2863 1820 3006 1859; x_wconf 85' lang='lat' dir='ltr'><strong>voce</strong></span> <span class='ocrx_word' id='word_1_367' title='bbox 3032 1806 3403 1863; x_wconf 89' lang='lat' dir='ltr'><strong>resalutavit.</strong></span> <span class='ocrx_word' id='word_1_368' title='bbox 3443 1806 3652 1862; x_wconf 72' lang='lat' dir='ltr'><strong>Praete-</strong></span> 
     </span>
    </p>
   </div>
   <div class='ocr_carea' id='block_1_53' title="bbox 1999 1892 3651 1965">
    <p class='ocr_par' dir='ltr' id='par_1_53' title="bbox 1999 1892 3651 1965">
     <span class='ocr_line' id='line_1_53' title="bbox 1999 1892 3651 1965; baseline 0.003 -20"><span class='ocrx_word' id='word_1_369' title='bbox 1999 1892 2092 1945; x_wconf 90' lang='lat' dir='ltr'><strong>riit</strong></span> <span class='ocrx_word' id='word_1_370' title='bbox 2130 1898 2331 1946; x_wconf 91' lang='lat' dir='ltr'><strong>autem</strong></span> <span class='ocrx_word' id='word_1_371' title='bbox 2382 1892 2558 1945; x_wconf 90' lang='lat' dir='ltr'><strong>veluti</strong></span> <span class='ocrx_word' id='word_1_372' title='bbox 2606 1893 2824 1947; x_wconf 91' lang='lat' dir='ltr'><strong>oblitus</strong></span> <span class='ocrx_word' id='word_1_373' title='bbox 2872 1908 3079 1948; x_wconf 90' lang='lat' dir='ltr'>eorum</span> <span class='ocrx_word' id='word_1_374' title='bbox 3129 1910 3264 1965; x_wconf 76' lang='lat' dir='ltr'><strong>quae</strong></span> <span class='ocrx_word' id='word_1_375' title='bbox 3316 1896 3367 1949; x_wconf 89' lang='lat' dir='ltr'><strong>ei</strong></span> <span class='ocrx_word' id='word_1_376' title='bbox 3419 1895 3651 1951; x_wconf 83' lang='lat' dir='ltr'><strong>dixerat</strong></span> 
     </span>
    </p>
   </div>
   <div class='ocr_carea' id='block_1_54' title="bbox 2000 1980 3652 2051">
    <p class='ocr_par' dir='ltr' id='par_1_54' title="bbox 2000 1980 3652 2051">
     <span class='ocr_line' id='line_1_54' title="bbox 2000 1980 3652 2051; baseline 0.003 -17"><span class='ocrx_word' id='word_1_377' title='bbox 2000 1981 2265 2051; x_wconf 81' lang='lat' dir='ltr'><strong>angelus,</strong></span> <span class='ocrx_word' id='word_1_378' title='bbox 2299 1985 2359 2034; x_wconf 90' lang='lat' dir='ltr'>ut</span> <span class='ocrx_word' id='word_1_379' title='bbox 2379 1980 2483 2051; x_wconf 91' lang='lat' dir='ltr'><strong>qui</strong></span> <span class='ocrx_word' id='word_1_380' title='bbox 2498 1980 2706 2049; x_wconf 70' lang='lat' dir='ltr'><strong>figuras</strong></span> <span class='ocrx_word' id='word_1_381' title='bbox 2727 1984 3055 2037; x_wconf 87' lang='lat' dir='ltr'><strong>mutatione</strong></span> <span class='ocrx_word' id='word_1_382' title='bbox 3087 1990 3142 2037; x_wconf 89' lang='lat' dir='ltr'><strong>et</strong></span> <span class='ocrx_word' id='word_1_383' title='bbox 3173 1982 3368 2038; x_wconf 87' lang='lat' dir='ltr'><strong>vultus</strong></span> <span class='ocrx_word' id='word_1_384' title='bbox 3395 1984 3652 2039; x_wconf 89' lang='lat' dir='ltr'><strong>dissimi-</strong></span> 
     </span>
    </p>
   </div>
   <div class='ocr_carea' id='block_1_55' title="bbox 1999 2067 3073 2141">
    <p class='ocr_par' dir='ltr' id='par_1_55' title="bbox 1999 2067 3073 2141">
     <span class='ocr_line' id='line_1_55' title="bbox 1999 2067 3073 2141; baseline 0 -18"><span class='ocrx_word' id='word_1_385' title='bbox 1999 2068 2249 2123; x_wconf 87' lang='lat' dir='ltr'><strong>litudine</strong></span> <span class='ocrx_word' id='word_1_386' title='bbox 2273 2067 2476 2123; x_wconf 85' lang='lat' dir='ltr'><strong>fuisset</strong></span> <span class='ocrx_word' id='word_1_387' title='bbox 2493 2071 2741 2124; x_wconf 88' lang='lat' dir='ltr'><strong>omnino</strong></span> <span class='ocrx_word' id='word_1_388' title='bbox 2767 2070 3073 2141; x_wconf 88' lang='lat' dir='ltr'><strong>deceptus.</strong></span> 
     </span>
    </p>
   </div>
   <div class='ocr_carea' id='block_1_56' title="bbox 2073 2335 3655 2409">
    <p class='ocr_par' dir='ltr' id='par_1_56' title="bbox 2073 2335 3655 2409">
     <span class='ocr_line' id='line_1_56' title="bbox 2073 2335 3655 2409; baseline 0.004 -18"><span class='ocrx_word' id='word_1_389' title='bbox 2073 2338 2184 2391; x_wconf 85' lang='lat' dir='ltr'><strong>Vll.</strong></span> <span class='ocrx_word' id='word_1_390' title='bbox 2234 2335 2409 2393; x_wconf 81' lang='lat' dir='ltr'><strong>Multa</strong></span> <span class='ocrx_word' id='word_1_391' title='bbox 2436 2337 2637 2409; x_wconf 86' lang='lat' dir='ltr'><strong>itaque</strong></span> <span class='ocrx_word' id='word_1_392' title='bbox 2667 2337 2922 2393; x_wconf 80' lang='lat' dir='ltr'><strong>afﬂictus</strong></span> <span class='ocrx_word' id='word_1_393' title='bbox 2963 2339 3145 2394; x_wconf 91' lang='lat' dir='ltr'>animi</span> <span class='ocrx_word' id='word_1_394' title='bbox 3184 2339 3553 2409; x_wconf 57' lang='lat' dir='ltr'><strong>aegritudine,</strong></span> <span class='ocrx_word' id='word_1_395' title='bbox 3594 2346 3655 2397; x_wconf 89' lang='lat' dir='ltr'>ut</span> 
     </span>
    </p>
   </div>
   <div class='ocr_carea' id='block_1_57' title="bbox 2000 2426 3647 2498">
    <p class='ocr_par' dir='ltr' id='par_1_57' title="bbox 2000 2426 3647 2498">
     <span class='ocr_line' id='line_1_57' title="bbox 2000 2426 3647 2498; baseline 0.004 -18"><span class='ocrx_word' id='word_1_396' title='bbox 2000 2426 2098 2496; x_wconf 91' lang='lat' dir='ltr'><strong>qui</strong></span> <span class='ocrx_word' id='word_1_397' title='bbox 2112 2427 2424 2481; x_wconf 90' lang='lat' dir='ltr'><strong>frustratus</strong></span> <span class='ocrx_word' id='word_1_398' title='bbox 2437 2427 2643 2481; x_wconf 86' lang='lat' dir='ltr'><strong>fuisset</strong></span> <span class='ocrx_word' id='word_1_399' title='bbox 2666 2428 3059 2497; x_wconf 83' lang='lat' dir='ltr'><strong>promissione</strong></span> <span class='ocrx_word' id='word_1_400' title='bbox 3080 2445 3093 2482; x_wconf 87' lang='lat'><strong>:</strong></span> <span class='ocrx_word' id='word_1_401' title='bbox 3113 2433 3225 2483; x_wconf 72' lang='lat' dir='ltr'>Cur</span> <span class='ocrx_word' id='word_1_402' title='bbox 3246 2447 3358 2498; x_wconf 88' lang='lat' dir='ltr'><strong>me,</strong></span> <span class='ocrx_word' id='word_1_403' title='bbox 3380 2432 3647 2496; x_wconf 88' lang='lat' dir='ltr'><strong>Domine,</strong></span> 
     </span>
    </p>
   </div>
   <div class='ocr_carea' id='block_1_58' title="bbox 1999 2516 3652 2593">
    <p class='ocr_par' dir='ltr' id='par_1_58' title="bbox 1999 2516 3652 2593">
     <span class='ocr_line' id='line_1_58' title="bbox 1999 2516 3652 2593; baseline 0.005 -24"><span class='ocrx_word' id='word_1_404' title='bbox 1999 2516 2358 2587; x_wconf 82' lang='lat' dir='ltr'><strong>despiciens,</strong></span> <span class='ocrx_word' id='word_1_405' title='bbox 2382 2517 2638 2581; x_wconf 89' lang='lat' dir='ltr'><strong>dicebat,</strong></span> <span class='ocrx_word' id='word_1_406' title='bbox 2658 2533 2778 2571; x_wconf 91' lang='lat' dir='ltr'><strong>non</strong></span> <span class='ocrx_word' id='word_1_407' title='bbox 2797 2518 3090 2573; x_wconf 85' lang='lat' dir='ltr'><strong>deduxisti</strong></span> <span class='ocrx_word' id='word_1_408' title='bbox 3117 2521 3193 2574; x_wconf 91' lang='lat' dir='ltr'>ad</span> <span class='ocrx_word' id='word_1_409' title='bbox 3211 2524 3390 2577; x_wconf 84' lang='lat' dir='ltr'><strong>tinem</strong></span> <span class='ocrx_word' id='word_1_410' title='bbox 3420 2540 3491 2577; x_wconf 90' lang='lat' dir='ltr'><strong>ea</strong></span> <span class='ocrx_word' id='word_1_411' title='bbox 3516 2538 3652 2593; x_wconf 82' lang='lat' dir='ltr'><strong>quae</strong></span> 
     </span>
    </p>
   </div>
   <div class='ocr_carea' id='block_1_59' title="bbox 1999 2604 3652 2683">
    <p class='ocr_par' dir='ltr' id='par_1_59' title="bbox 1999 2604 3652 2683">
     <span class='ocr_line' id='line_1_59' title="bbox 1999 2604 3652 2683; baseline 0.003 -24"><span class='ocrx_word' id='word_1_412' title='bbox 1999 2607 2294 2676; x_wconf 88' lang='lat' dir='ltr'><strong>promissa</strong></span> <span class='ocrx_word' id='word_1_413' title='bbox 2323 2604 2594 2659; x_wconf 73' lang='lat' dir='ltr'><strong>fuerant?</strong></span> <span class='ocrx_word' id='word_1_414' title='bbox 2625 2606 2741 2659; x_wconf 70' lang='lat' dir='ltr'><strong>Sed</strong></span> <span class='ocrx_word' id='word_1_415' title='bbox 2781 2623 2988 2660; x_wconf 82' lang='lat' dir='ltr'><strong>rursus</strong></span> <span class='ocrx_word' id='word_1_416' title='bbox 3033 2610 3322 2665; x_wconf 89' lang='lat' dir='ltr'><strong>accedens</strong></span> <span class='ocrx_word' id='word_1_417' title='bbox 3354 2612 3423 2676; x_wconf 88' lang='lat' dir='ltr'>is,</span> <span class='ocrx_word' id='word_1_418' title='bbox 3468 2612 3571 2683; x_wconf 90' lang='lat' dir='ltr'>qui</span> <span class='ocrx_word' id='word_1_419' title='bbox 3602 2610 3652 2665; x_wconf 90' lang='lat' dir='ltr'>ei</span> 
     </span>
    </p>
   </div>
   <div class='ocr_carea' id='block_1_60' title="bbox 1997 2695 3652 2771">
    <p class='ocr_par' dir='ltr' id='par_1_60' title="bbox 1997 2695 3652 2771">
     <span class='ocr_line' id='line_1_60' title="bbox 1997 2695 3652 2771; baseline 0.001 -21"><span class='ocrx_word' id='word_1_420' title='bbox 1997 2699 2362 2765; x_wconf 88' lang='lat' dir='ltr'><strong>apparuerat</strong></span> <span class='ocrx_word' id='word_1_421' title='bbox 2391 2711 2405 2748; x_wconf 88' lang='lat'><strong>:</strong></span> <span class='ocrx_word' id='word_1_422' title='bbox 2438 2696 2564 2749; x_wconf 88' lang='lat' dir='ltr'>Non</span> <span class='ocrx_word' id='word_1_423' title='bbox 2592 2695 2750 2750; x_wconf 81' lang='lat' dir='ltr'><strong>fuisti</strong></span> <span class='ocrx_word' id='word_1_424' title='bbox 2794 2696 3102 2766; x_wconf 91' lang='lat' dir='ltr'><strong>deceptus,</strong></span> <span class='ocrx_word' id='word_1_425' title='bbox 3156 2699 3321 2753; x_wconf 80' lang='lat' dir='ltr'><strong>dixit.</strong></span> <span class='ocrx_word' id='word_1_426' title='bbox 3357 2704 3500 2755; x_wconf 85' lang='lat' dir='ltr'>Nam</span> <span class='ocrx_word' id='word_1_427' title='bbox 3548 2700 3652 2771; x_wconf 90' lang='lat' dir='ltr'><strong>qui</strong></span> 
     </span>
    </p>
   </div>
   <div class='ocr_carea' id='block_1_61' title="bbox 2001 2784 3653 2858">
    <p class='ocr_par' dir='ltr' id='par_1_61' title="bbox 2001 2784 3653 2858">
     <span class='ocr_line' id='line_1_61' title="bbox 2001 2784 3653 2858; baseline 0.002 -19"><span class='ocrx_word' id='word_1_428' title='bbox 2001 2784 2099 2839; x_wconf 89' lang='lat' dir='ltr'><strong>tibi</strong></span> <span class='ocrx_word' id='word_1_429' title='bbox 2127 2785 2314 2855; x_wconf 85' lang='lat' dir='ltr'><strong>pridie</strong></span> <span class='ocrx_word' id='word_1_430' title='bbox 2343 2786 2600 2839; x_wconf 90' lang='lat' dir='ltr'><strong>occurrit</strong></span> <span class='ocrx_word' id='word_1_431' title='bbox 2620 2787 2977 2853; x_wconf 85' lang='lat' dir='ltr'><strong>monachus,</strong></span> <span class='ocrx_word' id='word_1_432' title='bbox 3004 2794 3059 2841; x_wconf 90' lang='lat' dir='ltr'>et</span> <span class='ocrx_word' id='word_1_433' title='bbox 3080 2788 3224 2842; x_wconf 82' lang='lat' dir='ltr'><strong>dixit</strong></span> <span class='ocrx_word' id='word_1_434' title='bbox 3254 2789 3579 2858; x_wconf 89' lang='lat' dir='ltr'><strong>tibi,Salve,</strong></span> <span class='ocrx_word' id='word_1_435' title='bbox 3604 2790 3653 2843; x_wconf 90' lang='lat' dir='ltr'><strong>is</strong></span> 
     </span>
    </p>
   </div>
   <div class='ocr_carea' id='block_1_62' title="bbox 1998 2872 3653 2950">
    <p class='ocr_par' dir='ltr' id='par_1_62' title="bbox 1998 2872 3653 2950">
     <span class='ocr_line' id='line_1_62' title="bbox 1998 2872 3653 2950; baseline 0.004 -22"><span class='ocrx_word' id='word_1_436' title='bbox 1998 2884 2127 2945; x_wconf 76' lang='lat' dir='ltr'><strong>ipse</strong></span> <span class='ocrx_word' id='word_1_437' title='bbox 2148 2879 2275 2928; x_wconf 91' lang='lat' dir='ltr'><strong>erat</strong></span> <span class='ocrx_word' id='word_1_438' title='bbox 2295 2872 2394 2928; x_wconf 88' lang='lat' dir='ltr'><strong>illa</strong></span> <span class='ocrx_word' id='word_1_439' title='bbox 2417 2880 2515 2929; x_wconf 91' lang='lat' dir='ltr'>tua</span> <span class='ocrx_word' id='word_1_440' title='bbox 2532 2873 2770 2943; x_wconf 80' lang='lat' dir='ltr'><strong>conjux,</strong></span> <span class='ocrx_word' id='word_1_441' title='bbox 2793 2889 2926 2945; x_wconf 62' lang='lat' dir='ltr'><strong>quae</strong></span> <span class='ocrx_word' id='word_1_442' title='bbox 2940 2890 2976 2930; x_wconf 93' lang='lat' dir='ltr'><strong>a</strong></span> <span class='ocrx_word' id='word_1_443' title='bbox 2998 2880 3051 2930; x_wconf 85' lang='lat' dir='ltr'>te</span> <span class='ocrx_word' id='word_1_444' title='bbox 3065 2876 3327 2931; x_wconf 89' lang='lat' dir='ltr'><strong>studiose</strong></span> <span class='ocrx_word' id='word_1_445' title='bbox 3345 2878 3653 2950; x_wconf 57' lang='lat' dir='ltr'><strong>quaeritur.</strong></span> 
     </span>
    </p>
   </div>
   <div class='ocr_carea' id='block_1_63' title="bbox 2000 2964 3653 3039">
    <p class='ocr_par' dir='ltr' id='par_1_63' title="bbox 2000 2964 3653 3039">
     <span class='ocr_line' id='line_1_63' title="bbox 2000 2964 3653 3039; baseline 0.003 -19"><span class='ocrx_word' id='word_1_446' title='bbox 2000 2968 2067 3021; x_wconf 87' lang='lat' dir='ltr'><strong>Et</strong></span> <span class='ocrx_word' id='word_1_447' title='bbox 2108 2968 2192 3020; x_wconf 89' lang='lat' dir='ltr'><strong>sic</strong></span> <span class='ocrx_word' id='word_1_448' title='bbox 2220 2964 2467 3036; x_wconf 90' lang='lat' dir='ltr'><strong>quidem</strong></span> <span class='ocrx_word' id='word_1_449' title='bbox 2513 2964 2705 3019; x_wconf 89' lang='lat' dir='ltr'><strong>soluta</strong></span> <span class='ocrx_word' id='word_1_450' title='bbox 2735 2966 2787 3018; x_wconf 89' lang='lat' dir='ltr'>ei</span> <span class='ocrx_word' id='word_1_451' title='bbox 2815 2966 2925 3018; x_wconf 89' lang='lat' dir='ltr'><strong>fuit</strong></span> <span class='ocrx_word' id='word_1_452' title='bbox 2968 2967 3247 3037; x_wconf 84' lang='lat' dir='ltr'><strong>suspicio,</strong></span> <span class='ocrx_word' id='word_1_453' title='bbox 3282 2970 3441 3039; x_wconf 89' lang='lat' dir='ltr'><strong>quod</strong></span> <span class='ocrx_word' id='word_1_454' title='bbox 3480 2985 3551 3024; x_wconf 91' lang='lat' dir='ltr'>ea</span> <span class='ocrx_word' id='word_1_455' title='bbox 3575 2969 3653 3025; x_wconf 91' lang='lat' dir='ltr'>ad</span> 
     </span>
    </p>
   </div>
   <div class='ocr_carea' id='block_1_64' title="bbox 293 3054 1890 3138">
    <p class='ocr_par' dir='ltr' id='par_1_64' title="bbox 293 3060 1890 3138">
     <span class='ocr_line' id='line_1_64' title="bbox 293 3060 1890 3138; baseline -0.001 -22"><span class='ocrx_word' id='word_1_456' title='bbox 293 3060 453 3137; x_wconf 77' lang='grc' dir='ltr'>ἀνδρὶ</span> <span class='ocrx_word' id='word_1_457' title='bbox 503 3065 801 3137; x_wconf 77' lang='grc' dir='ltr'>προσελθεῖν</span> <span class='ocrx_word' id='word_1_458' title='bbox 866 3068 988 3138; x_wconf 83' lang='grc' dir='ltr'>ὅπερ</span> <span class='ocrx_word' id='word_1_459' title='bbox 1043 3068 1071 3122; x_wconf 85' lang='grc' dir='ltr'>ή</span> <span class='ocrx_word' id='word_1_460' title='bbox 1150 3073 1250 3116; x_wconf 87' lang='grc' dir='ltr'>τῶν</span> <span class='ocrx_word' id='word_1_461' title='bbox 1319 3074 1622 3135; x_wconf 78' lang='grc' dir='ltr'>μοναχικὼν</span> <span class='ocrx_word' id='word_1_462' title='bbox 1689 3063 1890 3136; x_wconf 74' lang='grc' dir='ltr'>ἀμφίων</span> 
     </span>
    </p>
   </div>
   <div class='ocr_carea' id='block_1_65' title="bbox 2004 3054 3657 3138">
    <p class='ocr_par' dir='ltr' id='par_1_65' title="bbox 2004 3054 3657 3129">
     <span class='ocr_line' id='line_1_65' title="bbox 2004 3054 3657 3129; baseline 0.001 -17"><span class='ocrx_word' id='word_1_463' title='bbox 2004 3059 2252 3113; x_wconf 91' lang='lat' dir='ltr'><strong>alterum</strong></span> <span class='ocrx_word' id='word_1_464' title='bbox 2282 3054 2479 3110; x_wconf 90' lang='lat' dir='ltr'><strong>virum</strong></span> <span class='ocrx_word' id='word_1_465' title='bbox 2512 3069 2631 3108; x_wconf 90' lang='lat' dir='ltr'><strong>non</strong></span> <span class='ocrx_word' id='word_1_466' title='bbox 2675 3056 3026 3109; x_wconf 86' lang='lat' dir='ltr'><strong>accessisset</strong></span> <span class='ocrx_word' id='word_1_467' title='bbox 3057 3070 3068 3108; x_wconf 90' lang='lat'>:</span> <span class='ocrx_word' id='word_1_468' title='bbox 3103 3058 3267 3126; x_wconf 89' lang='lat' dir='ltr'><strong>quod</strong></span> <span class='ocrx_word' id='word_1_469' title='bbox 3300 3058 3545 3129; x_wconf 90' lang='lat' dir='ltr'><strong>quidem</strong></span> <span class='ocrx_word' id='word_1_470' title='bbox 3577 3059 3657 3112; x_wconf 90' lang='lat' dir='ltr'><strong>si-</strong></span> 
     </span>
    </p>
   </div>
   <div class='ocr_carea' id='block_1_66' title="bbox 293 3149 1891 3228">
    <p class='ocr_par' dir='ltr' id='par_1_66' title="bbox 293 3149 1891 3228">
     <span class='ocr_line' id='line_1_66' title="bbox 293 3149 1891 3228; baseline -0.001 -23"><span class='ocrx_word' id='word_1_471' title='bbox 293 3149 488 3211; x_wconf 84' lang='grc' dir='ltr'>έδήλου</span> <span class='ocrx_word' id='word_1_472' title='bbox 566 3154 835 3228; x_wconf 83' lang='grc' dir='ltr'>περιϐολή.</span> <span class='ocrx_word' id='word_1_473' title='bbox 909 3153 1087 3226; x_wconf 82' lang='grc' dir='ltr'>Ἔμενε</span> <span class='ocrx_word' id='word_1_474' title='bbox 1150 3151 1200 3205; x_wconf 89' lang='grc' dir='ltr'>δ’</span> <span class='ocrx_word' id='word_1_475' title='bbox 1254 3150 1340 3205; x_wconf 83' lang='grc' dir='ltr'>οὖν</span> <span class='ocrx_word' id='word_1_476' title='bbox 1398 3154 1531 3205; x_wconf 87' lang='grc' dir='ltr'>ούτω</span> <span class='ocrx_word' id='word_1_477' title='bbox 1583 3154 1891 3227; x_wconf 83' lang='grc' dir='ltr'>περιαλγῶν,</span> 
     </span>
    </p>
   </div>
   <div class='ocr_carea' id='block_1_67' title="bbox 292 3239 1895 3315">
    <p class='ocr_par' dir='ltr' id='par_1_67' title="bbox 292 3239 1895 3315">
     <span class='ocr_line' id='line_1_67' title="bbox 292 3239 1895 3315; baseline -0.001 -21"><span class='ocrx_word' id='word_1_478' title='bbox 292 3247 386 3294; x_wconf 78' lang='grc' dir='ltr'>καὶ</span> <span class='ocrx_word' id='word_1_479' title='bbox 432 3250 492 3314; x_wconf 76' lang='grc' dir='ltr'>τῇ</span> <span class='ocrx_word' id='word_1_480' title='bbox 541 3251 635 3304; x_wconf 87' lang='grc' dir='ltr'>τῆς</span> <span class='ocrx_word' id='word_1_481' title='bbox 687 3244 948 3314; x_wconf 79' lang='grc' dir='ltr'>ὁμοζύγου</span> <span class='ocrx_word' id='word_1_482' title='bbox 1010 3248 1252 3315; x_wconf 77' lang='grc' dir='ltr'>στερήσει</span> <span class='ocrx_word' id='word_1_483' title='bbox 1296 3240 1676 3314; x_wconf 80' lang='grc' dir='ltr'>διακαιόμενος.</span> <span class='ocrx_word' id='word_1_484' title='bbox 1727 3241 1784 3294; x_wconf 79' lang='grc' dir='ltr'>Ἠ</span> <span class='ocrx_word' id='word_1_485' title='bbox 1837 3239 1895 3294; x_wconf 74' lang='grc' dir='ltr'>δὲ</span> 
     </span>
    </p>
   </div>
   <div class='ocr_carea' id='block_1_68' title="bbox 290 3330 1894 3407">
    <p class='ocr_par' dir='ltr' id='par_1_68' title="bbox 290 3330 1894 3407">
     <span class='ocr_line' id='line_1_68' title="bbox 290 3330 1894 3407; baseline -0.001 -23"><span class='ocrx_word' id='word_1_486' title='bbox 290 3337 534 3407; x_wconf 88' lang='grc' dir='ltr'>μακαρία</span> <span class='ocrx_word' id='word_1_487' title='bbox 600 3330 871 3406; x_wconf 82' lang='grc' dir='ltr'>Θεοδώρα,</span> <span class='ocrx_word' id='word_1_488' title='bbox 949 3337 1006 3385; x_wconf 91' lang='grc' dir='ltr'>τὸ</span> <span class='ocrx_word' id='word_1_489' title='bbox 1082 3337 1212 3407; x_wconf 89' lang='grc' dir='ltr'>πρὸς</span> <span class='ocrx_word' id='word_1_490' title='bbox 1290 3337 1477 3407; x_wconf 83' lang='grc' dir='ltr'>Κύριον</span> <span class='ocrx_word' id='word_1_491' title='bbox 1539 3333 1894 3407; x_wconf 78' lang='grc' dir='ltr'>φιλάνθρωπον</span> 
     </span>
    </p>
   </div>
   <div class='ocr_carea' id='block_1_69' title="bbox 290 3419 1891 3493">
    <p class='ocr_par' dir='ltr' id='par_1_69' title="bbox 290 3419 1891 3493">
     <span class='ocr_line' id='line_1_69' title="bbox 290 3419 1891 3493; baseline -0.001 -19"><span class='ocrx_word' id='word_1_492' title='bbox 290 3422 445 3474; x_wconf 90' lang='grc' dir='ltr'>πλέον</span> <span class='ocrx_word' id='word_1_493' title='bbox 492 3421 813 3489; x_wconf 83' lang='grc' dir='ltr'>έξάπτουσα,</span> <span class='ocrx_word' id='word_1_494' title='bbox 850 3423 937 3475; x_wconf 84' lang='grc' dir='ltr'>οἰτε</span> <span class='ocrx_word' id='word_1_495' title='bbox 983 3428 1072 3474; x_wconf 83' lang='grc' dir='ltr'>καὶ</span> <span class='ocrx_word' id='word_1_496' title='bbox 1121 3430 1215 3484; x_wconf 81' lang='grc' dir='ltr'>τῆς</span> <span class='ocrx_word' id='word_1_497' title='bbox 1248 3422 1407 3474; x_wconf 84' lang='grc' dir='ltr'>αύτου</span> <span class='ocrx_word' id='word_1_498' title='bbox 1437 3422 1755 3493; x_wconf 82' lang='grc' dir='ltr'>γλυκύτητος</span> <span class='ocrx_word' id='word_1_499' title='bbox 1785 3419 1891 3479; x_wconf 80' lang='grc' dir='ltr'>ἤδη</span> 
     </span>
    </p>
   </div>
   <div class='ocr_carea' id='block_1_70' title="bbox 288 3511 1894 3584">
    <p class='ocr_par' dir='ltr' id='par_1_70' title="bbox 288 3511 1894 3584">
     <span class='ocr_line' id='line_1_70' title="bbox 288 3511 1894 3584; baseline -0.001 -21"><span class='ocrx_word' id='word_1_500' title='bbox 288 3516 609 3583; x_wconf 83' lang='grc' dir='ltr'>γευσαμένη,</span> <span class='ocrx_word' id='word_1_501' title='bbox 670 3518 760 3564; x_wconf 83' lang='grc' dir='ltr'>καὶ</span> <span class='ocrx_word' id='word_1_502' title='bbox 821 3513 1058 3584; x_wconf 80' lang='grc' dir='ltr'>μείζοσιν</span> <span class='ocrx_word' id='word_1_503' title='bbox 1131 3511 1327 3583; x_wconf 83' lang='grc' dir='ltr'>ἀγῶσιν</span> <span class='ocrx_word' id='word_1_504' title='bbox 1407 3512 1593 3570; x_wconf 74' lang='grc' dir='ltr'>ἑαυτήν</span> <span class='ocrx_word' id='word_1_505' title='bbox 1661 3511 1894 3583; x_wconf 84' lang='grc' dir='ltr'>ἐμϐαλεῖν</span> 
     </span>
    </p>
   </div>
   <div class='ocr_carea' id='block_1_71' title="bbox 288 3597 1897 3676">
    <p class='ocr_par' dir='ltr' id='par_1_71' title="bbox 288 3597 1897 3676">
     <span class='ocr_line' id='line_1_71' title="bbox 288 3597 1897 3676; baseline 0.001 -24"><span class='ocrx_word' id='word_1_506' title='bbox 288 3602 558 3674; x_wconf 84' lang='grc' dir='ltr'>πρόθυμος</span> <span class='ocrx_word' id='word_1_507' title='bbox 607 3597 689 3667; x_wconf 86' lang='grc' dir='ltr'>ήν,</span> <span class='ocrx_word' id='word_1_508' title='bbox 736 3606 825 3653; x_wconf 84' lang='grc' dir='ltr'>καὶ</span> <span class='ocrx_word' id='word_1_509' title='bbox 868 3601 1031 3665; x_wconf 79' lang='grc' dir='ltr'>ἅπαξ,</span> <span class='ocrx_word' id='word_1_510' title='bbox 1075 3608 1169 3661; x_wconf 88' lang='grc' dir='ltr'>τῆς</span> <span class='ocrx_word' id='word_1_511' title='bbox 1208 3604 1404 3676; x_wconf 77' lang='grc' dir='ltr'>ἡμέρας</span> <span class='ocrx_word' id='word_1_512' title='bbox 1433 3601 1622 3652; x_wconf 84' lang='grc' dir='ltr'>ἐσθίειν</span> <span class='ocrx_word' id='word_1_513' title='bbox 1654 3605 1710 3652; x_wconf 86' lang='grc' dir='ltr'>τό</span> <span class='ocrx_word' id='word_1_514' title='bbox 1745 3610 1897 3673; x_wconf 80' lang='grc' dir='ltr'>σῶμα</span> 
     </span>
    </p>
   </div>
   <div class='ocr_carea' id='block_1_72' title="bbox 292 3686 1897 3763">
    <p class='ocr_par' dir='ltr' id='par_1_72' title="bbox 292 3686 1897 3763">
     <span class='ocr_line' id='line_1_72' title="bbox 292 3686 1897 3763; baseline 0 -22"><span class='ocrx_word' id='word_1_515' title='bbox 292 3686 649 3761; x_wconf 73' lang='grc' dir='ltr'>ἐπαιδαγώγει</span> <span class='ocrx_word' id='word_1_516' title='bbox 707 3711 719 3723; x_wconf 84' lang='grc'><strong><em>-</em></strong></span> <span class='ocrx_word' id='word_1_517' title='bbox 780 3694 958 3743; x_wconf 76' lang='grc' dir='ltr'>ἔπειτα</span> <span class='ocrx_word' id='word_1_518' title='bbox 1012 3698 1116 3752; x_wconf 82' lang='grc' dir='ltr'>τοῖς</span> <span class='ocrx_word' id='word_1_519' title='bbox 1168 3696 1339 3752; x_wconf 82' lang='grc' dir='ltr'>πόνοις</span> <span class='ocrx_word' id='word_1_520' title='bbox 1394 3692 1688 3763; x_wconf 83' lang='grc' dir='ltr'>προσθεῖσα</span> <span class='ocrx_word' id='word_1_521' title='bbox 1761 3693 1897 3741; x_wconf 82' lang='grc' dir='ltr'>κατὰ</span> 
     </span>
    </p>
   </div>
   <div class='ocr_carea' id='block_1_73' title="bbox 294 3775 1895 3853">
    <p class='ocr_par' dir='ltr' id='par_1_73' title="bbox 294 3775 1895 3853">
     <span class='ocr_line' id='line_1_73' title="bbox 294 3775 1895 3853; baseline 0.001 -22"><span class='ocrx_word' id='word_1_522' title='bbox 294 3775 414 3844; x_wconf 85' lang='grc' dir='ltr'>δύο,</span> <span class='ocrx_word' id='word_1_523' title='bbox 471 3784 535 3831; x_wconf 86' lang='grc' dir='ltr'>τα</span> <span class='ocrx_word' id='word_1_524' title='bbox 617 3784 764 3831; x_wconf 90' lang='grc' dir='ltr'>σιτία</span> <span class='ocrx_word' id='word_1_525' title='bbox 827 3789 1067 3853; x_wconf 82' lang='grc' dir='ltr'>παρεῖχε,</span> <span class='ocrx_word' id='word_1_526' title='bbox 1131 3787 1220 3833; x_wconf 79' lang='grc' dir='ltr'>καὶ</span> <span class='ocrx_word' id='word_1_527' title='bbox 1277 3781 1412 3833; x_wconf 74' lang='grc' dir='ltr'>οὕτω</span> <span class='ocrx_word' id='word_1_528' title='bbox 1468 3780 1738 3852; x_wconf 88' lang='grc' dir='ltr'>κατολίγον</span> <span class='ocrx_word' id='word_1_529' title='bbox 1791 3788 1895 3840; x_wconf 91' lang='grc' dir='ltr'>τοῖς</span> 
     </span>
    </p>
   </div>
   <div class='ocr_carea' id='block_1_74' title="bbox 295 3868 1895 3942">
    <p class='ocr_par' dir='ltr' id='par_1_74' title="bbox 295 3868 1895 3942">
     <span class='ocr_line' id='line_1_74' title="bbox 295 3868 1895 3942; baseline 0 -22"><span class='ocrx_word' id='word_1_530' title='bbox 295 3869 699 3942; x_wconf 83' lang='grc' dir='ltr'>έπιπονωτέροις</span> <span class='ocrx_word' id='word_1_531' title='bbox 777 3868 1194 3942; x_wconf 88' lang='grc' dir='ltr'>προσϐαίνουσα,</span> <span class='ocrx_word' id='word_1_532' title='bbox 1277 3877 1366 3923; x_wconf 86' lang='grc' dir='ltr'>καὶ</span> <span class='ocrx_word' id='word_1_533' title='bbox 1443 3871 1510 3930; x_wconf 85' lang='grc' dir='ltr'>εἰς</span> <span class='ocrx_word' id='word_1_534' title='bbox 1571 3870 1673 3932; x_wconf 79' lang='grc' dir='ltr'>ἕξιν</span> <span class='ocrx_word' id='word_1_535' title='bbox 1730 3872 1895 3942; x_wconf 78' lang='grc' dir='ltr'>ἄκρας</span> 
     </span>
    </p>
   </div>
   <div class='ocr_carea' id='block_1_75' title="bbox 298 3957 1898 4034">
    <p class='ocr_par' dir='ltr' id='par_1_75' title="bbox 298 3957 1898 4034">
     <span class='ocr_line' id='line_1_75' title="bbox 298 3957 1898 4034; baseline 0.001 -25"><span class='ocrx_word' id='word_1_536' title='bbox 298 3958 602 4029; x_wconf 82' lang='grc' dir='ltr'>ἐγκρατείας</span> <span class='ocrx_word' id='word_1_537' title='bbox 650 3957 874 4010; x_wconf 76' lang='grc' dir='ltr'>ἐλθοῦσα</span> <span class='ocrx_word' id='word_1_538' title='bbox 956 3967 1084 4011; x_wconf 86' lang='grc' dir='ltr'>κινεῖ</span> <span class='ocrx_word' id='word_1_539' title='bbox 1166 3963 1293 4034; x_wconf 89' lang='grc' dir='ltr'>πρὸς</span> <span class='ocrx_word' id='word_1_540' title='bbox 1362 3961 1559 4012; x_wconf 79' lang='grc' dir='ltr'>ἱκεσίαν</span> <span class='ocrx_word' id='word_1_541' title='bbox 1611 3964 1727 4020; x_wconf 80' lang='grc' dir='ltr'>τοὺς</span> <span class='ocrx_word' id='word_1_542' title='bbox 1780 3979 1898 4011; x_wconf 86' lang='grc' dir='ltr'>συν-</span> 
     </span>
    </p>
   </div>
   <div class='ocr_carea' id='block_1_76' title="bbox 300 4048 1897 4122">
    <p class='ocr_par' dir='ltr' id='par_1_76' title="bbox 300 4048 1897 4122">
     <span class='ocr_line' id='line_1_76' title="bbox 300 4048 1897 4122; baseline 0.001 -23"><span class='ocrx_word' id='word_1_543' title='bbox 300 4051 651 4118; x_wconf 85' lang='grc' dir='ltr'>ασκουμένους</span> <span class='ocrx_word' id='word_1_544' title='bbox 729 4048 859 4121; x_wconf 72' lang='grc' dir='ltr'>αὐτῇ</span> <span class='ocrx_word' id='word_1_545' title='bbox 944 4053 1229 4120; x_wconf 82' lang='grc' dir='ltr'>μοναχούς,</span> <span class='ocrx_word' id='word_1_546' title='bbox 1287 4052 1571 4122; x_wconf 77' lang='grc' dir='ltr'>ἐπιτροπήν</span> <span class='ocrx_word' id='word_1_547' title='bbox 1623 4058 1713 4101; x_wconf 84' lang='grc' dir='ltr'>τοῦ</span> <span class='ocrx_word' id='word_1_548' title='bbox 1768 4068 1897 4121; x_wconf 86' lang='grc' dir='ltr'>προ-</span> 
     </span>
    </p>
   </div>
   <div class='ocr_carea' id='block_1_77' title="bbox 301 4135 1893 4213">
    <p class='ocr_par' dir='ltr' id='par_1_77' title="bbox 301 4135 1893 4213">
     <span class='ocr_line' id='line_1_77' title="bbox 301 4135 1893 4213; baseline 0.002 -26"><span class='ocrx_word' id='word_1_549' title='bbox 301 4143 524 4196; x_wconf 86' lang='grc' dir='ltr'>εστῶτος</span> <span class='ocrx_word' id='word_1_550' title='bbox 575 4135 765 4202; x_wconf 86' lang='grc' dir='ltr'>λαϐεῖν,</span> <span class='ocrx_word' id='word_1_551' title='bbox 814 4137 1090 4211; x_wconf 79' lang='grc' dir='ltr'>ἀρκεῖσθαι</span> <span class='ocrx_word' id='word_1_552' title='bbox 1134 4136 1208 4190; x_wconf 88' lang='grc' dir='ltr'>δι’</span> <span class='ocrx_word' id='word_1_553' title='bbox 1239 4136 1535 4210; x_wconf 77' lang='grc' dir='ltr'>ἑϐδομάδος</span> <span class='ocrx_word' id='word_1_554' title='bbox 1572 4146 1893 4213; x_wconf 72' lang='grc' dir='ltr'>προσαγωγῇ</span> 
     </span>
    </p>
   </div>
   <div class='ocr_carea' id='block_1_78' title="bbox 299 4226 1900 4301">
    <p class='ocr_par' dir='ltr' id='par_1_78' title="bbox 299 4226 1900 4301">
     <span class='ocr_line' id='line_1_78' title="bbox 299 4226 1900 4301; baseline 0.001 -24"><span class='ocrx_word' id='word_1_555' title='bbox 299 4233 393 4284; x_wconf 89' lang='grc' dir='ltr'>τῆς</span> <span class='ocrx_word' id='word_1_556' title='bbox 423 4234 634 4297; x_wconf 77' lang='grc' dir='ltr'>τροφῆς.</span> <span class='ocrx_word' id='word_1_557' title='bbox 682 4226 838 4279; x_wconf 78' lang='grc' dir='ltr'>Ἀλλὰ</span> <span class='ocrx_word' id='word_1_558' title='bbox 879 4232 968 4279; x_wconf 79' lang='grc' dir='ltr'>καὶ</span> <span class='ocrx_word' id='word_1_559' title='bbox 1003 4231 1187 4280; x_wconf 84' lang='grc' dir='ltr'>τούτου</span> <span class='ocrx_word' id='word_1_560' title='bbox 1218 4236 1354 4280; x_wconf 83' lang='grc' dir='ltr'>κατα</span> <span class='ocrx_word' id='word_1_561' title='bbox 1398 4234 1607 4301; x_wconf 85' lang='grc' dir='ltr'>γνώμην</span> <span class='ocrx_word' id='word_1_562' title='bbox 1654 4236 1900 4299; x_wconf 79' lang='grc' dir='ltr'>τυχοῦσα</span> 
     </span>
    </p>
   </div>
   <div class='ocr_carea' id='block_1_79' title="bbox 300 4314 1897 4391">
    <p class='ocr_par' dir='ltr' id='par_1_79' title="bbox 300 4314 1897 4391">
     <span class='ocr_line' id='line_1_79' title="bbox 300 4314 1897 4391; baseline 0.001 -25"><span class='ocrx_word' id='word_1_563' title='bbox 300 4318 431 4389; x_wconf 85' lang='grc' dir='ltr'>πρὸς</span> <span class='ocrx_word' id='word_1_564' title='bbox 489 4315 661 4390; x_wconf 75' lang='grc' dir='ltr'>ἑτέραν</span> <span class='ocrx_word' id='word_1_565' title='bbox 737 4314 921 4369; x_wconf 78' lang='grc' dir='ltr'>ἀπεῖδε</span> <span class='ocrx_word' id='word_1_566' title='bbox 998 4316 1200 4382; x_wconf 76' lang='grc' dir='ltr'>δέησιν,</span> <span class='ocrx_word' id='word_1_567' title='bbox 1275 4323 1534 4389; x_wconf 72' lang='grc' dir='ltr'>τριχίνοις</span> <span class='ocrx_word' id='word_1_568' title='bbox 1612 4316 1897 4391; x_wconf 87' lang='grc' dir='ltr'>ἐνδύμασιν</span> 
     </span>
    </p>
   </div>
   <div class='ocr_carea' id='block_1_80' title="bbox 2004 3144 3657 3216">
    <p class='ocr_par' dir='ltr' id='par_1_80' title="bbox 2004 3144 3657 3216">
     <span class='ocr_line' id='line_1_80' title="bbox 2004 3144 3657 3216; baseline 0.001 -16"><span class='ocrx_word' id='word_1_569' title='bbox 2004 3145 2329 3216; x_wconf 79' lang='lat' dir='ltr'><strong>gnificabat</strong></span> <span class='ocrx_word' id='word_1_570' title='bbox 2364 3144 2614 3199; x_wconf 88' lang='lat' dir='ltr'><strong>amictus</strong></span> <span class='ocrx_word' id='word_1_571' title='bbox 2642 3148 3108 3199; x_wconf 89' lang='lat' dir='ltr'><strong>monasticarum</strong></span> <span class='ocrx_word' id='word_1_572' title='bbox 3144 3146 3415 3201; x_wconf 88' lang='lat' dir='ltr'><strong>vestium.</strong></span> <span class='ocrx_word' id='word_1_573' title='bbox 3450 3148 3547 3201; x_wconf 91' lang='lat' dir='ltr'><strong>llle</strong></span> <span class='ocrx_word' id='word_1_574' title='bbox 3575 3154 3657 3203; x_wconf 91' lang='lat' dir='ltr'><strong>ta-</strong></span> 
     </span>
    </p>
   </div>
   <div class='ocr_carea' id='block_1_81' title="bbox 2002 3234 3657 3304">
    <p class='ocr_par' dir='ltr' id='par_1_81' title="bbox 2002 3234 3657 3304">
     <span class='ocr_line' id='line_1_81' title="bbox 2002 3234 3657 3304; baseline -0.001 -12"><span class='ocrx_word' id='word_1_575' title='bbox 2002 3252 2141 3292; x_wconf 89' lang='lat' dir='ltr'><strong>men</strong></span> <span class='ocrx_word' id='word_1_576' title='bbox 2171 3235 2453 3304; x_wconf 85' lang='lat' dir='ltr'><strong>deinceps</strong></span> <span class='ocrx_word' id='word_1_577' title='bbox 2480 3235 2761 3287; x_wconf 88' lang='lat' dir='ltr'><strong>manebat</strong></span> <span class='ocrx_word' id='word_1_578' title='bbox 2791 3234 2993 3288; x_wconf 90' lang='lat' dir='ltr'><strong>dolore</strong></span> <span class='ocrx_word' id='word_1_579' title='bbox 3012 3234 3254 3289; x_wconf 76' lang='lat' dir='ltr'><strong>affectus</strong></span> <span class='ocrx_word' id='word_1_580' title='bbox 3276 3244 3333 3289; x_wconf 91' lang='lat' dir='ltr'>et</span> <span class='ocrx_word' id='word_1_581' title='bbox 3361 3238 3657 3293; x_wconf 87' lang='lat' dir='ltr'><strong>cruciatus</strong></span> 
     </span>
    </p>
   </div>
   <div class='ocr_carea' id='block_1_82' title="bbox 2004 3321 3658 3396">
    <p class='ocr_par' dir='ltr' id='par_1_82' title="bbox 2004 3321 3658 3396">
     <span class='ocr_line' id='line_1_82' title="bbox 2004 3321 3658 3396; baseline 0.001 -16"><span class='ocrx_word' id='word_1_582' title='bbox 2004 3330 2246 3396; x_wconf 87' lang='lat' dir='ltr'><strong>propter</strong></span> <span class='ocrx_word' id='word_1_583' title='bbox 2270 3322 2664 3393; x_wconf 88' lang='lat' dir='ltr'><strong>privationem</strong></span> <span class='ocrx_word' id='word_1_584' title='bbox 2695 3321 2991 3391; x_wconf 86' lang='lat' dir='ltr'><strong>conjugis.</strong></span> <span class='ocrx_word' id='word_1_585' title='bbox 3024 3324 3207 3379; x_wconf 84' lang='lat' dir='ltr'><strong>Beata</strong></span> <span class='ocrx_word' id='word_1_586' title='bbox 3238 3332 3438 3380; x_wconf 90' lang='lat' dir='ltr'><strong>autem</strong></span> <span class='ocrx_word' id='word_1_587' title='bbox 3476 3328 3658 3381; x_wconf 85' lang='lat' dir='ltr'><strong>Ttieo-</strong></span> 
     </span>
    </p>
   </div>
   <div class='ocr_carea' id='block_1_83' title="bbox 2002 3410 3657 3487">
    <p class='ocr_par' dir='ltr' id='par_1_83' title="bbox 2002 3410 3657 3487">
     <span class='ocr_line' id='line_1_83' title="bbox 2002 3410 3657 3487; baseline 0.001 -18"><span class='ocrx_word' id='word_1_588' title='bbox 2002 3414 2151 3469; x_wconf 90' lang='lat' dir='ltr'><strong>dora</strong></span> <span class='ocrx_word' id='word_1_589' title='bbox 2190 3427 2395 3466; x_wconf 90' lang='lat' dir='ltr'><strong>amore</strong></span> <span class='ocrx_word' id='word_1_590' title='bbox 2436 3410 2672 3464; x_wconf 88' lang='lat' dir='ltr'>Domini</span> <span class='ocrx_word' id='word_1_591' title='bbox 2713 3412 2904 3479; x_wconf 86' lang='lat' dir='ltr'><strong>magis</strong></span> <span class='ocrx_word' id='word_1_592' title='bbox 2942 3428 3215 3479; x_wconf 89' lang='lat' dir='ltr'><strong>accensa,</strong></span> <span class='ocrx_word' id='word_1_593' title='bbox 3261 3421 3321 3470; x_wconf 89' lang='lat' dir='ltr'>ut</span> <span class='ocrx_word' id='word_1_594' title='bbox 3358 3432 3493 3487; x_wconf 76' lang='lat' dir='ltr'><strong>quae</strong></span> <span class='ocrx_word' id='word_1_595' title='bbox 3531 3417 3657 3486; x_wconf 90' lang='lat' dir='ltr'>jam</span> 
     </span>
    </p>
   </div>
   <div class='ocr_carea' id='block_1_84' title="bbox 2003 3501 3658 3576">
    <p class='ocr_par' dir='ltr' id='par_1_84' title="bbox 2003 3501 3658 3576">
     <span class='ocr_line' id='line_1_84' title="bbox 2003 3501 3658 3576; baseline 0.001 -19"><span class='ocrx_word' id='word_1_596' title='bbox 2003 3508 2268 3576; x_wconf 80' lang='lat' dir='ltr'><strong>gustarat</strong></span> <span class='ocrx_word' id='word_1_597' title='bbox 2297 3501 2427 3570; x_wconf 88' lang='lat' dir='ltr'><strong>ejus</strong></span> <span class='ocrx_word' id='word_1_598' title='bbox 2466 3502 2843 3564; x_wconf 89' lang='lat' dir='ltr'><strong>suavitatem,</strong></span> <span class='ocrx_word' id='word_1_599' title='bbox 2892 3507 2949 3555; x_wconf 89' lang='lat' dir='ltr'><strong>et</strong></span> <span class='ocrx_word' id='word_1_600' title='bbox 2978 3509 3190 3573; x_wconf 85' lang='lat' dir='ltr'><strong>parata</strong></span> <span class='ocrx_word' id='word_1_601' title='bbox 3230 3511 3353 3559; x_wconf 89' lang='lat' dir='ltr'><strong>erat</strong></span> <span class='ocrx_word' id='word_1_602' title='bbox 3397 3506 3658 3576; x_wconf 87' lang='lat' dir='ltr'><strong>seipsam</strong></span> 
     </span>
    </p>
   </div>
   <div class='ocr_carea' id='block_1_85' title="bbox 2002 3589 3657 3661">
    <p class='ocr_par' dir='ltr' id='par_1_85' title="bbox 2002 3589 3657 3661">
     <span class='ocr_line' id='line_1_85' title="bbox 2002 3589 3657 3661; baseline 0.001 -13"><span class='ocrx_word' id='word_1_603' title='bbox 2002 3596 2064 3648; x_wconf 91' lang='lat' dir='ltr'><strong>in</strong></span> <span class='ocrx_word' id='word_1_604' title='bbox 2093 3592 2329 3661; x_wconf 83' lang='lat' dir='ltr'><strong>majora</strong></span> <span class='ocrx_word' id='word_1_605' title='bbox 2351 3589 2641 3657; x_wconf 90' lang='lat' dir='ltr'><strong>conjicere</strong></span> <span class='ocrx_word' id='word_1_606' title='bbox 2672 3589 3023 3654; x_wconf 86' lang='lat' dir='ltr'><strong>certamina,</strong></span> <span class='ocrx_word' id='word_1_607' title='bbox 3054 3598 3110 3645; x_wconf 91' lang='lat' dir='ltr'>et</span> <span class='ocrx_word' id='word_1_608' title='bbox 3156 3593 3337 3647; x_wconf 90' lang='lat' dir='ltr'><strong>semel</strong></span> <span class='ocrx_word' id='word_1_609' title='bbox 3364 3592 3420 3645; x_wconf 90' lang='lat' dir='ltr'><strong>in</strong></span> <span class='ocrx_word' id='word_1_610' title='bbox 3447 3595 3542 3648; x_wconf 91' lang='lat' dir='ltr'>die</span> <span class='ocrx_word' id='word_1_611' title='bbox 3564 3609 3657 3649; x_wconf 93' lang='lat' dir='ltr'><strong>co-</strong></span> 
     </span>
    </p>
   </div>
   <div class='ocr_carea' id='block_1_86' title="bbox 2003 3676 3662 3751">
    <p class='ocr_par' dir='ltr' id='par_1_86' title="bbox 2003 3676 3662 3751">
     <span class='ocr_line' id='line_1_86' title="bbox 2003 3676 3662 3751; baseline 0 -16"><span class='ocrx_word' id='word_1_612' title='bbox 2003 3683 2272 3743; x_wconf 89' lang='lat' dir='ltr'><strong>medens,</strong></span> <span class='ocrx_word' id='word_1_613' title='bbox 2309 3693 2528 3748; x_wconf 90' lang='lat' dir='ltr'><strong>corpus</strong></span> <span class='ocrx_word' id='word_1_614' title='bbox 2550 3676 2915 3748; x_wconf 86' lang='lat' dir='ltr'><strong>castigabat;</strong></span> <span class='ocrx_word' id='word_1_615' title='bbox 2948 3680 3164 3733; x_wconf 89' lang='lat' dir='ltr'><strong>deinde</strong></span> <span class='ocrx_word' id='word_1_616' title='bbox 3186 3680 3477 3751; x_wconf 90' lang='lat' dir='ltr'><strong>adjiciens</strong></span> <span class='ocrx_word' id='word_1_617' title='bbox 3492 3682 3662 3737; x_wconf 87' lang='lat' dir='ltr'><strong>labo-</strong></span> 
     </span>
    </p>
   </div>
   <div class='ocr_carea' id='block_1_87' title="bbox 2004 3768 3662 3838">
    <p class='ocr_par' dir='ltr' id='par_1_87' title="bbox 2004 3768 3662 3838">
     <span class='ocr_line' id='line_1_87' title="bbox 2004 3768 3662 3838; baseline 0 -14"><span class='ocrx_word' id='word_1_618' title='bbox 2004 3771 2190 3834; x_wconf 90' lang='lat' dir='ltr'><strong>ribus,</strong></span> <span class='ocrx_word' id='word_1_619' title='bbox 2224 3768 2484 3822; x_wconf 89' lang='lat' dir='ltr'><strong>secundo</strong></span> <span class='ocrx_word' id='word_1_620' title='bbox 2513 3782 2754 3838; x_wconf 91' lang='lat' dir='ltr'><strong>quoque</strong></span> <span class='ocrx_word' id='word_1_621' title='bbox 2780 3768 2877 3821; x_wconf 90' lang='lat' dir='ltr'>die</span> <span class='ocrx_word' id='word_1_622' title='bbox 2907 3768 3109 3822; x_wconf 87' lang='lat' dir='ltr'><strong>cibum</strong></span> <span class='ocrx_word' id='word_1_623' title='bbox 3137 3770 3410 3825; x_wconf 90' lang='lat' dir='ltr'><strong>sumebat</strong></span> <span class='ocrx_word' id='word_1_624' title='bbox 3440 3785 3454 3835; x_wconf 88' lang='lat'><strong>;</strong></span> <span class='ocrx_word' id='word_1_625' title='bbox 3493 3778 3548 3825; x_wconf 88' lang='lat' dir='ltr'><strong>et</strong></span> <span class='ocrx_word' id='word_1_626' title='bbox 3578 3772 3662 3825; x_wconf 92' lang='lat' dir='ltr'>sic</span> 
     </span>
    </p>
   </div>
   <div class='ocr_carea' id='block_1_88' title="bbox 2005 3856 3660 3930">
    <p class='ocr_par' dir='ltr' id='par_1_88' title="bbox 2005 3856 3660 3930">
     <span class='ocr_line' id='line_1_88' title="bbox 2005 3856 3660 3930; baseline 0 -17"><span class='ocrx_word' id='word_1_627' title='bbox 2005 3858 2296 3929; x_wconf 89' lang='lat' dir='ltr'><strong>paulatim</strong></span> <span class='ocrx_word' id='word_1_628' title='bbox 2334 3856 2693 3925; x_wconf 90' lang='lat' dir='ltr'><strong>aggrediens</strong></span> <span class='ocrx_word' id='word_1_629' title='bbox 2732 3856 2926 3924; x_wconf 89' lang='lat' dir='ltr'><strong>magis</strong></span> <span class='ocrx_word' id='word_1_630' title='bbox 2949 3856 3269 3919; x_wconf 83' lang='lat' dir='ltr'><strong>laboriosa,</strong></span> <span class='ocrx_word' id='word_1_631' title='bbox 3294 3874 3433 3911; x_wconf 91' lang='lat' dir='ltr'><strong>cum</strong></span> <span class='ocrx_word' id='word_1_632' title='bbox 3453 3872 3660 3930; x_wconf 89' lang='lat' dir='ltr'><strong>perve-</strong></span> 
     </span>
    </p>
   </div>
   <div class='ocr_carea' id='block_1_89' title="bbox 2006 3945 3665 4011">
    <p class='ocr_par' dir='ltr' id='par_1_89' title="bbox 2006 3945 3665 4011">
     <span class='ocr_line' id='line_1_89' title="bbox 2006 3945 3665 4011; baseline 0.001 -8"><span class='ocrx_word' id='word_1_633' title='bbox 2006 3948 2195 4003; x_wconf 89' lang='lat' dir='ltr'>nisset</span> <span class='ocrx_word' id='word_1_634' title='bbox 2219 3947 2296 4001; x_wconf 90' lang='lat' dir='ltr'>ad</span> <span class='ocrx_word' id='word_1_635' title='bbox 2320 3947 2589 4001; x_wconf 88' lang='lat' dir='ltr'><strong>habitum</strong></span> <span class='ocrx_word' id='word_1_636' title='bbox 2620 3961 2873 4000; x_wconf 65' lang='lat' dir='ltr'><strong>summas</strong></span> <span class='ocrx_word' id='word_1_637' title='bbox 2901 3945 3287 4011; x_wconf 69' lang='lat' dir='ltr'><strong>abstinentiae,</strong></span> <span class='ocrx_word' id='word_1_638' title='bbox 3313 3956 3516 4003; x_wconf 88' lang='lat' dir='ltr'><strong>monet</strong></span> <span class='ocrx_word' id='word_1_639' title='bbox 3538 3964 3665 4004; x_wconf 89' lang='lat' dir='ltr'>mo-</span> 
     </span>
    </p>
   </div>
   <div class='ocr_carea' id='block_1_90' title="bbox 2007 4036 3664 4109">
    <p class='ocr_par' dir='ltr' id='par_1_90' title="bbox 2007 4036 3664 4109">
     <span class='ocr_line' id='line_1_90' title="bbox 2007 4036 3664 4109; baseline -0.001 -16"><span class='ocrx_word' id='word_1_640' title='bbox 2007 4038 2259 4099; x_wconf 82' lang='lat' dir='ltr'><strong>nachos,</strong></span> <span class='ocrx_word' id='word_1_641' title='bbox 2286 4036 2389 4107; x_wconf 89' lang='lat' dir='ltr'>qui</span> <span class='ocrx_word' id='word_1_642' title='bbox 2421 4052 2558 4089; x_wconf 89' lang='lat' dir='ltr'><strong>cum</strong></span> <span class='ocrx_word' id='word_1_643' title='bbox 2604 4050 2675 4090; x_wconf 91' lang='lat' dir='ltr'><strong>ea</strong></span> <span class='ocrx_word' id='word_1_644' title='bbox 2717 4037 3160 4102; x_wconf 82' lang='lat' dir='ltr'><strong>exercebantur,</strong></span> <span class='ocrx_word' id='word_1_645' title='bbox 3214 4045 3275 4092; x_wconf 91' lang='lat' dir='ltr'>ut</span> <span class='ocrx_word' id='word_1_646' title='bbox 3314 4052 3351 4092; x_wconf 91' lang='lat' dir='ltr'>a</span> <span class='ocrx_word' id='word_1_647' title='bbox 3389 4039 3664 4109; x_wconf 68' lang='lat' dir='ltr'><strong>praefecto</strong></span> 
     </span>
    </p>
   </div>
   <div class='ocr_carea' id='block_1_91' title="bbox 2008 4124 3667 4200">
    <p class='ocr_par' dir='ltr' id='par_1_91' title="bbox 2008 4124 3667 4200">
     <span class='ocr_line' id='line_1_91' title="bbox 2008 4124 3667 4200; baseline 0 -18"><span class='ocrx_word' id='word_1_648' title='bbox 2008 4133 2272 4200; x_wconf 88' lang='lat' dir='ltr'><strong>peterent</strong></span> <span class='ocrx_word' id='word_1_649' title='bbox 2294 4127 2346 4179; x_wconf 92' lang='lat' dir='ltr'>ei</span> <span class='ocrx_word' id='word_1_650' title='bbox 2366 4124 2643 4197; x_wconf 78' lang='lat' dir='ltr'><strong>permitti,</strong></span> <span class='ocrx_word' id='word_1_651' title='bbox 2678 4131 2739 4179; x_wconf 91' lang='lat' dir='ltr'>ut</span> <span class='ocrx_word' id='word_1_652' title='bbox 2765 4124 2963 4179; x_wconf 88' lang='lat' dir='ltr'><strong>cibum</strong></span> <span class='ocrx_word' id='word_1_653' title='bbox 2994 4126 3177 4180; x_wconf 89' lang='lat' dir='ltr'><strong>semel</strong></span> <span class='ocrx_word' id='word_1_654' title='bbox 3212 4132 3441 4182; x_wconf 90' lang='lat' dir='ltr'><strong>tantum</strong></span> <span class='ocrx_word' id='word_1_655' title='bbox 3468 4141 3667 4182; x_wconf 90' lang='lat' dir='ltr'><strong>sume—</strong></span> 
     </span>
    </p>
   </div>
   <div class='ocr_carea' id='block_1_92' title="bbox 2008 4214 3664 4287">
    <p class='ocr_par' dir='ltr' id='par_1_92' title="bbox 2008 4214 3664 4287">
     <span class='ocr_line' id='line_1_92' title="bbox 2008 4214 3664 4287; baseline 0 -15"><span class='ocrx_word' id='word_1_656' title='bbox 2008 4224 2094 4272; x_wconf 92' lang='lat' dir='ltr'>ret</span> <span class='ocrx_word' id='word_1_657' title='bbox 2120 4217 2181 4271; x_wconf 92' lang='lat' dir='ltr'>in</span> <span class='ocrx_word' id='word_1_658' title='bbox 2224 4214 2623 4271; x_wconf 89' lang='lat' dir='ltr'><strong>hebdomada.</strong></span> <span class='ocrx_word' id='word_1_659' title='bbox 2660 4214 2773 4269; x_wconf 90' lang='lat' dir='ltr'><strong>Sed</strong></span> <span class='ocrx_word' id='word_1_660' title='bbox 2816 4230 2956 4269; x_wconf 92' lang='lat' dir='ltr'>cum</span> <span class='ocrx_word' id='word_1_661' title='bbox 2981 4214 3042 4268; x_wconf 88' lang='lat' dir='ltr'>id</span> <span class='ocrx_word' id='word_1_662' title='bbox 3074 4231 3317 4287; x_wconf 92' lang='lat' dir='ltr'><strong>quoque</strong></span> <span class='ocrx_word' id='word_1_663' title='bbox 3365 4224 3539 4282; x_wconf 90' lang='lat' dir='ltr'><strong>esset,</strong></span> <span class='ocrx_word' id='word_1_664' title='bbox 3602 4221 3664 4272; x_wconf 91' lang='lat' dir='ltr'><strong>ut</strong></span> 
     </span>
    </p>
   </div>
   <div class='ocr_carea' id='block_1_93' title="bbox 2008 4303 3662 4377">
    <p class='ocr_par' dir='ltr' id='par_1_93' title="bbox 2008 4303 3662 4377">
     <span class='ocr_line' id='line_1_93' title="bbox 2008 4303 3662 4377; baseline 0 -15"><span class='ocrx_word' id='word_1_665' title='bbox 2008 4305 2265 4374; x_wconf 88' lang='lat' dir='ltr'><strong>volebat,</strong></span> <span class='ocrx_word' id='word_1_666' title='bbox 2297 4310 2640 4370; x_wconf 89' lang='lat' dir='ltr'><strong>consecuta,</strong></span> <span class='ocrx_word' id='word_1_667' title='bbox 2673 4303 2753 4359; x_wconf 89' lang='lat' dir='ltr'><strong>ad</strong></span> <span class='ocrx_word' id='word_1_668' title='bbox 2783 4303 3029 4360; x_wconf 87' lang='lat' dir='ltr'><strong>alteram</strong></span> <span class='ocrx_word' id='word_1_669' title='bbox 3053 4308 3284 4376; x_wconf 79' lang='lat' dir='ltr'><strong>aspexit</strong></span> <span class='ocrx_word' id='word_1_670' title='bbox 3296 4309 3662 4377; x_wconf 90' lang='lat' dir='ltr'><strong>petitionem,</strong></span> 
     </span>
    </p>
   </div>
   <div class='ocr_carea' id='block_1_94' title="bbox 300 4393 1890 4480">
    <p class='ocr_par' dir='ltr' id='par_1_94' title="bbox 300 4404 1890 4480">
     <span class='ocr_line' id='line_1_94' title="bbox 300 4404 1890 4480; baseline 0.001 -23"><span class='ocrx_word' id='word_1_671' title='bbox 300 4404 576 4479; x_wconf 73' lang='grc' dir='ltr'>ἐπιτρίψαι</span> <span class='ocrx_word' id='word_1_672' title='bbox 605 4409 663 4457; x_wconf 85' lang='grc' dir='ltr'>τὸ</span> <span class='ocrx_word' id='word_1_673' title='bbox 710 4415 880 4478; x_wconf 86' lang='grc' dir='ltr'>σῶμα,</span> <span class='ocrx_word' id='word_1_674' title='bbox 929 4409 1102 4479; x_wconf 79' lang='grc' dir='ltr'>ὥσπερ</span> <span class='ocrx_word' id='word_1_675' title='bbox 1148 4408 1439 4480; x_wconf 77' lang='grc' dir='ltr'>ἀμυνομένη</span> <span class='ocrx_word' id='word_1_676' title='bbox 1486 4412 1578 4466; x_wconf 80' lang='grc' dir='ltr'>τήν</span> <span class='ocrx_word' id='word_1_677' title='bbox 1623 4409 1890 4470; x_wconf 73' lang='grc' dir='ltr'>πλήξασαν</span> 
     </span>
    </p>
   </div>
   <div class='ocr_carea' id='block_1_95' title="bbox 2004 4393 3663 4480">
    <p class='ocr_par' dir='ltr' id='par_1_95' title="bbox 2009 4393 3663 4467">
     <span class='ocr_line' id='line_1_95' title="bbox 2009 4393 3663 4467; baseline -0.002 -15"><span class='ocrx_word' id='word_1_678' title='bbox 2009 4412 2227 4467; x_wconf 90' lang='lat' dir='ltr'><strong>nempe</strong></span> <span class='ocrx_word' id='word_1_679' title='bbox 2251 4400 2310 4450; x_wconf 93' lang='lat' dir='ltr'>ut</span> <span class='ocrx_word' id='word_1_680' title='bbox 2339 4410 2556 4465; x_wconf 91' lang='lat' dir='ltr'><strong>corpus</strong></span> <span class='ocrx_word' id='word_1_681' title='bbox 2572 4393 3125 4460; x_wconf 88' lang='lat' dir='ltr'><strong>contereretcilicio,</strong></span> <span class='ocrx_word' id='word_1_682' title='bbox 3152 4395 3333 4450; x_wconf 87' lang='lat' dir='ltr'><strong>veluti</strong></span> <span class='ocrx_word' id='word_1_683' title='bbox 3370 4396 3663 4452; x_wconf 90' lang='lat' dir='ltr'><strong>ulciscens</strong></span> 
     </span>
    </p>
   </div>
   <div class='ocr_carea' id='block_1_96' title="bbox 300 4490 1899 4571">
    <p class='ocr_par' dir='ltr' id='par_1_96' title="bbox 300 4490 1899 4571">
     <span class='ocr_line' id='line_1_96' title="bbox 300 4490 1899 4571; baseline 0.003 -26"><span class='ocrx_word' id='word_1_684' title='bbox 300 4490 519 4552; x_wconf 79' lang='grc' dir='ltr'>ἡδονήν.</span> <span class='ocrx_word' id='word_1_685' title='bbox 585 4495 744 4546; x_wconf 85' lang='grc' dir='ltr'>Ούπω</span> <span class='ocrx_word' id='word_1_686' title='bbox 816 4499 917 4571; x_wconf 77' lang='grc' dir='ltr'>γὰρ</span> <span class='ocrx_word' id='word_1_687' title='bbox 996 4494 1121 4549; x_wconf 77' lang='grc' dir='ltr'>οὐδε</span> <span class='ocrx_word' id='word_1_688' title='bbox 1175 4501 1307 4569; x_wconf 83' lang='grc' dir='ltr'>μετὰ</span> <span class='ocrx_word' id='word_1_689' title='bbox 1356 4500 1638 4558; x_wconf 85' lang='grc' dir='ltr'>τοσούτους</span> <span class='ocrx_word' id='word_1_690' title='bbox 1698 4497 1899 4569; x_wconf 80' lang='grc' dir='ltr'>ἀγῶνας</span> 
     </span>
    </p>
   </div>
   <div class='ocr_carea' id='block_1_97' title="bbox 301 4580 1901 4657">
    <p class='ocr_par' dir='ltr' id='par_1_97' title="bbox 301 4580 1901 4657">
     <span class='ocr_line' id='line_1_97' title="bbox 301 4580 1901 4657; baseline 0.004 -24"><span class='ocrx_word' id='word_1_691' title='bbox 301 4582 466 4641; x_wconf 80' lang='grc' dir='ltr'>λήθην</span> <span class='ocrx_word' id='word_1_692' title='bbox 539 4580 764 4641; x_wconf 79' lang='grc' dir='ltr'>ἠδύνατο</span> <span class='ocrx_word' id='word_1_693' title='bbox 825 4593 918 4647; x_wconf 88' lang='grc' dir='ltr'>τῆς</span> <span class='ocrx_word' id='word_1_694' title='bbox 996 4586 1200 4657; x_wconf 84' lang='grc' dir='ltr'>πληγῆς</span> <span class='ocrx_word' id='word_1_695' title='bbox 1280 4586 1473 4650; x_wconf 84' lang='grc' dir='ltr'>ἐκείνης</span> <span class='ocrx_word' id='word_1_696' title='bbox 1542 4588 1729 4653; x_wconf 82' lang='grc' dir='ltr'>λαϐεῖν,</span> <span class='ocrx_word' id='word_1_697' title='bbox 1794 4587 1901 4640; x_wconf 78' lang='grc' dir='ltr'>ἀλλ’</span> 
     </span>
    </p>
   </div>
   <div class='ocr_carea' id='block_1_98' title="bbox 304 4670 1902 4748">
    <p class='ocr_par' dir='ltr' id='par_1_98' title="bbox 304 4670 1902 4748">
     <span class='ocr_line' id='line_1_98' title="bbox 304 4670 1902 4748; baseline 0.005 -26"><span class='ocrx_word' id='word_1_698' title='bbox 304 4673 491 4743; x_wconf 75' lang='grc' dir='ltr'>ἔμεινεν</span> <span class='ocrx_word' id='word_1_699' title='bbox 520 4670 598 4724; x_wconf 80' lang='grc' dir='ltr'>ἀεὶ</span> <span class='ocrx_word' id='word_1_700' title='bbox 628 4680 689 4744; x_wconf 79' lang='grc' dir='ltr'>τῇ</span> <span class='ocrx_word' id='word_1_701' title='bbox 736 4676 1012 4747; x_wconf 79' lang='grc' dir='ltr'>προσθήκῃ</span> <span class='ocrx_word' id='word_1_702' title='bbox 1049 4683 1148 4727; x_wconf 82' lang='grc' dir='ltr'>τῶν</span> <span class='ocrx_word' id='word_1_703' title='bbox 1179 4674 1452 4745; x_wconf 83' lang='grc' dir='ltr'>ἐπιπόνων,</span> <span class='ocrx_word' id='word_1_704' title='bbox 1482 4680 1566 4728; x_wconf 86' lang='grc' dir='ltr'>τὸν</span> <span class='ocrx_word' id='word_1_705' title='bbox 1608 4675 1902 4748; x_wconf 84' lang='grc' dir='ltr'>βεϐληκότα</span> 
     </span>
    </p>
   </div>
   <div class='ocr_carea' id='block_1_99' title="bbox 308 4759 1898 4837">
    <p class='ocr_par' dir='ltr' id='par_1_99' title="bbox 308 4759 1898 4837">
     <span class='ocr_line' id='line_1_99' title="bbox 308 4759 1898 4837; baseline 0.005 -25"><span class='ocrx_word' id='word_1_706' title='bbox 308 4759 595 4832; x_wconf 80' lang='grc' dir='ltr'>βάλλουσα,</span> <span class='ocrx_word' id='word_1_707' title='bbox 642 4767 731 4813; x_wconf 84' lang='grc' dir='ltr'>καὶ</span> <span class='ocrx_word' id='word_1_708' title='bbox 779 4763 947 4834; x_wconf 82' lang='grc' dir='ltr'>πολλῷ</span> <span class='ocrx_word' id='word_1_709' title='bbox 979 4766 1194 4836; x_wconf 76' lang='grc' dir='ltr'>μείζονα</span> <span class='ocrx_word' id='word_1_710' title='bbox 1237 4771 1324 4824; x_wconf 81' lang='grc' dir='ltr'>τήν</span> <span class='ocrx_word' id='word_1_711' title='bbox 1373 4766 1636 4837; x_wconf 80' lang='grc' dir='ltr'>αἰσχύνην</span> <span class='ocrx_word' id='word_1_712' title='bbox 1678 4767 1741 4828; x_wconf 84' lang='grc' dir='ltr'>ἧς</span> <span class='ocrx_word' id='word_1_713' title='bbox 1767 4772 1898 4827; x_wconf 71' lang='grc' dir='ltr'>αὐτὴ</span> 
     </span>
    </p>
   </div>
   <div class='ocr_carea' id='block_1_100' title="bbox 306 4850 1902 4926">
    <p class='ocr_par' dir='ltr' id='par_1_100' title="bbox 306 4850 1902 4926">
     <span class='ocr_line' id='line_1_100' title="bbox 306 4850 1902 4926; baseline 0.005 -25"><span class='ocrx_word' id='word_1_714' title='bbox 306 4854 548 4903; x_wconf 76' lang='grc' dir='ltr'>πέπονθεν</span> <span class='ocrx_word' id='word_1_715' title='bbox 579 4850 751 4924; x_wconf 83' lang='grc' dir='ltr'>ἐκείνῳ</span> <span class='ocrx_word' id='word_1_716' title='bbox 778 4855 1118 4925; x_wconf 83' lang='grc' dir='ltr'>περιτιθεῖσα,</span> <span class='ocrx_word' id='word_1_717' title='bbox 1148 4860 1277 4926; x_wconf 87' lang='grc' dir='ltr'>γυνή</span> <span class='ocrx_word' id='word_1_718' title='bbox 1299 4860 1383 4907; x_wconf 80' lang='grc' dir='ltr'>τὸν</span> <span class='ocrx_word' id='word_1_719' title='bbox 1412 4860 1500 4907; x_wconf 83' lang='grc' dir='ltr'>καὶ</span> <span class='ocrx_word' id='word_1_720' title='bbox 1524 4856 1738 4919; x_wconf 77' lang='grc' dir='ltr'>πολλοὺς</span> <span class='ocrx_word' id='word_1_721' title='bbox 1758 4863 1902 4916; x_wconf 88' lang='grc' dir='ltr'>νική-</span> 
     </span>
    </p>
   </div>
   <div class='ocr_carea' id='block_1_101' title="bbox 310 4938 1900 5018">
    <p class='ocr_par' dir='ltr' id='par_1_101' title="bbox 310 4938 1900 5018">
     <span class='ocr_line' id='line_1_101' title="bbox 310 4938 1900 5018; baseline 0.004 -26"><span class='ocrx_word' id='word_1_722' title='bbox 310 4958 473 4992; x_wconf 87' lang='grc' dir='ltr'>σαντα</span> <span class='ocrx_word' id='word_1_723' title='bbox 518 4950 617 4993; x_wconf 83' lang='grc' dir='ltr'>τῶν</span> <span class='ocrx_word' id='word_1_724' title='bbox 650 4938 851 5015; x_wconf 77' lang='grc' dir='ltr'>ἀνδρῶν</span> <span class='ocrx_word' id='word_1_725' title='bbox 881 4950 966 4995; x_wconf 79' lang='grc' dir='ltr'>και</span> <span class='ocrx_word' id='word_1_726' title='bbox 1002 4946 1175 5018; x_wconf 87' lang='grc' dir='ltr'>σάρκα</span> <span class='ocrx_word' id='word_1_727' title='bbox 1225 4954 1458 5018; x_wconf 74' lang='grc' dir='ltr'>φοροῦσα</span> <span class='ocrx_word' id='word_1_728' title='bbox 1506 4949 1590 4997; x_wconf 87' lang='grc' dir='ltr'>τόν</span> <span class='ocrx_word' id='word_1_729' title='bbox 1622 4945 1900 5018; x_wconf 76' lang='grc' dir='ltr'>ἀσωματον</span> 
     </span>
    </p>
   </div>
   <div class='ocr_carea' id='block_1_102' title="bbox 305 5034 651 5101">
    <p class='ocr_par' dir='ltr' id='par_1_102' title="bbox 305 5034 651 5101">
     <span class='ocr_line' id='line_1_102' title="bbox 305 5034 651 5101; baseline 0 -20"><span class='ocrx_word' id='word_1_730' title='bbox 305 5034 627 5101; x_wconf 85' lang='grc' dir='ltr'>τροπουμένη</span> <span class='ocrx_word' id='word_1_731' title='bbox 638 5072 651 5085; x_wconf 91' lang='grc'><strong>.</strong></span> 
     </span>
    </p>
   </div>
   <div class='ocr_carea' id='block_1_103' title="bbox 379 5205 1899 5286">
    <p class='ocr_par' dir='ltr' id='par_1_103' title="bbox 379 5205 1899 5286">
     <span class='ocr_line' id='line_1_103' title="bbox 379 5205 1899 5286; baseline 0.003 -26"><span class='ocrx_word' id='word_1_732' title='bbox 379 5206 454 5263; x_wconf 82' lang='grc' dir='ltr'>Η’.</span> <span class='ocrx_word' id='word_1_733' title='bbox 490 5206 601 5261; x_wconf 86' lang='grc' dir='ltr'>Ἰνα</span> <span class='ocrx_word' id='word_1_734' title='bbox 648 5205 707 5261; x_wconf 72' lang='grc' dir='ltr'>δὲ</span> <span class='ocrx_word' id='word_1_735' title='bbox 754 5215 842 5262; x_wconf 83' lang='grc' dir='ltr'>καὶ</span> <span class='ocrx_word' id='word_1_736' title='bbox 900 5212 925 5262; x_wconf 88' lang='lat'>6</span> <span class='ocrx_word' id='word_1_737' title='bbox 978 5211 1135 5273; x_wconf 86' lang='grc' dir='ltr'>πολύς</span> <span class='ocrx_word' id='word_1_738' title='bbox 1181 5212 1232 5263; x_wconf 81' lang='grc' dir='ltr'>ἐν</span> <span class='ocrx_word' id='word_1_739' title='bbox 1282 5212 1405 5265; x_wconf 82' lang='grc' dir='ltr'>ἐλέει</span> <span class='ocrx_word' id='word_1_740' title='bbox 1462 5217 1587 5275; x_wconf 86' lang='grc' dir='ltr'>Θεὸς</span> <span class='ocrx_word' id='word_1_741' title='bbox 1640 5210 1899 5286; x_wconf 78' lang='grc' dir='ltr'>δοξασθῇ,</span> 
     </span>
    </p>
   </div>
   <div class='ocr_carea' id='block_1_104' title="bbox 306 5297 1903 5375">
    <p class='ocr_par' dir='ltr' id='par_1_104' title="bbox 306 5297 1903 5375">
     <span class='ocr_line' id='line_1_104' title="bbox 306 5297 1903 5375; baseline 0.004 -27"><span class='ocrx_word' id='word_1_742' title='bbox 306 5302 395 5349; x_wconf 83' lang='grc' dir='ltr'>καὶ</span> <span class='ocrx_word' id='word_1_743' title='bbox 490 5299 521 5355; x_wconf 79' lang='grc' dir='ltr'><strong>ἠ</strong></span> <span class='ocrx_word' id='word_1_744' title='bbox 608 5297 797 5359; x_wconf 77' lang='grc' dir='ltr'>ἐκείνης</span> <span class='ocrx_word' id='word_1_745' title='bbox 874 5298 1295 5373; x_wconf 78' lang='grc' dir='ltr'>ἀξιοθαύμαστος</span> <span class='ocrx_word' id='word_1_746' title='bbox 1398 5300 1572 5374; x_wconf 76' lang='grc' dir='ltr'>ἀγωγή</span> <span class='ocrx_word' id='word_1_747' title='bbox 1648 5308 1903 5375; x_wconf 84' lang='grc' dir='ltr'>γνώριμος</span> 
     </span>
    </p>
   </div>
   <div class='ocr_carea' id='block_1_105' title="bbox 307 5389 1904 5464">
    <p class='ocr_par' dir='ltr' id='par_1_105' title="bbox 307 5389 1904 5464">
     <span class='ocr_line' id='line_1_105' title="bbox 307 5389 1904 5464; baseline 0.005 -27"><span class='ocrx_word' id='word_1_748' title='bbox 307 5394 565 5459; x_wconf 68' lang='grc' dir='ltr'>καταστῇ,</span> <span class='ocrx_word' id='word_1_749' title='bbox 625 5389 1103 5463; x_wconf 84' lang='grc' dir='ltr'>θαυματουργεῖταί</span> <span class='ocrx_word' id='word_1_750' title='bbox 1182 5410 1234 5444; x_wconf 90' lang='grc' dir='ltr'>τι</span> <span class='ocrx_word' id='word_1_751' title='bbox 1310 5400 1542 5444; x_wconf 80' lang='grc' dir='ltr'>τοιοῦτον</span> <span class='ocrx_word' id='word_1_752' title='bbox 1608 5391 1761 5464; x_wconf 89' lang='grc' dir='ltr'>λόγου</span> <span class='ocrx_word' id='word_1_753' title='bbox 1814 5397 1904 5445; x_wconf 79' lang='grc' dir='ltr'>καὶ</span> 
     </span>
    </p>
   </div>
   <div class='ocr_carea' id='block_1_106' title="bbox 308 5476 1897 5555">
    <p class='ocr_par' dir='ltr' id='par_1_106' title="bbox 308 5476 1897 5555">
     <span class='ocr_line' id='line_1_106' title="bbox 308 5476 1897 5555; baseline 0.011 -29"><span class='ocrx_word' id='word_1_754' title='bbox 308 5482 518 5550; x_wconf 86' lang='grc' dir='ltr'>μνήμης</span> <span class='ocrx_word' id='word_1_755' title='bbox 568 5476 731 5541; x_wconf 80' lang='grc' dir='ltr'>ἄξιόν.</span> <span class='ocrx_word' id='word_1_756' title='bbox 790 5484 960 5554; x_wconf 87' lang='grc' dir='ltr'>Λίμνη</span> <span class='ocrx_word' id='word_1_757' title='bbox 1011 5489 1104 5545; x_wconf 83' lang='grc' dir='ltr'>τῆς</span> <span class='ocrx_word' id='word_1_758' title='bbox 1169 5490 1332 5555; x_wconf 84' lang='grc' dir='ltr'>μονῆς</span> <span class='ocrx_word' id='word_1_759' title='bbox 1384 5483 1622 5555; x_wconf 77' lang='grc' dir='ltr'>ὑπῆρχεν</span> <span class='ocrx_word' id='word_1_760' title='bbox 1674 5479 1826 5553; x_wconf 74' lang='grc' dir='ltr'>ἐγγύς</span> <span class='ocrx_word' id='word_1_761' title='bbox 1885 5499 1897 5514; x_wconf 87' lang='grc'><strong>⁸</strong></span> 
     </span>
    </p>
   </div>
   <div class='ocr_carea' id='block_1_107' title="bbox 309 5565 1893 5648">
    <p class='ocr_par' dir='ltr' id='par_1_107' title="bbox 309 5565 1893 5648">
     <span class='ocr_line' id='line_1_107' title="bbox 309 5565 1893 5648; baseline 0.006 -31"><span class='ocrx_word' id='word_1_762' title='bbox 309 5569 472 5641; x_wconf 74' lang='grc' dir='ltr'>ταύτῃ</span> <span class='ocrx_word' id='word_1_763' title='bbox 521 5565 852 5641; x_wconf 83' lang='grc' dir='ltr'>κροκόδειλος</span> <span class='ocrx_word' id='word_1_764' title='bbox 923 5570 1311 5648; x_wconf 73' lang='grc' dir='ltr'>έμφιλοχωρῶν,</span> <span class='ocrx_word' id='word_1_765' title='bbox 1367 5573 1406 5647; x_wconf 81' lang='grc' dir='ltr'><strong><em>ᾧ</em></strong></span> <span class='ocrx_word' id='word_1_766' title='bbox 1458 5571 1518 5626; x_wconf 83' lang='grc' dir='ltr'>ἆν</span> <span class='ocrx_word' id='word_1_767' title='bbox 1577 5573 1789 5646; x_wconf 74' lang='grc' dir='ltr'>ἕντύχοι</span> <span class='ocrx_word' id='word_1_768' title='bbox 1833 5582 1893 5648; x_wconf 72' lang='grc' dir='ltr'>τῇ</span> 
     </span>
    </p>
   </div>
   <div class='ocr_carea' id='block_1_108' title="bbox 2009 4483 3664 4556">
    <p class='ocr_par' dir='ltr' id='par_1_108' title="bbox 2009 4483 3664 4556">
     <span class='ocr_line' id='line_1_108' title="bbox 2009 4483 3664 4556; baseline 0 -15"><span class='ocrx_word' id='word_1_769' title='bbox 2009 4502 2163 4551; x_wconf 86' lang='lat' dir='ltr'><strong>eam,</strong></span> <span class='ocrx_word' id='word_1_770' title='bbox 2195 4500 2327 4556; x_wconf 83' lang='lat' dir='ltr'><strong>quae</strong></span> <span class='ocrx_word' id='word_1_771' title='bbox 2369 4486 2568 4555; x_wconf 89' lang='lat' dir='ltr'><strong>ipsam</strong></span> <span class='ocrx_word' id='word_1_772' title='bbox 2601 4483 2916 4549; x_wconf 89' lang='lat' dir='ltr'><strong>sauciarat,</strong></span> <span class='ocrx_word' id='word_1_773' title='bbox 2954 4484 3339 4556; x_wconf 85' lang='lat' dir='ltr'><strong>voluptatem.</strong></span> <span class='ocrx_word' id='word_1_774' title='bbox 3387 4486 3664 4541; x_wconf 88' lang='lat' dir='ltr'><strong>Nondum</strong></span> 
     </span>
    </p>
   </div>
   <div class='ocr_carea' id='block_1_109' title="bbox 2009 4571 3667 4647">
    <p class='ocr_par' dir='ltr' id='par_1_109' title="bbox 2009 4571 3667 4647">
     <span class='ocr_line' id='line_1_109' title="bbox 2009 4571 3667 4647; baseline 0.001 -17"><span class='ocrx_word' id='word_1_775' title='bbox 2009 4575 2169 4631; x_wconf 90' lang='lat' dir='ltr'><strong>enim</strong></span> <span class='ocrx_word' id='word_1_776' title='bbox 2196 4590 2304 4629; x_wconf 92' lang='lat' dir='ltr'><strong>nec</strong></span> <span class='ocrx_word' id='word_1_777' title='bbox 2336 4578 2472 4645; x_wconf 89' lang='lat' dir='ltr'><strong>post</strong></span> <span class='ocrx_word' id='word_1_778' title='bbox 2509 4578 2630 4628; x_wconf 89' lang='lat' dir='ltr'>tam</span> <span class='ocrx_word' id='word_1_779' title='bbox 2662 4571 2849 4627; x_wconf 90' lang='lat' dir='ltr'><strong>multa</strong></span> <span class='ocrx_word' id='word_1_780' title='bbox 2871 4572 3115 4644; x_wconf 91' lang='lat' dir='ltr'><strong>quidem</strong></span> <span class='ocrx_word' id='word_1_781' title='bbox 3146 4575 3475 4630; x_wconf 89' lang='lat' dir='ltr'><strong>certamina</strong></span> <span class='ocrx_word' id='word_1_782' title='bbox 3504 4581 3667 4647; x_wconf 92' lang='lat' dir='ltr'><strong>pote-</strong></span> 
     </span>
    </p>
   </div>
   <div class='ocr_carea' id='block_1_110' title="bbox 2010 4661 3665 4737">
    <p class='ocr_par' dir='ltr' id='par_1_110' title="bbox 2010 4661 3665 4737">
     <span class='ocr_line' id='line_1_110' title="bbox 2010 4661 3665 4737; baseline 0 -17"><span class='ocrx_word' id='word_1_783' title='bbox 2010 4672 2099 4720; x_wconf 92' lang='lat' dir='ltr'>rat</span> <span class='ocrx_word' id='word_1_784' title='bbox 2123 4680 2258 4720; x_wconf 93' lang='lat' dir='ltr'><strong>eam</strong></span> <span class='ocrx_word' id='word_1_785' title='bbox 2288 4678 2503 4733; x_wconf 86' lang='lat' dir='ltr'><strong>capere</strong></span> <span class='ocrx_word' id='word_1_786' title='bbox 2517 4661 2741 4717; x_wconf 88' lang='lat' dir='ltr'><strong>oblivio</strong></span> <span class='ocrx_word' id='word_1_787' title='bbox 2754 4662 2906 4716; x_wconf 88' lang='lat' dir='ltr'><strong>illius</strong></span> <span class='ocrx_word' id='word_1_788' title='bbox 2928 4663 3139 4733; x_wconf 73' lang='lat' dir='ltr'><strong>plagae,</strong></span> <span class='ocrx_word' id='word_1_789' title='bbox 3154 4665 3257 4718; x_wconf 90' lang='lat' dir='ltr'>sed</span> <span class='ocrx_word' id='word_1_790' title='bbox 3280 4681 3516 4735; x_wconf 89' lang='lat' dir='ltr'><strong>semper</strong></span> <span class='ocrx_word' id='word_1_791' title='bbox 3536 4681 3665 4737; x_wconf 86' lang='lat' dir='ltr'><strong>per-</strong></span> 
     </span>
    </p>
   </div>
   <div class='ocr_carea' id='block_1_111' title="bbox 2010 4752 3669 4826">
    <p class='ocr_par' dir='ltr' id='par_1_111' title="bbox 2010 4752 3669 4826">
     <span class='ocr_line' id='line_1_111' title="bbox 2010 4752 3669 4826; baseline -0.001 -15"><span class='ocrx_word' id='word_1_792' title='bbox 2010 4757 2204 4826; x_wconf 88' lang='lat' dir='ltr'><strong>gebat,</strong></span> <span class='ocrx_word' id='word_1_793' title='bbox 2238 4752 2576 4824; x_wconf 90' lang='lat' dir='ltr'><strong>adjiciendo</strong></span> <span class='ocrx_word' id='word_1_794' title='bbox 2602 4753 2857 4819; x_wconf 86' lang='lat' dir='ltr'><strong>labores,</strong></span> <span class='ocrx_word' id='word_1_795' title='bbox 2877 4753 3043 4807; x_wconf 87' lang='lat' dir='ltr'><strong>ferire</strong></span> <span class='ocrx_word' id='word_1_796' title='bbox 3060 4771 3198 4808; x_wconf 90' lang='lat' dir='ltr'><strong>eum</strong></span> <span class='ocrx_word' id='word_1_797' title='bbox 3225 4753 3331 4825; x_wconf 91' lang='lat' dir='ltr'><strong>qui</strong></span> <span class='ocrx_word' id='word_1_798' title='bbox 3354 4771 3669 4826; x_wconf 91' lang='lat' dir='ltr'><strong>percusse-</strong></span> 
     </span>
    </p>
   </div>
   <div class='ocr_carea' id='block_1_112' title="bbox 2010 4844 3663 4916">
    <p class='ocr_par' dir='ltr' id='par_1_112' title="bbox 2010 4844 3663 4916">
     <span class='ocr_line' id='line_1_112' title="bbox 2010 4844 3663 4916; baseline -0.001 -14"><span class='ocrx_word' id='word_1_799' title='bbox 2010 4851 2186 4913; x_wconf 88' lang='lat' dir='ltr'><strong>rat,et</strong></span> <span class='ocrx_word' id='word_1_800' title='bbox 2219 4846 2271 4899; x_wconf 91' lang='lat' dir='ltr'>ei</span> <span class='ocrx_word' id='word_1_801' title='bbox 2319 4845 2611 4913; x_wconf 90' lang='lat' dir='ltr'><strong>majorem</strong></span> <span class='ocrx_word' id='word_1_802' title='bbox 2662 4845 2897 4897; x_wconf 90' lang='lat' dir='ltr'><strong>inurere</strong></span> <span class='ocrx_word' id='word_1_803' title='bbox 2935 4844 3328 4912; x_wconf 88' lang='lat' dir='ltr'><strong>ignominiam</strong></span> <span class='ocrx_word' id='word_1_804' title='bbox 3359 4861 3430 4900; x_wconf 91' lang='lat' dir='ltr'><strong>ea</strong></span> <span class='ocrx_word' id='word_1_805' title='bbox 3473 4862 3663 4916; x_wconf 89' lang='lat' dir='ltr'><strong>quam</strong></span> 
     </span>
    </p>
   </div>
   <div class='ocr_carea' id='block_1_113' title="bbox 2011 4932 3663 5009">
    <p class='ocr_par' dir='ltr' id='par_1_113' title="bbox 2011 4932 3663 5009">
     <span class='ocr_line' id='line_1_113' title="bbox 2011 4932 3663 5009; baseline -0.002 -17"><span class='ocrx_word' id='word_1_806' title='bbox 2011 4952 2193 5009; x_wconf 90' lang='lat' dir='ltr'><strong>passa</strong></span> <span class='ocrx_word' id='word_1_807' title='bbox 2222 4934 2431 4999; x_wconf 89' lang='lat' dir='ltr'><strong>fuerat,</strong></span> <span class='ocrx_word' id='word_1_808' title='bbox 2455 4933 2679 4988; x_wconf 87' lang='lat' dir='ltr'>femina</span> <span class='ocrx_word' id='word_1_809' title='bbox 2698 4948 2837 4987; x_wconf 89' lang='lat' dir='ltr'><strong>eum</strong></span> <span class='ocrx_word' id='word_1_810' title='bbox 2856 4932 2959 5003; x_wconf 87' lang='lat' dir='ltr'><strong>qui</strong></span> <span class='ocrx_word' id='word_1_811' title='bbox 2984 4936 3205 4989; x_wconf 88' lang='lat' dir='ltr'><strong>multos</strong></span> <span class='ocrx_word' id='word_1_812' title='bbox 3236 4936 3396 4988; x_wconf 89' lang='lat' dir='ltr'><strong>viros</strong></span> <span class='ocrx_word' id='word_1_813' title='bbox 3425 4936 3663 4999; x_wconf 85' lang='lat' dir='ltr'><strong>vicerat,</strong></span> 
     </span>
    </p>
   </div>
   <div class='ocr_carea' id='block_1_114' title="bbox 2011 5021 3669 5094">
    <p class='ocr_par' dir='ltr' id='par_1_114' title="bbox 2011 5021 3669 5094">
     <span class='ocr_line' id='line_1_114' title="bbox 2011 5021 3669 5094; baseline -0.001 -13"><span class='ocrx_word' id='word_1_814' title='bbox 2011 5034 2067 5081; x_wconf 93' lang='lat' dir='ltr'>et</span> <span class='ocrx_word' id='word_1_815' title='bbox 2090 5040 2332 5080; x_wconf 89' lang='lat' dir='ltr'><strong>carnem</strong></span> <span class='ocrx_word' id='word_1_816' title='bbox 2359 5031 2620 5091; x_wconf 90' lang='lat' dir='ltr'><strong>gestans,</strong></span> <span class='ocrx_word' id='word_1_817' title='bbox 2648 5037 2787 5076; x_wconf 90' lang='lat' dir='ltr'><strong>eum</strong></span> <span class='ocrx_word' id='word_1_818' title='bbox 2810 5021 3063 5077; x_wconf 88' lang='lat' dir='ltr'><strong>fundens</strong></span> <span class='ocrx_word' id='word_1_819' title='bbox 3096 5040 3165 5079; x_wconf 92' lang='lat' dir='ltr'><strong>ac</strong></span> <span class='ocrx_word' id='word_1_820' title='bbox 3189 5024 3534 5094; x_wconf 83' lang='lat' dir='ltr'><strong>proﬂigans,</strong></span> <span class='ocrx_word' id='word_1_821' title='bbox 3559 5025 3669 5093; x_wconf 86' lang='lat' dir='ltr'>qui</span> 
     </span>
    </p>
   </div>
   <div class='ocr_carea' id='block_1_115' title="bbox 2012 5116 2566 5186">
    <p class='ocr_par' dir='ltr' id='par_1_115' title="bbox 2012 5116 2566 5186">
     <span class='ocr_line' id='line_1_115' title="bbox 2012 5116 2566 5186; baseline -0.011 -14"><span class='ocrx_word' id='word_1_822' title='bbox 2012 5120 2137 5172; x_wconf 88' lang='lat' dir='ltr'><strong>erat</strong></span> <span class='ocrx_word' id='word_1_823' title='bbox 2158 5116 2566 5186; x_wconf 90' lang='lat' dir='ltr'><strong>incorporeus.</strong></span> 
     </span>
    </p>
   </div>
   <div class='ocr_carea' id='block_1_116' title="bbox 2085 5201 3673 5277">
    <p class='ocr_par' dir='ltr' id='par_1_116' title="bbox 2085 5201 3673 5277">
     <span class='ocr_line' id='line_1_116' title="bbox 2085 5201 3673 5277; baseline 0.001 -18"><span class='ocrx_word' id='word_1_824' title='bbox 2085 5207 2223 5260; x_wconf 90' lang='lat' dir='ltr'><strong>Vlll.</strong></span> <span class='ocrx_word' id='word_1_825' title='bbox 2292 5205 2363 5259; x_wconf 94' lang='lat' dir='ltr'><strong>Ut</strong></span> <span class='ocrx_word' id='word_1_826' title='bbox 2418 5210 2618 5259; x_wconf 90' lang='lat' dir='ltr'><strong>autem</strong></span> <span class='ocrx_word' id='word_1_827' title='bbox 2696 5201 3121 5273; x_wconf 85' lang='lat' dir='ltr'><strong>gloriﬁcaretur</strong></span> <span class='ocrx_word' id='word_1_828' title='bbox 3183 5205 3358 5273; x_wconf 90' lang='lat' dir='ltr'><strong>Deus,</strong></span> <span class='ocrx_word' id='word_1_829' title='bbox 3409 5205 3513 5277; x_wconf 91' lang='lat' dir='ltr'>qui</span> <span class='ocrx_word' id='word_1_830' title='bbox 3581 5208 3673 5261; x_wconf 89' lang='lat' dir='ltr'>est</span> 
     </span>
    </p>
   </div>
   <div class='ocr_carea' id='block_1_117' title="bbox 2013 5292 3672 5366">
    <p class='ocr_par' dir='ltr' id='par_1_117' title="bbox 2013 5292 3672 5366">
     <span class='ocr_line' id='line_1_117' title="bbox 2013 5292 3672 5366; baseline -0.002 -13"><span class='ocrx_word' id='word_1_831' title='bbox 2013 5311 2274 5365; x_wconf 90' lang='lat' dir='ltr'><strong>magnus</strong></span> <span class='ocrx_word' id='word_1_832' title='bbox 2309 5301 2364 5349; x_wconf 90' lang='lat' dir='ltr'>et</span> <span class='ocrx_word' id='word_1_833' title='bbox 2418 5292 2693 5363; x_wconf 89' lang='lat' dir='ltr'><strong>copiosus</strong></span> <span class='ocrx_word' id='word_1_834' title='bbox 2737 5296 2797 5347; x_wconf 92' lang='lat' dir='ltr'>in</span> <span class='ocrx_word' id='word_1_835' title='bbox 2856 5292 3279 5359; x_wconf 87' lang='lat' dir='ltr'><strong>misericordia,</strong></span> <span class='ocrx_word' id='word_1_836' title='bbox 3334 5300 3389 5349; x_wconf 90' lang='lat' dir='ltr'>et</span> <span class='ocrx_word' id='word_1_837' title='bbox 3448 5310 3672 5366; x_wconf 88' lang='lat' dir='ltr'><strong>cogno-</strong></span> 
     </span>
    </p>
   </div>
   <div class='ocr_carea' id='block_1_118' title="bbox 2012 5382 3666 5451">
    <p class='ocr_par' dir='ltr' id='par_1_118' title="bbox 2012 5382 3666 5451">
     <span class='ocr_line' id='line_1_118' title="bbox 2012 5382 3666 5451; baseline -0.002 -7"><span class='ocrx_word' id='word_1_838' title='bbox 2012 5392 2273 5444; x_wconf 88' lang='lat' dir='ltr'><strong>sceretur</strong></span> <span class='ocrx_word' id='word_1_839' title='bbox 2300 5382 2459 5438; x_wconf 89' lang='lat' dir='ltr'><strong>illius</strong></span> <span class='ocrx_word' id='word_1_840' title='bbox 2492 5384 2610 5438; x_wconf 91' lang='lat' dir='ltr'><strong>vita</strong></span> <span class='ocrx_word' id='word_1_841' title='bbox 2639 5382 3020 5449; x_wconf 87' lang='lat' dir='ltr'><strong>admirabilis,</strong></span> <span class='ocrx_word' id='word_1_842' title='bbox 3051 5384 3114 5439; x_wconf 84' lang='lat' dir='ltr'>tit</span> <span class='ocrx_word' id='word_1_843' title='bbox 3144 5384 3254 5439; x_wconf 91' lang='lat' dir='ltr'><strong>tale</strong></span> <span class='ocrx_word' id='word_1_844' title='bbox 3286 5385 3666 5451; x_wconf 90' lang='lat' dir='ltr'><strong>miraculum,</strong></span> 
     </span>
    </p>
   </div>
   <div class='ocr_carea' id='block_1_119' title="bbox 2012 5472 3667 5549">
    <p class='ocr_par' dir='ltr' id='par_1_119' title="bbox 2012 5472 3667 5549">
     <span class='ocr_line' id='line_1_119' title="bbox 2012 5472 3667 5549; baseline -0.001 -14"><span class='ocrx_word' id='word_1_845' title='bbox 2012 5480 2265 5549; x_wconf 89' lang='lat' dir='ltr'><strong>dignum</strong></span> <span class='ocrx_word' id='word_1_846' title='bbox 2306 5474 2472 5549; x_wconf 90' lang='lat' dir='ltr'><strong>quod</strong></span> <span class='ocrx_word' id='word_1_847' title='bbox 2520 5472 2809 5530; x_wconf 89' lang='lat' dir='ltr'><strong>scribatur</strong></span> <span class='ocrx_word' id='word_1_848' title='bbox 2854 5477 2909 5528; x_wconf 90' lang='lat' dir='ltr'>et</span> <span class='ocrx_word' id='word_1_849' title='bbox 2959 5473 3281 5530; x_wconf 86' lang='lat' dir='ltr'><strong>mandetur</strong></span> <span class='ocrx_word' id='word_1_850' title='bbox 3337 5476 3667 5533; x_wconf 61' lang='lat' dir='ltr'><strong>memorias.</strong></span> 
     </span>
    </p>
   </div>
   <div class='ocr_carea' id='block_1_120' title="bbox 2015 5564 3670 5639">
    <p class='ocr_par' dir='ltr' id='par_1_120' title="bbox 2015 5564 3670 5639">
     <span class='ocr_line' id='line_1_120' title="bbox 2015 5564 3670 5639; baseline -0.004 -12"><span class='ocrx_word' id='word_1_851' title='bbox 2015 5574 2145 5627; x_wconf 87' lang='lat' dir='ltr'><strong>Erat</strong></span> <span class='ocrx_word' id='word_1_852' title='bbox 2200 5567 2448 5639; x_wconf 89' lang='lat' dir='ltr'><strong>quidam</strong></span> <span class='ocrx_word' id='word_1_853' title='bbox 2502 5564 2666 5622; x_wconf 89' lang='lat' dir='ltr'><strong>lacus</strong></span> <span class='ocrx_word' id='word_1_854' title='bbox 2720 5578 2900 5637; x_wconf 87' lang='lat' dir='ltr'><strong>prope</strong></span> <span class='ocrx_word' id='word_1_855' title='bbox 2962 5564 3417 5622; x_wconf 81' lang='lat' dir='ltr'><strong>monasterium.</strong></span> <span class='ocrx_word' id='word_1_856' title='bbox 3482 5569 3547 5621; x_wconf 82' lang='lat' dir='ltr'>in</span> <span class='ocrx_word' id='word_1_857' title='bbox 3599 5582 3670 5621; x_wconf 92' lang='lat' dir='ltr'>eo</span> 
     </span>
    </p>
   </div>
  </div>
