4096 6220
532 262 641 322 676

536 480 844 535 hominem
876 479 962 533 vel
1014 479 1290 545 bestiam,
1324 491 1427 530 seu
1471 491 1715 546 parvam
1748 490 1853 530 seu
1883 492 2190 547 magnam,

537 585 673 626 eam
725 570 997 641 protinus
1052 566 1360 622 exedebat.
1435 566 1507 618 lis
1570 564 1789 636 itaque,
1845 569 1943 635 qui
2002 566 2061 621 in
2125 583 2195 623 ea

537 660 777 731 regione
815 656 1190 722 habitabant,
1237 661 1360 711 erat
1414 654 1642 709 malum
1698 654 1851 710 adeo
1913 654 2189 726 terribile,

537 754 602 802 ut
650 748 777 819 ipse
824 746 1140 818 praefectus
1188 744 1442 800 civitatis
1496 744 1647 814 (erat
1699 749 1899 799 autem
1954 744 2052 800 hic
2099 744 2195 800 ille

538 835 875 906 Gregorius,
962 851 1145 905 quem
1215 850 1345 905 quae
1445 835 1749 904 prmcessit
1836 831 2194 904 signiﬁcavit

518 926 753 996 oratio)
790 924 849 979 in
900 939 969 979 eo
1007 924 1139 978 loco
1186 922 1457 977 statuerit
1509 921 1725 978 milites
1776 922 1853 977 ad
1904 924 2196 979 arcendos

538 1031 640 1070 eos
714 1014 819 1085 qui
868 1012 1001 1069 illac
1078 1012 1433 1069 transibant.
1474 1012 1622 1066 Cum
1709 1026 1851 1081 ergo
1936 1012 2198 1068 scivisset

535 1101 846 1175 praefectus
858 1101 1224 1167 monasterii,
1248 1098 1446 1170 qualis
1460 1104 1613 1155 esset
1644 1099 1767 1155 vita
1792 1099 2197 1167 Theodoraa,et

536 1192 703 1265 quod
759 1206 942 1263 prope
998 1188 1251 1246 conferri
1300 1193 1505 1261 posset
1560 1204 1699 1244 cum
1751 1189 1896 1260 ipsis
1949 1189 2191 1259 angelis,

537 1288 595 1336 et
635 1279 801 1352 quod
857 1294 978 1334 non
1034 1285 1185 1333 esset
1237 1292 1449 1349 expers
1519 1277 1735 1332 divinae
1783 1279 2007 1349 gratiae,
2058 1294 2194 1333 eam

539 1370 841 1426 accersivit
866 1376 922 1424 et
944 1370 995 1423 ei
1036 1369 1179 1423 dixit
1209 1385 1223 1423 :
1258 1367 1383 1433 Fili,
1425 1367 1753 1433 Theodore,
1786 1367 1923 1424 tolle
1954 1384 2193 1437 urnam,

538 1466 595 1515 et
624 1475 880 1531 propera
932 1458 1105 1513 nobis
1157 1473 1379 1530 aquam
1411 1455 1622 1512 afferre
1652 1472 1724 1512 ex
1754 1458 1868 1513 hoc
1910 1457 2061 1514 lacu.
2092 1458 2195 1513 Illa

538 1556 738 1605 autem
770 1565 842 1603 ex
873 1546 1201 1613 apostolico
1233 1550 1524 1617 praecepto
1573 1547 1762 1600 sciens
1807 1563 1935 1601 esse
1986 1562 2195 1619 paren-

537 1638 682 1693 dum
722 1637 795 1692 iis
826 1636 927 1707 qui
960 1641 1244 1707 praesunt,
1290 1634 1558 1706 implevit
1585 1635 1752 1707 quod
1780 1636 1953 1706 jussa
1979 1635 2189 1691 fuerat.

537 1730 605 1783 Et
632 1726 832 1782 multis
864 1725 1214 1797 jubentibus
1246 1723 1407 1779 illam
1438 1724 1622 1779 eloco
1665 1725 1970 1791 excedere,
1998 1723 2045 1779 si
2072 1740 2194 1780 non
2224 1750 2268 1806 Β

533 1822 787 1871 mortem
816 1820 1056 1886 cuperet
1094 1814 1491 1885 apertissime,
1519 1813 1621 1869 illa
1653 1819 1853 1869 tamen
1888 1814 2037 1870 freta
2074 1814 2193 1869 ﬁde

535 1905 597 1960 in
628 1908 834 1969 Deum,
865 1910 921 1958 et
958 1918 1250 1974 peragens
1278 1918 1430 1973 opus
1466 1902 1835 1970 obedientias,
1864 1919 2000 1974 quae
2032 1903 2197 1958 novit

535 1994 716 2049 vitam
767 1992 1096 2057 conciliare,
1173 2007 1292 2046 non
1350 1997 1625 2055 mortem,
1703 2007 1842 2046 cum
1891 1991 2196 2061 effugisset

537 2098 746 2138 omnes
788 2083 890 2151 qui
939 2080 1241 2143 arcebant,
1287 2080 1514 2134 accedit
1584 2079 1663 2134 ad
1721 2078 1920 2134 locum
1962 2094 1977 2133 :
2033 2084 2088 2134 et
2133 2080 2194 2148 (ο

537 2169 917 2226 admirabilia
957 2175 1056 2224 tua
1120 2184 1323 2239 opera,
1385 2184 1421 2222 ο
1485 2168 1731 2223 Domine
1781 2170 1826 2236 ⁸)
1876 2174 2194 2241 conspecta

539 2257 649 2314 fuit
698 2258 832 2312 vehi
883 2274 919 2312 a
965 2257 1164 2313 bellua
1212 2275 1227 2323 ;
1289 2263 1345 2311 et
1400 2272 1539 2311 cum
1593 2273 1817 2330 aquam
1865 2258 2191 2327 hausisset,

541 2354 596 2404 et
636 2347 940 2418 implesset
996 2362 1100 2401 vas
1151 2346 1317 2417 quod
1367 2352 1492 2401 erat
1550 2346 1610 2401 in
1670 2347 1971 2411 manibus,
2026 2354 2195 2403 vecta

537 2453 747 2493 rursus
793 2436 870 2490 ad
924 2435 1024 2491 illa
1059 2436 1255 2491 bellua
1301 2440 1471 2491 terras
1511 2435 1801 2492 redditur.
1854 2439 1920 2492 Et
1974 2437 2058 2492 sic
2095 2436 2195 2492 illa

537 2526 784 2599 quidem
813 2526 871 2579 in
896 2529 1052 2580 terra
1079 2530 1465 2581 conservatur
1491 2524 1666 2580 illmsa
1693 2543 1711 2597 ;
1745 2525 1939 2581 bellua
1970 2531 2188 2593 autem,

539 2631 675 2671 cum
769 2620 979 2670 sancta
1050 2614 1245 2686 ipsam
1314 2614 1706 2685 increpasset,
1791 2615 1900 2669 luit
1982 2631 2194 2687 pmnas

537 2720 744 2761 eorum
816 2720 950 2775 qua:
1019 2705 1097 2758 ad
1150 2704 1263 2759 hoc
1312 2719 1500 2775 usque
1541 2710 1774 2775 tempus
1843 2705 2189 2770 admiserat,

535 2802 593 2850 et
667 2811 739 2849 eo
802 2793 859 2847 in
921 2793 1055 2848 loco
1099 2793 1298 2848 statim
1351 2792 1611 2848 cernitur
1668 2799 1924 2848 mortua.
1988 2793 2195 2849 Evadit

536 2900 679 2954 ergo
720 2900 813 2939 res
867 2883 997 2937 aliis
1058 2898 1301 2953 quoque
1346 2881 1686 2946 manifesta,
1748 2886 1953 2952 utpote
2033 2884 2190 2954 quod

532 2973 637 3045 qui
685 2978 1090 3044 percepissent
1143 2970 1352 3035 oculis,
1386 2986 1519 3024 eam
1572 2970 1897 3025 multorum
1949 2971 2191 3026 auribus

535 3063 767 3117 tradere
842 3058 1139 3115 voluerint
1205 3074 1217 3112 :

535 3156 783 3218 egerunt
804 3150 1048 3217 gratias.

608 3237 701 3291 IX.
781 3240 915 3292 Erat
982 3241 1179 3290 autem
1231 3234 1326 3290 hic
1368 3250 1611 3307 quoque
1664 3235 1889 3292 invidia
1941 3236 2187 3303 factura,

532 3342 668 3398 quas
760 3326 814 3381 ei
901 3323 1279 3389 conveniunt,
1347 3330 1403 3378 et
1482 3326 1613 3395 eius
1708 3330 1848 3382 sunt
1927 3328 2187 3397 prOpria.

534 3416 792 3481 Quidam
848 3415 1008 3470 enim
1060 3429 1135 3469 ex
1188 3414 1500 3469 monachis
1558 3416 1764 3483 (nemo
1859 3421 1949 3470 est
2008 3415 2187 3482 enim,

529 3504 635 3575 qui
691 3518 811 3559 non
890 3506 1206 3574 appetatur
1260 3501 1485 3557 inimici
1540 3502 1788 3573 insidiis)
1847 3503 2190 3559 invidentia:

529 3591 784 3647 stimulis
829 3592 945 3655 icti,
997 3590 1163 3663 quod
1228 3591 1495 3646 viderent
1555 3592 1794 3647 beatam
1854 3592 2057 3647 venire
2112 3593 2191 3649 ad

527 3696 835 3737 summum
875 3679 1124 3748 virtutis,
1178 3679 1461 3736 insciente
1514 3681 1814 3751 praefecto,
1867 3697 2001 3737 eam
2060 3682 2191 3737 mit-

528 3774 660 3826 tunt
689 3769 749 3824 in
780 3768 1090 3841 quoddam
1126 3768 1330 3824 Procul
1388 3775 1685 3825 remotum
1742 3771 2186 3837 monasterium,

527 3859 825 3914 tradentes
870 3860 920 3913 ei
980 3859 1315 3929 epistolam,
1367 3861 1561 3930 specie
1606 3860 1877 3931 quidem,
1938 3867 1999 3915 ut
2055 3877 2189 3932 quas

524 3948 774 4004 haberet
798 3948 1024 4019 aliquid
1050 3947 1215 4019 quod
1246 3953 1501 4017 urgeret,
1536 3953 1592 4003 et
1624 3949 1950 4020 postularet
1987 3951 2190 4006 celeri-

526 4043 710 4094 tatem
742 4054 757 4104 ;
788 4054 995 4093 revera
1022 4042 1227 4093 autem
1259 4038 1338 4093 ita
1368 4044 1601 4093 structa!
1651 4040 1885 4095 fuerant
1935 4041 2186 4096 insidiae:

525 4128 815 4198 quoniam
883 4128 995 4182 hoc
1075 4132 1254 4181 noctu
1326 4126 1528 4191 fiebat,
1588 4133 1652 4183 ut
1719 4130 2103 4185 devoraretur
2151 4146 2187 4186 a

527 4216 754 4270 bestiis.
812 4215 947 4270 Erat
1010 4215 1167 4269 enim
1225 4213 1324 4270 illa
1385 4216 1484 4269 via
1536 4216 1795 4282 deserta,
1855 4222 1911 4272 et
1956 4218 2017 4272 in
2061 4234 2185 4291 qua

528 4304 671 4359 solas
719 4304 1033 4359 alebantur
1080 4304 1236 4361 ferte.
1295 4303 1410 4358 Sed
1476 4304 1696 4360 frustra
1764 4304 1877 4360 has
1924 4306 2180 4362 insidias

528 4394 768 4449 molitus
816 4400 901 4448 est
955 4393 1350 4459 adversarius,
1410 4400 1466 4448 et
1513 4409 1683 4448 secus
1740 4395 1934 4450 evenit
1998 4411 2179 4467 quam

1292 3065 1346 3113 et
1403 3064 1717 3129 propterea
1787 3062 1903 3114 Deo
1981 3070 2265 3155 omnes‘cl

1843 255 2099 319 MENSIS
2140 250 2592 320 SEPTEMBER.
3801 258 3887 319 6‘76

536 391 813 447 habitans
865 387 1221 453 crocodilus,
1279 387 1342 443 in
1412 400 1829 458 quemcunque
1893 388 2188 445 incidisset

2300 387 2453 461 λίμνη
2537 386 2922 462 παραϐάλλοντι

3022 387 3275 463 ἀνθρώπῳ
3354 387 3387 446 ἦ
3477 390 3669 453 κτήνει,
3742 394 3891 462 μικρῷ

2299 497 2353 530 τε
2382 482 2470 529 καὶ
2500 478 2719 548 μείζονι,
2753 486 2906 529 τοῦτο
2959 474 3167 531 δεῖπνον
3214 478 3364 539 εὐθὺς
3406 476 3637 529 ἐποιεῖτο
3687 495 3700 509 ·
3748 479 3892 540 οὕτως

2303 564 2390 619 οὖν
2445 571 2671 624 κατέστη
2731 574 2840 628 τοῖς
2890 566 3341 642 ἔπιχωριάζουσιν
3398 564 3650 637 ἐπίφοϐον
3707 568 3761 617 τὸ
3809 586 3891 618 κα-

2302 658 2409 719 κόν,
2461 658 2530 717 ὡς
2572 659 2661 707 καὶ
2691 656 2846 707 αὐτόν
2884 660 2968 708 τὸν
3014 664 3103 716 τῆς
3152 655 3338 715 πόλεως
3392 653 3645 726 ὕπαρχον
3697 658 3893 729 (Γρηγο-

2302 764 2412 819 ριος
2470 740 2530 797 δὲ
2577 744 2725 806 οὗτος
2784 742 2844 803 ἦν
2901 744 2955 796 ὃν
3008 749 3097 797 καὶ
3152 746 3378 816 πρόσθεν
3434 746 3649 816 φθάσας
3700 745 3725 795 ό
3768 744 3893 816 λόγος

2304 831 2557 904 ἐδήλωσε)

2302 941 2411 993 γειν
2467 926 2589 984 τοὺς
2647 919 2719 974 δι’
2775 921 2972 983 ἐκείνης
3020 920 3317 984 ὁδεύοντας.
3369 918 3549 982 Εἰδὼς
3606 918 3695 974 οὖν
3750 923 3892 983 ὁτῆς

2304 1018 2464 1083 μονῆς
2510 1016 2793 1085 προεστὼς,
2840 1012 2947 1073 οἷος
2995 1008 3057 1069 ἦν
3101 1014 3127 1063 ὁ
3170 1018 3267 1072 τῆς
3306 1007 3599 1085 Θεοδώρας
3649 1008 3781 1082 βίος,
3817 1015 3891 1061 καὶ

2303 1103 2369 1161 ὡς
2419 1108 2609 1175 μικροῦ
2680 1105 2769 1152 καὶ
2826 1099 3067 1173 ἀγγέλοις
3134 1101 3315 1162 αὐτοῖς
3389 1098 3763 1172 ἁμιλλώμενος,
3820 1104 3892 1150 καὶ

2304 1192 2392 1257 ὡς,
2448 1190 2540 1243 οὐκ
2592 1189 2652 1242 ἂν
2706 1192 2783 1248 εἴη
2836 1195 2926 1243 καὶ
2995 1193 3220 1265 χάριτος
3279 1193 3422 1251 θείας
3479 1189 3616 1247 αὕτη
3676 1191 3887 1261 ἄμοιρος,

2302 1279 2620 1352 μετάκλητον
2674 1279 2835 1339 αὐτὴν
2889 1283 3258 1352 ποιησάμενος,
3333 1282 3551 1345 Τέκνον,
3605 1275 3731 1341 εἷπε,
3778 1283 3890 1331 Θεό·-

2305 1366 2460 1444 δωρε,
2515 1371 2573 1420 τὸ
2632 1368 2875 1440 κεράμιον
2928 1369 3075 1442 ἄρας,
3133 1364 3276 1442 ὕδωρ
3330 1370 3462 1440 ἡμῖν
3522 1366 3625 1420 ἀπὸ
3679 1376 3766 1428 τῆς
3804 1362 3891 1417 ὧδε

2301 1458 2486 1528 λίμνης
2542 1456 2761 1529 ἐπείχθη
2822 1476 2876 1508 τι
2947 1456 3180 1529 ἀγαγεῖν.
3238 1457 3295 1509 Ἡ
3356 1454 3418 1510 δε
3474 1458 3748 1509 πείθεσθαι
3799 1461 3890 1514 τοῖς

2640 840 2962 907 στρατιώτας
3032 836 3398 905 παρακαθίσαι
3455 841 3531 903 τῷ
3591 837 3755 904 τόπῳ,
3809 837 3892 907 εἶρε

2303 1548 2611 1618 ἡγουμένοις
2663 1544 3014 1603 ἀποστολικὴν
3072 1542 3247 1597 εἰδυῖα
3301 1549 3640 1618 παραίνεσιν,
3692 1543 3886 1617 ἐπλήρου

2302 1638 2360 1687 τὸ
2412 1634 2699 1697 κελευσθὲν,
2760 1639 2851 1686 καὶ
2906 1634 3104 1686 πολλῶν
3154 1634 3317 1693 αὐτὴν
3375 1632 3637 1705 ἐκχωρεῖν
3690 1639 3772 1683 τοῦ
3819 1634 3885 1682 τό·

2302 1743 2400 1777 που
2460 1720 2909 1796 διακελευομένων,
2956 1724 2999 1776 εἰ
3078 1728 3149 1795 μὴ
3242 1725 3443 1793 θανατᾷ
3520 1717 3883 1796 προδηλότατα,

2302 1812 2466 1870 ἐκείνη
2520 1817 2693 1864 πίστει
2751 1820 2813 1885 τῇ
2883 1811 2950 1872 εἰς
3006 1815 3134 1865 Θεὸν
3208 1810 3483 1887 θαρῥοῦσα
3536 1815 3627 1861 καὶ
3675 1810 3885 1867 ὑπακοῆς

2302 1903 2446 1975 ἔργον
2491 1899 2741 1966 ἀνύουσα,
2792 1898 2821 1957 ἣ
2865 1901 3004 1960 ζωὴν
3045 1899 3235 1972 μᾶλλον
3286 1896 3451 1965 οἶδεν,
3501 1898 3632 1971 οῦχὶ
3673 1898 3881 1960 θάνατον,

2301 1989 2578 2064 προξενεῖν,
2632 1991 2831 2050 πάντας
2882 1990 3012 2061 ὁμοῦ
3072 1985 3415 2061 διαφυγοῦσα
3467 1992 3587 2048 τοὺς
3626 1989 3880 2061 εἴργοντας,

2302 2086 2363 2150 τῇ
2414 2078 2566 2150 λίμνῃ
2620 2076 2953 2151 προσϐάλλει,
3007 2082 3118 2146 καὶ,
3168 2077 3207 2128 ὦ
3254 2086 3351 2130 τῶν
3402 2073 3718 2150 παραδόξων
3746 2076 3881 2148 ἔργων

2304 2185 2421 2231 σου,
2451 2170 2607 2242 Κύριε
2641 2166 2653 2220 1
2688 2165 2996 2219 ἐπάνωιτοῦ
3046 2168 3225 2241 θηρὸς,
3273 2166 3471 2240 ἑωρᾶτο
3516 2164 3876 2239 βασταζομένη,

2304 2256 2633 2331 ἆρρυσαμένη
2688 2276 2742 2308 τε
2791 2252 2935 2329 ὕδωρ
2981 2262 3072 2307 καὶ
3126 2259 3183 2308 τό
3233 2255 3282 2307 ἐν
3333 2261 3530 2331 χερσὶν
3581 2256 3735 2327 ἄγγος
3770 2252 3878 2309 πλή-

2306 2365 2464 2410 σασα,
2520 2347 2711 2417 ἔποχος
2764 2345 2917 2398 πάλιν
2967 2346 3056 2397 ὑπ’
3111 2344 3303 2398 ἐκείνου
3360 2343 3431 2404 δὴ
3486 2352 3581 2398 τοῦ
3630 2346 3787 2417 θηρὸς,
3823 2347 3873 2410 τῇ

2303 2435 2438 2508 ξηρᾷ
2494 2431 2871 2506 παραδίδοται.
2934 2438 3027 2487 Καὶ
3111 2435 3270 2495 οὕτως
3336 2434 3507 2493 ἐκείνη
3561 2438 3648 2506 μεν
3702 2431 3876 2489 ἀπαθὴς

2302 2531 2364 2595 τῇ
2414 2531 2482 2596 γῇ
2530 2520 2854 2583 διασώζεται
2889 2540 2901 2551 ι
2930 2526 2986 2575 τὸ
3032 2520 3092 2575 δὲ
3144 2526 3321 2596 θηρίον
3369 2525 3498 2598 παρ’
3544 2523 3697 2581 αὐτῆς
3735 2521 3872 2571 iam.

2302 2616 2462 2685 μηθὲν
2520 2612 2885 2685 εἰσπράττεται
2935 2608 3089 2669 δίκην
3141 2621 3241 2663 τῶν
3312 2618 3483 2685 μέχρι
3537 2618 3649 2665 τότε
3708 2608 3873 2678 τολμηο

2305 2705 2486 2756 θέντων
2517 2702 2681 2772 αὐτῷ,
2712 2708 2800 2753 καὶ
2829 2703 2951 2764 παρ’
2984 2701 3172 2753 αὐτίκα
3220 2710 3293 2772 τῷ
3325 2709 3471 2775 τόπῳ
3505 2705 3661 2755 πεσόν
3707 2698 3870 2769 ἑωρᾶτο

2302 2796 2475 2864 νεκρόν
2540 2808 2551 2819 ·
2612 2796 2811 2860 γίνεται
2866 2790 2953 2842 οὖν
3004 2794 3059 2843 τό
3115 2797 3335 2864 πρᾶγμα
3415 2796 3504 2843 καὶ
3580 2796 3680 2848 τοίς
3726 2785 3871 2842 ἄλλοις

2302 2880 2565 2947 ἐπίδηλον,
2621 2880 2711 2931 οἶτε
2762 2890 2859 2932 τῶν
2918 2880 3201 2952 ὀφθαλμοῖς
3259 2889 3417 2933 τοῦτο
3481 2876 3865 2953 παραλαϐοντων,

2301 2970 2497 3021 πολλῶν
2551 2968 2728 3029 ἁκοαίς
2769 2972 3107 3040 χαρίσασθαι
3163 2969 3547 3042 βουληθέντων,
3591 2972 3675 3019 καὶ
3702 2966 3869 3019 πάντας

2303 3056 2415 3131 εἶχε
2441 3062 2571 3121 Θεὸς
2602 3056 2636 3110 δ
2644 3060 2674 3109 ι’
2702 3058 2899 3119 ἐκείνης
2928 3058 3373 3132 εὐχαριστοῦντας
3420 3059 3582 3129 αὐτῷ.

2373 3236 2446 3290 ϐ’.
2499 3245 2581 3290 Δεῖ
2633 3236 2727 3289 κάν
2781 3239 2948 3310 τούτῳ
2997 3242 3061 3290 τὰ
3113 3239 3281 3291 οἰκεῖα
3328 3240 3353 3290 ό
3408 3240 3587 3313 φθόνος
3636 3228 3863 3285 ἐνδείκνυ-

2302 3328 2446 3378 σθαι.
2495 3328 2638 3388 Τινες
2712 3329 2814 3401 γὰρ
2891 3336 2989 3379 τῶν
3065 3336 3310 3400 μοναχῶν
3370 3328 3506 3399 (ἐπεὶ
3552 3320 3730 3398 μηδεὶς
3770 3324 3862 3375 ταῖς

2300 3413 2562 3487 ἕπηρείαις
2610 3414 2897 3489 ἀχείρωτος
2942 3425 3032 3468 τοῦ
3076 3416 3317 3490 ἐχθροῦ),
3361 3416 3657 3489 βασκανίας
3703 3413 3861 3477 κέντρῳ

2301 3501 2588 3576 βληθέντες,
2639 3505 2716 3567 οἷς
2767 3505 2932 3577 ἑώρων
2980 3510 3072 3564 τὴν
3123 3510 3386 3580 μακαρίαν
3441 3506 3513 3566 εἰς
3568 3505 3716 3574 άκρον
3765 3496 3858 3567 ἀρε·

2298 3601 2394 3655 τῆς
2446 3597 2697 3659 ἣκουσαν,
2757 3593 2925 3667 λάθρα
2974 3604 3066 3655 τῆς
3139 3603 3231 3648 τοῦ
3284 3603 3609 3668 προεστῶτος
3659 3592 3856 3659 γνώμης,

2299 3683 2369 3745 εἰς
2421 3684 2469 3736 ἓν
2521 3702 2574 3735 τι
2623 3693 2720 3735 τῶν
2778 3686 2980 3757 μακρὰν
3037 3684 3374 3757 ἀσκητηρίων
3456 3686 3641 3739 ταύτην
3702 3676 3857 3743 ἐκπέμσ

2592 3771 2868 3830 ἐπιστολὴν
2948 3771 3347 3845 ἐγχείριζοντες,
3458 3777 3515 3825 τὸ
3596 3770 3857 3842 φαινόμενον

2891 3864 3193 3933 ἐπειγόντων
3263 3865 3517 3933 ἔχουσαν,
3588 3862 3670 3911 καὶ
3712 3851 3855 3907 τελους

2297 3791 2504 3837 πουσιν,

2297 3864 2407 3931 μὲν,

2284 3947 2535 4022 δεόμενον
2584 3949 2847 4024 ὀξυτέρου,
2908 3954 2966 4002 τό
3026 3949 3083 4003 δὲ
3143 3951 3323 4012 ἀληθὲς
3378 3953 3593 4006 συσκειὴ
3649 3941 3723 4009 ἦν,
3768 3938 3855 3989 ἐπεὶ

2296 4044 2384 4091 καὶ
2474 4043 2654 4100 νυκτός
2775 4038 3132 4114 διεπράττετο,
3246 4043 3553 4115 κατάφρωνα
3647 4027 3855 4105 γενέσθαι

2551 4146 2562 4158 ·
2613 4132 2801 4203 ἕρημος
2879 4132 2981 4202 γὰρ
3064 4132 3095 4187 ἡ
3152 4126 3271 4190 ὁδὸς
3329 4129 3496 4188 ἐκείνη
3552 4129 3637 4178 καὶ
3689 4120 3855 4190 θηρίων

2291 4223 2458 4289 μόνων
2549 4224 2760 4293 τροφός.
2864 4217 3001 4272 Ἀλλ’
3083 4218 3149 4280 εἰς
3246 4222 3418 4291 μάτην
3513 4219 3538 4275 ἡ
3637 4203 3850 4265 ἐπιϐουλὴ

2292 4314 2363 4377 τῷ
2431 4306 2780 4381 ἀντικειμένῳ,
2844 4312 2934 4359 καὶ
3013 4309 3309 4361 τούναντίον
3382 4308 3589 4381 μᾶλλον,
3644 4300 3670 4359 ἦ
3727 4293 3854 4348 αὐτὸς

3458 4394 3522 4449 οδ
3526 4402 3577 4446 όν
3645 4395 3702 4459 τῇ
3751 4383 3852 4449 δσίᾳ

2490 3862 2623 3913 ὥστε
2701 3869 2799 3912 τῶν

2298 4130 2488 4202 θηρίων

2292 4394 2617 4468 ἐτεχνάζετο.
2676 4398 2981 4470 Πλανωμένῃ
3064 4400 3165 4471 γὰρ
3256 4398 3374 4449 καθ’

528 4482 655 4555 ipse
690 4482 1168 4540 machinabatur.
1233 4483 1320 4537 Ad
1398 4488 1670 4538 sanctam
1745 4483 1904 4539 enim
1969 4484 2032 4539 in
2091 4486 2180 4541 via

2298 4490 2642 4559 προσέρχεταί
2699 4505 2748 4537 τι
2808 4489 3007 4560 θηρίον,
3060 4469 3148 4539 καί
3202 4492 3400 4558 γίνεται
3447 4486 3633 4541 ταύτης
3686 4469 3851 4560 ὁδηγδς

528 4582 823 4628 errantem
866 4574 1094 4629 accedit
1148 4573 1431 4643 quaedam
1474 4571 1683 4637 bestia,
1732 4572 1915 4645 fitque
1962 4575 2015 4629 ei
2067 4575 2180 4631 dux

530 4662 637 4719 viae
695 4677 816 4717 non
869 4661 1068 4728 fallax,
1116 4661 1307 4717 donec
1346 4676 1481 4716 eam
1528 4660 1771 4716 deduxit
1830 4662 1907 4717 ad
1967 4679 2176 4718 mona-

527 4753 791 4819 sterium,
824 4752 902 4808 ad
931 4752 1096 4823 quod
1119 4751 1308 4805 fuerat
1331 4752 1524 4805 missa
1553 4766 1566 4804 :
1602 4751 1724 4806 imo
1750 4766 1891 4806 vero
1937 4767 2011 4807 ne
2040 4758 2178 4808 tunc

526 4842 773 4914 quidem
823 4840 1114 4897 discessit.
1173 4841 1319 4895 Cum
1374 4856 1446 4895 ea
1501 4841 1660 4895 enim
1713 4841 2004 4913 ingressa,
2046 4842 2178 4915 ipsa

526 4947 769 5005 quoque
815 4930 1067 4996 introiit;
1109 4934 1167 4985 et
1213 4945 1351 4984 cum
1392 4929 1490 4985 illa
1527 4930 1745 4997 ivrsset,
1791 4937 1851 4987 ut
1898 4934 2177 5004 praefecto

524 5021 799 5077 redderet
840 5020 1077 5084 litteras,
1131 5019 1401 5088 ingressa
1448 5023 1536 5073 est
1562 5018 1685 5074 fera
1727 5020 1805 5075 ad
1830 5021 2175 5090 janitorem,

526 5124 787 5183 cumque
812 5124 954 5164 mox
982 5113 1109 5163 erat
1132 5107 1518 5179 discerptura,
1562 5108 1673 5163 nisi
1703 5108 1797 5164 ille
1835 5110 2176 5179 clamasset;

527 5203 585 5254 et
629 5215 767 5254 cum
816 5213 889 5254 ex
930 5197 1189 5253 clamore
1233 5212 1523 5252 conversa
1574 5197 1748 5253 beata
1804 5201 2180 5268 cognovisset

525 5288 809 5359 quisnam
837 5291 990 5342 esset
1026 5285 1334 5352 tumultus,
1367 5285 1616 5341 offendit
1658 5288 1873 5353 virum,
1908 5289 2011 5359 qui
2047 5290 2175 5358 jam

528 5375 886 5432 exedebatur
914 5391 951 5433 a
972 5376 1183 5433 bestia.
1227 5376 1332 5433 llla
1360 5391 1503 5449 ergo
1533 5375 1752 5447 statim,
1797 5378 2176 5452 apprehenso

601 5558 622 5594 ⁸
650 5554 801 5615 Psal.
826 5572 1031 5625 mu,
1060 5555 1117 5615 6.

2290 4558 2521 4636 ἀπλανὴς
2548 4576 2639 4637 ἕως
2689 4577 2831 4647 ἄγων
2877 4558 2943 4649 τῇ
2984 4583 3112 4648 μονῇ
3160 4581 3478 4647 παρέστησε,
3520 4574 3640 4643 πρὸς
3680 4564 3735 4621 ἢν
3775 4558 3847 4649 fui

2966 4683 2976 4693 °
3044 4664 3232 4736 μᾶλλον
3289 4661 3346 4717 δι
3401 4660 3525 4715 οὐδὲ
3575 4658 3723 4712 οὕτως
3770 4662 3849 4695 π’

2287 4665 2472 4734 ἔτυχεν
2537 4662 2730 4736 ἕκπεμφ
2740 4666 2887 4717 θεῖσα

2466 4770 2478 4783 ’
2513 4754 2814 4826 εἰσελθούσῃ
2870 4755 2971 4825 γὰρ
3025 4759 3114 4805 καὶ
3169 4754 3297 4805 αὐτὸ
3354 4757 3628 4807 συνεισήει.
3686 4747 3845 4826 Καὲεισ

2287 4771 2411 4810 εστη

2286 4861 2377 4902 vn;
2414 4846 2537 4915 πρὸς
2574 4846 2629 4895 τὸ
2661 4842 2959 4915 ἐγχειρίσαι
3005 4852 3077 4914 τῷ
3128 4852 3421 4915 προεστῶτι
3468 4845 3555 4898 τὴν
3605 4825 3843 4886 ἐπιστολην

2288 4929 2635 4997 ἀπελθούσης,
2692 4934 2716 4983 ό
2775 4934 2870 5005 θὴρ
2944 4940 3015 5002 τῷ
3101 4932 3322 5004 πυλωρῷ
3398 4931 3559 5005 ἐπῄει,
3615 4925 3695 4974 καὶ
3742 4928 3842 4965 οσον

2288 5023 2431 5071 οὔπω
2507 5018 2740 5091 διασπᾷν
2816 5021 2968 5073 αὑτὸν
3024 5022 3243 5093 ἔμελλεν,
3322 5022 3366 5073 εὶ
3446 5025 3513 5093 μὴ
3588 5012 3840 5097 βοόσαντθξ

2288 5108 2503 5177 ἐκείνου,
2558 5115 2647 5162 καὶ
2716 5107 3019 5183 συνδρομῆς
3088 5116 3358 5181 γεγονυίας
3424 5104 3769 5176 ἐπιστραφιῐσα
3813 5103 3835 5140 η

2287 5204 2543 5273 μακαρία,
2591 5205 2679 5251 καὶ
2725 5200 2868 5260 ὅστις
2906 5203 2983 5256 εἴη
3036 5200 3061 5250 ὁ
3111 5199 3329 5273 θόρυϐος
3370 5197 3665 5270 διαγνουσα.
3702 5194 3837 5233 κατα·

2288 5289 2530 5362 λαμϐάνει
2564 5295 2649 5342 τόν
2697 5286 2866 5363 ἄνδρα
2911 5288 3113 5363 βρῶσιν
3159 5286 3288 5354 ἤδη,
3334 5298 3425 5342 τοῦ
3475 5287 3619 5359 θηρὸς
3668 5282 3837 5363 ’κεν-ομ·

2288 5398 2391 5434 νον.
2456 5379 2618 5441 Εὐθὺς
2679 5375 2766 5432 οὖν
2832 5382 2996 5437 ἐκείνη
3064 5386 3156 5432 τοῦ
3218 5381 3482 5452 φάρυγγος
3525 5372 3671 5427 αὐτοὺ
3722 5355 3830 5430 δρψ
