4154 6192
251 255 361 313 677

1266 240 1434 304 VITA
1472 248 1534 306 S.
1574 241 1988 306 THEODORE
2025 236 2592 310 ALEXANDRINAS.

3511 249 3620 307 678

255 383 471 455 ξαμένη,
524 377 811 457 διαφθορᾶς
866 385 953 433 τὸν
1002 379 1271 449 ἄνθρωπον
1320 373 1654 440 ἀπαλλάττει,
1705 375 1854 446 ἐλαίῳ

1973 373 2095 443 ejus
2117 375 2375 441 gutture,
2399 374 2599 443 ipsum
2623 374 2836 429 liberat
2858 372 2936 429 ab
2962 374 3218 429 interitu.
3241 373 3382 430 Oleo
3411 381 3613 434 autem

257 469 318 524 δὲ
365 471 722 543 ὑπαλείφουσα
772 474 834 523 τὰ
883 466 1141 543 βλαϐέντα
1193 464 1341 536 μέλη,
1375 467 1464 514 καὶ
1517 470 1750 535 Χριστοῦ
1797 467 1854 514 τό

192 583 202 600 ο
258 565 421 632 ὄνομα
485 556 922 634 προσεπάδουσα,
972 566 1152 608 τουτον
1219 556 1308 624 μὲν
1375 555 1439 610 ως
1494 556 1551 602 1'6
1611 571 1856 626 πρότερον

260 651 386 720 ὑγιᾶ
430 646 794 718 ἀποδείκνυσι,
829 652 885 700 τὸ
931 644 989 698 δε
1039 647 1220 718 θηρίον
1266 648 1438 694 πεσεῖν
1484 659 1538 692 τε
1580 649 1668 692 καὶ
1704 638 1858 716 διαρ-

259 739 489 813 ραγῆναι
520 745 856 811 παραχρῆμα
883 742 1038 788 ποιεῖ.

337 827 394 881 Γ.
450 835 628 879 Ταῦτα
685 826 848 884 ἐκείνη
900 827 988 897 μὶν
1040 823 1210 874 λαθεῖν
1255 817 1520 883 ἠϐούλετο,
1570 822 1660 868 καὶ
1710 813 1859 868 οὐδὲν

262 919 397 988 μετὰ
474 921 565 974 τήν
646 911 895 967 ἐπάνοδον
966 911 1207 984 ἐφανέρου
1281 915 1389 968 τοῖς
1457 914 1752 979 μοναχοῖς’
1813 908 1862 956 οἱ

258 1012 510 1077 τυχόντες
567 1001 625 1056 δὲ
680 1014 772 1064 τῆς
847 1004 1137 1074 εὐεργεσίας
1201 998 1311 1070 ἅμα
1362 1000 1498 1070 πρωί
1553 995 1863 1067 αὐτάγγελοι

260 1103 352 1146 τοῦ
411 1096 741 1167 πραχθέντος
794 1097 1043 1163 γίνονται,
1099 1088 1302 1159 Εὐχαῑς
1350 1084 1649 1159 Θεοδώρου,
1695 1087 1862 1156 λεγον-

261 1202 365 1246 τες,
419 1183 654 1253 χαλεποῦ
711 1185 932 1234 θανάτου
973 1181 1154 1254 ῥύεται
1210 1179 1476 1248 ἄνθρωπος
1534 1181 1622 1225 καὶ
1678 1178 1861 1248 θηρίου

261 1271 470 1344 φάρυγξ
523 1274 644 1343 ἡμῖν
701 1271 1006 1344 χαρίζεται,
1064 1270 1148 1318 τὸν
1207 1266 1277 1325 εὶς
1350 1262 1550 1336 βρῶσιν
1609 1260 1715 1320 ἤδη
1775 1263 1863 1322 λη-

262 1363 465 1433 φθέντα.
516 1360 612 1411 Ὧν
661 1366 748 1411 καὶ
805 1363 926 1420 τοὺς
975 1358 1161 1428 λόγους
1207 1357 1232 1405 6
1276 1359 1541 1426 προεστώς
1584 1361 1674 1404 τοῦ
1715 1372 1862 1427 φρον-

257 1455 537 1522 τιστηρίον
597 1448 952 1519 καταπλαγεὶς
1003 1453 1078 1506 τίς
1136 1447 1186 1504 ὃς
1257 1443 1418 1495 ἐκεῖσε
1470 1451 1651 1494 τοῦτον
1719 1447 1862 1494 απεί-

263 1538 482 1591 σταλκεν
537 1536 880 1610 ἀπορούμενος
938 1533 1211 1607 διηρώτα·
1246 1536 1310 1592 ὡς
1355 1531 1412 1583 δὲ
1462 1528 1595 1589 ἦσαν
1643 1531 1863 1592 οἱπαντες

259 1628 483 1702 ἔξαρνοι,
535 1632 628 1686 τήν
682 1631 943 1698 μακαρίαν
989 1622 1342 1699 προσϐλέψας
1385 1627 1474 1680 Τίς
1527 1622 1690 1690 οὗτος,
1744 1623 1860 1692 ἔφη,

263 1714 524 1790 Θεόδωρε,
577 1717 630 1777 ὃς
671 1715 754 1768 ἐπὶ
798 1722 1047 1788 προφανεῖ
1094 1709 1319 1782 κινδυνῴ
1368 1710 1558 1784 ἀωρίσε
1605 1719 1705 1761 τῶν
1748 1714 1866 1761 νυκ-

262 1824 364 1856 των
413 1808 694 1875 κατήπειγε
743 1807 807 1855 τὰ
865 1805 1033 1855 ἐκεῖσε
1088 1799 1433 1868 καταλαϐεῖν,
1473 1805 1570 1851 Καὶ
1625 1801 1714 1850 θέα
1774 1819 1864 1872 μοι

265 1894 455 1964 ψυχῆς
532 1893 724 1952 εὐθείας
803 1892 1137 1964 ἀνάπλασμα,
1207 1895 1296 1940 καὶ
1374 1893 1431 1940 τό
1502 1890 1693 1959 οἰτυφον
1762 1893 1862 1963 γὰρ

269 1983 424 2055 ἑαυτῇ
475 1987 892 2057 περιποιουμένῃ,
949 1990 1039 2032 καὶ
1083 1987 1188 2040 τοῖς
1236 1976 1476 2049 ἀδελφοῖς
1533 1979 1866 2049 φυλάττουσα

264 2076 320 2123 τὸ
390 2070 713 2142 ἀνέγκλητονο
771 2071 962 2142 Ὕπνῳ,
1021 2068 1177 2136 εἶπεν,
1232 2075 1346 2118 τότε
1402 2071 1519 2126 τοὺς
1576 2066 1865 2139 ὀφθαλμοὺς

262 2165 384 2223 τοὺς
433 2158 576 2212 ἔνδον
627 2179 682 2212 τε
733 2166 822 2212 καὶ
869 2165 984 2220 τοὺς
1041 2159 1134 2221 ἔξω
1189 2155 1538 2230 βαρυνομένη,
1584 2162 1656 2227 μή
1707 2158 1862 2208 εἰπεῖν

259 2251 402 2322 ἔχειν
462 2251 580 2324 ἄρτι
649 2254 771 2312 τοὺς
844 2249 1228 2308 ἀποσταλέντας
1295 2246 1346 2308 ἐξ
1405 2245 1650 2318 ὀνόματος
1684 2263 1696 2275 ’
1753 2244 1860 2297 διε-

255 2344 438 2411 πρίετο
489 2337 669 2400 δεινῶς
719 2341 743 2390 6
798 2335 1060 2402 διάϐολος,
1103 2337 1265 2394 αὐτὴν
1316 2339 1404 2406 μεν
1453 2340 1545 2392 τήν
1591 2335 1860 2386 ὑποσκελιο

261 2430 476 2479 σθεῖσαν
533 2430 662 2501 ὁρῶν
735 2431 1022 2488 τοσαύταις
1066 2432 1233 2487 νίκαις
1303 2430 1395 2482 τήν
1449 2425 1605 2481 ἧτταν
1660 2422 1858 2475 ἀναπα-

255 2515 526 2585 λαίουσαν,
585 2516 760 2569 ἑαυτὸν
821 2514 878 2568 δε
951 2519 1273 2587 κατακράτος
1337 2516 1645 2584 ἡττώμενον.
1708 2513 1862 2584 Ἀφέ-

252 2624 401 2677 μενος
459 2603 545 2657 οὖν
601 2615 694 2658 τοῦ
744 2608 880 2657 κατά
923 2611 979 2657 1'6
1022 2605 1268 2656 λανθάνον
1317 2602 1660 2654 ἐπιϐουλεύειν
1714 2621 1856 2674 φανε-

254 2703 359 2767 ρῶς
412 2695 571 2756 αὐτῆς
620 2698 890 2769 παραστὰς
939 2697 1133 2753 ἠπείλει
1185 2699 1256 2765 μὴ
1323 2692 1530 2749 ἀνήσειν
1580 2696 1699 2753 τοὺς
1747 2711 1857 2743 πει-

256 2791 493 2857 ρασμους
546 2785 826 2856 ἐπάγοντα,
883 2786 976 2847 ἕως
1028 2785 1189 2842 αὐτὴν
1241 2785 1350 2839 θείη
1401 2791 1591 2854 πτῶμα
1637 2782 1863 2853 γελώμε-

259 2893 345 2925 νον
403 2879 495 2932 τήν
547 2882 631 2926 νῦν
688 2875 788 2927 ἀπό
862 2879 1060 2926 πάντων
1123 2873 1539 2944 θαυμαζομένην.
1602 2868 1724 2924 Εἶπε
1775 2877 1864 2923 καὶ

261 2961 320 3013 οὐ
375 2963 532 3013 πολὺν
583 2962 747 3033 ἀφῆκε
799 2965 883 3014 τὸν
938 2961 1130 3034 μεταξὺ
1185 2979 1376 3034 χρόνον
1423 2961 1685 3030 γενεσθαι,
1738 2958 1866 3010 ἀλλά

265 3055 416 3102 σίτου
471 3061 559 3111 τῆς
611 3059 774 3122 μονῆς
823 3054 888 3111 εἰς
945 3052 1141 3102 ἔνδειαν
1194 3053 1554 3113 καταστάσης,
1612 3049 1866 3099 κελεύεται

264 3143 410 3212 παρά
467 3149 556 3191 τοῦ
603 3151 924 3214 προεστῶτος
981 3143 1008 3197 ἠ
1069 3145 1306 3212 μακαρία
1351 3146 1422 3210 μη
1474 3137 1688 3209 μέλλειν,
1741 3137 1868 3189 ἀλλά

259 3233 350 3288 τας
410 3229 711 3300 καμήλους·
758 3228 905 3290 αὖθις
958 3229 1192 3280 λαϐουσα
1248 3233 1338 3280 καὶ
1390 3232 1516 3302 πρὸς
1573 3232 1662 3284 τὴν
1719 3229 1866 3278 πόλιν

260 3317 578 3390 ἀφικομένην
666 3327 807 3371 σῖτον
895 3319 1067 3378 αὐτοῖς
1137 3321 1414 3392 πρίασθαι.
1493 3317 1866 3389 Ἐπετέτραπτο

260 3403 319 3458 δε
369 3413 458 3460 καὶ
513 3416 685 3475 τοῦτο,
722 3411 785 3468 ώς
832 3411 876 3460 εἴ
917 3427 976 3480 γε
1023 3407 1292 3467 ἀδυνάτως
1339 3407 1469 3480 αὐτῇ
1519 3412 1718 3478 γένοιτο
1767 3410 1866 3479 πρὸ

260 3504 358 3556 τῆς
442 3495 663 3571 ἑσπέρας
737 3497 1044 3562 ἐπανελθεῖν,
1116 3497 1423 3548 καταλύσειν
1499 3495 1548 3546 ἐν
1623 3504 1694 3566 τῷ
1777 3504 1868 3546 του

260 3584 442 3636 ἐνάτου
498 3593 898 3660 φροντιστηρίῳ,
949 3587 1160 3638 κάκεῖσε
1215 3591 1303 3646 τας
1350 3585 1615 3657 καμήλους
1688 3581 1868 3635 διανα-

259 3685 487 3725 παυσαι.
543 3677 863 3727 Ἐπανιουσα
909 3695 1183 3749 τοιγαρουν
1233 3675 1288 3726 ἐκ
1337 3684 1426 3733 τῆς
1474 3674 1686 3739 πόλεως,
1738 3673 1868 3725 ἐπεί-

258 3783 354 3838 περ
402 3761 511 3821 ἤδη
561 3770 690 3838 πρός
738 3762 948 3837 δυσμὰς
998 3766 1130 3839 ἐώρα
1174 3770 1258 3816 τόν
1305 3767 1464 3830 ἣλιον,
1512 3771 1573 3835 τῇ
1623 3771 1712 3813 τοῦ
1758 3763 1870 3813 ἐνά-

259 3871 352 3903 του
407 3857 542 3904 κατά
587 3858 645 3904 τό
697 3853 960 3926 ἐπίταγμα
1007 3861 1134 3926 μονῇ
1184 3859 1498 3926 προσφοιτᾷ,
1546 3850 1765 3909 δοθῆναί
1816 3867 1868 3900 τε

260 3948 418 3994 τόπον
493 3943 622 4014 αὐτῇ
705 3949 794 3995 καὶ
863 3952 974 4003 ταῖς
1047 3945 1304 4014 καμήλοις
1380 3948 1503 4014 πρὸς
1575 3940 1868 3991 ἀνάπαυσιν

261 4034 398 4103 ᾔτει,
433 4031 492 4082 οὗ
523 4038 612 4083 καὶ
641 4036 931 4104 γενομένου,
963 4037 1090 4106 πρὸς
1130 4038 1257 4084 ποσὶ
1305 4032 1436 4088 αῦτη
1486 4040 1584 4081 τῶν
1623 4030 1868 4102 καμήλων

263 4117 298 4171 δ
305 4123 610 4171 ιανεπαύετο
621 4162 632 4174 .

334 4209 442 4261 ιΑ’.
500 4209 758 4261 Ἐντευθεν
806 4207 893 4262 οὖν
939 4209 1081 4284 ἀρχή
1128 4216 1328 4282 γίνεται
1378 4217 1468 4262 τοῦ
1507 4209 1731 4280 πολέμου
1776 4216 1868 4258 του

261 4299 377 4350 κατ’
437 4298 640 4356 αὐτήν·
689 4301 714 4349 6
757 4303 857 4372 γὰρ
917 4309 1028 4361 τοῖς
1079 4307 1324 4372 πονηροῖς
1381 4303 1551 4372 ἔργοις
1607 4298 1869 4368 ἐπιτερπό-

261 4407 413 4459 μενος
464 4385 685 4459 δαίμων,
720 4396 809 4440 καὶ
851 4395 972 4451 τοὺς
1018 4394 1154 4441 κατὰ
1201 4409 1296 4440 των
1343 4395 1500 4460 αγίων
1544 4391 1868 4461 πειρασμοὺς

264 4476 540 4549 ἀνεγείρειν
593 4481 670 4530 ἀεὶ
727 4487 1122 4551 μηχανώμενος,
1183 4484 1272 4530 καὶ
1332 4475 1500 4536 τῆσδε
1565 4483 1655 4528 καὶ
1709 4477 1864 4528 πλείω

263 4570 358 4623 τὴν
412 4567 612 4618 λύσσαν
669 4567 1101 4641 ἐπιδεικνύμενος,
1153 4568 1240 4620 ἅτε
1313 4565 1380 4626 δή
1437 4573 1524 4619 καὶ
1595 4571 1722 4638 μετά
1773 4572 1865 4623 τὴν

267 4656 430 4727 θήραν
486 4657 578 4718 τὰς
630 4656 821 4708 ἐκείνου
880 4666 1062 4732 χεῖρας
1116 4655 1501 4728 διαφυγούσης,
1557 4659 1623 4707 τα
1678 4656 1863 4706 ἑαυτοῦ

267 4751 429 4795 ποιεῖν
487 4745 580 4797 οὐκ
655 4747 849 4819 ήμίλει,
909 4747 1037 4799 ἀλλὰ
1111 4745 1322 4799 νεάνιδά
1403 4765 1537 4811 τινα,
1594 4753 1710 4797 τότε
1765 4752 1864 4795 τῶν

265 4842 512 4905 μοναχῶν
586 4841 690 4886 τινὶ
790 4842 1092 4908 συγγενείας
1169 4837 1304 4910 λόγῳ
1389 4833 1862 4910 συνδιατρίϐουσαν

265 4925 394 4992 πρὸς
470 4920 676 4997 οἶστρον
751 4924 1030 4998 ἀνερεθίςει
1096 4926 1346 4998 λαγνείας,
1424 4925 1454 4983 ἣ
1529 4929 1619 4976 καὶ
1696 4920 1864 4996 οἱνδρα

265 5007 395 5064 εἶναι
447 5017 541 5072 τήν
596 5021 859 5089 μακαρίαν
927 5015 978 5078 ἐξ
1035 5016 1102 5066 ὧν
1155 5016 1290 5091 ἐώρα
1336 5015 1672 5088 λογισαμενη,
1732 5016 1862 5087 πρὸς

262 5103 319 5152 1'6
366 5105 525 5176 ταύτῃ
580 5101 1016 5175 συγκαθευδῆσαι
1067 5105 1454 5181 προσεκαλεῖτο,
1505 5101 1640 5156 αἰδῶ
1686 5109 1860 5155 πᾶσαν

265 5188 574 5263 ἀποθεμένη,
635 5199 724 5246 καὶ
781 5200 1063 5268 προσώπου
1120 5200 1210 5247 καὶ
1268 5203 1363 5256 τῆς
1410 5195 1616 5266 ψυχῆς.
1668 5192 1753 5252 Ὡς
1802 5189 1860 5244 δέ

261 5284 348 5332 καὶ
391 5283 619 5340 ὑπήκοον
658 5283 793 5358 ἐώρα
832 5287 961 5360 πρὸς
1003 5292 1175 5353 τοῦτο,
1217 5289 1305 5337 καὶ
1347 5292 1686 5358 προτιμῶσαν
1729 5281 1859 5354 μᾶλ-

260 5367 343 5421 λον
419 5376 512 5429 τήν
579 5374 662 5426 ἐπὶ
735 5373 872 5445 ψιλῷ
926 5383 999 5446 τῷ
1067 5371 1246 5447 ἐδάφει
1296 5379 1386 5427 καὶ
1437 5379 1553 5435 ταῖς
1600 5372 1858 5444 καμήλοις

258 5459 540 5513 κατάκλισι
609 5466 668 5514 τὸ
743 5461 1070 5536 ἐνδομυχοῦν
1125 5464 1291 5522 ἐκείνη
1362 5469 1454 5516 τοῦ
1513 5464 1724 5538 οἴστρου
1782 5464 1854 5533 μή

257 5549 584 5605 κατασϐέσαι
609 5557 712 5627 πῦρ
761 5550 1039 5628 δυναμένη,
1072 5551 1356 5608 ἐκδίδωσιν
1400 5553 1588 5613 ἑαυτὴν
1635 5552 1708 5606 ἐνὶ
1752 5559 1854 5605 τῶν

1969 459 2242 517 membra
2270 460 2414 514 laesa
2445 462 2764 530 inungens,
2811 467 2868 516 et
2911 461 3116 515 Christi
3168 477 3389 518 nomen
3436 481 3617 538 super

1967 566 2040 606 ea
2106 554 2376 616 cantans,
2440 565 2579 605 eum
2639 551 2906 622 quidem,
2973 552 3123 605 sicut
3193 552 3374 621 prius,
3423 556 3618 612 reddit

1969 654 2234 704 sanum;
2275 639 2454 693 eflicit
2507 646 2732 705 autem,
2778 645 2838 696 ut
2889 639 3085 696 bestia
3128 645 3398 712 protinus
3443 645 3617 700 cade-

1967 733 2075 796 ret,
2107 733 2163 782 et
2191 726 2670 798 disrumperetur.

2041 815 2116 871 Χ.
2171 815 2306 869 Hinc
2356 814 2456 870 illa
2506 816 2753 887 quidem
2815 815 3050 871 volebat
3105 816 3310 884 latere,
3382 824 3439 875 et
3485 824 3620 892 post

1969 906 2225 960 reditum
2284 904 2426 958 nihil
2473 905 2780 976 aperiebat
2833 904 3201 960 monachis:
3259 907 3360 978 qui
3423 913 3619 965 autem

1975 991 2318 1047 beneﬁcium
2347 992 2580 1048 fuerant
2624 995 2903 1059 assecuti,
2936 996 3134 1048 statim
3187 993 3302 1067 ipsi
3356 997 3418 1052 id
3457 998 3619 1070 quod

1972 1081 2195 1136 factum
2263 1080 2458 1136 fuerat
2521 1086 2880 1152 renuntiant,
2946 1082 3207 1138 dicentes
3265 1101 3277 1138 :
3342 1088 3619 1142 Precibus

1970 1169 2258 1225 Theodori
2317 1169 2595 1225 liberatus
2639 1177 2728 1226 est
2775 1172 2958 1226 homo
2994 1188 3030 1226 a
3076 1175 3242 1242 gravi
3304 1182 3515 1241 morte,
3569 1181 3625 1231 et

1970 1262 2174 1314 bestiae
2199 1258 2340 1327 gula
2381 1260 2558 1314 nobis
2599 1260 2852 1314 restituit
2885 1275 3045 1325 eum,
3080 1261 3180 1332 qui
3217 1263 3348 1330 jam
3381 1273 3614 1336 cosptus

1971 1354 2096 1403 erat
2140 1348 2424 1402 devorari.
2481 1348 2739 1412 Quorum
2775 1349 2970 1403 verbis
2999 1350 3447 1421 obstupefactus
3473 1369 3618 1424 prie-

1973 1438 2158 1493 fectus
2192 1438 2555 1504 monasterii,
2581 1441 2864 1508 quisnam
2893 1454 3032 1492 eum
3066 1439 3312 1506 miserit,
3339 1441 3622 1498 dubitans

1970 1527 2394 1596 interrogabat.
2443 1527 2767 1597 Postquam
2801 1534 3001 1582 autem
3032 1543 3242 1583 omnes
3281 1540 3621 1600 negassent,

1977 1616 2213 1670 beatam
2252 1616 2541 1670 intuitus:
2605 1617 2745 1680 Quis
2797 1624 2907 1680 est,
2964 1618 3179 1688 inquit,
3221 1634 3256 1673 ο
3289 1621 3616 1687 Theodore,

1900 1742 1944 1796 Β
1973 1707 2094 1777 qui,
2126 1721 2263 1760 cum
2294 1711 2451 1760 esset
2490 1707 2874 1761 manifestum
2915 1707 3266 1777 periculum,
3311 1713 3366 1764 te
3409 1713 3622 1766 intem-

1975 1805 2147 1865 pesta
2221 1800 2391 1849 nocte
2465 1794 2722 1865 impulit,
2791 1802 2851 1849 ut
2901 1796 3018 1849 illic
3074 1796 3535 1866 proficiscereris
3590 1798 3618 1852 ?

1973 1884 2108 1939 Milii
2167 1899 2304 1937 vero
2357 1885 2670 1938 considera
2724 1891 2898 1938 rectae
2953 1886 3170 1939 animae
3241 1885 3618 1956 figmentum.

1975 1972 2094 2028 Sibi
2125 1989 2282 2027 enim
2313 1975 2640 2028 attribuens
2671 1974 3132 2044 simplicitatem,
3164 1982 3220 2029 et
3258 1991 3622 2032 conservans

1972 2062 2188 2118 fratres
2260 2068 2548 2132 tanquam
2601 2062 2745 2117 nulli
2799 2063 3035 2116 crimini
3093 2063 3302 2119 attines
3365 2080 3378 2118 :
3440 2067 3622 2137 Tunc,

1972 2152 2184 2222 inquit,
2242 2157 2364 2206 tam
2412 2153 2624 2206 interni
2696 2167 2882 2224 quam
2935 2152 3162 2206 externi
3220 2153 3380 2208 oculi
3454 2160 3624 2211 erant

1971 2239 2121 2294 mihi
2153 2255 2370 2295 somno
2399 2241 2552 2294 adeo
2590 2240 2838 2310 gravati,
2877 2248 2934 2295 ut
2986 2256 3108 2296 non
3158 2245 3378 2312 possim
3433 2244 3624 2299 nomi-

1971 2332 2161 2384 natim
2192 2330 2387 2384 dicere
2426 2346 2527 2385 eos
2565 2333 2668 2401 qui
2698 2329 3006 2385 miserunt.
3062 2334 3385 2400 Aﬂgerrime
3424 2341 3624 2388 autem

1972 2422 2197 2474 terebat
2220 2419 2518 2484 diabolus,
2556 2420 2762 2474 videns
2800 2422 3000 2490 ipsam
3039 2422 3282 2490 quidem
3337 2423 3627 2493 supplan-

1973 2514 2181 2577 tatam,
2210 2509 2425 2563 talibus
2488 2508 2741 2563 victoriis
2782 2526 2819 2563 a
2874 2524 2936 2562 se
2976 2510 3237 2563 dedecus
3287 2511 3616 2581 repulisse;

1972 2612 2034 2650 se
2064 2604 2265 2652 autem
2305 2597 2354 2650 vi
2386 2612 2517 2651 esse
2545 2603 2914 2667 superatum.
2942 2597 3180 2652 Mittens
3211 2614 3354 2669 ergo
3385 2599 3625 2654 clancu-

1972 2686 2097 2740 lum
2128 2685 2409 2752 insidiari,
2445 2695 2644 2756 aperte
2685 2686 2764 2740 ad
2803 2701 2939 2740 eam
2991 2686 3303 2751 accedens,
3355 2689 3623 2743 minatus

1973 2781 2061 2829 est
2121 2791 2183 2829 se
2254 2790 2374 2829 non
2438 2781 2808 2830 cessaturum
2883 2778 3178 2829 intentare
3243 2777 3622 2842 tentationes,

1973 2864 2164 2918 donec
2192 2863 2462 2928 eﬁ'ecerit,
2515 2872 2574 2918 ut
2617 2866 2753 2934 ipsa
2811 2865 3010 2927 cadat,
3069 2879 3206 2935 quae
3261 2866 3515 2920 habetur
3547 2866 3625 2920 ab

1974 2954 2259 3007 omnibus
2326 2953 2386 3006 in
2451 2953 2870 3008 admiratione.
2925 2955 3080 3007 Uiiiit
3135 2968 3147 3006 :
3209 2961 3266 3008 et
3315 2970 3436 3008 non
3491 2959 3627 3009 siVit

1921 3091 1943 3110 ,δ
1977 3047 2231 3096 multum
2252 3044 2612 3096 intercedere
2641 3042 2930 3112 temporis
2965 3059 2978 3108 ;
3007 3041 3112 3094 sed
3143 3058 3280 3095 cum
3322 3041 3626 3098 laboraret

1975 3131 2404 3187 monasterium
2463 3133 2668 3201 inopia
2714 3130 3016 3196 frumenti,
3081 3131 3254 3200 jubet
3313 3137 3626 3202 prietectus

1976 3221 2165 3274 beata)
2217 3235 2291 3273 ne
2357 3230 2664 3273 cunctetur
2710 3236 2723 3286 ;
2778 3219 2883 3273 sed
2931 3219 3232 3290 accipiens
3279 3236 3488 3275 rursus
3538 3237 3632 3276 ca-

1979 3310 2188 3374 melos,
2237 3313 2294 3363 et
2351 3309 2576 3362 vadens
2635 3309 2698 3362 in
2764 3309 3084 3376 civitatem,
3138 3310 3217 3362 eis
3299 3316 3461 3364 emat
3510 3310 3633 3365 fru-

1977 3407 2266 3454 mentum.
2298 3397 2480 3452 Porro
2511 3404 2710 3452 autem
2748 3400 2863 3452 hoc
2898 3413 3137 3468 quoque
3183 3398 3235 3452 ei
3264 3398 3626 3469 imperatum

1975 3489 2188 3553 fuerat,
2216 3487 2375 3558 quod
2405 3488 2451 3540 si
2469 3502 2540 3542 ea
2560 3502 2677 3540 non
2695 3492 2897 3556 posset
2913 3489 3107 3542 redire
3135 3497 3271 3542 ante
3297 3502 3624 3558 vesyeram,

1976 3579 2374 3632 diversaretur
2427 3576 2489 3629 in
2538 3578 2893 3630 monasterio
2946 3578 3135 3641 Nono,
3178 3581 3234 3630 et
3277 3576 3534 3632 etﬁceret
3569 3585 3632 3633 ut

1977 3668 2190 3722 cameli
2241 3664 2357 3718 illic
2445 3668 2903 3735 requiescerent.
2975 3667 3289 3718 Revertens
3400 3681 3542 3734 ergo
3598 3681 3631 3721 e

1977 3757 2229 3819 ciVitate,
2283 3757 2566 3824 quoniam
2589 3755 2722 3823 jam
2756 3754 2945 3806 solem
2999 3755 3234 3807 videbat
3267 3768 3328 3807 in
3381 3768 3627 3821 occasu,

1982 3845 2137 3900 venit
2167 3844 2243 3897 ad
2273 3842 2510 3896 Nouum
2542 3841 2994 3905 monasterium,
3030 3841 3185 3895 sicut
3215 3842 3266 3895 ei
3294 3842 3488 3897 fuerat
3519 3843 3629 3898 im-

1977 3940 2251 4005 peratum
2281 3947 2294 3996 ;
2335 3938 2390 3984 et
2418 3930 2582 4000 petiit
2611 3931 2724 3984 sibi
2754 3940 2811 3984 et
2850 3929 3096 3986 camelis
3126 3932 3255 3984 dari
3303 3929 3505 3985 locum
3552 3931 3631 3986 ad

1976 4022 2434 4096 quiescendum.
2454 4020 2626 4084 Quod
2650 4035 2785 4074 cum
2801 4018 3021 4074 factum
3048 4027 3218 4089 esset,
3244 4019 3377 4091 ipsa
3401 4022 3632 4092 requie-

1978 4110 2176 4166 scebat
2205 4111 2281 4164 ad
2313 4109 2496 4180 pedes
2525 4107 2918 4163 camelorum.

2051 4202 2134 4254 XI.
2153 4200 2296 4254 Hinc
2307 4213 2449 4268 ergo
2461 4203 2647 4254 oritur
2658 4196 2798 4252 belli
2812 4200 2870 4252 in
2897 4199 3093 4268 ipsam
3111 4197 3496 4270 principium.
3519 4199 3633 4265 Qui

1977 4291 2138 4345 enim
2165 4287 2457 4360 improbis
2490 4286 2659 4342 factis
2688 4286 3014 4341 delectatur
3044 4289 3307 4355 daemon,
3340 4295 3397 4342 et
3421 4288 3630 4343 adver-

1978 4396 2079 4434 sus
2100 4385 2335 4433 sanctos
2359 4392 2594 4448 semper
2615 4376 2858 4430 molitur
2887 4377 3140 4431 excitare
3165 4381 3542 4444 tentationes,
3566 4377 3629 4432 in

1902 4451 1944 4506 D
1977 4470 2174 4541 ipsam
2204 4477 2404 4523 autem
2435 4466 2725 4537 majorem
2751 4467 2929 4521 etiam
2947 4475 3256 4522 ostentans
3285 4470 3534 4534 rabiem,
3569 4475 3632 4524 ut

1973 4573 2109 4629 quae
2141 4565 2277 4628 post
2309 4565 2685 4611 venationem
2712 4555 3016 4624 effugisset
3043 4555 3199 4609 illius
3240 4572 3480 4622 manus,
3504 4572 3627 4611 non

1972 4649 2232 4716 neglexit
2260 4652 2450 4700 tacere
2481 4660 2611 4715 quin
2641 4652 2779 4699 sunt
2804 4659 2933 4709 sua,
2963 4647 3067 4699 sed
3109 4649 3442 4716 quamdam
3482 4647 3627 4700 ado-

1972 4737 2378 4800 lescentulam,
2398 4750 2533 4805 quae
2562 4742 2699 4789 tunc
2729 4737 3073 4789 versabatur
3090 4749 3229 4789 cum
3256 4735 3625 4806 quibusdam

1975 4826 2283 4882 monachis
2311 4825 2538 4879 ratione
2575 4823 3135 4893 consanguinitatis,
3175 4826 3377 4879 incitat
3411 4826 3492 4880 ad
3523 4823 3628 4878 sti-

1972 4917 2205 4972 mulum
2216 4913 2475 4970 libidinis
2507 4928 2520 4967 :
2552 4927 2688 4984 QUtB
2700 4913 2946 4967 beatam
2960 4914 3124 4968 illam
3143 4929 3214 4968 ex
3235 4913 3303 4968 iis
3319 4929 3456 4985 qua:
3477 4913 3632 4968 vide-

1969 5008 2086 5073 bat,
2146 5006 2431 5061 arbitrata
2488 5017 2615 5057 esse
2675 5001 2866 5058 virum
2929 5002 3222 5058 invitabat
3303 5009 3366 5058 ut
3421 5019 3628 5060 secum

1969 5095 2273 5159 dormiret,
2300 5092 2573 5164 deposito
2605 5092 2772 5147 omni
2797 5092 3028 5164 pudore
3069 5097 3127 5148 et
3157 5108 3228 5147 ex
3256 5091 3420 5148 vultu
3458 5099 3515 5149 et
3551 5108 3626 5148 ex

1969 5186 2191 5240 animo.
2225 5186 2548 5253 Postquam
2591 5187 2790 5237 autem
2820 5181 2965 5236 vidit
3016 5197 3153 5237 eam
3192 5197 3315 5237 non
3354 5181 3622 5249 obedire,

1967 5281 2024 5331 et
2062 5274 2219 5330 male
2266 5273 2328 5326 in
2369 5271 2533 5327 nudo
2587 5270 2715 5327 solo
2767 5271 3029 5326 dormire
3091 5286 3276 5344 prope
3335 5271 3616 5341 camelos,

1966 5381 2086 5421 non
2113 5365 2317 5420 valens
2346 5361 2449 5418 illa
2488 5360 2835 5431 extinguere
2879 5360 3162 5418 latentem
3207 5363 3368 5418 intus
3418 5363 3623 5434 ignem

1964 5455 2248 5523 libidinis,
2291 5453 2394 5508 dat
2440 5465 2502 5506 se
2547 5449 2650 5505 uni
2680 5465 2751 5506 ex
2796 5449 2868 5505 iis
2911 5451 3016 5523 qui
3060 5449 3180 5506 illic
3222 5450 3618 5522 dormiebant,

1963 5547 2068 5620 qui
2088 5545 2214 5618 ipse
2238 5555 2479 5615 quoque
2528 5546 2652 5598 erat
2680 5539 2893 5608 viator,
2943 5545 3001 5597 et
3046 5540 3111 5597 in
3141 5541 3395 5616 transitu
3423 5543 3625 5602 diver-
