4154 6192
536 250 642 306 679

1842 221 2103 281 MENSIS
2144 220 2595 280 SEPTEMBER.
2630 280 2633 281 ν

3788 226 3899 281 680

534 376 697 429 satus
718 372 847 425 erat
875 366 935 423 in
965 360 1347 436 monasterio.
1381 357 1527 412 Cum
1558 354 1608 408 is
1641 366 1802 421 ergo,
1834 349 1936 422 qui
1964 348 2162 403 fecera‘

2290 348 2453 400 ἐκεῖσε
2496 346 3011 422 προσκαθευδόντων,
3069 346 3218 422 όδίτῃ
3278 353 3366 400 καὶ
3420 348 3560 419 αὐτῷ
3617 353 3745 415 ὄντι,
3801 354 3895 402 καὶ

530 461 926 533 iniquitatem,
970 457 1075 509 sub
1118 465 1397 507 auroram
1439 443 1775 500 recessisset
1814 440 1871 493 in
1921 454 2059 492 eum
2099 436 2181 490 lo-

533 567 693 614 cum,
745 548 905 603 unde
954 545 1340 616 processerat,
1391 534 1718 608 procedens
1769 535 2005 599 tempus
2052 526 2176 597 jam

530 640 1029 696 intumescentem
1061 628 1412 686 ostendebat
1441 631 1674 678 uterum
1724 617 1993 685 virginis.
2037 617 2179 680 Quae

531 747 567 785 a
605 729 873 799 cognatis
923 726 1282 787 interrogata
1313 733 1347 770 a
1401 729 1524 785 quo
1572 711 1685 764 hoc
1740 710 1957 762 factum
2001 708 2174 769 esset,

531 820 689 882 dixit,
722 815 1101 871 Theodorum
1134 806 1489 863 monachum
1524 796 1938 856 Octavidecimi
1975 810 2178 848 mona-

530 908 687 965 sterii
709 922 846 961 cum
869 920 937 957 ea
958 900 1223 956 coivisse.
1248 898 1337 959 lis,
1368 908 1500 963 quae
1524 890 1680 945 dicta
1702 887 1952 953 fuerant,
1976 883 2175 937 statim

526 1000 775 1055 credunt
804 990 1101 1049 monachi.
1134 987 1282 1042 Nam
1322 984 1424 1054 qui
1455 981 1643 1035 beatas
1673 976 1940 1031 minatus
1986 971 2175 1027 fuerat

531 1086 879 1144 tentationes
944 1080 1141 1135 docuit
1205 1075 1387 1131 etiam
1450 1068 1708 1142 puellam
1778 1066 1889 1119 hoc
1957 1062 2171 1131 dicere,

530 1184 586 1232 et
633 1176 760 1231 illos
836 1170 1095 1227 credere.

530 1263 980 1325 monasterium,
1036 1257 1136 1312 ubi
1182 1271 1242 1309 se
1289 1251 1597 1306 exercebat
1646 1245 1746 1300 illa
1793 1243 1984 1304 beata,
2036 1256 2171 1294 cum

531 1370 754 1426 magna
778 1348 1198 1407 vociferatione
1228 1349 1284 1398 et
1315 1340 1568 1397 tumultu
1619 1334 1898 1389 dicebant
1929 1350 1941 1383 :
1992 1330 2174 1385 Theo-

529 1445 733 1509 dorus,
775 1442 875 1513 qui
909 1446 995 1494 est
1028 1435 1187 1507 apud
1230 1448 1336 1487 vos
1381 1426 1730 1486 monachus,
1786 1438 1902 1477 non
1954 1420 2173 1474 veritus

528 1541 617 1589 est
665 1538 893 1588 tantum
942 1527 1248 1582 admittere
1302 1520 1609 1590 ﬂagitium.
1679 1518 1902 1583 Rogata
1971 1513 2173 1562 autem

528 1641 563 1679 a
594 1621 884 1694 praefecto,
937 1633 1012 1673 an
1063 1628 1187 1668 rem
1238 1611 1467 1665 fecisset
1513 1612 1634 1661 tam
1675 1597 2170 1661 abominandam,

1170 1162 1391 1219 Deinde
1449 1175 1585 1214 cum
1654 1153 2045 1211 accessissent
2097 1150 2175 1205 ad

2290 448 2343 489 εκ
2402 436 2637 513 παρόδου
2695 448 2755 511 τῇ
2812 448 2940 512 μονῇ
3000 439 3370 492 καταλύσαντι.
3416 446 3518 491 Τοῦ
3570 444 3738 491 τοίνυν
3794 446 3893 496 την

2290 527 2501 599 ἀνομίαν
2556 529 2929 602 ἐργασαμένου,
2965 531 3063 581 ὑπὸ
3122 534 3214 587 τὴν
3260 530 3323 580 ἕω
3371 537 3465 588 τῆς
3514 537 3674 600 μονῆς
3715 529 3891 601 ἐκχω-

2285 622 2557 689 ρήσαντος,
2610 624 2697 669 καὶ
2746 626 2839 680 τῆς
2887 620 3035 679 ὁσίας
3085 618 3137 680 ἐξ
3188 618 3248 669 οὗ
3297 617 3546 689 προῆλθεν
3604 616 3890 670 ἀνασωθεί-

2288 725 2402 767 σης,
2457 709 2483 763 ὴ
2537 716 2626 758 του
2682 713 2877 781 χρόνου
2924 710 3235 779 παράτασις,
3274 708 3546 778 αἰρομένην
3595 704 3701 765 ἤδη
3760 712 3889 779 πρὸς

2284 800 2436 865 ὄγκον
2468 800 2558 853 τὴν
2603 801 2835 868 γαστέρα
2880 804 2967 855 τῆς
3011 804 3165 870 κόρης
3197 792 3419 847 ἐδείκνψ
3454 801 3542 847 καὶ
3572 799 3683 848 ὅθεν
3724 805 3887 849 τούτο

3086 885 3239 937 εἰπεῖν
3336 883 3701 958 ἀνακρινομένη
3797 890 3885 937 τόν

2283 887 2425 957 ποιρά
2527 893 2623 936 τῶν
2721 894 2982 956 συγγενῶν

2283 977 2536 1043 μοναχὸν,
2598 972 2721 1037 εἷπε,
2782 972 3075 1048 Θεόδωρον,
3153 978 3237 1025 τόν
3315 982 3409 1035 τῆς
3482 971 3881 1029 Ὀκτωδεκάτου

2282 1069 2462 1131 μονῆς,
2514 1062 2643 1134 αὐτῇ
2702 1066 3090 1136 συμφθαρῆναι.
3140 1065 3482 1115 Πιστεύουσιν
3540 1063 3726 1115 αὐτίκα
3772 1072 3882 1124 τοῖς

2282 1150 2543 1222 λεχθεῖσιν
2595 1154 2642 1202 οἱ
2696 1158 2958 1223 μοναχοί·
2994 1155 3018 1203 ὁ
3067 1155 3164 1227 γὰρ
3208 1160 3268 1224 τῇ
3313 1156 3549 1227 μακαρίᾳ
3604 1157 3727 1212 τούς
3775 1172 3882 1205 πει-

2280 1246 2485 1311 ρασμού
2495 1261 2515 1301 ς
2590 1237 2829 1298 διαπειλη
2840 1244 3076 1312 σάμενος,

2283 1331 2437 1401 λέγειν
2489 1327 2759 1394 ἐδίδασκε,
2812 1330 3074 1390 κάκείνους
3130 1333 3410 1382 πιστεύειν.
3468 1328 3591 1383 Εἶτα
3634 1339 3694 1402 τῇ
3748 1339 3878 1402 μονῆ

3153 1246 3242 1293 καὶ
3312 1245 3406 1299 τὴν
3488 1247 3645 1314 κόρην
3728 1250 3881 1294 τούτο

2280 1420 2666 1491 προσελθόντος,
2724 1423 2852 1493 ἢπερ
2930 1417 3069 1490 εἶχεν
3146 1418 3471 1490 ἀσκουμένην
3546 1424 3637 1477 τὴν
3712 1440 3887 1491 μακα-

2279 1514 2396 1581 ρίαν
2454 1516 2545 1560 σύν
2598 1508 2696 1581 βοῇ
2749 1515 2837 1561 καὶ
2893 1508 3113 1581 θορύϐῳ.
3160 1506 3453 1580 Θεόδωρος,
3506 1510 3694 1579 ἔλεγον,
3728 1512 3752 1560 ό
3802 1510 3882 1581 ἐφ’

2282 1599 2417 1670 ὑμᾶς
2469 1599 2597 1651 τελεῖ
2668 1602 2923 1669 μοναχὸς,
2974 1595 3177 1650 τοιόνδε
3234 1606 3400 1669 μύσος
3467 1601 3709 1671 πράττειν
3786 1599 3886 1650 οὐκ

527 1714 662 1785 ipsa
715 1710 858 1765 dixit
894 1706 945 1761 ei
996 1720 1059 1759 se
1134 1716 1253 1756 non
1303 1698 1527 1754 habere
1579 1709 1705 1748 rem
1765 1689 1945 1745 ullam
2006 1686 2162 1755 cujus

2282 1687 2497 1761 ἔφριξεν.
2545 1688 2626 1747 Εἰς
2674 1686 2947 1759 ἐρωτήσεις
2992 1684 3077 1738 οὖν
3126 1686 3348 1738 ἐλθοῦσα
3395 1689 3536 1758 πα,οά
3580 1695 3668 1738 τοῦ
3715 1689 3882 1757 ἡγου-

520 1774 653 1873 jure
701 1802 1019 1855 teneretur.
1068 1798 1255 1863 Atque
1310 1788 1385 1843 illi
1448 1784 1694 1858 quidem
1751 1785 1888 1836 tunc
1950 1774 2171 1830 reversi

526 1897 663 1947 sunt
686 1889 761 1945 ad
790 1902 967 1943 suum
999 1877 1447 1940 monasterium.

593 2155 708 2211 XII.
762 2153 1089 2221 Postquam
1157 2148 1355 2199 autem
1408 2139 1600 2194 infans
1649 2136 1776 2205 jam
1826 2132 2018 2188 editus
2063 2131 2171 2186 fuit

523 2246 585 2300 in
629 2244 842 2306 lucem,
874 2254 1012 2294 eum
1073 2234 1359 2296 tollentes,
1406 2226 1728 2302 projiciunt
1782 2224 1841 2277 in
1901 2221 2167 2277 medium

525 2330 973 2392 monasterium,
1007 2328 1065 2380 in
1109 2338 1231 2394 quo
1280 2324 1405 2375 erat
1432 2318 1529 2372 illa
1566 2315 1759 2370 beata.
1799 2315 1913 2367 Hoc
1967 2318 2165 2365 autem

524 2428 650 2478 erat
694 2420 919 2475 insidiae
971 2422 1026 2471 et
1091 2412 1405 2469 artificium
1475 2403 1719 2469 inimici,
1775 2402 2067 2457 studentis
2115 2400 2166 2455 ei

523 2511 763 2582 injicere
815 2506 1001 2563 animi
1068 2500 1504 2571 aegritudinem,
1576 2500 1632 2549 et
1698 2492 1825 2563 ejus
1874 2490 2164 2561 impedire

519 2600 871 2655 institutum.
914 2594 1028 2649 Sed
1066 2591 1283 2647 frustra
1331 2602 1535 2642 rursus
1586 2600 1621 2638 a
1673 2588 1745 2646 te,
1788 2596 1824 2636 ο
1885 2578 2165 2647 maligne,

522 2694 745 2763 paratis
786 2691 923 2740 sunt
966 2682 1193 2738 insidiis
1219 2698 1235 2750 ;
1265 2679 1386 2733 imo
1438 2690 1571 2731 vero
1621 2686 1741 2728 non
1792 2671 2026 2732 frustra,
2063 2668 2165 2722 sed

515 2761 617 2834 eas
643 2779 702 2832 in
728 2775 978 2846 teipsum
1010 2788 1073 2826 es
1105 2767 1507 2827 machinatus,
1533 2768 1583 2818 te
1611 2761 1851 2816 feriente
1879 2772 2166 2827 generosa

520 2868 763 2923 muliere
813 2864 923 2919 illis
954 2861 1097 2932 ipsis
1144 2858 1290 2925 telis,
1341 2855 1561 2927 quibus
1592 2858 1645 2906 te
1695 2865 1829 2904 eam
1881 2846 2162 2918 sperabas

517 2958 944 3012 sauciaturum.
978 2948 1125 3014 Quid
1152 2946 1310 3001 enim
1339 2943 1475 2998 hinc
1507 2939 1884 3010 consequitur
1915 2935 1941 2990 ?
1969 2934 2162 2989 Infan-

518 3048 588 3101 tis
616 3061 746 3099 esse
791 3047 957 3113 pater
986 3036 1241 3092 creditur
1291 3030 1640 3093 Theodora;
1692 3026 1921 3080 silentio
1961 3029 2159 3078 autem
2200 3064 2239 3121 C

515 3133 727 3203 accipit
755 3112 910 3194 eam,
942 3142 1077 3198 quas
1110 3124 1296 3193 ipsam
1336 3120 1718 3180 condemnat,
1762 3112 2158 3178 sententiam;

516 3231 571 3279 et
626 3202 801 3276 simul
865 3232 1003 3273 cum
1057 3212 1278 3268 infante
1342 3208 1652 3279 expellitur
1696 3220 1727 3260 e
1779 3202 2157 3257 monasterio.

512 3314 644 3383 Ipsa
682 3310 880 3379 itaque
938 3305 1003 3359 ﬁt
1060 3304 1274 3365 nutrix,
1343 3304 1398 3353 et
1432 3301 1725 3366 tanquam
1784 3299 1970 3364 pater,
2022 3306 2159 3344 eum

514 3401 744 3471 cogitur
786 3396 962 3457 alere,
997 3394 1145 3449 lacte
1187 3388 1432 3461 quidem
1481 3384 1684 3439 ovium
1735 3382 1950 3453 (neque
2000 3380 2158 3433 enim

512 3470 743 3561 poterat
798 3484 986 3554 aliter)
1040 3480 1325 3535 infantem
1374 3490 1566 3545 nuper
1606 3478 1812 3527 natum
1847 3470 2157 3533 nutriens;

509 3579 679 3633 lanas
710 3580 904 3631 autem
922 3577 1123 3644 petens
1145 3574 1200 3623 et
1222 3567 1399 3622 etiam
1423 3580 1459 3619 a
1476 3561 1837 3634 pastoribus,
1872 3558 1948 3613 ad
1983 3573 2155 3612 usum

510 3665 686 3721 vestis
726 3680 828 3720 eas
870 3675 1055 3733 puero
1102 3654 1379 3713 contexit.
1435 3652 1547 3709 Sed
1590 3650 1868 3722 quisnam
1919 3647 2157 3701 animus

509 3754 803 3826 acceperit
844 3750 995 3806 adeo
1064 3761 1308 3818 gravem
1364 3742 1729 3798 calumniam
1786 3736 1814 3790 ?
1866 3739 2154 3802 Quaenam

511 3850 710 3900 autem
748 3856 963 3897 manus
1011 3852 1131 3892 non
1180 3850 1334 3904 aegre
1392 3830 1615 3887 tulisset
1668 3834 1786 3883 tam
1835 3826 2155 3881 molestum

509 3926 934 3988 ministerium?
964 3925 1167 3997 Spatio
1182 3924 1340 3978 enim
1374 3926 1597 3990 septem
1620 3932 1917 3973 annorum
1937 3914 2157 3970 afﬂicta

508 4022 615 4079 fuit
674 4024 800 4076 ι]ωο
859 4017 1049 4071 beata.
1119 4015 1161 4069 Ο
1222 4012 1344 4075 Dei,
1403 4009 1506 4080 qui
1564 4012 1777 4061 cuncta
1834 4003 2153 4066 intuimini,

508 4110 683 4175 oculi,
716 4106 880 4164 inani
911 4110 966 4159 et
1006 4103 1153 4159 falsa
1207 4114 1451 4170 opressa
1506 4094 1829 4159 calumnia,
1890 4098 2002 4147 etc
2033 4108 2157 4147 mo-

507 4200 767 4257 nasterio
815 4196 1022 4266 ejecta,
1056 4190 1199 4247 nihil
1238 4187 1438 4261 pusilli
1480 4191 1536 4241 et
1586 4180 1801 4253 abjecti
1836 4182 2020 4236 animi
2053 4186 2157 4236 aut

508 4289 661 4353 fecit,
714 4292 817 4341 aut
855 4290 941 4339 est
1004 4282 1202 4337 locuta
1263 4294 1274 4332 :
1330 4276 1427 4331 sed
1486 4272 1617 4329 talis
1674 4271 1872 4344 probri
1941 4270 2155 4341 delegit

505 4375 921 4448 ignominiam,
966 4377 1026 4426 ut
1064 4369 1229 4442 quod
1283 4373 1453 4437 turpe
1508 4364 1641 4418 fecit
1688 4362 1915 4425 volens,
1948 4376 2152 4414 rursus

507 4466 844 4523 voluntario
893 4467 1109 4532 tegeret
1161 4458 1473 4521 dedecore,
1528 4458 1585 4509 et
1626 4468 1780 4524 quos
1831 4466 1953 4505 non
1984 4450 2155 4506 latuit

506 4557 712 4613 oculos
768 4556 933 4626 prius
995 4550 1221 4605 malum
1277 4546 1519 4609 faciens,
1576 4542 1837 4614 placaret
1895 4555 2150 4595 rursus:

507 4662 608 4702 eos
635 4644 791 4700 solos
838 4641 1063 4697 habens
1104 4643 1297 4697 testes,
1354 4650 1493 4689 cum
1532 4631 1613 4687 rei
1669 4630 1957 4702 improbas
1986 4628 2156 4683 susti-

507 4741 668 4791 neret
724 4730 1106 4788 calumniam.
1155 4724 1323 4791 Quali
1384 4729 1586 4778 autem
1635 4719 1876 4775 vivendi
1930 4718 2154 4773 ratione

506 4825 772 4880 utebatur
838 4835 975 4875 cum
1041 4815 1168 4871 aliis
1228 4814 1254 4867 ?
1323 4811 1408 4867 Illi
1482 4810 1643 4865 enim
1720 4808 2150 4863 nutrimentum

504 4920 673 4971 erant
712 4910 914 4967 herbae
958 4910 1237 4976 agrestes,
1299 4908 1475 4974 potus
1524 4906 1723 4954 autem
1794 4902 1921 4954 erat
1968 4912 2146 4968 aqua,

502 5021 639 5077 quae
695 5018 727 5057 e
782 5000 915 5054 lacu
966 5000 1265 5065 utcunque
1318 4992 1391 5046 ab
1445 5004 1514 5045 eo
1567 4988 1975 5049 hauriebatur,
2034 4985 2151 5041 nisi

504 5076 676 5149 malis
722 5090 936 5154 dicere,
996 5085 1125 5156 ejus
1176 5082 1480 5152 lacrymae.
1537 5077 1772 5134 Nullum
1815 5076 1973 5130 enim
2022 5080 2147 5130 erat

504 5189 755 5254 tempus,
810 5193 931 5250 quo
980 5191 1064 5230 ea;
1114 5188 1235 5228 non
1286 5171 1593 5225 efﬂuerent
1646 5183 1713 5221 ex
1767 5165 1895 5235 ejus
1926 5164 2141 5227 oculis,

504 5272 655 5328 adeo
690 5275 750 5325 ut
788 5267 1054 5323 Psalmus
1111 5262 1170 5317 in
1224 5277 1294 5316 ea
1348 5258 1728 5329 impleretur:
1768 5257 1887 5309 «Et
1936 5260 2142 5325 potum

503 5376 704 5414 meum
756 5373 893 5413 cum
924 5355 1065 5410 ﬂetu
1118 5348 1521 5407 miscebam".
1574 5367 1597 5397 ν
1656 5346 1747 5401 Sic
1805 5358 1946 5413 ergo
2005 5359 2143 5398 cum

503 5462 722 5517 corpus
771 5447 824 5501 ei
863 5445 1226 5516 liquesceret,
1261 5443 1317 5495 et
1345 5436 1759 5508 negligeretur,
1794 5437 1967 5493 erant
2016 5432 2147 5506 qni-

576 5548 594 5583 τ
630 5545 782 5605 Psal.
810 5560 887 5614 c1,
928 5548 1011 5600 to.

2281 1781 2453 1848 μένου,
2507 1778 2549 1829 εἰ
2602 1776 2850 1850 κατῆρξεν
2903 1777 3037 1828 οὕτω
3109 1772 3367 1849 βδελυρᾶς
3432 1776 3679 1849 πράξεως,
3742 1778 3881 1834 αὕτη

2284 1872 2499 1937 πρᾶγμα
2545 1870 2616 1937 μὴ
2686 1869 2825 1937 ἔχειν
2882 1862 2989 1917 εἷπε
3052 1868 3179 1937 πρὸς
3248 1865 3402 1916 αὐτὸν
3466 1867 3652 1936 ὺοχῆς
3708 1864 3882 1927 ἄξιον.

2282 1953 2496 2007 Ἐκεῖνοι
2577 1957 2666 2027 μὲν
2737 1950 2823 2005 οὖν
2898 1959 3010 2006 τότε
3066 1957 3189 2029 πρὸς
3264 1950 3403 2005 ἰδίαν
3490 1959 3643 2025 μονὴν
3724 1953 3883 2005 ἐπανο

2280 2048 2543 2115 ἐστρεφον.

2354 2133 2452 2188 IB’.
2498 2133 2586 2193 Ὠς
2635 2130 2695 2184 δὲ
2747 2138 2835 2183 καὶ
2882 2134 2939 2183 τὸ
2989 2129 3175 2205 βρέφος
3222 2133 3405 2202 τεχθὲν
3462 2128 3570 2190 ἤδη
3625 2131 3888 2205 προῆλθεν

2281 2224 2349 2282 εἰς
2393 2231 2512 2292 φῶς,
2568 2220 2811 2292 ἀράμενοι
2855 2228 3028 2288 τοῦτο,
3074 2222 3210 2271 κατά
3257 2224 3421 2292 μέσην
3468 2222 3588 2272 ἔνθα
3635 2222 3664 2277 ἡ
3712 2240 3891 2292 μακαο

2278 2317 2369 2386 ρία
2400 2307 2553 2381 διῆγε
2581 2314 2675 2367 τὴν
2719 2315 2878 2381 μονὴν
2932 2308 3335 2383 ἀπορρίπτουσι.
3367 2315 3531 2361 Τοῦτο
3572 2305 3631 2361 δὲ
3680 2311 3890 2369 πάντως

2279 2397 2524 2472 μεθόδεία
2580 2405 2668 2450 καὶ
2719 2403 2879 2469 τέχνη
2932 2406 3023 2449 τοῦ
3073 2394 3364 2469 δυσμενοῦς
3414 2394 3473 2455 ἦν
3525 2398 3748 2467 ἀθυμίαν
3793 2398 3890 2469 ἐμ.-

2279 2489 2467 2550 ϐαλλεῖ,
2522 2489 2649 2559 αὐτῇ
2706 2484 3100 2548 σπουδάζοντος
3152 2484 3415 2558 ἐμποδιῶν
3465 2506 3518 2539 τε
3562 2490 3627 2538 τὰ
3676 2496 3891 2539 σκοπῶν

2276 2586 2596 2650 παρασχεῖν.
2634 2577 2765 2629 Ἀλλ’
2800 2577 2869 2638 εἰς
2913 2580 3081 2649 μάτην
3130 2595 3214 2627 σοι
3260 2581 3347 2627 καὶ
3392 2572 3543 2637 αὖθις
3586 2578 3652 2628 τὰ
3676 2573 3888 2650 ἔνεδρα,

2278 2672 2482 2742 πονηρὲ,
2543 2666 2731 2738 μᾶλλον
2785 2663 2842 2717 δὲ
2914 2666 3008 2717 οὐκ
3062 2666 3127 2725 εἰς
3182 2668 3372 2737 μάτην,
3427 2664 3554 2716 ἀλλά
3606 2670 3695 2717 καὶ
3746 2670 3891 2717 κατά

2280 2765 2374 2809 σού
2428 2762 2825 2827 τεκταινόμενα·
2879 2757 3050 2829 ὥσπερ
3107 2756 3184 2814 οἷς
3241 2760 3458 2826 τρῶσειν
3514 2753 3738 2814 ἤλπισας
3789 2755 3888 2805 αύ-

2276 2854 2384 2905 τοὶς
2441 2845 2645 2905 ἐκείνοις
2700 2852 2808 2904 τοῖς
2868 2842 3043 2915 βέλεσι
3101 2844 3433 2903 πληττούσης
3494 2862 3550 2894 σε
3608 2851 3701 2902 τῆς
3767 2862 3885 2912 γεν-

2274 2942 2439 2996 ναίας.
2490 2939 2551 2986 Τί
2606 2938 2705 3007 γάρ
2757 2936 2814 2984 τὸ
2870 2932 3130 2998 ἐντευθεν;
3163 2938 3332 3004 πατὴρ
3391 2928 3517 2983 εἶναι
3575 2934 3879 2983 πιστεύεται

2272 3034 2359 3077 τοῦ
2408 3028 2593 3081 νηπίου
2644 3024 2671 3079 ἠ
2725 3017 2995 3094 Θεοδῶρα,
3046 3028 3170 3092 σιγῇ
3222 3040 3274 3072 τε
3324 3025 3418 3078 τὴν
3457 3025 3878 3092 κατακρίνουσαν

2270 3114 2441 3185 ψῆφον
2497 3111 2733 3183 δέχεται,
2778 3115 2867 3161 καὶ
2914 3110 3054 3179 αύτῷ
3107 3108 3285 3183 βρέφει
3326 3118 3414 3170 τῆς
3447 3117 3607 3180 μονῆς
3652 3107 3875 3183 ἐξορίζε-

2272 3224 2377 3257 ται.
2418 3205 2637 3263 Τιθηνός
2686 3197 2772 3252 οὖν
2818 3200 2946 3257 αύτὴ
2996 3205 3213 3270 γίνεται,
3267 3203 3356 3249 καὶ
3400 3199 3485 3250 οἷα
3531 3202 3705 3271 μήτηρ
3753 3217 3879 3249 παι-

2273 3289 2539 3365 δοτροφεῖν
2592 3290 2963 3361 ἀναγκάζεται,
3012 3288 3235 3359 γάλακτι
3291 3290 3379 3359 μὲν
3423 3285 3713 3362 προϐάτων,
3762 3284 3874 3338 ἐπεὶ

2271 3387 2342 3454 μὴ
2390 3381 2553 3442 ἄλλως
2584 3377 2715 3451 εἶχε,
2749 3383 2806 3429 τὸ
2837 3380 3053 3448 νεογενὲς
3085 3376 3467 3448 ἀποτρέφουσα,
3500 3378 3613 3448 ἔρια
3664 3371 3743 3439 δε,
3776 3373 3873 3425 κὰ-

2270 3478 2413 3523 κεῖνα
2462 3472 2602 3541 παρά
2654 3478 2751 3520 τῶν
2805 3472 3055 3538 ποιμένων
3110 3466 3352 3534 αἰτοῦσα,
3411 3470 3500 3517 καὶ
3554 3464 3623 3525 εἰς
3682 3468 3872 3534 χρείαν

2272 3560 2471 3633 ἀμφίων
2517 3566 2684 3610 ταῦτα
2738 3566 2802 3627 τῷ
2842 3554 2998 3609 παιδὶ
3050 3552 3441 3627 σχεδιάξουσα.
3476 3553 3632 3607 Ἀλλὰ
3676 3558 3756 3614 τίς
3809 3552 3872 3604 ἂν

2268 3655 2358 3701 καὶ
2396 3649 2547 3720 ψυχὴ
2590 3643 2911 3720 παρεδέξατο
2966 3643 3268 3719 βαρυτάτην
3314 3643 3448 3694 οὕτω
3481 3646 3873 3714 συκοφαντίαν;

2272 3744 2404 3791 Ποία
2457 3736 2515 3790 δε
2564 3742 2652 3789 καὶ
2699 3742 2819 3810 χεὶρ
2870 3735 2963 3786 ούκ
3012 3735 3070 3785 διν
3116 3731 3438 3807 ἐδυσχέρανε
3486 3736 3610 3806 πρὸς
3657 3730 3869 3803 ἐπαχθῆ

2268 3832 2513 3885 τοιαύτην
2564 3829 2887 3898 ὑπηρεσίαν;
2944 3823 3071 3881 ’Έτη
3130 3826 3230 3896 γὰρ
3287 3822 3415 3875 ἐπτὰ
3470 3823 3870 3894 παρετάθησαν,

2268 3919 2316 3970 ἐν
2374 3920 2446 3978 οἷς
2500 3915 2839 3987 ἐταλαιπώρει
2893 3918 3109 3983 γυναίου
3171 3914 3343 3983 φύσις,
3398 3909 3436 3961 ὦ
3515 3918 3649 3964 Θεοῦ
3705 3912 3875 3961 πάντα

2269 4008 2541 4081 βλέποντες
2620 4003 2896 4074 ὀφθαλμοὶ,
2973 3998 3222 4058 διαϐολὴν
3303 4004 3529 4071 ματαίαν
3602 3998 3871 4068 καταψευ-

2269 4100 2475 4159 σθεῖσα,
2508 4100 2596 4145 καὶ
2626 4103 2718 4154 τῆς
2749 4099 2910 4163 μονῆς
2941 4091 3034 4153 ἔξω
3067 4090 3344 4163 βληθεῖσα,
3377 4093 3465 4139 καὶ
3498 4084 3646 4140 οὐδὲν
3678 4092 3871 4161 μικρό-

2264 4187 2442 4257 ψυχόν
2486 4204 2535 4236 τι
2584 4188 2672 4234 καὶ
2724 4181 2923 4251 ἀγεννὲς
2972 4180 2999 4237 ἡ
3052 4176 3270 4252 ἔδρασεν
3320 4179 3348 4235 ἦ
3411 4176 3706 4249 ἐφθέγξατο,
3757 4175 3868 4226 ἀλλ’

2267 4274 2422 4327 εἵλετο
2470 4274 2717 4330 τοιαύτης
2766 4268 2974 4340 ἀτιμίαν
3021 4269 3306 4339 αἰσχύνης,
3358 4266 3419 4317 ἶν’
3467 4268 3588 4340 ὅπερ
3638 4266 3868 4336 αἰσχρὸν

2265 4362 2450 4437 ἔπραξε
2504 4360 2814 4433 βουλομένη,
2875 4357 3089 4409 ἑκουσία
3142 4355 3292 4408 πάλιν
3347 4355 3579 4427 αἰσχύνη
3637 4374 3866 4406 κατακα-

2264 4454 2424 4525 λύψη,
2506 4455 2595 4501 καὶ
2666 4448 2751 4509 οὓς
2834 4447 2928 4497 ούκ
3003 4446 3175 4497 ἔλαθεν
3256 4444 3549 4516 ὀφθαλμούς
3622 4450 3868 4515 πρότερον

2263 4547 2320 4594 τό
2397 4543 2618 4613 πονηρόν
2698 4538 3021 4609 πράττουσα,
3087 4536 3374 4607 θεραπεύσῃ
3447 4533 3620 4597 πάλιν,
3680 4538 3870 4603 μόνους

2262 4634 2466 4703 ἔχουσα
2531 4630 2795 4700 μάρτυρας
2870 4631 3097 4698 πονηροῦ
3171 4626 3498 4696 πράγματος,
3570 4620 3857 4692 ἀνεχομένη

2266 4722 2629 4791 συκοφαντίαν.
2686 4716 2788 4766 Οἷα
2844 4710 2901 4765 δὲ
2970 4716 3099 4783 μετὰ
3164 4721 3261 4763 τῶν
3316 4711 3478 4762 ulla»;
3533 4715 3622 4761 καὶ
3683 4706 3863 4781 διαίτη

2262 4809 2494 4882 ἐχρῆτο;
2548 4808 2721 4879 Τροφὴ
2770 4806 2859 4874 μεν
2906 4805 3006 4874 γάρ
3058 4800 3219 4873 ἐκείνη
3270 4804 3327 4852 τό
3378 4798 3432 4851 ἐκ
3478 4807 3578 4850 τῶν
3634 4797 3867 4870 βοτανῶν

2262 4902 2381 4951 ὅσον
2435 4898 2610 4969 ἄρτον,
2657 4896 2811 4944 ποτόν
2864 4884 2923 4943 δὲ
2967 4894 3023 4942 τό
3073 4892 3126 4941 ἐκ
3173 4898 3266 4951 τῆς
3308 4889 3493 4962 λίμνης
3540 4886 3869 4960 ἀμωσγέπως

2262 4986 2390 5057 αὐτῇ
2449 4984 2748 5056 ἀρυόμενον,
2809 4981 2852 5032 εἰ
2909 4984 2978 5052 μὴ
3040 4985 3128 5031 καὶ
3181 4980 3369 5050 μᾶλλον
3426 4980 3591 5037 εἴποις
3651 4980 3705 5028 τό
3765 4985 3867 5027 τῶν

2262 5073 2536 5149 δακρύων·
2574 5076 2666 5124 οὒκ
2720 5067 2780 5129 ἦν
2833 5074 2930 5143 γαρ
2988 5071 3070 5120 ὅτε
3123 5069 3215 5119 ούκ
3274 5066 3481 5141 ἀπέρρει
3526 5068 3720 5126 ταύτης
3765 5073 3868 5116 τῶν

2260 5164 2551 5237 ὀφθαλμῶν,
2586 5163 2652 5222 ὡς
2700 5164 2756 5212 τό
2801 5168 2901 5211 τῶν
2946 5157 3165 5229 Ψαλμῶν
3217 5156 3292 5208 ἐπ’
3325 5156 3452 5227 αύτη
3508 5155 3865 5227 πληροῦσθαι·

2260 5276 2286 5301 ‹‹
2324 5257 2422 5305 Καὶ
2468 5255 2523 5302 τό
2563 5255 2707 5322 πόμα
2754 5269 2853 5321 μου
2884 5250 3011 5319 μετά
3053 5247 3318 5317 κλαυθμοῦ
3360 5245 3591 5319 ἐκίρνων.
3626 5264 3652 5294 )›
3691 5243 3871 5303 Οὕτως

2259 5338 2345 5394 οὖν
2394 5342 2522 5413 αὐτῇ
2579 5346 2669 5391 τοῦ
2721 5344 2960 5410 σώματος
3007 5339 3312 5407 τηκομένου,
3346 5338 3435 5385 καὶ
3468 5332 3666 5407 ἀμελῶς
3715 5335 3869 5403 ἔχον-

2260 5451 2363 5501 τος,
2417 5433 2465 5491 οἱ
2515 5433 2604 5503 μεν
2662 5432 2842 5499 ὄνυχες
2898 5428 3173 5499 ἐπιμήκεις
3235 5420 3390 5491 ἦσαν,
3452 5427 3541 5475 καί
3598 5440 3708 5474 τισι
3765 5429 3872 5473 τῶν
