4154 6192
253 312 353 369 681
1286 300 1447 357 VITA
1493 300 1552 355 S.
1585 292 1999 353 THEODORE
2034 290 2589 351 ALEXANDRINAE.
3510 300 3617 358 532

254 436 583 508 ἀγριωτέρων
637 438 779 496 ζώων
827 431 1015 504 μᾶλλον
1061 430 1389 501 ἁρμόζοντες,
1443 428 1495 477 αἱ
1550 421 1607 477 δὲ
1653 427 1894 494 τρίχες,

1979 419 2126 508 jem
2161 434 2392 487 ungues
2444 420 2674 489 prolixi,
2708 425 2764 475 et
2806 421 3169 492 quibusdam
3228 422 3364 481 feris
3410 427 3619 486 bestiis

259 526 541 599 αὐχμηραὶ
571 543 625 575 τε
668 527 757 574 καὶ
798 521 979 583 λάσια,
1012 524 1099 570 καὶ
1127 515 1306 577 δεινῶς
1336 522 1452 577 ταῖς
1480 517 1666 574 νάπαις
1696 530 1856 583 προσ·

1979 506 2163 575 magis
2193 512 2588 576 congruentes
2642 526 2655 574 ;
2705 509 2807 581 pili
2837 516 3036 565 autem
3068 510 3237 566 densi
3284 519 3338 569 et
3368 518 3619 587 sordidi,

260 622 506 668 εοικυίαν.
539 612 596 664 Ἠ
642 611 761 682 ὄψις
794 606 853 662 δὲ
901 616 961 680 τῇ
1020 607 1196 679 ἀμέσῳ
1237 614 1333 656 τῶν
1383 603 1608 661 ἡλιακῶν
1642 600 1858 651 ἀκτίνων

1983 601 2023 650 at
2063 595 2232 650 valde
2263 595 2484 650 similes
2518 597 2783 652 saltibus.
2820 597 3025 653 Vultus
3058 606 3276 667 autem,
3311 613 3623 676 propterea

260 702 472 774 ἐπιϐολῇ
528 698 635 759 ἤδη
677 700 1088 760 κατοπτηθεῖσα,
1141 698 1271 768 πρὸς
1318 700 1374 745 τό
1428 692 1858 760 Αἰθιοπικώτερον

1982 684 2131 755 quod
2192 683 2355 739 nulla
2404 700 2465 739 re
2524 686 2922 742 intercedente
2981 703 3119 744 eum
3172 688 3411 748 ferirent
3472 695 3622 752 radii

262 791 552 863 ἐμελαίνετο
582 810 594 821 ·
630 792 695 841 τὰ
735 787 967 860 βλέφαρά
997 805 1051 838 τε
1079 784 1323 841 ἠλλοίωτο
1354 790 1414 853 τῇ
1449 786 1673 849 συντόνῳ
1704 795 1859 827 κατα-

1984 772 2131 836 solis,
2167 772 2292 843 jam
2330 779 2536 839 tostus,
2586 776 2873 847 Emiopis
2902 776 3091 833 instar
3122 779 3291 849 niger
3333 790 3624 849 evaserat,

260 884 429 953 νάγκῃ
480 888 572 939 τῆς
620 877 926 951 ἀγρυπνίας,
973 880 1060 925 καὶ
1110 874 1248 945 ὅμως
1282 872 1444 931 οὕτως
1474 869 1862 941 ἐγκαρτερούσα

1987 864 2025 914 at
2084 865 2308 915 mutata
2370 867 2539 917 erant
2604 864 2921 935 supercilia
2979 864 3214 923 intensa
3267 872 3627 929 necessitate

261 976 354 1021 καὶ
400 966 577 1021 δεινῶν
619 966 861 1037 ἐπαγωγῇ
914 968 1125 1036 τοιαύτῃ
1178 962 1476 1014 παλαίουσα
1516 964 1605 1010 καὶ
1653 962 1859 1028 νιφάσιν

1985 950 2325 1017 vigiliarum.
2375 952 2441 1005 Et
2499 955 2699 1007 tamen
2751 954 2835 1008 sic
2912 969 3321 1025 perseverans,
3374 966 3429 1015 et
3487 978 3625 1018 cum

263 1059 361 1110 ούκ
416 1056 601 1129 ἀερίοις
650 1063 822 1128 μόνον,
860 1053 985 1105 ἀλλά
1032 1058 1121 1104 καὶ
1167 1059 1275 1112 ταῖς
1321 1050 1375 1101 ἐκ
1417 1059 1514 1101 τῶν
1560 1053 1859 1120 πειρασμῶν

1986 1040 2144 1093 nalis
2167 1054 2303 1129 quae
2354 1041 2822 1109 intentabantur,
2863 1045 2946 1099 sic
2990 1044 3223 1102 luctans
3277 1052 3334 1103 et
3387 1050 3626 1107 nivibus

262 1128 580 1220 βαλλομένη,
633 1141 755 1197 οὐδὲ
807 1147 933 1215 πρὸς
1002 1142 1185 1214 βραχύ
1233 1149 1320 1200 τῆς
1363 1147 1519 1212 μονῆς
1571 1136 1863 1192 ἀποστῆναι

1982 1143 2093 1184 non
2121 1128 2275 1184 aeris
2315 1129 2529 1193 solum,
2585 1131 2692 1185 sed
2724 1131 2902 1188 etiam
2952 1136 3348 1193 tentationum
3391 1145 3622 1205 vexata,

262 1238 538 1307 ἠνέσχετο,
570 1235 695 1286 ἀλλά
728 1230 974 1305 διέμεινεν
996 1233 1129 1283 οὔτω
1151 1230 1379 1288 καλύϐην
1406 1228 1705 1299 πηξαμένης
1732 1227 1861 1299 πρός

1989 1232 2045 1272 1e
2096 1216 2389 1273 tantillum
2432 1218 2680 1290 quidem
2736 1221 3015 1278 sustinuit
3063 1224 3366 1283 discedere
3411 1244 3447 1284 a
3505 1246 3629 1287 mo-

259 1334 338 1395 τῷ
368 1325 580 1387 πυλῶνι,
623 1329 711 1375 καὶ
742 1319 911 1383 ἡδέως
942 1322 1081 1392 αύτῷ
1108 1320 1585 1396 παραῤῥιπτεῖσθαι
1614 1318 1748 1367 κατά
1775 1318 1861 1365 τὸν

1989 1306 2250 1371 lasterio,
2302 1306 2406 1361 sed
2479 1308 2563 1362 sic
2643 1311 2977 1380 permansit
3058 1314 3297 1384 tugurio
3371 1316 3493 1373 ﬁxo
3567 1318 3629 1374 in

262 1394 544 1487 Προφήτην
576 1412 861 1485 ἀνεχομένη
874 1454 885 1465 .
1184 1394 1189 1395 ⁷
1250 1394 1259 1396 ἡ

1989 1394 2287 1487 vestibulo,
2342 1400 2395 1450 et
2437 1395 2687 1453 libenter
2737 1398 2801 1453 in
2868 1415 2939 1454 eo
2985 1400 3165 1472 abjici
3215 1402 3301 1474 (ut
3355 1404 3438 1462 ait
3499 1409 3629 1464 Pro-

1973 1483 2501 1556 pheta)suslinens.

342 1590 444 1646 IP'.
479 1594 540 1641 Τί
579 1584 638 1641 δε
667 1588 821 1639 πάλιν
855 1588 880 1638 6
921 1594 1032 1648 τοῖς
1063 1585 1277 1657 ἀγαθοῖς
1320 1584 1658 1656 ἀντικείμενος
1684 1598 1697 1647 ;
1728 1580 1866 1653 Ἀρα

2050 1572 2182 1627 ΧΙΙΙ.
2216 1572 2368 1638 Quid
2390 1578 2591 1629 autem
2622 1590 2829 1631 rursus
2856 1576 3157 1634 bonorum
3189 1580 3575 1640 adversarius
3602 1585 3629 1641 ?

266 1683 529 1740 τοιούτοις
602 1678 763 1735 αὐτὴν
841 1675 1214 1728 καθυποϐαλῶν
1308 1680 1639 1749 πειρασμοῖς,
1716 1676 1866 1742 κόρον

1989 1665 2149 1725 Num,
2210 1678 2348 1716 cum
2401 1678 2537 1717 eam
2586 1663 2646 1717 in
2698 1664 2844 1720 tales
2892 1666 3192 1737 injecisset
3257 1673 3629 1740 tentationes,

264 1772 400 1840 ἔσχε
460 1777 557 1819 τῶν
610 1765 928 1838 προσϐολῶν,
980 1770 1070 1816 καὶ
1132 1772 1299 1816 ταῦτα
1348 1768 1624 1833 νικώμενος
1658 1779 1670 1828 ;
1705 1762 1866 1830 Οὔμε-

1990 1750 2149 1805 illum
2181 1751 2335 1821 cepit
2377 1768 2508 1806 eam
2560 1752 2885 1809 invadendi
2942 1756 3206 1829 satietas,
3264 1759 3445 1832 idque
3494 1779 3630 1819 cum

260 1878 411 1922 νουν,
447 1857 551 1909 ἀλλ’
585 1856 667 1908 ἐπὶ
714 1864 830 1916 ταῖς
880 1854 1260 1929 προλαϐούσαις
1316 1858 1405 1904 καὶ
1454 1856 1647 1908 ταύτην
1698 1849 1869 1900 ἐπιτε-

1991 1838 2343 1894 vinceretur?
2371 1844 2782 1913 Nequaquam,
2818 1844 2923 1898 sed
2968 1852 3179 1914 praeter
3205 1864 3275 1903 ea
3303 1864 3435 1920 quas
3479 1866 3631 1921 prae-

265 1949 555 2018 χνάζεται.
607 1950 711 2003 Τὴν
754 1947 854 2017 γὰρ
897 1949 1100 2018 μορφὴν
1127 1951 1217 1994 τοῦ
1244 1939 1436 2016 ἀνδρὸς
1462 1941 1621 1999 αὐτῆς
1647 1935 1867 2008 ὑποδύς,

1991 1935 2299 1993 cesserant,
2342 1930 2457 1984 hoc
2486 1947 2728 2003 quoque
2767 1939 2853 1987 est
2878 1934 3275 1992 machinatus.
3302 1939 3438 2009 Ejus
3473 1942 3631 1998 enim

261 2042 358 2087 καὶ
416 2039 497 2087 ὑπ’
560 2035 678 2105 ὄψιν
731 2034 860 2105 αὐτῇ
915 2036 1191 2103 παραστὰς
1247 2029 1453 2104 δάκρυά
1502 2050 1555 2081 τε
1600 2028 1733 2101 ἀφίει
1776 2037 1875 2080 τῶν

1992 2018 2181 2073 mariti
2236 2017 2493 2074 formam
2574 2021 2927 2092 suscipiens,
2989 2028 3044 2077 et
3108 2024 3165 2078 in
3241 2038 3632 2100 conspectum

262 2125 537 2196 ὀφθαλμῶν
594 2130 681 2175 καὶ
731 2123 909 2194 λόγοις
953 2122 1147 2194 ἐχρῆτο
1218 2123 1290 2181 οἷς
1338 2120 1397 2171 ἂν
1453 2118 1579 2192 ἀνὴρ
1635 2122 1872 2170 σύνευνον

1991 2108 2114 2177 ejus
2146 2108 2410 2177 veniens,
2442 2108 2739 2179 lacrymas
2795 2111 3102 2167 emittebat
3130 2129 3201 2169 ex
3238 2116 3447 2182 oculis,
3480 2125 3537 2173 et
3558 2120 3631 2173 iis

262 2214 548 2285 φιλουμένη
601 2214 815 2283 ὑπάγων
859 2217 1129 2283 χρήσαιτο
1162 2228 1172 2239 °
1209 2218 1459 2282 φωστῆρα
1497 2209 1653 2280 λέγων
1684 2207 1867 2268 αὐτὴν,

1997 2196 2177 2251 verbis
2238 2196 2534 2261 utebatur,
2576 2199 2799 2270 quibus
2855 2216 2999 2255 usus
3040 2201 3213 2259 fuerit
3262 2205 3513 2261 maritus
3560 2207 3637 2263 ad

258 2301 589 2373 ἀγαλλὶαμοι,
623 2299 840 2366 ἡδονὴν,
889 2310 988 2352 τῶν
1020 2300 1292 2372 ὀφθαλμῶν
1345 2308 1468 2370 φῶς,
1529 2306 1627 2348 τῶν
1673 2293 1869 2347 ὀδυνῶν

1995 2285 2228 2341 :haram
2278 2301 2445 2339 suam
2500 2286 2792 2343 accedens
2843 2290 3185 2360 conjugem,
3238 2308 3373 2349 eam
3428 2294 3635 2351 dicens

259 2400 644 2465 παρηγόρημα,
703 2396 810 2454 καὶ,
847 2398 1020 2463 Δεῦρο,
1057 2395 1235 2461 φησὶν,
1288 2386 1326 2439 ὦ
1373 2393 1546 2461 κυρία,
1579 2390 1636 2438 τό
1668 2384 1751 2437 ἐπὶ
1785 2390 1868 2437 σοὶ

1995 2390 2155 2428 suum
2180 2373 2493 2439 luminare,
2519 2375 2999 2447 exsultationem,
3025 2379 3409 2452 voluptatem,
3441 2383 3635 2441 lucem

264 2479 366 2533 ὂιά
391 2484 650 2533 τοσούτων
694 2484 898 2553 χρόνων
944 2478 1162 2551 ἐπίσχες
1212 2497 1302 2550 μοι
1351 2479 1547 2542 πένθος,
1600 2480 1689 2526 καὶ
1742 2479 1866 2549 πρός

1997 2462 2310 2527 )culorum,
2354 2462 2629 2518 solatium
2673 2465 2968 2522 malorum
3013 2483 3028 2534 ;
3060 2474 3148 2523 et:
3181 2477 3321 2540 Age,
3355 2473 3569 2545 inquit,
3601 2489 3637 2530 ο

255 2576 349 2623 τὸν
406 2568 543 2623 ῖὸιον
597 2566 749 2630 αὖθις
812 2566 950 2621 οἷκον
999 2568 1282 2621 ἐπανελθεῖν
1337 2568 1726 2641 προθυμηθητι.
1780 2563 1889 2624 Ὠς

1996 2552 2245 2618 iomina,
2279 2552 2419 2606 siste
2452 2552 2599 2606 mihi
2627 2552 2854 2609 luctum
2884 2560 2965 2610 tot
2995 2572 3294 2614 annorum
3326 2566 3427 2616 tua
3452 2579 3636 2619 causa

262 2656 326 2711 δὲ
384 2659 547 2716 ἐκείνη
622 2663 707 2709 τόν
756 2653 927 2730 ἄνδρα
978 2654 1105 2709 εἶναι
1152 2664 1263 2717 ταῖς
1312 2655 1573 2715 ἀληθείαις
1623 2652 1863 2717 ύπελοιϐε,

1994 2646 2346 2711 susceptum,
2372 2645 2774 2712 promptaque
2828 2648 2885 2697 et
2928 2643 3110 2700 alacri
3147 2648 3350 2704 animo
3384 2650 3634 2707 domum

254 2752 511 2806 τοιαύτην
573 2745 734 2800 ἔδωκε
803 2752 898 2804 τὴν
956 2746 1251 2818 ἀπόκρισιν,
1307 2745 1368 2803 ἣν
1440 2744 1603 2819 ἐχρῆν
1680 2745 1868 2796 ἐκεῖνον

1995 2734 2286 2784 'evertere.
2348 2730 2493 2783 Cum
2548 2734 2750 2785 autem
2799 2731 2899 2787 illa
2939 2737 3168 2803 putaret
3231 2752 3438 2795 revera
3504 2756 3635 2797 esse

258 2838 509 2905 ἀκούσαι,
565 2838 609 2889 εἰ
656 2839 776 2908 ὅπερ
828 2836 1112 2894 ύπείληπτο
1149 2842 1295 2887 τοῦτο
1348 2831 1434 2899 ἧν,
1494 2840 1581 2885 καὶ
1628 2840 1698 2905 μὴ
1744 2836 1870 2905 φοίν-

1994 2819 2282 2883 maritum,
2313 2817 2371 2872 id
2402 2818 2565 2873 dedit
2602 2820 2893 2891 responsi,
2934 2823 3099 2893 quod
3143 2824 3307 2880 illum
3339 2831 3634 2899 oportuis-

258 2946 444 2997 τασμα
494 2931 551 2978 τὸ
600 2926 873 2999 ὁρώμενον.
914 2927 1044 2996 Ἐγὼ
1099 2933 1206 2985 τοῖς
1250 2932 1339 2975 του
1389 2929 1591 2994 κόσμου
1624 2930 1871 2996 ματαίοις

1996 2914 2067 2963 set
2094 2908 2322 2969 audire,
2347 2907 2396 2961 si
2416 2907 2477 2961 id
2507 2906 2719 2963 fuisset
2748 2909 2911 2979 quod
2943 2911 3283 2981 putabatur,
3317 2920 3372 2969 et
3401 2932 3524 2972 non
3554 2918 3636 2972 vi-

261 3015 647 3088 ἀποταξαμένη,
686 3011 955 3076 ἀδυνάτως
1003 3017 1111 3086 ἔχω
1158 3020 1262 3074 τοῖς
1308 3012 1500 3065 ἐκείνου
1541 3014 1692 3064 πάλιν
1738 3033 1871 3085 συμ-

1996 3014 2136 3061 sum,
2164 2996 2329 3068 quod
2356 2995 2738 3051 cernebatur:
2764 2996 2906 3067 Ego,
2939 2998 3279 3071 dicens,qui
3299 3006 3636 3062 renuntiavi

262 3107 521 3177 φύρεσθαι
572 3124 584 3135 ’
630 3115 735 3166 πῶς
769 3101 826 3156 δὲ
875 3109 962 3155 καὶ
1011 3110 1265 3155 συνοικεῖν
1313 3122 1397 3154 σοι
1454 3100 1902 3168 καταναιδεύσοογ

1995 3087 2147 3143 vanis
2173 3086 2352 3141 rebus
2384 3084 2563 3156 hujus
2595 3086 2825 3153 mundi,
2857 3103 2973 3143 non
2998 3104 3244 3159 possum
3275 3108 3480 3148 rursus
3498 3111 3635 3150 cum

261 3214 383 3262 μαι,
415 3196 443 3252 ἡ
480 3198 672 3252 ταύτην
721 3198 881 3266 μόνην
918 3196 1123 3264 ἔχουσα
1170 3200 1263 3253 τῆς
1318 3202 1482 3264 φυγῆς
1528 3192 1718 3255 αἰτίαν,
1783 3198 1874 3251 τὴν

1997 3176 2095 3231 .llis
2134 3173 2437 3244 congredi.
2474 3176 2791 3238 Quomodo
2831 3182 3030 3231 autem
3075 3182 3237 3234 tanta
3269 3186 3474 3251 potero
3506 3199 3637 3240 esse

261 3285 338 3345 εἰς
367 3287 422 3335 σε
452 3286 781 3356 πραχθεῖσάν
828 3304 915 3355 μοι
964 3282 1219 3355 ἁμαρτίαν
1253 3300 1264 3349 ;
1298 3287 1393 3334 Καὶ
1442 3285 1503 3341 ὡς
1546 3282 1614 3343 si;
1645 3288 1853 3353 μνήμην

1997 3265 2379 3337 impudentia,
2406 3270 2466 3318 ut
2483 3270 2676 3318 tecum
2698 3264 2985 3331 habitem,
3011 3266 3105 3321 cui
3128 3268 3256 3325 sola
3279 3269 3431 3343 fuga;
3453 3288 3637 3329 causa

258 3374 465 3426 ἐκείνων
548 3370 686 3438 ἦλθε,
747 3379 835 3424 καὶ
892 3375 985 3433 τὰς
1037 3380 1219 3445 χεῖρας
1275 3372 1343 3433 εἰς
1419 3375 1632 3443 οὐρανὸν
1688 3370 1873 3444 ἐπῆρε,

1996 3355 2095 3409 fuit
2120 3371 2156 3410 a
2186 3369 2281 3408 me
2322 3352 2547 3407 factum
2571 3352 2629 3405 in
2653 3358 2704 3408 te
2737 3356 3088 3423 peccatum?
3119 3359 3264 3412 Cum
3296 3367 3495 3415 autem
3538 3362 3636 3418 illa

259 3463 387 3520 ὅλην
454 3462 642 3519 ἑαυτὴν
705 3462 771 3521 εἰς
842 3462 999 3533 εὐχὴν
1055 3460 1312 3535 τρέψασα,
1373 3457 1433 3517 ἦν
1490 3460 1675 3511 ἐκεῖνον
1741 3457 1868 3511 ἰδεῖν

1994 3458 2191 3498 eorum
2248 3439 2575 3503 recordata,
2638 3456 2857 3496 manus
2887 3443 2947 3496 in
3006 3443 3224 3500 caelum
3283 3449 3634 3516 sustulisset,

262 3559 401 3624 φυγῇ
457 3557 744 3623 χρώμενον,
795 3528 1176 3622 καῖ’-μηδὲ.τό
1220 3555 1517 3621 πρόσχημα
1565 3557 1657 3611 τῆς
1701 3549 1867 3619 εύχῆς

1995 3548 2045 3586 se
2091 3536 2273 3585 totam
2324 3528 2403 3583 ad
2481 3542 2685 3598 preces
2742 3537 3109 3602 convertens,
3180 3534 3391 3591 licebat
3468 3537 3635 3594 illum

264 3638 551 3711 δυνάμενον
594 3641 886 3697 ὑποστῆναι
926 3654 937 3665 ·
976 3644 1065 3690 καὶ
1096 3644 1207 3690 τότε
1235 3642 1462 3709 ἔγνωστο
1494 3647 1552 3709 τῇ
1604 3640 1747 3709 ὁσία,
1782 3643 1861 3698 τίς

1996 3628 2185 3682 videre
2223 3626 2568 3694 fugientem,
2612 3630 2667 3679 et
2701 3640 2810 3679 nec
2848 3626 3146 3685 valentem
3186 3632 3433 3703 quidem
3489 3635 3636 3690 ferre

264 3731 292 3780 6
333 3728 642 3800 προσελθὼν,
676 3734 763 3779 καὶ
808 3729 836 3785 ἡ
867 3727 978 3779 κατ’
1024 3727 1185 3789 αὐτῆς
1237 3725 1448 3792 ἐκείνου,
1499 3727 1870 3798 πολυμήχανός

2000 3716 2246 3788 speciem
2290 3714 2599 3769 orationis.
2640 3715 2707 3769 Et
2750 3722 2886 3770 tunc
2927 3721 3201 3786 cognovit
3240 3727 3449 3778 sancta
3477 3723 3640 3794 quis-

271 3822 529 3875 συσκευή,
1985 3822 2129 3861 nam
2194 3805 2243 3858 is
2301 3807 2472 3866 esset,
2530 3804 2633 3874 qui
2691 3813 3041 3870 accesserat,
3092 3814 3149 3862 et
3203 3825 3386 3880 quam
3438 3817 3639 3868 essent

1986 3893 2336 3965 multiplices
2374 3891 2504 3962 ejus
2547 3891 2610 3947 in
2648 3890 2816 3948 illam
2865 3892 3120 3962 insidiae,
3162 3902 3217 3953 et
3245 3913 3431 3969 quam
3474 3900 3638 3957 varia

1986 3981 2376 4040 machinatio.

350 4081 443 4135 IA'.
477 4081 689 4134 Ἀλλοτε
721 4078 779 4133 δὲ
810 4082 962 4134 πάλιν
1002 4084 1067 4133 τὰ
1112 4083 1273 4155 θηρία
1299 4084 1428 4155 ὁμοῦ
1458 4084 1644 4149 πάντα,
1689 4084 1790 4135 ὅσα
1826 4103 1877 4135 τε

2057 4083 2187 4138 XIV.
2244 4083 2463 4135 Rursus
2516 4083 2716 4135 autem
2776 4079 3103 4153 aliquando
3174 4099 3384 4141 omnes
3455 4086 3632 4144 simul

271 4172 544 4224 θάλασσαν
572 4177 662 4222 καὶ
712 4174 812 4223 ὅσα
863 4179 961 4242 γῆν
1018 4179 1265 4237 κατοικεῖ,
1323 4169 1492 4224 ἐδόκει
1545 4173 1659 4224 κατ’
1714 4175 1877 4236 αὐτῆς

1995 4173 2211 4238 bestiae,
2266 4176 2388 4224 tam
2420 4185 2555 4240 quas
2580 4168 2859 4225 habitant
2888 4170 2948 4225 in
2988 4172 3158 4237 mari,
3195 4190 3380 4245 quam
3419 4192 3546 4248 quae
3576 4177 3635 4233 in

268 4262 467 4313 ἐπιέναι
502 4280 514 4292 ·
546 4266 603 4312 τό
637 4259 694 4313 δὲ
748 4260 853 4331 ούχ
902 4261 1060 4321 οὕτως
1103 4262 1185 4327 ἧν,
1240 4261 1347 4312 ἀλλ’
1392 4262 1525 4314 αύτά
1563 4270 1656 4324 τῆς
1688 4269 1874 4325 κακίας

1990 4270 2159 4332 terra,
2209 4258 2567 4314 videbantur
2618 4274 2751 4314 eam
2803 4260 3124 4326 invadere;
3184 4278 3390 4321 revera
3430 4271 3630 4322 autem

269 4355 408 4423 φημὶ
464 4353 528 4402 τὰ
584 4353 869 4421 πνεύματα,
933 4355 1023 4407 τὴν
1079 4350 1279 4402 ἐκείνων
1338 4352 1688 4424 ύποκριθέντα
1744 4373 1873 4429 μορ-

1992 4365 2105 4403 non
2142 4348 2221 4401 ita
2259 4349 2400 4408 erat,
2435 4343 2540 4398 sed
2573 4348 2742 4399 erant
2781 4344 3022 4415 spiritus
3072 4347 3334 4411 malitiae.
3377 4351 3480 4423 qui
3520 4352 3632 4408 for-

269 4447 391 4511 φῆν.
426 4438 725 4513 Ἀνθρωπος
765 4436 822 4489 δὲ
876 4442 1076 4498 τούτοις
1121 4438 1508 4512 ἐπιφαινόμενος
1562 4438 1875 4514 ὶπιδραμεῑν

1994 4453 2148 4492 mam
2183 4435 2419 4489 illorum
2452 4432 2789 4487 induerant.
2845 4433 2987 4488 Post
3016 4435 3147 4490 haec
3200 4443 3399 4493 autem
3452 4440 3634 4497 homo

266 4537 335 4601 τῇ
382 4531 524 4601 ὁσία,
558 4534 645 4580 καὶ
693 4536 1009 4601 καταφαγεῖν
1050 4532 1239 4587 ταύτην
1278 4529 1604 4596 ἐνεκελεύετο,
1666 4534 1871 4589 Ἐκείνη

1993 4540 2305 4598 apparens,
2332 4522 2539 4592 jussus
2566 4525 2654 4576 est
2674 4520 2751 4575 ad
2772 4526 3043 4577 sanctam
3066 4540 3394 4591 accurrere,
3419 4534 3474 4584 et
3498 4546 3633 4586 eam

269 4616 334 4671 δὲ
362 4622 429 4678 ὡς
464 4617 601 4689 ὅπλῳ
644 4625 715 4687 τῷ
765 4626 1020 4689 Δαυῐτικῷ
1060 4620 1263 4691 ᾅσματι
1292 4625 1630 4693 χρησαμένη,
1666 4624 1729 4680 ῶς
1775 4626 1872 4693 μό-

1991 4617 2291 4670 devorare.
2324 4612 2424 4665 Illa
2455 4625 2593 4664 vero
2625 4614 2916 4683 tanquam
2945 4615 3125 4668 armis
3155 4613 3438 4673 Davidico
3462 4625 3631 4675 utens

266 4726 356 4759 νον
413 4710 526 4779 ἔφη,
593 4708 954 4770 Κυκλῶσαντες
1012 4707 1307 4760 ἐκύκλωσάν
1356 4728 1436 4781 με,
1497 4715 1586 4761 καὶ
1642 4718 1713 4780 τῷ
1766 4711 1875 4763 ὀνό-

1994 4704 2232 4767 :antico,
2267 4703 2588 4773 postquam
2634 4699 2827 4754 solum
2874 4700 3021 4755 dixit
3067 4720 3079 4760 :
3123 4723 3149 4753 «
3192 4702 3634 4765 Circumdantes

268 4816 403 4870 ματι
461 4801 652 4870 Κυρίου
708 4798 985 4868 ἠμυνάμην
1040 4797 1230 4859 αύτούς
1278 4815 1289 4826 ⁴
1339 4798 1488 4861 εὐθύς
1525 4799 1596 4859 εἰς
1646 4798 1770 4872 ἀέρα
1816 4805 1871 4852 τό

1990 4791 2502 4848 circumdederunt
2531 4803 2645 4854 me,
2679 4793 2735 4842 et
2765 4790 3006 4844 nomine
3042 4790 3276 4847 Domini
3310 4796 3462 4850 ultus
3496 4815 3630 4854 sum

272 4890 555 4959 φάντασμα
601 4885 828 4938 διελύετο
872 4901 884 4915 ’
936 4886 1211 4960 προϐάλλει
1260 4892 1348 4938 καὶ
1397 4887 1568 4962 ἑτέραν
1610 4897 1791 4962 πεῖραν
1845 4893 1870 4942 ό

1993 4882 2131 4947 eos',
2182 4900 2209 4931 »
2251 4881 2445 4933 visum
2494 4880 2691 4931 statim
2738 4878 3004 4933 evanuit.
3072 4880 3287 4950 Ohjicit
3332 4885 3633 4954 malignus

275 4982 531 5047 [Ιονηρός.
596 4975 754 5027 Ιιάλιν
818 4979 917 5049 γὰρ
1007 4980 1229 5047 στρατός
1282 4979 1408 5049 αὐτῇ
1469 4979 1871 5050 πολυάνθρωπος

1997 4972 2159 5027 iliam
2191 4982 2433 5041 quoque
2470 4965 2872 5021 tentationem.
2909 4968 3132 5021 Rursus
3161 4971 3318 5024 enim
3360 4974 3637 5030 cerneba-

269 5068 590 5137 καθεωρᾶτο,
629 5070 717 5114 καὶ
766 5066 790 5114 6
848 5066 1028 5137 ἄρχων
1078 5069 1293 5130 τούτων,
1353 5070 1484 5138 μετά
1533 5068 1720 5120 πολλοι)
1778 5078 1869 5121 τού

1994 5078 2075 5116 :ur
2107 5061 2184 5115 ab
2215 5076 2283 5113 ea
2332 5057 2540 5124 ingens
2581 5055 2889 5110 exercitus.
2928 5057 3064 5127 Ejus
3113 5066 3304 5113 autem
3357 5061 3634 5134 princeps

268 5154 525 5221 πλήθους,
579 5152 807 5227 σοϐαρῶς
846 5160 1186 5227 πορευόμενος
1224 5176 1234 5187 ·
1355 5162 1443 5208 καὶ
1501 5163 1592 5215 τὴν
1641 5162 1869 5229 προσκύ-

1994 5168 2119 5208 :um
2148 5163 2370 5217 magna
2403 5145 2777 5199 multitudine
2810 5147 3066 5216 superbe
3095 5147 3427 5217 incedebat,
3456 5167 3634 5223 quem

266 5262 422 5301 νησιν
480 5243 747 5312 ἀπονέμειν
790 5244 838 5293 οὶ
890 5243 1299 5317 λειτουργοῦντες
1340 5244 1629 5301 ἐπέταττον.
1692 5248 1863 5310 Αὐτῆς

1996 5241 2223 5316 ιυὶόθω
2256 5244 2315 5291 ut
2342 5235 2639 5299 adoraret,
2668 5234 2956 5303 jubebant
3001 5236 3129 5305 ejus
3177 5236 3449 5294 ministri.
3491 5240 3636 5297 Cum

266 5328 330 5383 δὲ
360 5335 487 5384 Θεὸν
534 5337 686 5403 μόνον
732 5330 973 5392 εἰπούσης
1006 5329 1113 5385 δεῖν
1161 5341 1488 5406 προσκυνεῖν,
1540 5336 1742 5407 πληγὰς
1794 5337 1865 5389 ἐν·

2003 5347 2113 5403 psa
2143 5332 2341 5383 autem
2372 5321 2621 5377 dixisset
2653 5324 2838 5378 Deum
2861 5322 3056 5378 solum
3080 5340 3207 5381 esse
3230 5326 3638 5402 adorandum,

263 5428 429 5475 τεῖναι
474 5423 638 5495 ταύτῃ
695 5421 720 5471 ὁ
770 5417 925 5481 δῆθεν
965 5424 1148 5498 ἄρχων
1196 5420 1530 5491 διεκελεύετο,
1576 5430 1664 5478 καὶ
1706 5431 1762 5478 τὸ
1789 5447 1865 5480 κεο

2009 5420 2152 5477 ussit
2199 5416 2479 5489 princeps
2525 5411 2577 5466 ei
2640 5410 2852 5484 plagas
2918 5410 3128 5483 inﬂigi.
3189 5416 3255 5473 Et
3302 5417 3507 5488 jussus
3563 5421 3638 5478 ad

341 5601 362 5636 ³
391 5599 543 5656 Psal.
572 5615 812 5665 Lxxxui,
848 5600 932 5655 11.

668 5705 907 5764 Pas-non.
949 5708 1053 5765 Gn.
1097 5705 1260 5765 CXV.
3293 5705 3360 5757 22
