4154 6192
497 245 601 301 683
1812 234 2072 295 MENSIS
2109 238 2137 293 ε

2223 226 2558 292 ³ΤΕΜΒΕΒ.
3759 230 3863 293 684

496 369 770 426 effectum
819 371 907 423 est
963 366 1273 422 deductus.
1327 366 1388 421 ld
1446 366 1605 421 enim
1652 365 2045 422 declarabant
2097 370 2136 420 et

2262 363 2472 415 λευσθεν
2514 364 2660 437 ἔργον
2692 359 2753 421 ἧν
2790 378 2804 393 ο
2831 357 3051 420 ἐδηλουν
3076 363 3177 433 γὰρ
3212 364 3267 412 αἶ
3322 380 3373 413 τε
3399 360 3598 431 πληγαὶ
3628 367 3879 434 φαινόμε-

495 458 710 531 plagas,
749 472 883 528 quae
930 455 1322 527 apparebant,
1357 459 1411 509 et
1442 453 1571 525 ipsa
1610 456 1737 509 visa
1785 460 2023 509 mortua
2060 454 2135 519 iis,

2260 471 2363 517 ναι,
2424 457 2513 503 καὶ
2571 452 2700 509 αύτὴ
2748 453 2901 525 νεκρά
2940 447 3145 512 δόξασα
3196 457 3300 513 τοῖς
3357 453 3699 522 ,θεασαμένοις
3745 460 3878 503 ν’ποι-

497 548 600 621 Qui
668 550 1049 617 aspexerant.
1127 544 1389 598 Fuerunt
1454 550 1653 599 autem
1726 543 1787 598 hi
1858 550 2128 616 pastores

2260 545 2401 611 μένες
2435 537 2491 593 δὲ
2526 537 2657 598 ἦσαν
2689 541 2877 610 οὗτοι),
2928 539 2975 591 οἳ
3007 545 3095 590 καὶ
3145 539 3193 590 ἐν
3251 548 3312 612 τῇ
3366 548 3493 612 μονῇ
3550 540 3875 607 ἀπελθόντες,

497 637 599 710 qui
627 636 856 690 iverunt
902 634 960 690 in
1003 633 1458 696 monasterium,
1500 640 1554 688 et
1585 633 1861 688 dixerunt
1889 632 2137 687 Theodot

2262 626 2400 680 εἷπον
2459 631 2539 681 ὅτι
2597 632 2833 687 τεθνήκοι
2882 626 3172 702 Θεόδωρος,
3215 634 3303 680 καὶ
3357 632 3425 689 ὡς
3486 628 3651 702 ἐχρῆν
3693 637 3878 682 τοῦτον

496 742 630 782 rum
676 741 805 780 esse
848 730 1175 785 mortuum,
1222 727 1278 776 et
1328 728 1597 793 oportere
1668 738 1806 776 eum
1867 720 2136 776 mandari

2264 716 2485 779 ἀξιῶσαι
2523 728 2699 790 ταφῆς.
2757 718 2889 771 Ἀλλ’
2939 720 2969 775 ἡ
3030 722 3266 791 μακαρία
3315 723 3428 790 περὶ
3473 723 3639 790 μέσας
3685 722 3880 781 νύκτας

500 814 840 886 sepulturae.
876 812 991 867 Sed
1022 812 1197 866 beata
1228 810 1342 875 illa,
1385 828 1521 865 cum
1554 811 1751 865 media
1788 816 1959 865 nocte
1986 809 2061 865 ad
2091 825 2140 865 se

2264 806 2625 859 ἀνανενευκυῖα
2686 809 2842 879 ἑαυτῇ
2916 808 3167 879 ἐπέγραψε
3243 811 3334 864 τὴν
3406 807 3598 873 αἰτίαν,
3669 814 3757 859 καὶ
3819 813 3876 860 τό

494 904 782 967 rediisset,
816 902 927 955 sibi
952 899 1290 956 ascribebat
1319 916 1591 965 causam,
1620 906 1671 954 et
1715 899 1773 953 id
1806 900 1963 970 quod
1997 898 2134 953 acci-

2266 896 2470 966 συμϐὰν
2517 896 2655 968 ἔλεγε
2700 904 2789 948 τοῦ
2845 896 3034 947 οἰκείου
3095 896 3396 967 σφάλματος
3426 894 3555 948 εἶναι
3599 893 3874 952 παιδείαν.

496 992 683 1056 derat,
724 990 957 1045 dicebat
994 1006 1125 1045 esse
1176 990 1266 1043 sui
1312 988 1505 1044 delicti
1556 988 1959 1060 disciplinam.
2003 988 2136 1042 Cum

2263 986 2332 1039 T6
2390 994 2511 1057 γοῦν
2566 986 2703 1056 ὅπλῳ
2754 996 2843 1045 τῆς
2902 985 3069 1055 εὐχῆς
3122 985 3309 1043 ἑαυτὴν
3356 985 3721 1059 περιφράξασα
3769 989 3872 1039 ἐκε⁴

498 1098 559 1137 se
590 1096 731 1153 ergo
762 1079 1071 1134 muniisset
1115 1077 1299 1133 armis
1340 1078 1646 1143 orationis,
1693 1078 1855 1148 petiit
1880 1075 2138 1132 inducias

2263 1079 2471 1148 χειρίαν
2516 1078 2629 1146 ᾔτει
2678 1082 2775 1125 τῶν
2827 1082 3154 1147 πειρασμῶν,
3197 1077 3287 1125 Θεέ
3335 1092 3457 1144 μου,
3504 1073 3749 1144 λέγουσα,
3787 1081 3879 1126 καὶ

496 1170 931 1227 tentationum:
982 1169 1024 1223 Ο
1062 1170 1209 1221 Deus
1235 1182 1423 1232 meus,
1466 1166 1692 1229 dicens,
1743 1168 1988 1221 Domine
2022 1165 2136 1220 uni-

2264 1169 2501 1215 Δέσποτα
2548 1171 2638 1215 τοῦ
2695 1166 2903 1228 παντὸς,
2958 1164 3120 1237 ῥῦσαί
3171 1182 3233 1235 με
3284 1171 3380 1224 τῆς
3458 1161 3733 1233 ἐπαγωγῆς
3782 1170 3878 1214 τοῦ

501 1260 677 1319 versi,
722 1258 937 1313 oblitus
980 1257 1096 1311 mei
1147 1254 1389 1327 peccati,
1438 1255 1621 1310 libera
1668 1271 1759 1310 me
1804 1255 1881 1309 ab
1933 1254 2141 1309 insultu

2262 1260 2334 1322 τῷ
2394 1262 2469 1323 σῷ
2520 1253 2791 1325 πλάσματι
2852 1249 3248 1324 διαφθονοῦντος
3319 1254 3535 1325 ἐχθροῦ,
3600 1260 3693 1314 τῆς
3747 1252 3876 1324 ἐμῆς

498 1348 744 1412 inimici,
772 1348 875 1419 qui
908 1354 1006 1401 tuo
1029 1346 1250 1401 invidet
1276 1344 1584 1414 ﬁgmento.
1623 1346 1766 1400 Cum
1790 1361 1922 1399 eam
1955 1350 2138 1399 auten:

2264 1341 2631 1414 ἐπιλαθόμενος
2687 1342 2962 1415 ἁμαρτίας.
3020 1342 3322 1413 Εῦχομένην
3386 1338 3444 1393 δε
3504 1344 3551 1392 οἱ
3604 1340 3705 1393 ἐκεῖ
3757 1362 3877 1394 ποι-

499 1441 840 1510 precantem
874 1435 1173 1499 vidissent,
1208 1434 1309 1506 qui
1336 1433 1445 1488 illic
1473 1438 1640 1489 erant
1686 1438 1974 1505 pastores,
2017 1447 2139 1504 qua

2265 1435 2424 1503 μένες,
2480 1428 2675 1493 ἰδόντες
2721 1436 2814 1489 τὴν
2865 1435 2963 1504 πρὸ
3033 1439 3221 1504 μικροῦ
3296 1434 3476 1505 νεκρὰν
3554 1430 3727 1491 αὐτοῖς
3784 1449 3871 1482 νο-

499 1526 578 1584 ab
619 1526 701 1581 eis
731 1524 908 1597 paulo
940 1530 1076 1580 ante
1099 1523 1225 1579 visa
1252 1528 1377 1579 erat
1407 1512 1662 1588 mortua,
1701 1524 1888 1577 Deum
1907 1521 2139 1592 quidem

2265 1523 2564 1592 μισθεῖσαν,
2620 1529 2691 1591 τῷ
2741 1524 2830 1593 μεν
2875 1528 2989 1592 Θεῷ
3034 1517 3191 1583 δόξαν
3243 1518 3496 1592 ἀνέφερον,
3532 1527 3642 1580 τοῖς
3693 1515 3751 1572 δε
3782 1526 3878 1579 τῆς

497 1616 837 1681 laudarunt,
925 1612 1234 1668 monachis
1314 1616 1537 1677 autem,
1603 1610 1761 1684 quod
1855 1610 2137 1665 revixisse

1855 1610 2157 1665 revixisset
2265 1617 2424 1681 μονῆς
2456 1613 2525 1671 ὡς
2548 1609 2849 1662 ἀναστᾶσαν
2878 1609 3030 1661 πάλιν
3054 1609 3473 1681 εὐηγγελίζοντο.

500 1704 906 1763 annuntiarun
919 1708 955 1758 t.
2192 1699 2236 1756 Β

575 1796 680 1849 XV.
731 1793 942 1849 Statuit
1002 1808 1141 1848 vero
1193 1790 1504 1862 prrefectus
1575 1789 1915 1844 monasterii
1966 1788 2156 1845 infan-

2340 1787 2437 1842 IE'.
2484 1788 2687 1859 Ἕκρινε
2722 1784 2780 1840 δε
2823 1794 2913 1839 καὶ
2954 1789 2979 1840 ὀ
3036 1796 3132 1850 τῆς
3181 1796 3338 1860 μονῆς
3392 1788 3756 1858 ἐξηγούμενος,
3816 1790 3875 1838 τό

502 1890 620 1941 tem
672 1883 949 1953 recipere,
1013 1887 1297 1952 reputans
1360 1895 1547 1951 quam
1600 1879 1887 1933 diuturna
1953 1878 2142 1934 fuisse:

2264 1876 2478 1930 παιδίον
2528 1876 2797 1930 ἀναλαϐεῖν
2840 1878 3207 1951 ἀναμετρήσας
3247 1879 3344 1935 ὅση
3393 1882 3480 1929 xui
3512 1879 3651 1938 ὅπως
3680 1880 3879 1950 χρονία

502 1977 723 2029 sanctas
772 1970 1030 2027 afﬂictio.
1076 1972 1199 2025 Non
1244 1968 1403 2023 enim
1454 1984 1583 2022 eam
1628 1982 1808 2038 parva
1858 1966 2142 2023 afﬁciebat

2265 1977 2360 2029 τῆς
2418 1968 2568 2028 ὁσίας
2625 1969 2653 2025 ἡ
2710 1968 3053 2031 κακοπάθεια,
3124 1972 3213 2018 καὶ
3262 1975 3414 2018 τοῦτο
3469 1973 3647 2039 χαρᾶς
3712 1965 3880 2029 κύει-ἦς

503 2061 774 2119 molestia
812 2075 1019 2114 errans
1046 2072 1194 2129 puer
1225 2073 1328 2127 per
1368 2072 1587 2128 aspera
1619 2055 1749 2111 loca
1796 2055 2143 2111 solitudinis.

2268 2058 2458 2114 ἔπλησε
2504 2062 2596 2107 τήν
2644 2056 2850 2127 ψυχήν.
2925 2055 3000 2107 Ού
3055 2059 3155 2128 γὰρ
3225 2063 3428 2129 μικροῖς
3481 2056 3640 2113 αύτήν
3702 2054 3880 2108 ἐλύπει

504 2151 617 2208 Sed
648 2164 721 2204 ne
775 2150 857 2202 sic
913 2146 1161 2218 quidem
1194 2145 1622 2200 destitithostis
1664 2160 1798 2199 eam
1852 2144 2144 2213 invadere,

2271 2153 2377 2206 τοῖς
2416 2149 2643 2219 τραχέσι
2696 2153 2790 2206 τῆς
2843 2146 3035 2219 ἐρήμου
3076 2144 3543 2219 περιπλανώμενον,
3599 2144 3706 2196 ἀλλ’
3749 2141 3880 2198 οὐδε

504 2239 619 2293 Deo
669 2238 751 2291 sic
809 2235 1201 2306 permittente,
1252 2234 1331 2287 uti
1375 2248 1445 2289 ea
1502 2232 1614 2287 sibi
1648 2232 1847 2304 plures
1906 2250 2144 2291 coronas

2268 2234 2426 2295 οὕτως
2474 2234 2729 2306 ἀφίστατο
2776 2244 2872 2293 τῆς
2910 2233 3207 2309 προσϐολῆς
3256 2235 3279 2286 ό
3325 2234 3581 2305 πολέμιος,
3614 2241 3705 2285 τοῦ
3741 2241 3882 2288 Θεοῦ

503 2329 856 2382 contexeret.
885 2323 945 2378 Ei
973 2323 1132 2378 enim
1156 2338 1357 2377 rursus
1388 2322 1587 2378 visum
1622 2329 1709 2377 est
1738 2339 1951 2379 aurum
1987 2324 2143 2379 hum:

2268 2331 2420 2375 τοῦτο
2459 2330 2925 2396 παραχωροῦντος,
2982 2324 3063 2374 ἵνα
3108 2326 3197 2374 καὶ
3244 2322 3479 2384 πλείονας
3526 2322 3655 2395 αύτῇ
3713 2322 3876 2395 πλέξη

503 2415 858 2487 projectum.
908 2411 1121 2467 Aderat
1169 2417 1366 2466 autem
1400 2427 1621 2483 magna
1662 2411 1919 2467 virorum
1966 2413 2143 2469 multi

2268 2416 2383 2472 τοὺς
2418 2414 2716 2483 στεφάνους.
2767 2411 2992 2483 Ἑωρᾶτο
3039 2415 3141 2484 γὰρ
3189 2412 3319 2484 αὐτῇ
3377 2416 3604 2483 χρυσίον
3636 2410 3880 2485 ἐρριμμέ-

504 2502 671 2568 tudo,
700 2518 834 2573 quae
864 2500 1006 2554 illud
1034 2497 1368 2569 colligebat.
1404 2499 1463 2552 Id
1496 2515 1633 2554 vero
1666 2515 1785 2555 non
1818 2505 1941 2555 erat
1972 2500 2144 2568 aliud,

2267 2522 2349 2553 νον
2410 2502 2480 2564 εἰς
2537 2510 2657 2573 γῆν,
2714 2502 2907 2562 πλῆθός
2960 2520 3011 2553 τε
3054 2509 3298 2576 παρῆσαν
3354 2498 3555 2575 ἀνδρῶν
3618 2501 3665 2553 οἳ
3718 2507 3879 2552 τοῦτο

505 2608 690 2665 quam
722 2590 869 2645 visio
901 2588 1113 2645 inanis.
1150 2590 1296 2643 Nam
1334 2593 1395 2643 ut
1442 2604 1574 2643 eam
1620 2588 1811 2643 solum
1843 2590 2145 2661 deciperet,

2271 2586 2477 2662 σπουδῇ
2517 2590 2805 2661 συνέλεγον.
2846 2594 2915 2642 T6
2967 2586 3024 2642 δὲ
3075 2586 3223 2642 οὐδὲν
3273 2591 3439 2662 ἕτερον
3486 2587 3545 2649 ἦν
3592 2591 3621 2648 ἣ
3678 2608 3882 2661 φαντα-

505 2687 561 2737 et
587 2686 647 2736 ut
672 2695 887 2736 aurum
918 2682 1144 2734 amaret
1176 2677 1452 2740 efﬁceret,
1477 2676 1529 2731 id
1565 2683 1752 2733 totum
1786 2686 1909 2733 erat
1937 2681 2145 2735 machi-

2270 2686 2362 2731 σία
2401 2685 2535 2737 κενή.
2585 2678 2695 2731 Ἰνα
2736 2682 2836 2752 γὰρ
2884 2677 3139 2751 ἀπατηση
3195 2684 3369 2751 μόνον,
3426 2684 3515 2730 καὶ
3563 2681 3631 2740 ὡς
3672 2682 3878 2752 ἄρώσαν

507 2777 699 2825 natus.
762 2767 891 2823 Non
933 2767 1100 2822 multi
1145 2767 1270 2821 dies
1308 2767 1729 2838 praeterieram,
1770 2773 1825 2822 et
1869 2769 1920 2822 ei
1953 2784 2147 2823 rursus

2271 2766 2415 2839 δείξῃ
2456 2776 2688 2841 χρυσοῦ,
2726 2772 2784 2819 1'6
2827 2774 2926 2819 πᾶν
2964 2768 3338 2840 ἐσκαιώρησεν.
3389 2768 3463 2820 Ού
3516 2767 3699 2820 πολλαὶ
3739 2787 3880 2840 παρ-

505 2858 632 2914 visa
661 2862 749 2913 est
780 2856 995 2913 adesse
1028 2872 1335 2912 servorum
1366 2855 1701 2921 multitudo,
1736 2857 1789 2911 ei
1833 2857 1892 2911 in
1941 2873 2145 2913 manus

2269 2859 2423 2917 ἦλθον
2501 2860 2708 2931 ἡμέραι,
2786 2864 2875 2909 καὶ
2949 2857 3100 2909 πάλιν
3176 2858 3382 2910 οἰκετῶν
3459 2858 3587 2929 αὐτῇ
3674 2857 3882 2919 πλῆθος

505 2947 867 3003 tradentium
913 2945 1170 3000 obsonia
1202 2944 1364 2999 varie
1404 2944 1643 2999 condita
1685 2960 1819 3016 quae
1874 2945 1923 2999 ei
1961 2945 2109 3000 dixit
2144 2970 2145 3002 ;

2271 2949 2415 3017 ἐῴκει
2461 2948 2847 3018 παρίστασθαι,
2894 2945 2997 3016 όψα
3037 2953 3287 3019 φερόντων
3346 2946 3427 2998 ἐπὶ
3471 2954 3658 3020 χεῖρας
3700 2953 3879 2999 ποικί-

509 3037 619 3101 Qui
659 3034 765 3090 tibi
795 3034 1006 3105 plagas
1034 3034 1337 3103 imposuit,
1392 3032 1483 3087 his
1525 3038 1579 3087 te
1627 3032 1812 3088 donat
1862 3034 2149 3092 obsoniis.

2270 3035 2363 3095 λως
2395 3034 2769 3107 ἐσκευασμένα,
2829 3040 2917 3087 καὶ
2965 3034 3022 3087 Ὁ
3073 3037 3164 3097 τὰς
3212 3036 3418 3107 πληγάς
3464 3055 3545 3088 σοι
3595 3035 3881 3107 ἐπενεγκὼν

510 3127 652 3190 Quas
691 3122 931 3194 quidem
973 3121 1031 3175 in
1080 3120 1244 3189 nihil,
1287 3123 1439 3175 sicut
1468 3124 1653 3186 erant,
1687 3121 1979 3188 dissolvit,
2023 3141 2150 3180 cum

2271 3126 2472 3195 ἄρχων,
2520 3130 2670 3196 φησὶ,
2724 3127 2925 3186 τούτοις
2978 3143 3033 3176 σε
3066 3121 3347 3191 δεξιοῦται,
3400 3124 3433 3176 ἃ
3474 3129 3562 3177 καὶ
3609 3125 3677 3187 εἰς
3718 3122 3878 3178 ούδεν

512 3230 575 3267 se
598 3213 893 3281 signasset
922 3210 1051 3265 luce
1076 3208 1263 3263 vultus
1312 3209 1559 3263 Domini.
1600 3212 1745 3266 Cum
1791 3227 1857 3266 ex
1895 3212 1987 3267 his
2025 3229 2152 3269 eam

2272 3216 2442 3288 ὥσπερ
2490 3210 2622 3271 ἦσαν
2655 3210 2881 3279 διέλυσε,
2933 3222 3004 3285 τῷ
3045 3220 3172 3285 φωτὶ
3220 3223 3311 3266 τοῦ
3354 3221 3637 3287 προσώπου
3686 3219 3875 3289 κυρίου

511 3301 752 3355 vidisset
778 3299 1058 3354 invictam
1102 3299 1149 3352 is
1212 3298 1315 3370 qui
1364 3297 1626 3353 minatus
1654 3303 1784 3354 erat
1838 3317 1900 3355 se
1949 3307 2151 3371 terram

2275 3310 2621 3375 σημειώσασα
2660 3302 2872 3360 ἑαυτήν,
2923 3303 3050 3356 Ἀπὸ
3107 3306 3299 3355 τούτων
3340 3308 3397 3356 τό
3446 3305 3657 3375 ἄμαχον
3714 3303 3880 3365 αὐτῆς

511 3394 566 3446 et
595 3405 755 3445 mare
786 3404 915 3443 esse
958 3387 1315 3451 deletorum,
1363 3402 1622 3458 cumque
1654 3404 1723 3443 ex
1764 3388 1941 3456 bello,
1997 3393 2151 3462 quod

2274 3388 2400 3442 ἰδὼν
2452 3396 2539 3443 καὶ
2611 3390 2884 3457 ἀήττητον,
2942 3394 2966 3442 6
3001 3401 3099 3462 γῆν
3146 3397 3234 3443 καὶ
3294 3393 3561 3445 θάλασσαν
3615 3392 3877 3464 ἐξαλείφειν

511 3478 802 3534 adversus
855 3493 987 3531 eam
1050 3482 1334 3545 gesserat,
1381 3475 1609 3548 pudore
1672 3484 1830 3533 esset
1886 3477 2151 3546 affectusl

2272 3480 2581 3545 ἠπειληκὼς,
2607 3488 2702 3532 τοῦ
2732 3484 2856 3553 πρὸς
2878 3481 3035 3539 αὐτὴν
3062 3480 3285 3552 πολέμου
3317 3481 3582 3553 αἰσχύνην
3615 3481 3876 3553 όφλὰσας,

512 3567 713 3622 statuit
743 3565 1064 3620 discedere.

2274 3569 2565 3628 ἀποστῆναι
2592 3568 2855 3640 διέγνωκε.

583 3658 715 3713 XVI.
774 3656 919 3710 Cum
993 3658 1192 3711 autem
1239 3661 1458 3725 septem
1532 3656 1673 3711 anni
1716 3657 2159 3728 praeteriissent,

2345 3658 2439 3719 Ic'.
2475 3666 2583 3711 Τῶν
2616 3658 2744 3710 ἐπτά
2790 3656 2847 3711 δε
2907 3656 3283 3730 διαγεγονότων
3333 3659 3475 3731 ἐτῶν,
3524 3663 3572 3713 οἰ
3611 3668 3699 3721 τῆς
3744 3660 3878 3713 λαύο

510 3745 788 3801 monachi
814 3744 1029 3799 laureae
1058 3742 1197 3798 noni
1232 3742 1597 3809 monasterii,
1640 3745 1745 3816 qui
1778 3746 1918 3801 illati
1971 3751 2150 3820 stupri

2270 3769 2361 3821 ρας
2406 3756 2495 3800 τοῦ
2541 3746 2718 3800 ἐνάτου
2774 3751 3079 3820 μονάζοντες
3125 3749 3172 3801 οἳ
3219 3753 3307 3800 καὶ
3363 3754 3454 3807 τὴν
3504 3759 3598 3811 τῆς
3638 3756 3878 3825 πορνείας

509 3850 641 3891 eam
675 3837 1121 3895 accusaverant,
1140 3848 1274 3887 eam
1299 3848 1425 3886 esse
1459 3832 1767 3888 mulierem
1795 3836 2149 3906 ignorantes1

2268 3842 2472 3912 γραφὴν
2528 3836 2809 3910 προσῆψαν
2873 3846 2932 3909 τῇ
3015 3842 3269 3910 μακαρίᾳ,
3345 3842 3400 3890 τὸ
3470 3845 3694 3909 γυναῖκα
3742 3835 3877 3890 εἶναι

508 3940 644 3980 cum
676 3920 957 3977 omnibus
989 3920 1285 3991 supplices
1326 3926 1531 3991 petunt
1558 3938 1593 3976 a
1643 3922 1917 3992 praefecto
1950 3942 2148 3981 mona-

2270 3929 2461 3983 ταύτην
2519 3929 2647 3997 μετά
2730 3929 2932 3978 πάντων
3008 3926 3341 3996 ἠγνοηκότες,
3424 3928 3587 3979 ἱκέται
3638 3932 3878 3998 γίνονται

508 4012 689 4080 sterii,
732 4017 793 4065 ut
830 4011 889 4064 in
929 4025 1046 4081 quo
1070 4008 1201 4063 loco
1234 4025 1303 4063 ea
1347 4010 1509 4080 prius
1544 4024 1605 4063 se
1637 4014 1968 4081 exercebat,
2024 4030 2148 4070 eam

2268 4024 2360 4066 τοῦ
2407 4034 2499 4075 της
2552 4022 2711 4083 μονῆς
2775 4022 3121 4087 προεστῶτος,
3191 4016 3310 4066 ἔνθα
3375 4021 3626 4090 πρότερον
3686 4019 3876 4087 ἔτυχεν

506 4117 712 4155 rursus
750 4098 1104 4162 admitteret,
1147 4103 1198 4153 et
1234 4097 1465 4153 referret
1524 4098 1582 4153 in
1627 4114 1943 4156 numerum
1994 4110 2146 4159 caste-

2270 4103 2585 4175 ἀσκουμένη,
2634 4099 2889 4165 δέξασθαί
2940 4122 2992 4155 τε
3034 4104 3183 4155 πάλιν
3228 4104 3411 4169 αὐτὴν,
3462 4110 3551 4157 καὶ
3603 4113 3675 4169 τῷ
3704 4106 3875 4177 λοιπῷ

508 4203 709 4241 rorum
773 4186 1227 4241 monachorum.
1295 4186 1445 4241 Satis
1512 4188 1691 4253 enim,
1741 4188 2002 4257 aiebant,
2057 4192 2148 4247 luit

2268 4202 2363 4245 τῶν
2394 4192 2719 4264 μοναζόντων
2750 4194 3099 4264 ἐναριθμῆσαι
3129 4197 3362 4265 τάγματι
3405 4212 3417 4225 ·
3474 4192 3735 4267 ἀρκοῦσαν
3765 4198 3874 4270 γὰρ

506 4290 738 4347 paanas,
768 4275 872 4346 qui
899 4280 1061 4330 tanto
1080 4278 1346 4345 tempore
1387 4275 1491 4330 fuit
1512 4282 1672 4331 extra
1704 4281 2146 4344 monasterium,

2268 4285 2510 4353 ἔφασκον,
2567 4278 2727 4333 ἔδωκε
2785 4279 2959 4345 δίκην,
3016 4280 3349 4335 ἐπιτοσοῦτον
3401 4282 3496 4345 ἔξω
3536 4291 3632 4344 τῆς
3687 4291 3872 4355 μονῆς,

506 4370 563 4420 et
615 4364 672 4418 in
726 4363 851 4435 ipso
904 4363 1068 4419 aditu
1120 4368 1272 4419 totos
1326 4372 1552 4436 septem
1608 4382 1799 4421 annos
1851 4371 2146 4441 transegit.

2266 4376 2353 4421 xui
2400 4370 2520 4441 παρ’
2572 4368 2731 4427 αὐτὴν
2763 4374 2855 4428 τὴν
2888 4365 3095 4422 εἴσοδον
3136 4370 3283 4431 ὅλους
3331 4373 3458 4423 ἔπτὰ
3502 4375 3726 4447 χρόνους
3758 4368 3876 4427 διε-

503 4454 880 4524 Adjiciebant
907 4458 1125 4523 autem,
1177 4469 1278 4524 per
1314 4453 1578 4509 divinam
1630 4472 1874 4528 quoque
1924 4462 2143 4531 appari.

2264 4467 2521 4529 νεγκοῦσα
2576 4480 2589 4492 ο
2636 4460 2943 4529 προσέθεντο
2995 4455 3052 4511 δε
3107 4464 3195 4511 καὶ
3254 4456 3349 4512 διὰ
3408 4462 3543 4521 θείας
3600 4460 3874 4533 ἐμφανείας

503 4542 725 4598 tionem
775 4541 881 4596 sibi
935 4540 1151 4597 factam
1226 4560 1355 4597 esse
1416 4542 1619 4611 ﬁdem,
1679 4546 1845 4618 quod
1898 4548 2026 4618 jam
2084 4550 2143 4604 sit

2264 4554 2464 4615 πίστιν,
2534 4547 2752 4610 ἐκείνους
2829 4546 3019 4614 λαϐεῖν,
3107 4551 3170 4609 ὡς
3259 4544 3367 4607 ἤδη
3463 4556 3872 4624 συγκεχώρηται

501 4636 812 4703 peccatum
836 4630 1150 4685 remissum
1171 4630 1499 4686 Theodoro.
1527 4634 1793 4697 Quorum
1823 4635 1914 4691 ille
1938 4637 2141 4693 cedens

2264 4641 2321 4689 1'6
2393 4637 2679 4711 ἁμάρτημα
2759 4632 3039 4710 Θεοδώρῳ.
3118 4642 3215 4689 Ὧν
3297 4641 3387 4690 καὶ
3464 4637 3603 4701 εἰξας
3680 4637 3871 4703 ἐκεῖνος

502 4719 797 4791 precibus,
835 4719 1065 4773 relaxat
1109 4718 1478 4774 Theodoram
1510 4720 1587 4775 ab
1634 4721 1713 4793 inj
1728 4730 1856 4779 usta
1888 4724 1986 4780 illa
2017 4742 2142 4782 con-

2263 4734 2325 4798 τῇ
2378 4727 2723 4799 παρακλήσει,
2774 4724 2954 4784 ἀνίησι
3012 4734 3106 4787 τῆς
3167 4721 3355 4778 ἀδίκου
3409 4723 3708 4790 καταδίκης
3770 4733 3866 4789 τὴν

500 4808 903 4871 demnatione,
932 4806 1151 4876 jubens
1178 4823 1311 4862 eam
1344 4809 1416 4863 de
1448 4816 1659 4865 caetero
1705 4829 1938 4868 manere
1971 4815 2029 4869 in
2071 4816 2140 4871 in-

2263 4813 2556 4890 Θεοδὼραν,
2608 4814 2679 4876 εἰς
2735 4811 3005 4867 ἐνδότατον
3064 4813 3258 4867 κελλίον
3302 4819 3360 4867 τὸ
3412 4818 3546 4888 μετὰ
3594 4824 3746 4870 τοῦτο
3785 4838 3863 4872 κε-

499 4898 646 4954 tima
672 4897 838 4965 cella,
870 4899 927 4951 et
954 4912 1265 4967 nunquam
1299 4899 1597 4968 progredi,
1646 4916 1838 4973 neque
1879 4902 2065 4959 ullum
2100 4908 2139 4961 ei

2261 4904 2443 4965 λεύσας
2500 4910 2664 4977 μένειν
2710 4904 3015 4977 ἀπρόσιτον,
3070 4909 3159 4956 καὶ
3212 4900 3474 4977 μηδεμίαν
3524 4905 3687 4962 αὐτὴν
3738 4903 3864 4960 δια-

500 4986 790 5043 committi
821 4984 1213 5040 ministerium
1240 4988 1597 5044 monasterii.
1624 4990 1751 5045 Duo
1774 4990 1987 5047 deinde
2011 4997 2140 5050 anni

2261 4999 2433 5045 κονίαν
2514 5002 2603 5055 τῆς
2684 5002 2839 5066 μονῆς
2906 4992 3320 5067 ὶγχειρίζεσθαι.
3394 4997 3493 5046 Δύο
3564 4997 3621 5046 τὸ
3685 4995 3864 5049 λοιπὸν

500 5075 921 5145 praeterieram,
972 5088 1042 5127 ex
1073 5089 1194 5144 quo
1225 5090 1296 5129 ea
1343 5076 1425 5130 sic
1484 5079 1710 5147 majore
1768 5080 2140 5137 exercebatur

2261 5081 2595 5156 παρέδραμον
2705 5086 2816 5151 ἔτη,
2918 5084 3073 5143 ούτως
3167 5080 3496 5155 ἀσκουμένης
3587 5083 3864 5160 ἐγκρατείᾳ

498 5163 859 5218 continentia
898 5167 953 5215 et
982 5162 1393 5218 intentioribus
1429 5167 1724 5235 precibus.
1761 5168 1979 5223 Deinde
2012 5187 2138 5226 cum

2260 5172 2477 5243 μείζονι,
2556 5177 2641 5224 καὶ
2723 5176 3124 5244 συντονωτέραις
3198 5172 3378 5243 εὐχαῖς
3446 5209 3459 5222 .
3526 5168 3620 5224 εἷθ’
3698 5172 3864 5237 οὕτως

498 5256 623 5306 orta
665 5259 821 5307 esset
861 5252 1111 5317 siccitas,
1148 5258 1202 5307 et
1232 5253 1517 5324 cisternae,
1563 5271 1691 5326 qua:
1725 5264 1891 5313 erant
1936 5259 1993 5312 in
2036 5275 2138 5315 cos-

2259 5260 2471 5331 αῦχμοῦ
2520 5264 2811 5333 γενομένου,
2866 5265 2954 5311 καὶ
3008 5268 3107 5311 τῶν
3161 5260 3207 5311 ἐν
3264 5268 3335 5330 τῷ
3384 5258 3621 5331 κοινοϐίῳ
3656 5260 3860 5314 λάκκων

496 5338 696 5404 nobio,
724 5339 1104 5395 ostenderent
1130 5356 1189 5395 se
1208 5356 1281 5395 ne
1308 5342 1622 5399 minimum
1660 5346 1903 5417 quidem
1935 5346 2136 5405 habere

2256 5346 2378 5401 οὐδὲ
2425 5348 2608 5401 νοτίδα
2645 5353 2834 5423 μικρὰν
2890 5346 3085 5409 ὕδατος
3132 5352 3270 5421 ἔχειν
3324 5350 3707 5421 ύποφαινόντων
3748 5350 3860 5405 ἐπεί

500 5440 671 5498 aqua)
715 5425 1031 5483 humorem
1065 5444 1077 5483 :
1119 5432 1403 5501 quoniam
1464 5436 1521 5486 et
1559 5434 1628 5487 iis
1677 5450 1811 5505 quas
1852 5434 2140 5505 audierat,

2255 5458 2345 5514 περ
2387 5439 2463 5501 οἷς
2501 5459 2553 5492 τε
2582 5443 2783 5509 ἤκουεν,
2819 5440 2893 5500 οἷς
2940 5458 2992 5491 τε
3044 5438 3195 5499 αὐτὸς
3248 5437 3450 5492 ἓϐλεπεν
3487 5440 3513 5491 ὁ
3558 5447 3647 5499 τῆς
3691 5448 3857 5512 μονῆς

496 5519 554 5573 et
610 5514 681 5571 iis
739 5530 874 5589 quas
930 5516 1059 5589 ipse
1112 5517 1340 5575 viderat
1395 5521 1708 5594 prmfectus
1776 5528 2136 5594 monasterii,

2254 5527 2511 5605 ἀρχηγὸς,
2569 5535 2659 5582 τοῦ
2715 5532 3053 5604 χαρίσματος
3122 5527 3384 5592 ἠξιῶσθαι
3432 5536 3534 5582 τῶν
3592 5527 3851 5603 ἰαμάτων,
