4096 6220
230 262 337 354 383

1186 260 1187 263 γ
1270 286 1436 351 VITA
1468 295 1525 351 s.
1568 264 1977 349 meonan
2014 262 2560 359 ALEXANnaiNxs.

3493 307 3597 366 686

232 431 329 484 τὴν
407 428 671 499 μακαρίαν
731 422 1180 497 πεπληροφόρητο,
1248 419 1643 493 μεταστελλεται
1715 422 1835 471 ταύ-

1966 421 2159 477 :ertior
2182 421 2373 479 factus
2401 430 2528 481 erat
2546 426 2786 484 beatam
2814 446 2940 486 esse
2963 438 3344 491 consecutam
3366 436 3597 493 donum

234 532 349 575 την,
382 518 473 565 καὶ
524 522 594 583 τῷ
640 513 814 584 λάκκῳ
864 517 919 564 τό
974 514 1216 586 κεράμιον
1251 511 1482 562 καθεῖναι
1532 511 1839 582 προστάττει

239 609 328 656 καὶ
382 601 526 678 ύδωρ
578 602 876 673 ἀνενεγκεῖν.
930 601 989 653 Ἠ
1043 597 1102 653 δε
1155 604 1305 652 εἴκειν
1365 594 1614 671 μαθοῦσα
1668 598 1842 669 λόγοις

242 696 479 765 πατέρος,
538 688 703 763 μηδὲν
750 690 1323 763 πολυπραγμονήσασα,
1384 685 1523 761 μηδὲ
1568 687 1843 739 ἀναϐαλλο-

243 788 391 856 μένη,
451 784 664 853 πράττει
713 784 769 831 τὸ
813 780 1099 832 κελευσθέν·
1132 784 1220 830 καὶ
1252 778 1402 839 εὐθὺς
1432 774 1626 839 ὕδατος
1658 780 1841 848 μεστὸν

246 871 492 942 ἀνήνεγκε
544 873 603 921 τό
652 871 918 942 κεράμιον,
969 867 1020 931 ἓξ
1048 868 1108 920 οὗ
1138 872 1225 919 καὶ
1264 868 1313 919 οἱ
1340 864 1485 917 ἄλλοι
1514 874 1613 917 τῶν
1642 866 1843 917 λάκκων

242 961 458 1033 πλήρεις
482 955 675 1020 ὕδατος
706 960 1060 1031 καθεωρῶντο.

316 1139 413 1194 ΙΖ’.

238 1235 297 1282 τό
347 1224 561 1281 παιδίον
616 1226 691 1279 ἐπ’
735 1225 889 1297 ὄψεσι
942 1224 1139 1276 πολλῶν
1179 1220 1285 1281 ἤδη
1322 1231 1417 1284 τῆς
1447 1222 1667 1294 ἑσπέρας
1695 1240 1846 1273 κατα-

493 1137 711 1209 Ὀλίγων
789 1132 847 1188 δὲ
907 1134 1270 1209 παρελθουσῶν
1336 1134 1536 1205 ἡμερῶν
1616 1132 1843 1205 ἀραμένη

237 1318 530 1382 λαϐούσης,
588 1320 675 1368 καὶ
731 1314 917 1372 ἑαυτὴν
960 1312 1350 1385 ἔγκλεισαμένη,
1386 1312 1471 1363 οἷα
1514 1316 1687 1385 πατὴρ
1718 1313 1846 1385 πρὸς

238 1412 357 1461 υἱόν
405 1410 646 1478 γνήσιον,
697 1406 960 1463 νουθεσίας
1012 1401 1207 1475 ἤρξατο
1262 1405 1385 1476 πρὸς
1451 1400 1624 1454 αὐτόν.
1682 1407 1845 1452 Τοῦτο

242 1495 304 1551 δε
361 1495 519 1554 δῆλον
564 1503 634 1565 τῷ
686 1502 976 1567 προεστῶτι
1025 1511 1308 1563 γενόμενον,
1386 1490 1631 1561 ἐκπέμπει
1710 1491 1847 1549 τινὰς

241 1597 345 1640 τῶν
382 1584 611 1657 ἀδελφῶν
658 1582 1037 1655 ἀκουσομένους
1086 1579 1446 1655 ἀκριϐέστερον
1494 1588 1591 1631 τῶν
1618 1582 1742 1651 πρός
1790 1581 1847 1629 τὸ

242 1672 461 1730 παιδίον
491 1675 760 1749 ῥημάτων,
813 1671 859 1723 οἳ
908 1675 997 1722 καὶ
1045 1678 1104 1742 τῇ
1154 1672 1285 1742 θύρα
1328 1673 1419 1727 τὴν
1452 1667 1611 1725 ἀκοὴν
1651 1687 1846 1741 προσε-

242 1772 527 1842 ρείσαντες,
612 1767 701 1814 καὶ
784 1765 865 1813 τὸν
961 1767 1077 1812 νοῦν
1165 1764 1531 1825 συντείναντες,

244 1856 517 1928 ἠκροῶντα
567 1860 664 1904 τῶν
734 1850 1035 1922 λεγομένων.
1083 1855 1311 1900 Τοιαῦτα
1371 1844 1428 1899 δε
1493 1843 1571 1914 ἧν,
1633 1846 1666 1898 ἆ
1718 1850 1848 1918 μετά

247 1948 601 2018 προσαγωγῆς
678 1939 993 2012 φιλημάτων,
1077 1939 1369 1993 ἐπέσκηπτε
1425 1944 1497 2006 τῷ
1557 1932 1731 1987 παιδί·
1787 1935 1847 1987 Ὁ

243 2039 439 2106 χρόνος
494 2027 599 2089 ἢδη
660 2038 749 2090 τῆς
798 2027 919 2099 ἐμῆς
976 2030 1133 2090 ζωῆς,
1184 2026 1262 2077 υἰέ
1313 2045 1412 2097 μου
1446 2025 1671 2096 φίλτατε,
1723 2030 1847 2097 πρὸς

240 2126 405 2196 πέρας
454 2122 565 2195 ὁρᾷ,
623 2121 871 2190 καὶπρὸς
902 2121 987 2168 τὸν
1033 2115 1196 2168 ἐκεῖσε
1225 2115 1401 2166 λοιπόν
1452 2115 1613 2165 αἰῶνα
1656 2122 1846 2189 χωρεῖν

238 2214 631 2281 κατεπείγομαι.
672 2207 799 2278 Ἐγὼ
833 2203 891 2258 δὲ
927 2224 983 2257 σε
1030 2212 1101 2275 τῷ
1160 2209 1320 2277 πατρὶ
1367 2212 1465 2254 τῶν
1497 2202 1727 2277 ὀρφανῶν
1759 2207 1846 2253 καὶ

241 2309 361 2372 Θεῷ
416 2299 741 2373 παρατίθημι
798 2299 887 2347 καὶ
943 2302 1015 2363 τῷ
1088 2298 1251 2364 κυρίῳ
1306 2294 1493 2352 ταύτης
1551 2294 1694 2363 ἡμῶν
1752 2299 1848 2352 τῆς

239 2397 430 2463 μονῆς·
480 2387 605 2450 ἕξεις
652 2382 709 2438 δὲ
765 2390 852 2436 καὶ
915 2380 1148 2455 ἀδελφῶν
1203 2379 1441 2434 διάθεσιν
1483 2380 1847 2440 ἁποσῶζοντάς

243 2499 334 2531 σοι
381 2482 503 2538 τοῦς
533 2476 814 2547 μοναχούς.
848 2478 910 2525 Τί
945 2468 1049 2533 οὖν,
1100 2471 1351 2543 εὐγένειαν
1382 2471 1528 2542 τάχα
1560 2471 1843 2536 ζητήσειςς

260 2576 303 2621 II
366 2563 424 2619 δε
473 2572 542 2638 μη
590 2564 797 2616 ἄλλοθεν
840 2565 1153 2636 γνωρίσεταί
1208 2580 1311 2624 σοι,
1344 2564 1372 2617 ἤ
1409 2561 1517 2612 ὅθεν
1566 2561 1596 2618 ἡ
1650 2558 1847 2621 ἀληθὴς

244 2658 480 2727 εὐγένεια
530 2657 915 2725 καταφαίνεται.
950 2657 1033 2709 Μὴ
1078 2654 1201 2724 πρὸς
1236 2654 1389 2721 τιμὴν
1432 2645 1629 2722 ἀπίδῃς
1672 2654 1765 2707 τήν
1797 2648 1848 2711 ἐξ

242 2740 720 2817 ἀνθρώπων·ούδε
771 2745 868 2816 γὰρ
925 2740 1055 2797 αὕτη
1104 2744 1395 2811 μακαρίους
1444 2735 1555 2791 οἶδε
1593 2742 1711 2800 τοῦς
1770 2758 1842 2790 τι·

237 2839 513 2909 μωμένους
564 2838 743 2885 ποιεῖν’
777 2831 871 2882 οῦκ
931 2830 1128 2901 ἀγνοεῖς
1152 2833 1252 2902 γὰρ
1308 2830 1387 2880 ὅτι
1419 2836 1509 2879 τοῦ
1568 2827 1615 2878 ἐν
1674 2831 1846 2900 Κυρίῳ

237 2930 587 2998 μακαρισμοῦ
639 2924 686 2973 οἱ
742 2924 797 2971 τό
852 2919 903 2982 ἐξ
962 2918 1241 2992 ἀνθρώπων
1330 2914 1527 2976 ὄνειδος
1580 2921 1668 2967 καὶ
1751 2920 1845 2972 τὴν

237 3014 457 3085 ἀτιμίαν
537 3017 626 3063 καὶ
691 3012 757 3061 τὰ
808 3005 1016 3079 ψευδῶς
1073 3007 1240 3059 αὐτῶν
1311 3009 1848 3079 καταμαρτυρούμενα

1953 511 2401 577 miraculorum,
2430 530 2563 569 eam
2604 518 2869 585 accersit,
2920 525 2977 576 et
3007 520 3067 576 in
3093 521 3410 581 cisternam
3435 523 3602 597 jubet

1951 599 2257 656 demittere
2301 603 2681 675 amphoram,
2719 610 2777 662 et
2816 607 3047 665 haurire
3078 626 3316 683 aquam.
3361 613 3466 670 Illa
3500 630 3601 671 au-

1954 694 2091 753 tem,
2151 706 2285 763 quae
2344 690 2635 749 didicerat
2690 696 2899 752 cedere
2951 698 3143 755 verbis
3200 702 3402 769 Patris,
3457 703 3604 759 nihil

1953 779 2181 836 curiose
2210 780 2538 852 inquirens,
2583 799 2691 839 nec
2740 784 3041 854 differens,
3093 788 3230 847 facit
3256 791 3424 865 quod
3482 792 3604 848 fue-

1952 872 2043 923 rat
2071 868 2450 939 imperatum,
2507 874 2561 927 et
2588 871 2860 943 protinus
2903 892 3065 949 aqua
3118 877 3360 950 plenam
3401 879 3607 939 extulit

1954 956 2333 1025 amphoram.
2369 961 2497 1026 Qua
2526 977 2600 1016 ex
2629 978 2689 1018 re
2721 964 2851 1020 aliae
2898 982 3136 1039 quoque
3167 968 3437 1027 cisterna
3461 985 3607 1027 con-

1954 1051 2167 1118 spectae
2193 1052 2327 1103 sunt
2355 1064 2515 1121 aqua
2546 1050 2756 1122 plenae.

2030 1135 2187 1190 XVII.
2241 1138 2385 1193 Cum
2425 1141 2602 1211 pauci
2645 1147 2845 1197 autem
2890 1142 3016 1199 dies
3064 1146 3502 1217 praeteriissent,
3535 1165 3609 1207 ea

1956 1223 2166 1280 tollens
2197 1225 2484 1282 infantem
2512 1229 2571 1283 in
2599 1236 2923 1302 conspectu
2952 1235 3279 1292 multorum
3319 1253 3459 1294 cum
3476 1238 3607 1310 jam

1959 1318 2111 1369 esset
2168 1331 2434 1387 vespera,
2482 1322 2535 1373 et
2575 1318 2830 1391 seipsam
2870 1319 3200 1393 includens,
3251 1325 3433 1398 ccepit
3466 1342 3607 1384 eum

1961 1402 2265 1458 adhortari
2297 1420 2416 1460 non
2450 1421 2638 1477 secus,
2672 1424 2742 1463 ac
2773 1413 2940 1480 pater
2970 1426 3324 1480 germanum
3394 1415 3603 1472 ﬁlium.

1958 1493 2073 1545 Hoc
2122 1509 2259 1549 cum
2312 1494 2648 1551 rescivisset
2677 1500 2986 1568 praefectus
3026 1504 3389 1569 monasterii,
3434 1506 3606 1562 mittit

1955 1581 2258 1652 quosdam
2290 1598 2361 1637 ex
2392 1581 2670 1640 fratribus
2689 1587 3028 1645 accuratius
3057 1592 3363 1648 audituros
3399 1594 3603 1662 verba,

1956 1686 2091 1741 quae
2122 1670 2339 1726 diceret
2379 1689 2581 1744 puero.
2636 1674 2746 1742 Qui
2780 1692 2917 1732 cum
2965 1694 3171 1735 aurem
3213 1682 3363 1737 ostio
3404 1683 3604 1739 admo-

1626 1757 1846 1830 ἐμμελῶς
1879 1773 1921 1827 Β
1958 1758 2197 1825 vissent,
2233 1765 2289 1813 et
2339 1766 2596 1817 mentem
2655 1762 2968 1834 diligenter
3006 1767 3449 1836 adhibuissent,
3503 1788 3606 1829 au-

1956 1846 2203 1903 diebant
2254 1865 2326 1905 ea
2378 1866 2505 1921 quae
2554 1851 2920 1909 dicebantur.
2974 1854 3107 1911 Haec
3166 1863 3367 1915 autem
3416 1865 3602 1926 erant,

1955 1953 2090 2011 qlltB
2118 1954 2301 2008 puero
2318 1939 2713 2011 praecipiebat,
2757 1958 2896 1998 eum
2923 1944 3278 2003 deosculans
3306 1963 3319 2004 :
3347 1949 3606 2021 Tempus

1956 2026 2083 2081 vita:
2142 2044 2305 2093 meae,
2359 2027 2441 2083 ﬁli
2518 2029 2596 2084 mi
2651 2030 3018 2103 charissime,
3064 2034 3191 2105 jam
3250 2042 3477 2109 spectat
3527 2038 3606 2095 ad

1957 2116 2159 2181 ﬁnem,
2189 2121 2245 2172 et
2287 2117 2361 2172 de
2384 2123 2595 2175 caetero
2622 2118 2836 2177 festino
2867 2121 2949 2178 ire
2992 2124 3068 2179 ad
3101 2125 3410 2194 saaculum,
3442 2128 3608 2200 quod

1956 2206 2075 2264 illic
2104 2210 2210 2261 est.
2244 2208 2363 2277 Ego
2403 2212 2602 2263 autem
2636 2212 2687 2264 te
2727 2211 2874 2282 patri
2924 2212 3355 2285 orphanorum,
3401 2221 3459 2272 et
3490 2220 3607 2275 Deo

1957 2295 2334 2361 commendo,
2388 2302 2442 2352 et
2484 2298 2732 2354 domino
2779 2299 2961 2371 hujus
3002 2304 3184 2359 nostri
3240 2306 3603 2362 monasterii.

1959 2383 2219 2439 Habebis
2268 2389 2463 2441 autem
2515 2387 2843 2445 monachos
2888 2406 3133 2463 quoque
3172 2393 3273 2465 qui
3305 2394 3367 2449 in
3414 2399 3468 2451 te
3497 2411 3608 2451 ser-

1957 2473 2183 2528 vabunt
2212 2473 2460 2529 fratrum
2504 2474 2895 2532 affectionem.
2939 2480 3091 2544 Quid
3140 2480 3330 2552 ergo?
3369 2480 3608 2551 Quaeres

1957 2561 2209 2616 fortasse
2236 2562 2598 2618 nobilitatem
2632 2562 2660 2618 7
2690 2565 2789 2620 Illa
2838 2571 3034 2622 autem
3061 2584 3180 2624 non
3219 2568 3461 2627 aliunde
3503 2573 3605 2629 tibi

1958 2656 2371 2721 cognoscatur,
2387 2668 2568 2721 quam
2588 2652 2744 2707 unde
2762 2670 2898 2709 vera
2919 2662 3165 2726 apparet
3191 2658 3492 2715 nobilitas.
3524 2663 3604 2717 Ne

1958 2740 2257 2811 aspexeris
2271 2739 2348 2795 ad
2370 2739 2659 2795 honorem
2686 2742 2888 2797 homin
2899 2747 3227 2816 um.Neque
3242 2746 3399 2801 enim
3418 2747 3466 2802 is
3478 2764 3598 2814 eos,

1956 2828 2058 2901 qui
2082 2830 2472 2899 honorantur,
2504 2836 2695 2900 potest
2722 2830 2933 2887 beatos
2971 2832 3223 2890 efﬁcere.
3256 2836 3368 2891 Sed
3410 2852 3604 2908 neque

1957 2918 2338 2989 ignoraveris,
2382 2919 2543 2989 quod
2586 2935 2719 2975 eam
2761 2938 2891 2991 quae
2934 2928 3019 2977 est
3057 2922 3116 2976 in
3162 2923 3427 2990 Domino,
3470 2926 3607 2982 bea-

1960 3008 2268 3063 titudinem
2297 3006 2377 3061 illi
2430 3009 2620 3079 magis
2654 3016 3128 3082 consequuntur,
3162 3012 3262 3084 qui
3288 3013 3607 3071 hominum

237 3108 495 3176 φέροντες,
554 3100 735 3152 ἐκεῖνοι
782 3098 971 3170 μᾶλλόν
1020 3098 1149 3149 εἰσιν
1193 3098 1241 3147 οἱ
1287 3098 1649 3166 τυγχάνοντες
1680 3094 1739 3145 Εἰ
1789 3090 1846 3144 δε

1966 3096 2149 3151 ferunt
2202 3096 2421 3167 probra
2478 3103 2533 3152 et
2584 3098 3000 3165 contumelias,
3053 3104 3110 3156 et
3159 3082 3328 3171 falsa,
3382 3118 3518 3175 quae
3548 3104 3608 3159 in

233 3212 325 3253 τις
357 3191 611 3261 ἐπιθυμία
658 3192 794 3260 φέρει
849 3206 904 3239 σε
948 3190 1077 3259 πρὸς
1123 3181 1295 3250 τούτο,
1344 3190 1401 3235 τό
1446 3192 1601 3255 τιμῆς
1647 3186 1847 3242 πάντως

238 3281 550 3344 ἀξιοῦσθαι,
595 3282 652 3330 τὸ
703 3282 857 3349 τιμᾲν
907 3284 1106 3349 πρῶτος
1153 3273 1445 3345 ἁγάπησον,
1481 3274 1636 3324 ύπνον
1685 3276 1848 3342 μίση-

242 3392 361 3424 σον.
416 3372 486 3421 Τό
542 3367 765 3440 σκληρὸν
824 3367 1067 3417 άσπασαι
1116 3373 1205 3423 τῆς
1250 3360 1480 3427 διαιτῆς,
1516 3372 1586 3433 τῷ
1634 3362 1849 3434 μαλακῷ

242 3459 511 3520 ὰπόταξαι
562 3463 653 3508 τοῦ
694 3452 1003 3526 ἐνδύματος,
1051 3462 1148 3505 τῶν
1183 3455 1418 3510 συνήθων
1463 3451 1631 3523 εὐχῶν
1686 3450 1853 3524 μηδέ-

245 3568 379 3603 ποτε
430 3546 880 3619 κατολιγωρήσης,
913 3540 1051 3615 μηδὲ
1100 3551 1196 3594 τῶν
1238 3548 1346 3600 τοῖς
1378 3538 1615 3613 ἀδελφοῖς
1668 3540 1857 3593 ἀποτε-

244 3640 482 3709 ταμένων
543 3633 818 3696 συνάξεων·
873 3634 1060 3706 δοθρου
1121 3636 1253 3703 φημὶ
1330 3635 1419 3683 καὶ
1472 3635 1648 3703 τρίτης
1704 3632 1857 3692 ἕκτης

246 3746 308 3779 τε
356 3730 445 3777 καὶ
492 3727 690 3787 ἐνάτης,
723 3727 809 3774 καὶ
866 3730 964 3774 τῶν
1010 3721 1305 3795 ἑσπερινῶν’
1350 3721 1475 3772 ἀλλὰ
1528 3725 1615 3771 καὶ
1669 3728 1857 3794 τροφῆς

248 3812 659 3887 μεταλαμϐάνων
713 3814 974 3884 μνήσθητι
1047 3815 1135 3862 καὶ
1193 3810 1365 3885 ἐτέρου
1423 3813 1713 3871 πεινῶντος,
1773 3812 1860 3859 καὶ

250 3907 425 3973 τούτῳ
504 3905 559 3953 τό
639 3906 720 3953 σοὶ
776 3907 1067 3975 περιττεῦον
1124 3901 1464 3971 θησαύρισον.
1552 3897 1859 3971 Ἀλλοτρίων

252 3994 530 4063 ἁπόσχου,
566 3996 873 4062 κατηγορεῖν
927 3986 1171 4061 ἀδελφοῦ,
1204 3986 1344 4061 μηδέ
1375 3990 1506 4039 κατὰ
1542 3996 1658 4039 νοῦν
1698 3986 1863 4059 λάϐῃς

1354 4087 1453 4149 γῆν

253 4180 459 4242 Πτὼμα
502 4174 572 4241 μὴ
619 4169 844 4241 γελάσης
889 4167 1082 4241 ἑτέρου,
1137 4169 1415 4241 θρηνησον,
1465 4168 1546 4218 ἵνα
1598 4166 1862 4242 παρακλη-

250 4086 400 4136 frore”
508 4079 848 4155 ἐρωτώμενος,
936 4081 1089 4130 νεύων
1193 4078 1262 4139 εἰς
1354 4087 1453 4149 γῆν
1562 4076 1858 4148 ἀπόκριναι.

255 4265 372 4335 θῇς·
420 4268 593 4321 κακῶς
645 4257 887 4329 βιοῦντας
942 4255 1141 4309 ἁκούων
1191 4260 1334 4319 τινὰς
1391 4259 1517 4329 ὑπὲρ
1569 4256 1736 4308 αὐτῶν
1786 4258 1862 4308 εὔ-

256 4350 463 4422 χεσθαι
516 4351 587 4418 μὴ
648 4346 819 4418 ἀμέλει
873 4348 930 4398 τό
983 4348 1113 4419 πρὸς
1167 4342 1505 4407 ἀσθενοῦντας
1532 4344 1857 4417 ἁπιέναι,μὴ

1957 3187 2119 3258 ipsos
2186 3184 2474 3255 feruntur,
2537 3187 2899 3244 testimonia.
2966 3188 3021 3244 Si
3094 3190 3345 3245 tenearis
3408 3197 3607 3249 autem

1955 3274 2155 3347 aliquo
2187 3275 2480 3329 desiderio
2508 3277 2755 3331 omnino
2789 3278 3151 3350 assequendi
3183 3280 3447 3348 honoris,
3484 3280 3611 3354 ipse

1958 3366 2217 3438 primum
2246 3363 2423 3434 dilige
2452 3363 2737 3420 honorem
2786 3366 3078 3423 exhibere.
3125 3369 3417 3425 Somnum
3473 3370 3613 3427 odio

1959 3454 2133 3509 habe.
2172 3456 2388 3507 Duram
2436 3458 2491 3507 et
2541 3468 2823 3523 asperam
2878 3456 3117 3511 vivendi
3152 3459 3454 3518 rationem
3486 3476 3611 3515 am-

1963 3543 2231 3615 plectere.
2274 3541 2569 3596 Renuntia
2608 3542 2884 3597 mollibus
2935 3545 3314 3601 vestimentis.
3358 3547 3616 3603 Consue-

1963 3638 2054 3688 tas
2104 3647 2307 3704 preces
2370 3646 2681 3703 nunquam
2751 3633 3101 3703 neglexeris,
3161 3651 3354 3706 neque
3412 3637 3613 3701 horas,

1966 3738 2100 3793 quae
2130 3726 2270 3774 sunt
2310 3720 2639 3775 constitutae
2680 3721 2963 3776 fratribus
2998 3722 3075 3778 ad
3115 3723 3613 3789 conveniendum,

1968 3810 2282 3875 Matutinaa,
2350 3810 2619 3879 inquam,
2681 3810 2912 3876 Tertiae,
2963 3814 3173 3879 Sextae,
3211 3818 3265 3867 et
3311 3815 3509 3877 Nonas,
3561 3818 3616 3867 et

1971 3902 2384 3970 Vesperarum.
2415 3898 2655 3952 Abstine
2686 3899 2764 3953 ab
2811 3898 3034 3954 alienis.
3067 3905 3356 3956 Accusare
3407 3898 3616 3956 fratres

1970 4004 2043 4043 ne
2076 3988 2175 4042 tibi
2225 3987 2469 4059 quidem
2520 3988 2714 4042 veniat
2767 3988 2827 4042 in
2884 3993 3163 4044 mentem.
3222 3992 3620 4060 Interrogatus

1971 4077 2288 4147 responde,
2334 4074 2651 4146 respiciens
2702 4076 2761 4130 in
2814 4082 3053 4132 terram.
3106 4078 3355 4133 Alterius
3411 4094 3621 4133 casum

1972 4184 2045 4222 ne
2074 4164 2343 4220 irriseris.
2384 4167 2555 4233 Luge,
2595 4170 2657 4219 ut
2696 4166 3165 4221 consolationem
3207 4167 3617 4239 consequaris.

1975 4254 2218 4327 Aliquos
2257 4253 2507 4310 audiens
2551 4253 2702 4310 male
2742 4255 3024 4321 viventes,
3082 4272 3155 4310 ne
3209 4254 3477 4325 negligas
3514 4271 3623 4328 pro

1974 4346 2058 4399 eis
2092 4343 2335 4415 precari.
2380 4344 2465 4398 Ire
2516 4342 2593 4398 ad
2647 4358 2767 4413 eos,
2822 4343 2925 4415 qui
2971 4350 3107 4399 sunt
3160 4342 3403 4414 infirmi,
3446 4360 3518 4400 ne
3539 4360 3623 4400 re-

255 4444 545 4511 παραιτοῦ,
621 4441 709 4487 καὶ
785 4433 1060 4486 συνελόντα
1130 4436 1304 4505 φάναι,
1362 4438 1547 4494 παντὸς
1623 4433 1853 4486 ἐκκλίνων

1976 4451 2168 4488 cuses.
2202 4435 2265 4488 Et
2297 4438 2355 4487 ut
2377 4432 2559 4487 semel
2585 4432 2801 4496 dicam,
2825 4448 3002 4487 omne
3033 4434 3261 4489 malum
3289 4433 3621 4499 declinans,

256 4533 451 4591 κακοῦ,
506 4526 686 4599 ἀρετῆς
744 4526 925 4584 πάσης
980 4522 1369 4582 ἀντιποιήθητι’
1428 4520 1707 4576 δούλευσον
1756 4532 1864 4583 τοῖς

259 4612 508 4685 ἀδελφοῖς
561 4615 630 4675 ὡς
678 4610 960 4673 δεσπόταις
1013 4614 1094 4664 ἵνα
1146 4620 1379 4685 Χριστοῦ
1433 4612 1570 4684 φίλος
1619 4617 1737 4685 γένη
1774 4620 1863 4663 τοῦ

261 4702 360 4757 διὰ
393 4706 449 4754 σε
496 4707 696 4775 μορφὴν
734 4699 923 4753 δούλου
978 4698 1346 4773 ὶνδυσαμένου.
1400 4701 1549 4773 Εύχὴ
1598 4704 1731 4753 ἔστω
1782 4720 1867 4752 σοι

264 4790 533 4856 διηνεκὴς,
595 4799 867 4865 πειρασμῷ
916 4796 986 4862 μὴ
1043 4798 1352 4863 περιπεσεῖν·
1388 4791 1432 4843 εἰ
1477 4788 1533 4843 δὲ
1582 4797 1670 4842 καὶ
1720 4810 1867 4863 περι-

266 4888 470 4943 πέσοις,
528 4886 767 4952 γενναίως
839 4880 1135 4948 ἀντίστηθι,
1216 4884 1303 4932 καὶ
1372 4879 1526 4931 πάλιν
1606 4882 1739 4931 ὥστε
1797 4883 1864 4951 μὴ

266 4972 461 5024 ἁλῶναι
535 4974 858 5043 προσεύχου.
921 4970 1094 5029 Οὕτως
1150 4968 1419 5041 βιοτεύων,
1490 4968 1747 5041 ἀγαπητε,
1808 4967 1865 5019 ού

265 5064 472 5135 μακρὰν
546 5061 673 5123 ἕξεις
757 5066 841 5112 τὸν
917 5059 1232 5131 βοηθοῦντα,
1300 5063 1389 5110 καὶ
1459 5060 1701 5131 ὀρέγοντα
1783 5078 1868 5109 σοι

718 5155 809 5207 τὴν
909 5146 1101 5212 δεξιάν.

264 5248 342 5309 τῷ
400 5236 551 5291 παιδὶ
610 5246 722 5300 ταῖς
777 5243 966 5313 χερσὶν
1026 5235 1190 5298 ἡδέως
1236 5241 1291 5290 τὸ
1349 5245 1549 5309 πνεῦμα
1620 5239 1868 5311 παρέθετο

267 5336 362 5381 τοῦ
396 5334 552 5381 Θεοῦ.

264 5152 627 5223 πολεμουμένῳ
718 5155 809 5207 τὴν
909 5152 1101 5212 δεξιάν.
1181 5156 1411 5201 Τοιαῦτα
1506 5152 1870 5222 παραινέσασα

344 5423 451 5471 IH'.
510 5422 608 5469 Καὶ
646 5421 703 5470 τὸ
752 5421 840 5488 μεν
884 5414 1098 5469 παιδίον
1151 5419 1352 5488 θρήνοις
1390 5425 1725 5490 παραχρῆμα
1762 5416 1867 5467 ἐκόο

271 5526 450 5572 πτετο,
506 5511 593 5558 καὶ
663 5508 689 5558 ὁ
745 5507 975 5566 οἰκίσκος
1036 5504 1169 5578 βοῆς
1222 5505 1521 5577 ἐπληροῦτο’
1585 5508 1649 5556 τὰ
1705 5504 1867 5556 ἀκου-

277 5598 467 5651 σθέντα
545 5592 603 5647 δε
658 5595 829 5657 εὐθὺς
883 5597 933 5648 οῖ
1010 5598 1139 5667 πρὸς
1209 5602 1359 5647 τοῦτο
1419 5596 1748 5667 πεμφθέντες,
1806 5604 1901 5666 τῴ⁵

1977 4522 2217 4577 vindica
2262 4521 2367 4577 tibi
2413 4523 2731 4577 virtutem:
2787 4520 2939 4577 servi
2980 4521 3283 4589 fratribus,
3337 4528 3623 4594 tanquam

1978 4611 2255 4681 dominis,
2315 4616 2375 4666 ut
2423 4611 2645 4666 evadas
2694 4610 2903 4665 Christi
2974 4612 3222 4677 amicus,
3282 4612 3383 4684 qui
3426 4628 3534 4683 pro
3576 4616 3628 4667 te

1979 4700 2132 4757 servi
2171 4700 2426 4755 formam
2464 4700 2672 4755 induit.
2718 4700 2969 4756 Assidue
3005 4716 3357 4771 precare,ne
3397 4700 3628 4756 incidas

1980 4789 2040 4845 in
2087 4789 2490 4847 tentationem.
2572 4790 2739 4854 Quod
2808 4790 2853 4843 si
2935 4790 3234 4851 incideris,
3299 4790 3349 4845 ei
3408 4789 3630 4845 fortiter

1979 4880 2182 4935 resiste
2226 4898 2238 4947 ;
2280 4887 2335 4933 et
2372 4895 2579 4933 rursus
2625 4895 2889 4950 precare,
2942 4895 3015 4934 ne
3070 4879 3386 4950 supereris.
3445 4878 3495 4934 Si
3548 4879 3629 4933 sic

1980 4968 2167 5031 vivas,
2196 4984 2232 5023 o
2261 4967 2491 5033 dilecte,
2522 4982 2643 5022 non
2677 4968 2883 5038 procul
2906 4967 3114 5033 aberit,
3150 4968 3254 5038 qui
3310 4966 3415 5021 tibi
3452 4982 3630 5037 opem

1982 5058 2146 5123 ferat,
2212 5064 2267 5111 et
2314 5058 2417 5128 qui
2459 5056 2611 5111 bello
2652 5056 2917 5127 appetito
2976 5056 3074 5110 tibi
3129 5058 3201 5109 sit
3250 5062 3633 5127 porrecturus

1981 5149 2306 5203 dexteram.
2342 5148 2489 5201 Cum
2527 5146 2653 5200 haec
2700 5146 2990 5201 suasisset
3031 5162 3237 5218 puero,
3273 5142 3541 5217 jucunde
3570 5144 3633 5199 in

1986 5237 2084 5294 Dei
2115 5252 2332 5293 manus
2362 5234 2606 5291 tradidit
2632 5234 2931 5306 spiritum.

2060 5413 2239 5468 XVIII.
2272 5414 2333 5466 Et
2385 5427 2530 5482 puer
2558 5410 2803 5483 quidem
2836 5410 3039 5465 statim
3076 5409 3337 5480 lugebat,
3373 5416 3427 5467 et
3470 5410 3633 5483 plan-

1985 5506 2182 5575 gebat,
2217 5500 2710 5558 etvociferatione
2740 5500 2916 5570 plena
2940 5506 3063 5556 erat
3085 5499 3472 5557 domuncula.
3493 5503 3635 5567 Quae

1986 5595 2297 5652 audierant
2345 5596 2545 5647 autem
2594 5590 2631 5645 ii
2677 5589 2823 5663 quid
2868 5589 2949 5646 ad
2991 5588 3106 5645 hoc
3160 5590 3328 5646 missi
3382 5590 3636 5662 fuerant,
