4154 6192
504 233 611 288 687

1761 224 2025 285 MENSIS
2063 227 2510 287 SEPTEMBER.
2578 316 2581 321 h

3759 230 3869 288 688

499 357 959 415 declaraverunt
985 357 1038 412 ei
1067 356 1171 429 qui
1200 355 1464 411 miserat.
1517 354 1627 421 Qui
1676 358 1997 427 postquam
2049 371 2121 411 au

2232 354 2629 410 ,ἀποστείλαντι
2676 351 3007 427 διεσάφησαν
3066 356 3122 416 6;
3178 355 3289 406 ἐπεὶ
3343 354 3539 413 ἢκουσε
3590 360 3678 408 καὶ
3735 356 3869 410 αύτό

497 445 659 511 divit,
715 448 836 517 ipse
883 462 1127 518 quoque
1178 445 1258 508 id,
1291 444 1459 517 quod
1512 444 1738 499 viderat
1790 446 1849 498 in
1900 444 2151 510 somnis,

496 536 641 590 dixit
672 537 795 591 suis
826 536 1139 591 monachis
1173 553 1185 589 :
1240 534 1685 598 Existimabam,
1728 534 2027 605 inquiens,
2058 550 2152 589 me

495 623 689 679 videre
718 624 871 680 duos
914 625 1094 693 viros,
1148 623 1252 695 qui
1284 638 1377 677 me
1426 623 1485 677 in
1516 623 1705 677 altum
1761 621 2146 677 extollebant.

494 713 762 770 Altitudo
811 718 1011 769 autem
1065 721 1189 768 erat
1238 717 1424 777 tanta,
1481 716 1708 782 quanta
1756 711 1967 782 conjici
2024 726 2145 766 non

494 806 746 873 poterat.
779 809 825 857 A
845 819 940 857 me
969 806 1165 858 autem
1196 803 1308 857 visi
1332 808 1471 857 sunt
1499 801 1737 855 ordines
1768 801 2142 871 angelorum,

491 896 547 946 et
581 908 693 947 vox
726 892 785 945 in
841 896 987 946 meis
1043 892 1287 946 auribus
1339 892 1601 946 resonuit
1650 910 1661 947 :
1701 889 1863 953 Vide,
1911 891 2142 955 dicens,

488 980 693 1051 qualia
720 981 884 1037 bona
912 986 1054 1036 sunt
1092 987 1301 1052 parata
1333 994 1573 1051 sponsae
1618 995 1761 1033 mea;
1792 979 2139 1034 Theodorae.

489 1073 697 1125 Praeter
726 1070 872 1140 haec,
917 1070 1061 1125 mihi
1093 1086 1336 1142 quoque
1385 1069 1718 1140 apparebat
1752 1068 1962 1133 lectus,
1998 1069 2136 1123 fidei

487 1159 682 1229 angeli
710 1160 986 1224 creditus,
1032 1166 1087 1215 et
1142 1159 1441 1214 thalamus
1498 1157 1937 1229 pulchritudine
1990 1157 2135 1211 inef-

485 1247 704 1303 fabilis.
756 1250 901 1304 Cum
946 1255 1142 1304 autem
1193 1248 1590 1318 signiﬁcarem
1623 1248 1695 1302 de
1748 1248 1901 1302 lecto
1948 1246 2047 1301 illo
2079 1254 2134 1301 et

486 1338 750 1394 thalamo
821 1338 1040 1404 doceri,
1109 1353 1395 1409 quaenam
1454 1343 1608 1392 esset
1678 1336 1799 1405 illa,
1855 1336 1949 1391 cui
2008 1337 2135 1390 hac

487 1434 695 1499 parata
736 1436 951 1493 essent,
1009 1435 1065 1483 et
1094 1428 1168 1483 de
1206 1428 1276 1482 iis
1302 1442 1578 1496 rogarem
1624 1442 1727 1483 eos
1762 1426 1864 1498 qui
1894 1426 2136 1481 induce-

484 1516 649 1582 bant,
681 1516 881 1574 statim
914 1517 1057 1572 mihi
1093 1516 1370 1588 apparuit
1417 1517 1634 1571 chorea
1680 1516 2131 1586 prophetarum,

484 1607 1019 1678 apostolorumque
1075 1611 1134 1661 et
1182 1612 1505 1677 martyrum
1559 1621 1697 1660 cum
1742 1604 1875 1660 aliis
1932 1605 2132 1675 justis.

2264 448 2384 517 ὄναρ
2432 448 2487 495 τό
2539 446 2712 496 θεαθὲν
2743 443 2882 513 αύτῷ
2928 450 3035 505 τοῖς
3082 443 3170 495 ὑπ’
3217 443 3371 494 αύτὸν
3420 443 3554 507 ἔλεξε
3585 453 3867 517 μοναχοίς.

2264 532 2455 605 ”ῼμην,
2512 533 2684 599 εἰπὼν,
2742 530 2939 607 ἄνδρας
2993 529 3089 584 δύο
3168 533 3310 604 ὁρᾴν,
3370 536 3619 609 μετέωρόν
3666 554 3746 607 με,
3798 535 3871 595 εἰς

2260 622 2387 692 ύψος
2445 625 2705 696 αἴροντας·
2756 626 2812 673 τό
2867 618 2926 674 δὲ
2976 621 3128 692 ὕψος,
3170 624 3275 674 οἷον
3326 620 3649 688 ἀνείκαστον,
3683 625 3867 696 τάγμα
3930 654 3933 657 ν

2259 708 2318 763 δέ
2350 731 2441 782 μοι
2491 710 2714 783 ἀγγέλων
2747 711 2958 784 ἑωρᾶτο,
2988 716 3125 782 φωνή
3175 730 3224 762 τε
3256 712 3442 782 ὴχεῐτο
3487 719 3602 773 ταῖς
3654 711 3861 782 ἀκοαῖς,

2257 800 2437 865 Βλέπε,
2491 800 2736 872 λέγουσα,
2802 801 2887 851 οἵα
2934 802 3253 871 ἡτοίμασται
3301 797 3571 873 Θεόδωροι,
3634 810 3693 873 τῇ
3756 802 3857 874 ἐμῇ

2253 892 2445 961 νύμφη,
2496 892 2559 940 τα
2614 888 2802 959 ἀγαθά.
2841 892 2971 960 Πρός
3019 891 3220 948 τούτοις
3272 894 3360 940 καὶ
3405 889 3550 946 κλίνη
3582 909 3671 961 μοι
3701 911 3857 943 κατε-

2253 984 2455 1050 φαίνετο
2538 977 2737 1049 ἀγγέλῳ
2827 983 3229 1050 πεπιστευμένη,
3304 983 3392 1029 καὶ

2251 1066 2433 1129 κάλλος
2490 1066 2801 1141 ἀπόρρητον,
2872 1072 2990 1141 περὶ
3040 1066 3229 1118 πολλοῦ
3279 1063 3338 1118 δέ
3396 1086 3485 1138 μοι
3557 1074 3854 1141 ποιουμένῳ

2246 1159 2447 1228 μαθεῖν.
2492 1162 2579 1216 Τίς
2649 1158 2673 1207 ὁ
2724 1161 2953 1228 νυμφὼν,
3009 1158 3033 1207 ὁ
3103 1154 3433 1228 βλεπόμενος,
3488 1161 3576 1208 καὶ
3656 1163 3735 1219 τίς
3818 1160 3849 1216 ἠ

2246 1244 2414 1319 κλίνη,
2460 1252 2550 1297 καὶ
2598 1249 2677 1305 τίς
2725 1248 2888 1302 ἐκείνη
3016 1253 3179 1296 ταύτα
3207 1247 3545 1317 ἡτοίμασται,
3593 1251 3680 1298 καὶ
3731 1254 3855 1319 περὶ

2244 1338 2426 1387 τούτου
2478 1338 2592 1395 τούς
2645 1333 2944 1405 ἀπάγοντας
2991 1333 3264 1408 ἐρωτῶντι,
3319 1334 3467 1396 εύθύς
3517 1340 3707 1409 χορεία
3758 1357 3854 1408 μοι

2245 1432 2543 1497 προφητῶν,
2595 1423 2896 1475 ἀποστολων
2950 1443 3003 1475 τε
3060 1429 3148 1474 καὶ
3208 1426 3485 1497 μαρτύρων
3543 1426 3673 1496 μετὰ
3747 1434 3852 1476 τῶν

2246 1513 2407 1565 ἄλλων
2452 1515 2747 1583 καθεωρᾶτο
2797 1509 3036 1579 δικαίων,
3068 1516 3157 1563 καὶ
3200 1515 3227 1569 η
3278 1518 3487 1587 χορεία,
3519 1518 3683 1584 μέσην
3734 1510 3854 1585 εἶχε

2244 1612 2467 1675 γυναῖκα
2510 1599 2637 1675 δόξῃ
2692 1604 2922 1675 θειοτέρα
2971 1606 3362 1674 κεκοσμημένην
3408 1604 3437 1660 ἦ
3485 1622 3557 1662 τις
3603 1600 3746 1655 ἔνδον
3795 1623 3856 1656 τε

3485 985 3692 1050 νυμφὼν
3790 985 3853 1033 τό

484 1694 713 1751 Chorea
743 1701 942 1751 autem
989 1695 1251 1750 mediam
1277 1695 1539 1750 habebat
1579 1694 1908 1761 mulierem,
1945 1695 2121 1764 gloria

2245 1701 2336 1744 τού
2365 1702 2635 1765 νυμφῶνος
2670 1692 2853 1765 εἰσῄει,
2897 1697 2986 1743 και
3016 1693 3092 1743 ἐπ’
3119 1692 3282 1752 αὐτῆς
3311 1691 3504 1764 ἑωρᾶτό
3535 1711 3623 1763 μοι
3667 1691 3853 1755 κλίνης

480 1785 772 1840 diviniore
800 1791 1097 1851 ornatam,
1129 1800 1265 1855 quae
1297 1791 1353 1839 et
1386 1784 1653 1839 medium
1685 1783 2132 1853 ingrediebatur

481 1873 833 1938 thalamum,
891 1878 945 1929 et
1002 1873 1144 1928 mihi
1194 1873 1505 1929 videbatur
1554 1874 1758 1928 sedere
1820 1874 1880 1926 in
1931 1872 2131 1927 medio

478 1961 652 2018 lecto.
686 1964 793 2028 Qui
838 1978 972 2017 eam
1013 1971 1213 2018 autem
1244 1962 1647 2027 abducebant,
1681 1962 1962 2017 dicebant
1992 1978 2127 2017 eam

480 2067 607 2106 esse
634 2052 916 2108 abbatem
945 2051 1340 2114 Theodorum,
1378 2052 1549 2121 cujus
1584 2052 1762 2106 etiam
1805 2051 2129 2107 conﬁctum

480 2140 667 2195 fuerat
695 2141 919 2197 crimen
952 2141 1159 2212 stupri,
1194 2146 1249 2195 et
1277 2156 1411 2211 qua:
1439 2141 1716 2195 sustinuit
1747 2140 1943 2212 potius
1976 2146 2128 2197 totos

481 2239 709 2303 septem
742 2248 931 2288 annos
971 2248 1001 2287 e
1035 2231 1395 2287 monasterio
1426 2232 1611 2302 ejecta
1640 2232 1845 2301 afﬂigi,
1890 2240 1947 2288 et
1990 2250 2126 2288 cen-

480 2322 594 2375 seri
641 2337 766 2376 esse
838 2328 1003 2393 pater
1059 2320 1182 2389 filii,
1232 2322 1335 2393 qui
1384 2324 1509 2376 erat
1550 2320 1812 2386 alterius,
1864 2337 2125 2394 eumque

478 2411 776 2481 suscipere
806 2410 1088 2466 alendum
1111 2417 1165 2464 et
1188 2410 1592 2473 educandum,
1625 2426 1805 2481 quam
1837 2426 2123 2482 quaenam

477 2506 636 2554 esset
660 2501 808 2571 ipsa,
836 2499 1191 2569 significare,
1224 2505 1275 2554 et
1298 2498 1476 2554 simul
1506 2515 1541 2554 a
1567 2504 1731 2554 tanto
1761 2500 1999 2555 liberari
2029 2502 2126 2556 de-

475 2587 685 2643 decore
707 2595 763 2644 et
783 2588 1100 2644 afﬂictione
1130 2609 1142 2647 :
1168 2595 1221 2643 et
1237 2588 1368 2644 ideo
1392 2596 1673 2644 assecuta
1690 2596 1795 2653 est,
1821 2590 2121 2655 dicebant,

476 2693 631 2742 eam,
665 2694 850 2749 quam
884 2678 1064 2742 vides,
1084 2679 1364 2733 laetitiam.
1393 2681 1523 2733 Haec
1546 2694 1683 2733 cum
1698 2679 2001 2743 vidissem,
2030 2696 2124 2735 me

474 2768 701 2822 remisit
749 2784 1015 2838 somnus,
1045 2778 1101 2824 et
1142 2784 1236 2823 me
1277 2768 1538 2823 converti
1580 2768 1655 2821 ad
1685 2783 1821 2823 mea
1847 2769 2126 2824 deflenda

517 2862 737 2912 eccata.

517 2872 737 2912 eccata.

473 2872 512 2927 Ρ
548 2947 676 2999 ΧΙΧ.
741 2949 868 3000 Haec
906 2962 1045 3000 cum
1103 2950 1420 3010 narrasset,
1482 2945 1753 3015 pervenit
1792 2946 1988 2999 statim
2042 2946 2121 3001 ad

2244 1783 2583 1853 καθεζομένη,
2645 1784 2693 1833 οἱ
2743 1777 2802 1832 δε
2858 1780 3197 1846 ἀσπάζοντες,
3254 1783 3445 1838 ταύτην
3490 1780 3657 1852 ἔλεγον
3716 1778 3851 1833 εἶναι

2241 1875 2324 1922 τόν
2371 1870 2533 1922 ἁϐϐᾶν
2565 1867 2856 1945 Θεόδωρον,
2891 1870 2945 1929 ἧς
2971 1873 3057 1921 καὶ
3088 1874 3145 1920 τό
3187 1877 3282 1929 τῆς
3320 1874 3557 1932 πορνείας
3606 1870 3851 1941 ἔγκλημα

2242 1961 2595 2031 κατεψεύσθη,
2660 1964 2749 2010 καὶ
2802 1959 3056 2029 ἠνέσχετο
3106 1958 3296 2029 μᾶλλον
3354 1959 3475 2032 παρ’
3529 1960 3659 2020 ὁλοις
3710 1960 3849 2012 ἑπτὰ

2240 2052 2379 2101 ἔτεσι
2484 2057 2578 2109 τῆς
2678 2056 2837 2119 μονῆς
2945 2046 3233 2107 ἀπόκλητος
3332 2048 3840 2122 προσταλαιπωρεῖν,

2239 2141 2327 2187 καὶ
2386 2140 2557 2208 πατὴρ
2617 2134 2744 2188 εἶναι
2801 2132 2991 2196 παιδός
3066 2136 3334 2210 ἀλλοτρίου
3387 2139 3694 2209 νομίζεσθαι
3745 2144 3842 2189 καὶ

2238 2230 2429 2299 τροφὴν
2531 2225 2721 2277 ἐκείνου
2800 2230 2886 2277 καὶ
2978 2225 3268 2299 ἀνατροφὴν
3358 2223 3731 2293 ἀναδέξασθαι,
3800 2228 3835 2285 ἦ

2238 2314 2425 2372 ἑαυτῆν
2477 2317 2622 2376 ὅστις
2666 2318 2741 2371 εἰη
2796 2319 3071 2387 γνωρίσαι,
3143 2319 3232 2366 καὶ
3283 2315 3548 2386 αἰσχύνης
3591 2316 3698 2386 ἅμα
3744 2320 3841 2367 καὶ

2238 2407 2498 2464 τοσαύτης
2569 2403 2928 2474 ἀπαλλαγῆναι
2980 2405 3324 2465 κακοπαθείας
3380 2400 3474 2454 διὰ
3520 2412 3668 2455 τούτο
3744 2409 3842 2456 καὶ

2237 2496 2485 2552 τοιαύτης
2531 2494 2594 2555 ἧς
2634 2494 2777 2568 ὁρᾷς,
2808 2492 3024 2555 ἠξίωται
3053 2500 3146 2554 τῆς
3177 2489 3547 2566 φαιδρότητος,
3577 2496 3740 2543 ταύτά
3770 2513 3839 2565 με

2240 2579 2421 2634 ἰδόντα
2464 2585 2488 2634 ὁ
2537 2584 2694 2644 ύπνος
2745 2581 2920 2649 ἀνῆκε,
2969 2588 3211 2657 καὶπρὸς
3240 2588 3297 2634 τό
3332 2585 3531 2656 θρηνεῖν
3582 2586 3668 2643 τὰς
3710 2583 3838 2655 ἐμὰς

2236 2674 2463 2746 ὥρμησα
2477 2672 2746 2747 ἁμαρτίας.

2307 2940 2413 2994 ΙΘ’.
2492 2946 2720 2991 Τοιαῦτα
2799 2935 3188 3010 διηγησάμενον
3262 2938 3410 2999 εύθύς
3479 2940 3544 2999 ὡς
3594 2937 3706 3010 εἶχε
3766 2946 3825 2992 τό

473 3033 681 3088 cellam
707 3042 944 3099 sanctae,
967 3034 1272 3088 monachis
1288 3048 1524 3104 quoque
1545 3050 1681 3087 eum
1703 3035 2117 3105 sequentibus;

2232 3031 2418 3083 κελλίον
2474 3038 2562 3090 τῆς
2618 3032 2763 3089 ὁσίας
2827 3028 3127 3100 κατείληφεν
3185 3028 3438 3100 ἑπομένων
3496 3028 3658 3080 αύτῶν
3733 3035 3823 3081 καὶ

473 3126 697 3177 etcum
745 3122 1041 3193 pulsasset
1092 3124 1329 3186 ostium,
1363 3124 1640 3177 excitavit
1684 3139 1955 3194 puerum.
1987 3126 2117 3179 Jam

471 3211 631 3266 enim
664 3212 847 3266 multo
898 3211 1060 3266 luctu
1098 3227 1236 3266 eum
1284 3217 1663 3282 oppresserat
1687 3228 1951 3268 somnus.
1982 3215 2119 3270 Sur-

471 3301 619 3356 rexit
644 3315 805 3370 ergo,
855 3307 912 3355 et
954 3307 1157 3372 aperto
1202 3300 1349 3356 ostio
1393 3303 1476 3356 eis
1520 3301 1683 3356 dedit
1730 3302 1983 3361 aditum.
2035 3304 2119 3358 llli

470 3392 667 3444 autem
716 3389 967 3458 ingressi
993 3396 1150 3455 sunt,
1185 3397 1239 3445 et
1282 3406 1435 3454 eam,
1474 3406 1609 3462 quas
1662 3398 1751 3447 est
1794 3408 1927 3447 vere
1960 3394 2116 3458 viva,

471 3478 667 3534 vident
698 3485 993 3534 mortuam
1028 3496 1040 3532 :
1071 3487 1126 3534 et
1147 3479 1516 3545 accedentes,
1546 3479 1606 3534 in
1639 3496 1877 3535 sacrum
1902 3498 2118 3553 corpus

470 3566 832 3623 distillarunt
852 3568 1170 3641 lacrymas.
1200 3570 1352 3625 Poro
1383 3575 1583 3624 autem
1617 3570 1892 3641 praefecto
1922 3570 2112 3625 visum

468 3661 553 3711 est
583 3656 1091 3728 intempestivum,
1123 3658 1489 3713 innotescere
1517 3658 1890 3722 miraculum,
1924 3660 2116 3714 donec

467 3760 571 3800 eos
601 3748 963 3813 accersisset,
997 3748 1099 3818 qui
1123 3748 1567 3803 accusationem
1598 3748 1656 3801 in
1684 3764 1817 3802 eam
1848 3757 2116 3804 constru-

466 3841 692 3890 xerant.
769 3837 876 3901 Qui
930 3852 1066 3890 cum
1124 3835 1444 3903 venissent,
1492 3837 1743 3891 ostensis
1815 3839 2114 3909 aliquibus

468 3925 739 3994 partibus
772 3926 924 3980 sacri
965 3927 1230 3996 corporis
1281 3942 1292 3979 :
1348 3927 1573 3990 Videte,
1634 3925 1783 3980 dixit
1847 3926 1951 3991 eis,
1998 3928 2112 3983 hoc

467 4014 873 4083 spectaculum
916 4030 1137 4068 novum
1172 4021 1227 4068 et
1273 4014 1631 4080 inauditum,
1679 4015 1878 4085 qualis
1932 4032 2110 4070 sexus

466 4102 627 4172 quali
682 4119 815 4157 esca
881 4104 1261 4157 tenebrarum
1325 4106 1692 4158 couculcavit
1756 4105 2109 4174 principem.

465 4188 902 4262 Obstupuerunt
932 4206 1139 4246 omnes
1158 4191 1493 4263 spectaculo
1519 4210 1531 4246 :
1565 4198 1621 4246 et
1643 4200 1834 4247 metus
1864 4194 2108 4264 quidem

463 4284 789 4348 stuporem,
812 4287 1034 4335 metum
1054 4288 1253 4336 autem
1282 4280 1562 4350 lacryinte
1595 4286 1735 4335 sunt
1756 4290 2108 4351 consecutae,

465 4370 612 4425 dum
643 4369 1023 4439 reputabant,
1056 4370 1340 4425 adversus
1378 4385 1533 4441 quos
1552 4369 1788 4425 labores
1812 4372 2110 4427 decertare
2140 4409 2184 4463 Β

462 4464 732 4530 oporteat
796 4474 920 4523 eos,
980 4460 1080 4531 qui
1127 4464 1262 4513 sunt
1303 4458 1587 4530 implicati
1628 4461 1895 4532 corporis
1937 4460 2110 4518 affec-

461 4547 736 4604 tionibus.

530 4638 632 4692 ΧΧ.
658 4638 955 4701 Quoniam
987 4642 1186 4692 autem
1212 4651 1322 4692 nec
1354 4638 1633 4693 maritum
1664 4639 1911 4710 quidem
1934 4656 2107 4713 opor-

458 4726 620 4782 tebat
649 4727 897 4781 omnino
951 4731 1158 4782 sancta
1194 4726 1480 4791 frustrari,
1510 4729 1612 4798 qui
1643 4744 1861 4799 purum
1893 4746 1962 4785 ac
1990 4732 2104 4786 sin-

457 4831 659 4871 cerum
691 4814 753 4869 in
794 4832 926 4870 eam
981 4831 1249 4870 amorem
1290 4822 1576 4887 perpetuo
1622 4828 2101 4886 conservaverat,

456 4904 708 4977 angelus
739 4905 1027 4961 accedens
1065 4906 1141 4959 ad
1174 4906 1513 4976 praefectum
1546 4908 1908 4975 monasterii,
1939 4909 2103 4979 jubet

457 5000 520 5049 ut
546 4995 796 5049 mitteret
835 4994 912 5049 ad
951 4994 1241 5049 civitatem
1290 4995 1618 5067 quemdam
1666 5012 1736 5051 ex
1788 4998 2101 5054 monachis

454 5084 1064 5155 equitem,etjuberet
1090 5086 1232 5148 ei,ut
1255 5085 1312 5137 in
1342 5100 1497 5154 equo
1528 5102 1635 5139 suo
1660 5088 1904 5142 collocet
1935 5104 2096 5153 eum,

454 5177 552 5244 qui
572 5176 795 5243 primus
814 5176 863 5228 ei
894 5174 1233 5239 occurrerit,
1264 5180 1318 5228 et
1342 5175 1421 5228 sic
1454 5192 1590 5229 eum
1622 5176 1883 5231 adducat
1913 5194 2097 5249 quam

453 5263 752 5317 citissime.
806 5266 1014 5318 Verum
1041 5265 1342 5319 enimvero
1369 5280 1505 5318 eum
1534 5280 1775 5336 quoque
1801 5268 2003 5322 divina
2020 5270 2097 5323 ad

452 5350 565 5402 hoc
592 5352 870 5421 quautam
903 5351 1188 5406 incitabat
1209 5352 1525 5423 apparitio,
1559 5359 1738 5407 etsua
1768 5368 1978 5424 sponte
2005 5372 2097 5409 ve-

449 5432 743 5494 niebatad
766 5440 1216 5495 monasterium.
1250 5440 1396 5495 Cum
1437 5457 1578 5510 ergo
1630 5441 1683 5496 ei
1722 5441 1913 5497 factus
1940 5449 2095 5500 esset

446 5523 689 5586 obviam
725 5527 1080 5598 monachus,
1119 5533 1179 5587 et
1212 5536 1482 5605 rogasset
1527 5545 1634 5588 cur
1679 5537 1958 5603 curreret,
1997 5532 2096 5591 ille

2227 3129 2328 3180 τῶν
2410 3128 2676 3192 μοναχῶν,
2736 3124 2824 3169 καὶ
2870 3117 3039 3189 κοψας
3091 3123 3183 3175 την
3247 3120 3424 3192 θύραν,
3478 3122 3535 3169 τό
3608 3114 3822 3169 παιδίον

2230 3207 2518 3263 διύπνισεν·
2565 3205 2625 3266 ἧν
2680 3211 2781 3280 γὰρ
2837 3214 2908 3277 τῷ
2964 3206 3131 3277 πολλῷ
3189 3207 3436 3279 κλαυθμῷ
3496 3210 3618 3282 πρὸς
3664 3207 3821 3259 ὕπνον

2228 3297 2333 3358 ἢδη
2392 3301 2717 3369 κατενεχθέν.
2797 3302 3043 3355 Διανέστη
3118 3305 3264 3369 γοῦν,
3340 3303 3430 3349 καὶ¹
3494 3303 3586 3355 την
3664 3300 3824 3372 θύραν

2229 3389 2433 3451 ἀνοίξας
2508 3388 2720 3439 εἰσιέναι
2790 3390 2995 3447 τούτοις
3051 3382 3254 3438 ἐδίδου·
3316 3389 3365 3438 οἱ
3422 3382 3480 3438 δὲ
3556 3390 3821 3458 εισῄεσαν,

2226 3484 2314 3530 καὶ
2417 3483 2508 3535 τὴν
2606 3482 2756 3537 ὅντως
2832 3477 3007 3535 ζῶσαν
3088 3478 3277 3549 ὁρῶσιν
3366 3478 3566 3548 νεκρὰν,
3643 3494 3822 3548 παρα-

2228 3570 2437 3628 στάντες
2512 3564 2720 3638 δάκρυα
2788 3572 2880 3617 τού
2964 3568 3100 3638 ἱερού
3159 3565 3478 3624 κατέσταζον
3557 3571 3821 3637 σώματος.

2223 3665 2305 3727 Τῷ
2362 3666 2652 3729 προεστῶτι
2703 3660 2876 3726 μέντοι
2933 3656 3148 3726 οἰκαιρον
3211 3650 3355 3715 ἔδοξε
3406 3657 3460 3705 τό
3519 3650 3822 3725 παράδοξον

2223 3753 2308 3795 νύν
2367 3742 2687 3814 διαγνωσθεν
2741 3751 2831 3794 τοῦ
2888 3744 3148 3814 θαύματος
3205 3743 3369 3814 ἄχρις
3434 3741 3492 3793 ἆν
3562 3746 3677 3802 τούς
3725 3748 3820 3799 τήν

2222 3839 2538 3906 κατηγορίαν
2598 3832 3002 3903 συμπλέξαντας,
3087 3835 3377 3888 ποιήσηται
3431 3837 3817 3904 μεταπέμτους,

2221 3926 2287 3974 ὧν
2344 3930 2431 3975 καὶ
2481 3923 2818 3995 ἀφικομένων,
2873 3924 2981 3973 ἔνια
3036 3926 3164 3994 μέρη
3232 3929 3325 3973 τού
3379 3924 3515 3995 ἱεροῦ
3576 3929 3820 3994 σώματος

2220 4011 2561 4086 παραδείξας,
2600 4009 2784 4074 Ἴδετε,
2835 4008 2989 4077 εἶπεν,
3018 4012 3184 4061 αὐτῶν
3231 4015 3286 4062 τό
3334 4018 3636 4064 καινοτατον
3666 4020 3818 4064 τοῦτο

2606 3482 2756 3537 ὅντως

2222 4106 2405 4174 θέαμα,
2439 4104 2524 4153 οἱα
2554 4105 2705 4172 φύσις
2753 4101 2844 4171 οῖῳ
2900 4098 3101 4152 δελέατι
3150 4104 3233 4151 τὸν
3264 4109 3355 4152 τού
3407 4109 3628 4163 σκότους
3682 4102 3819 4159 ἠπά-

2220 4211 2374 4250 τησεν
2430 4194 2685 4265 ἄρχοντα,
2742 4189 3011 4253 Ἐξέπληξε
3064 4192 3254 4250 πάντας
3299 4192 3328 4249 ἡ
3379 4193 3485 4242 θέα·
3521 4197 3610 4244 καὶ
3662 4191 3821 4263 φόϐος

2218 4286 2308 4354 μεν
2361 4286 2451 4338 τὴν
2498 4279 2741 4341 ἔκπληξιν
2797 4282 2880 4331 τὸν
2927 4275 2985 4331 δὲ
3040 4278 3211 4351 φόϐον,
3254 4275 3460 4355 δάκρυα
3512 4276 3819 4351 διεδέχοντο

2218 4370 2581 4442 λογιζομένους
2629 4373 2758 4440 πρὸς
2814 4371 2950 4428 οἵους
3005 4374 3192 4428 πόνους
3246 4368 3480 4420 παλαίειν
3520 4368 3819 4440 ὀφείλουσιν

2219 4464 2267 4513 οἱ
2296 4463 2514 4514 πάθεσιν
2545 4458 2882 4531 ἐνεσχημένοι
2911 4464 3243 4530 σωματικοῖς.

2292 4646 2366 4692 κ’.
2439 4640 2579 4691 Ἐπεὶ
2631 4634 2690 4689 δὲ
2743 4632 2848 4689 ἔδει
2902 4638 3101 4697 πάντως
3151 4631 3292 4708 μηδὲ
3341 4638 3424 4689 τὸν
3494 4631 3666 4708 ἄνδρα
3717 4644 3814 4696 τῆς

2215 4732 2360 4789 ὁσίας
2412 4727 2802 4799 ἀπολειφθῆναι,
2854 4728 3079 4800 καθαρόν
3137 4725 3206 4786 είς
3253 4724 3391 4785 τελος
3421 4729 3507 4776 τόν
3553 4729 3683 4800 πρὸς
3722 4725 3814 4776 αύ-

2214 4823 2299 4870 τόν
2356 4816 2649 4890 φυλάξαντα
2699 4818 2877 4872 πόθον,
2932 4814 3183 4888 ’Ἄγγελος
3250 4824 3322 4885 τῷ
3376 4822 3664 4889 προεστῶτι
3714 4822 3812 4877 τῆς

2211 4915 2371 4979 μονῆς
2430 4910 2721 4980 παραστὰς,
2780 4904 2968 4957 κελεύει
3019 4909 3151 4977 πρὸς
3191 4909 3284 4962 τὴν
3341 4903 3487 4956 πόλιν
3544 4906 3660 4956 τινὰ
3709 4913 3810 4954 τῶν

2211 5002 2458 5067 μοναχῶν
2538 4997 2752 5066 ἔφιππον
2822 4992 3100 5065 ἐκπέμψαι,
3180 4991 3455 5067 ἐπιτρέψαι
3502 5010 3555 5043 τε
3622 4994 3671 5043 oi
3720 4995 3807 5042 τόν

2210 5091 2423 5159 πρώτως
2476 5087 2613 5153 αύτῴ
2665 5084 3031 5140 ύπαντήσοντα
3079 5090 3148 5151 τῷ
3208 5082 3347 5153 ἱππῳ
3405 5084 3591 5132 τούτου
3638 5080 3811 5132 ἐπιϐι-

2211 5173 2393 5238 ϐάσαι,
2446 5177 2534 5223 καὶ
2572 5172 2735 5231 οὕτως
2788 5172 2850 5231 ὡς
2896 5174 3132 5243 τάχιστα
3187 5168 3421 5242 ἀγαγεῖν.
3475 5170 3551 5222 Ού
3600 5174 3703 5241 μὴν
3749 5166 3811 5221 δε

2211 5263 2337 5314 ἀλλὰ
2409 5262 2639 5313 κάκεῖνον
2713 5264 2823 5313 θεία
2892 5280 2967 5319 τις
3053 5264 3178 5331 πρός
3258 5268 3408 5312 τούτο
3477 5268 3810 5334 παρωτρυνεν

2212 5354 2479 5425 ἐπιφάνεια
2550 5371 2640 5402 και
2718 5349 3037 5411 αύτοκλητος
3102 5354 3183 5422 ᾔει
3260 5354 3389 5421 πρὸς
3460 5354 3552 5407 τὴν
3624 5353 3807 5421 μονήν.

2211 5445 2347 5498 Ἐπεὶ
2399 5438 2485 5495 οὖν
2517 5443 2720 5501 ύπηντα
2749 5442 2774 5493 6
2813 5444 3049 5513 μοναχὸς
3076 5446 3164 5492 καὶ
3205 5438 3417 5492 ἐπύθετο
3470 5442 3587 5493 ὅτου
3642 5440 3809 5512 χάριν

2206 5535 2233 5589 6
2290 5530 2499 5610 δρόμος·
2542 5533 2567 5584 ὁ
2604 5527 2663 5585 δε
2701 5536 2805 5591 Τὴν
2836 5529 2956 5604 ἐμὴν
2988 5528 3043 5583 ἐκ
3084 5528 3294 5597 πολλοῦ,
3323 5531 3439 5605 ἔφη,
3473 5535 3696 5603 γυναῖκα
3725 5532 3801 5604 μὴ
