4096 6220
253 359 362 414 689

1283 360 1448 415 VITA
1488 362 1548 417 S.
1589 358 1998 416 THEODORE
2038 358 2595 414 ALEXANDRIN/E.

3507 362 3613 417 690

258 486 571 555 θεασάμενος
649 490 736 535 νῦν
802 487 886 536 τόν
962 484 1080 558 βίον
1154 484 1488 539 έκλείπουσαν
1555 486 1850 559 ἁναμαθὼν,

1966 484 2268 556 respondit
2302 499 2315 539 :
2347 483 2495 539 Cum
2514 498 2712 538 meam
2730 498 2979 538 uxorem
2994 484 3175 553 longo
3202 490 3462 558 tempore
3491 502 3613 543 non

252 574 438 643 ἄπειμι
496 574 560 624 τὰ
623 572 888 624 τελευταῖα
951 571 1192 647 δακρύων
1265 575 1444 633 αύτήν.
1502 575 1853 637 Ἀναϐιϐάσας

248 667 421 713 τοίνυν
476 661 560 713 ἔπι
609 666 694 713 τόν
744 665 901 714 ἵππον
954 664 1130 728 αὐτόν,
1181 665 1249 724 εἰς
1297 670 1390 722 τὴν
1444 670 1601 735 μονὴν
1661 670 1853 736 ἤγαγεν

256 749 302 801 έν
358 751 389 822 ᾖ
442 753 500 801 τό
560 752 689 802 θεῖον
747 760 935 813 σκῆνος
987 757 1269 827 προέκειτο,
1432 759 1521 805 καὶ
1576 754 1851 816 ἐπιπεσὼν,

256 844 389 914 πρός
469 844 629 912 ὄνομα
709 845 802 899 τὴν
880 843 1028 894 ὁσίαν
1104 842 1412 909 ἀνεκαλεῖτο,
1472 853 1674 919 πικροῖς
1747 845 1857 915 ἅμα

256 928 647 1004 περιρῥεόμενος
697 927 975 1003 δάκρυσιν,
1028 935 1096 993 ὡς
1152 938 1239 985 καὶ
1315 935 1512 996 πάντας
1563 938 1677 994 τούς
1739 954 1857 985 συν-

258 1019 557 1089 ειλημένους
612 1019 723 1088 (καὶ
773 1022 874 1091 γὰρ
935 1021 1111 1073 πολλοὶ
1167 1028 1253 1074 καὶ
1313 1031 1410 1074 τῶν
1482 1023 1629 1096 πέριξ
1677 1024 1856 1095 ἡθροί-

257 1108 463 1164 σθησαν
516 1109 807 1180 μοναχών),
864 1110 933 1172 εἰς
984 1108 1155 1163 οἶκτον
1205 1108 1493 1186 διερεθίσαι
1552 1115 1681 1185 πρὸς
1733 1114 1858 1164 ὑπό-

253 1201 450 1267 μνησίν
502 1216 554 1248 τε
604 1205 701 1250 τῶν
751 1196 1105 1271 βεϐιασμένων
1159 1201 1343 1262 αύτούς
1392 1199 1624 1273 ἀγαγεῖν,
1676 1204 1741 1263 ως
1793 1199 1858 1253 εἷ-

251 1304 338 1335 ναι
394 1288 582 1350 πάντα,
642 1289 707 1338 τά
758 1306 812 1339 τε
870 1289 1121 1360 ὁρώμενα,
1178 1292 1242 1341 τά
1291 1309 1344 1342 τε
1413 1296 1515 1362 μὴν
1571 1290 1859 1363 ἀκουόμενα

249 1370 570 1440 συνειδότος,
602 1374 901 1441 ἀνάπτυξις,
940 1382 1029 1429 καὶ
1060 1378 1242 1449 ψυχῆς
1275 1378 1501 1451 ἀτεχνῶς
1525 1383 1674 1452 ἴαμα.

330 1638 455 1691 ΚΑ’.
516 1640 642 1711 Ὀψε
715 1639 773 1695 δε
842 1651 929 1697 καὶ
998 1646 1142 1717 μόλις
1204 1654 1295 1697 τοῦ
1344 1648 1559 1707 πένθους
1609 1646 1859 1711 λήξαντος

257 1727 462 1800 ψαλμοὶ
508 1734 596 1781 καὶ
640 1732 790 1802 ύμνοι
833 1735 897 1785 τὰ
943 1743 1040 1785 τῶν
1087 1737 1283 1807 θρήνων
1327 1736 1480 1796 εὐθὺς
1529 1733 1853 1809 διεδέχοντο,

1964 574 2234 637 viderim,
2267 580 2323 628 et
2348 589 2479 628 eam
2506 587 2663 627 nunc
2685 587 2715 627 e
2744 572 2867 627 vita
2895 574 3219 629 excessisse
3250 576 3610 641 resciverim,

1964 662 2119 717 vado
2149 678 2279 717 earn
2330 667 2589 716 extremo
2638 660 2979 716 deﬂeturus.
3024 663 3171 717 Cum
3202 679 3340 718 eum
3381 680 3517 735 ergo
3558 666 3612 719 in

1965 767 2189 823 equum
2218 750 2572 814 sustulisset,
2615 748 2782 804 duxit
2814 749 2872 803 in
2904 750 3358 817 monasterium,
3404 752 3464 807 in
3496 769 3614 825 quo

1962 840 2201 912 jacebat
2248 839 2521 894 divinum
2592 837 2737 893 illud
2798 838 3274 897 tabernaculum.
3325 841 3412 895 Ad
3451 843 3617 913 quod

1967 945 2098 985 cum
2120 928 2401 993 irruisset,
2421 932 2692 982 sanctam
2710 927 3618 993 vocabatnominatim,acerbas

1970 1018 2147 1073 simul
2180 1018 2429 1072 fundens
2460 1017 2775 1089 lacrymas,
2806 1017 2956 1071 adeo
2992 1024 3051 1072 ut
3074 1033 3304 1083 omnes,
3329 1018 3431 1089 qui
3452 1024 3619 1074 erant

1969 1108 2327 1177 congregati,
2384 1109 2809 1175 (convenerant
2857 1107 3017 1161 enim
3065 1108 3229 1163 multi
3276 1124 3347 1163 ex
3396 1107 3465 1161 iis
3517 1110 3619 1180 qui

1970 1196 2321 1252 habitabant
2352 1195 2741 1251 circumcirca
2782 1196 3113 1266 monachis)
3155 1204 3508 1267 provocaret
3545 1197 3620 1252 ad

1966 1286 2276 1358 lacrymas,
2318 1290 2372 1340 et
2398 1284 2716 1339 deduceret
2743 1283 2819 1339 ad
2846 1300 3056 1339 eorum
3099 1285 3225 1340 vita:
3268 1286 3621 1341 recordatio-

1968 1391 2129 1430 nem.
2164 1375 2365 1446 Itaque
2406 1381 2571 1429 erant
2622 1372 2849 1436 omnia,
2901 1377 3023 1428 tam
3065 1390 3195 1445 quas
3245 1374 3619 1444 videbantur,

1968 1480 2152 1535 quam
2184 1478 2319 1535 quin
2364 1462 2782 1525 audiebantur,
2813 1463 3185 1518 conscientia
3231 1462 3618 1534 refrigeratio,

1968 1557 2024 1608 et
2053 1567 2255 1607 revera
2274 1551 2491 1607 animae
2525 1550 2839 1606 medicina.

2039 1642 2173 1698 XXI.
2220 1642 2365 1696 Cum
2411 1639 2606 1695 luctus
2650 1644 2852 1694 autem
2884 1639 2977 1695 vix
3025 1640 3270 1696 tandem
3320 1640 3618 1705 desiisset,

1969 1730 2186 1802 psalmi
2215 1734 2271 1784 et
2294 1729 2504 1801 hymni
2546 1729 2743 1784 statim
2773 1727 2999 1783 luctum
3035 1735 3171 1783 sunt
3201 1730 3623 1785 consecuti.‘Et

258 1821 345 1867 καὶ
400 1819 565 1880 οὕτως
621 1818 1023 1893 ὶξοσιωσείμενοι
1071 1828 1127 1876 τό
1176 1824 1461 1876 πολύαθλον
1505 1824 1662 1878 ἐκεῖνο
1709 1836 1857 1899 σῶμα

1970 1819 2052 1873 sic
2070 1818 2245 1888 justis
2278 1817 2446 1872 factis
2474 1817 2869 1873 illilaborioso
2891 1822 2948 1873 et
2969 1823 3351 1874 sacrosancto
3364 1818 3618 1890 corpori,

262 1913 355 1958 καὶ
409 1909 697 1981 ἱερώτατον,
757 1910 967 1974 κόλποις
1018 1921 1105 1974 τῆς
1160 1922 1257 1985 γῆς
1313 1917 1633 1987 κρύπτουσιν
1688 1916 1748 1967 οὗ
1802 1921 1857 1968 τό

263 2005 463 2068 πνεῦμα
542 2006 633 2050 τοῦ
706 1998 942 2073 Ἀϐραὰμ
1011 2002 1193 2054 κόλποι
1262 2009 1449 2077 νοεεροὶ
1522 2001 1855 2069 ὑπεδέξαντο,

257 2089 324 2136 Τί
352 2089 409 2136 τὸ
440 2089 569 2157 μετὰ
610 2096 812 2155 ταῦτα;
844 2093 921 2142 Τὰ
968 2090 1182 2157 ἐκείνης,
1215 2094 1239 2143 ό
1283 2096 1471 2153 ταύτης
1515 2092 1643 2164 ἀνὴρ
1692 2091 1857 2147 διεδέ-

253 2174 421 2241 ξατο;
475 2181 575 2229 Καὶ
632 2185 740 2239 τοῖς
803 2186 894 2231 τοῦ
959 2186 1161 2251 κόσμου
1212 2188 1373 2234 πᾶσιν
1450 2182 1854 2254 ἀποταξάμενος,

248 2268 342 2315 καὶ
416 2273 520 2325 τοῖς
577 2274 833 2338 μοναχοῖς
907 2268 1201 2341 ἐναρίθμιον
1269 2271 1449 2323 ἑαυτὸν
1510 2274 1728 2344 θέμενος,
1787 2274 1857 2335 εἰς

250 2354 421 2423 ἔρωτά
470 2373 523 2406 τε
577 2357 807 2427 ἡσυχίας
859 2356 1036 2426 ἐλθὼν,
1092 2362 1149 2411 τό
1203 2359 1395 2412 κελλίον
1463 2360 1709 2431 λαμϐάνει
1764 2371 1857 2423 τῆς

252 2440 553 2514 Θεοδωρας,
609 2442 897 2498 σπουδαῖόν
956 2466 1007 2499 τε
1061 2453 1148 2499 καὶ
1198 2448 1464 2525 φιλάρετον
1520 2449 1639 2522 βίον
1687 2450 1858 2504 ἐπανε-

247 2532 463 2601 λόμενος
546 2543 769 2607 χρηστῷ
842 2535 970 2588 τέλει
1046 2542 1132 2595 τὴν
1206 2539 1342 2598 ζωὴν
1396 2539 1658 2594 καταλύει.
1717 2541 1855 2594 Ἐπεὶ

253 2617 345 2673 οὖν
404 2625 643 2680 τοιαύτην
698 2622 905 2695 ἀγωγὴν
960 2627 1008 2677 οἱ
1081 2632 1308 2699 μοναχοὶ
1358 2628 1653 2694 ἐθεάσαντο,
1708 2627 1857 2681 οῦδὲν

257 2706 468 2780 ἀπᾷδον
522 2710 762 2784 ἐνόμισαν
812 2718 870 2766 τό
930 2713 1235 2789 ἀμφοτέροις
1284 2718 1369 2769 ἕνα
1421 2723 1509 2769 καὶ
1562 2722 1648 2770 τόν
1700 2722 1858 2792 τάφον

258 2800 527 2871 γενέσθαι,
584 2797 676 2853 διὰ
728 2811 818 2854 τοῦ
874 2808 964 2855 καὶ
1023 2814 1165 2877 κοινῇ
1227 2808 1290 2857 τὰ
1345 2806 1562 2877 λείψανα
1612 2817 1710 2859 τών
1760 2806 1859 2861 δύο

256 2890 554 2954 κατέθεντο,
614 2890 673 2942 ού
740 2896 842 2963 μὴν
900 2892 1029 2945 ἀλλὰ
1078 2900 1165 2947 καὶ
1235 2899 1292 2947 τό
1346 2893 1557 2948 παιδίον
1615 2901 1857 2951 τοιούτων

252 2981 459 3051 μέτρων
522 2978 709 3051 ἀρετῆς
762 2980 951 3053 ἤρατο,
1011 2984 1075 3043 ὡς
1128 2989 1217 3036 καὶ
1293 2994 1386 3046 τῆς
1446 2993 1607 3057 μονῆς
1666 2986 1858 3050 ἐκείνης

256 3076 549 3141 προστῆναι
595 3073 766 3143 κρίσει
810 3067 1029 3124 δικαίων
1072 3081 1172 3125 τῶν
1216 3077 1303 3126 τόν
1336 3073 1452 3147 βίον
1495 3076 1637 3147 αύτῷ
1682 3096 1855 3130 συνει-

249 3153 444 3222 δότων,
493 3163 580 3211 καὶ
626 3165 952 3231 προστασίας
1000 3166 1246 3225 τοιαύτης
1290 3164 1579 3236 ἐφιεμένων.
1612 3172 1854 3219 Τοιοῦτον
1888 3186 1929 3244 C

245 3254 351 3298 τῶν
409 3247 605 3299 πολλῶν
668 3254 832 3301 πόνων
889 3259 985 3313 τῆς
1057 3258 1320 3327 μακαρίας
1376 3257 1432 3305 τό
1488 3260 1658 3327 πέρας.
1712 3256 1850 3315 Αύτη

246 3344 355 3387 τῶν
407 3342 651 3407 γενναίων
692 3338 857 3391 ἄθλων
903 3340 1067 3403 αὐτῆς
1114 3343 1143 3399 ἠ
1193 3338 1461 3413 διήγησις.
1500 3345 1555 3397 Εἰ
1598 3341 1685 3397 οὖν
1730 3344 1853 3404 ἀλη-

252 3427 361 3488 θες,
408 3428 579 3501 ὥσπερ
629 3435 717 3480 καὶ
768 3427 961 3490 ἀληθὴς
1006 3432 1030 3482 ό
1084 3431 1286 3484 Παύλου
1334 3432 1497 3503 λόγος,
1533 3437 1590 3485 τό
1634 3436 1851 3487 ἕκαστον

245 3518 341 3567 τόν
388 3512 525 3567 ἴδιον
576 3522 728 3570 πόνον
774 3517 1059 3589 λήψεσθαι,
1103 3529 1206 3582 πῶς
1248 3522 1305 3572 ού
1349 3528 1584 3597 μακαρία
1627 3532 1698 3594 τῷ
1746 3529 1853 3576 ὄντι

243 3608 342 3656 καὶ
396 3609 523 3658 Θεοῦ
580 3603 748 3681 δῶρον
794 3610 823 3665 ἡ
878 3606 1149 3685 Θεοδώρα,
1208 3614 1465 3663 τοσούτων
1515 3618 1677 3665 πόνων
1735 3635 1854 3667 τοσ-

248 3697 436 3755 ούτους
520 3692 963 3769 ἀπολαμϐάνουσα
1038 3703 1157 3760 τοὺς
1252 3703 1471 3772 μισθούς
1503 3722 1516 3735 ο
1601 3703 1659 3763 ἧς
1738 3712 1854 3767 ταῖς

251 3783 555 3857 πρεσϐείαις
606 3790 696 3837 καὶ
749 3788 893 3858 ἡμῶν
964 3793 1164 3859 γένοιτο
1217 3798 1307 3851 τῆς
1373 3799 1472 3842 τῶν
1550 3793 1853 3865 σωζομένων

249 3875 495 3944 γενέσθαι
569 3871 807 3949 μερίδος,
884 3880 1069 3951 χάριτι
1146 3884 1234 3932 καὶ
1311 3879 1667 3954 φιλανθρωπίᾳ
1722 3890 1852 3954 Χρι-

252 3969 386 4014 στοῦ
442 3961 689 4021 ἀληθινοῦ
743 3973 875 4019 Θεοῦ
925 3968 1089 4039 ἡμῶν,
1231 3972 1260 4028 ἠ
1314 3967 1446 4033 δόξα
1491 3976 1581 4023 καὶ
1624 3975 1681 4023 τό
1730 3974 1850 4045 κρά-

246 4071 359 4117 τος,
417 4060 504 4104 νῦν
557 4058 646 4106 καὶ
699 4052 798 4118 ἀεὶ,
846 4061 934 4109 καὶ
983 4057 1055 4119 εἰς
1102 4062 1218 4119 τοὺς
1260 4059 1443 4120 αἰῶνας
1491 4069 1589 4111 τῶν
1633 4060 1847 4116 αἰώνων.

246 4141 441 4213 ’Δμήν,

317 4445 755 4519 ιιεοωιω.

1968 1906 2028 1961 id
2064 1908 2198 1962 sinu
2236 1911 2403 1962 terrae
2435 1906 2834 1968 abscondunt,
2887 1907 3063 1977 cujus
3122 1908 3394 1979 spiritum
3451 1907 3619 1961 sinus

1971 1996 2244 2063 Abrahae,
2307 1996 2353 2049 si
2418 1994 2803 2065 intelligentia
2858 2002 3178 2067 spectetur,
3240 2002 3618 2067 exceperunt.

1969 2086 2267 2152 Quidnam
2309 2090 2395 2141 est
2432 2085 2561 2140 haec
2601 2090 2983 2141 consecutum
3023 2086 3052 2140 ?
3106 2085 3190 2140 Fit
3228 2101 3426 2141 rerum
3465 2086 3621 2142 illius

1970 2176 2217 2231 maritus
2246 2174 2377 2248 ejus
2402 2190 2712 2230 successor
2744 2197 2756 2229 :
2784 2179 2840 2230 et
2865 2190 3003 2229 cum
3018 2175 3191 2229 rebus
3209 2175 3493 2231 omnibus
3516 2179 3622 2230 hu-

1962 2267 2062 2337 jus
2092 2264 2301 2319 mundi
2335 2263 2748 2327 renuntiasset,
2782 2268 2839 2319 et
2892 2264 3158 2335 seipsum
3201 2264 3522 2319 retullisset
3558 2263 3621 2319 in

1967 2370 2285 2410 numerum
2354 2352 2808 2417 monachorum,
2850 2357 2908 2408 et
2966 2358 3178 2424 captus
3216 2358 3373 2409 esset
3414 2369 3621 2409 amore

1965 2443 2180 2516 quietis
2226 2447 2281 2497 et
2311 2441 2542 2508 silentii,
2601 2441 2825 2497 cellena
2884 2442 3099 2513 accipit
3146 2442 3469 2498 Theodorus
3511 2459 3524 2509 ;
3568 2447 3624 2499 et

1966 2549 2101 2588 cum
2132 2532 2357 2587 bonam
2384 2531 2658 2595 vitam,et
2687 2547 2758 2585 ex
2785 2531 2993 2586 virtute
3021 2532 3322 2600 agendam
3346 2532 3623 2600 elegisset

1966 2618 2127 2673 bono
2156 2618 2273 2672 ﬁne
2304 2619 2489 2673 vitam
2529 2618 2770 2673 claudit.
2812 2618 2956 2673 Cum
2997 2634 3139 2688 ergo
3170 2619 3459 2674 vidissent
3497 2636 3623 2674 mo-

1968 2707 2141 2763 nachi
2173 2723 2310 2762 eum
2366 2708 2447 2762 sic
2488 2708 2669 2762 vitam
2700 2707 2911 2775 egisse,
2946 2707 3089 2763 nihil
3143 2706 3405 2762 alienum
3428 2707 3622 2762 existi-

1967 2801 2227 2863 marunt,
2282 2812 2413 2852 esse
2473 2796 2793 2851 amborum
2851 2812 3041 2851 unum
3097 2803 3151 2851 et
3200 2796 3359 2851 idem
3418 2796 3621 2867 sepul-

1966 2900 2173 2949 crum;
2220 2890 2535 2956 pr0pterea
2583 2886 2998 2949 communiter,
3034 2890 3089 2940 et
3134 2884 3197 2939 in
3245 2884 3457 2940 eodem
3488 2884 3619 2941 loco

1965 2973 2373 3045 deposuerunt
2422 2974 2739 3029 amborum
2794 2973 3103 3046 reliquias.
3180 2973 3362 3029 Porro
3417 2978 3618 3030 autem

1966 3078 2114 3134 puer
2151 3077 2392 3135 quoque
2433 3078 2503 3118 eo
2537 3063 2823 3134 processit
2867 3061 3119 3126 virtutis,
3154 3066 3218 3117 ut
3256 3062 3435 3117 etiam
3476 3078 3620 3133 prae-

1965 3150 2136 3206 fuerit
2189 3151 2268 3206 illi
2318 3151 2705 3215 monasterio,
2759 3151 2920 3222 justo
2961 3167 3172 3207 eorum
3222 3150 3476 3223 judicio,
3514 3152 3619 3223 qui

1964 3240 2140 3295 vitam
2195 3240 2351 3295 illius
2408 3240 2874 3311 cognoscebant,
2927 3244 2984 3296 et
3038 3256 3175 3295 eum
3240 3239 3356 3296 sibi
3398 3239 3617 3311 praeﬁci

1960 3329 2460 3385 desideraverant.
2543 3329 2697 3385 Talis
2746 3329 2854 3385 fuit
2919 3328 3058 3384 ﬁnis
3095 3329 3375 3385 laborum
3435 3330 3616 3400 hujus

1961 3420 2168 3480 beatae,
2226 3425 2281 3475 et
2350 3419 2471 3474 haec
2530 3424 2621 3474 est
2678 3420 2940 3475 narratio
2998 3420 3125 3489 ejus
3186 3420 3615 3491 praeclarorum

1959 3508 2375 3563 certaminum.
2408 3508 2463 3564 Si
2494 3522 2637 3576 ergo
2666 3523 2874 3563 verum
2900 3513 3006 3573 est,
3037 3512 3101 3564 ut
3126 3525 3335 3564 verum
3367 3508 3617 3581 quidem

1960 3602 2135 3663 certe,
2169 3596 2334 3669 quod
2377 3596 2520 3652 dicit
2562 3596 2783 3652 Paulus
2806 3599 2849 3661 9,
2903 3613 3404 3670 unumquemque
3445 3614 3615 3654 acce-

1960 3691 2201 3757 pturum
2233 3684 2539 3757 propriam
2564 3684 2901 3740 mercedem
2935 3685 3271 3741 secundum
3304 3687 3614 3757 proprium

1912 3770 1919 3773 Α
1958 3775 2227 3831 laborem
2262 3772 2814 3848 tquemadmodum
2841 3790 2961 3829 non
2979 3778 3067 3829 est
3099 3775 3295 3843 beata,
3328 3780 3385 3830 et
3408 3791 3616 3832 revera

1962 3864 2062 3919 Dei
2092 3863 2321 3919 donum
2359 3862 2690 3927 Theodora,
2733 3878 2868 3933 qua;
2912 3863 3248 3918 mercedem
3279 3864 3495 3935 accipit
3534 3867 3615 3921 tot

1958 3951 2229 4008 laborum
2269 3953 2297 4008 ?
2337 3953 2518 4023 Cujus
2558 3951 3085 4007 intercessionibus
3125 3952 3509 4018 concedatur,
3550 3958 3615 4010 ut

1959 4057 2069 4097 nos
2099 4057 2338 4115 quoque
2363 4041 2550 4097 simus
2574 4057 2605 4096 e
2635 4056 2887 4096 numero
2914 4056 3122 4096 eorum
3150 4041 3254 4114 qui
3281 4041 3434 4097 salvi
3464 4041 3616 4099 fiunt

1958 4131 2147 4201 gratia
2192 4135 2248 4187 et
2301 4130 2617 4186 clementia
2671 4128 2882 4186 Christi
2929 4130 3052 4186 veri
3105 4131 3203 4187 Dei
3260 4131 3467 4197 nostri,
3516 4130 3612 4187 cui

1958 4219 2149 4291 gloria
2184 4226 2242 4278 et
2276 4218 2564 4294 potentia;
2609 4234 2770 4276 nunc
2808 4224 2865 4277 et
2894 4235 3154 4294 semper,
3200 4226 3254 4279 et
3292 4222 3354 4279 in
3396 4220 3613 4280 saecula

1958 4308 2337 4367 saculorum.
2366 4312 2577 4366 Amen.
