4096 6220
509 219 609 277 691
1815 216 2076 274 MENSIS
2118 217 2126 269 ξ

2244 213 2562 272 'TEMBEB.
3766 214 3861 270 692

512 389 3863 430 Μ

1829 540 2521 659 ΑΘΛΗΣΙΣ

1342 804 1471 852 ΤΟΥ
1509 802 1708 853 ΑΓΙΟΥ
1745 802 1858 851 ΚΑΙ
1901 798 2201 851 ΕΝΔΟΞΟΥ
2236 800 2581 850 ΜΑΡΤΥΡΟΣ
2618 801 2750 850 ΤΟΥ
2787 800 3072 850 ΧΡΙΣΤΟΥ

1448 1001 2918 1181 ΑΥΤΟΝΟΜΟΥ.

847 1448 1715 1570 MARTYRIUM
1861 1447 1967 1567 S.
2099 1447 2839 1572 MARTYRIS
2958 1443 3554 1567 CHRISTI

1661 1688 2727 1836 AUTONOMI.

924 1958 1129 2020 (Latine
1153 1956 1297 2021 apud
1323 1954 1537 2005 Surium
1561 1953 1629 2006 ad
1654 1953 1795 2002 diem
1822 1953 1880 2000 12
1911 1950 2237 2016 Septembris
2260 1967 2270 2009 ;
2305 1951 2479 2003 Greece
2510 1968 2576 2004 ex
2603 1954 2720 2005 cod.
2752 1968 2851 2004 ms.
2881 1954 3043 2005 Paris.
3078 1954 3196 2004 l523
3222 1967 3338 2003 saec.
3365 1954 3482 2016 xu.)

595 2306 636 2361 Ι.
664 2304 847 2377 Eque
876 2318 1004 2360 esse
1017 2301 1346 2360 absurdum
1368 2299 1665 2365 existimo,
1693 2304 1748 2357 et
1775 2299 2018 2374 loquiea
2038 2315 2172 2372 quae
2209 2347 2212 2354 .

2244 2332 2255 2354 ι
2357 2302 2433 2356 A’.
2488 2308 2594 2364 Τῆς
2640 2306 2766 2366 ἴσης
2815 2302 3031 2364 ἀτοπίας
3088 2300 3215 2357 εἶναι
3257 2303 3460 2375 νομίζω
3516 2306 3575 2353 τό
3626 2320 3677 2353 τε
3737 2301 3861 2372 φθέγ-

522 2409 644 2451 non
664 2396 918 2465 oportet,
964 2396 1021 2449 et
1041 2407 1176 2465 quae
1210 2394 1349 2446 sunt
1373 2390 1621 2462 pulchra
1652 2396 1707 2445 et
1730 2391 1982 2446 honesta
2010 2404 2139 2445 man

2284 2392 2473 2461 γεσθαι
2514 2394 2579 2444 τὰ
2628 2397 2700 2464 μὴ
2750 2389 2953 2458 δέοντα,
2986 2398 3073 2446 καὶ
3120 2397 3178 2445 τό
3218 2395 3284 2444 τὰ
3327 2392 3465 2444 καλά
3498 2387 3707 2444 διδόναι
3737 2394 3856 2459 σιγῇ.

523 2483 667 2539 dare
698 2480 946 2538 silentio.
983 2482 1285 2547 Quantum
1315 2479 1473 2535 enim
1501 2479 1842 2536 auditorum
1872 2478 2032 2534 laedit
2054 2479 2140 2534 ani

2289 2483 2388 2531 Καὶ
2444 2481 2541 2551 ’γὰρ
2597 2482 2716 2532 ὅσον
2770 2483 2794 2533 ό
2850 2484 2914 2533 τά
2963 2486 3034 2553 μὴ
3084 2481 3219 2533 καλά
3268 2478 3615 2552 διηγούμενος
3654 2482 3735 2537 τὰς
3778 2484 3858 2527 τῶν

524 2588 655 2629 mos
698 2571 766 2636 is,
811 2569 918 2643 qui
969 2576 1173 2627 narrat
1202 2585 1293 2632 ea,
1334 2586 1470 2642 quae
1520 2585 1641 2625 non
1688 2575 1828 2624 sunt
1875 2569 2125 2623 honesta

2288 2566 2549 2643 ἀκροατων
2607 2569 2793 2641 ἔϐλαψε
2861 2570 3062 2642 ψυχὰς,
3120 2578 3367 2624 τοσοῦτον
3449 2572 3474 2623 ὁ
3535 2571 3630 2631 τὰς
3692 2565 3858 2638 ἀγαθὰς

524 2668 758 2719 tantum
817 2660 885 2727 is,
932 2659 1033 2733 qui
1077 2659 1311 2716 silentio
1373 2658 1631 2731 praeterit
1656 2658 1849 2713 bonas
1894 2658 2141 2713 actiones

2288 2666 2385 2709 τῶν
2437 2659 2666 2731 πράξεων
2718 2667 2839 2733 σιγῇ
2892 2657 3164 2735 παραδοὺς
3202 2668 3293 2720 τῆς
3337 2659 3388 2722 ἐξ
3437 2662 3607 2710 αὐτῶν
3652 2656 3856 2728 ὠφελείας

527 2751 721 2823 privat
745 2749 876 2822 pios
909 2749 1176 2814 utilitate,
1209 2765 1394 2821 quam
1417 2755 1679 2804 erantex
1706 2747 1790 2804 eis
1820 2747 2144 2820 percepturi

2288 2751 2403 2807 τοὺς
2475 2748 2787 2816 φιλευσεϐεῖς
2840 2748 3182 2824 ἀπεστέρησε.
3232 2752 3406 2822 Ταύτῃ
3461 2768 3542 2801 τοι
3599 2754 3685 2799 καὶ
3737 2747 3857 2815 ἡμεῖς

528 2842 612 2898 Ea
639 2841 710 2897 de
739 2838 1448 2909 causareligiosissimam
1474 2838 1795 2892 Autonomi
1822 2837 2028 2902 vitam,
2046 2852 2145 2908 qui

2290 2839 2374 2888 τὸν
2428 2842 2619 2909 μέχρις
2666 2840 2810 2907 ἡμῶν
2890 2837 3095 2891 ἐλθόντα
3148 2838 3522 2911 φιλοθεώτατον
3601 2837 3855 2904 Αὑτονομον

532 2929 609 2987 ad
633 2945 745 2985 nos
790 2943 980 2999 usque
1010 2928 1297 2998 pervenit,
1334 2927 1651 2983 statuimus
1699 2942 1819 2982 non
1863 2930 2057 2995 tegere
2108 2925 2149 2979 si

2292 2924 2409 2998 βίον
2453 2927 2545 2977 οὐκ
2587 2930 2806 2999 ἔγνωμεν
2856 2937 2978 3001 σιγῇ
3026 2928 3383 3001 κατακρύψαι,
3418 2926 3554 2979 ἀλλά
3602 2922 3856 2997 φιλοκάλοις

529 3018 727 3083 lentio,
759 3016 865 3073 sed
897 3014 1235 3072 studuimus
1253 3032 1387 3072 eam
1412 3015 1640 3071 tradere
1663 3015 1777 3087 piis
1805 3014 2067 3070 auribus.
2096 3017 2146 3069 E1

2292 3015 2447 3066 αὑτὸν
2502 3014 2677 3076 ἀκοαῖς
2741 3012 3072 3090 παραδοῦναι
3142 3018 3603 3090 προεθυμήθημεν.
3662 3014 3854 3084 Ἔφθασι

529 3106 688 3163 enim
719 3104 798 3162 ad
822 3119 931 3160 nos
961 3110 1357 3177 pervenerunt
1382 3119 1473 3159 res
1496 3104 1789 3176 martyris,
1814 3104 2023 3175 partim
2054 3105 2146 3176 qui

2289 3106 2389 3178 γὰρ
2444 3110 2531 3155 καὶ
2583 3105 2654 3167 εἰς
2700 3107 2837 3176 ἡμᾶς
2888 3110 2952 3158 τά
2996 3115 3087 3158 τοῦ
3136 3108 3418 3179 μάρτυρος,
3464 3113 3617 3157 τοῦτο
3666 3105 3743 3175 μὲν
3786 3102 3853 3150 καὶ

531 3195 670 3252 dem
699 3210 736 3251 a
764 3194 1031 3268 quodam
1053 3194 1153 3267 qui
1186 3209 1288 3250 eas
1314 3193 1686 3266 scripsitante
1715 3208 1824 3248 nos
1850 3193 2046 3264 :cujus
2077 3192 2148 3248 fui

2293 3193 2392 3246 ἀπό
2442 3213 2579 3256 τινος
2634 3204 2731 3246 τῶν
2786 3200 2881 3269 πρὸ
2940 3198 3084 3268 ἡμῶν
3149 3199 3214 3247 τά
3267 3194 3465 3248 ἐκείνου
3529 3191 3848 3254 συντάξαντος,

529 3283 777 3359 quidem
792 3284 948 3340 bona
961 3299 1154 3349 mens,
1174 3298 1296 3339 non
1313 3281 1505 3340 adfuit
1526 3288 1725 3339 autem
1739 3282 2030 3352 etlingua,
2047 3298 2146 3353 qut

2290 3288 2379 3335 καὶ
2442 3280 2649 3354 διανοίᾳ
2724 3289 2812 3357 μὲν
2886 3284 3053 3357 ἀγαθῇ
3113 3289 3480 3359 χρησαμένου,
3538 3283 3757 3354 γλῶτταν
3807 3272 3851 3328 δί

528 3380 734 3448 posset
748 3377 1183 3446 consequenter
1197 3388 1358 3429 suam
1373 3372 1661 3445 explicare
1680 3370 2145 3439 sententiam,im

2290 3370 2537 3445 οὐδαμῶς
2586 3374 2966 3448 εὐπορήσαντος
3014 3382 3075 3447 τῇ
3130 3381 3308 3447 γνώμη
3365 3376 3723 3445 συνεπομένην,
3766 3365 3848 3417 ἀλλ’

526 3467 774 3538 propter
789 3461 1085 3518 inscitiam
1103 3462 1290 3517 multa
1306 3460 1730 3527 confundebat,
1747 3466 1800 3517 et
1813 3459 2143 3530 contegebat

2292 3460 2490 3534 ἀμαθίᾳ
2553 3464 2618 3514 τὰ
2676 3462 2834 3515 πολλὰ
2895 3467 3210 3535 συγχέοντος
3261 3468 3349 3515 καὶ
3401 3461 3846 3533 συγκαλύπτοπος⁸

528 3552 745 3628 partim
774 3557 971 3609 autem
1006 3567 1041 3607 a
1069 3550 1204 3608 viris
1230 3552 1331 3623 qui
1358 3551 1415 3605 in
1440 3567 1676 3607 sacrum
1708 3551 1981 3607 ordinem
2013 3565 2145 3605 eran

2290 3558 2441 3602 τοῦτο
2475 3547 2532 3604 δὲ
2581 3556 2667 3603 καὶ
2702 3549 2774 3603 δι’
2808 3548 3009 3622 ἀνδρῶν
3050 3561 3146 3604 τῶν
3191 3553 3429 3624 ἱερᾶσθαι
3458 3550 3722 3622 λαχόντων
3759 3541 3848 3595 κατ’

532 3641 793 3700 allectiin
808 3656 979 3698 sacro
994 3640 1214 3713 templo
1229 3642 1588 3714 martyris,et
1602 3641 1705 3714 qui
1719 3656 1907 3696 rerum
1922 3641 2149 3712 ipsarur

2232 3652 2253 3707 ζ,
2289 3639 2441 3691 αὐτὸν
2486 3642 2571 3690 τόν
2614 3648 2703 3691 τοῦ
2747 3644 3009 3715 μάρτυρος
3054 3640 3211 3711 εὐαγῆ
3265 3643 3404 3705 ναὸν,
3439 3645 3534 3692 καὶ
3581 3637 3753 3707 μᾶλλον
3781 3630 3849 3682 αὐ-

529 3731 837 3789 veritatem
877 3729 1216 3801 diligentius
1254 3729 1650 3803 inquisieram
1688 3736 1743 3786 et
1795 3729 2146 3801 collegerant

2287 3736 2385 3779 τῶν
2439 3733 2529 3785 τὴν
2579 3736 2673 3780 τῶν
2724 3733 3040 3802 πραγμάτων
3100 3728 3340 3788 ἀλήθειαν
3391 3725 3463 3780 δι’
3520 3726 3847 3801 ἐμμελεστέρας

2290 3820 2418 3879 ζητὴ
2432 3837 2553 3877 σεως
2580 3816 2979 3892 ἔφανισαμένων.

606 3911 669 3966 ιι.
703 3908 807 3967 Hic
828 3922 971 3980 ergo
991 3908 1231 3965 divinus
1251 3912 1641 3975 Autonomus,
1659 3913 1936 3965 strenuus
1956 3906 2179 3963 athleta

2357 3905 2423 3960 B'.
2483 3906 2643 3968 Οὗτος
2706 3913 2875 3960 τοίνυν
2921 3910 2945 3959 ό
3001 3909 3131 3969 θεῖος
3211 3907 3525 3979 Αὐτόνομος,
3582 3908 3605 3957 ό
3654 3906 3846 3975 γενναῖος

530 3998 807 4065 veritatis,
843 4014 912 4055 ac
942 3996 1269 4070 episcopali
1298 3997 1583 4068 dignitate
1622 4003 1867 4054 ornatus
1897 3998 1957 4053 in
1989 3996 2147 4052 Italia

2284 4003 2377 4057 τῆς
2435 3994 2690 4056 εὐσεϐείας
2746 3996 3058 4068 ἀγωνιστὴς,
3114 4004 3182 4066 τῷ
3238 4005 3327 4056 τῆς
3383 3996 3668 4053 ἐπισκοπῆς
3718 3988 3844 4050 ἀξιώ⁶

528 4092 849 4163 postquam
881 4092 1146 4158 tempore
1180 4085 1516 4142 Diocletiani
1539 4087 1818 4155 cognovit
1845 4103 1979 4143 acre
2001 4091 2057 4141 et
2088 4102 2145 4139 ve

2283 4104 2411 4157 ματι
2458 4088 2592 4136 κοιτά
2661 4090 2753 4143 τὴν
2830 4086 3053 4139 Ἰταλίαν
3106 4084 3394 4157 ἐμπρέπων,
3447 4089 3514 4146 ὡς
3581 4082 3727 4136 πολὺν
3775 4078 3843 4127 καὶ

527 4170 777 4234 hemens
791 4174 1012 4232 bellum
1025 4175 1288 4247 erupisse
1301 4175 1590 4230 adversus
1606 4175 1815 4232 Christi
1831 4174 2144 4231 Ecelesiam

2285 4174 2539 4247 ἀφόρητον
2594 4177 2718 4246 ἔγνω
2769 4178 2855 4226 τόν
2905 4173 2988 4227 ἐπὶ
3043 4174 3409 4232 Διοκλητιανοῦ
3462 4176 3596 4226 κατά
3642 4178 3722 4227 τῆς
3773 4169 3842 4215 τοῦ

528 4264 875 4322 recordatus
934 4264 1268 4320 divinorum
1337 4267 1466 4335 ejus
1548 4254 1995 4329 mandatorum,
2072 4279 2144 4335 pe

2284 4271 2518 4333 Χριστοῦ
2581 4263 2895 4325 Ἐκκλησίας
2963 4264 3187 4337 ῥαγέντα
3254 4263 3492 4335 πόλεμον,
3548 4263 3614 4322 εἰς
3673 4261 3842 4333 μνήμην

528 4370 664 4429 quae
720 4353 885 4425 jubet
942 4358 1006 4409 ut
1051 4352 1155 4426 qui
1201 4353 1578 4427 expelluntur
1621 4370 1691 4408 ex
1736 4369 1855 4409 una
1921 4352 2145 4408 civitate

2285 4351 2437 4404 ἐλθὼν
2485 4361 2584 4403 τῶν
2643 4354 2783 4405 θείων
2847 4353 3005 4405 αὑτοῦ
3074 4353 3304 4416 ἐντολῶν,
3368 4350 3439 4405 δι’
3474 4346 3840 4404 «ὧν-ἐπιτάττει

528 4442 759 4514 fugiant
784 4444 844 4499 in
885 4442 1067 4499 aliam
1099 4443 1264 4516 (nam
1306 4442 1407 4515 qui
1458 4448 1660 4499 manet
1712 4444 1973 4514 quidem,
2020 4458 2142 4514 prae

2284 4444 2398 4501 τοὺς
2450 4440 2502 4492 ἐκ
2561 4438 2727 4500 τῆσδε
2786 4451 2879 4505 τῆς
2946 4441 3137 4503 πόλεως
3194 4441 3626 4512 ἀπελαυνομένους
3672 4436 3838 4508 φεύγειν

530 4537 615 4590 ter
656 4532 734 4598 id,
790 4532 955 4606 quod
1027 4548 1146 4588 non
1199 4536 1388 4604 potest
1440 4532 1648 4588 docere
1711 4532 1981 4596 verbum,
2049 4532 2147 4605 ipsi

2286 4532 2356 4593 εἰς
2384 4536 2475 4589 τὴν
2508 4530 2700 4605 ἑτέραν,
2734 4537 2823 4584 καὶ
2874 4529 3026 4594 εἰδὼς
3070 4534 3150 4584 ὅτι
3191 4536 3352 4604 μένων
3392 4536 3481 4604 μὲν
3523 4532 3641 4602 πρὸς
3684 4531 3744 4593 τῷ
3780 4521 3835 4590 μὴ

528 4638 767 4697 quoque
795 4621 1007 4696 peribit
1036 4638 1049 4689 ;
1082 4620 1303 4695 quodsi
1334 4621 1509 4678 fuerit
1537 4627 1803 4678 remotus
1843 4621 1916 4677 ab
1948 4621 2039 4688 iis,
2073 4639 2145 4693 qu

2286 4617 2546 4673 δύνασθαι
2596 4624 2682 4673 τόν
2735 4621 2885 4692 λόγον
2941 4617 3218 4674 διδάσκειν
3276 4626 3365 4673 καὶ
3413 4621 3563 4680 αὐτὸς
3615 4613 3837 4668 ἀπολεῖται

527 4716 985 4787 persequuntur,
1032 4710 1246 4783 poterit
1290 4709 1514 4776 litteris,
1575 4716 1677 4767 aut
1725 4710 1903 4767 etiam
1973 4709 2144 4780 lingu;

2282 4709 2456 4785 πόρῥω
2513 4706 2571 4762 δὲ
2624 4718 2720 4762 τῶν
2781 4707 3072 4762 διωκόντων
3135 4715 3403 4781 γενόμενος
3455 4706 3665 4766 δυνατὸς
3718 4704 3834 4752 ἔσται

528 4801 845 4861 convenire
869 4798 1238 4874 quandoque
1268 4815 1513 4870 gregem
1542 4800 1771 4864 Christi,
1795 4816 2055 4873 eumque
2081 4816 2145 4855 ex

2282 4803 2589 4872 γράμμασιν
2642 4802 2671 4858 ἡ
2726 4805 2814 4851 καὶ
2865 4799 3078 4872 γλώσσῃ
3135 4802 3255 4851 ποτε
3306 4808 3375 4869 τῷ
3424 4802 3637 4870 ποιμνίῳ
3679 4810 3724 4843 τε
3765 4792 3834 4837 τοῦ

525 4890 752 4949 hortari
773 4894 830 4947 et
857 4887 1213 4946 conﬁrmare
1239 4889 1316 4945 ad
1349 4890 1624 4961 pietatem
1661 4906 1673 4956 ;
1715 4890 2037 4961 quinetiam
2074 4905 2142 4943 eo

2288 4897 2517 4963 Χριστοῦ
2566 4885 2900 4960 διαλέγεσθαι
2946 4893 3034 4940 καὶ
3084 4893 3211 4960 πρὸς
3271 4887 3529 4941 εὐσέϐειαν
3572 4882 3830 4949 ἐπαλείφεινι

527 4980 630 5054 qui
652 4984 820 5038 erant
850 4979 908 5035 in
937 4977 1193 5034 tenebris
1210 4977 1549 5064 impietatis,
1572 4977 1863 5034 deducere
1887 4976 2144 5033 adlucen

2216 5007 2248 5064 Β
2285 4978 2411 5030 ἀλλά
2461 4983 2547 5029 καὶ
2600 4982 2715 5038 τοὺς
2764 4976 2810 5028 ἐν
2864 4982 3036 5030 σκότει
3090 4977 3448 5049 πλανωμένους
3498 4985 3588 5037 τῆς
3636 4966 3833 5023 ἀσεϐείας

524 5069 859 5140 veritatis);
911 5067 1112 5124 relicta
1166 5066 1353 5133 Italia,
1387 5055 1551 5124 v'enit
1599 5068 1659 5123 in
1711 5067 2067 5140 Bithyniam,
2120 5083 2141 5121 ε

2213 5055 2248 5064 ν
2283 5072 2408 5141 πρὸς
2434 5074 2488 5119 τό
2521 5078 2613 5130 τῆς
2640 5066 2883 5129 ἀληθείας
2921 5072 3105 5139 φέγγος
3134 5075 3500 5139 χειραγωγεῖν,
3534 5070 3620 5122 τὴν
3650 5056 3830 5114 Ἰταλίαν

526 5158 798 5216 divinum
818 5161 1031 5215 nutum
1046 5172 1326 5229 sequens,
1349 5156 1509 5212 venit
1534 5159 1592 5211 in
1612 5156 1809 5211 locum
1829 5156 2143 5227 quemdam

2283 5157 2575 5208 καταλιπων
2652 5155 2939 5228 ἀφικνεῖται
3021 5160 3148 5230 πρὸς
3229 5157 3485 5219 Βιθυνίαν,
3558 5156 3637 5204 καὶ
3706 5146 3829 5197 θείοις

528 5248 623 5305 cui
660 5263 882 5305 nomen
927 5246 1171 5320 quidem
1224 5251 1350 5303 erat
1394 5247 1555 5304 Sorei
1597 5262 1611 5312 ;
1647 5246 1789 5300 situs
1841 5249 1929 5300 est
1971 5249 2145 5301 auten

2283 5246 2638 5299 ἐπακολουθῶν
2691 5249 2910 5317 νεύμασι
2964 5251 3211 5321 πρόσεισι
3282 5251 3466 5318 χωρίῳ
3518 5248 3611 5297 τινὶ
3739 5230 3828 5283 τοῦ·

527 5336 601 5396 ad
626 5336 937 5394 dexteram
961 5337 1013 5393 ei
1042 5336 1146 5410 qui
1172 5336 1415 5407 navigat
1443 5335 1504 5391 in
1535 5335 1733 5392 sinum
1773 5334 2122 5391 Nicomedia:

2280 5357 2412 5408 νομα
2462 5341 2550 5407 μὲν
2606 5340 2807 5407 Σωρεοί·
2842 5342 3008 5387 κεῖται
3057 5331 3115 5387 δὲ
3168 5332 3216 5387 ἔν
3267 5331 3416 5405 δεξιᾷ
3467 5342 3536 5404 τῷ
3586 5325 3821 5410 εἰσπλέοντξ

528 5430 586 5485 et
630 5425 883 5497 hospitio
922 5402 1212 5497 excipitur
1241 5441 1277 5481 a
1306 5402 1572 5497 quodam
1618 5425 1863 5480 nomine
1902 5424 2145 5479 COI‘DBIIt

2281 5430 2366 5477 τόν
2443 5433 2531 5484 τῆς
2594 5421 2925 5497 Νικομηδίας
2997 5424 3227 5476 κόλπον’
3284 5431 3372 5477 καὶ
3443 5423 3677 5487 ξενίζεται
3721 5402 3821 5476 παρ’

529 5515 704 5590 Δριιά
732 5528 914 5587 quem
952 5529 1090 5569 cum
1129 5514 1309 5585 longo
1334 5518 1597 5588 tempore
1633 5513 1843 5570 fuisset
1882 5517 2146 5572 versatus

2282 5512 2434 5590 ἀνδρὶ
2486 5514 2748 5587 Κορνηλίῳ
2791 5520 2882 5573 τὴν
2928 5514 3131 5575 κλῆσιν.
3167 5518 3363 5587 Συχνόν
3395 5533 3448 5566 τε
3499 5516 3669 5586 χρόνον
3696 5511 3824 5573 προσ⁶
