4154 6192
326 276 438 337 693
674 270 685 275 γ’
1523 283 1965 345 MARTYRIUM
2004 285 2066 344 S.
2106 288 2503 349 AUTONOMI.
3587 296 3693 353 694

328 406 624 484 διατρίψας
676 410 834 482 αὐτῷ,
895 412 1199 485 καταρτίζει
1251 415 1341 485 μὶν
1400 412 1553 466 αὐτὸν
1606 422 1717 475 ταῖς
1774 409 1968 466 διδα-.

2053 430 2181 471 sum
2213 417 2457 489 quidem
2491 417 3003 490 perﬁcitdoctrina
3036 435 3047 473 :
3082 419 3184 474 Dei
3206 424 3404 477 autem
3434 424 3693 482 oratoria.

330 499 593 560 σκαλίαις·
627 498 765 552 οἶκον
816 498 873 552 δὲ
923 506 1047 555 Θεοῦ
1101 499 1454 575 οἰκοδομήσας
1504 504 1786 576 εὐκτήριον,
1833 510 1931 555 Μι-

2048 505 2171 561 aede
2196 507 2507 573 aediﬁcata,
2541 524 2676 580 quae
2704 508 2972 563 dedicata
3002 512 3091 563 est
3122 508 3377 564 Michaeli
3413 513 3688 585 principi,

325 587 478 661 χαήλ
528 596 599 658 τῷ
654 598 751 640 τῶν
803 588 1030 661 ἀγγέλων
1086 590 1311 666 ἀρχηγῷ
1358 595 1773 665 καθωσιωμένον,
1821 614 1934 665 χει-

2043 595 2100 650 in
2152 612 2221 651 ea.
2251 597 2488 653 ordinat
2547 598 2879 653 Cornelium
2927 597 3216 669 dignitate
3278 598 3630 656 diaconatus
3672 619 3682 657 :

325 684 530 750 ροτονεῖ
584 680 671 729 τὸν
748 679 1027 753 Κορνήλιον
1097 679 1143 732 ἐν
1201 685 1340 751 αὐτῷ
1397 690 1491 742 τῆς
1544 679 1807 742 διακονίας
1866 692 1932 753 τῷ

2052 690 2094 739 et
2127 702 2261 740 cum
2295 686 2346 741 ei
2376 703 2581 742 curam
2618 686 2962 741 mandasset
2992 686 3277 755 ﬁdelium,
3300 688 3692 758 proficiscitur

328 764 635 837 ἀξιώματι·
696 773 785 820 καὶ
862 769 1001 840 αὐτῷ
1082 768 1353 845 παραδοὺς
1419 776 1511 829 τήν
1577 781 1675 823 τῶν
1733 781 1931 823 πιστῶν

2052 776 2098 829 in
2134 777 2495 847 Lycaoniam
2519 776 2573 831 et
2597 776 2901 839 Isauriam,
2924 775 3269 830 desiderans
3300 776 3426 848 ipse
3452 794 3692 850 quoque

328 853 642 927 ἱπιμελειαν,
700 854 782 909 ἐπὶ
841 862 932 915 τὴν
992 864 1268 911 Λυκαόνων
1318 866 1405 912 καὶ
1451 860 1698 934 Ἰσαύρων
1748 860 1934 923 ἐκεῖνος

2049 864 2164 919 fieri
2198 881 2394 936 preaco
2427 865 2676 937 pietatis.
2701 864 2918 919 Deinde
2944 880 3215 919 reversus
3238 866 3314 921 ad
3335 867 3689 934 Cornelium,

330 943 567 1018 ἀπαίρει,
621 945 789 1019 κῆρυξ
840 945 987 999 κάκεῖ
1037 950 1275 1019 γενέσθαι
1334 958 1425 1009 τῆς
1495 949 1754 1011 εὐσεϐείας
1811 970 1931 1023 προ-

2052 969 2178 1007 cum
2210 970 2244 1008 a
2271 970 2330 1007 se
2369 953 2662 1023 dejectnm
2716 968 2918 1007 semen
2964 954 3282 1008 invenisset
3344 955 3692 1024 produxisse

332 1034 670 1105 θυμούμενος.
727 1031 855 1088 Εἶτα
911 1036 1059 1088 πάλιν
1117 1037 1398 1090 ἐπανελθὼν
1468 1043 1597 1113 πρὸς
1658 1038 1933 1112 Κορνήλιον

2050 1042 2431 1113 multiplicem
2472 1042 2728 1098 fructum
2766 1040 2862 1096 Dei
2904 1042 3283 1111 cognitionis,
3317 1058 3453 1097 eum
3489 1060 3690 1115 prove-

339 1126 432 1173 καὶ
478 1126 562 1174 τόν
615 1122 1005 1182 καταϐληθέντα
1060 1130 1250 1200 σπόρον
1308 1127 1445 1197 αὐτῷ
1495 1138 1584 1188 τῆς
1630 1130 1936 1199 θεογνωσίας

2055 1130 2127 1186 hit
2158 1131 2235 1186 ad
2260 1132 2513 1201 gradum
2546 1131 3343 1202 presbyteratus.Postquam
3374 1138 3573 1188 autem
3600 1150 3695 1189 co-

335 1209 605 1283 πολύχουν
636 1211 1015 1285 βλαστήσαντα
1061 1220 1257 1289 καρπὸν
1302 1218 1547 1289 εὑρηκὼς,
1582 1216 1663 1269 ἐπὶ
1712 1221 1797 1269 τόν
1845 1225 1934 1270 τοῦ

2051 1222 2248 1291 gnovit
2321 1220 2752 1276 Diocletianum
2830 1219 3028 1275 venire
3092 1220 3519 1285 Nicomediam,
3588 1222 3691 1294 qui

333 1299 688 1377 πρεσϐυτέρου
743 1301 948 1375 βαθμὸν
1006 1304 1190 1367 εὐθέως
1268 1305 1463 1378 ἀνάγει.
1525 1308 1664 1359 Ἐπεὶ
1732 1303 1789 1359 δὲ
1844 1312 1933 1359 καὶ

2053 1310 2509 1365 Christianorum
2529 1308 2770 1382 quidem
2802 1324 2979 1363 omne
3004 1323 3213 1377 genus,
3240 1313 3294 1364 et
3316 1312 3549 1365 aetatem
3568 1327 3693 1365 om-

332 1390 692 1453 Διοκλητιανός
750 1392 823 1454 εἰς
874 1398 966 1452 τήν
1014 1393 1349 1467 Νικομήδους
1400 1398 1593 1455 ἡκοντα
1636 1400 1785 1469 ἔγνω,
1833 1404 1932 1449 πᾶν

2053 1413 2181 1453 nem
2212 1398 2491 1453 studebat
2523 1396 3189 1469 exscindere,praacipue
3204 1403 3403 1453 autem
3422 1399 3693 1455 etadmo-

327 1482 420 1551 μὲν
474 1485 620 1550 γένος
671 1489 1019 1554 Χριστιανῶν,
1067 1490 1154 1536 καὶ
1205 1484 1410 1543 ἡλικίαν
1458 1492 1631 1538 πᾶσαν
1679 1486 1930 1558 ἐκτέμνειν

2052 1486 2191 1542 dum
2218 1486 2463 1542 sollicite
2490 1486 2799 1558 quaerebat
2827 1487 3315 1551 Autonomnm,is
3356 1488 3692 1559 enavigavit

329 1566 722 1636 σπουδάζοντα,
776 1571 1029 1647 ἐξαίρετον
1084 1571 1143 1626 δέ
1219 1595 1333 1627 τινα
1406 1580 1494 1627 καὶ
1554 1581 1929 1650 μεμεριμνημέ-

2050 1577 2404 1643 tiantinium,
2438 1581 2493 1631 et
2522 1574 3131 1646 Claudiopolim(sunt
3157 1582 3353 1631 autem
3388 1577 3477 1631 hes
3511 1578 3690 1632 urbes

324 1677 417 1714 νην
465 1664 558 1717 τὴν
612 1659 687 1711 ἐπ’
737 1661 1040 1733 Αὐτονόμου
1090 1668 1399 1737 ποιουμένην
1443 1665 1687 1731 ζήτησιν,
1741 1666 1824 1718 ἐπὶ
1870 1671 1963 1749 τὸ(

2050 1666 2243 1737 positae
2281 1666 2338 1720 in
2392 1671 2576 1737 ponto
2627 1664 2895 1735 Euxino),
2948 1664 3042 1718 hic
3093 1680 3336 1736 quoque
3395 1666 3690 1721 seminare

326 1753 604 1801 Μαντίνιον
661 1754 749 1802 καὶ
824 1756 916 1809 τὴν
995 1750 1408 1806 Κλαυδιούπολιν
1488 1755 1637 1817 οὗτος
1694 1756 1966 1830 ἀπαίρει,]

2047 1754 2283 1810 studens
2321 1754 2571 1809 verbum
2614 1754 2871 1825 pietatis.
2905 1753 3225 1824 Postquam
3254 1770 3411 1820 vero,
3439 1756 3556 1809 Deo
3588 1755 3687 1809 ad-

332 1835 521 1906 (πόλεις
574 1834 631 1890 δὲ
714 1839 869 1891 αὗται
928 1846 1043 1913 περὶ
1099 1846 1184 1893 τόν
1254 1850 1346 1895 τοῦ
1405 1842 1640 1907 Εὐξείνου
1699 1851 1927 1918 κείμεναι

2050 1844 2359 1909 luvante,ei
2392 1847 2804 1915 processerunt
2833 1844 3033 1897 omnia
3062 1858 3133 1897 ex
3163 1843 3475 1907 sententia,
3499 1859 3690 1899 rever-

336 1928 572 1996 Πόντου),
598 1926 862 1981 κάνταῦθα
906 1933 991 1982 τόν
1033 1929 1182 2002 λόγον
1232 1940 1327 1994 τῆς
1374 1932 1637 1995 εὐσεϐείας
1681 1932 1923 1989 διασπεῖ-

2044 1935 2175 1989 titur
2204 1936 2280 1989 ad
2315 1936 2546 2002 Soreos,
2592 1932 2929 1987 visitaturus
2969 1931 3303 1987 Cornelium
3335 1937 3391 1987 et
3429 1931 3557 2000 ejus
3588 1934 3684 1986 Ec-

327 2034 420 2085 ραι
449 2013 772 2087 βουλόμενος.
806 2018 888 2078 Ὠς
921 2016 978 2071 δε
1009 2023 1141 2072 κατά
1183 2029 1298 2073 νοῦν
1347 2022 1488 2093 αὐτῷ
1536 2026 1706 2075 πάντα
1750 2045 1923 2100 συνερ-

2048 2022 2295 2077 3lesiam.
2328 2020 2515 2089 Quam
2550 2036 2682 2075 cum
2726 2035 2931 2074 rursus
2970 2019 3294 2074 invenisset
3336 2019 3688 2090 multiplica-

324 2109 441 2174 γεία
492 2112 725 2178 Χριστοῦ
785 2114 1133 2180 προσεχώρει,
1196 2106 1342 2171 αὖθις
1394 2108 1475 2163 ἐπὶ
1525 2116 1749 2185 Σωρεούς
1807 2112 1926 2165 ἀνα-

2047 2127 2175 2175 :am,
2197 2110 2533 2167 Cornelium
2551 2110 2791 2181 quidem
2818 2109 2894 2164 ad
2908 2108 3259 2178 dignitatem
3285 2108 3687 2179 proveliitepi-

327 2197 532 2263 στρέφει
615 2198 699 2246 τὸν
775 2196 1052 2268 Κορνήλιον
1110 2204 1199 2250 καὶ
1278 2204 1372 2257 τήν
1447 2200 1558 2252 κατ’
1610 2205 1760 2253 αὐτόν
1813 2202 1921 2255 Ἐκ-

2042 2199 2358 2271 scopalem,
2390 2201 2515 2270 ipse
2555 2204 2753 2254 autem
2796 2198 3097 2267 regionem
3141 2197 3264 2253 obit
3304 2198 3682 2268 Asianorum,

319 2281 543 2339 κλησίαν
646 2282 1067 2357 ἐπισκεψόμενος.
1171 2287 1264 2340 ’Ἦν
1370 2288 1921 2343 πολυπλασιασθεῖσαν

2044 2288 2246 2343 erroris
2275 2288 2519 2360 quidem
2548 2285 2746 2357 spinas
2759 2284 3016 2341 evellens
3040 2282 3346 2347 radicitus,
3372 2285 3469 2356 pia
3485 2287 3684 2340 autem

318 2370 473 2423 πάλιν
529 2373 707 2447 εὑρὼν,
764 2377 849 2425 τόν
897 2377 988 2447 μὲν
1040 2377 1315 2448 Κορνήλιον
1368 2387 1439 2449 τῷ
1495 2387 1589 2441 τῆς
1638 2383 1921 2441 ἐπισκοπῆς

2046 2383 2262 2434 semina
2304 2376 2611 2447 diligenter
2652 2374 2955 2444 dejiciens.
2997 2374 3204 2429 Divina
3241 2378 3443 2429 autem
3493 2375 3686 2444 gratia

320 2458 575 2531 ἀξιώματι
624 2461 826 2515 τελειοῖ·
888 2464 1044 2527 αὐτὸς
1087 2462 1146 2518 δὲ
1190 2471 1276 2524 τὴν
1331 2466 1586 2520 Ἀσιανῶν
1644 2468 1921 2543 ἐπέρχεται

2052 2465 2320 2521 mbribus
2363 2463 2679 2520 Autonomi
2717 2464 3062 2518 ostendente
3096 2478 3382 2531 magnam
3428 2468 3685 2533 segetem

315 2554 522 2622 χώραν,
578 2553 668 2610 τὰς
742 2555 832 2623 μεν
894 2560 989 2614 τῆς
1058 2554 1250 2614 πλάνης
1320 2554 1547 2617 ἀκάνθας
1608 2557 1920 2631 προρρίζους

2039 2555 2282 2627 pietatis,
2313 2553 2463 2608 redit
2493 2569 2696 2607 rursus
2728 2552 2797 2607 ad
2824 2550 3156 2606 Cornelium
3186 2558 3240 2605 et
3261 2550 3389 2621 ejus
3417 2566 3679 2620 gregem.

318 2636 583 2704 ἀνασπῶν,
637 2640 819 2699 εὐσεϐῆ
880 2637 938 2693 δὲ
994 2647 1267 2715 σπέρματα
1323 2646 1608 2717 φιλοπόνως
1661 2646 1921 2698 καταϐαλ-

2042 2644 2189 2699 illinc
2244 2642 2402 2697 venit
2450 2642 2706 2695 Limnas.
2748 2642 2846 2694 Est
2893 2643 3094 2695 autem
3148 2638 3242 2693 hic
3289 2638 3455 2693 locus
3498 2654 3682 2709 prope

315 2728 543 2798 λομενος.
594 2735 698 2791 Τῆς
754 2726 812 2782 δε
864 2732 1003 2791 θείας
1054 2734 1277 2806 χάριτος
1326 2742 1432 2796 τοῖς
1484 2738 1778 2805 Αὐτονόμου
1830 2736 1918 2811 ὀμ-

2040 2736 2261 2790 Soreos.
2297 2730 2477 2802 Cujus
2506 2728 2873 2784 habitatores
2905 2744 3040 2781 cum
3074 2727 3297 2781 videret
3328 2727 3513 2782 teneri
3546 2743 3680 2797 pro-

318 2814 556 2888 ϐρήμασι
605 2817 732 2870 πολύ
781 2827 871 2880 τῆς
923 2819 1179 2882 εὐσεϐείας
1223 2826 1279 2873 τὸ
1329 2822 1474 2880 λήϊον
1519 2818 1916 2891 ἀναδεικνύσης,

2040 2822 2225 2879 fundis
2261 2819 2518 2876 tenebris
2578 2816 2941 2890 ignorantiae,
2995 2831 3096 2871 eos
3136 2830 3373 2887 quoque
3401 2815 3563 2870 ducit
3604 2817 3680 2871 ad

317 2910 407 2956 καὶ
452 2905 605 2957 πάλιν
659 2910 788 2981 πρὸς
836 2909 1111 2983 Κορνήλιον
1157 2915 1245 2962 καὶ
1290 2916 1380 2969 τήν
1409 2913 1496 2963 ὑπ’
1528 2912 1666 2983 αὐτῷ
1698 2918 1917 2985 ποίμνην

2042 2929 2219 2969 .ucem
2259 2909 2595 2979 agnitionis.
2630 2906 2757 2961 Non
2784 2906 3041 2961 multum
3067 2910 3300 2976 tempus
3336 2903 3413 2960 ab
3444 2921 3513 2959 eo
3542 2921 3682 2961 con-

317 2998 411 3052 τήν
456 2992 706 3047 ἐπάνοδον
754 2996 1010 3049 ἐποιεῖτοο
1046 2998 1276 3051 κάκεῖθεν
1331 3000 1379 3051 ἐν
1428 3007 1649 3072 Λίμναις
1696 3006 1913 3072 γίνεται.

2044 3006 2336 3074 sumptum
2377 2998 2482 3053 fuit
2512 2997 2588 3053 ad
2607 3012 2707 3051 eos
2730 2997 2786 3051 in
2809 2995 2961 3050 viam
2981 2994 3389 3059 deducendos,
3420 2993 3518 3064 qui
3546 3010 3684 3049 con-

321 3089 521 3155 Χωρίον
569 3081 626 3137 δὲ
674 3094 828 3137 τοῦτο
875 3094 1086 3161 Σωρεοῖς
1135 3088 1446 3157 πλησιάζον,
1499 3090 1558 3141 ού
1611 3093 1731 3151 τοῦς
1775 3091 1916 3151 οὶκή-
1954 3118 1961 3159 4

2042 3090 2407 3147 vertebantur
2430 3104 2442 3143 :
2470 3086 2573 3141 sed
2606 3090 2659 3141 et
2683 3085 2848 3141 brevi
2880 3087 3129 3157 operata
3155 3088 3244 3138 est
3267 3084 3456 3154 gratia
3478 3083 3534 3138 in
3560 3084 3682 3139 ani-

318 3192 467 3245 τορας
515 3172 670 3246 βαθεῖ
721 3180 890 3246 σκότῳ
938 3185 1033 3238 τῆς
1084 3176 1293 3247 ἀγνοίας
1339 3184 1719 3251 κρατουμένους
1763 3182 1912 3255 ὀρῶν,

2041 3196 2158 3235 nos
2191 3176 2637 3249 permultorum,
2675 3179 2728 3229 et
2756 3173 3016 3229 salutare
3046 3172 3349 3244 baptisma
3378 3172 3681 3243 requiren-

316 3258 502 3332 ὁδηγεῖ
543 3266 626 3313 καὶ
678 3266 891 3325 τούτους
935 3268 1063 3340 πρός
1111 3270 1168 3317 τὸ
1201 3271 1386 3339 φέγγος
1433 3276 1528 3327 τῆς
1573 3266 1908 3339 ἐπιγνώσεως.

1573 3266 1908 3339 ἐπιγνώσεως.
2029 3276 2133 3335 tes,
2165 3282 2338 3321 sacro
2366 3265 2526 3334 gregi
2559 3262 2765 3318 Christi
2794 3266 3196 3317 accesserunt.

317 3357 415 3403 Καὶ
494 3351 549 3402 οὐ
625 3352 778 3411 πολύς
835 3352 973 3424 αὐτῲ
1028 3360 1220 3427 χρόνος
1294 3359 1417 3427 πρὸς
1496 3361 1587 3415 τὴν
1672 3355 1895 3430 όδηγίαν
1972 3368 2071 3412 τῶν
2153 3357 2559 3429 ἐπιστρεφόντων
2614 3351 2878 3403 ἀνάλωτο·
2942 3348 3049 3402 ἀλλ’
3103 3350 3149 3401 ἔν
3225 3349 3426 3425 βραχεῖ
3471 3352 3533 3401 τὰ
3585 3358 3683 3412 τῆς

308 3442 530 3513 χάριτος
580 3440 649 3501 εἰς
712 3443 797 3501 τὰς
853 3451 950 3495 τῶν
1003 3443 1243 3495 πλειόνων
1296 3443 1497 3517 ἐνήργει
1564 3445 1769 3518 ψυχὰς,
1824 3454 1913 3502 καὶ
1967 3452 2026 3502 τό
2078 3451 2333 3519 σωτήριον
2393 3440 2677 3515 βάπτισμα
2758 3439 3138 3507 ἐπιζητοῦντες,
3201 3446 3261 3511 τῇ
3329 3439 3439 3511 ἱερᾷ
3484 3442 3675 3512 ποίμνῃ

310 3535 546 3603 Χριστοῦ
578 3533 961 3602 προσετίθεντο.

383 3616 453 3672 Γ’.
512 3620 716 3671 Τούτων
766 3626 936 3673 τοίνυν
992 3620 1221 3694 εὐμενείᾳ
1270 3630 1402 3676 Θεοῦ
1457 3623 1571 3675 κατ’
1622 3624 1784 3696 εὐχὰς
1836 3634 1910 3696 τῷ

2094 3627 2183 3679 lll.
2201 3621 2487 3677 Cumhasc
2505 3633 2645 3689 ergo
2665 3616 2761 3671 Dei
2780 3615 3170 3685 benignitate,
3198 3620 3262 3670 ut
3291 3615 3535 3686 martyri
3555 3620 3680 3672 erat

312 3707 538 3781 μάρτυρι
586 3707 941 3775 τελεσθέντων,
998 3709 1269 3782 συμϐαίνει
1324 3715 1444 3773 τούς
1497 3710 1579 3764 ἐπὶ
1632 3720 1693 3784 τῇ
1745 3713 1905 3786 πλάνῃ

2043 3730 2080 3768 n
2118 3712 2297 3775 votis,
2337 3707 2545 3764 effecta
2585 3708 2799 3769 essent,
2831 3703 3065 3772 accidit,
3099 3708 3157 3757 ut
3185 3704 3289 3775 qui
3325 3703 3680 3757 tenebantur

311 3802 403 3855 τῆς
463 3794 702 3855 ἀσεϐείας
751 3803 1131 3870 κατεχομένους
1184 3798 1230 3851 ἐν
1276 3808 1347 3871 τῷ
1396 3798 1681 3857 δηλωθέντι
1725 3808 1908 3874 χωρίῳ

2033 3817 2211 3858 errore
2243 3796 2559 3870 impietatis
2591 3795 2645 3849 in
2672 3793 2830 3847 dicto
2865 3792 3012 3857 loco,
3046 3792 3103 3845 in
3137 3790 3405 3862 quodam
3454 3790 3673 3845 daemo-

312 3886 444 3935 κατά
502 3905 616 3937 τινα
672 3889 795 3961 παρ’
849 3887 1018 3948 αὐτοῖς
1069 3896 1360 3960 τιμωμένην
1420 3886 1672 3961 δαίμονος
1730 3891 1909 3965 ἑορτὴν

2035 3890 2111 3946 iis
2132 3884 2473 3957 festo,quod
2490 3884 2566 3938 ab
2581 3883 2663 3938 eis
2677 3879 3116 3944 celebrabatur,
3145 3878 3477 3933 simulacris
3502 3877 3675 3933 offer-

315 3970 546 4035 σπονδὰς
609 3983 712 4035 τοῖς
774 3972 1005 4037 εἰδώλοις
1060 3981 1385 4049 προσφέρειν,
1441 3978 1652 4030 κάκεῖνα
1723 3988 1906 4044 ποιεῖν,

2035 3983 2147 4034 'ent
2170 3975 2483 4036 libamina,
2515 3977 2571 4027 et
2600 3988 2670 4026 ea
2702 3970 2963 4025 facerent
2991 3984 3003 4024 :
3028 3984 3162 4040 quae
3200 3966 3426 4023 faciunt
3458 3967 3675 4023 animas

311 4062 410 4114 ὅσα
471 4065 570 4115 ὑπὸ
628 4074 863 4137 πονηρῶν
922 4063 1183 4137 δαιμόνων
1238 4065 1675 4139 ἔκϐακχευθεῖσαι
1731 4069 1908 4140 ψυχαὶ

2034 4067 2213 4122 ’urore
2260 4063 2495 4137 percitus
2531 4077 2564 4115 a
2606 4057 3008 4115 daemonibus.
3044 4060 3173 4111 Hrec
3212 4072 3371 4128 saepe
3406 4054 3674 4111 videntes

310 4154 620 4225 πράττουσι.
692 4162 871 4207 Ταῦτα
925 4155 1171 4217 πολλάκις
1242 4159 1290 4209 οἱ
1360 4165 1454 4219 τῆς
1509 4166 1599 4209 τοῦ
1672 4164 1906 4231 Χριστοῦ

2033 4157 2135 4211 ieri
2167 4155 2204 4209 ii
2246 4152 2349 4225 qui
2398 4153 2565 4205 erant
2600 4148 2794 4219 gregis
2826 4146 3058 4211 Christi,
3090 4150 3145 4201 et
3190 4145 3395 4201 divino
3432 4143 3557 4200 zelo
3589 4160 3673 4199 re-

305 4247 528 4314 ποίμνης
588 4245 802 4317 ὁρῶντες
858 4250 1119 4315 γινόμενα,
1182 4251 1271 4297 καὶ
1346 4248 1479 4297 θείου
1557 4247 1906 4319 πιμπλάμενοι

2033 4245 2172 4314 )leti,
2221 4242 2344 4315 (illo
2392 4244 2593 4296 autem
2642 4237 2736 4292 die
2785 4235 3231 4308 peragebantur
3272 4250 3410 4290 cum
3460 4233 3673 4305 majori

307 4330 466 4391 ζᾷλου
521 4334 656 4401 (κατ’
708 4336 900 4390 ἐκείνην
956 4330 1014 4385 δὲ
1066 4338 1158 4391 τήν
1203 4335 1398 4406 ἡμέραν
1449 4338 1541 4386 σύν
1591 4335 1781 4387 πλείονι
1832 4355 1905 4388 τε·

2031 4333 2201 4399 'abie)
2228 4331 2300 4386 ad
2322 4330 2550 4401 justam
2584 4327 2734 4381 iram
2767 4325 3166 4390 incitantur,et
3190 4339 3251 4378 se
3284 4323 3537 4378 invicem
3572 4321 3671 4379 ad-

300 4420 525 4493 λούμενα
567 4422 761 4494 λύσσῃ)
816 4426 946 4495 πρὸς
993 4422 1151 4493 ὀργήν
1198 4419 1409 4475 δικαίαν
1460 4422 1783 4487 ἀνίστανται,
1816 4430 1904 4476 καὶ

2031 4414 2918 4490 iortati,invaduntsimulacra:
2946 4417 3152 4467 etcum
3179 4410 3384 4467 omnia
3401 4410 3671 4483 protinus

306 4508 556 4572 ἀλλήλους
602 4518 1092 4587 παρακροτήσαντες
1126 4510 1303 4564 ἐπίασι
1332 4515 1467 4564 κατά
1509 4520 1605 4563 τῶν
1638 4510 1862 4564 εἰδώλων
1888 4531 1899 4543 ’
1939 4490 1946 4544 J

2031 4488 2445 4571 :ontrivissent,
2479 4509 2533 4559 et
2575 4502 2633 4558 in
2666 4502 2973 4574 pulverem
3009 4504 3065 4556 et
3104 4500 3363 4555 cinerem
3412 4498 3671 4579 redegis-

304 4605 392 4652 καὶ
443 4602 608 4653 πάντα
654 4601 806 4663 εὐθὺς
856 4601 1243 4676 συντρίψαντες,
1277 4606 1366 4653 καὶ
1411 4601 1477 4660 εἰς
1527 4609 1661 4672 χοῦν
1708 4604 1903 4674 θέμενοι

2031 4603 2162 4662 ient,
2187 4591 2704 4651 ostenderuntillis
2732 4589 3057 4645 cultoribus
3088 4588 3549 4644 imbecillitatem
3576 4604 3671 4643 eo-

304 4694 392 4741 καὶ
454 4694 591 4742 κόνιν
649 4687 972 4743 ἐπεδείκνυον
1030 4689 1138 4751 τοῖς
1193 4691 1493 4765 λατρευταῖς
1546 4689 1755 4752 ἐκείνοις
1812 4697 1904 4750 τήν

2027 4704 2145 4743 rum
2192 4686 2295 4759 qui
2362 4682 2730 4739 colebantur.
2784 4682 2903 4734 Hoc
2942 4678 3187 4750 gentiles
3234 4682 3374 4733 tunc
3425 4676 3667 4749 quidem

304 4786 403 4830 τῶν
475 4779 856 4854 λατρευομένων
933 4779 1215 4833 ἀσθένειαν.
1271 4786 1434 4832 Τοῦτο
1492 4783 1608 4840 τοὺς
1680 4780 1903 4839 Ἐλληνί-

2031 4782 2254 4847 stupore
2342 4770 2539 4828 affecit
2588 4775 2644 4826 et
2740 4773 2922 4834 metu,
3001 4770 3058 4822 et
3121 4766 3223 4839 qui
3299 4766 3671 4821 lamentatio-

308 4872 490 4931 ζοντας
546 4874 661 4922 τότε
705 4872 795 4939 μεν
857 4868 926 4931 εἰς
984 4868 1225 4930 ἔκπληξιν
1278 4875 1366 4921 καὶ
1421 4866 1537 4932 δέος
1588 4872 1755 4941 ἐνῆγε,
1814 4876 1902 4923 καὶ

2026 4867 2103 4921 iis
2124 4864 2324 4938 potius
2352 4877 2479 4917 esse
2525 4864 2758 4929 tempus
2803 4856 3113 4929 putabant,
3149 4871 3333 4927 quam
3367 4853 3666 4910 vindictas.

307 4960 496 5031 θρήνου
552 4958 741 5031 μᾶλλον
800 4958 829 5016 ἡ
908 4954 1222 5017 ἱκδικήσεως
1278 4963 1363 5010 τὸν
1420 4963 1600 5033 καιρόν
1656 4962 1897 5030 ἡγοῦντο.

2027 4954 2155 5010 lum
2204 4958 2403 5009 autem
2446 4950 2867 5006 observassent
2914 4946 3072 5000 diem
3126 4961 3249 5017 quo
3307 4946 3403 5000 Dei
3460 4958 3667 4998 servus

305 5046 618 5109 Φυλάξαντες
653 5044 709 5099 δε
756 5048 950 5119 ἡμέραν
999 5049 1115 5099 καθ’
1168 5047 1228 5106 ἣν
1281 5050 1305 5099 ό
1356 5056 1445 5099 τοῦ
1491 5056 1623 5101 Θεοῦ
1672 5049 1899 5121 θεράπων

2028 5048 2385 5101 \utonomus
2412 5037 2732 5111 mysticum
2776 5034 3116 5092 celebrabat
3157 5032 3572 5098 ministerium,
3605 5031 3668 5087 1i-

303 5140 594 5209 Δύτόνομος
637 5135 943 5207 ἐλειτούργει
989 5138 1051 5186 τά
1095 5140 1344 5206 μυστικὰ,
1379 5141 1466 5188 καὶ
1505 5135 1672 5198 ξύλοις
1716 5156 1768 5187 τε
1811 5142 1900 5189 καὶ

2022 5148 2250 5205 gnoque
2276 5138 2327 5186 et
2360 5129 2513 5185 ferro
2560 5129 2850 5182 armasset
2889 5123 3305 5195 unusquisque
3334 5121 3662 5189 dexteram,

301 5221 545 5297 σιδήροις
591 5224 805 5282 ἔκαστός
857 5228 946 5281 τὴν
1007 5220 1182 5285 δεξιὰν
1237 5224 1664 5287 καθοπλίσαντες,
1716 5224 1898 5297 ἀθρόον

2026 5227 2249 5295 -epente
2276 5219 2450 5273 simul
2486 5216 2717 5272 irruunt
2747 5215 2805 5269 in
2840 5214 3187 5281 oratorium,
3213 5210 3377 5284 quod
3412 5216 3536 5266 erat
3567 5213 3666 5267 So-

297 5317 691 5387 κατατρέχουσι
746 5319 837 5364 τοῦ
891 5310 938 5363 ἐν
995 5319 1205 5386 Σωρεοῑς
1266 5313 1575 5386 εὐκτηρίου⁶
1638 5320 1726 5365 καὶ
1782 5318 1895 5385 τρέ-

2025 5311 2122 5366 ,'eis
2152 5327 2163 5365 :
2195 5311 2252 5365 et
2281 5323 2381 5363 eos
2428 5306 2671 5379 quidem
2706 5307 2936 5360 vertunt
2968 5306 3023 5357 et
3054 5300 3335 5367 fundunt,
3378 5300 3479 5372 qui
3510 5300 3665 5356 ince-

297 5423 479 5455 πονται
527 5406 617 5474 μὲν
664 5405 783 5463 τοὺς
830 5407 1252 5475 παρατυχόντας,
1286 5403 1363 5463 οἷς
1408 5398 1465 5454 δὲ
1511 5400 1654 5473 εἶχον
1699 5401 1745 5452 ἓν
1775 5422 1897 5474 χερ-

2024 5399 2220 5455 ierant
2253 5415 2265 5452 :
2304 5394 2485 5452 armis
2519 5400 2734 5459 autem,
2766 5406 2901 5465 quae
2932 5389 3236 5446 habebant
3264 5389 3325 5444 in
3365 5389 3664 5458 manibus,

295 5498 378 5545 σὶν
450 5492 648 5557 ὅπλοις,
709 5494 796 5543 τὸν
867 5492 1011 5543 ὅσιον
1069 5490 1361 5563 ἀναιροῦσι,
1415 5491 1535 5563 παρ’
1589 5491 1749 5549 αὐτὴν
1802 5496 1896 5549 τήν

2025 5492 2283 5543 :anctum
2323 5482 2703 5547 interﬁciunt,
2752 5481 2827 5535 ad
2875 5481 3071 5553 ipsam
3116 5492 3349 5535 sacram
3390 5492 3665 5533 mensam

296 5580 435 5657 ἱερὰν
516 5580 778 5657 τράπεζαν
861 5587 952 5633 τοῦ
1034 5582 1254 5657 αἵματος
1336 5580 1663 5655 ἐκχυθέντος,
1721 5582 1893 5653 ᾧσπερ

2028 5580 2142 5633 'uso
2170 5574 2482 5647 sanguine,
2501 5568 2624 5645 quo
2644 5560 2825 5628 modo
2845 5569 3011 5642 prius
3028 5568 3215 5627 divini
3233 5566 3549 5631 Zacharim,
3564 5566 3668 5639 qui
