4154 6192
480 225 585 283 695
1788 221 2047 278 MENSIS
2090 221 2535 279 SEPTEMBEH.
3739 212 3855 268 696

481 351 558 408 ad
596 352 778 403 Deum
811 346 1003 415 magis
1042 348 1365 417 clamabat,
1405 369 1586 423 quam
1648 350 1842 405 Abelis
1886 348 2131 416 sanguis

2270 355 2513 420 Ζαχαρίου
2569 359 2657 401 τοῦ
2709 352 2847 401 θείου
2906 355 3166 424 πρότερον,
3218 348 3242 399 ὃ
3294 344 3360 404 δὴ
3419 350 3509 397 και
3552 342 3671 394 ἐϐόα
3718 342 3865 410 πρὸς

479 438 699 508 injuste
722 436 909 491 fusus.
945 440 1006 492 Et
1033 438 1166 494 ideo
1188 456 1392 497 eorum
1412 442 1679 514 quidem,
1700 440 1801 511 qui
1826 439 2129 493 intereme-

2270 442 2371 489 isov
2416 438 2623 509 μᾶλλον,
2656 440 2684 496 ἡ
2719 442 2777 489 τό
2818 447 2907 490 τοῦ
2945 438 3099 492 ’Ἅϐελ
3143 435 3343 496 ἀδίκως
3382 436 3541 505 χυθέν
3568 450 3579 460 ⁸
3614 436 3702 480 καὶ
3759 426 3865 479 διὰ

480 531 641 593 runt,
699 525 757 579 in
811 532 1100 582 aeternum
1143 532 1391 585 testatur
1427 531 1817 600 impietatem,
1862 545 1961 581 eos
2000 528 2135 595 igne

482 631 593 689 pro
615 613 778 670 caede
810 615 1118 681 ulciscens,
1147 623 1201 672 et
1226 634 1347 673 non
1376 619 1540 673 brevi
1577 624 1840 688 tempore
1866 616 2132 671 dolorem

479 704 770 779 praebens,
802 703 907 758 sed
932 710 1220 761 aeternum
1244 708 1569 762 cruciatum
1602 723 1615 762 :
1650 704 2134 777 martyriautem,

483 809 618 866 quae
676 808 797 847 non
846 792 1086 856 desinit,
1116 795 1395 861 laetitiam,
1450 797 1634 852 vitam
1679 800 2049 867 perpetuam,
2084 798 2139 847 et

482 898 734 953 regnum
760 881 859 938 Dei
888 882 1181 939 conciliat.

556 972 649 1025 IV.
700 970 812 1025 Sed
849 971 1145 1042 pontiﬁcis
1189 973 1435 1044 quidem
1479 978 1534 1029 et
1592 972 1884 1045 praeconis
1935 970 2143 1026 verita-

485 1060 559 1116 tis
588 1061 750 1115 hunc
767 1059 1095 1129 gloriosum
1114 1063 1333 1118 exitum
1365 1064 1574 1119 habuit
1607 1066 1984 1133 martyrium:
2005 1076 2145 1115 san-

490 1149 772 1205 ctissimae
802 1154 995 1205 autem
1024 1151 1152 1222 ejus
1173 1152 1761 1225 reliquireaquadam
1790 1151 1989 1218 Maria,
2009 1166 2144 1223 quae

490 1238 841 1294 diaconatus
870 1239 1116 1310 dignata
1148 1240 1337 1298 fuerat
1375 1242 1749 1310 charismate,
1791 1257 1927 1296 cum
1969 1238 2147 1294 simul

492 1343 628 1383 cum
650 1327 723 1382 iis
746 1331 850 1399 qui
880 1345 951 1383 ex
972 1330 1329 1402 propinquis
1350 1332 1635 1403 emporiis
1660 1347 1781 1386 non
1813 1330 2005 1385 solum
2034 1328 2146 1383 sibi

494 1416 901 1473 vendicabant
954 1420 1258 1489 pietatem,
1306 1420 1409 1475 sed
1453 1421 1633 1476 etiam
1688 1420 1980 1483 virtutem,
2038 1418 2149 1473 illis

494 1506 779 1578 praclare
836 1511 893 1561 et
940 1511 1138 1563 sancte
1181 1509 1341 1578 justa
1376 1509 1625 1574 fecisset,
1678 1508 1976 1564 mandatae
2013 1510 2149 1561 sunt

2246 534 2409 578 ταῦτα
2466 535 2565 578 τῶν
2618 531 2706 599 μὲν
2763 527 3029 580 ἀνελόντων
3083 525 3155 579 δι’
3215 527 3391 584 αἰῶνος
3444 526 3692 593 μαρτυρεῖ
3755 522 3859 573 τὴν

2247 614 2502 681 ἀσέϐειαν,
2558 622 2682 689 πυρὶ
2732 619 2946 677 τούτους
3004 616 3116 668 ἀντὶ
3188 624 3283 676 τῆς
3340 620 3539 683 σφαγῆς
3592 607 3857 678 ἀμυνόμεο

2246 724 2347 769 νον,
2379 705 2471 756 οὐκ
2521 704 2567 756 ἐν
2620 704 2821 779 βραχεῖ
2866 711 2958 763 τὴν
3009 703 3219 770 ὀδύνην,
3255 703 3361 755 ἀλλ’
3392 702 3597 753 αἰωνίαν
3643 702 3731 754 τὴν
3766 701 3860 746 κό-

2246 793 2397 844 λασιν
2444 800 2815 867 παρεχόμενον,
2870 803 2940 863 τῷ
2992 796 3222 869 μάρτυρι
3266 791 3324 845 δε
3377 792 3548 862 χαρὰν
3599 787 3849 850 ἄληκτον,

2250 878 2461 941 διηνεκῆ
2498 884 2634 943 ζωὴν
2669 888 2757 935 καὶ
2789 882 3060 955 βασιλείαν
3091 890 3223 936 Θεοῦ
3254 884 3681 954 μνηστευόμενον.

2323 972 2395 1028 Δ’.
2426 972 2580 1024 Ἀλλὰ
2627 979 2716 1023 τοῦ
2760 977 2849 1043 μὲν
2897 972 3182 1046 ἀρχιερέως
3224 976 3313 1023 καὶ
3361 974 3581 1043 κήρυκος
3629 974 3722 1026 τῆς
3771 962 3854 1014 εδ-

2255 1060 2452 1123 σεϐείας
2510 1064 2567 1112 τὸ
2623 1066 2941 1135 μαρτυρικὸν
2989 1062 3150 1123 οὕτως
3221 1064 3349 1131 ἔσχε
3409 1062 3498 1109 καὶ
3558 1054 3854 1107 καλλίνικον

2254 1150 2430 1211 τέλος’
2482 1156 2539 1201 τό
2594 1147 2651 1203 δὲ
2702 1154 2953 1221 πανάγιον
3010 1151 3170 1203 αὑτοῦ
3218 1150 3455 1221 λείψανον
3514 1149 3695 1217 Μαρία
3745 1161 3851 1203 τις,

2257 1236 2557 1291 διακονικού
2610 1245 2940 1314 χαρίσματος
3006 1239 3364 1311 κατηξιωμένη
3444 1236 3552 1308 ἅμα
3602 1241 3704 1293 τοῖς
3752 1238 3856 1282 τῶν

2256 1327 2489 1385 πλησίων
2544 1327 2823 1399 ἐμπορίων,
2878 1328 2969 1380 οὐκ
3018 1327 3275 1388 εὐσεϐείας
3328 1330 3501 1397 μόνον,
3559 1322 3687 1373 ἀλλὰ
3764 1324 3858 1369 καὶ

2259 1416 2445 1491 ἀρετῆς
2498 1415 2957 1489 ἀντιποιουμένοις,
3008 1418 3253 1489 λαμπρῶς
3308 1435 3358 1468 τε
3411 1418 3496 1493 καὶ
3552 1414 3705 1469 ὁσίως
3760 1428 3857 1465 κη’

2260 1503 2518 1572 δεύσασα,
2564 1514 2697 1578 ταφῇ
2744 1503 3136 1579 παραδίδωσιν,
3184 1505 3231 1557 ἐν
3284 1507 3415 1576 θήκη
3469 1509 3619 1555 τοῦτο
3665 1498 3861 1571 φιλοτί-

497 1594 835 1665 sepulturae,
898 1595 1223 1653 honorifice
1266 1598 1325 1653 in
1366 1615 1553 1669 capsa
1594 1599 1900 1669 depositae.
1943 1598 2147 1650 Proce-

2257 1615 2366 1666 μως
2419 1598 2761 1668 καταθεμένη.
2812 1602 3012 1667 Χρόνου
3068 1593 3127 1648 δὲ
3174 1600 3470 1669 παρίόντος,
3518 1594 3673 1650 ἡνίκα
3717 1595 3862 1641 Κων-

497 1683 674 1739 dente
699 1689 898 1740 autem
930 1690 1216 1757 tempore,
1235 1688 1482 1759 quando
1502 1688 1923 1744 Constantinus
1948 1685 2123 1756 impri

2270 1692 2519 1745 τταντῖνος
2598 1686 2623 1736 ό
2700 1684 3067 1745 εὐσεϐέστατος
3146 1684 3396 1757 βασιλεὺς
3455 1685 3519 1733 τὰ
3592 1678 3858 1748 Ῥωμαῐκά

499 1772 615 1828 mis
644 1771 781 1844 pius
814 1772 1155 1845 imperator,
1191 1782 1424 1848 sceptra
1444 1780 1713 1833 Romana
1731 1776 1930 1831 divina
1952 1775 2149 1847 potius

500 1876 708 1929 manu,
753 1878 935 1934 quam
978 1867 1236 1920 exercitu
1277 1870 1332 1921 et
1366 1867 1547 1921 armis
1598 1867 1797 1932 fretus,
1850 1864 2088 1920 tenebat
2133 1880 2146 1918 :

505 1949 860 2007 Severianus
890 1952 1164 2024 quidam,
1198 1954 1565 2012 Alexandriae
1587 1960 1831 2026 accepta
1869 1954 2148 2018 rectione,

503 2056 641 2095 cum
670 2046 828 2096 metu
862 2043 1045 2097 maris
1077 2059 1182 2114 per
1220 2045 1401 2109 viam,
1434 2061 1569 2116 quae
1610 2049 1695 2101 est
1735 2044 1892 2099 circa
1929 2043 2147 2109 sinum,

503 2127 612 2185 iter
668 2129 903 2194 faceret,
964 2131 1124 2186 venit
1197 2132 1441 2203 quidem
1509 2148 1694 2205 prope
1751 2148 1983 2187 sacram
2060 2146 2151 2185 ca-

506 2233 702 2290 psam,
729 2219 1049 2275 Autonomi
1081 2221 1364 2277 retinetur
1384 2228 1583 2278 autem
1616 2224 1848 2288 virtute,
1877 2236 2011 2293 qua:
2038 2234 2153 2274 non

508 2306 761 2363 cadebat
790 2308 899 2363 sub
925 2315 1235 2380 aspectum
1266 2328 1278 2366 :
1303 2327 1440 2367 cum
1468 2311 1611 2367 muli
1646 2311 1893 2383 quidem
1919 2308 2156 2364 scnticis

508 2396 893 2460 caederentur,
920 2397 1214 2453 tantillum
1239 2405 1436 2456 autem
1467 2416 1589 2455 non
1625 2405 2019 2462 moverentur,
2053 2396 2157 2453 sed

508 2489 800 2557 tanquam
827 2485 1055 2558 lapides
1085 2492 1309 2544 starent
1336 2489 1695 2545 immobiles.
1724 2489 2043 2545 Severiano
2061 2503 2159 2542 au-

510 2579 629 2630 tem
658 2574 913 2631 mirante
937 2576 1018 2642 id,
1060 2578 1217 2649 quod
1256 2576 1479 2634 factum
1533 2579 1744 2645 fuerat,
1779 2578 2030 2651 quidam
2072 2576 2160 2631 vir

510 2662 646 2735 pius
672 2666 727 2719 et
742 2663 1074 2734 religiosus,
1095 2671 1151 2722 et
1166 2667 1270 2740 qui
1290 2668 1539 2736 gratiam
1561 2668 1824 2724 solvendi
1841 2666 2160 2735 aenigmata

512 2752 677 2808 aDeo
693 2759 1024 2825 acceperat,
1039 2772 1212 2811 suam
1229 2757 1451 2828 profert
1466 2758 1841 2820 sententiam,
1859 2755 2158 2810 mulorum

514 2844 731 2897 statum
763 2842 875 2898 hoc
908 2843 1267 2912 signiﬁcare,
1300 2851 1571 2916 oportere
1604 2862 1740 2901 eum
1771 2846 1875 2917 qui
1907 2844 2159 2908 vehitur,

513 2930 609 2986 hic
658 2929 881 2996 sistere,
917 2938 971 2988 et
1013 2933 1264 2988 excitare
1313 2934 1601 3006 templum
1646 2936 1848 2990 divino
1892 2931 2163 3004 martyri.

516 3019 684 3084 Quod
732 3024 931 3075 autem
979 3026 1137 3076 recta
1172 3026 1325 3076 esset
1368 3023 1724 3090 admonitio,
1778 3021 2165 3078 ostendemus

2260 1782 2504 1848 σκῆπτρα
2561 1776 2700 1846 θεῑκῇ
2749 1780 2892 1847 χειρὶ
2943 1774 3131 1845 μᾶλλον
3181 1775 3209 1831 ἡ
3273 1777 3493 1845 στρατιᾷ
3542 1774 3631 1821 καὶ
3684 1766 3864 1824 ὅπλοις

2260 1862 2458 1937 θαρρῶν
2529 1861 2788 1937 ἐκράτυνε,
2850 1870 3152 1937 Σευηριανὸς
3204 1883 3303 1927 τις,
3359 1867 3450 1919 τὴν
3518 1859 3691 1932 ἀρχὴν
3766 1863 3863 1914 τῆς

2259 1948 2633 2024 Ἀλεξανδρέων
2708 1952 3037 2025 παραλαϐὼν,
3094 1958 3182 2005 καὶ
3255 1949 3359 2004 δέει
3429 1960 3517 2010 τῆς
3585 1947 3864 2006 θαλάσσης

2262 2038 2354 2093 διὰ
2402 2049 2491 2101 τῆς
2547 2040 2593 2092 ἐν
2666 2042 2835 2113 κύκλῳ
2905 2051 2995 2095 τοῦ
3051 2042 3242 2094 κόλπου
3301 2045 3507 2114 πορείαν
3566 2041 3657 2095 τὴν
3735 2030 3865 2086 ὁδόν

2261 2132 2583 2201 ποιούμενος,
2633 2135 2831 2201 γίνεται
2883 2135 2971 2203 μὲν
3020 2140 3114 2192 τῆς
3164 2134 3303 2205 ἱερᾶς
3349 2130 3641 2199 Αύτονόμου
3695 2127 3865 2183 θήκης

2264 2218 2503 2276 πλησίον·
2534 2218 2736 2293 ἀοράτῳ
2787 2216 2845 2272 δὲ
2891 2217 3110 2292 δυνάμει
3156 2224 3457 2291 κατέχεται,
3488 2226 3585 2269 τῶν
3634 2217 3866 2285 ἡμιόνων

2270 2308 2503 2380 ἰσχυρῶς
2549 2312 2638 2379 μὲν
2682 2314 2969 2381 παιομένων
3014 2318 3128 2371 ταῖς
3180 2309 3445 2381 μάστιξιν,
3499 2302 3620 2357 ούδε
3674 2302 3867 2378 βραχύ

2270 2393 2327 2448 δὲ
2379 2402 2707 2469 κινουμένων,
2765 2397 2871 2450 ἀλλ’
2929 2400 3022 2450 ἶσα
3080 2397 3146 2457 δὴ
3220 2403 3308 2450 καὶ
3382 2397 3546 2457 λίθοις
3611 2392 3867 2450 ἀκινήτων

2268 2494 2548 2557 μενουσῶν.
2594 2494 2695 2539 Τοῦ
2741 2495 3049 2559 Σευηριανοῦ
3095 2485 3153 2540 δὲ
3204 2491 3259 2539 τὸ
3304 2489 3508 2557 γεγονός
3554 2482 3864 2538 καταπλητ-

2267 2579 2501 2646 τομένου,
2549 2585 2645 2627 τῶν
2686 2567 2904 2628 ενσεϐῶν
2945 2597 3042 2641 τις,
3093 2581 3180 2627 καὶ
3227 2580 3291 2628 τὰ
3338 2575 3566 2647 μάλιστα
3616 2569 3864 2633 εύλαϐῶν,

2268 2669 2357 2715 καὶ
2430 2665 2563 2717 λύειν
2624 2666 2907 2737 αἰνίγματα
2973 2668 3134 2738 χάριν
3189 2664 3240 2716 ἐκ
3314 2672 3445 2718 Θεου
3520 2658 3866 2732 δεδεγμένων,

2268 2758 2473 2825 γνώμην
2527 2754 2725 2825 εἰσάγει
2777 2760 2868 2813 τὴν
2922 2764 3019 2806 τῶν
3066 2756 3287 2827 ἡμιόνων
3338 2755 3519 2805 στάσιν
3569 2758 3719 2801 τοῦτο
3770 2745 3840 2805 δη

2270 2841 2387 2893 λοῦν
2420 2858 2432 2870 '
2465 2846 2531 2903 ὡς
2561 2843 2662 2914 ἄρα
2694 2840 2773 2896 δεῖ
2825 2848 2910 2895 τόν
2965 2844 3311 2915 ἐποχούμενον
3364 2842 3583 2893 ἐνταῦθά
3629 2859 3681 2891 τε
3732 2846 3871 2895 στῆ-

2271 2950 2374 2995 ναι,
2424 2938 2512 2983 καὶ
2559 2937 2762 3004 τέμενος
2813 2936 3006 3007 ἐγεῖραι
3058 2940 3128 3001 τῷ
3184 2935 3299 3005 ἱερῷ
3352 2933 3597 3003 μάρτυρι,
3643 2932 3732 2979 καὶ
3788 2928 3874 2978 ὅτι

2275 3020 2509 3092 ἀσφαλὴς
2554 3023 2581 3079 ἡ
2630 3024 2888 3082 ὑποθήκη,
2925 3025 3059 3074 κατὰ
3101 3019 3271 3081 πόδας
3319 3024 3443 3092 ἡμῖν
3492 3022 3520 3077 ἡ
3580 3014 3873 3077 ἀπόδειξις.

518 3121 548 3161 e
575 3106 849 3176 vestigio.
880 3108 937 3163 Si
970 3109 1149 3176 enim,
1183 3109 1374 3181 inquit
1395 3110 1511 3176 ille,
1535 3112 1727 3167 solum
1757 3111 1919 3183 operi
1945 3125 2160 3166 annue-

2274 3113 2334 3164 Εἰ
2381 3116 2479 3187 γὰρ
2530 3115 2830 3176 ἐπινεύσοις,
2881 3118 3030 3184 φησὶ,
3085 3117 3236 3180 μόνον
3282 3119 3351 3181 τῷ
3401 3113 3550 3183 ἔργῳ,
3597 3108 3879 3178 ἁλλομένας

516 3194 618 3265 ris,
649 3194 882 3252 videbis
914 3196 1189 3254 salientes
1209 3200 1622 3272 protinus,qui
1643 3206 1781 3255 sunt
1806 3199 2163 3255 immobiles.

516 3286 585 3341 Et
608 3284 701 3340 ille
730 3285 976 3358 quidem
1025 3288 1235 3345 annuit
1270 3294 1545 3360 prompto
1584 3294 1641 3345 et
1686 3290 1863 3346 alacri
1915 3290 2117 3346 animo
2150 3307 2162 3345 :

516 3374 1003 3445 ingrediebantur
1032 3382 1231 3433 autem
1252 3377 1405 3433 muli
1427 3378 1696 3435 maximo
1719 3379 1961 3451 impetu.
1984 3379 2167 3434 Proti-

517 3478 632 3519 nus
661 3478 802 3520 vero
838 3465 1190 3521 Severianus
1214 3466 1392 3537 jussit
1420 3468 1702 3524 aedificari
1733 3469 2086 3536 oratorium,
2113 3473 2171 3524 et

517 3552 682 3609 viam
709 3558 798 3609 est
827 3552 1155 3623 ingressus.
1180 3556 1327 3611 Cum
1360 3560 1559 3613 autem
1592 3562 1999 3622 reverteretur,
2024 3561 2169 3613 tem-

517 3641 687 3714 plum
718 3642 975 3712 dedicat,
1017 3647 1073 3700 et
1123 3642 1317 3711 efﬁcit,
1361 3650 1424 3701 ut
1467 3647 1717 3718 posteris
1766 3647 1840 3703 sit
1888 3647 2165 3718 martyris

516 3736 808 3805 perpetua
832 3733 1141 3791 memoria.

588 3824 653 3877 V.
685 3824 832 3879 Cum
847 3838 969 3879 non
992 3839 1206 3896 parum
1233 3827 1432 3881 autem
1456 3826 1740 3897 temporis
1765 3826 1997 3883 interim
2021 3843 2169 3899 prte-

518 3910 893 3981 terﬂuxisset,
926 3912 1199 3969 invitaret
1226 3919 1425 3969 autem
1457 3915 1750 3973 memoria
1780 3918 2077 3988 martyris,
2108 3920 2171 3972 ut

518 3999 723 4056 divino
752 4000 976 4073 templo
1001 4000 1166 4057 ﬁeret
1194 4001 1574 4058 incruentum
1599 4005 1977 4069 sacriﬁcium.
2007 4022 2169 4061 acce-

522 4088 609 4145 dit
636 4088 881 4161 quidem
901 4090 978 4145 ad
997 4106 1239 4146 sacrum
1265 4091 1334 4156 is,
1358 4091 1462 4161 qui
1495 4097 1635 4148 tunc
1661 4092 1859 4162 fungel
1890 4100 2024 4149 atur
2044 4111 2172 4150 mu-

522 4192 663 4233 nere
695 4178 1071 4243 sacerdotali,
1114 4195 1286 4236 sacra
1318 4180 1564 4251 mystica
1601 4186 1969 4252 peracturus.
2002 4184 2174 4255 Aqua

523 4268 723 4321 autem
781 4280 850 4322 ex
890 4266 1189 4333 tabulatis,
1234 4283 1367 4340 quae
1401 4269 1576 4340 juxta
1621 4285 1941 4327 ascensum
1980 4274 2175 4344 posita

524 4356 712 4418 erant,
746 4353 937 4411 eﬁusa
968 4356 1288 4412 arbitratus
1328 4357 1440 4412 hoc
1470 4356 1650 4413 fuisse
1677 4356 1897 4415 factum
1929 4361 2006 4416 ad
2034 4378 2178 4417 con-

2276 3202 2425 3263 εύθὺς
2480 3206 2635 3275 θεάσῃ
2694 3204 2788 3263 τὰς
2860 3201 3151 3260 ἀκινήτους.
3215 3203 3312 3252 Καὶ
3387 3200 3411 3249 ό
3488 3201 3575 3270 μὲν
3644 3194 3881 3247 ἐπένευσε

2274 3294 2550 3367 προθύμως
2576 3309 2586 3320 ’
2622 3294 2675 3343 αἱ
2716 3288 2774 3343 δὲ
2816 3293 3227 3362 όρμητικῶτερον
3276 3288 3492 3354 ἔϐαινον,
3545 3292 3634 3339 καὶ
3686 3285 3881 3336 αὐτίκα

2274 3385 2331 3433 τό
2388 3381 2654 3453 εύκτηριον
2717 3384 2741 3432 ό
2802 3384 3107 3453 Σευηριανὸς
3192 3382 3531 3448 προσέταττεν
3606 3371 3876 3427 ἀνοικοδο-

2274 3472 2499 3543 μεῖσθαι,
2540 3476 2628 3521 καὶ
2671 3473 2841 3541 εἴχετο
2881 3477 2974 3531 τῆς
3024 3465 3171 3521 ὁδοῦ.
3220 3466 3535 3520 Ἐπανελθὼν
3581 3461 3639 3518 δε
3686 3463 3874 3515 ἐκεῖθεν

2275 3558 2556 3630 ἔγκαινίζει
2585 3564 2642 3611 τό
2669 3562 2891 3629 τέμενος,
2924 3562 3012 3609 καὶ
3039 3564 3148 3618 ταῖς
3192 3559 3366 3609 ἔπειτα
3407 3562 3603 3627 γενεαῖς
3644 3552 3873 3610 ἁληστον

2276 3655 2372 3701 τοῦ
2401 3652 2665 3723 μάρτυρος
2694 3645 2823 3701 εἶναι
2854 3652 2947 3706 τὴν
2978 3652 3185 3719 μνήμην
3216 3645 3625 3719 παρασκευάζει.

2352 3827 2420 3882 Ε’.
2471 3828 2580 3878 Ούκ
2628 3826 2803 3897 ὀλίγου
2854 3822 2913 3878 δὲ
2961 3822 3367 3899 διαρῥεύσαντος
3414 3823 3600 3896 μεταξύ
3656 3826 3881 3894 χρόνου,

2279 3915 2386 3969 εἶτα
2439 3925 2533 3978 τῆς
2580 3921 2789 3988 μνήμης
2840 3922 2930 3967 τοῦ
2980 3917 3237 3988 μάρτυρος
3290 3918 3382 3971 τὴν
3436 3913 3753 3984 ἀναίμακτον
3814 3914 3888 3962 ἱε-

2278 4011 2522 4079 ρουργίαν
2566 4008 2697 4057 κατὰ
2741 4008 2797 4057 τό
2844 4006 2973 4057 θεῖον
3003 4007 3203 4075 τέμενος
3249 4003 3551 4060 τελεσθῆναι
3595 4002 3887 4064 καλούσης,

2280 4099 2556 4169 ἐφίσταται
2613 4098 2701 4167 μὲν
2757 4102 2825 4164 τῷ
2887 4096 3003 4166 ἱερῷ
3049 4094 3074 4144 ό
3126 4101 3414 4151 τηνικαῦτα
3470 4096 3562 4149 τὴν
3619 4093 3892 4164 ἱερατικὴν

2284 4187 2419 4256 ἔχων
2482 4183 2676 4257 ἀρχὴν,
2731 4181 3031 4235 ἔπιτελέσων
3091 4184 3154 4233 τὰ
3236 4182 3515 4253 μυστικάθ
3573 4176 3767 4240 ύδατος
3827 4176 3893 4232 δὲ

2286 4274 2424 4344 αύτῷ
2482 4272 2535 4324 ἐκ
2586 4282 2685 4325 τῶν
2760 4275 3147 4343 παρακειμένων
3220 4278 3280 4342 τῇ
3352 4266 3523 4341 ἀνόδῳ
3577 4266 3893 4343 δρυφάκτων

2287 4362 2640 4435 ἐπιχυθέντος,
2698 4360 2770 4433 ἐφ’
2825 4359 2968 4435 ὕϐρει
3038 4368 3188 4411 τοῦτο
3265 4361 3578 4431 γεγενῆσθαι
3646 4362 3895 4429 νομίσας,

526 4441 854 4509 tumeliam,
890 4459 1126 4500 sacrum
1151 4445 1396 4517 quidem
1426 4446 1815 4502 ministerium
1836 4451 2063 4520 peragit
2081 4451 2160 4506 ill(

2286 4457 2376 4511 τὴν
2420 4456 2508 4524 μὲν
2562 4453 2697 4523 ἱερὰν
2751 4450 3074 4523 λειτουργίαν
3124 4451 3235 4501 κατ’
3288 4447 3480 4506 ἐκείνην
3534 4446 3752 4500 ἐπιτελεῖ
3797 4451 3896 4503 τὴν

527 4531 623 4588 die
655 4547 671 4589 :
692 4532 907 4589 deinde
925 4548 1061 4589 cum
1086 4532 1231 4589 illud
1255 4534 1537 4590 diruisset
1556 4537 1903 4603 oratorium,
1928 4537 2181 4595 aediﬁcat

525 4620 778 4679 alterum
809 4623 869 4678 in
900 4622 1068 4687 locis,
1097 4638 1233 4695 quae
1273 4628 1410 4679 sunt
1458 4639 1644 4696 prope
1690 4642 1876 4692 mare,
1909 4630 2178 4683 nesciens

524 4710 682 4784 quod
710 4726 892 4783 supra
908 4712 1249 4781 religiosam
1272 4712 1502 4768 thecam
1524 4715 1798 4787 martyris
1826 4716 2176 4772 Severianus

524 4798 666 4856 olim
694 4801 972 4856 exstruxit
998 4800 1346 4866 oratorium,
1371 4802 1534 4871 quod
1564 4802 1691 4874 ipse
1711 4804 1995 4860 diruerat.
2030 4808 2174 4862 Cum

525 4888 841 4960 sexaginta
869 4894 1070 4945 autem
1089 4890 1229 4945 anni
1253 4889 1677 4962 praeteriissent
1702 4909 1894 4966 usque
1922 4893 1998 4949 ad
2031 4898 2176 4949 tem-

521 4994 637 5052 pus
682 4977 889 5033 mortis
943 4980 1213 5045 Zenonis,
1259 4980 1363 5052 qui
1421 4980 1526 5035 fuit
1592 4982 1917 5053 imperator
1964 4985 2175 5039 Roma-

522 5082 761 5132 norum,
795 5066 1052 5122 Joannes
1077 5066 1328 5139 quidam
1370 5068 1559 5135 miles,
1593 5069 1694 5141 qui
1730 5076 1854 5127 erat
1882 5072 1939 5126 in
1969 5086 2175 5126 nume-

522 5172 588 5213 ro
618 5172 849 5223 eorum,
883 5155 984 5228 qui
1013 5162 1301 5214 vocantur
1318 5159 1710 5226 excubitores,
1745 5161 2175 5232 utimperatori

522 5245 728 5319 aliqua
756 5248 816 5302 in
878 5261 940 5302 re
988 5246 1326 5315 deserviret,
1368 5248 1721 5305 versabatur
1767 5250 1824 5305 in
1888 5250 1979 5306 his
2026 5251 2173 5307 locis

523 5336 681 5392 circa
721 5337 932 5393 Soreos
963 5340 1019 5393 et
1046 5338 1302 5392 Limnas.
1332 5339 1394 5393 Et
1424 5354 1562 5394 cum
1593 5354 1808 5411 corpus
1847 5340 2174 5413 aliquando

523 5428 836 5493 exerceret,
881 5441 1153 5496 egressus
1203 5432 1292 5483 est
1339 5427 1416 5484 ad
1464 5429 1843 5485 venationem
1880 5445 1890 5482 :
1942 5434 1997 5485 et
2036 5445 2169 5486 cum

522 5511 733 5570 fuisset
756 5514 815 5571 in
843 5530 913 5571 eo
951 5515 1100 5581 loco,
1144 5515 1204 5571 in
1235 5532 1357 5590 quo
1390 5519 1722 5592 martyricae
1769 5517 2011 5591 sepultte
2042 5518 2171 5575 fue-

2287 4544 2519 4615 ἠμέραν·
2587 4537 2695 4593 εἶτα
2746 4543 2800 4592 τὸ
2857 4539 3125 4613 εύκτήριον
3183 4537 3429 4603 καθελὼν,
3486 4536 3532 4588 ἐν
3608 4544 3713 4596 τοῖς
3764 4539 3895 4607 πρὸς

2290 4631 2557 4684 θάλασσαν
2613 4635 2791 4690 τόποις
2867 4625 3137 4700 οἰκοδομεῖ
3181 4629 3367 4701 ἕτερον,
3425 4626 3517 4679 οὐκ
3574 4622 3725 4685 εἰδὼς
3786 4627 3895 4697 ἄρα

2286 4722 2363 4772 ὅτι
2416 4723 2550 4771 κατά
2600 4724 2745 4770 νότου
2795 4726 2889 4778 τῆς
2943 4717 3158 4787 εύαγοῡς
3202 4723 3290 4767 τοῦ
3345 4718 3603 4789 μάρτυρος
3650 4717 3811 4773 θήκης
3860 4715 3889 4764 ὁ

2286 4812 2592 4882 Σευηριανὸς
2642 4812 2697 4859 τὸ
2749 4807 3018 4877 εύκτήριον
3070 4806 3095 4857 ὁ
3146 4805 3295 4864 αὐτὸς
3356 4806 3472 4875 ἄρτι
3525 4802 3727 4855 καθεῖλε
3787 4805 3887 4855 πά-

2282 4897 2367 4949 λαι
2441 4896 2725 4968 ἀνήγειρεν.
2801 4895 3075 4957 Ἐξήκοντα
3150 4892 3208 4946 δε
3291 4898 3690 4967 παρῳχηκότων
3750 4894 3887 4963 ἄχρι

2284 4994 2376 5048 τῆς
2456 4991 2707 5049 Ζήνωνος,
2762 4985 2812 5045 ὃς
2895 4984 3156 5055 Ῥωμαίων
3229 4982 3550 5044 ἐϐασίλευσε,
3623 4982 3883 5043 τελευτῆς,

2284 5075 2519 5134 Ἰώαννης
2566 5095 2658 5137 τις,
2713 5079 3036 5145 στρατιώτης
3099 5071 3145 5124 ἐν
3206 5080 3307 5131 τοῖς
3368 5070 3703 5143 καλουμένοις
3774 5070 3883 5132 Ἐξ.

2284 5164 2613 5238 κουϐίτορσιν
2663 5166 3056 5236 ἀριθμούμενος,
3091 5164 3224 5213 κατά
3274 5180 3387 5212 τινα
3437 5159 3723 5233 βασιλικὴν
3756 5162 3887 5215 ὑπη-

2283 5260 2461 5329 ρεσίαν
2512 5254 2558 5306 ἐν
2611 5261 2718 5314 τοῖς
2771 5258 2993 5327 χωρίοις
3046 5249 3268 5324 διέτριϐε
3326 5258 3434 5311 τοῖς
3485 5254 3602 5322 περὶ
3662 5253 3892 5324 Σωρεοὺς

2282 5349 2369 5396 καὶ
2428 5349 2643 5414 Λίμνας.
2702 5346 2801 5394 Καί
2852 5360 2974 5394 ποτε
3037 5346 3306 5412 γυμνασίᾳ
3360 5342 3419 5390 τὸ
3474 5346 3627 5409 σῶμα
3678 5333 3884 5401 διδοὺς,

2284 5432 2364 5487 ἐπὶ
2407 5436 2568 5505 θήραν
2618 5432 2772 5505 ἐξῄει,
2823 5437 2912 5483 καὶ
2969 5433 3103 5483 κατὰ
3158 5434 3243 5482 τὸν
3298 5434 3451 5481 τόπον
3507 5433 3792 5500 γενόμενος,
3844 5425 3895 5478 ἐν

2281 5525 2320 5599 ᾧ
2395 5528 2452 5577 τό
2505 5525 2821 5597 μαρτυρικὸν
2871 5520 3122 5573 ἐτέθαπτο
3179 5519 3439 5593 λείψανον,
3501 5517 3699 5590 λαγωόν
3758 5516 3889 5589 τόξῳ
