4154 6192
285 257 387 316 697

285 387 438 445 αὐτὸς
497 382 777 456 βεϐληκὼς,
832 380 1081 452 αὐτόχειρ
1140 381 1336 448 γίνεται

289 473 413 527 Εἶτα
475 479 561 524 καὶ
614 472 741 524 οὖλα
791 480 886 522 τῶν
967 473 1106 531 ζώνην
1161 466 1434 528 θηοεύσας,
1487 461 1736 520 ἐπάνεισι,
1799 461 1886 508 καὶ

285 566 416 636 ὀρῶν
489 559 558 614 δι’
627 560 818 632 ὀνείρου
882 563 967 612 τὸν
1047 559 1288 630 μάρτυρα
1366 554 1770 624 προτρεπόμενον
1839 545 1884 596 ἐν

284 662 361 724 τῷ
414 658 551 722 τόπῳ
611 652 743 722 ᾧπερ
791 653 943 720 ἔτυχε
1000 652 1086 699 τὸν
1158 646 1326 716 λαγὼν
1376 642 1629 713 θηράσας,
1692 640 1884 694 σκηνήν

283 746 418 816 πρὸς
472 744 678 798 οἴκησιν
728 738 1016 803 πήξασθαι,
1049 737 1256 788 κάκεῖσε
1309 729 1566 802 διαμένειν
1623 727 1674 778 ἐκ
1719 731 1884 796 γειτό-

283 853 386 882 νων
433 831 591 900 αὐτῷ.
623 836 725 881 Τοῦ
782 825 839 879 δε
886 831 1067 879 θᾶττον
1116 831 1173 878 τὸ
1220 822 1618 893 διατεταγμένον
1663 817 1884 868 ἀνύσαν-

280 941 394 986 τος,
454 922 580 992 μετά
633 939 776 980 τινας
826 924 1048 989 χρόνους
1094 916 1454 987 ἐμφανέστερον
1500 911 1524 960 6
1583 910 1888 981 ἱερομάρτυς

286 1011 590 1083 ἐφίσταται,
624 1015 712 1060 καὶ
762 1012 908 1069 ὅστις
938 1011 1012 1064 εἴη
1067 1003 1330 1074 διδάσκει,
1366 1007 1453 1054 καὶ
1493 1003 1573 1052 ὅτι
1620 1008 1714 1060 τῆς
1755 1017 1883 1055 σκη-

284 1110 384 1163 νῆς
443 1100 599 1152 αὐτοῦ
647 1101 869 1151 κάτωθεν
929 1101 984 1149 τὸ
1042 1098 1170 1170 ἱερὸν
1228 1094 1414 1146 ἐκείνου
1473 1090 1888 1159 τεθησαυρίσθαι

285 1191 549 1261 λείψανον.
604 1188 664 1241 Ὀ
715 1185 771 1240 δὲ
823 1193 1167 1262 στρατιώτης,
1223 1184 1315 1235 οὐκ
1364 1178 1636 1234 ἀκίνδυνον
1685 1181 1884 1249 ἡγησάο

288 1298 438 1351 μενος

293 1365 434 1428 δῆλα
480 1375 645 1419 ταῦτα
714 1375 785 1436 τῷ
862 1364 1192 1438 βασιλεύοντι
1248 1363 1496 1430 καθιστᾲ.
1553 1359 1890 1416 Ἀναστάσιος

293 1455 356 1510 δε
404 1457 548 1516 οὗτος
596 1453 677 1518 ἦν,
711 1455 764 1515 ὃς
812 1453 1034 1506 εὐσεϐεῖν
1083 1457 1171 1525 μὲν
1211 1453 1450 1525 καθαρῶς
1496 1448 1589 1500 οὐκ
1638 1446 1889 1506 ἐϐούλετο,

514 1287 614 1330 τῶν
684 1279 850 1329 θεόθεν
907 1276 1047 1344 αὐτῴ
1117 1275 1440 1346 μηνυθέντων
1493 1274 1586 1327 τὴν
1664 1272 1885 1332 σιωπὴν,

294 1551 362 1599 τὰ
411 1543 468 1599 δὲ
518 1555 614 1597 τῶν
669 1543 889 1596 εὐσεϐῶν
948 1543 1192 1604 πολλάκις
1243 1543 1655 1613 ὑποκρινόμενος,
1704 1541 1796 1594 τὴν
1842 1534 1895 1596 ἐξ

296 1636 577 1710 ἀνθρώπων
656 1637 850 1686 εὔνοιαν
951 1632 1192 1705 ἐθηρᾶτο.
1275 1634 1361 1684 Διό
1447 1626 1896 1685 κατασκευάζεται

301 1815 646 1886 ἐγκαινίζεται
698 1810 756 1865 δὲ
802 1815 941 1884 παρὰ
989 1820 1078 1863 τοῦ
1124 1810 1232 1884 μετ’
1283 1811 1436 1862 αὐτὸν
1485 1813 1578 1866 τὴν
1625 1805 1897 1876 βασιλείαν

310 1904 580 1965 ἰθύνοντος,
632 1905 918 1956 Ἰουστίνου
989 1899 1055 1960 δὴ
1136 1909 1226 1952 τοῦ
1279 1897 1645 1972 φιλευσεϐούς·
1701 1895 1755 1956 ὃς
1809 1900 1898 1946 καὶ

306 1994 465 2046 εἰσαεὶ
522 1989 770 2064 διαμένει,
831 1991 1026 2043 πολλῶν
1081 1989 1365 2065 ἀνθρώποις
1414 1997 1584 2038 κακῶν
1641 1985 1898 2054 ἐλευθερία

300 2086 579 2153 γινόμεθος.
633 2082 715 2133 Ἐν
770 2084 974 2141 τούτοις
1021 2083 1109 2151 μὲν
1162 2076 1248 2131 οὖν
1292 2081 1358 2130 τὰ
1409 2079 1543 2128 κατὰ
1595 2079 1680 2127 τόν
1738 2078 1898 2146 μέγαν

303 2171 592 2242 Αὐτόνομον
621 2167 949 2242 διηγήματα.

389 2252 484 2325 ς’.
518 2261 654 2330 Ἐγὼ
685 2255 763 2322 δέ,
796 2268 1016 2310 νικῶντα
1056 2261 1140 2310 τὸν
1191 2257 1416 2314 ἀθλητὴν
1447 2256 1576 2328 ὀρῶν
1625 2257 1716 2310 τὴν
1748 2255 1901 2324 φύσιν

302 2356 389 2403 καὶ
442 2353 571 2421 μετὰ
631 2351 846 2401 θάνατον
913 2348 1037 2421 πρὸς
1097 2345 1398 2418 δοξολογίαν
1451 2351 1577 2398 Θεοῦ
1633 2339 1898 2395 διανίστα-

303 2462 418 2513 μαι.
481 2438 764 2493 Ἐπιϐαλὼν
816 2441 914 2510 γὰρ
974 2444 1087 2490 τότε
1141 2440 1232 2498 τὰς
1290 2437 1431 2507 ὄψεις
1485 2444 1557 2505 τῷ
1608 2435 1751 2504 τάφῳ
1812 2437 1904 2482 τοῦ

305 2533 585 2602 μάρτυρος,
622 2533 678 2580 τὸ
731 2530 861 2602 ἱερὸν
917 2529 1074 2579 αὐτοῦ
1133 2536 1322 2588 σκῆνος
1365 2525 1677 2596 ἐθεασάμην,
1711 2526 1799 2572 καὶ
1843 2515 1902 2576 ἦν

308 2619 565 2677 ἀήττητον
596 2619 695 2669 ύπό
744 2637 804 2688 γε
854 2625 948 2679 τῆς
996 2617 1186 2688 ἰσχύος
1215 2624 1305 2668 τού
1339 2618 1556 2666 θανάτου
1587 2618 1864 2684 μεμενηκός
1888 2627 1900 2639 ⁸

308 2714 330 2759 ό
383 2711 484 2779 ’γὰρ
561 2713 734 2758 πᾶσαν
792 2714 882 2757 τού
955 2707 1090 2766 ζώου
1144 2711 1234 2764 τὴν
1312 2705 1574 2776 σύμπηξιν
1642 2706 1903 2777 τριημέρῳ

310 2793 639 2868 διαστήματι
668 2795 802 2848 λύειν
835 2795 1014 2867 αὐχῶν
1063 2798 1226 2847 ἔτεσιν
1257 2791 1364 2853 ἤδη
1401 2791 1697 2854 διακοσίοις
1740 2799 1904 2867 τρίχα

309 2894 397 2938 τοῦ
439 2889 674 2958 γενναίου
722 2882 1022 2956 διαφθεῖραι
1066 2884 1160 2936 οὐκ
1190 2888 1433 2956 ἴσχυσεν·
1469 2883 1578 2935 ἀλλ’
1610 2886 1639 2942 ἦ
1672 2903 1725 2936 τε
1767 2889 1902 2954 κόμη

309 2985 401 3037 τῆς
451 2975 670 3046 κεφαλῆς
715 2971 946 3044 δαψιλὴς
989 2978 1078 3024 καὶ
1127 2973 1432 3044 ἀλύμαντος,
1465 2976 1489 3025 6
1537 2993 1590 3026 τε
1636 2982 1731 3035 τῆς
1778 2993 1902 3046 μορ-

1382 239 1817 302 MARTYRIUM
1861 239 1922 292 Ξ.
1962 236 2244 293 ΝΙΟΕΤᾸΕ
2284 240 2520 296 ϐΟΤΙ-ΙῙ.

1417 378 1507 422 τοῦ
1565 369 1883 439 θηράματος.

2013 370 2133 418 sant
2161 365 2448 436 reliquiae,
2483 367 2745 437 leporem
2783 383 2924 422 arcu
2971 367 3206 431 feriens,
3241 365 3506 436 praedam
3541 378 3650 419 sua

3547 232 3653 314 698

2000 471 2183 509 manu
2207 454 2437 510 occidit.
2469 457 2689 510 Deinde
2718 474 2854 511 cum
2883 457 3059 511 etiam
3091 455 3203 510 alia
3231 461 3478 509 venatus
3498 458 3653 508 esset

1999 544 2304 607 animalia,
2339 549 2662 610 revertitur,
2697 553 2751 601 et
2784 546 2844 600 in
2879 546 3106 601 somnis
3135 544 3297 599 videt
3328 548 3648 613 martyrem

1999 633 2048 687 ei
2067 635 2525 703 praecipientem,
2549 641 2608 689 ut
2631 635 2686 689 in
2708 635 2837 690 loco
2865 636 2920 689 in
2943 651 3064 708 quo
3087 638 3208 688 erat
3230 637 3473 685 venatus
3489 630 3654 702 lepo-

1997 737 2142 791 rem,
2179 723 2632 778 tabernaculum
2661 724 2864 793 figeret
2888 724 2963 778 ad
2987 721 3403 783 habitandum,
3429 725 3485 773 et
3516 734 3652 790 per-

2001 818 2266 866 maneret
2296 813 2408 868 illic
2439 815 2490 868 ei
2522 815 2770 868 vicinus.
2813 811 2960 868 Cum
3015 811 3062 865 is
3090 816 3289 865 autem
3322 810 3436 862 cito
3468 807 3658 879 perfe-

1998 901 2176 956 cisset
2205 901 2284 966 id,
2315 903 2697 974 quodjussus
2727 903 2934 964 fuerat.
2968 905 3098 972 pOst
3133 899 3356 970 aliquot
3389 913 3581 952 annos
3605 896 3659 950 ei

2001 997 2226 1062 martyr
2255 999 2503 1062 apparet
2532 993 2877 1055 evidentius,
2922 994 2979 1044 et
3007 991 3200 1053 docet,
3233 987 3512 1060 quisnam
3559 986 3654 1049 sit,

1999 1086 2051 1135 et
2078 1081 2240 1152 quod
2268 1080 2379 1135 sub
2411 1080 2568 1134 illius
2604 1079 2986 1136 tabernaculo
3018 1077 3269 1134 conditae
3302 1081 3440 1130 sunt
3469 1090 3654 1128 sacrae

2000 1187 2121 1225 suae
2149 1170 2433 1241 reliquiae.
2464 1169 2619 1224 Miles
2650 1184 2790 1224 vero
2822 1185 2935 1223 non
2954 1184 3084 1223 esse
3109 1183 3143 1222 a
3172 1165 3436 1238 periculo
3471 1179 3657 1218 remo-

2001 1264 2123 1314 tum
2159 1260 2472 1314 arbitratus
2518 1275 2743 1321 eorum,
2786 1274 2917 1329 quae
2967 1257 3077 1312 sibi
3131 1255 3413 1310 divinitus
3441 1250 3662 1320 signiﬁ—

2002 1356 2136 1405 cata
2163 1349 2414 1413 fuerant,
2451 1347 2768 1411 silentium,
2810 1348 2938 1402 haec
2969 1346 3159 1416 aperit
3190 1341 3533 1414 imperatori
3562 1357 3575 1406 ;
3611 1341 3659 1395 is

2003 1448 2202 1498 autem
2233 1443 2358 1494 erat
2411 1437 2775 1499 Anastasius,
2811 1436 2913 1508 qui
2954 1435 3194 1490 nolebat
3232 1435 3472 1505 quidem
3514 1445 3658 1502 pure

2006 1547 2073 1586 ac
2103 1531 2326 1584 sincere
2365 1543 2492 1582 esse
2533 1527 2664 1598 pius
2698 1543 2712 1591 ;
2742 1527 3020 1598 pietatem
3055 1529 3252 1580 autem
3297 1537 3453 1593 saepe
3481 1521 3664 1574 simu-

2006 1620 2156 1682 lans,
2185 1618 2467 1689 captabat
2487 1615 2800 1670 hominum
2827 1613 3331 1670 benevolentiam.
3361 1608 3663 1676 Quamob-

297 1730 386 1798 μεν
440 1724 561 1798 παρ⁹
622 1727 814 1776 ἐκείνου
874 1724 898 1775 6
965 1731 1052 1774 νῦν
1111 1722 1342 1782 ἑστηκὼς
1394 1719 1664 1789 εὐκτὴριος
1721 1712 1891 1774 οἷκοςο

2013 1725 2131 1764 rem
2182 1708 2258 1762 ab
2312 1706 2410 1760 illo
2442 1705 2674 1776 quidem
2717 1705 3101 1766 construitur,
3152 1718 3286 1774 quia
3339 1715 3497 1754 nunc
3551 1702 3660 1761 est,

2008 1800 2164 1854 aedes
2195 1795 2449 1851 oratoria
2485 1813 2498 1861 ;
2539 1794 2853 1849 dedicatur
2883 1799 3081 1848 autem
3139 1792 3216 1847 ab
3269 1806 3359 1853 eo,
3393 1787 3490 1858 qui
3528 1791 3660 1858 post

2008 1890 2200 1960 ipsum
2252 1885 2476 1940 obtinet
2528 1883 2868 1955 imperium,
2928 1881 3048 1954 pio,
3090 1882 3361 1953 inquam,
3405 1875 3660 1932 Justino.

2007 1978 2147 2045 Quae
2181 1991 2340 2031 nunc
2379 1989 2620 2046 quoque
2675 1977 3003 2044 permanet,
3060 1977 3115 2026 et
3156 1970 3216 2024 in
3247 1986 3317 2024 ea
3344 1967 3663 2022 liberantur

2006 2065 2274 2124 homines
2306 2081 2341 2118 a
2373 2063 2575 2118 multis
2607 2061 2802 2118 malis.
2838 2066 3022 2132 Atque
3054 2061 3181 2114 haec
3207 2058 3452 2129 quidem
3502 2059 3662 2117 sunt,

2009 2174 2143 2230 quae
2175 2155 2248 2210 de
2277 2169 2498 2223 magno
2530 2157 2848 2206 narrantur
2879 2153 3240 2204 Autonomo.

2081 2249 2170 2302 Vl.
2205 2247 2321 2313 Ego
2353 2246 2548 2298 autem
2581 2240 2789 2294 videns
2819 2238 3099 2293 athletam
3131 2237 3307 2290 etiam
3345 2237 3483 2306 post
3513 2246 3668 2286 mor-

2015 2341 2127 2392 tem
2161 2335 2496 2388 vincentem
2538 2337 2829 2397 naturam,
2879 2342 3136 2396 eXsurgo
3167 2325 3243 2380 ad
3275 2325 3447 2378 Deum
3489 2320 3664 2388 glori-

2013 2423 2339 2480 ﬁcandum.
2396 2419 2669 2489 Injiciens
2719 2419 2870 2473 enim
2907 2415 3233 2488 aliquando
3263 2412 3469 2468 oculos
3497 2410 3554 2464 in
3583 2424 3667 2464 se-

2012 2513 2288 2585 pulcrum
2311 2510 2609 2581 martyris,
2627 2507 2832 2578 aspexi
2854 2522 3051 2560 sacras
3073 2502 3512 2574 ejusreliquias,
3538 2514 3663 2569 quae

2013 2604 2244 2658 invictae
2280 2603 2627 2653 manserant
2676 2613 2710 2650 a
2767 2593 2969 2649 mortis
3033 2592 3278 2647 viribus.
3328 2592 3470 2655 Quae
3502 2588 3663 2641 enim

2015 2691 2350 2747 universam
2369 2686 2646 2743 animalis
2659 2701 2788 2740 com
2799 2682 3156 2754 positionem
3173 2695 3233 2733 se
3249 2679 3421 2733 trium
3437 2675 3670 2729 dierum

2014 2781 2204 2854 spatio
2235 2777 2521 2848 gloriatur
2550 2773 2998 2834 dissoluturam,
3027 2769 3155 2839 jam
3183 2766 3454 2821 ducentis
3493 2764 3670 2819 annis

2013 2887 2132 2928 non
2164 2868 2345 2924 valuit
2375 2863 2643 2938 praeclari
2687 2862 2843 2917 illius
2896 2859 3005 2914 viri
3051 2856 3138 2914 vel
3187 2856 3371 2928 pilum
3404 2869 3670 2910 corrum-

2012 2976 2151 3032 pere
2197 2976 2210 3014 :
2246 2956 2353 3013 sed
2405 2961 2457 3010 et
2497 2969 2673 3008 coma
2720 2949 2930 3020 capitis
2961 2953 3047 3004 est
3070 2946 3258 3002 densa
3298 2950 3352 2999 et
3392 2942 3586 3007 illaesa,
3621 2944 3676 2996 et

312 3072 410 3137 φῆς
466 3068 747 3137 χαρακτὴρ
824 3067 1151 3123 συνεστηκὼς
1208 3069 1297 3115 καὶ
1369 3063 1630 3124 ἀλῶϐητος
1685 3031 1898 3136 τῇιτης

2015 3031 2222 3105 forma:
2270 3047 2574 3101 character
2626 3039 2896 3096 consistit
2925 3038 3172 3104 integer,
3227 3031 3376 3106 pelle
3410 3032 3586 3086 ﬁrma
3616 3032 3674 3086 et

313 3152 474 3227 δορᾶς
505 3153 724 3224 εὐτονίᾳ,
776 3149 913 3224 μηδὲ
962 3155 1053 3214 τὰς
1102 3161 1194 3214 τῆς
1243 3154 1441 3216 ὑπήνης
1489 3161 1682 3226 τρίχας
1715 3154 1905 3207 ἀποϐα-

310 3244 427 3294 λών·
483 3242 671 3314 ἀνέῳγε
729 3239 786 3294 δε
843 3243 982 3313 αὐτῴ
1031 3247 1118 3294 καὶ
1171 3244 1194 3293 6
1252 3253 1350 3294 τῶν
1399 3244 1639 3315 ὀμμάτων
1697 3246 1904 3307 κύκλος.

314 3333 386 3384 Δι’
445 3332 512 3382 ὧν
565 3334 677 3402 ἐμοὶ
739 3328 909 3383 δοκεῖν
968 3337 1055 3383 καὶ
1111 3333 1352 3402 θεώμενος
1412 3330 1558 3386 αἰδοῖ
1603 3342 1695 3386 τοῦ
1749 3341 1908 3406 νόμου

313 3429 409 3483 τῆς
458 3422 708 3485 τελευτῆς,
756 3425 847 3478 τὴν
895 3425 1096 3478 σιωπὴν
1145 3429 1420 3493 προτιμᾴν.
1453 3429 1674 3480 Ἕστηκε
1719 3421 1777 3476 δὲ
1823 3428 1912 3475 καὶ

316 3514 342 3563 6
392 3517 489 3570 πᾶς
539 3517 626 3562 τοῦ
678 3516 918 3581 σώματος
966 3512 1152 3570 τύπος·
1189 3516 1281 3569 τὴν
1324 3509 1463 3563 ἰδίαν
1515 3524 1776 3586 συντηρῶν
1825 3513 1913 3586 ἁρ-

317 3606 516 3672 μονίαν,
576 3605 664 3651 καὶ
713 3603 829 3651 οὔτε
881 3607 974 3660 τῆς
1023 3600 1241 3671 κεφαλῆς
1300 3598 1527 3664 οὐὸολως
1582 3602 1912 3678 ἀποόῥαγεὶς,

318 3693 433 3742 οὔτε
490 3697 588 3740 τῶν
643 3687 831 3740 λοιπῶν
879 3693 1073 3761 μορίων
1122 3693 1214 3747 τὴν
1264 3686 1546 3742 διάστασιν
1595 3693 1909 3762 ὑπομείνας·

320 3779 453 3830 οὕτω
500 3781 600 3851 γὰρ
654 3779 680 3828 6
732 3775 1099 3851 μεγαλόδωρος
1159 3780 1342 3849 Κύριος
1399 3775 1754 3841 ἀντιδοξάζειν
1803 3779 1915 3834 οἶδε

321 3871 439 3930 τοὺς
494 3868 702 3929 οἰκείοις
756 3867 909 3918 αὐτὸν
967 3867 1143 3940 μέλεσι
1215 3864 1441 3929 δοξάσαι
1509 3869 1910 3942 προελομένουςο

321 3959 400 4009 ὅτι
430 3957 570 4027 αὐτῷ
617 3961 798 4030 πρέπει
845 3963 992 4008 πᾶσα
1042 3953 1192 4020 δόξα,
1226 3962 1349 4028 τιμὴ
1393 3963 1483 4010 καὶ
1535 3963 1910 4032 προσκύνησις,

319 4053 407 4097 νῦν
436 4050 525 4098 καὶ
556 4044 655 4112 ἀεὶ,
687 4050 776 4097 καὶ
811 4044 881 4108 εἰς
912 4049 1033 4107 τοὺς
1058 4045 1268 4106 αἰῶνας.
1305 4045 1488 4118 Ἀμήν.

327 4294 700 4321 ’ῃωξστε

634 4440 894 4580 DE
1016 4437 1764 4582 SANCTO

2016 3140 2268 3200 intensa,
2324 3151 2397 3188 ne
2427 3131 2662 3187 amissis
2700 3127 2946 3202 quidem
2977 3125 3110 3197 pilis
3140 3123 3291 3178 labri
3324 3119 3668 3192 superioris.

2017 3231 2081 3283 Et
2120 3232 2321 3281 autem
2351 3223 2403 3278 ei
2455 3222 2610 3277 orbis
2649 3233 2892 3292 quoque
2932 3219 3171 3286 apertus
3203 3212 3536 3266 oculorum.
3573 3211 3675 3263 Per

2020 3332 2170 3389 quos
2196 3311 2444 3369 intuenti
2485 3309 2628 3362 mihi
2662 3307 2998 3367 videbatur,
3030 3302 3194 3376 quod
3224 3300 3412 3369 legem
3443 3303 3674 3352 tantum

2024 3388 2227 3462 mortis
2269 3404 2390 3474 ipse
2434 3397 2741 3460 reveritus,
2805 3395 3102 3450 silentium
3163 3389 3491 3446 simularet.
3554 3388 3678 3442 Stat

2021 3501 2221 3552 autem
2251 3491 2523 3546 universa
2542 3501 2784 3559 quoque
2825 3485 3017 3553 ﬁgura
3044 3481 3173 3549 ejus
3205 3478 3470 3550 corporis
3499 3491 3674 3531 suam

2023 3596 2384 3641 conservans
2415 3590 2792 3648 compagem,
2825 3578 2882 3627 et
2908 3588 3015 3626 nec
3043 3571 3174 3644 ejus
3197 3567 3405 3638 capitis
3431 3571 3675 3638 ruptum

2025 3681 2111 3730 est
2132 3669 2378 3743 aliquid,
2411 3682 2518 3722 nec
2545 3664 2909 3735 reliquarum
2931 3659 3199 3730 corporis
3232 3655 3492 3728 partium
3523 3655 3678 3708 facta

2024 3769 2112 3819 est
2141 3742 2260 3817 ulla
2281 3776 2315 3815 a
2336 3774 2396 3813 se
2419 3757 2671 3812 invicem
2688 3750 3026 3822 disjunctio.
3054 3748 3147 3802 Sic
3173 3746 3331 3801 enim
3357 3742 3679 3799 muniﬁcus

2025 3852 2314 3908 Dominus
2362 3848 2468 3903 scit
2516 3842 2770 3900 vicissim
2819 3839 3152 3910 gloriﬁcare
3213 3851 3331 3899 eos,
3403 3832 3506 3904 qui
3557 3831 3680 3887 suis

2026 3941 2314 3998 membris
2339 3937 2654 3993 voluerunt
2675 3948 2812 3988 eum
2839 3928 3168 4003 gloriﬁcare
3193 3942 3206 3982 :
3230 3924 3519 3996 quoniam
3543 3937 3682 3977 eum

2027 4033 2196 4088 decet
2222 4028 2427 4098 gloria,
2473 4025 2666 4080 honor
2714 4027 2770 4078 et
2797 4017 3092 4082 adoratio,
3148 4031 3307 4071 nunc
3338 4019 3395 4069 et
3424 4027 3680 4084 semper,

2029 4127 2086 4179 et
2113 4123 2172 4177 in
2200 4116 2448 4175 saeccula
2493 4116 2700 4170 Amen.

1877 4316 2582 4580 WA
2696 4423 3372 4574 GOTHO

1369 4699 1691 4753 MARTYRE
1731 4700 1798 4753 IN
1842 4697 2073 4754 GOTHA
2113 4697 2339 4752 ULTBA
2379 4693 2654 4750 lSTRUM.

1380 4875 1532 4938 (Acta
1560 4873 1646 4924 SS.
1677 4874 1804 4924 Boll.
1836 4873 1904 4924 ad
1933 4873 2077 4923 diem
2106 4875 2166 4922 15
2191 4872 2355 4937 Sept.,
2381 4875 2511 4921 tom.
2539 4870 2625 4931 V.)

486 5045 759 5106 Celebris
791 5046 988 5105 sancti
1023 5045 1226 5105 cultus
1252 5062 1264 5103 :
1293 5045 1466 5104 locus
1493 5051 1554 5104 et
1582 5051 1830 5124 tempus
1864 5044 2157 5122 martyrii
2192 5041 2610 5124 investigatur
2642 5036 2993 5124 :_nonuulla
3021 5034 3096 5095 de
3122 5029 3531 5094 conversione

1269 5125 1616 5185 Gothorum
1649 5118 1983 5186 observata
2009 5118 2216 5184 {Acta
2246 5122 2462 5182 Graeca
2492 5118 2755 5179 edenda.

396 5460 438 5511 l.
469 5454 723 5513 Celebris
755 5452 1084 5509 admodum
1115 5456 1201 5508 est
1221 5451 1399 5507 hodie
1426 5451 1585 5522 apud
1610 5453 1840 5507 Grmcos
1866 5455 1920 5507 et
1952 5456 1998 5512 D
2029 5449 2224 5512 Gothi,
2257 5448 2330 5504 de
2363 5463 2482 5521 quo
2525 5447 2815 5503 Baronius
2855 5446 2916 5502 in
2967 5441 3384 5516 Martyrologio
3423 5445 3692 5500 Romano

328 5545 598 5603 Moschus
631 5544 823 5602 cultus
869 5544 1058 5600 sancti
1103 5543 1312 5600 Nicetes
1357 5541 1635 5615 martyris
1682 5541 1920 5598 natione

2031 5541 2113 5596 ita
2157 5538 2428 5596 meminit
2485 5560 2494 5590 :
2558 5537 2781 5594 Eodem
2841 5536 2936 5592 die
2987 5534 3181 5591 sancti
3232 5533 3444 5591 Nicetis
3496 5532 3669 5590 Gothi
