4096 6220
480 286 585 343 699

1822 285 2084 344 MENSIS
2123 282 2577 345 SEPTEMBER.
3814 283 3903 340 700

484 412 585 486 qui
621 413 698 468 ab
730 412 1087 468 Athanarico
1134 427 1271 482 rege
1302 412 1381 468 ob
1405 412 1763 470 catholicam
1803 414 1984 469 ﬁdem
2021 414 2142 486 jus-
2174 410 2220 465 A
2251 414 2611 486 impressum
2652 420 2742 468 est
2784 412 2845 468 in
2906 411 3200 468 Thesauro
3250 410 3706 484 Antiquitatum
3742 410 3903 466 Italic

486 520 587 558 sus
610 507 696 557 est
727 503 861 571 igne
893 502 1186 557 comburi.
1220 524 1243 553 ››
1272 506 1468 557 Petrus
1491 502 1563 557 de
1596 502 1918 568 Natalibus,
1950 503 2051 558 lib.
2086 519 2138 566 v,

483 608 615 663 cap.
645 594 698 661 4,
742 591 1003 661 elogium
1048 593 1349 647 contexuit
1395 608 1464 647 ex
1512 592 1669 647 Actis
1702 592 1853 647 infra
1903 592 2137 656 dandis,

485 681 589 737 sed
621 696 738 735 non
769 681 892 734 sine
923 680 1225 736 erroribus
1253 680 1502 753 aliquot,
1528 687 1900 753 mortemque
1927 680 2134 749 sancti,

483 786 657 841 quem
691 769 952 824 Nicetum
984 774 1171 834 vocat,
1200 769 1328 824 ﬁxit
1355 774 1420 825 25
1452 770 1609 825 Maii.
1633 770 1776 824 Hinc
1808 769 2050 833 factum,
2080 772 2142 823 ut

484 857 785 913 Grevenns
826 859 1043 929 ultique
1082 858 1252 928 pauci
1304 858 1688 930 inartyrologi
1721 859 2008 928 Nicetum,
2038 863 2139 913 aut

484 947 682 1018 potius
712 946 997 1010 Nicetam,
1032 948 1108 1001 ad
1140 950 1206 999 ‘25
1237 947 1361 1002 Maii
1391 947 1511 1001 suis
1552 948 1734 1003 Fastis
1764 946 2136 1002 inseruerint.

484 1034 596 1089 Alii
650 1042 849 1090 tamen
889 1035 1068 1090 Latini
1114 1052 1247 1090 cum
1300 1035 1529 1091 Molano
1571 1042 1844 1092 sanctum
1876 1038 2138 1093 Nicetam

484 1124 663 1180 hodie
695 1124 1514 1196 memorarunt.Antiquiores
1537 1125 1925 1197 martyrologi
1952 1125 2139 1181 Latini

486 1216 761 1269 sanctum
792 1214 953 1269 hunc
976 1216 1324 1284 ignorarunt
1358 1232 1370 1269 :
1403 1215 1507 1270 sed
1536 1216 1715 1271 Graeci
1750 1231 1969 1285 magno
2000 1231 2139 1271 con-

487 1319 685 1368 sensu,
745 1310 799 1359 et
829 1321 956 1359 cum
1006 1304 1093 1358 his
1120 1303 1333 1359 Moschi
1366 1311 1640 1360 sanctum
1675 1306 1932 1361 Nicetam
1962 1305 2138 1360 hodie

485 1392 808 1455 celebrant,
844 1398 905 1446 ut
932 1408 1220 1461 magnum
1251 1398 1589 1463 martyrem,
1622 1393 1695 1447 de
1725 1410 1842 1465 quo
1876 1392 2136 1447 ofﬁcium

482 1480 950 1536 ecclesiasticum
976 1483 1184 1536 eodem
1217 1482 1311 1536 die
1344 1482 1742 1552 peragendum
1766 1484 1818 1536 in
1848 1482 2012 1536 libris
2040 1497 2140 1536 eo-

483 1584 615 1624 rum
634 1568 949 1625 ritualibus
966 1570 1381 1640 praescribitur.
1399 1571 1460 1625 In
1490 1570 1814 1641 Menologio
1832 1570 2138 1626 Sirletiano

482 1658 594 1713 hoc
620 1660 807 1715 sancti
838 1660 1047 1714 Nicetas
1071 1659 1246 1714 datur
1262 1660 1521 1729 elogium
1549 1677 1559 1713 :
1588 1679 1618 1713 ‹
1638 1660 2138 1715 Commemoratio

2254 510 2396 562 tom.
2432 521 2486 569 v,
2522 508 2673 575 part.
2703 520 2760 558 ιι.
2808 502 2871 557 In
2926 501 3027 557 illo
3070 502 3228 556 enim
3270 507 3571 556 tractatur
3603 499 3678 555 de
3708 500 3902 571 templo

2252 596 2308 650 S.
2380 592 2617 658 Nicolai.
2675 591 2960 664 parochia
3015 591 3515 662 presbyterorum
3571 590 3632 644 in
3688 590 3902 660 regione

2250 682 2416 737 Dorsi
2456 681 2609 746 duri,
2662 688 2841 752 atque
2871 681 2932 735 in
2980 678 3097 734 ﬁne
3151 679 3360 735 dicitur
3399 695 3411 733 :
3452 679 3556 734 Hic
3616 677 3798 733 sancti
3836 678 3903 733 Ni-

2249 779 2390 827 cetas
2422 787 2636 842 corpus
2667 770 2915 840 aliaeque
2937 774 3281 825 sanctorum
3309 768 3581 840 reliquias
3615 765 3902 822 habentur.

2321 864 2405 917 ιν.
2437 860 2607 926 Quod
2644 863 2871 930 spectat
2916 858 2993 913 ad
3040 864 3293 931 tempus,
3323 873 3451 929 quo
3488 861 3743 912 sanctus
3770 855 3905 910 Nice-

2250 956 2338 1005 tas
2358 949 2640 1021 martyrio
2654 953 2974 1005 coronatus
2990 946 3249 1012 est,illud
3267 951 3607 1019 utcumque
3633 943 3901 1014 assignari

2249 1044 2444 1111 potest
2473 1055 2544 1094 ex
2592 1043 2881 1109 tempore,
2915 1052 3039 1109 quo
3076 1036 3401 1091 Gothorum
3439 1036 3727 1107 princeps
3752 1031 3905 1087 Atha-

2249 1129 2489 1184 naricus
2513 1126 2987 1199 persecutionem
3006 1126 3189 1181 movit
3212 1124 3513 1180 adversus
3534 1122 3901 1180 Christianos.

2252 1217 2331 1272 De
2370 1232 2695 1272 numerosa
2735 1215 3068 1271 Gothorum
3124 1219 3468 1285 martyrum
3516 1212 3714 1268 classe
3755 1210 3825 1265 ad
3850 1211 3904 1263 26

2250 1305 2434 1362 Martii
2487 1306 2606 1375 egit
2654 1304 3091 1377 Papebrochius
3155 1308 3355 1359 noster
3397 1302 3675 1358 breviter
3723 1299 3901 1354 admo-

2249 1394 2416 1451 dum.
2447 1395 2734 1451 Prolixius
2762 1400 2816 1449 et
2838 1392 3177 1450 accuratius
3195 1392 3267 1448 de
3293 1397 3509 1448 sancto
3534 1390 3701 1446 Saba
3714 1388 3898 1453 Gotho,

2249 1484 2308 1539 in
2339 1486 2549 1539 eadem
2577 1500 2820 1556 quoque
2852 1482 3260 1553 persecutione
3284 1497 3491 1553 passo,
3523 1479 3689 1535 idem
3714 1474 3901 1547 egitad

2252 1574 2317 1627 12
2355 1574 2587 1645 Aprilis,
2620 1589 2742 1645 quo
2786 1573 3018 1628 occisus
3050 1577 3137 1626 est
3186 1587 3345 1626 anno
3376 1573 3511 1626 372.
3548 1568 3766 1624 Eodem
3807 1566 3898 1621 ior-

2251 1679 2357 1718 san
2395 1679 2576 1729 anno,
2605 1667 2759 1718 certe
2791 1678 2911 1717 non
2941 1661 3142 1715 multis
3169 1661 3342 1717 annis
3376 1659 3559 1715 citius
3602 1662 3705 1712 aut
3731 1656 3892 1710 serius

485 1748 673 1803 sancti
703 1749 972 1820 martyris
990 1750 1215 1813 Nicetas,
1245 1750 1472 1821 quisub
1501 1748 1749 1819 imperio
1768 1748 2139 1804 Constantini
2174 1764 2218 1819 Β
2250 1759 2567 1807 coronatus
2600 1757 2685 1806 est
2715 1757 2955 1806 sanctus
2996 1751 3242 1805 Nicetes.
3282 1751 3475 1805 Locus
3522 1746 3787 1817 martyrii
3811 1743 3897 1799 fuit

482 1838 673 1909 Magni
699 1845 897 1901 natus,
928 1844 1106 1909 atque
1138 1839 1423 1893 educatus
1447 1839 1504 1893 in
1537 1839 1777 1907 regione
1810 1838 2134 1893 Gothorum

484 1926 635 1982 ultra
669 1926 1031 1993 Danubium,
1050 1944 1168 1981 non
1182 1928 1669 1982 communicabat
1690 1943 1826 1982 cum
1847 1926 2134 1994 Barbaris,

485 2016 591 2071 sed
616 2033 752 2071 cum
776 2016 917 2071 viris
938 2017 1048 2088 piis
1080 2020 1260 2071 Deum
1285 2017 1639 2082 colentibus,
1661 2017 1906 2072 edoctus
1930 2016 2137 2071 Christi

483 2105 664 2160 ﬁdem
685 2122 720 2159 a
738 2105 1113 2160 sanctissimo
1139 2105 1419 2177 epiSCOpo
1438 2106 1761 2161 Gothorum
1790 2104 2134 2175 Theophilo,

484 2193 957 2265 comprehensus
972 2194 1049 2248 ab
1069 2194 1392 2249 Athanasio
1411 2194 1564 2264 (lege
1580 2193 1965 2263 Athanarico)
1980 2193 2139 2264 prin-

484 2283 613 2354 cipe
670 2287 909 2353 propter
964 2283 1313 2338 Christianas
1366 2283 1504 2338 ﬁdei
1585 2282 2039 2354 professionem,
2080 2287 2139 2337 et

486 2370 683 2427 multis
718 2372 1024 2426 tormentis
1048 2372 1361 2435 cruciatus,
1396 2372 1531 2441 igne
1562 2379 1967 2442 consumptus,
2002 2388 2139 2425 con-

485 2466 826 2516 summatus
872 2466 1038 2515 est.»
1078 2460 1422 2517 Consonant
1461 2463 1706 2517 omnino
1766 2464 1977 2517 Menasa
2030 2462 2135 2515 im-

484 2567 708 2623 pressa,
740 2550 840 2605 ubi
865 2566 1086 2605 nomen
1118 2551 1480 2616 Athanarici,
1507 2568 1613 2622 pro
1640 2567 1762 2623 quo
1779 2550 1873 2605 hic
1896 2550 2138 2607 mendo-

482 2656 543 2694 se
575 2639 929 2695 Athanasius
961 2639 1192 2709 legitur,
1224 2647 1377 2696 recte
1409 2646 1498 2695 est
1524 2657 1900 2712 expressum.

553 2729 619 2784 Il.
654 2730 715 2783 In
774 2729 1100 2799 Menologio
1148 2730 1438 2785 Basiliano
1493 2732 1636 2785 Acta
1691 2730 1879 2785 sancti
1927 2729 2135 2785 Nicetaa

481 2818 839 2890 compendio
871 2827 1269 2889 exponuntur.
1304 2822 1449 2874 Nam
1484 2824 1617 2888 post
1647 2820 1801 2874 hanc
1825 2820 2140 2875 annuntia-

482 2908 721 2972 tionem,
744 2907 1100 2963 «Certamen
1120 2910 1307 2963 sancti
1330 2909 1534 2977 magni
1557 2908 1833 2979 martyris
1856 2908 2089 2972 Nicetae,
2112 2932 2131 2959 ι

482 2997 746 3068 sequitur
776 2996 1033 3066 elogium
1063 2998 1142 3051 ita
1161 3004 1507 3068 conceptum
1532 3013 1589 3049 :«
1620 2997 1869 3062 Nicetas,
1900 2997 2138 3067 praecla-

482 3100 579 3138 rus
630 3083 837 3137 Christi
904 3090 1154 3153 martyr,
1209 3084 1315 3138 fuit
1366 3083 1693 3153 imperante
1754 3085 2137 3140 Constantino
2173 3115 2213 3170 ρ

482 3176 711 3241 Magno,
747 3188 959 3239 genere
1019 3172 1264 3236 Gothus,
1300 3171 1606 3228 nobilitate
1639 3188 1707 3227 ac
1739 3172 1956 3227 divitiis
1986 3175 2139 3230 inter

481 3261 803 3333 populares
834 3278 974 3316 suos
995 3262 1237 3326 ﬂorens,
1268 3278 1303 3316 a
1333 3261 1659 3333 Theophilo
1690 3261 2135 3333 religiosissimo

482 3350 706 3405 Gothiae
736 3350 1020 3421 episcOpo
1076 3350 1259 3405 ﬁdem
1308 3350 1572 3408 edoctus.
1621 3352 1761 3406 Cum
1816 3356 2013 3407 autem
2074 3354 2133 3408 in

482 3439 631 3493 duas
658 3438 941 3494 factiones
981 3444 1102 3494 tota
1130 3439 1458 3495 Gothorum
1492 3456 1637 3510 gens
1670 3425 1857 3497 scissa
1911 3441 2133 3509 fuisset,

482 3532 659 3599 atque
692 3533 938 3600 utraque
965 3546 1139 3583 suum
1174 3528 1285 3583 sibi
1321 3530 1645 3600 principem
1676 3536 1931 3585 creasset
1962 3548 1974 3596 ;
2004 3547 2138 3586 con-

481 3616 786 3689 fugitalter
804 3617 1137 3689 principum
1158 3616 1230 3673 ad
1250 3618 1656 3673 Romanorum
1674 3618 2131 3691 imperatorem:

482 3707 581 3778 qui
613 3723 749 3762 cum
766 3712 1041 3778 suscepta
1072 3708 1130 3762 in
1161 3708 1471 3763 contrariae
1505 3708 1777 3763 factionis
1816 3715 2136 3781 tyrannum

482 3796 871 3867 expeditione,
906 3796 1190 3867 insignem
1222 3813 1295 3853 ex
1324 3814 1395 3853 eo
1428 3802 1779 3869 reportasset
1806 3799 2132 3865 victoriam,

482 3885 821 3957 Gothosque
870 3885 1222 3954 subegisset,
1264 3903 1334 3941 ex
1376 3903 1445 3941 eo
1474 3893 1738 3958 tempore
1764 3902 1952 3957 genus
1980 3888 2137 3945 Chri-

480 3974 809 4030 stianorum
844 3974 993 4029 inter
1024 3975 1242 4030 Gothos
1276 3975 1736 4048 multiplicatum
1770 3982 1877 4030 est.
1916 3980 2135 4033 Horum

481 4064 713 4135 primus
745 4070 984 4119 sanctus
1015 4064 1240 4119 Nicetas
1256 4063 1380 4132 fuit,
1408 4064 1509 4136 qui
1537 4065 2137 4122 etsummalibertate

484 4151 875 4208 Christianam
903 4152 1085 4207 ﬁdem
1135 4151 1360 4224 populo
1391 4154 1802 4208 annuntiabat.
1835 4152 1947 4208 Sed
1983 4160 2137 4225 post-

483 4256 670 4313 quam
712 4256 981 4297 reversus
1014 4247 1101 4297 est
1138 4243 1483 4313 imperator,
1532 4241 1701 4299 Gothi
1735 4242 1999 4299 inﬁdeles
2054 4243 2140 4299 fu-

482 4344 614 4385 rore
649 4330 872 4401 perciti,
905 4337 1208 4387 commota
1237 4331 1293 4385 in
1310 4331 1670 4387 Christianos
1706 4333 2137 4402 persecutione,

485 4418 631 4474 alios
659 4419 898 4491 quidem
957 4421 1129 4476 aliter
1158 4426 1400 4485 torsere,
1445 4421 1706 4475 Nicetam
1755 4425 1953 4475 autem
1987 4423 2140 4477 mul-

484 4508 784 4580 tiplicibus
820 4509 1130 4582 suppliciis
1174 4511 1573 4566 excruciatum
1599 4511 1722 4579 igni
1758 4509 2075 4567 tradidere.
2113 4533 2135 4563 υ

485 4601 777 4654 Hactenus
804 4599 1203 4669 Menologium
1239 4599 1379 4653 satis
1405 4604 1575 4654 recte.

556 4692 644 4743 ΙΙΙ.
678 4690 753 4744 De
787 4690 1167 4745 translatione
1199 4688 1459 4759 corporis
1493 4688 1682 4743 sancti
1715 4688 1926 4744 Nicetas
1972 4691 2141 4747 Gothi

484 4784 671 4847 agunt
701 4778 847 4835 Acta
874 4778 1128 4843 edenda,
1159 4777 1348 4849 iisque
1380 4777 1671 4832 consentit
1703 4779 1902 4832 Petrus
1935 4778 2007 4833 de
2036 4781 2140 4834 Na-

485 4867 848 4938 talibusjam
895 4868 1190 4924 laudatus.
1224 4866 1547 4939 Utrobique
1580 4866 1758 4922 etiam
1788 4866 2018 4937 legitur,
2048 4883 2143 4923 ece

485 4956 723 5013 clesiam
761 4963 966 5013 sancto
1012 4955 1367 5011 aedificatam
1406 4972 1533 5011 esse
1566 4957 1935 5026 Mopsuestim
1966 4957 2024 5011 in
2058 4957 2140 5012 Ci-

486 5044 639 5112 licia,
686 5063 803 5119 quo
835 5062 1065 5102 sacrum
1109 5060 1326 5113 corpus
1350 5049 1473 5100 erat
1517 5044 1802 5100 delatum.
1838 5044 2003 5101 Addit
2037 5047 2140 5101 de-

485 5134 620 5190 inde
655 5140 850 5190 Petrus
877 5135 951 5189 de
996 5135 1299 5190 Natalibus
1336 5151 1346 5188 :
1387 5156 1409 5184 ‹‹
1463 5135 1590 5189 Post
1624 5134 1901 5205 temporis
1935 5135 2141 5190 decur-

486 5241 619 5280 sum
651 5240 866 5295 corpus
896 5225 1093 5294 ipsum
1134 5223 1405 5279 Venetias
1442 5223 1809 5289 translatum,
1841 5224 2139 5295 quiescere

486 5312 695 5369 dicitur
723 5313 779 5366 in
823 5312 1072 5368 ecclesia
1099 5312 1156 5367 S.
1191 5312 1428 5368 Nicolai.
1462 5333 1489 5364 »
1528 5315 1603 5367 De
1634 5328 1884 5383 corpore
1913 5313 2137 5370 ibidem

486 5406 718 5458 servato
752 5400 1106 5473 astipulatur
1150 5401 1423 5457 Nicolaus
1453 5401 1720 5471 Doglioni
1753 5399 1811 5455 in
1845 5402 2138 5473 Opusculo

488 5491 685 5547 Italico
708 5490 779 5546 de
794 5491 1169 5547 Notabilibus
1197 5490 1356 5546 urbis
1384 5491 1627 5555 Veneta},
1648 5489 1748 5543 lib.
1774 5505 1978 5559 ii,pag.
2004 5494 2135 5555 345;

484 5580 566 5637 uti
603 5586 659 5637 et
696 5581 1054 5655 opusculum
1108 5581 1377 5639 Latinum
1411 5580 1483 5635 de
1531 5578 1675 5635 Urbe
1717 5579 1950 5648 Veneta,
1978 5580 2136 5651 quod

2248 1843 2306 1897 in
2334 1841 2914 1909 ditioneGothornm,
2960 1839 3111 1895 ultra
3151 1839 3496 1895 Danubium
3543 1842 3684 1893 tunc
3707 1835 3895 1904 degen-

2248 1931 2417 1985 tium.
2440 1929 2646 1984 Nescio
2662 1944 2827 1994 sane,
2846 1944 2969 2000 quo
3002 1930 3310 1983 memorias
3337 1927 3522 1999 lapsu
3551 1922 3893 1981 Castellanus

2247 2020 2305 2075 in
2340 2018 2754 2090 Martyrologio
2789 2017 3106 2073 universali
3150 2017 3225 2072 ad
3257 2015 3627 2086 marginem,
3670 2020 3725 2068 et
3751 2012 3803 2065 in
3828 2011 3895 2064 in-

2247 2110 2396 2174 dice,
2428 2114 2632 2164 notare
2655 2108 2928 2180 potuerit,
2964 2122 3150 2179 prope
3178 2105 3611 2177 Mopsuestiam
3645 2104 3703 2159 in
3723 2099 3891 2157 Cilicia

2247 2200 2513 2255 occisum
2546 2214 2673 2252 esse
2704 2202 2998 2263 sanctum,
3052 2196 3164 2251 nisi
3196 2196 3418 2259 locum,
3457 2193 3540 2249 ad
3572 2209 3753 2265 quem
3788 2205 3891 2244 cor-

2248 2304 2361 2359 pus
2394 2287 2746 2341 translatum
2775 2290 2882 2351 est,
2920 2302 3054 2340 cum
3083 2284 3216 2339 loco
3250 2283 3530 2357 martyrii
3563 2278 3885 2338 confuderit.

2248 2375 2417 2433 Nulla
2458 2375 2614 2429 enim
2651 2380 2740 2427 est
2769 2374 2937 2438 ratio,
2981 2389 3086 2428 cur
3124 2372 3421 2438 dicamus,
3463 2370 3731 2426 occisum
3783 2380 3888 2419 esse

2251 2462 2535 2517 Sanctum
2570 2467 2733 2516 extra
2762 2461 3049 2517 ditionem
3081 2460 3427 2516 Athanarici
3462 2458 3787 2515 Gothorum
3818 2467 3884 2507 re-

2248 2552 2355 2622 gis,
2391 2567 2524 2621 quas
2565 2550 2862 2606 immenso
2919 2556 3208 2606 terrarum
3252 2548 3574 2605 intervallo
3634 2562 3670 2602 a
3716 2540 3887 2600 Cilicia

2248 2640 2525 2695 distabat.
2582 2640 2633 2695 Si
2679 2655 2855 2711 porro
2895 2639 3185 2694 ditionem
3227 2636 3582 2693 Athanarici
3637 2632 3883 2708 proprius

2248 2729 2545 2801 inquirere
2580 2728 2848 2794 velimus,
2887 2745 2958 2783 ex
3017 2726 3358 2793 Ammiano,
3418 2731 3599 2799 gesta
3656 2718 3884 2777 Valentis

2247 2817 2622 2890 imperatoris
2678 2824 2884 2873 contra
2955 2816 3382 2873 Athanaricum
3442 2815 3748 2876 referente,
3797 2806 3879 2862 lib.

2248 2923 2424 2970 xxvu,
2446 2922 2580 2978 cap.
2610 2911 2661 2971 5,
2693 2904 2863 2962 facile
2892 2904 3443 2978 deprehendamus,
3481 2897 3878 2960 Athanaricum

2247 3012 2318 3051 eo
2350 3001 2610 3068 tempore
2640 2995 3021 3050 dominatum
3043 3010 3171 3049 esse
3198 2995 3255 3050 in
3273 2995 3573 3050 hodierna
3606 2983 3880 3046 Moldavia,

2248 3100 2317 3140 ac
2349 3083 2496 3140 forte
2540 3085 2597 3139 in
2627 3084 2915 3139 Valachia
2972 3091 3027 3139 et
3075 3084 3448 3149 Bessarabia,
3511 3085 3615 3138 aut
3668 3080 3805 3132 certe
3833 3074 3878 3127 in

2246 3180 2411 3244 parte
2467 3173 2668 3245 aliqua
2707 3173 2944 3229 illarum
2989 3172 3437 3245 provinciarum
3473 3189 3486 3227 :
3523 3183 3713 3242 neque
3742 3162 3873 3219 enim

2247 3262 2545 3326 novimus,
2576 3278 2763 3333 quam
2795 3262 2907 3317 late
2935 3262 3277 3335 imperaret.

2318 3350 2382 3404 V.
2419 3352 2571 3405 Loca
2602 3351 2679 3406 ab
2709 3351 3025 3407 Ammiano
3058 3358 3409 3416 memorata,
3436 3349 3545 3406 ubi
3580 3347 3777 3403 Valens
3808 3340 3875 3393 ls-

2250 3444 2404 3495 trum
2438 3441 2631 3511 primo
2659 3445 2714 3494 et
2730 3441 2897 3495 tertio
2918 3439 3073 3496 illius
3102 3439 3238 3495 belli
3270 3456 3430 3495 anno
3446 3438 3695 3510 trajecit,
3724 3436 3774 3488 et
3794 3426 3873 3483 ubi

2247 3546 2408 3586 anno
2438 3531 2700 3586 secundo
2742 3532 3059 3587 transitum
3091 3530 3309 3586 frustra
3341 3530 3611 3593 tentavit,
3643 3528 3794 3581 erant
3825 3518 3871 3572 in

2248 3619 2446 3677 Moesia
2471 3619 2763 3685 inferiore,
2800 3620 2970 3676 dictis
3018 3618 3361 3692 provinciis,
3406 3614 3729 3691 praesertim
3765 3604 3870 3665 Mol-

2248 3711 2439 3767 daviae
2471 3712 2765 3783 opposita,
2797 3711 3045 3782 soloque
3076 3710 3226 3765 Istro
3247 3713 3324 3765 ab
3356 3710 3424 3764 iis
3452 3709 3666 3765 divisa.
3698 3696 3872 3757 Marci-

2247 3800 2521 3872 anopolis
2546 3800 2821 3872 ejusdem
2866 3798 3186 3871 provincias
3222 3798 3405 3864 urbis,
3438 3798 3501 3853 in
3542 3811 3660 3868 qua
3687 3788 3869 3846 Valens

2247 3889 2499 3944 hiberna
2538 3888 2820 3954 habebat,
2853 3903 2924 3943 ac
2953 3904 3073 3960 pax
3104 3888 3158 3943 in
3190 3888 3317 3958 ipso
3343 3890 3483 3942 lstro
3505 3887 3653 3941 inter
3682 3884 3870 3935 utrum-

2248 3994 2364 4049 que
2394 3976 2723 4049 principem
2764 3976 2931 4045 inita,
2966 3975 3235 4031 similiter
3259 3974 3607 4039 ostendunt,
3640 3967 3868 4025 Athana-

2248 4069 2348 4123 rici
2379 4068 2662 4122 ditionem
2694 4083 2729 4122 a
2759 4066 2962 4122 Moesia
3001 4066 3274 4121 inferiore
3307 4065 3437 4121 solo
3470 4066 3614 4119 Istro
3640 4058 3751 4113 sive
3773 4054 3865 4107 Da-

2248 4157 2433 4212 nubio
2483 4157 2842 4227 diremptam
2885 4155 3084 4211 fuisse.
3117 4160 3315 4227 Itaque
3346 4150 3737 4211 dubitandum
3765 4153 3865 4197 non

2248 4251 2353 4313 est,
2394 4245 2539 4317 quin
2581 4250 2824 4301 sanctus
2875 4246 3101 4300 Nicetas
3151 4260 3373 4316 passus
3404 4245 3479 4300 sit
3523 4243 3581 4297 in
3610 4233 3864 4293 hodierna

2251 4334 2556 4405 Moldavia,
2586 4334 2679 4389 vel
2706 4334 2841 4388 huic
2867 4334 3238 4389 contermina
3266 4333 3542 4389 Valachia
3570 4332 3667 4385 aut
3692 4323 3866 4379 Bessa-

2250 4422 2438 4479 rabia.
2485 4426 2629 4478 Nam
2662 4422 3129 4493 persecutionem
3157 4428 3363 4478 contra
3385 4419 3736 4478 Christianos
3757 4419 3864 4463 m0-

2251 4513 2331 4567 vit
2359 4511 2771 4575 Athanaricus,
2806 4510 3159 4582 priusquam
3197 4511 3368 4567 Gothi
3405 4512 3615 4566 Istrum
3659 4493 3863 4558 fuerunt

2251 4602 2621 4670 transgressi,
2677 4600 2925 4671 quando
2951 4600 3193 4656 haeresis
3220 4599 3431 4655 Ariana
3461 4597 3708 4655 necdum
3732 4596 3860 4657 βηθ-

2248 4689 2506 4744 valuerat
2536 4687 2697 4759 apud
2733 4687 2973 4756 Gothos,
3007 4694 3068 4743 ut
3114 4688 3397 4743 observat
3426 4691 3659 4743 sanctus
3697 4683 3859 4742 Αυϐίι·

2248 4778 2458 4845 stinus,
2495 4776 2598 4833 lib.
2653 4792 2788 4831 xvui
2842 4776 2915 4831 de
2973 4777 3225 4841 civitate,
3268 4791 3400 4845 cap.
3466 4780 3550 4831 52.
3608 4768 3701 4825 ubi
3752 4762 3855 4816 huic

2248 4866 2491 4922 scribit:
2534 4888 2554 4914 α
2593 4867 2709 4921 Rex
2752 4865 3079 4921 Gothorum
3119 4866 3176 4919 in
3218 4865 3349 4936 ipsa
3390 4865 3595 4921 Gothia
3620 4859 3856 4946 perseetl:

2250 4959 2342 5011 tus
2372 4959 2459 5010 est
2510 4952 2875 5009 Christianos
2907 4932 3257 5009 crudelitate
3300 4952 3575 5015 mirabili,
3620 4936 3748 5001 cum
3787 4932 3851 4988 ibi

2250 5060 2365 5099 non
2401 5049 2601 5098 essent
2640 5042 2751 5098 nisi
2783 5042 3085 5107 Catholici,
3127 5058 3386 5113 quorum
3421 5035 3643 5113 plurimi
3673 5029 3853 5115 1118?le

2249 5135 2336 5188 rio
2367 5134 2636 5187 coronati
2658 5136 2822 5197 sunt;
2844 5134 2996 5185 sicut
3028 5147 3062 5184 a
3082 5130 3453 5203 quibusdam
3482 5123 3848 5185 fratribumqu'

2250 5228 2387 5279 tunc
2415 5221 2530 5277 illic
2575 5220 2743 5293 pueri
2798 5221 3051 5285 fuerant,
3085 5226 3140 5276 et
3185 5238 3245 5275 se
3288 5221 3397 5276 ista
3442 5219 3646 5274 vidisse
3682 5209 3851 5298 inctln‘

2248 5315 2473 5367 ctanter
2484 5310 2688 5366 record
2699 5308 2969 5373 abantur,
2994 5309 3359 5365 audivimus.
3377 5330 3404 5357 »
3420 5308 3630 5364 Paulus
3649 5299 3846 5355 Oros!"s

2246 5400 2463 5465 lib.vu,
2498 5415 2627 5470 cap.
2664 5403 2750 5463 32,
2782 5399 2851 5453 de
2877 5400 3086 5454 eadem
3121 5398 3530 5470 persecutione
3559 5392 3634 5448 sic
3664 5379 3842 5441 habe“

2252 5513 2272 5540 ι
2307 5490 2594 5545 Prmterea
2626 5488 3017 5543 Athanaricus
3047 5503 3142 5542 rex
3165 5487 3508 5553 Gothorum,
3530 5470 3844 5569 Christiane?

2248 5580 2309 5634 in
2367 5584 2539 5653 gente
2600 5594 2708 5635 sua
2750 5575 3157 5635 crudelissime
3210 5581 3569 5651 persecutus,
3601 5562 3843 5645 plurimos
