4154 6192
262 288 381 343 701

1442 282 1873 341 MARTYRIUM
2012 281 2295 339 NICETIE
2336 286 2569 344 GOTHI.

3600 290 3706 347 702

261 412 676 469 barbarorum
704 411 785 468 ob
806 411 1333 468 ﬁdeminterfectos
1366 412 1443 467 ad
1459 426 1743 467 coronam
1775 424 1932 465 mar-
1964 407 2010 462 A
2052 408 2249 481 inepto
2270 416 2325 467 et
2351 412 2600 469 ridiculo
2634 414 2835 470 scribit
2858 415 2932 471 de
2953 416 3134 471 rebus
3160 416 3317 487 ﬁdei,
3349 417 3704 488 Gothosque

261 504 412 576 tyrii
439 502 803 565 sublimavit,
832 523 856 553 ››
892 507 998 557 etc.
1053 502 1185 557 Hrec
1233 502 1330 559 ille
1387 501 1578 566 refert,
1610 504 1928 571 postquam

261 592 509 648 dixerat
563 591 910 646 Gratianum
971 598 1235 647 creatum
1296 607 1431 647 esse
1486 591 1930 662 imperatorem.

262 684 553 737 Attamen
583 680 722 735 hinc
749 680 958 753 nequit
987 680 1434 748 inferri,eodem
1466 695 1625 735 anno
1659 682 1779 743 367,
1814 692 1933 748 quo

265 770 594 827 Gratianus
624 769 811 826 factus
837 776 925 825 est
960 770 1302 841 imperator,
1330 775 1535 825 natam
1570 785 1698 824 esse
1744 783 1935 838 perse-

267 858 584 916 cutionem
618 877 630 926 ;
666 860 764 915 sed
817 860 1014 916 solum
1057 865 1315 931 coeptam
1370 875 1493 914 non
1546 874 1675 913 esse
1734 858 1932 912 multis

264 948 453 1005 annis
477 948 669 1004 serius
704 948 987 1006 :Orosius
1025 949 1182 1004 enim
1218 948 1458 1018 singula
1492 963 1614 1003 non
1654 946 1829 1002 refert
1860 946 1935 1001 ad

268 1053 475 1095 annos
507 1038 1055 1098 determinatos.Ex
1079 1039 1336 1096 laudatis
1383 1043 1518 1095 ante
1551 1037 1741 1093 sancti
1762 1036 1935 1092 Sabae

265 1126 438 1182 Actis
487 1132 717 1183 certum
771 1130 878 1191 est,
928 1128 1401 1200 persecutionem
1458 1127 1724 1196 viguisse
1774 1140 1935 1181 anno

270 1219 405 1281 372,
439 1222 493 1271 et
522 1216 654 1287 jam
695 1220 872 1273 antea
905 1216 1083 1273 fuisse
1117 1222 1398 1289 coeptam.
1446 1218 1581 1272 Haac
1633 1216 1706 1270 de
1755 1231 1936 1271 causa

268 1307 636 1377 martyrium
668 1304 858 1363 sancti
906 1308 1112 1364 Nicetes
1164 1307 1319 1363 circa
1372 1307 1650 1362 eumdem
1706 1320 1934 1360 annum

268 1397 380 1451 372
403 1394 716 1466 ﬁgendum
748 1396 972 1451 censui.

350 1483 443 1539 VI.
488 1484 733 1540 Occasio
780 1485 1203 1555 persecutionis
1242 1485 1301 1541 in
1343 1485 1494 1541 Actis
1544 1483 1825 1556 repetitur
1863 1497 1935 1537 ex

272 1572 641 1629 dissentione
672 1574 1016 1640 Gothorum,
1049 1578 1107 1629 et
1145 1574 1321 1639 bello,
1355 1575 1519 1646 quod
1558 1581 1752 1629 ortum
1794 1572 1934 1628 dici-

271 1666 373 1719 tur
403 1662 555 1719 inter
586 1663 886 1735 principes
913 1663 1173 1720 duarum
1196 1664 1477 1732 partium,
1508 1664 1933 1731 Phritigernem

2040 499 2167 569 jam
2203 506 2337 556 tunc
2364 503 2612 558 Arianos
2642 504 2799 573 facit,
2822 506 2966 575 quia
2997 520 3108 559 non
3156 506 3344 559 multo
3375 511 3507 575 post
3536 506 3700 561 illam

2043 588 2318 646 haeresim
2366 596 2501 646 sunt
2562 593 2819 663 amplexi
2868 610 2880 648 :
2943 600 3003 648 ut
3049 599 3251 648 narrat
3298 594 3700 651 Theodoretus

2046 695 2185 734 mox
2216 679 2569 746 laudandus,
2594 682 2697 752 qui
2724 681 2776 735 id
2807 681 3051 751 Ulphilm
3068 682 3399 736 Gothorum
3429 679 3695 752 episcopi

2045 769 2309 841 perfidiae
2323 768 2599 825 attribuit.
2616 772 2754 835 Quae
2778 779 2975 827 autem
2991 772 3397 827 Theodoretus
3413 771 3487 825 de
3506 770 3704 841 Ulphi-

2046 858 2117 913 la;
2146 857 2521 929 perversione
2554 866 2865 924 memorat,
2886 860 3061 928 longe
3093 859 3502 931 probabiliora
3540 862 3700 922 sunt,

2046 963 2231 1019 quam
2249 964 2385 1018 quae
2401 948 2474 1002 de
2488 948 2699 1004 eodem
2719 950 2954 1018 scripsit
2976 948 3396 1018 Philostorgius
3423 949 3697 1005 Arianus.

2046 1040 2193 1093 Nam
2234 1054 2370 1093 eum
2414 1037 2492 1093 ab
2536 1040 2787 1094 Eusebio
2836 1040 3124 1111 episcopo
3166 1038 3700 1111 (Nicomediensem

2046 1126 2358 1182 insinuans
2398 1127 2706 1197 Arianum)
2748 1127 2929 1183 fuisse
2970 1129 3333 1191 ordinatum,
3380 1127 3701 1183 Philostor-

2047 1216 2179 1286 gius
2212 1217 2312 1281 ait,
2346 1240 2367 1266 ι
2404 1234 2542 1272 cum
2582 1233 2617 1273 a
2657 1233 2815 1287 rege,
2848 1219 2952 1289 qui
3002 1223 3139 1273 tunc
3170 1218 3372 1275 Gothis
3424 1222 3694 1288 prreerat,

2043 1305 2274 1375 legatus
2305 1322 2422 1362 una
2448 1323 2585 1362 cum
2626 1306 2755 1362 aliis
2797 1306 2870 1363 ad
2912 1308 3332 1379 imperatorem
3365 1308 3696 1363 Constanti-

2046 1411 2189 1450 num
2219 1396 2436 1451 missus
2462 1404 2637 1452 esset.
2674 1416 2701 1447 »
2746 1396 3166 1467 Improbabilia
3207 1396 3328 1451 hinc
3361 1401 3518 1459 sunt,
3550 1396 3698 1468 quia

2045 1485 2127 1539 sic
2160 1484 2387 1555 Ulphila
2426 1484 2730 1541 ordinatus
2757 1490 2912 1541 esset
2943 1491 3078 1541 ante
3118 1490 3370 1540 mortem
3411 1486 3695 1541 Constan-

2045 1573 2167 1640 tini,
2219 1588 2378 1629 anno
2434 1574 2537 1629 337
2587 1574 2874 1639 defuncti,
2919 1580 2972 1630 et
3028 1574 3270 1646 quidem
3329 1572 3401 1628 ab
3446 1573 3697 1629 Eusebio

2044 1662 2477 1717 Nicomediensi
2503 1663 2739 1719 Ariano.
2773 1665 2843 1720 At
2874 1679 2982 1719 nec
3015 1662 3333 1719 verisimile
3362 1667 3466 1728 est,
3505 1662 3697 1734 Ulphi-

273 1751 551 1808 videlicet
591 1760 647 1808 et
687 1753 1133 1810 Athanaricum.
1172 1754 1229 1809 Si
1262 1754 1418 1809 Actis
1454 1753 1823 1808 credendum
1840 1753 1930 1815 sit,
1971 1762 2013 1818 Β
2046 1752 2165 1807 lam
2199 1765 2321 1806 tam
2350 1753 2466 1806 cito
2484 1752 2660 1807 fuisse
2681 1753 3161 1824 episcopum,aut
3186 1752 3532 1807 ordinatum
3565 1766 3697 1807 esse

272 1842 669 1912 Phritigernes
714 1842 821 1898 fuit
850 1844 1110 1914 primum
1160 1844 1348 1898 victus
1397 1843 1469 1899 ab
1517 1842 1877 1899 Athanarico
1917 1860 1930 1909 ;

2045 1847 2311 1914 tempore
2353 1839 2724 1897 Constantini
2766 1842 2843 1898 ab
2884 1842 3125 1897 homine
3165 1841 3409 1905 Arinno,
3452 1840 3697 1911 quando

279 1932 388 1986 sed
419 1935 645 2005 postea,
677 1931 897 1988 fcedere
928 1933 1071 1988 inito
1110 1949 1249 1989 cum
1281 1932 1544 1995 Valente,
1590 1933 1769 2003 hujus
1795 1931 1934 1989 sub-
2044 1930 2767 2003 Constantinopolitanam
2801 1932 3001 1987 sedem
3020 1931 3327 1987 obtinebat
3356 1931 3411 1986 S.
3446 1929 3698 1985 Alexan-

276 2020 434 2077 sidio
466 2021 668 2078 victor.
694 2022 919 2078 Similia
942 2022 1530 2087 habetSozomenus,
1556 2022 1656 2077 lib.
1689 2038 1766 2077 v1.
1795 2038 1927 2093 cap.

270 2114 361 2175 37,
394 2111 475 2167 ita
514 2110 778 2167 scribens
830 2129 843 2164 :
899 2131 922 2163 «
959 2112 1125 2167 Haud
1175 2112 1362 2168 multo
1412 2117 1561 2184 post,
1620 2116 1750 2167 orta
1780 2113 1932 2167 inter

267 2214 373 2255 eos
398 2200 665 2271 (Gothos)
694 2202 1004 2267 seditione,
1039 2200 1192 2258 duas
1225 2202 1285 2258 in
1314 2210 1510 2272 partes
1539 2202 1711 2257 divisi
1740 2208 1879 2257 sunt
1912 2218 1925 2256 :

268 2305 529 2361 quarum
561 2289 727 2345 alteri
766 2289 1175 2357 Athanaricus,
1210 2290 1376 2347 alteri
1427 2296 1673 2363 praeerat
1726 2290 1924 2345 Phriti-

269 2392 508 2447 gernes.
565 2381 712 2444 Mox,
769 2379 1097 2434 commisso
1136 2380 1287 2435 inter
1325 2396 1426 2435 eos
1468 2379 1689 2451 praalio,
1737 2380 1924 2434 victus

266 2466 687 2536 Phritigernes,
731 2470 1136 2525 Romanorum
1205 2469 1497 2525 auxilium
1561 2468 1921 2538 imploravit.

265 2555 438 2623 Quod
474 2572 611 2611 cum
642 2557 969 2628 imperator
1000 2559 1411 2621 concessisset,
1440 2558 1830 2628 jussissetque
1865 2562 1925 2611 ut

268 2644 501 2707 milites,
536 2645 640 2716 qui
671 2645 729 2700 in
779 2646 1021 2702 Thracia
1060 2652 1249 2715 erant,
1276 2649 1325 2703 ei
1368 2648 1652 2702 auxilium
1689 2647 1919 2713 ferrent,

265 2732 469 2789 denuo
502 2749 880 2801 congressus,
914 2737 1216 2792 victoriam
1250 2738 1456 2801 retulit,
1489 2742 1543 2792 et
1584 2736 1921 2791 Athanarici

264 2825 479 2894 copias
524 2825 582 2878 in
625 2824 827 2892 fugam
875 2826 1061 2881 vertit.
1105 2848 1127 2876 ι)
1191 2826 1485 2882 Hactenus
1532 2829 1920 2890 Sozomenus,

263 2911 501 2967 addens
517 2928 588 2967 ea
599 2915 930 2978 occasione,
956 2914 1379 2986 Phritigernem
1396 2932 1533 2970 cum
1561 2915 1788 2986 Ulphila
1802 2916 1922 2987 epi-

262 3016 450 3072 scopo
463 3017 534 3056 ac
549 3002 803 3056 subditis
824 3002 943 3056 suis
957 3019 991 3057 a
1006 3003 1241 3059 Valente
1254 3004 1329 3059 ad
1346 3005 1622 3059 Arianam
1653 3005 1917 3059 haeresim

262 3089 630 3145 traductum.
666 3092 879 3145 Verum
910 3091 1162 3163 scriptor
1186 3093 1279 3147 ille
1310 3093 1436 3148 haec
1464 3093 1667 3147 omnia
1701 3110 1919 3149 memo-
1949 3104 1992 3167 (ς

261 3184 353 3232 rat
383 3184 515 3250 post
546 3179 747 3250 pulsos
797 3180 875 3236 ab
905 3183 1130 3236 Hunnis
1186 3199 1216 3237 e
1245 3182 1488 3237 sedibus
1521 3182 1641 3236 suis
1674 3183 1914 3247 Gothos,

268 3266 377 3338 qui
411 3283 447 3322 a
483 3267 721 3323 Valente
750 3272 970 3339 recepti
1000 3277 1136 3325 sunt
1166 3272 1224 3326 in
1254 3271 1523 3326 Thracia.

344 3354 453 3409 Vll.
514 3356 587 3409 At
639 3357 971 3427 persecutio
1030 3360 1367 3415 Athanarici
1408 3360 1615 3426 saeviit,
1671 3361 1917 3432 quando

263 3442 441 3500 Gothi
498 3460 710 3499 omnes
746 3446 895 3501 ultra
953 3447 1169 3502 Istrum
1210 3449 1527 3516 degebant,
1580 3454 1637 3503 ut
1679 3455 1918 3505 sanctus

264 3532 637 3601 Augustinus
680 3550 816 3589 mox
852 3535 1130 3590 laudatus
1160 3542 1420 3601 testatur,
1450 3520 1628 3609 idque
1656 3540 1832 3593 etiam
1857 3538 1919 3593 Ii-

263 3629 406 3692 quet
438 3638 510 3676 ex
550 3626 811 3695 tempore
854 3624 1284 3695 persecutionis
1320 3643 1422 3697 per
1468 3626 1739 3681 Orosium
1774 3628 1919 3683 assi-

265 3718 465 3777 gnato.
490 3711 777 3769 Praaterea
795 3721 1033 3768 sanctus
1054 3715 1434 3786 Epiphanius,
1460 3717 1553 3786 qui
1568 3732 1637 3770 eo
1654 3722 1918 3786 tempore

262 3796 533 3863 ﬂorebat,
568 3816 753 3871 agens
785 3801 859 3855 de
904 3802 1235 3858 vehementi
1278 3805 1373 3859 illa
1418 3805 1830 3875 persecutione
1858 3806 1917 3860 in

258 3886 470 3942 haeresi
501 3888 569 3942 70
596 3889 1026 3952 Audianorum,
1064 3908 1199 3961 cap.
1245 3893 1411 3955 t5,ait
1449 3914 1471 3943 α
1509 3895 1917 3949 Romanorum

264 3978 595 4048 praesertim
613 3979 748 4033 odio
775 4000 798 4029 ι)
825 3996 860 4034 a
882 3996 1017 4048 rege
1034 3982 1358 4037 Gothorum
1372 3991 1735 4039 commotam
1766 4001 1914 4051 esse,

267 4086 293 4116 ‹‹
325 4065 489 4136 quod
524 4068 1233 4140 Romanosimperatores
1268 4069 1633 4127 Christianos
1666 4090 1792 4127 esse
1842 4075 1916 4128 vi-

263 4153 447 4209 deret.
481 4175 505 4204 n
538 4154 741 4226 Itaque
792 4158 1119 4213 verendum
1168 4166 1273 4223 est,
1318 4174 1390 4214 ne
1435 4160 1632 4232 aliqua
1685 4168 1802 4216 tam
1852 4162 1913 4217 in

266 4242 430 4297 Actis
454 4258 639 4314 quam
656 4246 818 4317 apud
848 4248 1237 4302 Sozomenuin
1255 4248 1325 4303 sit
1348 4248 1636 4309 confusio.
1654 4248 1912 4322 indeque

265 4345 577 4401 perperam
598 4334 901 4404 assignata
920 4336 1346 4406 persecutionis
1361 4354 1561 4393 causa.
1582 4342 1724 4394 Nam
1736 4340 1912 4395 Atha-

2042 2019 2146 2074 der
2201 2020 2587 2076 Constantino
2624 2022 2940 2090 gratiosus.
2995 2026 3194 2092 Itaque
3253 2021 3539 2089 figmenta
3594 2018 3697 2075 illa

2041 2114 2181 2165 sunt
2230 2110 2620 2180 Philostorgii,
2652 2111 2708 2165 in
2760 2111 3011 2178 gratiam
3042 2110 3399 2165 Arianorum
3445 2124 3693 2163 suorum

2040 2215 2157 2255 non
2177 2215 2311 2255 raro
2327 2198 2476 2255 falsa
2490 2198 3008 2255 scribentis.Valde
3022 2200 3191 2254 etiam
3208 2201 3576 2261 incertum,et
3590 2196 3695 2253 mi-

2038 2304 2153 2343 nus
2170 2288 2477 2359 probabile
2495 2294 2604 2354 est,
2625 2288 2791 2360 quod
2811 2289 3016 2344 scribit
3033 2290 3107 2342 de
3140 2288 3377 2359 Ulphila
3399 2290 3692 2353 Socrates,

2036 2376 2141 2431 lib.
2168 2393 2226 2442 ιι,
2260 2393 2390 2445 cap.
2419 2381 2666 2439 41,eum
2699 2378 2877 2432 fuisse
2900 2377 2960 2432 in
2996 2378 3247 2433 concilio
3275 2377 3697 2433 Constantino-

2039 2466 2300 2536 politano
2331 2482 2488 2521 anno
2521 2470 2641 2530 360,
2675 2466 2775 2522 ubi
2808 2467 3004 2522 Ariani
3039 2484 3258 2522 novam
3292 2467 3693 2523 condiderunt

2036 2554 2173 2608 ﬁdei
2192 2555 2535 2617 formulam,
2552 2554 2645 2609 cui
2664 2554 2894 2625 Ulphila
2919 2560 3057 2610 tunc
3084 2555 3503 2610 consensisset.
3525 2555 3689 2609 Idem

2038 2651 2229 2700 tamen
2262 2644 2441 2699 habet
2480 2646 2863 2712 Sozomenus,
2902 2645 3005 2700 lib.
3062 2660 3137 2708 1v,
3179 2661 3310 2714 cap.
3365 2647 3451 2698 24.
3493 2646 3562 2697 At
3591 2642 3690 2698 hic

2034 2734 2135 2788 lib.
2170 2750 2241 2798 v1,
2278 2749 2411 2803 cap.
2453 2737 2537 2798 37,
2572 2733 2887 2798 existimat,
2916 2733 3321 2803 imprudenter
3360 2732 3580 2787 factum
3609 2730 3687 2787 ab

2036 2822 2291 2893 Ulphila,
2322 2823 2419 2893 qui
2465 2821 2675 2893 inquit,
2713 2842 2739 2873 «
2781 2839 2917 2876 cum
2978 2822 3277 2893 episcopis
3310 2823 3684 2876 Nicaanorum

2034 2912 2274 2967 Patrum
2307 2912 2545 2967 decreta
2588 2911 2952 2966 sectantibus
3005 2911 3447 2966 communicare
3481 2925 3684 2980 perse-

2032 3002 2255 3056 veravit
2292 3024 2345 3057 ».

2102 3090 2200 3144 IX.
2232 3090 2530 3162 Quidquid
2572 3106 2749 3161 porro
2777 3089 2848 3143 sit
2879 3090 2951 3144 de
2980 3089 3149 3144 factis
3175 3089 3399 3159 aliquot
3421 3088 3684 3159 particu-

2030 3180 2251 3235 laribus
2275 3180 2540 3250 Ulphilre,
2570 3195 2604 3234 a
2628 3179 2848 3251 quibus
2889 3178 3036 3232 fides
3067 3177 3390 3233 Gothorum
3433 3194 3553 3232 non
3588 3178 3688 3234 de-

2031 3270 2277 3339 pendet;
2308 3274 2539 3324 constat
2560 3270 2800 3331 Gothos,
2822 3267 2923 3322 diu
2940 3274 3074 3322 ante
3093 3273 3325 3339 tempus
3346 3266 3418 3320 de
3434 3282 3547 3336 quo
3562 3267 3686 3335 agi-

2033 3364 2141 3422 tur,
2178 3357 2364 3413 fuisse
2392 3374 2725 3423 conversos,
2760 3374 2829 3412 ac
2870 3358 3196 3413 Gothorum
3240 3354 3679 3426 metropolitam

2031 3446 2411 3518 Theophilum
2429 3446 2480 3499 in
2496 3446 2736 3500 consilio
2751 3446 2976 3500 Nicaano
2992 3446 3169 3500 fuisse
3184 3461 3330 3499 anno
3344 3448 3464 3500 325.
3484 3448 3683 3516 Itaque

2032 3537 2198 3591 Gothi
2229 3536 2461 3591 dudum
2488 3534 2799 3590 Christiani
2839 3540 3005 3589 erant
3031 3539 3086 3588 et
3125 3534 3403 3589 Catholici
3434 3550 3446 3599 ;
3473 3534 3572 3589 sed
3602 3534 3681 3590 ad

2031 3625 2341 3696 perfidiam
2364 3624 2616 3679 traducti
2648 3630 2782 3679 sunt
2810 3641 2843 3678 a
2871 3624 3114 3678 Valente
3128 3624 3282 3677 circa
3306 3638 3531 3677 annum
3554 3622 3676 3687 376,

2030 3714 2274 3784 quando
2306 3712 2457 3783 pulsi
2505 3712 2581 3767 ab
2614 3714 2857 3776 Ilunnis,
2893 3711 3205 3782 petierunt,
3257 3716 3318 3764 ut
3366 3711 3537 3764 sedes
3570 3710 3679 3764 sibi

2030 3804 2211 3870 ﬁgere
2240 3803 2435 3857 liceret
2466 3804 2617 3855 intra
2658 3801 2867 3855 limites
2903 3801 3151 3854 Romani
3188 3800 3439 3870 imperii.
3471 3799 3679 3855 Obser-

2029 3898 2125 3947 vat
2156 3893 2269 3946 hoc
2299 3893 2679 3954 Sozomenus,
2709 3890 2809 3961 qui
2843 3889 2988 3943 alias
3008 3878 3309 3943 Socratem
3348 3889 3567 3958 passim
3594 3886 3681 3942 ni-

2028 3982 2139 4036 mis
2172 3981 2435 4052 sequitur
2468 3996 2481 4045 ;
2511 3979 2793 4050 additque
2820 3978 2893 4033 de
2933 3977 3215 4048 episcopo
3256 3977 3584 4031 Gothorum
3616 3977 3676 4030 in

2027 4070 2539 4125 conﬁrmationem
2572 4068 2880 4139 sequentia
2920 4066 3119 4122 verba.
3170 4087 3197 4116 «
3232 4070 3377 4120 Nam
3419 4065 3674 4136 Ulphila,

2026 4161 2127 4232 qui
2162 4165 2298 4214 tunc
2329 4159 2487 4230 apud
2522 4159 2682 4228 ipsos
2714 4162 2839 4211 erat
2863 4155 3207 4227 episcopus,
3234 4155 3400 4209 initio
3428 4155 3673 4226 quidem

2026 4249 2190 4304 nulla
2222 4248 2281 4302 in
2330 4252 2487 4319 parte
2537 4245 2817 4301 dissensit
2856 4246 2933 4300 ab
2989 4244 3244 4301 Ecclesia
3294 4243 3673 4300 Catholica.»

2024 4340 2153 4392 Mox
2188 4337 2407 4403 subdit,
2446 4336 2758 4407 Ulphilam,
2805 4336 2901 4406 qui
2944 4353 2977 4389 a
3029 4334 3229 4389 Gothis
3269 4335 3346 4389 ad
3374 4334 3674 4389 Valentem

264 4419 502 4474 naricus
533 4426 668 4476 ante
712 4426 1185 4493 persecutionem
1218 4432 1423 4482 contra
1450 4427 1749 4484 Valentem
1781 4445 1909 4497 ges-
1941 4463 1988 4518 D
2025 4427 2251 4494 legatus
2278 4432 2401 4479 erat
2434 4428 2668 4490 missus,
2704 4423 3017 4494 promissis
3055 4423 3410 4477 Arianorum
3443 4422 3674 4493 episco-

262 4508 330 4561 sit
362 4507 610 4573 bellum,
632 4511 709 4565 ab
723 4528 913 4581 eoque
934 4514 1386 4570 victusestanno
1406 4520 1528 4581 369,
1555 4517 1708 4571 circa
1728 4534 1909 4589 quem
1932 4507 1997 4588 ξ
2026 4532 2237 4587 porum
2270 4531 2399 4569 esse
2433 4519 2803 4583 corruptum.

260 4593 541 4654 inchoata
590 4605 671 4655 est
712 4602 1058 4671 persecutio,
1095 4602 1291 4659 forsan
1338 4605 1512 4659 simul
1552 4622 1619 4660 ac
1672 4606 1907 4674 Valens,

261 4687 491 4767 sancita
522 4703 689 4758 pace,
724 4705 861 4743 cuiu
885 4692 1427 4759 exercituRomano
1446 4702 1779 4753 recesserat.
1822 4700 1910 4752 An

262 4788 402 4829 vero
436 4774 609 4831 etiam
645 4785 778 4833 ante
818 4776 878 4832 id
915 4784 1150 4849 tempus
1196 4782 1579 4852 Phritigernes
1631 4792 1685 4839 ct
1734 4785 1907 4841 Atha-

258 4863 495 4919 naricus
545 4861 694 4923 bello
747 4869 1119 4935 certaverint,
1155 4886 1269 4925 non
1329 4872 1480 4927 adeo
1535 4880 1757 4927 certum
1802 4882 1906 4943 est,

256 4949 388 5005 licet
419 4953 530 5007 hoc
582 4956 757 5010 etiam
806 4955 1026 5011 habeat
1059 4960 1346 5023 Socrates,
1390 4961 1489 5015 lib.
1539 4978 1616 5025 iv,
1656 4980 1782 5034 cap.
1816 4970 1903 5021 33.

328 5038 463 5095 VIII.
523 5042 820 5115 Quidquid
879 5044 970 5105 sit,
1029 5052 1261 5101 constat
1316 5050 1388 5103 de
1448 5054 1903 5125 persecutione;

254 5135 606 5201 constatque
658 5133 917 5196 ulterius,
973 5148 1107 5188 eam
1147 5135 1326 5190 fuisse
1371 5146 1616 5205 motam,
1664 5144 1906 5213 quando

246 5215 419 5273 Gothi
451 5226 619 5273 erant
662 5218 956 5287 cathOlici,
999 5230 1059 5278 ut
1094 5216 1374 5281 observat
1414 5235 1660 5283 sanctus
1702 5235 1901 5301 Augu-

250 5309 457 5383 stinus,
487 5312 543 5366 et
568 5308 749 5380 liquet
788 5327 856 5367 ex
910 5319 1172 5384 tempore
1220 5330 1341 5385 quo
1382 5316 1455 5370 ad
1498 5318 1902 5377 Arianismum

248 5398 501 5453 traducti
533 5403 674 5454 sunt
707 5400 897 5455 Gothi.
939 5404 1209 5458 Socrates
1253 5402 1497 5474 quidem
1540 5409 1778 5474 Gothos,
1824 5411 1899 5466 ab

244 5488 600 5545 Athanarico
630 5490 877 5548 occisos.
912 5491 1090 5545 simul
1119 5496 1175 5545 et
1206 5492 1453 5548 Arianos
1497 5495 1632 5550 facit
1664 5502 1720 5551 et
1754 5501 1893 5554 Mar-

246 5579 399 5647 tyres
457 5578 601 5636 :sed
662 5580 915 5655 scriptor
964 5580 1058 5635 ille
1113 5580 1449 5655 frequenter
1502 5586 1681 5643 modo
1712 5588 1887 5663 plane

2092 4609 2151 4661 X.
2183 4607 2395 4660 Verum
2428 4604 2739 4659 audiamus
2769 4601 3224 4664 Theodoretum,
3278 4600 3351 4655 de
3397 4600 3487 4655 his
3540 4598 3677 4655 scri-

2024 4697 2278 4760 bentem,
2313 4695 2412 4749 Iib.
2447 4711 2525 4760 iv,
2559 4709 2692 4764 cap.
2721 4696 2807 4755 37,
2829 4692 2925 4747 ubi
2955 4692 3038 4746 sic
3061 4692 3240 4747 habet
3271 4709 3283 4743 :
3321 4710 3348 4741 ‹‹
3376 4692 3503 4755 Quo
3533 4694 3675 4745 tem-

2024 4801 2164 4859 pore
2195 4786 2366 4840 Gothi
2397 4786 2605 4838 Istrum
2648 4784 3027 4853 trajicientes,
3052 4780 3246 4837 fcedus
3272 4796 3408 4835 cum
3444 4779 3674 4835 Valente

2022 4881 2458 4947 percusserunt,
2495 4872 2936 4927 abominandus
2977 4870 3070 4926 ille
3113 4868 3412 4924 Eudoxius
3446 4867 3674 4939 (verisi-

2024 4964 2235 5017 militer
2264 4962 2581 5027 legendum
2614 4960 2882 5026 Euzoius,
2918 4961 3018 5032 qui
3052 4960 3405 5014 Arianorum
3441 4955 3675 5029 episco-

2022 5069 2131 5124 pus
2163 5057 2287 5106 erat
2326 5050 2668 5115 Antiochus,
2706 5050 2804 5104 ubi
2849 5055 2985 5104 tunc
3016 5048 3220 5103 valens
3260 5045 3535 5117 degebat)
3562 5046 3668 5117 qui

2019 5148 2154 5197 tunc
2179 5142 2402 5208 aderat,
2440 5139 2733 5208 suggessit
2766 5139 3105 5209 imperatori
3135 5180 3151 5202 ,
3181 5134 3671 5209 persuadendum

2017 5247 2146 5286 esse
2177 5230 2398 5291 Gothis,
2428 5237 2488 5283 ut
2513 5245 2650 5283 cum
2670 5230 2799 5298 ipso
2813 5228 3339 5282 communicarent.
3365 5228 3511 5280 Nam
3527 5240 3667 5278 cum

2015 5321 2115 5375 diu
2144 5326 2319 5375 antea
2335 5318 2549 5373 divinae
2580 5317 2936 5386 cognitiOuis
2955 5315 3137 5370 radiis
3161 5313 3435 5369 illustrati
3452 5318 3671 5381 essent,

2013 5410 2069 5465 in
2084 5408 2410 5481 apostolica
2426 5407 2691 5462 doctrina
2708 5421 2944 5476 semper
2958 5404 3179 5459 fuerant
3198 5403 3475 5459 innutriti.
3493 5404 3671 5475 Quip-

2008 5515 2098 5569 pe,
2114 5498 2302 5553 aiebat
2320 5496 2530 5551 Eudoxi
2544 5513 2625 5561 us,
2642 5494 2804 5548 unius
2822 5494 3117 5564 dogmatis
3131 5492 3451 5548 communio
3467 5509 3663 5564 pacem

2006 5588 2331 5644 tlrmiorem
2345 5584 2753 5653 efﬁcietﬂuod
2771 5585 3086 5641 consilium
3109 5599 3245 5639 cum
3261 5584 3657 5656 approbasset
