4096 6220
490 265 593 323 703
1810 273 2072 331 MENSIS
2112 273 2569 333 SEPTEMBER.
3829 273 3917 326 ’704

490 391 735 457 Valens.
758 395 1147 465 optimatibus
1176 396 1497 452 Gothorum
1517 399 1844 470 proposuit,
1868 400 2010 459 utin
2038 400 2140 455 do-
2172 401 2219 455 Α
2254 406 2393 456 nata
2424 406 2533 467 est,
2553 418 2736 474 quam
2765 418 2835 457 ex
2860 401 2987 457 solo
3013 400 3449 473 Metaphrastis
3475 396 3732 454 nomine
3766 414 3779 451 :
3814 414 3915 454 non

491 483 1701 556 ctrinatideicumipsoconsentireut.Atilli
1719 490 2142 560 responderunt
2251 491 2410 545 enim
2440 491 2697 559 invenio,
2720 491 2863 563 quid
2896 506 3261 563 magnopere
3284 488 3630 559 displicere
3660 488 3847 556 possit
3871 488 3915 541 in

489 587 822 642 numquam
857 590 917 627 se
949 574 1165 628 adduci
1197 592 1390 645 posse,
1424 581 1539 631 uta
1572 578 1868 647 majorum
1896 596 2141 634 suorum
2251 579 2409 634 Actis
2449 580 2635 635 sancti
2668 583 2877 636 Nicetes
2918 585 3132 651 praeter
3158 579 3365 650 aliqua
3400 576 3487 633 ad
3518 581 3802 632 sanctum
3842 576 3915 630 vix

494 659 763 715 doctrina
796 662 1183 718 discederent.
1220 665 1399 719 Porro
1431 682 1499 721 ea
1533 673 1872 739 tempestate
1914 669 2143 739 Ulphila
2252 669 2599 740 spectantia,
2619 670 3061 724 etoccasionem
3078 666 3534 740 persecutionis
3565 665 3914 726 Athanarici,

494 750 671 805 totius
712 752 898 817 gentis
948 758 1073 807 erat
1127 754 1467 827 episcopus,
1520 774 1757 825 magnae
1806 759 1969 831 apud
2013 758 2141 814 illos
2251 758 2550 829 huiusque
2572 764 2778 813 contra
2801 759 3225 827 Phritigernem
3246 756 3516 823 bellum,
3546 753 3722 826 quod
3744 759 3915 809 tamen

499 840 879 907 auctoritatis,
910 848 965 896 et
995 844 1160 913 cujus
1188 845 1369 899 verba
1400 862 1507 917 pro
1530 846 1889 902 ﬁrmissimis
1909 848 2140 917 legibus
2252 848 2427 902 etiam
2460 847 2685 902 habent
2716 849 2987 903 Socrates
3019 852 3075 901 et
3101 848 3509 902 Sozomenus.

500 927 823 983 habebant.
863 931 1028 985 Hunc
1068 932 1364 987 Eudoxius
1396 951 1533 989 cum
1582 942 1637 989 et
1680 936 1873 991 verbis
1916 935 2143 990 demul-
2326 930 3917 1004 Xll.FortasseValens,instigantePhritigerne,bellum

503 1016 694 1081 sisset,
729 1025 781 1072 et
812 1020 1158 1075 muneribus
1190 1022 1489 1088 illexisset,
1541 1039 1611 1079 eo
1660 1025 1905 1095 impulit,
1953 1030 2008 1081 ut
2038 1028 2145 1081 Go-
2255 1022 3681 1096 contraAthanaricumsuscepit:quamvisillud
3701 1036 3917 1092 quoque

499 1106 632 1161 thos
648 1108 724 1162 ad
748 1110 1236 1165 communionem
1267 1112 1641 1183 imperatoris
1665 1114 2144 1186 amplectendam
2256 1114 2460 1171 fecisse
2476 1114 2725 1184 legatur,
2751 1116 2894 1187 quia
2916 1113 3310 1169 Athanaricus
3336 1110 3656 1182 Procopio
3680 1114 3916 1181 tyranno

501 1197 842 1252 adduceret.
880 1200 940 1253 Id
970 1205 1166 1254 autem
1211 1203 1524 1271 persuasit,
1556 1219 1692 1257 cum
1735 1204 1974 1268 diceret,
2009 1221 2145 1260 con-
2257 1203 2528 1259 subsidia
2558 1209 2763 1259 contra
2793 1204 3099 1259 Valentem
3140 1202 3410 1257 miserat.
3452 1203 3734 1256 Fortasse
3771 1200 3917 1254 Atha-

501 1287 821 1341 tentionem
868 1304 938 1342 ex
970 1289 1294 1344 ambitione
1340 1296 1529 1346 ortam
1570 1309 1739 1359 esse;
1792 1294 2145 1366 dogmatum
2256 1294 3545 1363 naricusPhritigernemaggressusestpost
3566 1305 3782 1361 pacem
3802 1304 3916 1342 cum

501 1375 860 1431 verouullam
878 1378 1639 1449 essediscrepantiam.»Sic
1656 1382 1883 1453 Ulphilm
1903 1384 2147 1455 perfidia
2260 1383 2498 1439 Valente
2542 1382 2778 1438 factam.
2828 1381 3130 1454 Quidquid
3166 1380 3260 1446 sit,
3302 1378 3584 1434 dubium
3621 1378 3810 1448 magis
3846 1386 3917 1431 est

505 1463 657 1518 circa
687 1481 912 1521 annum
946 1469 1047 1522 376
1079 1467 1156 1521 ad
1181 1469 1456 1524 haeresim
1486 1472 1751 1541 perducti
1784 1479 1925 1527 sunt
1955 1474 2145 1530 Gothi.
2259 1473 2417 1528 istud
2448 1472 2892 1543 bellum,quam
2908 1477 3065 1526 certo
3083 1470 3381 1525 fictitium.
3406 1467 3683 1539 Reliqua
3705 1466 3763 1521 in
3784 1466 3915 1521 Actis

580 1554 663 1606 Xl.
695 1556 863 1619 Quod
904 1562 1123 1628 spectat
1152 1559 1227 1612 ad
1268 1564 1408 1613 Acta
1442 1558 1643 1616 Graeca
1683 1563 1870 1618 sancti
1911 1565 2143 1628 Nicetes,
2256 1563 2438 1619 relata
2467 1563 2541 1616 de
2573 1567 2778 1617 sancto
2823 1561 3039 1625 Niceta,
3071 1559 3204 1615 licet
3254 1564 3373 1613 tam
3423 1562 3600 1612 certa
3644 1571 3767 1611 non
3799 1556 3912 1618 sint,

509 1648 808 1698 auctorem
850 1662 920 1701 ea
950 1646 1171 1701 habent
1216 1649 1691 1720 Metaphrastem,
1726 1652 1825 1722 qui
1856 1653 2148 1707 verisimi-
2258 1669 2442 1725 quam
2494 1652 2642 1706 facta
2673 1650 2749 1705 ab
2780 1656 3021 1705 auctore
3060 1652 3657 1719 contemporataneo
3701 1644 3912 1715 scripta,

503 1731 632 1787 liter
652 1733 862 1789 habuit
890 1737 1031 1791 Acta
1064 1737 1419 1808 antiquiora,
1463 1755 1597 1810 quae
1622 1741 1692 1795 ad
1727 1740 1946 1812 stylum
1972 1759 2145 1796 suum
2183 1759 2229 1815 Β
2263 1742 2443 1797 modo
2473 1741 2613 1795 satis
2655 1738 2960 1795 verisimili
3002 1743 3139 1793 sunt
3168 1741 3481 1791 enarrata.
3534 1739 3690 1790 Acta
3739 1740 3911 1788 autem

503 1822 777 1877 traduxit.
824 1825 1021 1879 Latine
1066 1828 1222 1881 edita
1264 1833 1399 1881 sunt
1454 1830 1611 1898 apud
1660 1830 2059 1901 Lipomanum
2095 1836 2150 1886 et
2261 1831 2359 1886 illa
2389 1825 3699 1901 Greca,quaaeadem,inapographonostro
3728 1829 3913 1877 notan-

507 1909 770 1979 Surium,
800 1912 996 1984 ibique
1026 1916 1397 1986 Metaphrasti
1429 1918 1703 1987 ascripta.
1734 1919 1978 1975 Allatius
2004 1936 2151 1991 quo-
2261 1927 2355 1976 tur
2382 1920 2703 1989 desumpta
2731 1935 2801 1974 ex
2828 1917 3030 1973 codice
3063 1933 3172 1971 ms.
3209 1915 3364 1986 regis
3413 1912 3709 1970 Francia.
3761 1915 3911 1966 [nter-

502 2016 619 2071 que
651 2000 711 2056 in
740 2003 1037 2073 Opusculo
1077 2004 1149 2058 de
1192 2004 1535 2061 Simeonum
1560 2007 1818 2078 scriptis,
1853 2024 1990 2080 pag.
2028 2011 2147 2074 127,
2260 2008 2512 2083 pretatio
2541 2009 2738 2065 Latina
2758 2007 2921 2079 apud
2942 2008 3339 2079 Lipomanum
3371 2010 3435 2059 et
3469 2004 3716 2060 Surium
3740 2004 3913 2057 Graeco

508 2088 721 2143 horum
746 2096 1023 2145 Actorum
1047 2092 1149 2148 dat
1170 2093 1851 2167 initium,aggregatque
1878 2097 2151 2168 catalogo
2262 2100 2559 2154 contextui
2604 2098 2956 2169 plerumque
3022 2094 3363 2167 respondet,
3429 2107 3558 2148 non
3611 2097 3805 2148 tamen
3847 2090 3909 2143 ita

510 2177 769 2244 illorum,
802 2196 935 2249 qua:-
961 2182 1365 2252 Metapbrastis
1395 2200 1523 2239 esse
1551 2185 1841 2241 videntur.
1876 2187 2151 2243 Bailletus
2262 2204 2497 2260 semper
2536 2191 2627 2242 est
2668 2192 2964 2250 accurata,
3000 2190 3064 2240 ut
3113 2188 3368 2255 nequeat
3416 2180 3754 2237 emendari.
3786 2182 3907 2235 Nam

510 2266 568 2320 in
602 2267 806 2322 tabula
837 2268 1033 2324 critica
1047 2270 1123 2325 ad
1155 2271 1313 2327 hunc
1343 2272 1498 2327 diem
1527 2275 1824 2340 observat,
1860 2276 1975 2332 alia
2007 2277 2151 2332 olim
2264 2278 2518 2333 subinde
2549 2276 2745 2348 aliqua
2766 2276 2948 2331 verba
2981 2291 3224 2347 prorsus
3260 2273 3472 2329 Latine
3510 2276 3654 2326 sunt
3685 2270 3903 2329 omissa,

490 2358 655 2409 Acta
687 2357 871 2411 sancti
904 2360 1116 2415 Nicetes
1147 2363 1451 2429 exstitisse,
1477 2364 1581 2418 sed
1612 2371 1785 2420 eatan
1815 2382 2001 2437 quam
2034 2383 2154 2438 per-
2263 2384 2399 2440 quas
2432 2365 2761 2421 secundum
2808 2367 3011 2420 Graaca
3061 2362 3422 2434 adjungam.
3476 2358 3675 2415 Semel
3724 2357 3904 2412 iterum

511 2443 632 2499 dita
676 2445 872 2500 haberi
914 2464 1108 2518 posse,
1153 2454 1470 2521 postquam
1523 2452 1619 2507 illa
1669 2470 1775 2509 suo
1807 2456 1958 2527 stylo
1992 2472 2157 2512 exor—
2265 2457 2544 2527 interpres
2572 2471 2607 2509 a
2636 2470 2773 2509 vero
2806 2469 2979 2508 sensu
3012 2452 3327 2508 aberrasse
3363 2449 3652 2514 videtur;
3682 2446 3902 2517 ideoque

509 2534 711 2589 nanda
745 2539 997 2608 suscepit
1026 2539 1467 2610 Metaphrastes.
1510 2543 1726 2597 Verum
1780 2544 1941 2615 justo
1986 2547 2157 2602 vehe-
2268 2560 2471 2600 veram
2498 2542 3037 2614 interpretationem
3062 2540 3449 2603 substituam,
3476 2540 3714 2592 servata
3736 2541 3902 2589 tamen

511 2624 765 2679 mentior
782 2626 1014 2682 videtur
1025 2628 1148 2683 hac
1166 2644 1437 2693 censura,
1458 2648 1591 2702 quae
1615 2631 1760 2688 forte
1774 2649 1893 2688 non
1916 2635 2158 2692 aliunde
2269 2634 2516 2705 antiqua
2546 2632 2839 2696 versione,
2859 2631 3219 2701 ubicumque
3233 2627 3551 2683 videbitur
3576 2624 3839 2695 legitima.

1996 2839 2491 2931 ΑΘΛΗΣΙΣ

2025 3069 2156 3117 ΤΟΥ
2195 3068 2393 3135 μειοῖ

582 3263 2775 3443 ΜΕΓΑΛΟΜΑΡΤΥΡΟΣ
2896 3263 3814 3437 ΝΙΚΗΤΑ.

1870 3739 2650 3862 CERTAMEN

2110 4006 2363 4065 SANCTI

564 4207 798 4346 ET
1031 4210 1642 4357 MAGNI
1872 4208 2860 4356 MARTYBIS
3078 4190 3850 4354 NICETfE.

587 4695 630 4753 1.
671 4695 943 4755 Victricia
980 4698 1261 4772 martyris
1306 4698 1519 4757 Nicetes
1567 4698 1746 4758 hodie
1791 4699 2165 4759 celebramus

2349 4698 2425 4755 A'.
2475 4700 2798 4762 Νικητικοὺς
2836 4697 3040 4771 ἀγῶνας
3096 4705 3187 4753 τοῦ
3245 4699 3512 4775 μάρτυρος
3556 4690 3746 4775 Νιχῇτα
3797 4692 3875 4729 πα-

519 4786 869 4854 certamina,
890 4802 1013 4843 non
1028 4803 1210 4861 quem
1222 4787 1502 4861 princeps
1524 4789 1935 4862 apostolorum
1956 4790 2132 4846 Petru

2271 4789 2619 4864 νηγυρίξομιν
2679 4793 2924 4864 σήμερον·
2978 4787 3084 4860 οὐχ
3139 4790 3191 4841 ὃν
3248 4790 3273 4841 ὁ
3327 4774 3427 4841 ratis
3483 4774 3868 4869 ἀποστόλων.κοῖ

519 4874 748 4940 erudiit,
782 4880 839 4931 et
887 4876 991 4949 qui
1029 4875 1343 4933 Clementis
1386 4878 1493 4934 fuit
1521 4877 1700 4935 frater
1731 4880 1832 4948 (1),
1901 4882 1957 4935 et
1981 4894 2136 4951 quen

2273 4882 2486 4952 ρυφαῖός
2554 4882 2745 4952 Πέτρος
2824 4873 3254 4950 ἕπαιδαγὼγησι,
3336 4881 3425 4930 καὶ
3502 4871 3701 4940 Κλήμης
3770 4865 3870 4953 "1"

517 4964 883 5020 Commodus
912 4969 1196 5036 tyrannus
1226 4971 1467 5038 propter
1491 4967 1787 5023 Christum
1826 4966 1990 5024 illato
2028 4982 2134 5024 con

2274 4969 2513 5020 κοινωνὸν
2586 4962 2785 5018 ὠδίνων
2860 4974 2959 5018 τῶν
3040 4975 3328 5041 μητρικῶν,
3411 4965 3554 5039 ῥώμη
3627 4970 3689 5041 τε.
3741 4954 3866 5041 πρῶθ’

518 5054 839 5110 summavit
858 5055 1160 5126 martyrio.
1190 5055 1319 5110 Non
1345 5037 1763 5123 convenimus,
1790 5061 1855 5112 ut
1875 5057 2053 5129 hujus
2075 5072 2135 5113 ce

2274 5074 2440 5127 νεγκε,
2499 5059 2587 5106 καὶ
2638 5050 2880 5127 Κόμοδος
2927 5062 3184 5129 τυραννῶν
3238 5062 3311 5125 τῷ
3372 5050 3462 5106 διὰ
3509 5037 3717 5120 Χριστόν
3762 5040 3866 5081 7m-

518 5142 815 5200 lebremus
848 5143 1175 5201 certamina
1202 5161 1215 5200 :
1250 5145 1351 5201 sed
1382 5160 1564 5217 quem
1595 5145 1784 5220 (quod
1814 5146 1891 5204 ad
1920 5146 2135 5204 lauden

2274 5145 2449 5198 λείωκι
2496 5148 2782 5218 μαρτυρίῳ·
2834 5143 2893 5197 οὐ
2952 5145 3137 5197 τούτου
3192 5151 3280 5195 νῦν
3358 5144 3479 5203 τοὺς
3524 5132 3690 5189 ἄθλους
3736 5130 3864 5173 πων

592 5320 668 5392 (1)
701 5324 759 5403 in
798 5320 1072 5408 versione
1094 5323 1296 5407 Latina
1325 5324 1539 5408 legitur
1566 5326 1760 5408 θοι-ξας
1792 5339 1805 5386 ;
1837 5322 2168 5408 sedGraaca
2276 5324 2773 5408 habent;_peque
2793 5319 2981 5408 ‘video
3000 5319 3391 5408 “Nicetamts'
3418 5290 3860 5408 Citati-163113;:

517 5367 924 5490 phrasisrclare
943 5367 2073 5490 fratreuléighif‘iga‘tflngade‘m'versio‘ne
2088 5395 2167 5451 ad
2277 5400 2424 5490 trem
2437 5367 3214 5490 ,in’Mart‘yrologiisCraacts
3240 5367 3345 5474 aut
3359 5384 3590 5490 'Eantin'ifl
3600 5367 3858 5490 gistlemie:

518 5444 1076 5557 aaags‘tciaagsgs
1093 5444 2167 5557 ’ᾱάδᾷξξῖῖρδῑιῇῑίξῖζφιξςῑ”ῐξιιέεξε
2278 5444 2707 5557 saginis;
2729 5444 3197 5557 agisne)
3229 5444 3856 5557 gangliisqu

518 5510 1941 5611 non-habent.-lnhecogni'tionibus.grélemimtis
1957 5510 2163 5595 occur-
2275 5510 2442 5594 ullibi
2465 5536 2709 5611 reperiri
2735 5540 3005 5591 sanctum
3039 5551 3051 5592 :
3096 5534 3202 5591 sed
3232 5510 3428 5590 solum
3458 5530 3652 5585 dicere.
3680 5510 3741 5567 άθ

518 5613 659 5684 runt
693 5609 976 5684 Nicetaet
1000 5605 1235 5684 Aquila,
1259 5618 1549 5684 tanquam
1571 5612 1629 5667 S.
1647 5610 1967 5684 Clementis
1985 5626 2163 5684 papa
2274 5626 2337 5667 se
2366 5624 2490 5667 non
2518 5605 2707 5681 loqui.

520 5679 753 5739 fratres.
778 5683 852 5740 At
878 5680 1015 5739 libri
1053 5679 1549 5755 Recognitionum
1587 5679 2007 5741 auctoritatem
2040 5679 2163 5742 n'on
