4096 6220
165 288 281 348 τοδ
1290 274 1712 334 HARTYRIUM
1752 275 1823 336 S.
1860 272 2139 333 NICETAE
2178 274 2414 333 GOTHI.
3409 272 3515 335 706

163 419 390 488 γυρίσαι
441 410 773 482 συνήλθομεν,
830 404 936 458 ἀλλ’
990 406 1043 456 ὃν
1102 404 1181 474 (τό
1230 422 1289 473 γε
1336 406 1463 477 πρὸς
1513 402 1772 475 εὐφημίαν

1917 402 2127 472 ζυὶᾱθω
2159 406 2247 455 est
2284 401 2619 472 praeclarius
2672 407 2726 457 et
2768 404 3157 476 praestantius)
3198 406 3361 474 regio
3400 407 3534 463 tulit

164 504 525 577 λαμπρότερόν
572 518 626 551 τε
670 502 759 549 xui
803 498 1128 566 τιμιώτερόν)
1164 490 1425 563 Βάρϐαρος
1453 496 1543 563 μὲν
1594 494 1775 561 ἤνεγκε

1919 492 2163 555 ιᾶεὺίιτᾶ,
2195 506 2389 545 mores
2423 506 2558 545 vero
2579 492 2944 547 enutrierunt
2968 493 3213 549 Barbari
3246 515 3258 553 :
3291 502 3346 549 et
3367 496 3536 551 inna-

164 599 345 664 χωρα,
401 588 647 663 βάρϐαρα
677 583 735 638 δε
783 582 1054 656 ἐθρέψανιο
1095 583 1221 645 ἤθη,
1269 585 1356 631 καὶ
1405 585 1498 637 τὴν
1548 582 1774 652 ἔμφυτον

1921 596 2004 633 1m
2040 580 2406 636 nobilitatem
2457 579 2696 634 minime
2745 581 3279 653 adulterarunt(2).
3332 585 3538 640 Sciunt

168 690 265 740 τῆς
317 682 488 750 τύχης
546 676 797 747 εὐγένειαν
843 674 1091 743 οὔμενουν
1139 670 1233 720 οῦκ
1274 669 1567 720 ἐνόθευσαν.
1599 668 1778 721 Ὶσασι

1921 684 2099 722 ιωιιεε
2130 667 2373 721 fluvium
2404 671 2629 733 Isti-um,
2676 670 3089 739 magnitudine
3115 672 3356 741 quidem
3391 674 3538 727 inter

172 772 362 830 πάντες
406 773 493 819 τόν
537 767 767 837 ποταμόν
806 761 1009 832 Ἴστρον
1058 761 1261 831 μεγέθει
1310 764 1399 809 καὶ
1425 759 1650 829 εὐθηνίᾳ,
1682 759 1781 809 ὃσα

1924 756 2105 810 .uvios
2131 756 2380 822 clarum,
2412 772 2593 827 quem
2619 756 2825 827 lingua
2852 758 2979 829 ejus
3005 761 3263 828 regionis
3280 760 3541 831 appellat

172 862 402 928 ποταμοὶ
451 860 685 929 φέρουσι,
714 855 771 903 τὸ
836 849 1141 922 περιϐόητον
1190 850 1401 919 ἔχοντα,
1462 850 1513 899 ὃν
1545 853 1634 899 xui
1686 853 1784 898 Δα-

1924 847 2253 901 )anubium.
2290 847 2507 901 Gothos
2540 853 2757 916 autem,
2788 849 2889 919 qui
2919 850 3015 903 illo
3048 854 3315 921 tempore
3346 866 3541 903 exces-

172 946 379 999 νούϐιον
434 946 463 1001 ἡ
498 944 780 1014 ἐπιχώριος
828 935 940 989 οἶδε
985 937 1191 1007 γλῶττα
1237 936 1424 989 καλεῖν.
1462 939 1679 996 Γότθους
1725 934 1784 989 δε

1926 936 2449 1006 ρτειηιερειὶτὶει(3),
2474 935 2690 990 ﬂuvius
2714 938 2976 992 habebat
2998 940 3255 993 accolas.
3275 940 3374 994 Hic
3400 955 3540 1008 ergo

172 1037 291 1087 xur’
347 1035 504 1086 ἐκεῖνο
553 1038 738 1104 καιροῦ
786 1029 1170 1100 μεταναστάτας
1208 1035 1297 1084 τῆς
1349 1022 1605 1099 πατρίδος
1637 1044 1785 1096 γεγο-

1923 1024 2287 1079 ,dmirandus
2319 1024 2570 1087 Nicetas,
2614 1031 2791 1081 natus
2830 1044 2859 1081 e
2892 1025 3152 1083 Gothicis
3193 1029 3540 1093 seminibus,

173 1131 325 1184 νότας
402 1126 716 1195 προσοίκους
778 1120 802 1168 ό
867 1120 1096 1187 ποταμός
1149 1118 1333 1186 ἔφερεν·
1396 1115 1557 1174 Οὗτος
1612 1115 1701 1165 οὖν
1758 1116 1783 1165 ό

1931 1119 1950 1168 t
1981 1114 2241 1184 primum
2258 1113 2547 1169 honorem
2574 1116 2738 1186 apud
2760 1116 2890 1171 illos
2908 1124 3141 1182 nactus,
3162 1125 3280 1171 tam
3303 1128 3543 1188 propter

177 1217 479 1283 Θαυμαστὸς
528 1213 780 1269 Νικὴτας,
834 1206 1087 1256 Γότθικῶν
1121 1207 1429 1276 σπερμάτων
1469 1203 1643 1276 ἐκφύς,
1695 1209 1783 1255 xui

1928 1202 2214 1257 laritateiu
2254 1202 2503 1272 generis,
2537 1219 2721 1275 quam
2756 1212 2996 1276 propter
3042 1206 3221 1261 aliam
3272 1207 3456 1261 animi
3488 1213 3542 1263 et

173 1307 333 1374 τιμὴν
378 1306 472 1357 τὴν
525 1304 734 1370 πρώτην
788 1295 908 1367 παρ’
962 1292 1171 1353 ἐκείνοις
1214 1292 1414 1363 λαχὼν,
1466 1290 1557 1344 διὰ
1616 1312 1669 1344 τε
1726 1296 1783 1343 τὸ

1930 1291 2160 1361 orporis
2188 1289 2454 1346 indolem
2498 1298 2553 1347 et
2593 1292 3025 1360 dexteritatem,
3076 1310 3197 1350 non
3242 1303 3367 1351 erat
3422 1297 3544 1351 vita

177 1393 452 1465 περιφανὲς
503 1395 594 1439 τοῦ
640 1390 818 1456 γένους
867 1388 955 1433 xui
986 1387 1079 1439 τὴν
1123 1381 1279 1438 ἄλλην
1327 1390 1420 1433 τοῦ
1466 1388 1702 1451 σώματος
1732 1403 1786 1436 τε

1924 1380 2142 1446 lothus,
2170 1396 2280 1436 nec
2309 1380 2717 1447 moribus,nec
2746 1382 2880 1437 tide.
2909 1384 3058 1439 Nam
3087 1400 3278 1455 genus
3299 1385 3541 1455 quidem

176 1485 268 1532 καὶ
318 1487 411 1538 τῆς
452 1476 640 1548 ψυχῆς
693 1473 900 1544 εὐφυίαν
933 1473 1060 1527 ὅσην
1103 1476 1191 1521 xui
1237 1467 1536 1536 δεξιότητα,
1569 1472 1625 1523 οὐ
1660 1478 1785 1523 Γοτ-

1922 1470 2167 1525 'incebat
2232 1469 2584 1539 ingenium:
2641 1488 2811 1527 amor
2866 1478 3066 1528 autem
3116 1474 3174 1527 in
3243 1474 3539 1530 Christum

180 1572 273 1621 θου
305 1565 367 1625 ἦν
401 1570 487 1618 τόν
543 1562 682 1635 βίον,
741 1563 799 1613 οὐ
850 1564 969 1621 τοὺς
1022 1566 1256 1633 τρόπους,
1296 1557 1417 1612 οὐδὲ
1456 1566 1549 1619 τὴν
1583 1567 1787 1614 πίστιν.

1921 1558 2219 1615 iarbaram
2273 1561 2615 1630 opinionem
2651 1577 2663 1614 :
2717 1562 2977 1616 studium
3009 1578 3149 1618 vero
3194 1563 3423 1618 virtutis
3452 1564 3538 1618 in-

180 1658 361 1711 Ἐνίκα
415 1658 517 1728 γὰρ
570 1655 598 1710 ἡ
634 1654 723 1723 μεν
772 1656 949 1721 γνώμη
981 1652 1037 1700 τό
1065 1654 1225 1721 γένος,
1262 1654 1317 1701 τό
1364 1646 1422 1701 δὲ
1466 1651 1531 1709 εἰς
1557 1653 1787 1724 Χριστὸν

1498 1651 1531 1709 ἰς
1557 1653 1787 1724 Χριστὸν
1898 1650 2353 1720 temperantiam
2387 1649 2693 1705 Gothicam
2724 1656 2779 1706 et
2808 1651 3115 1707 feritatem.

183 1747 389 1820 φίλτρον
435 1748 529 1801 τὴν
575 1740 843 1814 βάρϐαρον
892 1736 1071 1803 δόξαν,
1107 1740 1131 1789 ὁ
1164 1735 1223 1790 δε
1265 1748 1363 1790 τῶν
1421 1738 1606 1812 ἀρετῶν
1665 1743 1790 1812 ἔρως
1822 1756 1865 1809 Β

190 1840 285 1894 τὴν
313 1836 571 1889 Γοτθικην
594 1829 853 1903 ἀκρασίαν
882 1833 971 1880 καὶ
999 1828 1307 1902 ἀγριότητα,

258 1928 333 1978 B’.
368 1921 617 1993 Θεοφίλου
674 1916 733 1971 δε
783 1914 843 1975 ἧν
893 1917 1037 1977 οὗτος
1089 1918 1171 1968 ἐπὶ
1200 1918 1455 1989 νεαζοῦση
1502 1926 1563 1990 τῇ
1611 1918 1790 1989 ἡλικία

1970 1916 2038 1968 Il-
2067 1916 2173 1970 Hic
2202 1922 2399 1970 autem
2427 1918 2485 1969 in
2508 1916 2906 1972 adolescentia
2932 1918 3213 1975 hauserat
3244 1936 3413 1975 sacra
3442 1922 3551 1977 ilu-

196 2022 297 2064 τὼν
351 2014 491 2085 ίερών
541 2018 635 2071 τῆς
677 2004 1028 2068 διδασκαλίας
1074 2005 1456 2080 ἀπερυσάμενος
1498 2009 1785 2081 ῥευμάτων.

1936 2012 2038 2060 uta
2067 2005 2352 2059 doctrinm
2382 2004 2707 2081 Theophili.
2761 2009 2942 2071 Quem
2985 2010 3227 2081 quidem
3264 2010 3551 2082 Theophi-

184 2100 376 2175 Ὀνπερ
427 2097 493 2158 δὴ
542 2096 810 2169 Θεόφιλον,
843 2101 934 2153 τὴν
983 2094 1361 2170 ἀρχιερατικὴν
1411 2098 1643 2171 ἐφορείαν
1690 2105 1790 2148 τῶν

1934 2112 2026 2149 um
2066 2094 2142 2165 (4)
2191 2110 2328 2149 cum
2359 2094 2487 2164 ejus
2520 2096 2655 2149 tidei
2686 2095 2891 2151 fuisset
2923 2098 3285 2153 commissus
3334 2100 3551 2156 Gotho-

186 2193 389 2243 Γότθων
440 2190 862 2258 πεπιστευμένον,
892 2190 980 2237 xui
1023 2192 1084 2258 τῇ
1133 2186 1182 2236 ἐν
1212 2190 1407 2257 Νικαίᾳ
1460 2186 1786 2258 οἱκουμενικῇ

1937 2200 2036 2238 um
2056 2182 2460 2254 pontiﬁcatus,
2484 2184 2826 2253 accepimus
2855 2186 3186 2241 interfuisse
3210 2190 3412 2259 prima:
3428 2190 3552 2244 uni—

188 2286 279 2332 xui
305 2283 488 2353 πρώτη
525 2272 732 2346 συνόδῳ
772 2274 1024 2346 ἐμάθομεν
1073 2272 1401 2333 ἐνεπιστῆναι
1450 2281 1538 2327 xui
1590 2279 1655 2327 τὰ
1704 2284 1794 2335 τῆς

1939 2273 2117 2328 ‘ersali
2147 2271 2382 2343 synodo
2413 2274 2680 2337 Nicaeum,
2715 2290 3021 2347 manuque
3053 2283 3108 2331 et
3143 2278 3349 2346 lingua
3393 2279 3556 2350 apud

189 2367 456 2428 εὐσεϐείας
498 2369 645 2438 χειρί
702 2383 754 2416 τε
799 2369 889 2415 xui
936 2364 1149 2435 γλώσσῃ
1186 2367 1328 2437 παρά
1359 2371 1493 2415 πᾶσι
1542 2373 1799 2439 κρατῦναι

1939 2378 2119 2418 »ωηθε
2146 2361 2536 2416 conﬁrmasse
2564 2362 2854 2433 dogmata
2894 2365 3144 2434 pietatis.
3181 2368 3327 2422 Cum
3358 2376 3556 2423 autem

191 2455 459 2529 δόγματα.
506 2457 652 2506 Ἐπεὶ
700 2450 758 2505 δε
809 2453 867 2505 οὗ
906 2452 1061 2514 πολὺς
1102 2452 1152 2503 ἐν
1202 2458 1344 2524 μέσῳ
1384 2450 1535 2512 διέϐη
1589 2461 1795 2529 χρόνος,

1941 2468 2032 2507 [οι]
2084 2450 2338 2505 multum
2384 2451 2813 2507 intercessisset
2843 2456 3146 2525 temporis,
3194 2462 3249 2511 et
3280 2458 3338 2510 in
3386 2462 3558 2528 gente

192 2553 283 2599 xui
334 2551 393 2597 τὸ
454 2545 655 2595 Γότθων
714 2545 856 2604 ἔθνος
904 2542 972 2602 εἰς
1038 2541 1350 2604 ἀντιπάλους
1399 2540 1649 2619 διεῤῥάγη
1713 2550 1802 2597 xui

1944 2541 2233 2595 Lothorum
2259 2540 2417 2594 bella
2464 2540 2799 2610 erupissent
2832 2542 3111 2599 intestina
3143 2552 3198 2599 et
3237 2553 3437 2601 essent
3475 2548 3561 2601 di-

209 2635 489 2709 ἐμφυλίους
540 2638 741 2705 μοίρας,
792 2637 876 2682 καὶ
929 2631 995 2691 εἰς
1026 2628 1124 2682 δύο
1165 2651 1218 2683 τε
1258 2651 1503 2703 γεγόνασι
1527 2639 1680 2708 μέρη·
1714 2641 1801 2687 καὶ

1939 2631 2025 2684 'isi
2054 2629 2115 2683 in
2137 2630 2290 2684 duas
2320 2634 2538 2700 partes,
2582 2637 2637 2684 et
2682 2630 2781 2684 uni
2808 2631 3048 2700 quidem
3083 2641 3359 2703 praeesset
3389 2634 3556 2689 Phri-

196 2729 393 2777 τούτων
452 2724 629 2791 ἡγεῖτο
690 2723 904 2792 θατέρου
1084 2726 1435 2794 Φριτιγερνης,
1484 2724 1693 2797 θάτερον
1742 2723 1801 2778 δε

1944 2720 2187 2788 igernes,
2223 2718 2407 2773 altera
2435 2724 2634 2773 autem
2669 2718 2839 2774 valde
2862 2720 3105 2775 terribili
3135 2730 3365 2793 pareret
3386 2725 3561 2779 Atha-

200 2815 540 2884 Ἀθαναρίχῳ
594 2811 823 2867 ὑπήκουε
878 2812 942 2861 τά
990 2812 1161 2861 πάντα
1207 2807 1379 2879 δεινῷ’
1453 2810 1801 2884 ’Δθανάριχος

1943 2808 2135 2871 ιδείοο,
2176 2808 2273 2862 hic
2303 2807 2718 2871 Athanaricus,
2762 2817 3036 2880 suscepta
3066 2813 3342 2867 maximis
3374 2815 3560 2884 capiis

193 2903 365 2965 οὗτος,
401 2904 537 2951 κατά
579 2907 672 2961 τῆς
703 2901 981 2971 ὁμογενοῦς
1022 2903 1111 2950 xui
1153 2896 1451 2959 ἀποστάδος
1486 2908 1576 2951 τοῦ
1625 2907 1803 2973 Φριτι-

1944 2897 2287 2969 xpeditione
2335 2897 2620 2952 adversus
2667 2898 3113 2967 Phritigernem,
3165 2910 3292 2956 erat
3320 2904 3560 2974 quidem

190 2996 403 3065 γερνους
454 2985 667 3060 μερίδος
715 2988 907 3045 πλήθει
955 2992 1138 3061 χειρός
1186 2988 1623 3060 ἐπιστρατεύσας,
1684 2995 1798 3064 τρόο

1940 2986 2177 3057 jusdem
2190 2985 2425 3055 generis
2439 2988 2542 3041 sed
2556 2992 2681 3041 erat
2694 2986 2767 3042 ab
2781 3004 2850 3042 eo
2863 2988 3365 3053 avulsus,victoria
3377 3001 3557 3063 parta,

195 3099 353 3133 παιον
404 3081 639 3135 ῖστησιν.
694 3075 846 3129 Ὀθεν
905 3082 1240 3149 Φριτιγερνης
1288 3076 1617 3151 ἀποῤῥηθεις,
1674 3082 1801 3152 πρὸς

1944 3077 2079 3145 rigit
2111 3082 2420 3146 tropaium.
2456 3075 2857 3138 Quamobrem
2887 3078 3277 3149 Phritigcrnes
3302 3081 3359 3135 in
3380 3082 3558 3137 rebus

198 3175 295 3227 τὴν
351 3169 642 3239 Ῥωμαϊκὴν
688 3165 939 3236 ἀπέϐλεψε
983 3162 1178 3233 δεξιὰν,
1208 3166 1491 3239 αὐτόμολος
1546 3188 1595 3220 τε
1638 3188 1805 3243 προσ.

1946 3168 2033 3221 uis
2058 3162 2289 3220 afﬂictis
2319 3168 2605 3236 spectavit
2632 3165 2710 3220 ad
2752 3168 3081 3222 Romanam
3122 3169 3451 3235 dexteram,
3505 3177 3561 3226 et

196 3258 377 3323 ελθων,
427 3256 635 3327 ἀμύνειν
685 3252 872 3309 ἐδεῖτο.
933 3255 1181 3306 Οὐάλεντι
1238 3253 1296 3307 δε
1374 3268 1661 3314 τηνικαῦτα
1730 3267 1802 3329 τῷ

1945 3254 2156 3309 'eniens
2202 3254 2532 3324 transfuga,
2588 3255 2787 3326 petivit
2842 3256 3147 3311 auxilium.
3206 3258 3414 3315 Valens
3457 3277 3562 3316 au-

194 3350 563 3419 μισοχρίστῳ,
590 3348 656 3396 τὰ
690 3344 956 3416 Ῥωμαὶκά
998 3341 1225 3397 διείπετο
1282 3354 1545 3421 σκῆπτρα.
1581 3348 1656 3399 Οῦ
1696 3358 1805 3411 τοῖς

1949 3359 2028 3398 im
2062 3342 2269 3397 Christi
2306 3343 2602 3410 inimicus,
2655 3360 2725 3399 eo
2757 3352 3023 3415 tempore
3054 3348 3291 3403 tenebat
3333 3355 3566 3421 sceptra

196 3437 287 3489 ἐπὶ
336 3437 551 3508 Θρᾴκην
597 3440 945 3509 στρατιώταις
973 3443 1044 3506 τῷ
1098 3432 1299 3507 φυγάδι
1326 3434 1537 3507 βοηθεῖν
1572 3438 1803 3510 ἐγκελευ-

1950 3440 2199 3487 Lomana.
2236 3432 2346 3496 Qui
2376 3448 2514 3486 cum
2545 3432 2819 3503 jussisset
2843 3435 2912 3489 iis
2943 3436 3042 3505 qui
3089 3443 3259 3492 erant
3290 3439 3350 3493 iu
3390 3440 3567 3495 Thra-

202 3544 420 3596 σαντος,
478 3528 814 3597 Φριτιγίρνης
877 3523 1045 3575 λαϐὼν
1117 3529 1202 3576 τόν
1270 3544 1323 3577 τε
1386 3528 1635 3601 Θρᾴκιον,
1717 3535 1807 3580 xui

1949 3524 2021 3577 ia.
2084 3520 2368 3576 militibus
2426 3520 2576 3576 ferre
2644 3537 2822 3592 opem
2889 3524 3095 3588 exsuli,
3146 3526 3563 3596 Phritigernes,

198 3618 323 3675 ὅσος
376 3614 464 3665 ὑπ’
508 3614 648 3683 αὐτῷ
704 3615 943 3674 Γότθικός
998 3619 1215 3687 στρατός
1267 3615 1638 3682 κατελέλειπτο,
1690 3614 1811 3669 δια-

1949 3610 2162 3666 ‘hracio
2206 3611 2464 3665 exercitu
2495 3617 2759 3681 accepto,
2789 3617 2845 3666 et
2888 3628 2981 3675 eo,
3026 3616 3129 3684 qui
3165 3615 3276 3669 sibi
3334 3633 3566 3671 reman-

200 3705 370 3757 ϐαίνει
400 3708 485 3755 τόν
526 3702 749 3775 Ἴστρον.
788 3710 883 3755 Καὶ
929 3708 1017 3755 τὸν
1067 3706 1199 3756 θεῖον
1236 3714 1327 3756 τοῦ
1362 3713 1594 3779 Χριστοῦ
1648 3726 1812 3759 σταυ-

1953 3706 2093 3765 erat,
2125 3699 2469 3755 transmittit
2497 3699 2734 3754 Istrum.
2779 3701 2982 3772 Itaque
3009 3702 3263 3759 ferentes
3300 3705 3570 3761 divinam

199 3800 293 3869 ρόν
345 3796 521 3854 πάσης
596 3797 980 3864 προηγούμενον
1050 3801 1141 3852 τῆς
1216 3790 1483 3865 δυνάμεως
1554 3800 1809 3869 φέροντες,

1951 3790 2132 3845 thristi
2162 3804 2420 3854 crucem,
2462 3788 2896 3859 praecedentem
2926 3806 3138 3846 omnes
3170 3810 3309 3849 suas
3340 3796 3568 3865 cOpias,

205 3882 561 3957 συρρήγυνται
609 3890 713 3943 τοῖς
754 3880 1047 3941 ἀντιπάλοις
1098 3882 1165 3941 εἰς
1219 3885 1424 3954 μάχην,
1457 3891 1713 3957 κρατουσί
1760 3906 1813 3939 τε

1954 3878 2126 3933 ii-azlio
2164 3876 2491 3947 conﬂigunt
2522 3894 2661 3932 cum
2682 3879 3058 3945 adversariis,
3090 3889 3146 3935 et
3176 3898 3311 3936 eum
3357 3886 3458 3954 qui
3492 3886 3571 3938 vi-

203 3974 332 4047 ρᾲον
364 3979 456 4023 τοῦ
506 3975 880 4044 κρατήσαντος⁸
920 3977 1009 4023 xui
1039 3976 1097 4023 τό
1147 3970 1338 4023 ἐκείνου
1371 3972 1563 4034 πλῆθος
1610 3976 1820 4048 αἰχμά.

1958 3974 2106 4036 erat,
2156 3966 2325 4023 facile
2372 3968 2635 4031 vincunt,
2687 3972 2745 4022 et
2792 3968 2944 4022 illius
2993 3969 3312 4026 multitudo
3355 3974 3571 4043 partim

202 4060 377 4110 λωσία
453 4065 541 4109 και
617 4058 760 4129 ξίφος
814 4055 1155 4131 διεμερίζετο’
1232 4060 1379 4130 μόλις
1442 4062 1556 4132 μετ’
1633 4067 1817 4134 ὀλίγων

1957 4059 2189 4124 inditur,
2215 4058 2430 4129 partim
2460 4058 2707 4128 capitur,
2739 4073 2877 4112 cum
2906 4060 3291 4115 Athanaricus
3346 4064 3426 4132 (ὅ)
3457 4070 3572 4116 tur-

206 4150 565 4223 Ἀθαναρίχου
644 4155 735 4206 την
813 4155 1018 4219 σφαγὴν
1120 4149 1455 4223 αἱσχροτατα
1539 4148 1819 4225 διαπεφευ-

1951 4147 2167 4202 tissime
2205 4163 2344 4203 cum
2385 4148 2591 4218 paucis
2623 4163 2745 4202 sua:
2783 4147 2915 4203 vitai
2956 4150 3101 4219 fuga
3155 4151 3568 4207 consuluisset.

205 4257 379 4309 γοτος.

281 4334 353 4381 Γ·.
386 4328 526 4385 Αὕτη
566 4332 741 4399 γέγονε
780 4334 1043 4402 πρόφασις
1084 4332 1173 4378 καὶ
1223 4328 1367 4380 αἰτία
1397 4330 1817 4394 πολλαπλασίους

1996 4327 2087 4382 Ill.
2120 4329 2255 4382 Haec
2292 4325 2402 4381 fuit
2430 4341 2617 4381 causa
2645 4330 2705 4381 et
2731 4327 2988 4392 occasio,
3022 4344 3128 4383 cur
3169 4330 3373 4385 multis
3406 4347 3472 4387 ex
3501 4332 3573 4387 iis

209 4426 309 4468 τῶν
365 4416 723 4489 προλαϐόντων
772 4419 837 4468 ru
890 4423 1213 4488 Χριστιανων
1286 4418 1635 4471 ἀσπάσασθαι
1696 4427 1817 4473 Γοτ-

1955 4413 2465 4483 [uiprmcesserunt
2482 4411 2765 4483 Gothis(6)
2786 4411 3134 4482 religionem
3168 4415 3429 4485 amplexi
3453 4418 3572 4473 sint

214 4508 357 4569 θους.
402 4506 654 4580 υἱρφιλος
713 4502 770 4558 δὲ
824 4502 1084 4578 διάδοχος
1136 4509 1226 4577 μεν
1278 4515 1376 4558 τῶν
1429 4507 1814 4583 ἀρχιερατικῶν

1953 4500 2625 4571 lhristianam,Urphilas
2647 4502 2723 4573 (7)
2754 4505 2954 4556 autem
2974 4503 3080 4558 fuit
3110 4503 3410 4575 Theophili
3436 4522 3570 4561 suc-

283 4686 365 4757 (2)
388 4687 486 4741 Hic
520 4686 704 4741 multa
721 4685 905 4757 verba
946 4685 1145 4741 Latine
1178 4690 1347 4741 erant
1373 4688 1618 4743 omissa.
1925 4680 2169 4757 quando
2198 4679 2294 4735 hic
2323 4696 2480 4757 anno
2510 4683 2611 4735 367
2644 4686 2849 4757 contra
2876 4680 3095 4737 Gothos
3115 4681 3341 4757 bellum
3371 4686 3569 4753 gessit,

287 4753 367 4829 (3)
399 4758 632 4812 Certum
662 4764 772 4822 est,
803 4756 1027 4811 Gothos
1056 4774 1177 4812 non
1196 4774 1432 4829 semper
1463 4762 1523 4813 in
1544 4760 1718 4814 Dacia
1738 4760 1816 4814 ad
1926 4753 2456 4831 clade_i_\tiianarici
2477 4768 2636 4808 anno
2668 4754 2790 4817 309,
2818 4760 3137 4825 secutaque
3169 4756 3381 4809 eodem
3411 4772 3572 4811 anno

222 4826 433 4883 Istrum
466 4831 761 4883 habitasse
786 4846 798 4893 ;
824 4832 928 4882 sed
958 4846 1026 4883 ex
1077 4831 1193 4883 alia
1232 4826 1471 4898 regione
1501 4842 1815 4886 remotiore
1926 4840 2073 4898 Pace
2100 4826 2356 4879 ﬁnitum.

222 4901 556 4955 aRomano
606 4900 856 4971 imperio
883 4900 958 4973 ad
1011 4900 1225 4955 lstrum
1268 4893 1617 4971 progressos
1661 4918 1813 4967 esse,
1927 4893 1944 4895 “
1998 4895 2307 4973 (b)_Erant_
2356 4893 2601 4967 quidem
2656 4897 2805 4973 inter
2835 4896 3054 4973 Gothos
3112 4897 3421 4973 Christiani
3458 4914 3579 4973 non

223 4980 398 5043 prout
436 4976 640 5042 postea
674 4967 775 5043 per
822 4972 1037 5026 multas
1081 4967 1313 5042 imperii
1359 4967 1697 5043 provincias
1754 4992 1815 5029 se
1925 4970 2151 5038 pauci;
2210 4967 2314 5021 sed
2354 4984 2425 5021 ea
2486 4968 2796 5021 occasione
2854 4970 3039 5023 multo
3068 4968 3265 5039 plures
3313 4971 3578 5025 converti

222 5042 611 5097 diffuderunt.
668 5054 753 5097 An
802 5060 939 5097 vero
991 5059 1060 5096 ex
1112 5042 1524 5107 Scaudin’aVia,
1570 5049 1692 5100 sive
1744 5061 1815 5100 ex
1928 5046 2269 5109 potuerunt.

224 5116 509 5169 hodierno
541 5130 719 5183 reguo
754 5115 1016 5178 Suecico,
1065 5128 1123 5168 ut
1178 5115 1298 5169 vult
1327 5117 1679 5181 Jornandes,
1729 5134 1818 5172 or-
1930 5108 1943 5109 ί
1970 5110 2075 5183 4(7)
2112 5108 2381 5181 υέρίιίιίιε
2411 5115 2515 5165 θυι
2545 5109 2778 5180 Ul‘phila
2806 5113 3189 5165 Communius
3222 5118 3465 5167 vocatur
3497 5113 3575 5169 ab

226 5193 349 5240 tum
381 5181 674 5240 duxerint.
708 5202 827 5258 non
867 5194 951 5258 est
976 5186 1151 5255 hujus
1181 5186 1291 5240 loc1
1323 5189 1638 5258 inquirere.
1929 5181 2077 5258 aliis.
2112 5185 2322 5258 Aliqua
2371 5185 2632 5258 hicnon
2666 5191 2817 5258 recte
2857 5188 2941 5258 de
2972 5183 3101 5253 ipso
3134 5186 3245 5237 dici
3283 5192 3574 5239 Videntur.

294 5259 372 5328 (4)
400 5259 753 5332 TueOphilus
775 5257 1002 5311 Gothiae
1033 5251 1690 5332 metropolita'coucilio
1731 5259 1821 5314 Ni-
1932 5254 2183 5332 Consule
2226 5251 2427 5324 itaque
2458 5255 2531 5306 de
2577 5251 2809 5332 [illihila
2833 5251 3079 5309 dicta—in
3115 5258 3572 5332 Commentario.

226 5326 388 5384 ceno
421 5326 625 5383 revera
658 5330 1019 5399 subscriptus
1050 5326 1282 5397 legitur.
1932 5330 2172 5399 num.i9
2204 5336 2259 5379 et
2294 5333 2374 5387 to.
2416 5342 2487 5379 ex
2515 5326 2969 5399 quibusgliquet,
3024 5342 3144 5379 non
3183 5327 3256 5381 de
3314 5332 3583 5383 secunda

293 5402 369 5470 (5)
396 5402 527 5455 iam
551 5400 611 5454 in
636 5397 1076 5455 Commentario
1116 5416 1282 5454 num.
1309 5403 1335 5452 1
1368 5402 1594 5466 monui,
1632 5406 1819 5456 totum
1934 5398 2167 5468 synodo
2198 5400 2569 5453 mcumenica
2594 5397 2836 5465 intelligi
2868 5412 3045 5470 posse
3076 5414 3217 5470 mox
3250 5404 3579 5470 sequentia,

225 5467 587 5529 hocbellum
619 5487 740 5526 non
774 5472 957 5526 videri
982 5481 1229 5536 certum,
1253 5471 1579 5527 etfortasse
1596 5489 1667 5527 ex
1698 5473 1827 5529 sola
1936 5467 1985 5522 si
2042 5484 2181 5525 vera
2226 5476 2385 5537 sunt,
2437 5469 2543 5524 sed
2594 5473 2668 5523 de
2721 5467 2955 5541 synodo
3007 5467 3365 5527 Arianorum
3435 5472 3581 5529 anni

228 5543 796 5616 confusionegortum
815 5558 968 5600 esse.
984 5542 1220 5616 Aliquid
1236 5550 1435 5616 tamen
1460 5546 1578 5616 veri
1591 5545 1827 5601 subesse
1936 5542 2062 5599 360.

228 5620 439 5689 potest,
464 5615 516 5672 si
538 5613 927 5687 Phritigernes
946 5613 1341 5674 cnm'Valente
1360 5614 1680 5675 fmderatus
1696 5617 1823 5685 fuit,
