4096 6220
230 280 336 349 709
1334 269 1771 339 MARTYRIUM
1813 276 1877 343 s.
1914 278 2193 347 Nicena
2232 266 2479 338 GOTIH.
3487 275 3595 342 710

231 409 362 461 τελει
424 413 807 481 κεκοσμημένον
859 426 871 437 ο
934 406 1177 466 ἠϐούλετο
1225 408 1323 479 γὰρ
1380 406 1694 481 ἀχωρίστως
1749 406 1838 457 0’05-

1983 404 2286 469 :itationes,
2312 419 2581 475 quonam
2597 404 2779 459 modo
2796 409 3223 478 possetcorpus
3243 409 3417 464 amici
3445 409 3600 465 acci-

230 506 323 551 τοῡ
357 502 519 570 ἔχειν,
567 501 635 560 ὡς
680 499 783 551 οἶόν
835 517 888 549 τε
930 502 1018 549 καὶ
1048 499 1175 567 μετὰ
1210 498 1424 548 θάνατον
1452 510 1467 525 ⁸
1502 497 1635 548 οὕτω
1663 516 1835 565 τοιγα-

1977 509 2109 558 iere,
2153 494 2411 547 maxime
2436 492 2532 546 tali
2562 492 2677 546 ﬁne
2699 499 2976 548 ornatum
3011 510 3023 547 :
3052 495 3287 551 volebat
3317 500 3476 553 enim
3516 497 3594 553 ab

230 596 354 660 ροῦν
412 590 777 660 σκοπούμενος,
843 585 971 660 ἁωρί
1026 604 1147 637 ποτε
1210 594 1309 636 τῶν
1363 593 1557 637 νυκτῶν
1611 581 1703 636 διὰ
1754 588 1837 636 τὸν

1980 598 2080 652 pso
2119 598 2239 637 non
2282 580 2562 653 separari,
2606 588 2894 651 quantum
2940 588 3186 652 poterat,
3246 586 3421 640 etiam
3468 593 3597 657 p0st

233 680 590 750 Ἀθαναρίχου
642 676 795 749 φοϐον
849 676 1023 745 (αὐτὸς
1072 678 1172 749 γὰρ
1215 674 1354 744 αὐτῷ
1399 680 1491 732 την
1522 683 1612 726 τοῦ
1643 694 1839 747 μαρτυο

1978 678 2223 726 nortem.
2260 669 2407 725 Cum
2446 686 2587 741 ergo
2618 670 2699 723 sic
2732 671 3152 736 consideraret,
3210 674 3448 729 tandem
3510 676 3595 732 in-

235 776 387 841 ρικοῡ
434 774 674 839 σώματος
716 766 972 835 ἀνάληψιν
1012 764 1070 816 οὐ
1118 766 1305 836 μεθίει)
1352 762 1569 823 ἐπιστὰς
1617 762 1664 814 ἐν
1775 766 1841 814 τὰ

1982 766 2244 829 empesta
2275 764 2447 815 nocte
2476 766 2712 832 propter
2748 766 2975 816 metum
3031 762 3391 834 Athanarici,
3447 767 3599 835 (ipse

238 866 337 909 τῶν
392 856 551 928 ἁγίων
617 853 885 930 διέῥριπτο
959 854 1197 924 λείψανα,
1271 852 1377 904 ἐπεὶ
1451 853 1649 923 ἀγνοεῖν
1729 850 1841 924 εἶχε

1984 848 2106 903 nim
2137 864 2255 903 non
2290 849 2684 920 permittebat,
2720 855 2781 903 ut
2812 849 3178 921 acciperetur
3204 868 3421 923 corpus
3446 869 3601 907 mar-

238 951 387 999 ποῖόν
434 945 545 998 ἐστι
589 949 645 997 τό
686 944 1110 1015 ἐπιζητούμενον,
1164 944 1303 1015 παρὰ
1356 945 1535 994 τούτου
1582 938 1841 994 διδάσκε-

1984 937 2113 1007 yris)
2133 939 2425 993 accedens
2440 937 2500 991 in
2514 952 2649 992 eum
2666 939 2951 1003 locum,in
2972 955 3091 1010 quo
3106 947 3274 995 erant
3318 943 3601 1013 projectze

239 1056 345 1103 ται,
407 1035 528 1108 παρ’
598 1035 658 1086 οὗ
711 1038 799 1085 καὶ
851 1036 1011 1105 μάγοι
1058 1037 1150 1090 την
1218 1030 1407 1083 ἐκείνου
1464 1034 1837 1105 προσκύνησιν.

1983 1033 2287 1081 auctorum
2318 1027 2599 1098 reliquiae,
2633 1027 2919 1099 quoniam
2940 1029 3259 1098 ignorabat
3287 1032 3600 1103 quodnam

239 1127 462 1196 Δύναμις
519 1126 621 1197 γὰρ
695 1122 910 1195 οὐρανία
965 1142 1043 1182 τις
1108 1126 1196 1173 καὶ
1263 1119 1558 1191 ἀσώματος,
1626 1120 1841 1192 ἀστέρος

1988 1120 2103 1170 sset
2131 1116 2295 1187 quod
2322 1114 2717 1186 quaerebatur,
2751 1116 2828 1171 ab
2859 1132 2929 1171 eo
2961 1117 3207 1172 docetur
3238 1136 3274 1174 a
3303 1136 3424 1191 quo
3450 1121 3603 1191 Magi

239 1213 540 1266 ὑπελθοῦσα
590 1218 812 1285 μορφὴν,
861 1220 950 1264 τοῦ
1001 1205 1244 1284 χρηστοῦ
1302 1217 1581 1283 προηγεῖτο
1638 1217 1839 1283 Μαρια·

1982 1204 2285 1260 lidicerunt
2299 1204 2452 1259 illius
2466 1204 2879 1260 adorationem
2892 1248 2904 1261 .
2926 1207 3117 1261 Virtus
3130 1208 3289 1263 enim
3316 1210 3599 1280 quaedam

238 1310 327 1355 νοῦ
382 1302 521 1374 μάλα
574 1310 749 1374 σαφῶς
828 1306 916 1352 καὶ
984 1304 1251 1372 γνωρίμως
1304 1316 1315 1327 ⁸
1377 1305 1467 1351 καὶ
1522 1302 1614 1351 οὐκ
1670 1298 1837 1357 ἁπέση

1987 1293 2203 1348 celestis
2222 1299 2277 1347 et
2292 1294 2851 1365 incorporea,stellae
2872 1294 3055 1350 forma
3074 1287 3602 1368 suscepta,bonum

238 1401 392 1446 τοῦτο
455 1400 615 1444 ποιῶν
672 1393 697 1442 ό
743 1395 1039 1463 φαινόμενος
1092 1388 1273 1449 ἐκεῖνος
1328 1388 1518 1463 ἀστὴρ,
1579 1391 1667 1449 ἕως
1724 1390 1840 1441 ὑπέ-

1986 1382 2319 1437 ιτωοεᾱεὺαι
2346 1382 2675 1438 Marianum
2705 1391 2904 1455 aperte
2936 1390 2991 1439 et
3022 1385 3346 1453 evidenter,
3408 1404 3603 1460 neque

238 1479 378 1544 δειξε
422 1484 481 1533 τὸ
532 1482 866 1551 ποθούμενον.
908 1483 976 1531 Τό
1020 1476 1077 1530 δὲ
1133 1476 1213 1541 ἦν,
1256 1477 1313 1529 οὐ
1358 1476 1597 1548 λείψανον
1656 1498 1706 1529 τι
1752 1483 1840 1531 καὶ

1986 1471 2171 1526 estilit
2191 1471 2303 1525 hoc
2334 1469 2519 1526 facere
2550 1472 2649 1526 illa
2679 1472 2865 1537 stella,
2893 1489 3023 1545 qua:
3051 1476 3603 1545 apparebat,donec

234 1576 413 1645 μέρος,
470 1569 598 1621 ἀλλὰ
656 1578 809 1641 σῶμα
867 1568 1145 1641 ὀλόκληρον
1213 1576 1305 1628 τῆς
1365 1572 1626 1639 μακαρίας
1685 1571 1843 1629 ὄντως

1990 1560 2279 1614 stenditid
2312 1560 2479 1631 quod
2507 1560 2977 1615 desiderabatur.
3009 1562 3071 1616 Id
3102 1570 3303 1619 autem
3331 1574 3452 1620 erat
3484 1583 3604 1622 non

236 1660 422 1731 ψυχῆς
472 1661 601 1730 μετὰ
652 1668 751 1710 τῶν
797 1657 983 1726 ἄλλων,
1037 1665 1264 1731 κρεῖττον
1315 1660 1462 1728 φανὲν
1520 1662 1608 1708 καὶ
1651 1661 1839 1728 πυρός,

1986 1648 2218 1719 eliquiaa
2241 1648 2457 1720 aliqua:
2487 1656 2541 1703 et
2568 1664 2733 1720 pars,
2762 1651 2865 1704 sed
2894 1666 3112 1720 corpus
3132 1652 3430 1721 integrum
3452 1655 3603 1709 illius

239 1752 416 1823 ὥσπερ
476 1750 579 1823 ἄρα
631 1752 717 1799 καί
767 1747 955 1807 κλῆσις
1014 1746 1279 1809 ἠϐούλετο,
1334 1746 1462 1803 πλην
1536 1748 1655 1798 ὅσον
1712 1750 1837 1818 ἴχνη

1994 1752 2088 1791 ere
2121 1736 2310 1792 beatae
2343 1738 2581 1792 animas.
2634 1739 2803 1801 Quod
2844 1739 3090 1810 quidem
3140 1743 3421 1813 apparuit
3470 1745 3605 1814 igne

241 1841 359 1891 τινὰ
411 1838 615 1903 σώζειν,
649 1842 734 1889 καὶ
777 1833 901 1888 οὐδὲ
930 1844 1097 1888 ταῦτα
1142 1845 1306 1907 σαφῆ,
1358 1834 1468 1886 ἀλλ’
1520 1838 1654 1888 ὥστε
1686 1833 1843 1895 δῆλον

1991 1827 2136 1880 Jisse
2160 1826 2479 1896 potentius,
2506 1826 2654 1881 sicut
2682 1827 2861 1882 etiam
2888 1828 3126 1883 volebat
3179 1830 3307 1900 ejus
3338 1832 3608 1902 appella-

246 1925 398 1992 εἶναι,
446 1928 524 1979 ὅτι
569 1932 696 1998 πυρὶ
726 1926 1147 2000 προσωμίλησεν.
1197 1932 1361 1977 Τουτο
1408 1929 1576 1977 τοίνυν
1618 1929 1673 1978 τό
1713 1928 1843 1999 ἱερὸν

1984 1915 2057 1982 io,
2080 1914 2369 1986 nisiquod
2418 1915 2611 1970 solum
2666 1917 2948 1988 quaedam
3012 1918 3288 1974 servabat
3342 1920 3601 1989 vestigia,

250 2024 405 2088 σῶμα
436 2018 565 2088 θήκη
602 2016 779 2079 ἐνθεὶς,
813 2020 903 2067 καὶ
950 2022 1313 2088 μαρτυρικαῖς,
1365 2016 1535 2088 ὥσπερ
1590 2011 1717 2079 ἔδει,
1772 2035 1846 2067 τι·-

1988 2020 2149 2076 leque
2175 2020 2241 2058 ea
2282 2008 2508 2077 aperta,
2535 2004 2639 2059 sed
2666 2011 2727 2059 ut
2756 2010 2987 2060 tantum
3022 2014 3358 2078 appareret,
3380 2009 3436 2063 id
3470 2026 3605 2066 cum

244 2114 357 2177 μῶν
414 2104 742 2176 ἱερολογίαις,
814 2104 886 2165 εἰς
934 2108 1025 2161 τὴν
1084 2103 1266 2155 ἑαυτοῦ
1320 2101 1557 2176 πατρίδα
1628 2123 1844 2176 μετακο-

1991 2109 2092 2164 ζΗΘ
2132 2110 2261 2148 esse
2293 2109 2705 2163 congressum.
2739 2095 2860 2150 HOC
2900 2110 3038 2165 ergo
3097 2113 3335 2153 sacrum
3392 2115 3608 2171 corpus

240 2194 406 2265 μίξει,
1955 2199 2092 2238 cum
2124 2183 2309 2239 thecas
2339 2183 2744 2254 imposuisset,
2779 2184 3133 2255 martyricis,
3170 2192 3231 2241 ut
3268 2193 3515 2258 oportet,
3553 2195 3611 2245 et

1957 2274 2144 2328 sacris
2177 2272 2235 2327 id
2264 2272 2570 2329 honorans
2592 2272 2986 2338 orationibus,
3016 2275 3295 2331 transfert
3327 2276 3387 2332 in
3436 2295 3609 2336 suam

1955 2363 2211 2434 patriam
2243 2362 2383 2435 (10).

332 2465 429 2538 ς’.
467 2462 565 2509 Καὶ
611 2464 669 2527 τῇ
732 2452 970 2527 ἰδιωτικῇ
1014 2458 1305 2527 παραμένον
1351 2454 1510 2526 οἰκίᾳ,
1545 2450 1847 2523 διημοτελείς

2027 2452 2117 2508 VI.
2137 2454 2200 2506 Et
2224 2468 2362 2508 cum
2377 2453 2458 2507 sic
2485 2458 2753 2508 maneret
2770 2454 2828 2508 in
2852 2452 3036 2509 domo
3062 2455 3315 2525 privata,
3336 2457 3609 2528 publicas

240 2544 478 2616 ἐπήγαζε
537 2548 630 2607 τὰς
662 2547 839 2605 ἰάσεις.
889 2550 987 2597 Καὶ
1016 2547 1115 2619 γὰρ
1150 2544 1347 2615 ἀγαθῆς
1377 2544 1443 2593 ὢν
1471 2543 1653 2614 ψυχῆς
1684 2539 1841 2613 οἶκος,

1994 2558 2158 2596 tmen
2179 2540 2525 2595 effundebat
2560 2543 2921 2597 curationes.
2974 2542 3201 2598 Etenim
3260 2562 3397 2600 cum
3458 2554 3611 2603 esset

240 2640 343 2707 μιᾷ
383 2637 717 2708 περιγράφειν
766 2635 907 2705 οἰκίᾳ
948 2636 1037 2696 τὰς
1095 2630 1234 2695 ἰδίας
1287 2633 1381 2685 οὐκ
1421 2634 1604 2704 ἠγάπα
1648 2634 1846 2704 θαυμα-

1998 2647 2174 2686 omus
2194 2630 2743 2695 bonaaanimeemon
2761 2633 2900 2685 satis
2926 2631 3195 2687 habebat
3224 2635 3355 2688 unis
3379 2635 3610 2691 aedibus

241 2728 513 2797 τουργίας,
559 2722 688 2775 ἀλλὰ
716 2727 886 2775 κοινὸν
935 2719 995 2780 ἦν
1050 2722 1463 2793 Μοψουεστηνών
1489 2721 1789 2794 ἐντρυφημα
1830 2738 1842 2752 ⁸

1994 2736 2068 2773 ua
2099 2718 2583 2774 circumscribere
2608 2718 2896 2774 miracula
2928 2736 2941 2774 :
2972 2720 3075 2775 sed
3102 2728 3225 2775 erat
3252 2740 3607 2779 communes

242 2812 437 2884 μᾶλλον
491 2808 549 2864 δὲ
598 2818 686 2863 καὶ
724 2820 821 2864 τῶν
873 2809 1161 2883 ἀλλαχόθεν
1203 2818 1513 2884 φοιτώντων,
1558 2809 1845 2873 ἀπόλαυσις

2000 2808 2177 2864 elicite
2198 2811 2766 2877 Mopsuestanorum,
2798 2809 2920 2863 imo
2952 2824 3093 2863 vero
3125 2826 3334 2865 eorum
3367 2828 3609 2883 quoque

244 2902 304 2954 οὐ
363 2898 730 2972 δαπανωμένη.
812 2906 989 2976 Χρονῳ
1057 2898 1114 2954 δὲ
1184 2901 1398 2976 ὕστερον
1459 2905 1549 2952 καὶ
1603 2904 1723 2959 ναὸς
1773 2909 1845 2971 τῷ

1992 2897 2314 2970 ςυὶειιίυηᾱθ
2337 2897 2722 2962 ventitabant,
2757 2914 2905 2951 usus
2929 2897 3286 2971 fructus,qui
3321 2916 3440 2955 non
3469 2918 3609 2957 con-

242 2992 476 3063 μάρτυρι
517 2988 850 3064 ἀνεγείρει-αι,
896 2996 984 3041 καὶ
1033 2990 1184 3050 αὐτὸς
1220 2994 1275 3041 τὸ
1323 2994 1496 3061 τίμιον
1527 2986 1847 3061 ὑποδέχεται

1995 2988 2324 3041 umebatur.
2368 2986 2723 3041 Procedente
2762 2992 2963 3041 autem
2996 2992 3277 3059 tempore,
3326 2990 3612 3062 templum

248 3088 424 3151 σῶμα,
455 3083 799 3153 φανερωτέρας
856 3087 944 3131 τοῦ
997 3080 1177 3132 λοιποῦ
1237 3081 1331 3140 τὰς
1387 3078 1571 3131 ἑαυτοῦ
1614 3083 1847 3152 παρέχον

2004 3088 2197 3145 uoque
2219 3075 2503 3130 excitatur
2531 3075 2795 3146 martyri,
2817 3080 2874 3129 et
2904 3074 3100 3147 ipsum
3118 3092 3337 3147 corpus
3369 3079 3612 3150 suscipit

244 3166 569 3241 ἕνεργασίας,
656 3174 745 3221 καὶ
830 3166 1097 3239 μηδέποτε
1174 3168 1331 3240 λῆγον
1387 3171 1523 3220 κατὰ
1596 3175 1848 3221 παντοίων

1992 3163 2391 3233 'enerandum,
2416 3163 2791 3236 apertissima
2831 3164 2904 3218 de
2936 3172 3148 3220 czetero
3176 3165 3488 3221 conferens
3511 3167 3609 3223 be-

245 3260 425 3311 παθῶν
478 3263 567 3310 καὶ
617 3264 781 3311 νόσων
835 3258 1126 3333 ἱστάμενον.
1184 3257 1359 3329 Ὀμως
1411 3260 1440 3317 ἠ
1488 3263 1573 3310 τὸν
1620 3258 1849 3318 ἀθλητὴν

1995 3253 2191 3317 ,eﬁcia,
2225 3252 2582 3309 etresistens
2608 3254 2889 3308 omnibus
2924 3254 3151 3309 morbis
3191 3260 3246 3310 et
3279 3256 3451 3310 vitiis.
3512 3258 3612 3313 Illa

245 3352 466 3421 πρώτως
498 3347 640 3400 οἰκία
685 3346 1093 3421 ξενοδοχήσασα
1122 3357 1216 3410 τῆς
1246 3349 1396 3419 ἁγίας
1444 3348 1642 3411 ἐκείνης
1670 3355 1849 3422 χειρὸς

1990 3358 2159 3399 amen
2173 3342 2314 3398 dom
2325 3359 2554 3413 us,quae
2574 3342 2852 3398 athletam
2871 3343 3067 3411 primo
3089 3345 3314 3417 accepit
3329 3345 3607 3417 hospitio,

246 3436 461 3489 πλουτεῖ
485 3440 570 3489 τὸν
600 3436 877 3512 ἀντίχειρα
904 3443 993 3491 καὶ
1024 3442 1217 3496 ταύτην
1252 3436 1566 3499 ἰδιάζουσαν
1587 3442 1749 3511 χάριν
1779 3448 1850 3511 τῷ

1993 3433 2180 3489 .itatur
2205 3432 2418 3504 pollice
2450 3448 2634 3487 sacrae
2664 3432 2820 3487 illius
2853 3449 3089 3497 manus,
3121 3433 3281 3489 hanc
3304 3438 3610 3507 propriam

250 3526 380 3598 φίλῳ
435 3533 683 3599 Μαριανῷ
730 3533 963 3588 Νικήτας
1015 3530 1040 3579 ό
1078 3528 1231 3589 καλὸς
1282 3524 1500 3591 δίδωσι,
1544 3534 1632 3580 καὶ
1680 3529 1853 3601 φιλίας

1992 3523 2213 3587 :ratiam
2244 3522 2437 3576 amico
2466 3520 2731 3575 Mariano
2764 3521 2867 3576 dat
2899 3521 2991 3577 ille
3031 3523 3303 3593 egregius
3349 3524 3609 3591 Nicetus,

251 3614 443 3676 ἕκεῖνος
497 3622 681 3688 νόμους
748 3622 837 3669 καὶ
889 3618 1055 3680 ξενίας
1130 3626 1291 3690 τιμῶν
1348 3619 1468 3691 ὅπερ
1527 3615 1700 3670 οὐδενί
1752 3638 1853 3670 τινι

1995 3626 2265 3666 ιοηοτεωε
2300 3610 2566 3664 amicitiae
2624 3608 2785 3678 leges
2836 3616 2891 3664 et
2948 3610 3382 3680 hospitalitatis.
3442 3615 3612 3678 Quod

252 3704 389 3775 ἄλλῳ
432 3714 655 3764 ποιῆσαι
703 3715 1031 3780 παραχωρεῖ,
1069 3712 1157 3759 καὶ
1200 3710 1365 3777 τούτῳ
1406 3708 1552 3778 τάχα
1594 3710 1681 3758 τόν
1712 3707 1852 3779 φίλον

1995 3700 2207 3772 [uidem
2231 3697 2368 3753 nulli
2396 3698 2644 3752 aliisinit
2674 3698 2889 3765 facere,
2914 3699 2973 3752 in
3002 3700 3114 3753 hoc
3144 3716 3387 3772 quoque
3417 3703 3612 3757 amico

254 3790 514 3855 δοξάζων.
550 3799 648 3848 Καὶ
678 3798 778 3869 γὰρ
826 3796 1113 3861 Δῦξέντιος,
1146 3796 1200 3857 ὃς
1245 3804 1334 3856 τῆς
1363 3797 1630 3869 εἰρημένης
1660 3796 1854 3856 πόλεως

1998 3789 2213 3844 'loriam
2239 3788 2523 3842 tribuens.
2557 3787 2779 3841 Etenim
2816 3789 3143 3842 Auxentius
3170 3791 3306 3859 (11),
3346 3791 3449 3861 qui
3490 3795 3615 3846 erat

251 3884 536 3944 ἐπίσκοπος
564 3880 650 3947 ἦν,
692 3883 1044 3957 ἐπιχειρήσας
1072 3884 1389 3959 ἀπομερίσαι
1419 3905 1469 3936 τι
1496 3893 1585 3937 τοῦ
1615 3891 1853 3956 σώματος

1997 3881 2138 3933 ιίοῐω
2164 3877 2410 3933 civitatis
2437 3877 2935 3948 episcopus,cum
2958 3891 3279 3946 aggressus
3312 3882 3467 3933 esset
3486 3880 3614 3949 ejus

250 3977 340 4023 καὶ
367 3970 561 4036 λαϐεῖν,
596 3973 766 4045 εῖληφε
790 3977 880 4045 μὲν
912 3971 1083 4041 οὐδὲν,
1131 3976 1197 4025 ὧν
1229 3974 1417 4047 ἐξῄτει,
1446 3974 1590 4028 ἔλαϐε
1631 3972 1689 4027 δι
1716 3972 1851 4040 δέος,

2001 3967 2226 4039 orporis
2260 3966 2486 4037 aliquid
2511 3966 2771 4021 dividere
2803 3970 2861 4021 et
2882 3966 3173 4038 accipere,
3206 3967 3613 4038 nihilquidem

250 4065 367 4113 οὔτε
398 4066 585 4134 μικρὸν
613 4059 727 4114 οὐδ’
755 4063 866 4114 ὅλον
900 4062 1173 4138 ἀνέκφορον
1214 4072 1383 4136 μεῖναι
1408 4070 1497 4116 καὶ
1522 4065 1713 4129 λαϐεῖν,
1748 4063 1853 4116 ἀλλ’

1998 4059 2192 4130 ccepit
2217 4073 2447 4121 eorum,
2481 4072 2610 4127 quae
2635 4055 2908 4111 volebat:
2940 4072 3077 4110 eum
3100 4064 3300 4112 autem
3337 4073 3456 4112 non
3484 4074 3615 4129 par-

250 4152 384 4203 ὦστε
417 4156 506 4202 καὶ
557 4152 715 4204 αὑτοῦ
760 4156 853 4209 τὴν
897 4152 1083 4225 ψυχὴν
1131 4153 1245 4204 λίαν
1283 4156 1716 4219 κατασεισθῆναι,
1766 4158 1855 4206 καὶ

1996 4164 2073 4203 us
2104 4148 2316 4203 invasit
2345 4154 2557 4212 metus,
2590 4161 2697 4200 nec
2728 4146 3050 4217 ejusmodi,
3094 4153 3296 4202 utnon
3330 4148 3389 4202 in
3445 4164 3613 4220 aper-

250 4235 579 4292 διδάσκαλον
624 4248 732 4303 τοῖς
780 4240 952 4302 ἄλλοις
1009 4244 1243 4312 γενέσθαι
1287 4243 1363 4304 οἷς
1413 4260 1467 4294 τε
1514 4238 1619 4294 εἶδε
1657 4248 1745 4293 καὶ
1778 4244 1855 4304 οἷς

1998 4254 2090 4293 um
2120 4236 2402 4309 prodiret,
2437 4239 2541 4291 aut
2570 4235 2795 4299 lateret,
2850 4236 2958 4289 sed
3007 4251 3128 4306 quo
3183 4236 3313 4306 ejus
3372 4253 3615 4311 quoque

251 4330 410 4391 αὐτὸς
440 4326 841 4401 ἕξεδειματώθη,
875 4327 1077 4402 μηδένα
1112 4334 1168 4381 τὸ
1198 4331 1375 4381 λοιπὸν
1405 4339 1563 4405 χεῖρα
1592 4332 1854 4404 τολμηρὰν

1998 4328 2170 4383 nima
2195 4326 2370 4381 fuerit
2396 4325 2564 4381 valde
2582 4325 2886 4395 agitata,et
2909 4324 3059 4379 alios
3091 4324 3363 4381 docuerit
3393 4326 3462 4382 iis
3482 4344 3615 4399 quas

248 4423 553 4491 προτείνειν,
587 4416 723 4491 μηδὲ
754 4424 904 4494 μέρος
938 4439 987 4472 τι
1018 4428 1109 4473 τοῦ
1138 4428 1373 4493 σώματος
1398 4425 1541 4495 παρὰ
1569 4428 1776 4494 γνώμην
1801 4422 1853 4473 ὃν

1999 4416 2194 4481 'idit,et
2226 4421 2587 4488 terrore,quo
2602 4419 2685 4470 est
2704 4413 2974 4479 affectus,
3011 4418 3070 4469 ut
3109 4430 3287 4469 nemo
3338 4415 3616 4488 deinceps

252 4464 553 4491 ’“Γ’“’“””’
587 4464 723 4491 r'""
754 4464 903 4494 r'r"
946 4464 987 4472 "
1026 4464 1105 4473 "'
1140 4464 1373 4493 '"r'm"
1402 4464 1541 4495 ""I’"
1575 4464 1772 4494 Ι’“Τ”’¹’
1802 4464 1849 4473 ’⁷

251 4510 391 4581 αὐτῷ
416 4515 722 4582 παρασπᾴν.

2007 4464 2193 4481 mu.--
2228 4464 2974 4488 -------,1_--—-——-—-—-.
3017 4464 3070 4469 --
3110 4464 3281 4469 ---ν
3342 4464 3614 4488 "mur-

1997 4524 2217 4564 nanum
2249 4508 2537 4563 audacem
2578 4506 2917 4577 porrigeret,
2951 4520 3144 4577 neque
3167 4504 3351 4560 ullam
3385 4512 3614 4577 partem

1968 4598 2096 4668 ejus
2130 4595 2410 4667 corporis,
2445 4611 2583 4651 cum
2610 4600 2998 4665 essetpraater
3029 4592 3217 4665 ipsius
3243 4597 3615 4663 sententiam,

1969 4685 2259 4743 evelleret.

326 4777 396 4831 Ζ’.
428 4776 603 4839 Ὀπως
645 4774 703 4829 δε
737 4776 925 4835 συνέϐη
962 4782 1018 4829 τὸ
1060 4774 1171 4839 δέος
1214 4783 1304 4830 καὶ
1336 4782 1446 4831 τίσι
1492 4778 1663 4851 λόγοις
1691 4782 1857 4851 εἶργε-

2038 4776 2158 4831 VII.
2192 4776 2464 4840 Quonam
2506 4774 2688 4830 modo
2719 4777 2918 4828 autem
2946 4778 3137 4828 metus
3175 4772 3273 4829 hic
3306 4773 3539 4839 accidit,
3564 4779 3622 4831 et

251 4884 336 4917 ται
386 4873 483 4926 τῆς
532 4864 930 4940 ἐπιχειρήσεως,
990 4868 1013 4917 ὁ
1070 4866 1221 4938 λόγος
1274 4864 1521 4925 δηλώσει.
1573 4870 1856 4925 Ἀνέστησε

2003 4866 2333 4937 ςιιὶὺυεοεεω
2362 4864 2557 4919 verbis
2588 4863 2913 4933 prohibitus
2943 4861 3136 4928 fuerit,
3166 4878 3238 4916 ne
3272 4863 3620 4931 aggredere-

246 4958 341 5026 μεν
386 4958 483 5030 γὰρ
521 4957 545 5007 ό
598 4955 914 5030 φιλόμαρτυς
955 4956 1099 5016 οὗτος
1147 4956 1424 5031 ἀρχιερεὺς
1471 4964 1578 5018 τοῖς
1626 4958 1852 5009 καλλινί-

1997 4972 2080 5021 ur,
2112 4954 2560 5027 explicabimus.
2591 4952 2873 5008 Excitavit
2900 4950 2995 5006 hic
3026 4951 3271 5024 quidem
3331 4952 3614 5024 pontifex,

246 5063 357 5104 κοις
387 5053 487 5096 τῶν
532 5048 809 5117 μαρτύρων
856 5048 995 5111 ναὸν,
1042 5048 1275 5118 Ταράχῲ
1304 5051 1357 5098 τέ
1389 5067 1522 5118 φημι
1564 5052 1653 5099 καὶ
1715 5052 1852 5121 Πρό-

2008 5045 2197 5102 micus
2229 5049 2584 5115 martyrum,
2627 5041 2919 5113 templum
2977 5040 3227 5097 victoria
3282 5040 3620 5109 insignibus

318 5240 441 5314 (10)
464 5239 712 5314 Additur
758 5240 815 5314 in
852 5241 1058 5295 Latina
1089 5242 1362 5314 versione
1398 5258 1409 5297 :
1454 5240 1538 5307 (Et
1592 5248 1733 5298 tunc
1765 5243 1848 5314 ip-
1960 5248 2017 5298 et
2043 5258 2166 5311 seq.
2200 5239 2323 5314 duo
2351 5238 2721 5314 reperiuntur
2760 5236 3050 5314 Auxentii,
3092 5252 3351 5314 quorum
3391 5238 3617 5308 primus

243 5327 377 5364 sum
402 5308 573 5386 ‘domi
606 5328 726 5366 suae
759 5312 1047 5386 deponit.)
1075 5312 1262 5367 Atilla
1295 5329 1418 5386 non
1442 5314 1660 5369 suntin
1701 5308 1849 5386 apo-
1961 5308 2169 5386 sancto
2200 5308 2662 5386 Niceta’videtur
2708 5308 2883 5386 paulo
2932 5308 3249 5386 antiquior,
3307 5316 3409 5363 aut
3460 5315 3615 5386 certe

244 5381 479 5452 grapho
512 5389 712 5437 nostro
751 5378 972 5438 Graeco.
1028 5378 1104 5437 Ex
1137 5385 1522 5454 sequentibus
1556 5378 1759 5440 tamen
1786 5387 1848 5440 li-
1960 5385 2155 5440 eidem
2186 5398 2304 5438 non
2337 5378 2753 5454 supervixisse.
2791 5380 2947 5454 Alter
2977 5378 3326 5454 Auientius,
3382 5381 3481 5454 qui
3546 5398 3617 5436 ex

242 5451 405 5525 que’t,
436 5454 493 5507 in
527 5456 757 5526 privata
784 5455 959 5509 domo
990 5451 1419 5526 corpus—fuisse
1447 5456 1729 5526 positum.
1958 5457 2102 5511 solis
2135 5455 2251 5509 fere
2283 5451 2581 5526 diptychis
2608 5451 3295 5526 _innotescit,secundum
3328 5452 3606 5508 ordinem

315 5526 362 5595 (1
377 5526 454 5605 i_)_
481 5522 542 5579 In
591 5525 874 5605 (latalogo
908 5522 1237 5605 antistitum
1280 5522 1843 5605 yojgs'uestenorum
1956 5527 2251 5605 ibi‘ﬁxum
2282 5522 2663 5605 sedit‘secul‘o
2694 5523 2933 5605 quinto.
2968 5522 3085 5578 Hoc
3116 5528 3318 5579 autem
3374 5530 3614 5598 tempus

240 5594 413 5670 apud
439 5594 887 5669 Lequien.,tom.
916 5598 962 5654 ll
984 5597 1243 5655 Orientis
1266 5594 1844 5669 Chr‘istiani,col.890
1956 5598 2100 5657 satis
2126 5596 2404 5669 congruit
2431 5595 2530 5651 hic
2562 5594 2784 5651 relatis.
