4096 6220
571 266 668 319 711

1894 256 2152 321 MENSIS
2193 256 2641 320 SEPTEMBER.
3795 260 3885 323 ιιι

569 386 948 458 martyribus,
977 387 1266 452 Taracho,
1325 387 1515 440 Probo
1573 393 1627 441 et
1684 389 2022 444 Andronico
2077 392 2204 461 (12).

2322 409 2390 459 τῳ
2417 394 2504 440 καὶ
2535 386 2875 461 Ἀνδρονίκῳ,
2918 389 2972 450 ὃς
3020 395 3108 441 καὶ
3152 392 3252 462 πρὸ
3307 396 3403 439 τῶν
3448 396 3633 458 τειχῶν
3684 397 3768 452 τῆς
3818 398 3892 445 πό-

568 477 731 547 quod
762 478 1020 548 p0situm
1049 482 1135 529 est
1157 482 1292 529 ante
1326 492 1528 530 muros
1547 478 1799 531 civitatis
1823 480 2212 548 Μορειιιιδιὶιε.

570 567 717 619 Cum
750 572 948 620 autem
991 566 1255 637 ipsorum
1290 570 1633 619 sanctorum
1672 569 1721 619 ei
1762 569 2038 623 deessent
2090 570 2216 623 reli-

568 656 724 726 quias
741 655 817 709 ad
840 656 1351 709 consecrationem
1375 656 1577 725 templi
1600 655 2002 719 aediﬁcati,eas
2018 667 2216 713 autem

570 742 1053 798 habereturbsilli
1078 745 1682 813 propinqua,nomine
1714 746 2219 818 Anazarba(13),ei

569 833 863 903 promissa
880 840 1042 903 parte
1066 834 1443 903 reliquiarum
1477 834 1658 901 hujus
1686 836 1952 903 praeclari
1985 838 2218 904 Nicetis,

569 922 800 975 illorum
843 926 1175 991 martyrum
1214 922 1429 992 accipit
1494 922 1797 992 reliquias.
1826 927 1970 980 Cum
2017 926 2218 997 itaque

568 1017 855 1080 oporteret
882 1009 1114 1081 impleri
1142 1010 1197 1063 id
1227 1010 1387 1081 quod
1417 1012 1780 1080 promissum
1810 1013 2018 1078 fuerat,
2044 1022 2097 1069 et
2132 1030 2217 1069 se-

563 1100 837 1170 pulcrum
866 1097 1071 1152 fuisset
1098 1097 1409 1163 effossum,
1444 1108 1500 1153 et
1534 1100 1801 1155 sublatus
1834 1110 1983 1157 esset
2042 1102 2215 1174 lapis,

566 1189 669 1259 qui
700 1189 889 1255 fuerat
917 1189 1527 1258 impositus,protinus
1550 1190 1793 1260 quidem
1828 1193 2219 1261 confringitur

564 1293 847 1343 marmor,
879 1277 1041 1332 nulla
1073 1281 1399 1349 apparenle
1430 1294 1613 1333 causa
1646 1296 1658 1333 :
1704 1287 1955 1352 apparet
2015 1287 2214 1337 autem

563 1370 859 1432 mortuus,
888 1366 1116 1421 habens
1176 1367 1448 1421 membra
1478 1367 1725 1422 honeste
1756 1370 2117 1440 composita,
2160 1377 2216 1425 et

565 1472 782 1527 corpus
808 1472 843 1510 a
870 1456 1049 1527 priori
1080 1471 1327 1527 corpore
1350 1455 1488 1510 nihil
1522 1456 1822 1512 differens.
1871 1462 2017 1514 Cum
2072 1475 2215 1529 ergo

563 1562 701 1601 eum
732 1551 1028 1617 oporteret
1059 1546 1326 1617 accipere
1366 1552 1591 1616 partem
1643 1549 1927 1618 corporis,
1981 1554 2031 1603 et
2072 1549 2213 1604 illud

564 1634 849 1706 tetigisset
878 1635 1254 1704 manusejus,
1283 1636 1383 1705 qui
1416 1636 1751 1706 sepulcrum
1778 1636 2065 1693 eﬁ‘oderat
2096 1638 2214 1706 (hic

2323 478 2444 537 λεως
2503 475 2669 536 τῆσδε
2722 479 3085 548 Μοψουεστίας
3136 475 3369 549 ῖδρυται.
3415 477 3556 529 Ἐπεὶ
3606 474 3660 529 δε
3703 487 3782 531 xui
3808 482 3891 533 λειο

2324 566 2498 636 ψάνων
2541 564 2706 618 ἐδεῖτο
2750 576 2848 618 τῶν
2897 568 3063 619 αὐτων
3112 568 3274 638 ἁγίων
3340 566 3421 618 ἰπὶ
3485 570 3779 638 καθιερώσει
3818 579 3894 621 τοῦ

2326 652 2757 726 οἰκοδομηθέντος
2822 664 2964 719 ναοῦ,
3035 654 3266 707 ἐπλούτει
3324 652 3382 706 δὲ
3429 663 3593 706 ταῦτα
3648 657 3676 713 ἠ
3737 664 3893 726 γείτων

2326 747 2521 804 ἐκείνης
2574 745 2719 806 πόλις
2773 744 3087 818 Ἀνάζαρϐα,
3147 744 3425 814 ἐπαγγελίᾳ
3494 743 3733 812 λειψάνου
3786 764 3893 813 μαρ-

2330 840 2560 905 τυρικοῦ,
2616 838 2891 907 μαρτύρων
2944 834 3191 906 λαμϐάνει
3244 833 3482 903 λείψανα,
3544 837 3629 884 καὶ
3685 834 3896 903 ὑποσχόο

2325 942 2468 993 μενος
2520 923 2702 973 δουναι
2744 926 2950 980 Νικήτα
3000 944 3089 974 του
3146 920 3370 997 φαιδροῦ
3418 918 3613 994 μερίδα
3654 932 3745 973 των
3783 922 3894 992 εἰρη-

2326 1017 2485 1083 μένων
2544 1012 2932 1083 ἀνακομίζεται,
3002 1013 3090 1074 Ὠς
3148 1010 3234 1063 οὖν
3308 1011 3411 1064 ἔδει
3492 1012 3808 1083 πληροῦσθαι
3848 1018 3893 1062 τό

2327 1101 2721 1172 ἐπηγγελμένον,
2772 1108 2861 1153 καὶ
2906 1104 2930 1152 ό
2978 1104 3132 1173 τάφος
3178 1100 3464 1175 ἂνώρυκτο,
3532 1105 3619 1152 καὶ
3658 1102 3681 1151 6
3728 1104 3891 1151 ἐπικεί-

2325 1210 2466 1262 μενος
2514 1190 2741 1263 ὰνῄρητο
2785 1191 2946 1257 λίθος,
3000 1194 3241 1265 θραύεται
3300 1193 3390 1262 μεν
3436 1190 3589 1251 εὐθύς
3639 1191 3667 1247 ἡ
3718 1193 3893 1263 μάρμα·

2324 1300 2413 1353 ρος
2462 1282 2583 1352 παρ’
2633 1278 2880 1351 οὐδεμίαν
2932 1278 3124 1351 ἐμφανῆ
3172 1281 3343 1331 αἰτίαν
3376 1296 3389 1309 ⁸
3438 1278 3759 1351 ἀναφαίνεται
3799 1275 3891 1329 διὸ

2323 1373 2511 1443 νεκρός,
2566 1372 2702 1440 ἔχων
2750 1388 2802 1420 τε
2856 1372 2919 1421 τὰ
2971 1370 3097 1441 μέλη
3142 1371 3278 1420 κατὰ
3319 1377 3514 1440 σχῆμα
3562 1372 3777 1439 κείμενα,
3821 1372 3889 1417 καὶ

2322 1462 2379 1509 1'6
2439 1467 2610 1529 σῶμα,
2668 1455 2818 1509 οὐδὲν
2858 1466 2949 1509 τοῦ
2997 1461 3248 1531 προτέρου
3304 1460 3511 1530 χρωτός
3548 1455 3889 1530 παραλλάττον.

2324 1548 2461 1599 Ἐπεὶ
2510 1543 2595 1598 οὖν
2647 1552 2735 1598 καὶ
2784 1546 3058 1618 λαμϐάνειν
3103 1546 3267 1621 ἐχρῆν
3315 1552 3466 1619 μέρος
3516 1553 3606 1596 τοῦ
3665 1550 3887 1617 σώματος,

2321 1641 2409 1687 καὶ
2440 1639 2468 1693 η
2503 1642 2623 1708 χεὶρ
2670 1638 2858 1694 ἦπτετο
2890 1644 2981 1687 τοῦ
3015 1639 3099 1686 τόν
3140 1638 3297 1705 τάφον
3345 1634 3648 1709 ὀρύξαντος,
3681 1633 3887 1701 (ἐνταῦθα

562 1724 709 1778 mihi
742 1724 1168 1777 attendendum
1197 1724 1303 1793 est)
1338 1722 1476 1776 nihil
1518 1724 1763 1795 quidem
1788 1743 1857 1781 ea
1886 1726 2119 1797 accipit,
2154 1728 2204 1780 fit

2325 1745 2411 1797 μοι
2470 1729 2778 1797 προσεκτέον
2836 1728 2921 1776 τὸν
2974 1725 3112 1795 νοῦν)
3157 1724 3405 1796 λαμϐάνει
3465 1727 3554 1795 μεν
3612 1725 3707 1797 γὰρ
3746 1718 3886 1785 οὐδὲν,

562 1820 755 1867 autem
789 1829 922 1867 mox
940 1812 1123 1876 arida,
1155 1818 1467 1883 metusque
1490 1819 1545 1867 et
1569 1820 1787 1868 tremor
1820 1817 2016 1871 statim
2052 1817 2217 1871 inva-

560 1904 645 1956 dit
682 1918 820 1956 eum
861 1902 965 1973 qui
1027 1902 1085 1955 id
1153 1918 1332 1955 ausus
1401 1903 1604 1956 fuerat.
1668 1904 1889 1958 Deinde
1946 1906 2011 1961 fit
2046 1912 2214 1960 terrae

560 2000 782 2056 motus,
807 1998 863 2045 et
894 2000 1216 2060 erumpunt
1240 1992 1515 2057 tonitrua,
1546 1999 1600 2043 et
1628 1992 1959 2062 frequentia
1991 1995 2215 2049 micant

561 2079 819 2147 fulgura,
854 2078 942 2143 iis,
978 2078 1073 2149 qui
1106 2078 1372 2139 aderant,
1406 2077 1714 2135 afferentia
1746 2088 1970 2136 metum
2004 2082 2216 2137 intole-

561 2168 833 2223 rabilem.

630 2258 765 2311 Vlll.
799 2256 968 2321 Quod
990 2256 1234 2327 quidem
1266 2272 1403 2310 cum
1434 2264 1854 2313 sacrosanctus
1890 2260 2216 2332 aspexisset

559 2345 885 2400 Auxentius
914 2347 1080 2415 (satis
1111 2346 1268 2399 enim
1299 2345 1835 2419 intelligebat,quid
1871 2349 2213 2420 Deussigni'

558 2434 806 2505 ﬁcaret),
839 2435 966 2505 ejus
996 2434 1260 2505 quidem,
1294 2435 1393 2506 qui
1438 2452 1651 2506 passus
1704 2436 1909 2499 fuerat,
1968 2456 2213 2494 manum

559 2526 791 2581 aridam
824 2524 1066 2579 adducit
1092 2524 1159 2578 ad
1196 2524 1495 2595 reliquias,
1532 2542 1651 2580 non
1688 2533 1747 2580 ut
1777 2544 1982 2583 rursus
2013 2529 2211 2599 alquid

560 2620 960 2685 accepturam,
995 2614 1097 2667 sed
1122 2614 1318 2684 potius
1350 2619 1410 2669 ut
1439 2615 1609 2669 tacite
1633 2617 1951 2687 petituram
1980 2620 2211 2674 veniam

557 2704 845 2767 audaciae,
880 2709 933 2757 et
962 2708 1420 2758 consecuturam
1461 2706 1851 2759 curationem.
1888 2709 1979 2762 Est
2031 2710 2210 2775 enim,

558 2795 815 2861 dicebat,
855 2792 980 2858 tibi,
1038 2809 1073 2847 ο
1123 2799 1340 2859 sancte,
1402 2794 1585 2848 multo
1638 2795 1887 2862 facilius,
1941 2813 2075 2851 cum
2131 2797 2212 2850 sis

556 2884 746 2938 bonus
777 2886 833 2937 et
859 2882 998 2935 boni
1029 2882 1310 2944 imitator,
1346 2898 1553 2936 curare
1587 2900 1763 2951 quam
1798 2883 2002 2939 laedere
2034 2902 2047 2938 :
2077 2890 2134 2939 et
2164 2886 2211 2939 si

559 2973 703 3026 illud
762 2970 850 3024 vel
907 2970 1115 3024 nolens
1176 2970 1508 3039 praebuisti,
1558 2972 1865 3040 quomodo
1915 2990 2032 3027 non
2096 2974 2211 3029 hoc

557 3060 750 3129 magis
774 3059 947 3112 dabis
976 3059 1144 3111 extui
1170 3058 1351 3111 animi
1385 3057 1719 3113 sentencia?
1738 3062 1979 3115 Curatur
2008 3062 2205 3133 itaque
2242 3095 2281 3148 Ο

556 3148 767 3203 affecta
790 3162 1026 3212 manus,
1060 3150 1114 3199 et
1144 3145 1421 3211 praedicat
1448 3145 1723 3199 virtutem
1774 3150 1831 3200 et
1888 3149 2208 3204 bonitatem

554 3237 704 3307 ejus,
731 3236 1174 3307 quicuraverat,
1196 3232 1356 3287 illam
1384 3235 1627 3305 quidem
1643 3234 1716 3289 ob
1735 3238 2207 3309 castigationem,

554 3327 711 3382 hanc
742 3341 877 3379 vero
903 3326 981 3378 ob
1002 3322 1373 3377 sanationem
1408 3328 1544 3394 post
1576 3326 1943 3393 agnitionem
1974 3330 2207 3383 erroris.

552 3416 769 3469 Deinde
803 3429 941 3468 vero
965 3412 1245 3482 pontifex,
1272 3428 1406 3466 cum
1440 3429 1677 3467 sacrum
1710 3415 1842 3485 ejus
1867 3417 2207 3487 sepulcrum

549 3505 902 3560 honorasset
922 3501 1155 3572 hymnis
1184 3508 1240 3556 et
1265 3501 1867 3570 gloriﬁcationibus,ei
1899 3506 2208 3576 pristinam

549 3594 806 3662 ﬁguram
841 3591 1109 3657 restituit,
1144 3590 1311 3645 nulla
1342 3590 1399 3645 in
1442 3607 1502 3645 re
1536 3600 1787 3661 mutato,
1818 3594 1931 3648 nisi
1959 3596 2123 3666 quod
2148 3612 2208 3650 se

552 3683 815 3739 habebat
839 3682 1052 3737 melius
1094 3686 1149 3735 et
1189 3679 1518 3734 honestius.
1573 3681 1665 3737 Sic
1724 3683 2010 3751 gloriﬁcat
2054 3688 2204 3740 Deus

547 3790 670 3843 eos,
702 3773 798 3845 qui
824 3772 1021 3843 ipsum
1048 3770 1383 3840 gloriﬁcant
1408 3786 1421 3836 ;
1457 3772 1541 3825 sic
1562 3772 1907 3840 magniﬁcat
1944 3790 2064 3841 eos,
2094 3776 2197 3846 qui

549 3864 746 3935 ipsum
790 3860 1203 3929 magniﬁcant.
1234 3861 1362 3914 Non
1395 3861 1743 3915 universum
1776 3861 1871 3916 hic
1928 3864 2162 3918 donans
2192 3881 2206 3931 ;

547 3954 798 4008 minime
833 3969 845 4006 :
879 3950 981 4004 sed
1014 3966 1085 4004 ex
1117 3950 1207 4004 his
1266 3948 1466 4004 futura
1498 3950 1765 4021 praebens
1810 3953 2205 4022 conjicienda.

545 4046 691 4098 Nam
721 4056 855 4114 quae
889 4041 979 4094 hic
1002 4040 1244 4106 dantur,
1273 4039 1383 4092 etsi
1417 4038 1567 4093 inter
1591 4040 1799 4094 omnia
1826 4042 2065 4097 sensilia
2093 4043 2208 4099 sint

546 4132 1063 4204 praestantissima,
1119 4127 1368 4183 auribus
1404 4134 1602 4182 tamen
1656 4130 2088 4198 significantur,
2149 4135 2207 4186 et

551 4221 741 4278 oculis
772 4218 1385 4290 comprehenduntur.
1423 4220 1560 4283 Quae
1591 4224 1785 4274 autem
1836 4219 1952 4275 illic
1984 4223 2204 4277 sanctis

547 4315 814 4373 manent,
839 4325 1027 4380 neque
1055 4307 1264 4363 oculus
1324 4308 1486 4371 vidit,
1531 4324 1719 4379 neque
1758 4310 1918 4363 auris
1959 4311 2201 4377 audivit,

552 4416 747 4472 neque
777 4399 835 4453 in
866 4415 967 4454 cor
992 4397 1251 4453 hominis
1269 4398 1858 4453 ascenderunt.Talia
1876 4400 2036 4454 enim
2062 4408 2203 4457 sunt

541 4496 604 4546 ut
632 4489 973 4555 didicimus,
1005 4504 1140 4560 quas
1169 4486 1336 4542 aDeo
1367 4490 1579 4557 parata
1609 4492 1747 4542 sunt
1775 4488 1843 4542 iis
1865 4489 1966 4560 qui
1996 4491 2196 4560 ipsum

539 4579 811 4650 diligunt.
843 4579 983 4643 Quae
1005 4582 1177 4632 detur
1202 4576 1373 4631 nobis
1400 4578 1677 4631 omnibus
1699 4580 1974 4649 consequi
2003 4582 2196 4649 gratia

536 4675 595 4726 et
638 4668 1004 4739 benignitate
1066 4666 1300 4721 Domini
1358 4666 1543 4720 nostri
1599 4668 1736 4721 Jesu
1806 4667 2033 4737 Christi,
2096 4670 2193 4725 cui

536 4760 727 4830 gloria
756 4765 811 4813 et
836 4756 1099 4830 potentia
1130 4758 1187 4810 in
1230 4755 1451 4809 saecula
1481 4756 1831 4811 saeculorum
1872 4761 2082 4814 Amen.

605 4940 718 5013 (12)
774 4937 1052 5013 Praeclari
1082 4936 1142 4991 hi
1166 4940 1487 5013 martyres,
1558 4935 1660 5013 qui
1716 4937 1875 5013 passi
1940 4944 2076 5013 sunt
2129 4938 2186 5013 in

531 5008 750 5073 Cilicia,
829 5008 1559 5088 colunturlegunturque
1638 5008 1696 5061 in
1763 5008 2186 5088 Martyrologio

531 5088 803 5140 Romano
831 5085 908 5137 ad
941 5097 995 5134 ιιι
1035 5081 1317 5144 Octobris,
1378 5079 1477 5132 ubi
1528 5096 1734 5133 eorum
1787 5079 1991 5135 danda
2047 5086 2186 5136 sunt

530 5161 695 5212 Acta.

600 5228 711 5298 (13)
746 5223 1082 5298 Anazarba,
1110 5222 1253 5277 alias
1295 5221 1651 5298 Apazai‘bus,
1697 5221 1954 5298 subinde.
2002 5222 2181 5277 etiam

528 5293 985 5353 dicta'Ciesarea
1012 5296 1087 5351 ad
1120 5294 1514 5355 Anazarbum,
1551 5299 1815 5347 montem
1847 5293 2183 5361 vicinum,a

524 5386 648 5443 quo
678 5386 898 5425 nomen
932 5368 1177 5424 traxisse
1209 5367 1483 5434 creditur,
1517 5366 1576 5420 in
1617 5364 1908 5421 divisione
1968 5363 2183 5421 Ciliciae

2324 1820 2521 1884 γίνεται
2574 1812 2632 1866 δὲ
2702 1822 3035 1886 παραχρῆμα
3102 1813 3256 1887 ξηρὰ,
3313 1818 3402 1865 καὶ
3461 1810 3579 1873 δέος
3631 1813 3771 1873 εὐθὺς
3818 1814 3889 1860 καὶ

2326 1910 2513 1976 τρόμος
2554 1901 2664 1974 εἶχε
2708 1907 2792 1954 τὸν
2842 1904 3123 1974 τολμητὴν.
3176 1901 3303 1957 Εἶτα
3355 1907 3576 1974 σεισμός
3623 1900 3887 1971 ἐπιγίνεται,

2325 1999 2412 2044 καὶ
2467 1992 2683 2066 βρονταὶ
2749 1992 3221 2066 καταρρηγνύνται,
3278 1996 3365 2042 καὶ
3426 1990 3703 2065 ἀστραπῶν
3777 1988 3889 2049 ἐξάλ-

2324 2102 2464 2153 ματα
2496 2090 2716 2152 συνεχῆ,
2752 2080 2903 2153 φόϐον
2932 2080 3244 2152 ἐμϐάλλοντα
3269 2088 3376 2141 τοῖς
3398 2088 3657 2153 παροῦσιν
3686 2078 3739 2130 ού
3760 2096 3891 2150 φορη-

2326 2176 2437 2226 τόν.

2399 2259 2477 2311 Η’.
2540 2259 2698 2331 Ἃπερ
2734 2262 2758 2310 ό
2809 2262 2942 2334 ἱερὸς
3001 2259 3266 2321 Αύξέντιος
3317 2260 3649 2330 θεασάμενος,
3698 2254 3775 2326 (ἦν
3807 2256 3886 2325 γὰρ

2326 2356 2413 2401 καὶ
2468 2352 2613 2401 θείων
2665 2352 2981 2421 μηνυμάτων
3040 2349 3131 2400 οὐκ
3186 2348 3416 2419 ἀμαθὴς)
3472 2353 3566 2405 τὴν
3610 2350 3694 2418 μεν
3732 2349 3883 2417 ξηραν-

2328 2442 2503 2491 θεῖσαν
2550 2446 2707 2511 χεῑρα
2759 2448 2849 2490 τοῦ
2900 2440 3148 2498 παθόντος
3191 2439 3449 2510 προσάγει
3496 2445 3605 2496 τοῖς
3642 2434 3883 2505 λειψάνοις,

2326 2529 2429 2600 ούχ
2489 2532 2557 2589 ὡς
2603 2524 2753 2590 αὖθις
2799 2532 2861 2579 τὰ
2914 2526 3230 2598 ληψομένην,
3296 2526 3401 2577 ἀλλ’
3464 2529 3528 2586 ὡς
3577 2525 3883 2592 αἰτησομένην

2324 2618 2515 2689 μᾶλλον
2590 2617 2885 2688 ἁφθέγκτως
2955 2622 3271 2687 συγγνώμης
3343 2616 3473 2689 ὑπὲρ
3548 2622 3636 2673 τῆς
3703 2611 3884 2681 τόλμης,

2323 2712 2411 2758 καὶ
2458 2706 2761 2778 τευξομένην
2819 2714 2912 2765 τῆς
2964 2708 3253 2779 θεραπείας.
3306 2704 3484 2774 Πολλῷ
3536 2707 3635 2776 γάρ
3688 2722 3739 2753 σε
3763 2701 3879 2774 ῥᾷον,

2324 2797 2504 2865 ἔλεγεν,
2559 2795 2752 2866 ἀγαθόν
2798 2799 2939 2859 ὄντα,
2990 2799 3077 2845 καὶ
3131 2803 3222 2845 τοῦ
3282 2795 3484 2863 αγαθοῦ
3532 2797 3771 2865 μιμητὴν,
3812 2796 3882 2838 τοῦ

2324 2885 2525 2956 βλάψαι
2574 2890 2629 2937 τὸ
2686 2888 3001 2957 θεραπεῦσαι
3035 2901 3046 2912 ·
3090 2889 3179 2935 καὶ
3227 2882 3384 2934 ἐκεῖνο
3440 2886 3676 2955 παρέσχε
3715 2884 3791 2930 καὶ
3823 2881 3877 2948 μὲ

2323 2973 2651 3045 βουλόμενος,
2712 2982 2816 3033 πῶς
2868 2973 2994 3044 ούχὶ
3054 2971 3242 3044 μᾶλλον
3311 2980 3466 3023 τοῦτο
3524 2973 3655 3022 κατά
3706 2976 3879 3039 γνώμην

2325 3061 2511 3125 δώσεις
2542 3080 2553 3123 ;
2589 3064 2753 3116 ’ἰᾶται
2802 3070 3077 3134 τοιγαροῦν
3124 3063 3153 3119 ἡ
3213 3063 3463 3113 παθοῦσα
3511 3064 3653 3133 χεὶρ,
3696 3062 3774 3109 καὶ
3806 3060 3879 3110 κή-

2318 3153 2415 3224 ρυξ
2468 3158 2661 3222 γίνεται
2720 3162 2810 3213 τῆς
2868 3158 2957 3203 τοῦ
3013 3151 3292 3221 ἰασαμένου
3364 3155 3457 3201 καὶ
3514 3146 3767 3219 δυνάμεως
3807 3146 3875 3193 καὶ

2318 3248 2685 3314 χρηστότητος
2717 3244 2773 3292 τό
2806 3245 2894 3312 μεν
2928 3239 3027 3291 ἀπὸ
3075 3248 3164 3300 τῆς
3195 3236 3463 3304 παιδείας,
3497 3242 3553 3289 τό
3598 3234 3654 3289 δε
3684 3235 3773 3286 ἀπὸ
3807 3239 3875 3287 τῆς

2318 3333 2445 3401 μετὰ
2500 3336 2591 3388 τὴν
2654 3330 2929 3401 ἐπίγνωσιν
3000 3338 3089 3380 τοῦ
3146 3329 3441 3401 σφάλματος
3494 3330 3768 3395 θεραπείας.
3822 3321 3873 3370 Τό

2317 3418 2492 3470 λοιπόν
2520 3424 2688 3470 τοίνυν
2715 3421 2739 3470 ὁ
2774 3418 3049 3491 ἀρχιερεύς
3093 3422 3177 3469 τὸν
3212 3419 3344 3489 ἱερὸν
3388 3419 3550 3489 τάφον
3583 3412 3876 3481 δσξολογίαις

2318 3528 2371 3559 τε
2400 3514 2488 3559 καὶ
2531 3508 2712 3580 ὕμνοις
2754 3513 3003 3579 τιμήσας,
3054 3510 3110 3559 1'6
3143 3510 3367 3580 ἀρχαῖον
3418 3500 3714 3557 ἀποδίδωσι
3762 3498 3873 3563 αὐτῷ

2322 3606 2532 3669 σχῆμα,
2583 3606 2655 3667 τῷ
2707 3601 3038 3668 κοσμιωτέρῳ
3068 3602 3205 3668 μόνῳ
3231 3600 3323 3653 τὴν
3354 3596 3688 3667 παραλλαγὴν
3712 3592 3872 3661 ἔχοντι·

2320 3688 2470 3737 Ούτω
2503 3684 2715 3748 δοξάζει
2742 3690 2866 3746 Θεός
2892 3688 3005 3745 τούς
3036 3686 3191 3737 αὐτὸν
3224 3682 3467 3746 δοξάζειν
3499 3682 3836 3756 προελομένους
3864 3688 3871 3699 ’

2318 3778 2452 3828 οὕτω
2514 3777 2781 3848 μεγαλύνει
2834 3778 2950 3834 τοὺς
2998 3774 3376 3845 μεγαλύνοντας
3428 3791 3441 3803 ⁸
3478 3774 3537 3825 ού
3584 3775 3639 3823 τό
3685 3774 3773 3821 πᾶν
3818 3762 3875 3813 ἕν-

2318 3868 2485 3919 ταῦθα
2539 3863 2742 3930 διδούς,
2797 3864 3041 3936 οὐμενοῦν
3074 3881 3086 3893 ’
3118 3862 3243 3914 ἀλλὰ
3296 3866 3360 3914 τὰ
3414 3862 3659 3935 μέλλοντα
3702 3859 3874 3912 τούτοις

2316 3958 2690 4029 τεκμαίρεσθαι
2748 3960 3123 4027 παρεχόμενος.
3174 3955 3252 4005 Τὰ
3319 3951 3423 4025 γὰρ
3514 3951 3739 4011 ἐνταῦθα,
3797 3947 3873 3995 σύν

2317 4052 2419 4103 τοῖς
2463 4046 2732 4103 αἰσθητοῖς
2780 4042 2947 4095 ἅπασι
2994 4062 3052 4093 το
3092 4041 3346 4113 ἐξαίρετον
3410 4044 3532 4113 ἔχη,
3565 4038 3666 4090 ἀλλ’
3698 4031 3775 4088 οὖν
3800 4036 3872 4083 xui

2317 4134 2442 4207 ἀκοῇ
2487 4132 2757 4197 δηλοῦται,
2800 4138 2887 4184 καὶ
2922 4132 3033 4203 ὄψει
3085 4130 3536 4204 καταλαμϐάνεται
3583 4146 3595 4159 °
3628 4130 3651 4180 6
3682 4123 3735 4178 δι
3774 4126 3873 4180 τοὺς

2315 4224 2485 4296 ἁγίους
2557 4222 2659 4275 ἐκεῖ
2729 4226 3008 4297 περιμένει,
3063 4221 3178 4273 οὔτε
3253 4220 3516 4292 ὀφθαλμὸς
3595 4214 3736 4279 εἶδεν,
3800 4215 3871 4263 καὶ

2313 4310 2396 4373 οὖς
2434 4313 2527 4365 οῦκ
2558 4316 2769 4375 ἤκουσε,
2816 4313 2929 4364 οὔτε
2961 4312 3031 4372 εἰς
3076 4310 3401 4382 ἀνθρωπίνην
3450 4307 3599 4365 ἀνέϐη
3656 4298 3867 4375 καρδίαν.

2311 4409 2536 4455 Τοιαῦτα
2574 4404 2673 4475 γὰρ
2702 4404 2767 4462 ὡς
2805 4400 3055 4472 ἐμάθομεν
3082 4402 3147 4451 τὰ
3177 4402 3306 4471 πρὸς
3336 4406 3474 4450 Θεοῦ
3501 4405 3601 4456 τοῖς
3632 4394 3870 4465 ἀγαπῶσιν

2311 4492 2463 4543 αὐτόν
2495 4494 2973 4562 τεθησαυρισμένα,
3028 4493 3125 4540 Ὧν
3172 4493 3370 4558 γένοιτο
3401 4490 3595 4547 πάντας
3624 4486 3747 4554 ἡμᾶς
3774 4479 3867 4531 ἐπι·

2310 4588 2490 4653 τυχεῖν
2521 4584 2705 4652 χάριτι
2739 4585 2828 4631 καὶ
2859 4578 3216 4651 φιλανθρωπίᾳ
3246 4586 3336 4629 τοῦ
3375 4581 3565 4647 Κυρίου
3597 4577 3730 4645 ἡμῶν
3776 4571 3866 4624 Ἰη-

2310 4680 2402 4722 σοῦ
2450 4677 2700 4742 Χριστοῦ,
2807 4670 2835 4726 ἡ
2872 4665 3002 4729 δόξα
3030 4672 3120 4719 καὶ
3160 4670 3216 4717 τό
3244 4669 3433 4740 κράτος
3472 4665 3542 4725 εἰς
3566 4668 3679 4724 τοὺς
3704 4661 3864 4715 αἰῶνας

2306 4760 2519 4811 αἰώνων.
2555 4759 2718 4831 Ἀμήν
2734 4803 2745 4814 ,

2298 4938 2453 4993 facta
2486 4946 2571 4992 est
2607 4936 2948 5007 metropolis
3006 4935 3216 4991 Cilicite
3264 4934 3557 4989 secundas.
3602 4934 3787 5007 Passos
3814 4940 3860 5007 in

2296 5026 2367 5064 ea
2403 5012 2545 5063 urbe
2574 5003 2814 5063 sanctos
2843 5016 3133 5076 martyres
3165 5008 3515 5068 Tarachum,
3554 5003 3785 5077 Probum
3816 5004 3863 5049 et

2298 5085 2728 5145 Andronicum,
2757 5097 2826 5135 ex
2846 5084 3022 5133 since:
3041 5080 3087 5132 is
3115 5080 3328 5132 horum
3364 5086 3515 5132 Actis
3540 5078 3857 5145 ostenililur.

2297 5154 2576 5207 Craterum
2611 5139 2743 5223 qua)
2777 5160 3107 5228 sequuntur
3129 5154 3343 5228 Graeca,
3374 5139 3859 5228 prolixioranpaulq

2295 5236 2431 5278 sunt
2458 5215 2647 5295 quain
2690 5215 2893 5279 Latina
2930 5239 2942 5287 ;
2979 5224 3081 5277 sed
3134 5224 3335 5276 Latina
3369 5215 3545 5275 verba
3592 5215 3859 5271 sufﬁciunt

2294 5296 2372 5350 ad
2397 5312 2521 5350 rem
2551 5297 2996 5367 exponendam.
