4096 6220
233 276 352 335 713

1442 281 1871 341 MARTYRIUM
1911 284 1970 339 S.
2014 283 2414 344 EUPHEMLE.

3505 299 3607 357 714

242 458 3605 491 _______________________._________________

1624 595 2257 683 ΜΑΡΤΥΡΙΟΝ

1040 786 1341 899 ΤΗΣ
1404 783 1855 901 ΑΓΙΑΣ
1921 788 2744 908 ΕΥΦΗΜΙΑΣ.

1585 1163 2259 1252 MARTYRIUM

905 1406 1703 1552 SANCT/E
1798 1405 2917 1553 EUPHEMl/E.

852 1662 1059 1720 (Latine
1088 1676 1176 1726 ap.
1204 1661 1418 1711 Surium
1443 1660 1510 1711 ad
1545 1660 1687 1710 diem
1722 1661 1782 1709 16
1816 1660 2160 1725 Septembris,
2198 1662 2372 1713 Graece
2401 1678 2463 1713 ex
2491 1665 2615 1719 cod.
2660 1678 2760 1715 ms.
2789 1666 2976 1730 Paris.)

302 2008 384 2065 A'.
439 2008 804 2067 Διοκλητιανοῦ
851 2011 915 2062 τὰ
953 2008 1215 2081 Ῥωμαίων
1258 2017 1502 2081 σκῆπτρα
1533 2005 1820 2074 διέποντος,
1860 2011 1899 2063 Α

224 2103 462 2171 Πρίσκου
528 2117 582 2151 τε
664 2104 782 2171 περὶ
859 2104 953 2157 τὴν
1021 2099 1207 2152 Ἀσίαν
1276 2098 1735 2161 ἀνθυπατεύοντος,
1795 2099 1821 2148 ό

212 2190 358 2240 κατὰ
432 2195 761 2259 Χριστιανῶν
837 2183 1069 2259 διωγμὸς
1145 2183 1311 2239 δεινόν
1368 2189 1503 2238 ἔπνει
1566 2191 1657 2237 καὶ
1738 2184 1820 2238 ἐπὶ

215 2281 358 2350 μέγα
403 2283 494 2330 καὶ
549 2276 761 2351 φοϐερόν
806 2281 977 2349 ᾔρετο.
1038 2275 1136 2328 Ἦν
1188 2273 1247 2328 δε
1298 2282 1366 2345 τῷ
1424 2280 1636 2349 Πρίσκῳ
1682 2295 1818 2347 συμ-

214 2362 485 2440 πάρεδρός
550 2385 625 2426 τις
674 2374 773 2417 τῶν
859 2373 1143 2436 σοφιστῶν,
1229 2364 1551 2424 Ἀπελλιανὸς
1636 2368 1814 2435 ὄνομα,

216 2458 475 2527 ἱερατείας
504 2458 692 2527 χρείαν
738 2455 964 2527 πληρῶν,
1007 2462 1077 2525 τῷ
1108 2455 1230 2527 παρ’
1273 2453 1450 2513 αὐτοῖς
1488 2449 1817 2523 ψευδωνύμῳ

217 2547 318 2616 θεῷ
372 2544 537 2617 Ἀρει.
589 2545 727 2598 Ἐπεὶ
773 2541 859 2595 οὖν
902 2546 1111 2605 ἐτήσιος
1155 2542 1303 2615 ἑορτὴ
1358 2550 1450 2593 τοῦ
1503 2543 1656 2593 νοθου
1694 2545 1817 2593 τού-

211 2654 308 2687 του
359 2633 643 2692 ἐνειστήκει
698 2635 834 2698 θεοῠ,
887 2634 1177 2706 γράμματα
1205 2637 1293 2684 καὶ
1332 2633 1632 2704 προθέματα
1680 2632 1816 2681 κατὰ

214 2731 390 2776 πᾶσαν
437 2723 617 2796 ἐφοίτα
664 2728 756 2781 τὴν
810 2719 1125 2780 Χαλκηδόνα
1156 2739 1167 2751 ·
1198 2720 1246 2774 ἐν
1287 2721 1416 2793 αὐτῇ
1466 2724 1567 2792 γὰρ
1612 2726 1701 2772 καὶ
1747 2722 1815 2771 τὰ

211 2822 312 2866 τῶν
368 2816 560 2866 θυσιῶν
617 2812 847 2865 ἐτελεῖτο.
902 2816 1001 2865 Καὶ
1051 2815 1170 2874 ναὸς
1223 2807 1284 2869 ἦν
1341 2818 1433 2862 τοῦ
1488 2811 1665 2883 ’Δρεος
1721 2815 1811 2861 καὶ

212 2899 439 2957 εἰδώλων
488 2901 678 2955 ἐκείνου
723 2910 821 2954 τῶν
868 2900 1138 2971 ἐπισήμων
1166 2918 1177 2929 ·
1213 2899 1379 2952 ἐκάλει
1430 2896 1489 2952 δε
1536 2904 1625 2950 καὶ
1663 2899 1809 2951 πολί-

210 3011 308 3054 τας
354 2997 442 3045 καὶ
500 2993 655 3052 ὅσους
736 2986 1066 3050 Χαλκηδόνος
1129 2988 1298 3063 πέριξ,
1364 2988 1435 3050 εἰς
1486 2994 1581 3046 τὴν
1630 2988 1809 3061 ἑορτὴν

209 3083 279 3133 τὰ
341 3082 661 3154 προθέματα,
725 3082 936 3132 θάνατοι
1008 3076 1068 3131 δι
1116 3084 1206 3131 καὶ
1257 3083 1506 3152 τιμωρίαι
1560 3082 1810 3135 συνηπεί-

208 3170 366 3228 ληντο
417 3177 526 3230 τοῖς
570 3171 995 3241 προστάγμασιν,
1056 3169 1128 3228 οἷς
1180 3172 1503 3240 περιπίπτειν
1583 3166 1803 3238 ἔμελλον,

209 3261 331 3313 ὅσοι
360 3262 431 3332 μὴ
486 3261 761 3323 πείθοιντο,
815 3255 1042 3329 δαίμοσι
1098 3264 1426 3329 προσκυνεῖν,
1478 3256 1706 3326 σάλπιγξ
1753 3275 1806 3309 τε

2008 2010 2047 2062 l.
2091 2007 2451 2064 Diocletiano
2482 2014 2718 2065 tenente
2777 2018 3010 2084 sceptra
3050 2017 3303 2072 Romani
3334 2017 3592 2092 imperii,

1932 2098 2126 2153 Prisco
2157 2105 2353 2153 autem
2385 2098 2536 2153 Asiae
2568 2101 2944 2171 proconsule,
2988 2104 3275 2159 adversus
3318 2107 3593 2164 Christia-

1932 2202 2040 2241 nos
2067 2186 2267 2257 gravis
2307 2186 2576 2258 spirabat
2606 2189 2961 2259 persecutio,
2994 2207 3277 2265 saevaque
3309 2198 3364 2250 et
3392 2195 3593 2252 formi-

1930 2274 2160 2331 dabilis.
2190 2275 2325 2331 Erat
2353 2282 2555 2331 autem
2588 2278 2782 2333 Prisco
2805 2294 3074 2335 assessor
3097 2282 3351 2352 quidam
3385 2286 3591 2356 Sophi-

1929 2370 2039 2427 sta,
2069 2364 2312 2419 nomine
2328 2364 2688 2436 Apellianus,
2719 2364 2972 2437 fungens
3006 2385 3252 2426 munere
3275 2373 3589 2429 sacerdotii

1926 2452 2040 2517 dei,
2070 2454 2173 2524 qui
2221 2454 2379 2525 apud
2410 2469 2510 2509 eos
2563 2453 2717 2510 falso
2754 2456 3121 2524 nominatur,
3174 2459 3390 2515 Martis.
3443 2463 3588 2518 Cum

1925 2557 2067 2610 ergo
2119 2542 2297 2612 hujus
2348 2542 2661 2598 adulterini
2718 2544 2813 2598 dei
2860 2545 3075 2600 festum
3121 2546 3368 2604 instaret
3420 2552 3587 2606 anni-

1923 2630 2277 2695 versarium,
2318 2630 2522 2685 litterae
2576 2637 2631 2685 et
2652 2632 2845 2687 edicta
2892 2649 2998 2703 per
3036 2635 3373 2692 universam
3416 2654 3588 2694 vene-

1924 2724 2061 2773 runt
2086 2718 2543 2774 Chalcedonem.
2600 2720 2665 2774 In
2696 2736 2767 2775 ea
2792 2722 2950 2777 enim
2996 2724 3436 2795 peragebantur
3492 2743 3581 2782 sa-

1922 2807 2143 2862 criticia
2184 2822 2199 2872 ;
2228 2823 2368 2861 nam
2402 2806 2477 2862 ibi
2508 2813 2631 2863 erat
2662 2809 2954 2880 templum
3004 2813 3222 2880 Martis,
3264 2818 3318 2869 et
3350 2814 3582 2884 insigne

1922 2894 2078 2949 illius
2108 2894 2519 2951 simulacrum.
2549 2895 2859 2953 Vocabant
2885 2904 3083 2954 autem
3099 2900 3291 2957 edicta
3320 2902 3478 2958 cives
3502 2903 3581 2958 ad

1922 2983 2158 3050 festum,
2189 2989 2246 3039 et
2275 3000 2378 3039 eos
2419 2984 2524 3056 qui
2554 2985 2908 3042 habitabant
2929 2986 3085 3043 circa
3116 2988 3576 3048 Chalcedonem.

1919 3073 2293 3129 Minabantur
2325 3088 2462 3128 vero
2505 3080 2754 3129 mortem
2787 3080 2843 3130 et
2874 3075 3168 3147 supplicia
3193 3078 3280 3143 iis,
3312 3080 3389 3134 ad
3419 3096 3572 3152 quos

1917 3171 2087 3216 erant
2137 3166 2404 3226 ventura,
2439 3160 2486 3215 si
2541 3177 2663 3217 non
2704 3163 3228 3233 persuaderentur,
3267 3173 3328 3222 ut
3357 3166 3578 3224 adora-

1917 3256 2046 3305 rent
2084 3251 2413 3306 daamones.
2443 3250 2737 3323 Tubaique
2762 3251 2920 3307 clare
2954 3261 3238 3310 sonantes
3265 3262 3321 3311 et
3354 3257 3576 3313 terribi-

210 3345 455 3423 διάτορον
502 3349 719 3419 ἠχούσα
762 3353 851 3400 καὶ
899 3346 1109 3420 φοϐερὸν
1156 3350 1406 3417 σύστημα
1454 3342 1515 3403 ἧν
1553 3354 1645 3406 τῆς
1675 3348 1805 3417 πρὸς

1918 3338 2065 3404 liter,
2090 3346 2258 3394 erant
2289 3340 2527 3408 signum
2554 3341 2947 3396 conveniendi
2980 3348 3058 3397 ad
3091 3344 3407 3416 templum.
3435 3346 3576 3411 Qui-

206 3443 296 3491 τὸν
321 3442 441 3489 ναὸν
470 3434 771 3510 συνδρομῆς
818 3456 872 3489 τε
917 3443 1006 3490 καὶ
1050 3436 1410 3498 συνελεύσεως.
1439 3435 1687 3495 Ὁπόσοις
1717 3431 1804 3486 οὖν

208 3527 405 3599 ἐναγεῖς
599 3529 780 3579 θυσίαι
830 3531 920 3579 καὶ
975 3525 1279 3598 σεϐάσματα
1342 3528 1509 3599 μιαρὰ
1586 3532 1805 3575 τοιαῦτα

207 3622 488 3691 μεμίσητο,
546 3618 757 3676 ὁσιότης
841 3612 899 3667 δὲ
954 3621 1044 3667 καὶ
1119 3614 1354 3668 εὐσέϐεια
1428 3620 1515 3666 καὶ
1586 3615 1615 3671 ἡ
1674 3617 1801 3685 πρός

209 3710 339 3761 Θεὸν
380 3711 561 3766 πίστις
597 3704 785 3779 ἔρρωτο
847 3721 860 3732 ·
913 3704 1057 3757 οὗτοι
1087 3700 1146 3757 δε
1179 3706 1284 3778 ἄρα
1325 3708 1417 3762 τὴν
1457 3706 1586 3775 μετὰ
1633 3721 1804 3775 παροι-

206 3799 497 3868 νομούντων
553 3794 844 3847 συνέλευσιν
891 3799 981 3846 καὶ
1023 3797 1117 3852 τὴν
1167 3796 1215 3845 ἐν
1275 3789 1529 3866 συνεδρίῳ
1585 3796 1803 3864 ματαιό-

206 3904 363 3947 τητος
441 3880 805 3956 διαφεύγοντες
881 3888 1197 3952 παρουσίαν,
1280 3885 1415 3934 κατὰ
1504 3885 1799 3955 συμμορίας

206 3975 347 4034 τινὰς
405 3971 453 4023 ἐν
509 3972 765 4035 οἰκίσκοις
812 3973 842 4031 ἡ
899 3970 1138 4044 ἐρημίαις
1167 3971 1378 4032 ἑαυτοὺς
1416 3969 1801 4042 ἐγκλεισάμενοι

204 4068 530 4136 προσευχαῖς
567 4067 655 4114 καὶ
704 4058 922 4119 δεήσεσι
972 4061 1321 4132 σχολάζοντες
1369 4057 1526 4124 ἦσαν,
1584 4064 1674 4110 καὶ
1727 4066 1798 4127 τῷ

206 4150 386 4210 ἁληθεί
437 4156 523 4204 καὶ
578 4156 717 4223 μόνῳ
773 4157 887 4222 Θεῷ
940 4156 1030 4209 τὴν
1082 4151 1295 4220 λογικὴν
1344 4153 1580 4221 λατρείαν
1638 4166 1795 4222 προσ·

206 4244 455 4313 φέροντες,
497 4240 565 4291 ὧν
592 4241 664 4302 εἰς
714 4241 859 4311 ἅγιος
902 4242 1113 4314 ὑπῆρχε
1161 4243 1322 4314 χορὸς
1368 4243 1456 4290 καὶ
1501 4240 1527 4289 ό
1581 4245 1640 4309 τῇ
1674 4257 1799 4289 παν-

207 4335 419 4403 ωφήμῳ
471 4335 561 4382 καὶ
607 4330 820 4402 λαμπρᾲ
887 4332 1113 4403 μάρτυρι
1181 4328 1423 4400 Εὐφημίᾳ
1513 4326 1800 4399 ἐλλαμπρυ-

203 4424 428 4492 νόμενος,
487 4422 728 4491 Εὐφημίᾳ
782 4426 843 4491 τῇ
918 4424 1093 4471 πᾶσαν
1146 4420 1455 4491 φερωνυμως
1510 4425 1572 4489 τῇ
1632 4417 1797 4477 αὐτῆς

206 4514 349 4581 φήμῃ
425 4507 776 4582 περιλαςούσῃ
855 4511 949 4565 τὴν
990 4507 1315 4579 οἰκουμένην,
1375 4505 1405 4564 ἣ
1460 4511 1658 4580 πατέρα
1708 4510 1797 4578 μὲν

204 4599 333 4669 έσχε
358 4605 453 4658 τῆς
484 4596 783 4667 συγκλήτου
813 4598 929 4648 τινὰ
978 4601 1067 4647 καὶ
1112 4598 1306 4646 τούτων
1359 4591 1425 4652 δη
1473 4602 1573 4645 τῶν
1612 4596 1798 4668 ἄρχειν

204 4686 517 4757 ἠξιωμένων,
570 4685 835 4759 Ψιλοφρων
894 4684 1031 4755 αὐτῷ
1084 4688 1264 4755 ὄνομα,
1324 4686 1527 4758 μητέρα
1570 4679 1627 4735 δὲ
1687 4688 1797 4735 λίαν

206 4773 388 4834 εὐσεϐῆ
447 4779 535 4826 καὶ
601 4778 847 4840 κοσμίαν,
908 4770 1349 4848 Θεοδωρησιανὴν
1403 4773 1537 4824 οὕτω
1617 4771 1801 4824 καλου-

205 4870 377 4938 μένην,
433 4866 548 4926 ἣτις
630 4870 719 4916 καὶ
786 4860 952 4936 δῶρον
1006 4862 1060 4915 ἐκ
1119 4869 1252 4916 Θεοῦ
1318 4865 1611 4933 πενομένοις
1665 4867 1797 4913 πᾶσι

208 4950 496 5027 δεδώρητο,
541 4955 607 5005 τὰ
636 4952 792 5013 αὐτῆς
837 4951 1037 5005 ἐκείνων
1069 4954 1240 5004 πάντα
1268 4958 1513 5004 ποιοῦσα.
1550 4951 1652 5004 Καὶ
1673 4956 1794 5022 χεὶρ

208 5044 379 5103 αὐτοῖς
407 5038 543 5095 οὖσα
567 5039 799 5112 δαψιλής
827 5060 881 5094 τε
919 5047 1009 5093 καὶ
1037 5037 1425 5114 μεγαλόδωρος,
1456 5038 1507 5103 ἐξ
1540 5040 1605 5090 ὧν
1634 5039 1799 5111 Εὐφη-

204 5138 299 5206 μία
352 5131 696 5204 προελθοῦσα,
749 5129 977 5200 βλαστὸς
1022 5128 1176 5202 ἐφάνη
1225 5137 1286 5200 τῇ
1333 5129 1457 5203 ῥίζῃ
1494 5133 1794 5203 προσήκων,

204 5218 650 5283 κλάδοςέπινεύων
679 5220 747 5280 εἰς
768 5218 1054 5273 θεοσέϐειαν
1085 5224 1174 5271 καὶ
1203 5224 1403 5291 καρπὸς
1432 5222 1589 5280 ὅντως
1630 5218 1797 5280 ἐλέους

205 5317 470 5372 πιότατος.

276 5489 347 5547 B’.
424 5495 526 5550 Τῆς
604 5484 693 5541 οὖν
768 5484 1076 5561 δαιμονικῆς
1150 5488 1349 5549 ἐκείνης
1407 5486 1799 5558 ἐπιτελουμένης

208 5582 415 5643 θυσίας,
500 5576 822 5638 ’Δπελλιανός
880 5576 942 5629 οὐ
1005 5582 1292 5653 παροπτέα,
1351 5573 1478 5631 οὐδε
1526 5573 1801 5649 φροντίδος

491 5684 738 5742 Pyram.
779 5686 882 5743 Gn.
924 5682 1089 5740 CXV.

1913 3428 2269 3499 buscunque
2317 3444 2455 3499 ergo
2494 3430 2861 3484 exsecranda
2897 3431 3145 3502 quidem
3192 3434 3484 3490 sacrificia
3515 3441 3574 3493 et

1913 3516 2322 3573 abominanda
2374 3517 2669 3586 ejusmodi
2723 3518 2930 3588 religio
2969 3528 3096 3576 erat
3143 3521 3304 3591 odio,
3365 3529 3573 3581 contra

1912 3611 2112 3662 autem
2145 3606 2319 3661 ﬁrma
2366 3612 2488 3662 erat
2521 3608 2820 3671 sanctitas,
2869 3613 2925 3663 et
2968 3596 3179 3679 pietas,
3236 3616 3293 3666 et
3328 3611 3477 3667 ﬁdes
3508 3613 3570 3668 in

1909 3695 2226 3761 Christum,
2268 3696 2306 3749 ii
2360 3694 2612 3750 vitantes
2651 3697 3142 3765 congressionem
3184 3714 3324 3754 cum
3366 3701 3568 3771 impiis

1911 3787 1965 3837 et
1995 3782 2312 3838 concilium
2361 3781 2654 3848 vanitatis,
2690 3799 2794 3853 per
2821 3784 3123 3855 quasdam
3156 3786 3379 3842 classes
3411 3804 3473 3843 se
3504 3790 3565 3844 in

1910 3869 2599 3936 domibusincludentes,
2620 3871 2795 3926 autin
2811 3870 3250 3940 solitudinibus,
3269 3875 3571 3932 vacabant

1911 3959 2189 4030 precibus
2218 3965 2275 4015 et
2326 3959 2715 4025 orationibus,
2758 3976 3021 4033 veroque
3052 3968 3107 4018 et
3138 3962 3248 4018 soli
3280 3966 3399 4019 Deo
3438 3964 3567 4020 cul-

1909 4052 2034 4103 tum
2064 4046 2395 4104 offerebant
2422 4047 2798 4104 rationalem.
2835 4050 3100 4115 Quorum
3133 4068 3287 4107 unus
3323 4068 3567 4125 quoque

1907 4144 2033 4192 erat
2060 4137 2299 4205 chorus,
2331 4138 2432 4209 qui
2463 4138 2759 4209 imprimis
2789 4138 3103 4196 benedicta
3132 4146 3190 4196 et
3217 4140 3380 4198 clara
3414 4159 3569 4199 mar-

1907 4231 2035 4298 tyre
2068 4226 2397 4298 Euphemia
2447 4226 2854 4293 decorabatur,
2894 4229 3244 4301 Euphemia,
3302 4230 3564 4302 inquam,

1906 4330 2041 4387 quaa
2071 4314 2491 4371 convenienter
2547 4331 2656 4371 suo
2688 4316 2916 4372 nomini
2968 4318 3315 4375 universum
3350 4320 3558 4376 orbem

1909 4410 2073 4459 terra;
2105 4420 2215 4460 sua
2240 4403 2400 4461 fama
2412 4410 2536 4460 erat
2552 4404 2887 4476 complexa.
2903 4407 3044 4472 Qum
3065 4412 3296 4478 patrem
3314 4409 3560 4482 quidem

1907 4492 2169 4549 habebat
2192 4494 2520 4565 quemdam
2548 4509 2579 4549 e
2605 4500 2837 4562 senatu,
2855 4501 2911 4550 et
2928 4495 3030 4567 qui
3057 4495 3288 4569 aliquot
3301 4502 3565 4566 gesserat

1909 4583 2292 4651 magistratus
2348 4588 2518 4638 :erat
2565 4589 2764 4639 autem
2814 4585 2867 4639 ei
2922 4600 3143 4639 nomen
3205 4585 3566 4657 Philophron

1911 4670 2391 4742 [Philosophron,
2437 4671 2579 4743 Ade]
2610 4692 2620 4730 :
2653 4678 2906 4728 matrem
2942 4689 3076 4728 vero
3108 4673 3283 4730 valde
3320 4674 3483 4746 piam
3511 4682 3567 4731 et

1907 4760 2244 4825 honestam,
2276 4777 2413 4832 quae
2436 4761 2760 4817 vocabatur
2788 4762 3186 4819 Theodorosia
3214 4764 3565 4835 [Theodora,

1908 4848 2053 4922 Ado]
2083 4867 2096 4905 :
2130 4866 2265 4921 quae
2297 4849 2473 4906 etiam
2506 4866 2542 4905 a
2573 4852 2692 4905 Deo
2722 4850 2951 4906 donum
2974 4851 3115 4908 data
3146 4852 3340 4908 fuerat
3369 4853 3568 4908 omni-

1907 4938 2022 4994 bus
2049 4939 2383 5009 egentibus,
2434 4938 2671 4995 illorum
2725 4938 2950 4994 faciens
2999 4941 3227 5005 omnia,
3277 4957 3413 5013 quae
3455 4957 3565 4997 sua

1907 5033 2090 5092 erant,
2134 5033 2190 5083 et
2231 5027 2405 5098 cujus
2435 5034 2557 5083 erat
2591 5028 2651 5083 in
2683 5043 2784 5083 eos
2839 5044 3055 5084 manus
3078 5029 3245 5100 larga
3271 5036 3328 5086 et
3371 5030 3566 5084 muni-

1910 5117 2041 5171 ﬁca.
2105 5116 2185 5171 Ex
2215 5116 2436 5188 quibus
2466 5122 2594 5172 orta
2624 5116 2973 5188 Euphemia,
3010 5118 3290 5190 apparuit
3321 5134 3567 5187 germen

1908 5205 2093 5260 radici
2122 5204 2505 5271 conveniens,
2533 5221 2739 5261 ramus
2757 5221 3031 5261 annuens
3050 5206 3119 5261 ad
3155 5208 3440 5277 pietatem
3471 5223 3568 5263 ve-

1908 5309 2159 5365 ramque
2185 5292 2554 5362 religionem,
2582 5299 2638 5350 et
2666 5293 2841 5364 longe
2878 5294 3311 5365 pinguissimus
3343 5294 3569 5352 fructus

1910 5380 2353 5440 misericordias.

1981 5488 2044 5544 Ιι.
2087 5487 2235 5544 Cum
2288 5487 2432 5544 illud
2475 5504 2616 5560 ergo
2665 5489 3016 5546 damonum
3052 5496 3431 5561 perageretur
3482 5507 3574 5549 sa-

1911 5576 2219 5646 criﬁcium,
2240 5593 2361 5634 non
2375 5578 2821 5649 negligendum,
2842 5581 2950 5635 sed
2961 5579 3222 5636 maxime
3236 5578 3570 5637 curandum

3220 5686 3288 5743 23
