  <div class='ocr_page' id='page_1' title='image "/cluster/home/n/w/nwhite01/storage/ocr_20150623/115/hvd.32044073502262/363.png"; bbox 0 0 4154 6192; ppageno 0'>
   <div class='ocr_carea' id='block_1_1' title="bbox 532 242 640 297">
    <p class='ocr_par' dir='ltr' id='par_1_1' title="bbox 532 242 640 297">
     <span class='ocr_line' id='line_1_1' title="bbox 532 242 640 297; baseline -0.019 0"><span class='ocrx_word' id='word_1_1' title='bbox 532 242 640 297; x_wconf 80' lang='grc'><strong>’115</strong></span> 
     </span>
    </p>
   </div>
   <div class='ocr_carea' id='block_1_2' title="bbox 1845 238 2586 299">
    <p class='ocr_par' dir='ltr' id='par_1_2' title="bbox 1845 238 2586 299">
     <span class='ocr_line' id='line_1_2' title="bbox 1845 238 2586 299; baseline 0.005 -4"><span class='ocrx_word' id='word_1_2' title='bbox 1845 238 2101 297; x_wconf 84' lang='lat' dir='ltr'><strong>MENSIS</strong></span> <span class='ocrx_word' id='word_1_3' title='bbox 2136 239 2586 299; x_wconf 79' lang='lat' dir='ltr'><strong>SEPTEMBER.</strong></span> 
     </span>
    </p>
   </div>
   <div class='ocr_carea' id='block_1_3' title="bbox 3796 240 3905 298">
    <p class='ocr_par' dir='ltr' id='par_1_3' title="bbox 3796 240 3905 298">
     <span class='ocr_line' id='line_1_3' title="bbox 3796 240 3905 298; baseline 0 -1"><span class='ocrx_word' id='word_1_4' title='bbox 3796 240 3905 298; x_wconf 81' lang='grc'><strong>716</strong></span> 
     </span>
    </p>
   </div>
   <div class='ocr_carea' id='block_1_4' title="bbox 530 360 2155 439">
    <p class='ocr_par' dir='ltr' id='par_1_4' title="bbox 530 360 2147 438">
     <span class='ocr_line' id='line_1_4' title="bbox 530 360 2147 438; baseline 0.001 -17"><span class='ocrx_word' id='word_1_5' title='bbox 530 365 757 421; x_wconf 89' lang='lat' dir='ltr'><strong>ducens</strong></span> <span class='ocrx_word' id='word_1_6' title='bbox 782 362 943 419; x_wconf 91' lang='lat' dir='ltr'><strong>hunc</strong></span> <span class='ocrx_word' id='word_1_7' title='bbox 968 364 1187 418; x_wconf 74' lang='lat' dir='ltr'><strong>emtum</strong></span> <span class='ocrx_word' id='word_1_8' title='bbox 1231 360 1470 433; x_wconf 91' lang='lat' dir='ltr'><strong>piorum</strong></span> <span class='ocrx_word' id='word_1_9' title='bbox 1532 363 1900 438; x_wconf 85' lang='lat' dir='ltr'><strong>Apellianus,</strong></span> <span class='ocrx_word' id='word_1_10' title='bbox 1949 382 2088 422; x_wconf 92' lang='lat' dir='ltr'><strong>cum</strong></span> <span class='ocrx_word' id='word_1_11' title='bbox 2112 365 2147 421; x_wconf 95' lang='lat' dir='ltr'><strong>d</strong></span> 
     </span>
    </p>
   </div>
   <div class='ocr_carea' id='block_1_5' title="bbox 2265 360 3900 439">
    <p class='ocr_par' dir='ltr' id='par_1_5' title="bbox 2301 363 3900 439">
     <span class='ocr_line' id='line_1_5' title="bbox 2301 363 3900 439; baseline 0.002 -22"><span class='ocrx_word' id='word_1_12' title='bbox 2301 366 2485 430; x_wconf 75' lang='grc' dir='ltr'>ἀνάξια</span> <span class='ocrx_word' id='word_1_13' title='bbox 2537 370 2600 420; x_wconf 83' lang='grc' dir='ltr'><strong>τὰ</strong></span> <span class='ocrx_word' id='word_1_14' title='bbox 2657 369 2792 421; x_wconf 86' lang='grc' dir='ltr'><strong>κατά</strong></span> <span class='ocrx_word' id='word_1_15' title='bbox 2844 372 2928 420; x_wconf 88' lang='grc' dir='ltr'><strong>τόν</strong></span> <span class='ocrx_word' id='word_1_16' title='bbox 2967 363 3177 423; x_wconf 82' lang='grc' dir='ltr'>θεοσεϐῆ</span> <span class='ocrx_word' id='word_1_17' title='bbox 3224 371 3405 417; x_wconf 86' lang='grc' dir='ltr'>τοῦτον</span> <span class='ocrx_word' id='word_1_18' title='bbox 3445 367 3626 418; x_wconf 79' lang='grc' dir='ltr'><strong>θίασον</strong></span> <span class='ocrx_word' id='word_1_19' title='bbox 3676 369 3900 439; x_wconf 89' lang='grc' dir='ltr'>θέμενος,</span> 
     </span>
    </p>
   </div>
   <div class='ocr_carea' id='block_1_6' title="bbox 530 450 2184 525">
    <p class='ocr_par' dir='ltr' id='par_1_6' title="bbox 530 450 2184 525">
     <span class='ocr_line' id='line_1_6' title="bbox 530 450 2184 525; baseline -0.001 -15"><span class='ocrx_word' id='word_1_20' title='bbox 530 470 598 511; x_wconf 89' lang='lat' dir='ltr'><strong>eo</strong></span> <span class='ocrx_word' id='word_1_21' title='bbox 628 453 941 525; x_wconf 77' lang='lat' dir='ltr'><strong>diligenter</strong></span> <span class='ocrx_word' id='word_1_22' title='bbox 993 450 1383 522; x_wconf 88' lang='lat' dir='ltr'><strong>inquisiisset,</strong></span> <span class='ocrx_word' id='word_1_23' title='bbox 1452 456 1510 506; x_wconf 92' lang='lat' dir='ltr'><strong>et</strong></span> <span class='ocrx_word' id='word_1_24' title='bbox 1540 453 1756 509; x_wconf 80' lang='lat' dir='ltr'><strong>certior</strong></span> <span class='ocrx_word' id='word_1_25' title='bbox 1786 454 1976 511; x_wconf 87' lang='lat' dir='ltr'><strong>factus</strong></span> <span class='ocrx_word' id='word_1_26' title='bbox 2006 461 2184 519; x_wconf 86' lang='lat' dir='ltr'><strong>esset,</strong></span> 
     </span>
    </p>
   </div>
   <div class='ocr_carea' id='block_1_7' title="bbox 530 539 2189 616">
    <p class='ocr_par' dir='ltr' id='par_1_7' title="bbox 530 539 2189 616">
     <span class='ocr_line' id='line_1_7' title="bbox 530 539 2189 616; baseline -0.001 -15"><span class='ocrx_word' id='word_1_27' title='bbox 530 561 602 601; x_wconf 88' lang='lat' dir='ltr'><strong>ea</strong></span> <span class='ocrx_word' id='word_1_28' title='bbox 640 543 933 613; x_wconf 83' lang='lat' dir='ltr'><strong>signiﬁcat</strong></span> <span class='ocrx_word' id='word_1_29' title='bbox 964 539 1328 612; x_wconf 76' lang='lat' dir='ltr'><strong>proconsuli.</strong></span> <span class='ocrx_word' id='word_1_30' title='bbox 1363 542 1633 596; x_wconf 80' lang='lat' dir='ltr'><strong>Protinus</strong></span> <span class='ocrx_word' id='word_1_31' title='bbox 1669 548 1869 599; x_wconf 89' lang='lat' dir='ltr'><strong>autem</strong></span> <span class='ocrx_word' id='word_1_32' title='bbox 1915 561 2189 616; x_wconf 90' lang='lat' dir='ltr'><strong>compre-</strong></span> 
     </span>
    </p>
   </div>
   <div class='ocr_carea' id='block_1_8' title="bbox 527 628 2183 699">
    <p class='ocr_par' dir='ltr' id='par_1_8' title="bbox 527 628 2183 699">
     <span class='ocr_line' id='line_1_8' title="bbox 527 628 2183 699; baseline -0.001 -9"><span class='ocrx_word' id='word_1_33' title='bbox 527 633 809 690; x_wconf 88' lang='lat' dir='ltr'><strong>henditur</strong></span> <span class='ocrx_word' id='word_1_34' title='bbox 827 646 965 686; x_wconf 93' lang='lat' dir='ltr'><strong>cum</strong></span> <span class='ocrx_word' id='word_1_35' title='bbox 983 628 1173 684; x_wconf 86' lang='lat' dir='ltr'><strong>multa</strong></span> <span class='ocrx_word' id='word_1_36' title='bbox 1204 628 1319 685; x_wconf 89' lang='lat' dir='ltr'><strong>alia</strong></span> <span class='ocrx_word' id='word_1_37' title='bbox 1342 629 1660 686; x_wconf 84' lang='lat' dir='ltr'><strong>multitudo</strong></span> <span class='ocrx_word' id='word_1_38' title='bbox 1694 632 2183 699; x_wconf 87' lang='lat' dir='ltr'><strong>Christianorum,</strong></span> 
     </span>
    </p>
   </div>
   <div class='ocr_carea' id='block_1_9' title="bbox 530 718 2189 796">
    <p class='ocr_par' dir='ltr' id='par_1_9' title="bbox 530 718 2189 796">
     <span class='ocr_line' id='line_1_9' title="bbox 530 718 2189 796; baseline -0.002 -16"><span class='ocrx_word' id='word_1_39' title='bbox 530 730 656 781; x_wconf 91' lang='lat' dir='ltr'><strong>tum</strong></span> <span class='ocrx_word' id='word_1_40' title='bbox 696 721 825 794; x_wconf 90' lang='lat' dir='ltr'><strong>ipse</strong></span> <span class='ocrx_word' id='word_1_41' title='bbox 855 734 1097 792; x_wconf 89' lang='lat' dir='ltr'><strong>quoque</strong></span> <span class='ocrx_word' id='word_1_42' title='bbox 1126 718 1368 773; x_wconf 86' lang='lat' dir='ltr'><strong>divinus</strong></span> <span class='ocrx_word' id='word_1_43' title='bbox 1395 719 1636 787; x_wconf 89' lang='lat' dir='ltr'><strong>chorus,</strong></span> <span class='ocrx_word' id='word_1_44' title='bbox 1670 720 1869 794; x_wconf 91' lang='lat' dir='ltr'><strong>inquo</strong></span> <span class='ocrx_word' id='word_1_45' title='bbox 1895 730 2017 778; x_wconf 91' lang='lat' dir='ltr'><strong>erat</strong></span> <span class='ocrx_word' id='word_1_46' title='bbox 2036 738 2189 796; x_wconf 78' lang='lat' dir='ltr'><strong>prae-</strong></span> 
     </span>
    </p>
   </div>
   <div class='ocr_carea' id='block_1_10' title="bbox 527 807 2185 884">
    <p class='ocr_par' dir='ltr' id='par_1_10' title="bbox 527 807 2185 884">
     <span class='ocr_line' id='line_1_10' title="bbox 527 807 2185 884; baseline 0 -17"><span class='ocrx_word' id='word_1_47' title='bbox 527 812 689 868; x_wconf 87' lang='lat' dir='ltr'><strong>clara</strong></span> <span class='ocrx_word' id='word_1_48' title='bbox 718 812 846 865; x_wconf 70' lang='lat' dir='ltr'><strong>hinc</strong></span> <span class='ocrx_word' id='word_1_49' title='bbox 878 809 1046 876; x_wconf 86' lang='lat' dir='ltr'><strong>virgo</strong></span> <span class='ocrx_word' id='word_1_50' title='bbox 1087 807 1435 879; x_wconf 88' lang='lat' dir='ltr'><strong>Euphemia,</strong></span> <span class='ocrx_word' id='word_1_51' title='bbox 1492 826 1628 881; x_wconf 68' lang='lat' dir='ltr'><strong>quae</strong></span> <span class='ocrx_word' id='word_1_52' title='bbox 1659 815 1716 866; x_wconf 90' lang='lat' dir='ltr'><strong>et</strong></span> <span class='ocrx_word' id='word_1_53' title='bbox 1744 812 2003 883; x_wconf 88' lang='lat' dir='ltr'><strong>corporis</strong></span> <span class='ocrx_word' id='word_1_54' title='bbox 2049 812 2185 884; x_wconf 87' lang='lat' dir='ltr'><strong>pul-</strong></span> 
     </span>
    </p>
   </div>
   <div class='ocr_carea' id='block_1_11' title="bbox 527 896 2186 968">
    <p class='ocr_par' dir='ltr' id='par_1_11' title="bbox 527 896 2186 968">
     <span class='ocr_line' id='line_1_11' title="bbox 527 896 2186 968; baseline -0.001 -11"><span class='ocrx_word' id='word_1_55' title='bbox 527 898 881 963; x_wconf 89' lang='lat' dir='ltr'><strong>chritudine,</strong></span> <span class='ocrx_word' id='word_1_56' title='bbox 938 902 993 953; x_wconf 89' lang='lat' dir='ltr'><strong>et</strong></span> <span class='ocrx_word' id='word_1_57' title='bbox 1022 896 1252 951; x_wconf 81' lang='lat' dir='ltr'><strong>virtutis</strong></span> <span class='ocrx_word' id='word_1_58' title='bbox 1306 898 1519 968; x_wconf 88' lang='lat' dir='ltr'><strong>specie,</strong></span> <span class='ocrx_word' id='word_1_59' title='bbox 1569 903 1625 954; x_wconf 91' lang='lat' dir='ltr'><strong>et</strong></span> <span class='ocrx_word' id='word_1_60' title='bbox 1668 901 1858 955; x_wconf 71' lang='lat' dir='ltr'><strong>aetatis</strong></span> <span class='ocrx_word' id='word_1_61' title='bbox 1914 901 2080 966; x_wconf 89' lang='lat' dir='ltr'><strong>ﬂore,</strong></span> <span class='ocrx_word' id='word_1_62' title='bbox 2128 905 2186 956; x_wconf 89' lang='lat' dir='ltr'><strong>et</strong></span> 
     </span>
    </p>
   </div>
   <div class='ocr_carea' id='block_1_12' title="bbox 526 986 2179 1061">
    <p class='ocr_par' dir='ltr' id='par_1_12' title="bbox 526 986 2179 1061">
     <span class='ocr_line' id='line_1_12' title="bbox 526 986 2179 1061; baseline 0 -16"><span class='ocrx_word' id='word_1_63' title='bbox 526 987 761 1061; x_wconf 79' lang='lat' dir='ltr'><strong>generis</strong></span> <span class='ocrx_word' id='word_1_64' title='bbox 793 986 1077 1052; x_wconf 82' lang='lat' dir='ltr'><strong>claritate,</strong></span> <span class='ocrx_word' id='word_1_65' title='bbox 1111 986 1258 1040; x_wconf 85' lang='lat' dir='ltr'><strong>inter</strong></span> <span class='ocrx_word' id='word_1_66' title='bbox 1281 1001 1382 1041; x_wconf 92' lang='lat' dir='ltr'><strong>eos</strong></span> <span class='ocrx_word' id='word_1_67' title='bbox 1425 986 1663 1044; x_wconf 86' lang='lat' dir='ltr'><strong>lucebat</strong></span> <span class='ocrx_word' id='word_1_68' title='bbox 1692 989 1867 1044; x_wconf 88' lang='lat' dir='ltr'><strong>veluti</strong></span> <span class='ocrx_word' id='word_1_69' title='bbox 1897 989 2067 1045; x_wconf 83' lang='lat' dir='ltr'><strong>stella</strong></span> <span class='ocrx_word' id='word_1_70' title='bbox 2094 989 2179 1045; x_wconf 91' lang='lat' dir='ltr'><strong>lu-</strong></span> 
     </span>
    </p>
   </div>
   <div class='ocr_carea' id='block_1_13' title="bbox 522 1075 2183 1148">
    <p class='ocr_par' dir='ltr' id='par_1_13' title="bbox 522 1075 2183 1148">
     <span class='ocr_line' id='line_1_13' title="bbox 522 1075 2183 1148; baseline -0.001 -12"><span class='ocrx_word' id='word_1_71' title='bbox 522 1078 845 1136; x_wconf 85' lang='lat' dir='ltr'><strong>cidissima.</strong></span> <span class='ocrx_word' id='word_1_72' title='bbox 878 1076 966 1131; x_wconf 81' lang='lat' dir='ltr'><strong>Ad</strong></span> <span class='ocrx_word' id='word_1_73' title='bbox 994 1075 1397 1148; x_wconf 80' lang='lat' dir='ltr'><strong>quadraginta</strong></span> <span class='ocrx_word' id='word_1_74' title='bbox 1446 1083 1646 1133; x_wconf 89' lang='lat' dir='ltr'><strong>autem</strong></span> <span class='ocrx_word' id='word_1_75' title='bbox 1689 1083 1745 1133; x_wconf 90' lang='lat' dir='ltr'><strong>et</strong></span> <span class='ocrx_word' id='word_1_76' title='bbox 1784 1094 2001 1135; x_wconf 88' lang='lat' dir='ltr'><strong>novem</strong></span> <span class='ocrx_word' id='word_1_77' title='bbox 2041 1095 2183 1135; x_wconf 88' lang='lat' dir='ltr'><strong>con-</strong></span> 
     </span>
    </p>
   </div>
   <div class='ocr_carea' id='block_1_14' title="bbox 525 1163 2181 1240">
    <p class='ocr_par' dir='ltr' id='par_1_14' title="bbox 525 1163 2181 1240">
     <span class='ocr_line' id='line_1_14' title="bbox 525 1163 2181 1240; baseline -0.001 -15"><span class='ocrx_word' id='word_1_78' title='bbox 525 1172 904 1240; x_wconf 89' lang='lat' dir='ltr'><strong>gregatorum</strong></span> <span class='ocrx_word' id='word_1_79' title='bbox 949 1170 1073 1220; x_wconf 90' lang='lat' dir='ltr'><strong>erat</strong></span> <span class='ocrx_word' id='word_1_80' title='bbox 1102 1163 1195 1219; x_wconf 88' lang='lat' dir='ltr'><strong>ille</strong></span> <span class='ocrx_word' id='word_1_81' title='bbox 1225 1180 1387 1220; x_wconf 87' lang='lat' dir='ltr'><strong>sacer</strong></span> <span class='ocrx_word' id='word_1_82' title='bbox 1434 1165 1673 1222; x_wconf 89' lang='lat' dir='ltr'><strong>chorus.</strong></span> <span class='ocrx_word' id='word_1_83' title='bbox 1722 1169 1996 1233; x_wconf 87' lang='lat' dir='ltr'><strong>Quicum</strong></span> <span class='ocrx_word' id='word_1_84' title='bbox 2046 1168 2181 1223; x_wconf 84' lang='lat' dir='ltr'><strong>fuis-</strong></span> 
     </span>
    </p>
   </div>
   <div class='ocr_carea' id='block_1_15' title="bbox 522 1253 2178 1329">
    <p class='ocr_par' dir='ltr' id='par_1_15' title="bbox 522 1253 2178 1329">
     <span class='ocr_line' id='line_1_15' title="bbox 522 1253 2178 1329; baseline -0.001 -16"><span class='ocrx_word' id='word_1_85' title='bbox 522 1262 651 1313; x_wconf 90' lang='lat' dir='ltr'><strong>sent</strong></span> <span class='ocrx_word' id='word_1_86' title='bbox 688 1254 1121 1326; x_wconf 86' lang='lat' dir='ltr'><strong>comprehensi,</strong></span> <span class='ocrx_word' id='word_1_87' title='bbox 1184 1253 1459 1325; x_wconf 88' lang='lat' dir='ltr'><strong>producti</strong></span> <span class='ocrx_word' id='word_1_88' title='bbox 1504 1261 1642 1311; x_wconf 92' lang='lat' dir='ltr'><strong>sunt</strong></span> <span class='ocrx_word' id='word_1_89' title='bbox 1694 1258 1754 1311; x_wconf 92' lang='lat' dir='ltr'><strong>in</strong></span> <span class='ocrx_word' id='word_1_90' title='bbox 1786 1263 2178 1329; x_wconf 91' lang='lat' dir='ltr'><strong>conspectum</strong></span> 
     </span>
    </p>
   </div>
   <div class='ocr_carea' id='block_1_16' title="bbox 520 1342 2180 1420">
    <p class='ocr_par' dir='ltr' id='par_1_16' title="bbox 520 1342 2180 1420">
     <span class='ocr_line' id='line_1_16' title="bbox 520 1342 2180 1420; baseline 0 -17"><span class='ocrx_word' id='word_1_91' title='bbox 520 1344 913 1420; x_wconf 84' lang='lat' dir='ltr'><strong>proconsulis.</strong></span> <span class='ocrx_word' id='word_1_92' title='bbox 956 1342 1049 1399; x_wconf 90' lang='lat' dir='ltr'><strong>Ille</strong></span> <span class='ocrx_word' id='word_1_93' title='bbox 1082 1348 1282 1398; x_wconf 88' lang='lat' dir='ltr'><strong>autem</strong></span> <span class='ocrx_word' id='word_1_94' title='bbox 1311 1358 1412 1399; x_wconf 90' lang='lat' dir='ltr'><strong>eos</strong></span> <span class='ocrx_word' id='word_1_95' title='bbox 1452 1345 1618 1415; x_wconf 91' lang='lat' dir='ltr'><strong>prius</strong></span> <span class='ocrx_word' id='word_1_96' title='bbox 1648 1345 1940 1402; x_wconf 90' lang='lat' dir='ltr'><strong>inducens</strong></span> <span class='ocrx_word' id='word_1_97' title='bbox 1971 1347 2180 1403; x_wconf 88' lang='lat' dir='ltr'><strong>admo-</strong></span> 
     </span>
    </p>
   </div>
   <div class='ocr_carea' id='block_1_17' title="bbox 519 1430 2179 1505">
    <p class='ocr_par' dir='ltr' id='par_1_17' title="bbox 519 1430 2179 1505">
     <span class='ocr_line' id='line_1_17' title="bbox 519 1430 2179 1505; baseline 0.001 -13"><span class='ocrx_word' id='word_1_98' title='bbox 519 1435 763 1500; x_wconf 89' lang='lat' dir='ltr'><strong>nitione,</strong></span> <span class='ocrx_word' id='word_1_99' title='bbox 793 1432 1123 1489; x_wconf 85' lang='lat' dir='ltr'><strong>conabatur</strong></span> <span class='ocrx_word' id='word_1_100' title='bbox 1153 1430 1446 1488; x_wconf 90' lang='lat' dir='ltr'><strong>abducere</strong></span> <span class='ocrx_word' id='word_1_101' title='bbox 1477 1449 1513 1489; x_wconf 90' lang='lat' dir='ltr'><strong>a</strong></span> <span class='ocrx_word' id='word_1_102' title='bbox 1540 1434 1776 1505; x_wconf 87' lang='lat' dir='ltr'><strong>pietate,</strong></span> <span class='ocrx_word' id='word_1_103' title='bbox 1810 1436 1982 1491; x_wconf 89' lang='lat' dir='ltr'><strong>bonis</strong></span> <span class='ocrx_word' id='word_1_104' title='bbox 2012 1440 2179 1493; x_wconf 73' lang='lat' dir='ltr'><strong>terrea</strong></span> 
     </span>
    </p>
   </div>
   <div class='ocr_carea' id='block_1_18' title="bbox 518 1521 2179 1594">
    <p class='ocr_par' dir='ltr' id='par_1_18' title="bbox 518 1521 2179 1594">
     <span class='ocr_line' id='line_1_18' title="bbox 518 1521 2179 1594; baseline -0.001 -12"><span class='ocrx_word' id='word_1_105' title='bbox 518 1525 728 1583; x_wconf 80' lang='lat' dir='ltr'><strong>volens</strong></span> <span class='ocrx_word' id='word_1_106' title='bbox 756 1539 860 1579; x_wconf 91' lang='lat' dir='ltr'><strong>eos</strong></span> <span class='ocrx_word' id='word_1_107' title='bbox 886 1521 1245 1586; x_wconf 88' lang='lat' dir='ltr'><strong>demulcere,</strong></span> <span class='ocrx_word' id='word_1_108' title='bbox 1273 1522 1379 1593; x_wconf 88' lang='lat' dir='ltr'><strong>qui</strong></span> <span class='ocrx_word' id='word_1_109' title='bbox 1423 1524 1745 1594; x_wconf 89' lang='lat' dir='ltr'><strong>cupiebant</strong></span> <span class='ocrx_word' id='word_1_110' title='bbox 1776 1525 2060 1591; x_wconf 67' lang='lat' dir='ltr'><strong>coelestia,</strong></span> <span class='ocrx_word' id='word_1_111' title='bbox 2095 1526 2179 1581; x_wconf 90' lang='lat' dir='ltr'><strong>di-</strong></span> 
     </span>
    </p>
   </div>
   <div class='ocr_carea' id='block_1_19' title="bbox 517 1608 2175 1684">
    <p class='ocr_par' dir='ltr' id='par_1_19' title="bbox 517 1608 2175 1684">
     <span class='ocr_line' id='line_1_19' title="bbox 517 1608 2175 1684; baseline -0.001 -14"><span class='ocrx_word' id='word_1_112' title='bbox 517 1614 690 1670; x_wconf 91' lang='lat' dir='ltr'><strong>cebat</strong></span> <span class='ocrx_word' id='word_1_113' title='bbox 717 1612 877 1667; x_wconf 91' lang='lat' dir='ltr'><strong>enim</strong></span> <span class='ocrx_word' id='word_1_114' title='bbox 907 1627 920 1665; x_wconf 89' lang='lat'>:</span> <span class='ocrx_word' id='word_1_115' title='bbox 950 1608 1289 1666; x_wconf 86' lang='lat' dir='ltr'><strong>Sacriﬁcate</strong></span> <span class='ocrx_word' id='word_1_116' title='bbox 1318 1625 1546 1680; x_wconf 89' lang='lat' dir='ltr'><strong>magno</strong></span> <span class='ocrx_word' id='word_1_117' title='bbox 1576 1612 1693 1668; x_wconf 91' lang='lat' dir='ltr'><strong>deo</strong></span> <span class='ocrx_word' id='word_1_118' title='bbox 1737 1613 1920 1677; x_wconf 80' lang='lat' dir='ltr'><strong>Marti,</strong></span> <span class='ocrx_word' id='word_1_119' title='bbox 1953 1618 2015 1669; x_wconf 90' lang='lat' dir='ltr'><strong>ut</strong></span> <span class='ocrx_word' id='word_1_120' title='bbox 2045 1614 2175 1684; x_wconf 88' lang='lat' dir='ltr'><strong>ejus</strong></span> 
     </span>
    </p>
   </div>
   <div class='ocr_carea' id='block_1_20' title="bbox 2300 455 3905 531">
    <p class='ocr_par' dir='ltr' id='par_1_20' title="bbox 2300 455 3905 531">
     <span class='ocr_line' id='line_1_20' title="bbox 2300 455 3905 531; baseline 0.001 -24"><span class='ocrx_word' id='word_1_121' title='bbox 2300 456 2405 508; x_wconf 91' lang='grc' dir='ltr'>ἀλλ’</span> <span class='ocrx_word' id='word_1_122' title='bbox 2459 461 2526 520; x_wconf 86' lang='grc' dir='ltr'>ὡς</span> <span class='ocrx_word' id='word_1_123' title='bbox 2568 459 2799 530; x_wconf 84' lang='grc' dir='ltr'>μάλιστα</span> <span class='ocrx_word' id='word_1_124' title='bbox 2842 458 3310 531; x_wconf 75' lang='grc' dir='ltr'><strong>περιεργασάμενος</strong></span> <span class='ocrx_word' id='word_1_125' title='bbox 3365 460 3454 507; x_wconf 89' lang='lat' dir='ltr'><strong>xui</strong></span> <span class='ocrx_word' id='word_1_126' title='bbox 3508 458 3707 527; x_wconf 84' lang='grc' dir='ltr'>μαθὼν,</span> <span class='ocrx_word' id='word_1_127' title='bbox 3760 455 3905 517; x_wconf 76' lang='grc' dir='ltr'>δῆλα</span> 
     </span>
    </p>
   </div>
   <div class='ocr_carea' id='block_1_21' title="bbox 2296 547 3904 619">
    <p class='ocr_par' dir='ltr' id='par_1_21' title="bbox 2296 547 3904 619">
     <span class='ocr_line' id='line_1_21' title="bbox 2296 547 3904 619; baseline 0.001 -21"><span class='ocrx_word' id='word_1_128' title='bbox 2296 556 2463 599; x_wconf 88' lang='grc' dir='ltr'>ταῦτα</span> <span class='ocrx_word' id='word_1_129' title='bbox 2516 557 2587 619; x_wconf 76' lang='grc' dir='ltr'>τῷ</span> <span class='ocrx_word' id='word_1_130' title='bbox 2656 547 2932 618; x_wconf 77' lang='grc' dir='ltr'><strong>ἀνθυπάτῳ</strong></span> <span class='ocrx_word' id='word_1_131' title='bbox 2986 553 3141 608; x_wconf 82' lang='grc' dir='ltr'>ποιεῖ,</span> <span class='ocrx_word' id='word_1_132' title='bbox 3204 550 3293 596; x_wconf 85' lang='grc' dir='ltr'>καὶ</span> <span class='ocrx_word' id='word_1_133' title='bbox 3351 554 3684 619; x_wconf 80' lang='grc' dir='ltr'>παραχρῆμα</span> <span class='ocrx_word' id='word_1_134' title='bbox 3746 567 3904 600; x_wconf 88' lang='grc' dir='ltr'>συνε-</span> 
     </span>
    </p>
   </div>
   <div class='ocr_carea' id='block_1_22' title="bbox 2296 634 3897 706">
    <p class='ocr_par' dir='ltr' id='par_1_22' title="bbox 2296 634 3897 706">
     <span class='ocr_line' id='line_1_22' title="bbox 2296 634 3897 706; baseline 0.001 -21"><span class='ocrx_word' id='word_1_135' title='bbox 2296 634 2615 706; x_wconf 77' lang='grc' dir='ltr'>λαμϐάνοντο</span> <span class='ocrx_word' id='word_1_136' title='bbox 2658 637 2787 689; x_wconf 82' lang='grc' dir='ltr'>ἄλλα</span> <span class='ocrx_word' id='word_1_137' title='bbox 2851 655 2902 688; x_wconf 88' lang='grc' dir='ltr'><strong>τε</strong></span> <span class='ocrx_word' id='word_1_138' title='bbox 2956 634 3118 687; x_wconf 83' lang='grc' dir='ltr'>πολλὰ</span> <span class='ocrx_word' id='word_1_139' title='bbox 3168 642 3267 685; x_wconf 90' lang='grc' dir='ltr'><strong>τῶν</strong></span> <span class='ocrx_word' id='word_1_140' title='bbox 3321 641 3648 706; x_wconf 80' lang='grc' dir='ltr'><strong>Χριστιανῶν</strong></span> <span class='ocrx_word' id='word_1_141' title='bbox 3700 634 3897 701; x_wconf 78' lang='grc' dir='ltr'>πλήθη,</span> 
     </span>
    </p>
   </div>
   <div class='ocr_carea' id='block_1_23' title="bbox 2296 722 3901 797">
    <p class='ocr_par' dir='ltr' id='par_1_23' title="bbox 2296 722 3901 797">
     <span class='ocr_line' id='line_1_23' title="bbox 2296 722 3901 797; baseline 0 -21"><span class='ocrx_word' id='word_1_142' title='bbox 2296 731 2385 778; x_wconf 83' lang='grc' dir='ltr'>καὶ</span> <span class='ocrx_word' id='word_1_143' title='bbox 2426 727 2631 787; x_wconf 86' lang='grc' dir='ltr'>αύτόςό</span> <span class='ocrx_word' id='word_1_144' title='bbox 2675 730 2803 787; x_wconf 83' lang='grc' dir='ltr'>θεῖος</span> <span class='ocrx_word' id='word_1_145' title='bbox 2836 726 2977 785; x_wconf 81' lang='grc' dir='ltr'>οὗτος</span> <span class='ocrx_word' id='word_1_146' title='bbox 3027 728 3207 797; x_wconf 82' lang='grc' dir='ltr'>χορός,</span> <span class='ocrx_word' id='word_1_147' title='bbox 3257 723 3311 783; x_wconf 87' lang='grc' dir='ltr'>ὃς</span> <span class='ocrx_word' id='word_1_148' title='bbox 3356 722 3586 776; x_wconf 82' lang='grc' dir='ltr'>έπλούτει</span> <span class='ocrx_word' id='word_1_149' title='bbox 3635 729 3729 782; x_wconf 74' lang='grc' dir='ltr'>τὴν</span> <span class='ocrx_word' id='word_1_150' title='bbox 3773 726 3901 777; x_wconf 82' lang='grc' dir='ltr'>καλ-</span> 
     </span>
    </p>
   </div>
   <div class='ocr_carea' id='block_1_24' title="bbox 2295 812 3898 887">
    <p class='ocr_par' dir='ltr' id='par_1_24' title="bbox 2295 812 3898 887">
     <span class='ocr_line' id='line_1_24' title="bbox 2295 812 3898 887; baseline -0.001 -21"><span class='ocrx_word' id='word_1_151' title='bbox 2295 814 2601 887; x_wconf 78' lang='grc' dir='ltr'>λιπάρθενον</span> <span class='ocrx_word' id='word_1_152' title='bbox 2683 816 2972 887; x_wconf 80' lang='grc' dir='ltr'>Εύφημίαν,</span> <span class='ocrx_word' id='word_1_153' title='bbox 3050 812 3080 871; x_wconf 78' lang='grc' dir='ltr'>ἢ</span> <span class='ocrx_word' id='word_1_154' title='bbox 3133 812 3305 864; x_wconf 81' lang='grc' dir='ltr'>κάλλει</span> <span class='ocrx_word' id='word_1_155' title='bbox 3384 831 3435 864; x_wconf 90' lang='grc' dir='ltr'><strong>τε</strong></span> <span class='ocrx_word' id='word_1_156' title='bbox 3513 818 3750 885; x_wconf 85' lang='grc' dir='ltr'>σώματος</span> <span class='ocrx_word' id='word_1_157' title='bbox 3807 819 3898 865; x_wconf 86' lang='lat' dir='ltr'><strong>xui</strong></span> 
     </span>
    </p>
   </div>
   <div class='ocr_carea' id='block_1_25' title="bbox 2295 902 3897 978">
    <p class='ocr_par' dir='ltr' id='par_1_25' title="bbox 2295 902 3897 978">
     <span class='ocr_line' id='line_1_25' title="bbox 2295 902 3897 978; baseline -0.001 -23"><span class='ocrx_word' id='word_1_158' title='bbox 2295 904 2481 977; x_wconf 84' lang='grc' dir='ltr'>ἀρετῆς</span> <span class='ocrx_word' id='word_1_159' title='bbox 2533 906 2662 978; x_wconf 79' lang='grc' dir='ltr'>ὥρᾳ,</span> <span class='ocrx_word' id='word_1_160' title='bbox 2722 906 2865 957; x_wconf 68' lang='grc' dir='ltr'>ἄνθει</span> <span class='ocrx_word' id='word_1_161' title='bbox 2930 923 2983 956; x_wconf 90' lang='grc' dir='ltr'><strong>τε</strong></span> <span class='ocrx_word' id='word_1_162' title='bbox 3045 902 3246 961; x_wconf 79' lang='grc' dir='ltr'>ἡλικίας</span> <span class='ocrx_word' id='word_1_163' title='bbox 3296 906 3388 953; x_wconf 81' lang='grc' dir='ltr'>καὶ</span> <span class='ocrx_word' id='word_1_164' title='bbox 3448 905 3628 972; x_wconf 85' lang='grc' dir='ltr'>γένους</span> <span class='ocrx_word' id='word_1_165' title='bbox 3679 921 3897 976; x_wconf 79' lang='grc' dir='ltr'>περιφα-</span> 
     </span>
    </p>
   </div>
   <div class='ocr_carea' id='block_1_26' title="bbox 2291 989 3896 1066">
    <p class='ocr_par' dir='ltr' id='par_1_26' title="bbox 2291 989 3896 1066">
     <span class='ocr_line' id='line_1_26' title="bbox 2291 989 3896 1066; baseline 0 -22"><span class='ocrx_word' id='word_1_166' title='bbox 2291 998 2420 1064; x_wconf 80' lang='grc' dir='ltr'>νείᾳ,</span> <span class='ocrx_word' id='word_1_167' title='bbox 2472 997 2628 1065; x_wconf 80' lang='grc' dir='ltr'><strong>μέσον</strong></span> <span class='ocrx_word' id='word_1_168' title='bbox 2679 993 2846 1045; x_wconf 70' lang='grc' dir='ltr'>αὐτῶν</span> <span class='ocrx_word' id='word_1_169' title='bbox 2918 995 3053 1044; x_wconf 88' lang='grc' dir='ltr'><strong>κατά</strong></span> <span class='ocrx_word' id='word_1_170' title='bbox 3135 996 3251 1051; x_wconf 81' lang='grc' dir='ltr'>τοὺς</span> <span class='ocrx_word' id='word_1_171' title='bbox 3324 989 3589 1062; x_wconf 83' lang='grc' dir='ltr'>λαμπρούς</span> <span class='ocrx_word' id='word_1_172' title='bbox 3668 990 3896 1066; x_wconf 87' lang='grc' dir='ltr'>ἀστέρας</span> 
     </span>
    </p>
   </div>
   <div class='ocr_carea' id='block_1_27' title="bbox 2289 1076 3897 1155">
    <p class='ocr_par' dir='ltr' id='par_1_27' title="bbox 2289 1076 3897 1155">
     <span class='ocr_line' id='line_1_27' title="bbox 2289 1076 3897 1155; baseline -0.001 -21"><span class='ocrx_word' id='word_1_173' title='bbox 2289 1082 2572 1155; x_wconf 72' lang='grc' dir='ltr'>λάμπουσα</span> <span class='ocrx_word' id='word_1_174' title='bbox 2618 1080 2698 1140; x_wconf 83' lang='grc' dir='ltr'><strong>ἧν.</strong></span> <span class='ocrx_word' id='word_1_175' title='bbox 2763 1084 2844 1143; x_wconf 86' lang='grc' dir='ltr'><strong>Εἰς</strong></span> <span class='ocrx_word' id='word_1_176' title='bbox 2894 1082 3032 1134; x_wconf 74' lang='grc' dir='ltr'>ἐννέα</span> <span class='ocrx_word' id='word_1_177' title='bbox 3079 1085 3166 1152; x_wconf 74' lang='grc' dir='ltr'><strong>μεν</strong></span> <span class='ocrx_word' id='word_1_178' title='bbox 3221 1076 3308 1132; x_wconf 78' lang='grc' dir='ltr'>οὖν</span> <span class='ocrx_word' id='word_1_179' title='bbox 3356 1086 3447 1133; x_wconf 81' lang='grc' dir='ltr'>καὶ</span> <span class='ocrx_word' id='word_1_180' title='bbox 3494 1084 3897 1153; x_wconf 79' lang='grc' dir='ltr'>τεσσαράκοντα</span> 
     </span>
    </p>
   </div>
   <div class='ocr_carea' id='block_1_28' title="bbox 2289 1166 3896 1245">
    <p class='ocr_par' dir='ltr' id='par_1_28' title="bbox 2289 1166 3896 1245">
     <span class='ocr_line' id='line_1_28' title="bbox 2289 1166 3896 1245; baseline 0.001 -23"><span class='ocrx_word' id='word_1_181' title='bbox 2289 1174 2347 1222; x_wconf 91' lang='grc' dir='ltr'><strong>τό</strong></span> <span class='ocrx_word' id='word_1_182' title='bbox 2408 1173 2540 1245; x_wconf 77' lang='grc' dir='ltr'>ἱερὸν</span> <span class='ocrx_word' id='word_1_183' title='bbox 2594 1170 2749 1224; x_wconf 76' lang='grc' dir='ltr'>έκεῖνο</span> <span class='ocrx_word' id='word_1_184' title='bbox 2812 1171 3100 1224; x_wconf 71' lang='grc' dir='ltr'><strong>συνείλεκτο</strong></span> <span class='ocrx_word' id='word_1_185' title='bbox 3158 1170 3447 1243; x_wconf 81' lang='grc' dir='ltr'><strong>ἄθροισμα,</strong></span> <span class='ocrx_word' id='word_1_186' title='bbox 3501 1166 3550 1221; x_wconf 77' lang='grc' dir='ltr'>οἳ</span> <span class='ocrx_word' id='word_1_187' title='bbox 3601 1175 3692 1221; x_wconf 86' lang='grc' dir='ltr'>καὶ</span> <span class='ocrx_word' id='word_1_188' title='bbox 3776 1172 3896 1223; x_wconf 85' lang='grc' dir='ltr'>κατ’</span> 
     </span>
    </p>
   </div>
   <div class='ocr_carea' id='block_1_29' title="bbox 2290 1258 3891 1334">
    <p class='ocr_par' dir='ltr' id='par_1_29' title="bbox 2290 1258 3891 1334">
     <span class='ocr_line' id='line_1_29' title="bbox 2290 1258 3891 1334; baseline 0.001 -24"><span class='ocrx_word' id='word_1_189' title='bbox 2290 1260 2410 1330; x_wconf 68' lang='grc' dir='ltr'>ὄψιν</span> <span class='ocrx_word' id='word_1_190' title='bbox 2443 1259 2551 1313; x_wconf 79' lang='grc' dir='ltr'>ἐπεὶ</span> <span class='ocrx_word' id='word_1_191' title='bbox 2594 1262 2989 1334; x_wconf 77' lang='grc' dir='ltr'>συνελήφθησαν</span> <span class='ocrx_word' id='word_1_192' title='bbox 3047 1267 3118 1330; x_wconf 82' lang='grc' dir='ltr'>τῷ</span> <span class='ocrx_word' id='word_1_193' title='bbox 3160 1258 3438 1331; x_wconf 80' lang='grc' dir='ltr'>ἀνθυπάτῳ</span> <span class='ocrx_word' id='word_1_194' title='bbox 3496 1263 3839 1332; x_wconf 80' lang='grc' dir='ltr'>παρέστησαν</span> <span class='ocrx_word' id='word_1_195' title='bbox 3880 1278 3891 1289; x_wconf 91' lang='grc'>·</span> 
     </span>
    </p>
   </div>
   <div class='ocr_carea' id='block_1_30' title="bbox 2289 1347 3893 1424">
    <p class='ocr_par' dir='ltr' id='par_1_30' title="bbox 2289 1347 3893 1424">
     <span class='ocr_line' id='line_1_30' title="bbox 2289 1347 3893 1424; baseline 0.001 -23"><span class='ocrx_word' id='word_1_196' title='bbox 2289 1350 2314 1401; x_wconf 99' lang='lat'><strong>6</strong></span> <span class='ocrx_word' id='word_1_197' title='bbox 2364 1347 2422 1402; x_wconf 73' lang='grc' dir='ltr'><strong>δε</strong></span> <span class='ocrx_word' id='word_1_198' title='bbox 2473 1355 2773 1423; x_wconf 75' lang='grc' dir='ltr'>παραινέσει</span> <span class='ocrx_word' id='word_1_199' title='bbox 2825 1355 3068 1424; x_wconf 83' lang='grc' dir='ltr'>πρότερον</span> <span class='ocrx_word' id='word_1_200' title='bbox 3123 1348 3340 1419; x_wconf 79' lang='grc' dir='ltr'>ἀπάγειν</span> <span class='ocrx_word' id='word_1_201' title='bbox 3400 1351 3589 1409; x_wconf 83' lang='grc' dir='ltr'>αύτούς</span> <span class='ocrx_word' id='word_1_202' title='bbox 3648 1348 3893 1420; x_wconf 80' lang='grc' dir='ltr'>ἐπειρᾶτο</span> 
     </span>
    </p>
   </div>
   <div class='ocr_carea' id='block_1_31' title="bbox 2287 1436 3894 1509">
    <p class='ocr_par' dir='ltr' id='par_1_31' title="bbox 2287 1436 3894 1509">
     <span class='ocr_line' id='line_1_31' title="bbox 2287 1436 3894 1509; baseline 0 -19"><span class='ocrx_word' id='word_1_203' title='bbox 2287 1447 2382 1498; x_wconf 81' lang='grc' dir='ltr'>τῆς</span> <span class='ocrx_word' id='word_1_204' title='bbox 2434 1438 2714 1503; x_wconf 76' lang='grc' dir='ltr'>εὐσεϐείας,</span> <span class='ocrx_word' id='word_1_205' title='bbox 2778 1445 2887 1501; x_wconf 85' lang='grc' dir='ltr'>τοῖς</span> <span class='ocrx_word' id='word_1_206' title='bbox 2939 1437 3158 1509; x_wconf 80' lang='grc' dir='ltr'>ἀγαθοῖς</span> <span class='ocrx_word' id='word_1_207' title='bbox 3205 1445 3301 1499; x_wconf 84' lang='grc' dir='ltr'>τῆς</span> <span class='ocrx_word' id='word_1_208' title='bbox 3355 1445 3455 1508; x_wconf 86' lang='grc' dir='ltr'>γῆς</span> <span class='ocrx_word' id='word_1_209' title='bbox 3504 1437 3694 1508; x_wconf 76' lang='grc' dir='ltr'>θέλγειν</span> <span class='ocrx_word' id='word_1_210' title='bbox 3757 1436 3894 1509; x_wconf 77' lang='grc' dir='ltr'>βου-</span> 
     </span>
    </p>
   </div>
   <div class='ocr_carea' id='block_1_32' title="bbox 2285 1526 3887 1599">
    <p class='ocr_par' dir='ltr' id='par_1_32' title="bbox 2285 1526 3887 1599">
     <span class='ocr_line' id='line_1_32' title="bbox 2285 1526 3887 1599; baseline 0.002 -22"><span class='ocrx_word' id='word_1_211' title='bbox 2285 1526 2513 1599; x_wconf 88' lang='grc' dir='ltr'>λόμενος,</span> <span class='ocrx_word' id='word_1_212' title='bbox 2570 1532 2692 1589; x_wconf 85' lang='grc' dir='ltr'>τοὺς</span> <span class='ocrx_word' id='word_1_213' title='bbox 2748 1535 2868 1581; x_wconf 89' lang='grc' dir='ltr'>τῶν.</span> <span class='ocrx_word' id='word_1_214' title='bbox 2932 1569 2944 1582; x_wconf 93' lang='grc'><strong>.</strong></span> <span class='ocrx_word' id='word_1_215' title='bbox 3006 1567 3018 1579; x_wconf 93' lang='grc'><strong>.</strong></span> <span class='ocrx_word' id='word_1_216' title='bbox 3084 1569 3096 1581; x_wconf 92' lang='grc'><strong>.</strong></span> <span class='ocrx_word' id='word_1_217' title='bbox 3155 1569 3167 1581; x_wconf 94' lang='grc'><em>.</em></span> <span class='ocrx_word' id='word_1_218' title='bbox 3214 1568 3225 1579; x_wconf 91' lang='grc'><strong>.</strong></span> <span class='ocrx_word' id='word_1_219' title='bbox 3269 1530 3592 1597; x_wconf 86' lang='grc' dir='ltr'>εφισμένους,</span> <span class='ocrx_word' id='word_1_220' title='bbox 3653 1529 3887 1592; x_wconf 87' lang='grc' dir='ltr'>Θύσατε,</span> 
     </span>
    </p>
   </div>
   <div class='ocr_carea' id='block_1_33' title="bbox 2284 1614 3892 1691">
    <p class='ocr_par' dir='ltr' id='par_1_33' title="bbox 2284 1614 3892 1691">
     <span class='ocr_line' id='line_1_33' title="bbox 2284 1614 3892 1691; baseline 0.001 -24"><span class='ocrx_word' id='word_1_221' title='bbox 2284 1615 2461 1685; x_wconf 84' lang='grc' dir='ltr'>λέγων,</span> <span class='ocrx_word' id='word_1_222' title='bbox 2513 1624 2583 1688; x_wconf 83' lang='grc' dir='ltr'>τῷ</span> <span class='ocrx_word' id='word_1_223' title='bbox 2640 1616 2847 1689; x_wconf 82' lang='grc' dir='ltr'>μεγάλῳ</span> <span class='ocrx_word' id='word_1_224' title='bbox 2906 1618 3001 1686; x_wconf 75' lang='grc' dir='ltr'>θεῷ</span> <span class='ocrx_word' id='word_1_225' title='bbox 3052 1615 3197 1689; x_wconf 71' lang='grc' dir='ltr'>’Ἄρει</span> <span class='ocrx_word' id='word_1_226' title='bbox 3279 1618 3342 1675; x_wconf 85' lang='grc' dir='ltr'>ὡς</span> <span class='ocrx_word' id='word_1_227' title='bbox 3404 1614 3464 1666; x_wconf 84' lang='grc' dir='ltr'><strong>ἀν</strong></span> <span class='ocrx_word' id='word_1_228' title='bbox 3509 1623 3604 1676; x_wconf 86' lang='grc' dir='ltr'>τῆς</span> <span class='ocrx_word' id='word_1_229' title='bbox 3655 1635 3708 1668; x_wconf 94' lang='grc' dir='ltr'><strong>τε</strong></span> <span class='ocrx_word' id='word_1_230' title='bbox 3763 1618 3892 1691; x_wconf 88' lang='grc' dir='ltr'>παρ’</span> 
     </span>
    </p>
   </div>
   <div class='ocr_carea' id='block_1_34' title="bbox 513 1699 2155 1777">
    <p class='ocr_par' dir='ltr' id='par_1_34' title="bbox 513 1699 2155 1771">
     <span class='ocr_line' id='line_1_34' title="bbox 513 1699 2155 1771; baseline -0.002 -11"><span class='ocrx_word' id='word_1_231' title='bbox 513 1701 947 1771; x_wconf 85' lang='lat' dir='ltr'><strong>benevolentia,</strong></span> <span class='ocrx_word' id='word_1_232' title='bbox 978 1705 1033 1756; x_wconf 89' lang='lat' dir='ltr'><strong>et</strong></span> <span class='ocrx_word' id='word_1_233' title='bbox 1061 1699 1134 1754; x_wconf 91' lang='lat' dir='ltr'><strong>ab</strong></span> <span class='ocrx_word' id='word_1_234' title='bbox 1162 1699 1628 1771; x_wconf 89' lang='lat' dir='ltr'><strong>imperatoribus</strong></span> <span class='ocrx_word' id='word_1_235' title='bbox 1665 1701 1875 1758; x_wconf 91' lang='lat' dir='ltr'><strong>danda</strong></span> <span class='ocrx_word' id='word_1_236' title='bbox 1904 1702 2155 1758; x_wconf 71' lang='lat' dir='ltr'><strong>felicitati</strong></span> 
     </span>
    </p>
   </div>
   <div class='ocr_carea' id='block_1_35' title="bbox 2265 1699 3894 1777">
    <p class='ocr_par' dir='ltr' id='par_1_35' title="bbox 2284 1701 3894 1777">
     <span class='ocr_line' id='line_1_35' title="bbox 2284 1701 3894 1777; baseline 0.001 -21"><span class='ocrx_word' id='word_1_237' title='bbox 2284 1705 2443 1757; x_wconf 83' lang='grc' dir='ltr'>αύτοῦ</span> <span class='ocrx_word' id='word_1_238' title='bbox 2502 1705 2759 1777; x_wconf 72' lang='grc' dir='ltr'><strong>εὐμενείας</strong></span> <span class='ocrx_word' id='word_1_239' title='bbox 2812 1710 2900 1757; x_wconf 85' lang='grc' dir='ltr'>καὶ</span> <span class='ocrx_word' id='word_1_240' title='bbox 2957 1714 3051 1767; x_wconf 82' lang='grc' dir='ltr'>τῆς</span> <span class='ocrx_word' id='word_1_241' title='bbox 3107 1704 3160 1757; x_wconf 76' lang='grc' dir='ltr'>ἐκ</span> <span class='ocrx_word' id='word_1_242' title='bbox 3240 1702 3498 1776; x_wconf 82' lang='grc' dir='ltr'>βασιλέων</span> <span class='ocrx_word' id='word_1_243' title='bbox 3548 1701 3894 1776; x_wconf 73' lang='grc' dir='ltr'>εὐδαιμονίας</span> 
     </span>
    </p>
   </div>
   <div class='ocr_carea' id='block_1_36' title="bbox 513 1788 2175 1863">
    <p class='ocr_par' dir='ltr' id='par_1_36' title="bbox 513 1788 2175 1863">
     <span class='ocr_line' id='line_1_36' title="bbox 513 1788 2175 1863; baseline -0.001 -14"><span class='ocrx_word' id='word_1_244' title='bbox 513 1808 622 1849; x_wconf 82' lang='lat' dir='ltr'><strong>vos</strong></span> <span class='ocrx_word' id='word_1_245' title='bbox 679 1791 898 1861; x_wconf 89' lang='lat' dir='ltr'><strong>dignos</strong></span> <span class='ocrx_word' id='word_1_246' title='bbox 954 1788 1246 1854; x_wconf 78' lang='lat' dir='ltr'><strong>efﬁciatis,</strong></span> <span class='ocrx_word' id='word_1_247' title='bbox 1302 1795 1357 1844; x_wconf 92' lang='lat' dir='ltr'><strong>et</strong></span> <span class='ocrx_word' id='word_1_248' title='bbox 1405 1788 1665 1860; x_wconf 88' lang='lat' dir='ltr'><strong>plurima</strong></span> <span class='ocrx_word' id='word_1_249' title='bbox 1726 1792 2175 1863; x_wconf 91' lang='lat' dir='ltr'><strong>consequamini</strong></span> 
     </span>
    </p>
   </div>
   <div class='ocr_carea' id='block_1_37' title="bbox 513 1878 2174 1945">
    <p class='ocr_par' dir='ltr' id='par_1_37' title="bbox 513 1878 2174 1945">
     <span class='ocr_line' id='line_1_37' title="bbox 513 1878 2174 1945; baseline -0.002 -6"><span class='ocrx_word' id='word_1_250' title='bbox 513 1897 765 1939; x_wconf 86' lang='lat' dir='ltr'><strong>munera</strong></span> <span class='ocrx_word' id='word_1_251' title='bbox 802 1884 859 1935; x_wconf 91' lang='lat' dir='ltr'><strong>et</strong></span> <span class='ocrx_word' id='word_1_252' title='bbox 890 1879 1173 1935; x_wconf 90' lang='lat' dir='ltr'><strong>honores.</strong></span> <span class='ocrx_word' id='word_1_253' title='bbox 1205 1878 1307 1934; x_wconf 88' lang='lat' dir='ltr'><strong>Cui</strong></span> <span class='ocrx_word' id='word_1_254' title='bbox 1349 1878 1587 1934; x_wconf 91' lang='lat' dir='ltr'><strong>divinus</strong></span> <span class='ocrx_word' id='word_1_255' title='bbox 1635 1879 1730 1935; x_wconf 91' lang='lat' dir='ltr'><strong>ille</strong></span> <span class='ocrx_word' id='word_1_256' title='bbox 1776 1880 2013 1945; x_wconf 88' lang='lat' dir='ltr'><strong>chorus,</strong></span> <span class='ocrx_word' id='word_1_257' title='bbox 2049 1886 2174 1936; x_wconf 85' lang='lat' dir='ltr'><strong>tan-</strong></span> 
     </span>
    </p>
   </div>
   <div class='ocr_carea' id='block_1_38' title="bbox 510 1966 2171 2044">
    <p class='ocr_par' dir='ltr' id='par_1_38' title="bbox 510 1966 2171 2044">
     <span class='ocr_line' id='line_1_38' title="bbox 510 1966 2171 2044; baseline -0.002 -17"><span class='ocrx_word' id='word_1_258' title='bbox 510 1986 697 2044; x_wconf 88' lang='lat' dir='ltr'><strong>quam</strong></span> <span class='ocrx_word' id='word_1_259' title='bbox 755 1984 875 2024; x_wconf 90' lang='lat' dir='ltr'><strong>uno</strong></span> <span class='ocrx_word' id='word_1_260' title='bbox 910 1966 1113 2023; x_wconf 90' lang='lat' dir='ltr'><strong>animo</strong></span> <span class='ocrx_word' id='word_1_261' title='bbox 1163 1971 1219 2022; x_wconf 90' lang='lat' dir='ltr'><strong>et</strong></span> <span class='ocrx_word' id='word_1_262' title='bbox 1254 1982 1374 2022; x_wconf 92' lang='lat' dir='ltr'><strong>uno</strong></span> <span class='ocrx_word' id='word_1_263' title='bbox 1416 1983 1519 2023; x_wconf 89' lang='lat' dir='ltr'><strong>ore</strong></span> <span class='ocrx_word' id='word_1_264' title='bbox 1551 1982 1565 2022; x_wconf 89' lang='lat'><strong>:</strong></span> <span class='ocrx_word' id='word_1_265' title='bbox 1598 1968 1740 2033; x_wconf 90' lang='lat' dir='ltr'><strong>Nos,</strong></span> <span class='ocrx_word' id='word_1_266' title='bbox 1798 1969 2091 2037; x_wconf 78' lang='lat' dir='ltr'><strong>dixerunt,</strong></span> <span class='ocrx_word' id='word_1_267' title='bbox 2135 1984 2171 2024; x_wconf 90' lang='grc' dir='ltr'><strong>ο</strong></span> 
     </span>
    </p>
   </div>
   <div class='ocr_carea' id='block_1_39' title="bbox 511 2056 2168 2133">
    <p class='ocr_par' dir='ltr' id='par_1_39' title="bbox 511 2056 2168 2133">
     <span class='ocr_line' id='line_1_39' title="bbox 511 2056 2168 2133; baseline -0.003 -17"><span class='ocrx_word' id='word_1_268' title='bbox 511 2056 852 2133; x_wconf 86' lang='lat' dir='ltr'><strong>proconsul,</strong></span> <span class='ocrx_word' id='word_1_269' title='bbox 899 2059 1084 2111; x_wconf 88' lang='lat' dir='ltr'><strong>Deum</strong></span> <span class='ocrx_word' id='word_1_270' title='bbox 1138 2071 1346 2111; x_wconf 90' lang='lat' dir='ltr'><strong>verum</strong></span> <span class='ocrx_word' id='word_1_271' title='bbox 1387 2056 1579 2112; x_wconf 89' lang='lat' dir='ltr'><strong>colere</strong></span> <span class='ocrx_word' id='word_1_272' title='bbox 1618 2057 1958 2123; x_wconf 89' lang='lat' dir='ltr'><strong>didicimus,</strong></span> <span class='ocrx_word' id='word_1_273' title='bbox 1994 2058 2168 2127; x_wconf 91' lang='lat' dir='ltr'><strong>cujus</strong></span> 
     </span>
    </p>
   </div>
   <div class='ocr_carea' id='block_1_40' title="bbox 509 2145 2169 2217">
    <p class='ocr_par' dir='ltr' id='par_1_40' title="bbox 509 2145 2169 2217">
     <span class='ocr_line' id='line_1_40' title="bbox 509 2145 2169 2217; baseline -0.002 -13"><span class='ocrx_word' id='word_1_274' title='bbox 509 2147 690 2204; x_wconf 84' lang='lat' dir='ltr'><strong>verbo</strong></span> <span class='ocrx_word' id='word_1_275' title='bbox 729 2162 800 2202; x_wconf 78' lang='lat' dir='ltr'><strong>ex</strong></span> <span class='ocrx_word' id='word_1_276' title='bbox 838 2145 909 2200; x_wconf 91' lang='lat' dir='ltr'><strong>iis</strong></span> <span class='ocrx_word' id='word_1_277' title='bbox 960 2160 1094 2217; x_wconf 72' lang='lat' dir='ltr'><strong>qum</strong></span> <span class='ocrx_word' id='word_1_278' title='bbox 1125 2159 1247 2199; x_wconf 93' lang='lat' dir='ltr'><strong>non</strong></span> <span class='ocrx_word' id='word_1_279' title='bbox 1286 2148 1458 2200; x_wconf 87' lang='lat' dir='ltr'><strong>erant</strong></span> <span class='ocrx_word' id='word_1_280' title='bbox 1486 2146 1871 2201; x_wconf 91' lang='lat' dir='ltr'><strong>constitutum</strong></span> <span class='ocrx_word' id='word_1_281' title='bbox 1916 2152 2003 2203; x_wconf 89' lang='lat' dir='ltr'><strong>est</strong></span> <span class='ocrx_word' id='word_1_282' title='bbox 2042 2146 2169 2201; x_wconf 86' lang='lat' dir='ltr'><strong>uni-</strong></span> 
     </span>
    </p>
   </div>
   <div class='ocr_carea' id='block_1_41' title="bbox 509 2234 2164 2307">
    <p class='ocr_par' dir='ltr' id='par_1_41' title="bbox 509 2234 2164 2307">
     <span class='ocr_line' id='line_1_41' title="bbox 509 2234 2164 2307; baseline -0.002 -14"><span class='ocrx_word' id='word_1_283' title='bbox 509 2251 770 2302; x_wconf 83' lang='lat' dir='ltr'><strong>versum,</strong></span> <span class='ocrx_word' id='word_1_284' title='bbox 804 2234 1022 2290; x_wconf 63' lang='lat' dir='ltr'><strong>coelum</strong></span> <span class='ocrx_word' id='word_1_285' title='bbox 1039 2237 1095 2289; x_wconf 92' lang='lat' dir='ltr'><strong>et</strong></span> <span class='ocrx_word' id='word_1_286' title='bbox 1124 2238 1296 2299; x_wconf 88' lang='lat' dir='ltr'><strong>terra,</strong></span> <span class='ocrx_word' id='word_1_287' title='bbox 1325 2238 1381 2288; x_wconf 91' lang='lat' dir='ltr'><strong>et</strong></span> <span class='ocrx_word' id='word_1_288' title='bbox 1399 2234 1754 2307; x_wconf 70' lang='lat' dir='ltr'><strong>omniaqute</strong></span> <span class='ocrx_word' id='word_1_289' title='bbox 1784 2242 1922 2291; x_wconf 92' lang='lat' dir='ltr'><strong>sunt</strong></span> <span class='ocrx_word' id='word_1_290' title='bbox 1951 2235 2011 2290; x_wconf 92' lang='lat' dir='ltr'><strong>in</strong></span> <span class='ocrx_word' id='word_1_291' title='bbox 2033 2234 2118 2290; x_wconf 91' lang='lat' dir='ltr'><strong>eis</strong></span> <span class='ocrx_word' id='word_1_292' title='bbox 2149 2250 2164 2301; x_wconf 93' lang='lat'><strong>;</strong></span> 
     </span>
    </p>
   </div>
   <div class='ocr_carea' id='block_1_42' title="bbox 506 2322 2166 2397">
    <p class='ocr_par' dir='ltr' id='par_1_42' title="bbox 506 2322 2166 2397">
     <span class='ocr_line' id='line_1_42' title="bbox 506 2322 2166 2397; baseline -0.002 -15"><span class='ocrx_word' id='word_1_293' title='bbox 506 2340 704 2397; x_wconf 90' lang='lat' dir='ltr'><strong>neque</strong></span> <span class='ocrx_word' id='word_1_294' title='bbox 736 2322 920 2379; x_wconf 92' lang='lat' dir='ltr'><strong>ullum</strong></span> <span class='ocrx_word' id='word_1_295' title='bbox 948 2322 1134 2377; x_wconf 90' lang='lat' dir='ltr'><strong>alium</strong></span> <span class='ocrx_word' id='word_1_296' title='bbox 1160 2322 1345 2377; x_wconf 89' lang='lat' dir='ltr'><strong>Deum</strong></span> <span class='ocrx_word' id='word_1_297' title='bbox 1372 2322 1617 2391; x_wconf 88' lang='lat' dir='ltr'><strong>scimus,</strong></span> <span class='ocrx_word' id='word_1_298' title='bbox 1636 2326 2043 2396; x_wconf 63' lang='lat' dir='ltr'><strong>prasterhunc,</strong></span> <span class='ocrx_word' id='word_1_299' title='bbox 2067 2339 2166 2380; x_wconf 90' lang='lat' dir='ltr'><strong>ne-</strong></span> 
     </span>
    </p>
   </div>
   <div class='ocr_carea' id='block_1_43' title="bbox 507 2411 2161 2488">
    <p class='ocr_par' dir='ltr' id='par_1_43' title="bbox 507 2411 2161 2488">
     <span class='ocr_line' id='line_1_43' title="bbox 507 2411 2161 2488; baseline -0.002 -17"><span class='ocrx_word' id='word_1_300' title='bbox 507 2429 621 2488; x_wconf 89' lang='lat' dir='ltr'><strong>que</strong></span> <span class='ocrx_word' id='word_1_301' title='bbox 676 2413 929 2470; x_wconf 88' lang='lat' dir='ltr'><strong>adorare</strong></span> <span class='ocrx_word' id='word_1_302' title='bbox 978 2411 1177 2483; x_wconf 91' lang='lat' dir='ltr'><strong>(absit,</strong></span> <span class='ocrx_word' id='word_1_303' title='bbox 1220 2414 1333 2467; x_wconf 81' lang='lat' dir='ltr'><strong>Rex</strong></span> <span class='ocrx_word' id='word_1_304' title='bbox 1391 2412 1635 2484; x_wconf 85' lang='lat' dir='ltr'><strong>Christe)</strong></span> <span class='ocrx_word' id='word_1_305' title='bbox 1704 2413 2161 2469; x_wconf 89' lang='lat' dir='ltr'><strong>sustinebimus.</strong></span> 
     </span>
    </p>
   </div>
   <div class='ocr_carea' id='block_1_44' title="bbox 506 2500 2163 2575">
    <p class='ocr_par' dir='ltr' id='par_1_44' title="bbox 506 2500 2163 2575">
     <span class='ocr_line' id='line_1_44' title="bbox 506 2500 2163 2575; baseline 0 -17"><span class='ocrx_word' id='word_1_306' title='bbox 506 2502 633 2559; x_wconf 87' lang='lat' dir='ltr'><strong>Tua</strong></span> <span class='ocrx_word' id='word_1_307' title='bbox 661 2508 863 2560; x_wconf 88' lang='lat' dir='ltr'><strong>autem</strong></span> <span class='ocrx_word' id='word_1_308' title='bbox 901 2501 1129 2557; x_wconf 90' lang='lat' dir='ltr'><strong>donaet</strong></span> <span class='ocrx_word' id='word_1_309' title='bbox 1158 2501 1415 2557; x_wconf 88' lang='lat' dir='ltr'><strong>honores</strong></span> <span class='ocrx_word' id='word_1_310' title='bbox 1449 2500 1598 2557; x_wconf 88' lang='lat' dir='ltr'><strong>alios</strong></span> <span class='ocrx_word' id='word_1_311' title='bbox 1625 2502 1906 2573; x_wconf 90' lang='lat' dir='ltr'><strong>alliciant,</strong></span> <span class='ocrx_word' id='word_1_312' title='bbox 1941 2518 2163 2575; x_wconf 90' lang='lat' dir='ltr'><strong>eosque</strong></span> 
     </span>
    </p>
   </div>
   <div class='ocr_carea' id='block_1_45' title="bbox 503 2589 2159 2664">
    <p class='ocr_par' dir='ltr' id='par_1_45' title="bbox 503 2589 2159 2664">
     <span class='ocr_line' id='line_1_45' title="bbox 503 2589 2159 2664; baseline -0.001 -17"><span class='ocrx_word' id='word_1_313' title='bbox 503 2591 608 2664; x_wconf 90' lang='lat' dir='ltr'><strong>qui</strong></span> <span class='ocrx_word' id='word_1_314' title='bbox 648 2597 786 2647; x_wconf 90' lang='lat' dir='ltr'><strong>sunt</strong></span> <span class='ocrx_word' id='word_1_315' title='bbox 822 2589 1211 2663; x_wconf 89' lang='lat' dir='ltr'><strong>pusillanimi,</strong></span> <span class='ocrx_word' id='word_1_316' title='bbox 1243 2596 1498 2661; x_wconf 86' lang='lat' dir='ltr'><strong>etparva</strong></span> <span class='ocrx_word' id='word_1_317' title='bbox 1536 2591 1985 2663; x_wconf 91' lang='lat' dir='ltr'><strong>concupiscunt,</strong></span> <span class='ocrx_word' id='word_1_318' title='bbox 2019 2591 2159 2647; x_wconf 88' lang='lat' dir='ltr'><strong>deli-</strong></span> 
     </span>
    </p>
   </div>
   <div class='ocr_carea' id='block_1_46' title="bbox 502 2678 2159 2750">
    <p class='ocr_par' dir='ltr' id='par_1_46' title="bbox 502 2678 2159 2750">
     <span class='ocr_line' id='line_1_46' title="bbox 502 2678 2159 2750; baseline -0.001 -13"><span class='ocrx_word' id='word_1_319' title='bbox 502 2680 690 2737; x_wconf 88' lang='lat' dir='ltr'><strong>niant.</strong></span> <span class='ocrx_word' id='word_1_320' title='bbox 725 2681 853 2737; x_wconf 67' lang='lat' dir='ltr'><strong>Haec</strong></span> <span class='ocrx_word' id='word_1_321' title='bbox 898 2680 1055 2735; x_wconf 91' lang='lat' dir='ltr'><strong>enim</strong></span> <span class='ocrx_word' id='word_1_322' title='bbox 1082 2695 1116 2735; x_wconf 94' lang='lat' dir='ltr'><strong>a</strong></span> <span class='ocrx_word' id='word_1_323' title='bbox 1142 2679 1317 2734; x_wconf 87' lang='lat' dir='ltr'><strong>nobis</strong></span> <span class='ocrx_word' id='word_1_324' title='bbox 1365 2680 1531 2750; x_wconf 87' lang='lat' dir='ltr'><strong>parvi</strong></span> <span class='ocrx_word' id='word_1_325' title='bbox 1562 2678 1733 2746; x_wconf 85' lang='lat' dir='ltr'><strong>ﬁunt,</strong></span> <span class='ocrx_word' id='word_1_326' title='bbox 1770 2685 1826 2735; x_wconf 91' lang='lat' dir='ltr'><strong>et</strong></span> <span class='ocrx_word' id='word_1_327' title='bbox 1854 2680 1948 2735; x_wconf 83' lang='lat' dir='ltr'><strong>vix</strong></span> <span class='ocrx_word' id='word_1_328' title='bbox 1976 2679 2159 2736; x_wconf 89' lang='lat' dir='ltr'><strong>ullam</strong></span> 
     </span>
    </p>
   </div>
   <div class='ocr_carea' id='block_1_47' title="bbox 504 2768 2157 2833">
    <p class='ocr_par' dir='ltr' id='par_1_47' title="bbox 504 2768 2157 2833">
     <span class='ocr_line' id='line_1_47' title="bbox 504 2768 2157 2833; baseline -0.002 -7"><span class='ocrx_word' id='word_1_329' title='bbox 504 2784 710 2826; x_wconf 91' lang='lat' dir='ltr'><strong>eorum</strong></span> <span class='ocrx_word' id='word_1_330' title='bbox 724 2770 1001 2825; x_wconf 91' lang='lat' dir='ltr'><strong>ducimus</strong></span> <span class='ocrx_word' id='word_1_331' title='bbox 1030 2768 1344 2833; x_wconf 91' lang='lat' dir='ltr'><strong>rationem,</strong></span> <span class='ocrx_word' id='word_1_332' title='bbox 1378 2784 1514 2823; x_wconf 87' lang='lat' dir='ltr'><strong>cum</strong></span> <span class='ocrx_word' id='word_1_333' title='bbox 1536 2768 1729 2824; x_wconf 92' lang='lat' dir='ltr'><strong>solum</strong></span> <span class='ocrx_word' id='word_1_334' title='bbox 1758 2785 2030 2824; x_wconf 88' lang='lat' dir='ltr'><strong>amemus</strong></span> <span class='ocrx_word' id='word_1_335' title='bbox 2057 2770 2157 2824; x_wconf 89' lang='lat' dir='ltr'><strong>ho-</strong></span> 
     </span>
    </p>
   </div>
   <div class='ocr_carea' id='block_1_48' title="bbox 501 2856 2156 2931">
    <p class='ocr_par' dir='ltr' id='par_1_48' title="bbox 501 2856 2156 2931">
     <span class='ocr_line' id='line_1_48' title="bbox 501 2856 2156 2931; baseline -0.002 -16"><span class='ocrx_word' id='word_1_336' title='bbox 501 2874 734 2923; x_wconf 88' lang='lat' dir='ltr'><strong>norem,</strong></span> <span class='ocrx_word' id='word_1_337' title='bbox 774 2856 876 2931; x_wconf 92' lang='lat' dir='ltr'><strong>qui</strong></span> <span class='ocrx_word' id='word_1_338' title='bbox 915 2856 1076 2913; x_wconf 88' lang='lat' dir='ltr'><strong>estin</strong></span> <span class='ocrx_word' id='word_1_339' title='bbox 1106 2856 1289 2922; x_wconf 74' lang='lat' dir='ltr'><strong>cmlis,</strong></span> <span class='ocrx_word' id='word_1_340' title='bbox 1324 2872 1507 2928; x_wconf 88' lang='lat' dir='ltr'><strong>quem</strong></span> <span class='ocrx_word' id='word_1_341' title='bbox 1541 2858 1719 2912; x_wconf 87' lang='lat' dir='ltr'><strong>vitam</strong></span> <span class='ocrx_word' id='word_1_342' title='bbox 1753 2856 2156 2913; x_wconf 89' lang='lat' dir='ltr'><strong>immortalem</strong></span> 
     </span>
    </p>
   </div>
   <div class='ocr_carea' id='block_1_49' title="bbox 500 2945 2153 3017">
    <p class='ocr_par' dir='ltr' id='par_1_49' title="bbox 500 2945 2153 3017">
     <span class='ocr_line' id='line_1_49' title="bbox 500 2945 2153 3017; baseline -0.002 -14"><span class='ocrx_word' id='word_1_343' title='bbox 500 2952 558 3003; x_wconf 86' lang='lat' dir='ltr'><strong>et</strong></span> <span class='ocrx_word' id='word_1_344' title='bbox 588 2964 839 3017; x_wconf 81' lang='lat' dir='ltr'><strong>regnum</strong></span> <span class='ocrx_word' id='word_1_345' title='bbox 868 2945 969 3001; x_wconf 91' lang='lat' dir='ltr'><strong>Dei</strong></span> <span class='ocrx_word' id='word_1_346' title='bbox 1008 2961 1318 3001; x_wconf 84' lang='lat' dir='ltr'><strong>vocamus.</strong></span> <span class='ocrx_word' id='word_1_347' title='bbox 1346 2946 1694 3016; x_wconf 92' lang='lat' dir='ltr'><strong>Sicquidem</strong></span> <span class='ocrx_word' id='word_1_348' title='bbox 1726 2945 1869 3001; x_wconf 83' lang='lat' dir='ltr'><strong>dixit</strong></span> <span class='ocrx_word' id='word_1_349' title='bbox 1912 2945 2002 3000; x_wconf 89' lang='lat' dir='ltr'><strong>ille</strong></span> <span class='ocrx_word' id='word_1_350' title='bbox 2034 2946 2153 3015; x_wconf 90' lang='lat' dir='ltr'><strong>glo-</strong></span> 
     </span>
    </p>
   </div>
   <div class='ocr_carea' id='block_1_50' title="bbox 2284 1789 3889 1867">
    <p class='ocr_par' dir='ltr' id='par_1_50' title="bbox 2284 1789 3889 1867">
     <span class='ocr_line' id='line_1_50' title="bbox 2284 1789 3889 1867; baseline -0.001 -22"><span class='ocrx_word' id='word_1_351' title='bbox 2284 1792 2461 1856; x_wconf 81' lang='grc' dir='ltr'>ἀξίους</span> <span class='ocrx_word' id='word_1_352' title='bbox 2519 1794 2728 1855; x_wconf 77' lang='grc' dir='ltr'>ἑαυτούς</span> <span class='ocrx_word' id='word_1_353' title='bbox 2784 1800 3172 1858; x_wconf 77' lang='grc' dir='ltr'>καταστήσητε,</span> <span class='ocrx_word' id='word_1_354' title='bbox 3232 1797 3320 1845; x_wconf 85' lang='lat' dir='ltr'><strong>xui</strong></span> <span class='ocrx_word' id='word_1_355' title='bbox 3367 1789 3577 1867; x_wconf 82' lang='grc' dir='ltr'>δωρεῶν</span> <span class='ocrx_word' id='word_1_356' title='bbox 3628 1792 3889 1845; x_wconf 84' lang='grc' dir='ltr'>πλείστων</span> 
     </span>
    </p>
   </div>
   <div class='ocr_carea' id='block_1_51' title="bbox 2283 1880 3886 1956">
    <p class='ocr_par' dir='ltr' id='par_1_51' title="bbox 2283 1880 3886 1956">
     <span class='ocr_line' id='line_1_51' title="bbox 2283 1880 3886 1956; baseline -0.001 -21"><span class='ocrx_word' id='word_1_357' title='bbox 2283 1882 2611 1941; x_wconf 88' lang='grc' dir='ltr'>ἀπολαύσητε</span> <span class='ocrx_word' id='word_1_358' title='bbox 2643 1888 2733 1936; x_wconf 83' lang='grc' dir='ltr'>καὶ</span> <span class='ocrx_word' id='word_1_359' title='bbox 2764 1892 2926 1955; x_wconf 89' lang='grc' dir='ltr'>τιμῶν</span> <span class='ocrx_word' id='word_1_360' title='bbox 2962 1900 2974 1912; x_wconf 90' lang='grc'><strong>·</strong></span> <span class='ocrx_word' id='word_1_361' title='bbox 3010 1886 3139 1956; x_wconf 90' lang='grc' dir='ltr'>πρὸς</span> <span class='ocrx_word' id='word_1_362' title='bbox 3172 1883 3224 1934; x_wconf 91' lang='grc' dir='ltr'>ὃν</span> <span class='ocrx_word' id='word_1_363' title='bbox 3258 1883 3284 1934; x_wconf 92' lang='lat'><strong>6</strong></span> <span class='ocrx_word' id='word_1_364' title='bbox 3318 1884 3449 1942; x_wconf 90' lang='grc' dir='ltr'>θεῖος</span> <span class='ocrx_word' id='word_1_365' title='bbox 3480 1880 3667 1944; x_wconf 78' lang='grc' dir='ltr'>έκεῖνος</span> <span class='ocrx_word' id='word_1_366' title='bbox 3695 1886 3886 1955; x_wconf 79' lang='grc' dir='ltr'>χορός,</span> 
     </span>
    </p>
   </div>
   <div class='ocr_carea' id='block_1_52' title="bbox 2280 1970 3889 2045">
    <p class='ocr_par' dir='ltr' id='par_1_52' title="bbox 2280 1970 3889 2045">
     <span class='ocr_line' id='line_1_52' title="bbox 2280 1970 3889 2045; baseline -0.001 -21"><span class='ocrx_word' id='word_1_367' title='bbox 2280 1974 2453 2045; x_wconf 83' lang='grc' dir='ltr'>ὥσπερ</span> <span class='ocrx_word' id='word_1_368' title='bbox 2505 1971 2563 2024; x_wconf 73' lang='grc' dir='ltr'>ἐκ</span> <span class='ocrx_word' id='word_1_369' title='bbox 2634 1979 2759 2044; x_wconf 85' lang='grc' dir='ltr'>μιᾶς</span> <span class='ocrx_word' id='word_1_370' title='bbox 2829 1976 2917 2025; x_wconf 82' lang='grc' dir='ltr'>καὶ</span> <span class='ocrx_word' id='word_1_371' title='bbox 2983 1971 3171 2043; x_wconf 72' lang='grc' dir='ltr'>ψυχῆς</span> <span class='ocrx_word' id='word_1_372' title='bbox 3245 1975 3334 2023; x_wconf 83' lang='grc' dir='ltr'>καὶ</span> <span class='ocrx_word' id='word_1_373' title='bbox 3389 1970 3640 2041; x_wconf 84' lang='grc' dir='ltr'>γλώττης.</span> <span class='ocrx_word' id='word_1_374' title='bbox 3707 1970 3889 2044; x_wconf 78' lang='grc' dir='ltr'>Ἡμεῖς</span> 
     </span>
    </p>
   </div>
   <div class='ocr_carea' id='block_1_53' title="bbox 2278 2056 3884 2134">
    <p class='ocr_par' dir='ltr' id='par_1_53' title="bbox 2278 2056 3884 2134">
     <span class='ocr_line' id='line_1_53' title="bbox 2278 2056 3884 2134; baseline 0 -21"><span class='ocrx_word' id='word_1_375' title='bbox 2278 2060 2556 2127; x_wconf 87' lang='grc' dir='ltr'>ἀνθύπατε,</span> <span class='ocrx_word' id='word_1_376' title='bbox 2592 2058 2752 2127; x_wconf 87' lang='grc' dir='ltr'>εἷπον,</span> <span class='ocrx_word' id='word_1_377' title='bbox 2795 2061 3056 2134; x_wconf 81' lang='grc' dir='ltr'>λατρεύειν</span> <span class='ocrx_word' id='word_1_378' title='bbox 3104 2059 3286 2118; x_wconf 87' lang='grc' dir='ltr'>ἀληθεί</span> <span class='ocrx_word' id='word_1_379' title='bbox 3333 2068 3445 2131; x_wconf 84' lang='grc' dir='ltr'>Θεῷ</span> <span class='ocrx_word' id='word_1_380' title='bbox 3491 2056 3884 2133; x_wconf 77' lang='grc' dir='ltr'>δεδιδάγμεθα,</span> 
     </span>
    </p>
   </div>
   <div class='ocr_carea' id='block_1_54' title="bbox 2277 2150 3803 2225">
    <p class='ocr_par' dir='ltr' id='par_1_54' title="bbox 2277 2150 3803 2225">
     <span class='ocr_line' id='line_1_54' title="bbox 2277 2150 3803 2225; baseline -0.001 -22"><span class='ocrx_word' id='word_1_381' title='bbox 2277 2150 2337 2203; x_wconf 79' lang='grc' dir='ltr'>οὗ</span> <span class='ocrx_word' id='word_1_382' title='bbox 2379 2151 2579 2225; x_wconf 80' lang='grc' dir='ltr'>ῥήματι</span> <span class='ocrx_word' id='word_1_383' title='bbox 2624 2150 2681 2202; x_wconf 68' lang='lat' dir='ltr'><strong>ix</strong></span> <span class='ocrx_word' id='word_1_384' title='bbox 2728 2155 2799 2223; x_wconf 83' lang='grc' dir='ltr'>μὴ</span> <span class='ocrx_word' id='word_1_385' title='bbox 2856 2155 3012 2203; x_wconf 80' lang='grc' dir='ltr'>ὄντων</span> <span class='ocrx_word' id='word_1_386' title='bbox 3065 2150 3263 2208; x_wconf 78' lang='grc' dir='ltr'>ὑπέστη</span> <span class='ocrx_word' id='word_1_387' title='bbox 3322 2153 3379 2201; x_wconf 88' lang='grc' dir='ltr'><strong>τό</strong></span> <span class='ocrx_word' id='word_1_388' title='bbox 3437 2155 3536 2201; x_wconf 82' lang='grc' dir='ltr'>πᾶν</span> <span class='ocrx_word' id='word_1_389' title='bbox 3602 2191 3612 2203; x_wconf 94' lang='grc'><strong>.</strong></span> <span class='ocrx_word' id='word_1_390' title='bbox 3697 2192 3708 2202; x_wconf 96' lang='grc'><strong><em>.</em></strong></span> <span class='ocrx_word' id='word_1_391' title='bbox 3792 2190 3803 2201; x_wconf 95' lang='grc'><strong><em>.</em></strong></span> 
     </span>
    </p>
   </div>
   <div class='ocr_carea' id='block_1_55' title="bbox 2276 2234 3882 2311">
    <p class='ocr_par' dir='ltr' id='par_1_55' title="bbox 2276 2234 3882 2311">
     <span class='ocr_line' id='line_1_55' title="bbox 2276 2234 3882 2311; baseline -0.001 -20"><span class='ocrx_word' id='word_1_392' title='bbox 2276 2245 2364 2292; x_wconf 84' lang='grc' dir='ltr'>καὶ</span> <span class='ocrx_word' id='word_1_393' title='bbox 2391 2247 2456 2311; x_wconf 85' lang='grc' dir='ltr'>γῆ</span> <span class='ocrx_word' id='word_1_394' title='bbox 2490 2244 2579 2292; x_wconf 84' lang='grc' dir='ltr'>καὶ</span> <span class='ocrx_word' id='word_1_395' title='bbox 2611 2242 2675 2291; x_wconf 83' lang='grc' dir='ltr'>τὰ</span> <span class='ocrx_word' id='word_1_396' title='bbox 2719 2239 2769 2291; x_wconf 71' lang='grc' dir='ltr'>ἐν</span> <span class='ocrx_word' id='word_1_397' title='bbox 2819 2239 2995 2302; x_wconf 76' lang='grc' dir='ltr'>αὐτοῖς</span> <span class='ocrx_word' id='word_1_398' title='bbox 3044 2238 3267 2303; x_wconf 79' lang='grc' dir='ltr'>ἅπαντα,</span> <span class='ocrx_word' id='word_1_399' title='bbox 3307 2242 3423 2291; x_wconf 78' lang='grc' dir='ltr'>οὔτε</span> <span class='ocrx_word' id='word_1_400' title='bbox 3471 2234 3529 2291; x_wconf 78' lang='grc' dir='ltr'><strong>δε</strong></span> <span class='ocrx_word' id='word_1_401' title='bbox 3572 2240 3681 2291; x_wconf 89' lang='grc' dir='ltr'>θεόν</span> <span class='ocrx_word' id='word_1_402' title='bbox 3726 2238 3882 2292; x_wconf 74' lang='grc' dir='ltr'>ἀλλον</span> 
     </span>
    </p>
   </div>
   <div class='ocr_carea' id='block_1_56' title="bbox 2274 2331 3881 2403">
    <p class='ocr_par' dir='ltr' id='par_1_56' title="bbox 2274 2331 3881 2403">
     <span class='ocr_line' id='line_1_56' title="bbox 2274 2331 3881 2403; baseline 0 -23"><span class='ocrx_word' id='word_1_403' title='bbox 2274 2331 2418 2403; x_wconf 88' lang='grc' dir='ltr'><strong>παρά</strong></span> <span class='ocrx_word' id='word_1_404' title='bbox 2451 2336 2630 2381; x_wconf 86' lang='grc' dir='ltr'>τοῦτον</span> <span class='ocrx_word' id='word_1_405' title='bbox 2684 2332 2831 2400; x_wconf 81' lang='grc' dir='ltr'>ἴσμεν</span> <span class='ocrx_word' id='word_1_406' title='bbox 2874 2332 2990 2381; x_wconf 80' lang='grc' dir='ltr'>οὔτε</span> <span class='ocrx_word' id='word_1_407' title='bbox 3032 2336 3360 2401; x_wconf 84' lang='grc' dir='ltr'>προσκυνεῖν,</span> <span class='ocrx_word' id='word_1_408' title='bbox 3408 2331 3478 2399; x_wconf 74' lang='grc' dir='ltr'>μὴ</span> <span class='ocrx_word' id='word_1_409' title='bbox 3525 2332 3721 2399; x_wconf 85' lang='grc' dir='ltr'>γένοιτό</span> <span class='ocrx_word' id='word_1_410' title='bbox 3752 2347 3881 2381; x_wconf 86' lang='grc' dir='ltr'>ποτε</span> 
     </span>
    </p>
   </div>
   <div class='ocr_carea' id='block_1_57' title="bbox 2272 2413 3876 2491">
    <p class='ocr_par' dir='ltr' id='par_1_57' title="bbox 2272 2413 3876 2491">
     <span class='ocr_line' id='line_1_57' title="bbox 2272 2413 3876 2491; baseline -0.001 -20"><span class='ocrx_word' id='word_1_411' title='bbox 2272 2438 2335 2489; x_wconf 93' lang='grc' dir='ltr'>χ.</span> <span class='ocrx_word' id='word_1_412' title='bbox 2386 2460 2397 2471; x_wconf 93' lang='grc'><strong>.</strong></span> <span class='ocrx_word' id='word_1_413' title='bbox 2444 2460 2457 2474; x_wconf 91' lang='grc'><strong>.</strong></span> <span class='ocrx_word' id='word_1_414' title='bbox 2505 2460 2516 2472; x_wconf 93' lang='grc'>.</span> <span class='ocrx_word' id='word_1_415' title='bbox 2560 2460 2572 2473; x_wconf 96' lang='grc'><strong><em>.</em></strong></span> <span class='ocrx_word' id='word_1_416' title='bbox 2616 2416 2857 2489; x_wconf 86' lang='grc' dir='ltr'>βασιλεῦ,</span> <span class='ocrx_word' id='word_1_417' title='bbox 2916 2416 3213 2489; x_wconf 83' lang='grc' dir='ltr'>ἀνεξόμεθα,</span> <span class='ocrx_word' id='word_1_418' title='bbox 3263 2420 3328 2469; x_wconf 84' lang='grc' dir='ltr'><strong>τὰ</strong></span> <span class='ocrx_word' id='word_1_419' title='bbox 3368 2413 3426 2469; x_wconf 71' lang='grc' dir='ltr'><strong>δε</strong></span> <span class='ocrx_word' id='word_1_420' title='bbox 3478 2419 3547 2470; x_wconf 85' lang='grc' dir='ltr'>σὰ</span> <span class='ocrx_word' id='word_1_421' title='bbox 3595 2414 3743 2491; x_wconf 85' lang='grc' dir='ltr'>δῶρα</span> <span class='ocrx_word' id='word_1_422' title='bbox 3781 2424 3876 2470; x_wconf 83' lang='grc' dir='ltr'>καὶ</span> 
     </span>
    </p>
   </div>
   <div class='ocr_carea' id='block_1_58' title="bbox 2274 2508 3876 2582">
    <p class='ocr_par' dir='ltr' id='par_1_58' title="bbox 2274 2508 3876 2582">
     <span class='ocr_line' id='line_1_58' title="bbox 2274 2508 3876 2582; baseline 0.001 -23"><span class='ocrx_word' id='word_1_423' title='bbox 2274 2510 2327 2559; x_wconf 82' lang='grc' dir='ltr'>αἱ</span> <span class='ocrx_word' id='word_1_424' title='bbox 2385 2513 2533 2581; x_wconf 78' lang='grc' dir='ltr'>τιμαὶ</span> <span class='ocrx_word' id='word_1_425' title='bbox 2598 2508 2761 2561; x_wconf 73' lang='grc' dir='ltr'>ἄλλων</span> <span class='ocrx_word' id='word_1_426' title='bbox 2830 2511 3061 2560; x_wconf 83' lang='grc' dir='ltr'>ἔστωσαν</span> <span class='ocrx_word' id='word_1_427' title='bbox 3154 2510 3441 2582; x_wconf 85' lang='grc' dir='ltr'>θεραπεῖαι,</span> <span class='ocrx_word' id='word_1_428' title='bbox 3514 2510 3733 2581; x_wconf 88' lang='grc' dir='ltr'>μικρούς</span> <span class='ocrx_word' id='word_1_429' title='bbox 3816 2528 3876 2560; x_wconf 85' lang='grc' dir='ltr'><strong>τε</strong></span> 
     </span>
    </p>
   </div>
   <div class='ocr_carea' id='block_1_59' title="bbox 2272 2596 3869 2673">
    <p class='ocr_par' dir='ltr' id='par_1_59' title="bbox 2272 2596 3869 2673">
     <span class='ocr_line' id='line_1_59' title="bbox 2272 2596 3869 2673; baseline -0.001 -24"><span class='ocrx_word' id='word_1_430' title='bbox 2272 2603 2360 2650; x_wconf 85' lang='lat' dir='ltr'><strong>xui</strong></span> <span class='ocrx_word' id='word_1_431' title='bbox 2434 2606 2631 2673; x_wconf 79' lang='grc' dir='ltr'>μικρῶν</span> <span class='ocrx_word' id='word_1_432' title='bbox 2708 2596 3029 2669; x_wconf 78' lang='grc' dir='ltr'>έπιθνμητάς</span> <span class='ocrx_word' id='word_1_433' title='bbox 3112 2596 3449 2668; x_wconf 81' lang='grc' dir='ltr'>θελγέτωσαν.</span> <span class='ocrx_word' id='word_1_434' title='bbox 3532 2596 3681 2668; x_wconf 78' lang='grc' dir='ltr'>Ἡμῖν</span> <span class='ocrx_word' id='word_1_435' title='bbox 3764 2600 3869 2672; x_wconf 80' lang='grc' dir='ltr'><strong>γὰρ</strong></span> 
     </span>
    </p>
   </div>
   <div class='ocr_carea' id='block_1_60' title="bbox 2271 2685 3871 2757">
    <p class='ocr_par' dir='ltr' id='par_1_60' title="bbox 2271 2685 3871 2757">
     <span class='ocr_line' id='line_1_60' title="bbox 2271 2685 3871 2757; baseline -0.001 -19"><span class='ocrx_word' id='word_1_436' title='bbox 2271 2686 2465 2757; x_wconf 81' lang='grc' dir='ltr'>φαύλου</span> <span class='ocrx_word' id='word_1_437' title='bbox 2512 2687 2667 2757; x_wconf 92' lang='grc' dir='ltr'>λόγου</span> <span class='ocrx_word' id='word_1_438' title='bbox 2726 2692 2816 2738; x_wconf 81' lang='grc' dir='ltr'>καὶ</span> <span class='ocrx_word' id='word_1_439' title='bbox 2869 2694 2955 2739; x_wconf 83' lang='grc' dir='ltr'><strong>τοῦ</strong></span> <span class='ocrx_word' id='word_1_440' title='bbox 3012 2690 3264 2757; x_wconf 84' lang='grc' dir='ltr'>τυχόντος</span> <span class='ocrx_word' id='word_1_441' title='bbox 3321 2685 3443 2748; x_wconf 82' lang='grc' dir='ltr'>ἄξια</span> <span class='ocrx_word' id='word_1_442' title='bbox 3497 2694 3681 2745; x_wconf 80' lang='grc' dir='ltr'>ταῦτα,</span> <span class='ocrx_word' id='word_1_443' title='bbox 3740 2692 3871 2757; x_wconf 76' lang='grc' dir='ltr'>μιᾶς</span> 
     </span>
    </p>
   </div>
   <div class='ocr_carea' id='block_1_61' title="bbox 2267 2771 3864 2849">
    <p class='ocr_par' dir='ltr' id='par_1_61' title="bbox 2267 2771 3864 2849">
     <span class='ocr_line' id='line_1_61' title="bbox 2267 2771 3864 2849; baseline 0 -22"><span class='ocrx_word' id='word_1_444' title='bbox 2267 2780 2426 2847; x_wconf 84' lang='grc' dir='ltr'>μόνης</span> <span class='ocrx_word' id='word_1_445' title='bbox 2468 2774 2625 2849; x_wconf 75' lang='grc' dir='ltr'>ἐρῶσι</span> <span class='ocrx_word' id='word_1_446' title='bbox 2664 2784 2820 2838; x_wconf 84' lang='grc' dir='ltr'>τιμῆς</span> <span class='ocrx_word' id='word_1_447' title='bbox 2871 2784 2966 2835; x_wconf 83' lang='grc' dir='ltr'>τῆς</span> <span class='ocrx_word' id='word_1_448' title='bbox 3008 2773 3055 2826; x_wconf 75' lang='grc' dir='ltr'>ἐν</span> <span class='ocrx_word' id='word_1_449' title='bbox 3206 2816 3218 2828; x_wconf 92' lang='grc'><strong>.</strong></span> <span class='ocrx_word' id='word_1_450' title='bbox 3370 2815 3382 2828; x_wconf 93' lang='grc'><strong>.</strong></span> <span class='ocrx_word' id='word_1_451' title='bbox 3535 2816 3547 2827; x_wconf 92' lang='grc'><strong>.</strong></span> <span class='ocrx_word' id='word_1_452' title='bbox 3700 2774 3759 2832; x_wconf 78' lang='grc' dir='ltr'>ἣν</span> <span class='ocrx_word' id='word_1_453' title='bbox 3793 2771 3864 2833; x_wconf 78' lang='grc' dir='ltr'>δὴ</span> 
     </span>
    </p>
   </div>
   <div class='ocr_carea' id='block_1_62' title="bbox 2266 2860 3868 2935">
    <p class='ocr_par' dir='ltr' id='par_1_62' title="bbox 2266 2860 3868 2935">
     <span class='ocr_line' id='line_1_62' title="bbox 2266 2860 3868 2935; baseline 0.001 -20"><span class='ocrx_word' id='word_1_454' title='bbox 2266 2868 2355 2915; x_wconf 86' lang='grc' dir='ltr'><strong>καὶ</strong></span> <span class='ocrx_word' id='word_1_455' title='bbox 2384 2862 2638 2915; x_wconf 80' lang='grc' dir='ltr'>ἀθάνατον</span> <span class='ocrx_word' id='word_1_456' title='bbox 2666 2864 2803 2923; x_wconf 77' lang='grc' dir='ltr'>ζωὴν</span> <span class='ocrx_word' id='word_1_457' title='bbox 2852 2868 2942 2915; x_wconf 86' lang='grc' dir='ltr'>καὶ</span> <span class='ocrx_word' id='word_1_458' title='bbox 2969 2861 3240 2935; x_wconf 81' lang='grc' dir='ltr'>βασιλείαν</span> <span class='ocrx_word' id='word_1_459' title='bbox 3268 2868 3393 2916; x_wconf 83' lang='grc' dir='ltr'>Θεοῦ</span> <span class='ocrx_word' id='word_1_460' title='bbox 3425 2862 3594 2915; x_wconf 90' lang='grc' dir='ltr'>καλεῖν</span> <span class='ocrx_word' id='word_1_461' title='bbox 3624 2860 3868 2935; x_wconf 84' lang='grc' dir='ltr'>οἴδαμεν,</span> 
     </span>
    </p>
   </div>
   <div class='ocr_carea' id='block_1_63' title="bbox 2266 2949 3869 3025">
    <p class='ocr_par' dir='ltr' id='par_1_63' title="bbox 2266 2949 3869 3025">
     <span class='ocr_line' id='line_1_63' title="bbox 2266 2949 3869 3025; baseline -0.001 -20"><span class='ocrx_word' id='word_1_462' title='bbox 2266 2953 2417 3005; x_wconf 83' lang='grc' dir='ltr'>Ούτω</span> <span class='ocrx_word' id='word_1_463' title='bbox 2443 2955 2532 3025; x_wconf 74' lang='grc' dir='ltr'><strong>μεν</strong></span> <span class='ocrx_word' id='word_1_464' title='bbox 2564 2949 2651 3006; x_wconf 82' lang='grc' dir='ltr'>οὖν</span> <span class='ocrx_word' id='word_1_465' title='bbox 2683 2955 2708 3005; x_wconf 94' lang='lat'><strong>6</strong></span> <span class='ocrx_word' id='word_1_466' title='bbox 2738 2952 3028 3015; x_wconf 86' lang='grc' dir='ltr'>καλλίνικος</span> <span class='ocrx_word' id='word_1_467' title='bbox 3060 2951 3244 3014; x_wconf 75' lang='grc' dir='ltr'>ἐκεῖνος</span> <span class='ocrx_word' id='word_1_468' title='bbox 3271 2955 3363 3024; x_wconf 80' lang='grc' dir='ltr'>ἔφη</span> <span class='ocrx_word' id='word_1_469' title='bbox 3400 2956 3637 3024; x_wconf 90' lang='grc' dir='ltr'>στρατός,</span> <span class='ocrx_word' id='word_1_470' title='bbox 3669 2960 3730 3024; x_wconf 74' lang='grc' dir='ltr'>τῇ</span> <span class='ocrx_word' id='word_1_471' title='bbox 3767 2972 3869 3005; x_wconf 91' lang='grc' dir='ltr'>πα-</span> 
     </span>
    </p>
   </div>
   <div class='ocr_carea' id='block_1_64' title="bbox 500 3031 2155 3115">
    <p class='ocr_par' dir='ltr' id='par_1_64' title="bbox 500 3031 2154 3104">
     <span class='ocr_line' id='line_1_64' title="bbox 500 3031 2154 3104; baseline 0 -13"><span class='ocrx_word' id='word_1_472' title='bbox 500 3038 696 3092; x_wconf 90' lang='lat' dir='ltr'><strong>riosus</strong></span> <span class='ocrx_word' id='word_1_473' title='bbox 734 3034 1051 3100; x_wconf 84' lang='lat' dir='ltr'><strong>exercitus,</strong></span> <span class='ocrx_word' id='word_1_474' title='bbox 1092 3032 1193 3104; x_wconf 90' lang='lat' dir='ltr'><strong>qui</strong></span> <span class='ocrx_word' id='word_1_475' title='bbox 1226 3032 1491 3089; x_wconf 85' lang='lat' dir='ltr'><strong>habebat</strong></span> <span class='ocrx_word' id='word_1_476' title='bbox 1519 3032 1738 3088; x_wconf 89' lang='lat' dir='ltr'><strong>ducem</strong></span> <span class='ocrx_word' id='word_1_477' title='bbox 1776 3031 2154 3091; x_wconf 89' lang='lat' dir='ltr'><strong>benedictam</strong></span> 
     </span>
    </p>
   </div>
   <div class='ocr_carea' id='block_1_65' title="bbox 2265 3031 3263 3115">
    <p class='ocr_par' dir='ltr' id='par_1_65' title="bbox 2265 3041 3263 3115">
     <span class='ocr_line' id='line_1_65' title="bbox 2265 3041 3263 3115; baseline 0.004 -23"><span class='ocrx_word' id='word_1_478' title='bbox 2265 3045 2503 3113; x_wconf 78' lang='grc' dir='ltr'>νευφὸμῳ</span> <span class='ocrx_word' id='word_1_479' title='bbox 2538 3044 2983 3115; x_wconf 77' lang='grc' dir='ltr'>στρατηγούμενος</span> <span class='ocrx_word' id='word_1_480' title='bbox 3006 3041 3263 3114; x_wconf 76' lang='grc' dir='ltr'>Εὐφημίᾳ.</span> 
     </span>
    </p>
   </div>
   <div class='ocr_carea' id='block_1_66' title="bbox 500 3123 916 3196">
    <p class='ocr_par' dir='ltr' id='par_1_66' title="bbox 500 3123 916 3196">
     <span class='ocr_line' id='line_1_66' title="bbox 500 3123 916 3196; baseline -0.014 -17"><span class='ocrx_word' id='word_1_481' title='bbox 500 3123 916 3196; x_wconf 87' lang='lat' dir='ltr'><strong>Euphemiam.</strong></span> 
     </span>
    </p>
   </div>
   <div class='ocr_carea' id='block_1_67' title="bbox 574 3208 2146 3284">
    <p class='ocr_par' dir='ltr' id='par_1_67' title="bbox 574 3208 2146 3284">
     <span class='ocr_line' id='line_1_67' title="bbox 574 3208 2146 3284; baseline 0.001 -17"><span class='ocrx_word' id='word_1_482' title='bbox 574 3213 662 3267; x_wconf 81' lang='grc' dir='ltr'>ΙΙΙ.</span> <span class='ocrx_word' id='word_1_483' title='bbox 676 3215 984 3284; x_wconf 81' lang='lat' dir='ltr'><strong>Tyrannus</strong></span> <span class='ocrx_word' id='word_1_484' title='bbox 996 3213 1197 3265; x_wconf 89' lang='lat' dir='ltr'><strong>autem</strong></span> <span class='ocrx_word' id='word_1_485' title='bbox 1212 3224 1286 3265; x_wconf 91' lang='lat' dir='ltr'><strong>ne</strong></span> <span class='ocrx_word' id='word_1_486' title='bbox 1304 3208 1387 3264; x_wconf 89' lang='lat' dir='ltr'><strong>sic</strong></span> <span class='ocrx_word' id='word_1_487' title='bbox 1403 3208 1646 3281; x_wconf 89' lang='lat' dir='ltr'><strong>quidem</strong></span> <span class='ocrx_word' id='word_1_488' title='bbox 1664 3210 1988 3282; x_wconf 87' lang='lat' dir='ltr'><strong>desperans</strong></span> <span class='ocrx_word' id='word_1_489' title='bbox 2003 3211 2146 3278; x_wconf 85' lang='lat' dir='ltr'><strong>fore,</strong></span> 
     </span>
    </p>
   </div>
   <div class='ocr_carea' id='block_1_68' title="bbox 498 3298 2149 3373">
    <p class='ocr_par' dir='ltr' id='par_1_68' title="bbox 498 3298 2149 3373">
     <span class='ocr_line' id='line_1_68' title="bbox 498 3298 2149 3373; baseline -0.001 -15"><span class='ocrx_word' id='word_1_490' title='bbox 498 3307 563 3359; x_wconf 93' lang='lat' dir='ltr'><strong>ut</strong></span> <span class='ocrx_word' id='word_1_491' title='bbox 599 3302 680 3357; x_wconf 91' lang='lat' dir='ltr'><strong>eis</strong></span> <span class='ocrx_word' id='word_1_492' title='bbox 719 3298 1121 3373; x_wconf 84' lang='lat' dir='ltr'><strong>persuaderet,</strong></span> <span class='ocrx_word' id='word_1_493' title='bbox 1176 3299 1279 3354; x_wconf 88' lang='lat' dir='ltr'><strong>sed</strong></span> <span class='ocrx_word' id='word_1_494' title='bbox 1332 3298 1445 3353; x_wconf 87' lang='lat' dir='ltr'><strong>sibi</strong></span> <span class='ocrx_word' id='word_1_495' title='bbox 1476 3299 1697 3355; x_wconf 90' lang='lat' dir='ltr'><strong>bonam</strong></span> <span class='ocrx_word' id='word_1_496' title='bbox 1752 3298 1827 3355; x_wconf 94' lang='lat' dir='ltr'><strong>de</strong></span> <span class='ocrx_word' id='word_1_497' title='bbox 1857 3300 1941 3355; x_wconf 92' lang='lat' dir='ltr'><strong>eis</strong></span> <span class='ocrx_word' id='word_1_498' title='bbox 1982 3317 2149 3373; x_wconf 90' lang='lat' dir='ltr'><strong>spem</strong></span> 
     </span>
    </p>
   </div>
   <div class='ocr_carea' id='block_1_69' title="bbox 498 3387 2153 3463">
    <p class='ocr_par' dir='ltr' id='par_1_69' title="bbox 498 3387 2153 3463">
     <span class='ocr_line' id='line_1_69' title="bbox 498 3387 2153 3463; baseline -0.002 -16"><span class='ocrx_word' id='word_1_499' title='bbox 498 3390 773 3463; x_wconf 74' lang='lat' dir='ltr'><strong>prtebens</strong></span> <span class='ocrx_word' id='word_1_500' title='bbox 837 3388 1265 3458; x_wconf 87' lang='lat' dir='ltr'><strong>(admirabatur</strong></span> <span class='ocrx_word' id='word_1_501' title='bbox 1311 3389 1472 3445; x_wconf 90' lang='lat' dir='ltr'><strong>enim</strong></span> <span class='ocrx_word' id='word_1_502' title='bbox 1536 3387 1666 3444; x_wconf 90' lang='lat' dir='ltr'><strong>illos</strong></span> <span class='ocrx_word' id='word_1_503' title='bbox 1719 3389 2033 3460; x_wconf 88' lang='lat' dir='ltr'><strong>aspiciens,</strong></span> <span class='ocrx_word' id='word_1_504' title='bbox 2094 3393 2153 3445; x_wconf 87' lang='lat' dir='ltr'><strong>et</strong></span> 
     </span>
    </p>
   </div>
   <div class='ocr_carea' id='block_1_70' title="bbox 497 3476 2147 3548">
    <p class='ocr_par' dir='ltr' id='par_1_70' title="bbox 497 3476 2147 3548">
     <span class='ocr_line' id='line_1_70' title="bbox 497 3476 2147 3548; baseline -0.001 -12"><span class='ocrx_word' id='word_1_505' title='bbox 497 3479 711 3536; x_wconf 84' lang='lat' dir='ltr'><strong>videns</strong></span> <span class='ocrx_word' id='word_1_506' title='bbox 756 3478 990 3534; x_wconf 90' lang='lat' dir='ltr'><strong>illorum</strong></span> <span class='ocrx_word' id='word_1_507' title='bbox 1038 3476 1279 3533; x_wconf 89' lang='lat' dir='ltr'><strong>liberale</strong></span> <span class='ocrx_word' id='word_1_508' title='bbox 1326 3477 1653 3548; x_wconf 88' lang='lat' dir='ltr'><strong>ingenium,</strong></span> <span class='ocrx_word' id='word_1_509' title='bbox 1714 3482 1771 3534; x_wconf 90' lang='lat' dir='ltr'><strong>et</strong></span> <span class='ocrx_word' id='word_1_510' title='bbox 1822 3493 2147 3547; x_wconf 89' lang='lat' dir='ltr'><strong>generosos</strong></span> 
     </span>
    </p>
   </div>
   <div class='ocr_carea' id='block_1_71' title="bbox 492 3565 2143 3641">
    <p class='ocr_par' dir='ltr' id='par_1_71' title="bbox 492 3565 2143 3641">
     <span class='ocr_line' id='line_1_71' title="bbox 492 3565 2143 3641; baseline -0.001 -17"><span class='ocrx_word' id='word_1_511' title='bbox 492 3568 755 3641; x_wconf 85' lang='lat' dir='ltr'><strong>spiritus,</strong></span> <span class='ocrx_word' id='word_1_512' title='bbox 786 3582 979 3639; x_wconf 89' lang='lat' dir='ltr'><strong>neque</strong></span> <span class='ocrx_word' id='word_1_513' title='bbox 1011 3565 1245 3621; x_wconf 85' lang='lat' dir='ltr'><strong>volebat</strong></span> <span class='ocrx_word' id='word_1_514' title='bbox 1272 3570 1395 3621; x_wconf 83' lang='lat' dir='ltr'><strong>tam</strong></span> <span class='ocrx_word' id='word_1_515' title='bbox 1428 3566 1744 3638; x_wconf 90' lang='lat' dir='ltr'><strong>pulchrum</strong></span> <span class='ocrx_word' id='word_1_516' title='bbox 1776 3573 1833 3622; x_wconf 88' lang='lat' dir='ltr'><strong>et</strong></span> <span class='ocrx_word' id='word_1_517' title='bbox 1862 3573 2143 3623; x_wconf 89' lang='lat' dir='ltr'><strong>ornatum</strong></span> 
     </span>
    </p>
   </div>
   <div class='ocr_carea' id='block_1_72' title="bbox 491 3654 2145 3729">
    <p class='ocr_par' dir='ltr' id='par_1_72' title="bbox 491 3654 2145 3729">
     <span class='ocr_line' id='line_1_72' title="bbox 491 3654 2145 3729; baseline -0.001 -16"><span class='ocrx_word' id='word_1_518' title='bbox 491 3661 714 3714; x_wconf 71' lang='lat' dir='ltr'><strong>cretum</strong></span> <span class='ocrx_word' id='word_1_519' title='bbox 745 3671 924 3729; x_wconf 70' lang='lat' dir='ltr'><strong>paena</strong></span> <span class='ocrx_word' id='word_1_520' title='bbox 954 3654 1153 3723; x_wconf 68' lang='lat' dir='ltr'><strong>amci),</strong></span> <span class='ocrx_word' id='word_1_521' title='bbox 1186 3655 1321 3711; x_wconf 84' lang='lat' dir='ltr'><strong>fecit</strong></span> <span class='ocrx_word' id='word_1_522' title='bbox 1352 3671 1562 3711; x_wconf 87' lang='lat' dir='ltr'><strong>rursus</strong></span> <span class='ocrx_word' id='word_1_523' title='bbox 1582 3655 1911 3727; x_wconf 91' lang='lat' dir='ltr'><strong>periculum</strong></span> <span class='ocrx_word' id='word_1_524' title='bbox 1928 3663 2145 3728; x_wconf 87' lang='lat' dir='ltr'><strong>marty-</strong></span> 
     </span>
    </p>
   </div>
   <div class='ocr_carea' id='block_1_73' title="bbox 491 3744 2147 3816">
    <p class='ocr_par' dir='ltr' id='par_1_73' title="bbox 491 3744 2147 3816">
     <span class='ocr_line' id='line_1_73' title="bbox 491 3744 2147 3816; baseline -0.001 -12"><span class='ocrx_word' id='word_1_525' title='bbox 491 3764 626 3804; x_wconf 89' lang='lat' dir='ltr'><strong>rum</strong></span> <span class='ocrx_word' id='word_1_526' title='bbox 657 3746 1034 3809; x_wconf 69' lang='lat' dir='ltr'><strong>constantim,</strong></span> <span class='ocrx_word' id='word_1_527' title='bbox 1085 3748 1143 3800; x_wconf 90' lang='lat' dir='ltr'><strong>et</strong></span> <span class='ocrx_word' id='word_1_528' title='bbox 1182 3760 1289 3816; x_wconf 89' lang='lat' dir='ltr'><strong>pro</strong></span> <span class='ocrx_word' id='word_1_529' title='bbox 1315 3744 1541 3800; x_wconf 84' lang='lat' dir='ltr'><strong>viribus</strong></span> <span class='ocrx_word' id='word_1_530' title='bbox 1573 3745 1802 3802; x_wconf 88' lang='lat' dir='ltr'><strong>studuit</strong></span> <span class='ocrx_word' id='word_1_531' title='bbox 1829 3761 1932 3801; x_wconf 92' lang='lat' dir='ltr'><strong>eos</strong></span> <span class='ocrx_word' id='word_1_532' title='bbox 1965 3761 2001 3801; x_wconf 91' lang='lat' dir='ltr'><strong>a</strong></span> <span class='ocrx_word' id='word_1_533' title='bbox 2035 3762 2147 3802; x_wconf 88' lang='lat' dir='ltr'><strong>sua</strong></span> 
     </span>
    </p>
   </div>
   <div class='ocr_carea' id='block_1_74' title="bbox 490 3832 2147 3908">
    <p class='ocr_par' dir='ltr' id='par_1_74' title="bbox 490 3832 2147 3908">
     <span class='ocr_line' id='line_1_74' title="bbox 490 3832 2147 3908; baseline -0.002 -15"><span class='ocrx_word' id='word_1_534' title='bbox 490 3836 803 3908; x_wconf 60' lang='lat' dir='ltr'><strong>traducere</strong></span> <span class='ocrx_word' id='word_1_535' title='bbox 834 3833 1154 3890; x_wconf 88' lang='lat' dir='ltr'><strong>sententia:</strong></span> <span class='ocrx_word' id='word_1_536' title='bbox 1190 3832 1335 3888; x_wconf 92' lang='lat' dir='ltr'><strong>Cum</strong></span> <span class='ocrx_word' id='word_1_537' title='bbox 1360 3833 1619 3899; x_wconf 80' lang='lat' dir='ltr'><strong>videam,</strong></span> <span class='ocrx_word' id='word_1_538' title='bbox 1645 3832 1871 3899; x_wconf 88' lang='lat' dir='ltr'><strong>dicens,</strong></span> <span class='ocrx_word' id='word_1_539' title='bbox 1892 3834 1953 3890; x_wconf 90' lang='lat' dir='ltr'><strong>in</strong></span> <span class='ocrx_word' id='word_1_540' title='bbox 1975 3834 2147 3891; x_wconf 85' lang='lat' dir='ltr'><strong>vobis</strong></span> 
     </span>
    </p>
   </div>
   <div class='ocr_carea' id='block_1_75' title="bbox 490 3921 2147 3991">
    <p class='ocr_par' dir='ltr' id='par_1_75' title="bbox 490 3921 2147 3991">
     <span class='ocr_line' id='line_1_75' title="bbox 490 3921 2147 3991; baseline -0.002 -10"><span class='ocrx_word' id='word_1_541' title='bbox 490 3924 743 3982; x_wconf 86' lang='lat' dir='ltr'><strong>multam</strong></span> <span class='ocrx_word' id='word_1_542' title='bbox 793 3924 1023 3979; x_wconf 88' lang='lat' dir='ltr'><strong>elucere</strong></span> <span class='ocrx_word' id='word_1_543' title='bbox 1077 3921 1545 3991; x_wconf 88' lang='lat' dir='ltr'><strong>intelligentiam,</strong></span> <span class='ocrx_word' id='word_1_544' title='bbox 1592 3921 1666 3977; x_wconf 91' lang='lat' dir='ltr'><strong>de</strong></span> <span class='ocrx_word' id='word_1_545' title='bbox 1714 3928 1911 3977; x_wconf 79' lang='lat' dir='ltr'><strong>vestra</strong></span> <span class='ocrx_word' id='word_1_546' title='bbox 1953 3928 2147 3979; x_wconf 90' lang='lat' dir='ltr'><strong>muta-</strong></span> 
     </span>
    </p>
   </div>
   <div class='ocr_carea' id='block_1_76' title="bbox 488 4009 2145 4083">
    <p class='ocr_par' dir='ltr' id='par_1_76' title="bbox 488 4009 2145 4083">
     <span class='ocr_line' id='line_1_76' title="bbox 488 4009 2145 4083; baseline -0.002 -12"><span class='ocrx_word' id='word_1_547' title='bbox 488 4016 646 4071; x_wconf 88' lang='lat' dir='ltr'><strong>tione</strong></span> <span class='ocrx_word' id='word_1_548' title='bbox 675 4013 948 4070; x_wconf 91' lang='lat' dir='ltr'><strong>nondum</strong></span> <span class='ocrx_word' id='word_1_549' title='bbox 974 4027 1138 4083; x_wconf 91' lang='lat' dir='ltr'><strong>spem</strong></span> <span class='ocrx_word' id='word_1_550' title='bbox 1173 4009 1410 4082; x_wconf 88' lang='lat' dir='ltr'><strong>abjicio,</strong></span> <span class='ocrx_word' id='word_1_551' title='bbox 1438 4010 1544 4066; x_wconf 90' lang='lat' dir='ltr'><strong>sed</strong></span> <span class='ocrx_word' id='word_1_552' title='bbox 1576 4010 1699 4067; x_wconf 91' lang='lat' dir='ltr'><strong>scio</strong></span> <span class='ocrx_word' id='word_1_553' title='bbox 1730 4011 1873 4077; x_wconf 82' lang='lat' dir='ltr'><strong>fore,</strong></span> <span class='ocrx_word' id='word_1_554' title='bbox 1910 4010 2145 4068; x_wconf 83' lang='lat' dir='ltr'><strong>utmth</strong></span> 
     </span>
    </p>
   </div>
   <div class='ocr_carea' id='block_1_77' title="bbox 487 4098 2145 4170">
    <p class='ocr_par' dir='ltr' id='par_1_77' title="bbox 487 4098 2145 4170">
     <span class='ocr_line' id='line_1_77' title="bbox 487 4098 2145 4170; baseline -0.002 -11"><span class='ocrx_word' id='word_1_555' title='bbox 487 4102 742 4159; x_wconf 89' lang='lat' dir='ltr'><strong>credatis</strong></span> <span class='ocrx_word' id='word_1_556' title='bbox 771 4099 1104 4157; x_wconf 92' lang='lat' dir='ltr'><strong>consulenti</strong></span> <span class='ocrx_word' id='word_1_557' title='bbox 1146 4114 1239 4164; x_wconf 91' lang='lat' dir='ltr'><strong>ea,</strong></span> <span class='ocrx_word' id='word_1_558' title='bbox 1270 4114 1406 4170; x_wconf 75' lang='lat' dir='ltr'><strong>quas</strong></span> <span class='ocrx_word' id='word_1_559' title='bbox 1440 4104 1578 4153; x_wconf 91' lang='lat' dir='ltr'><strong>sunt</strong></span> <span class='ocrx_word' id='word_1_560' title='bbox 1606 4098 1767 4154; x_wconf 89' lang='lat' dir='ltr'><strong>bona</strong></span> <span class='ocrx_word' id='word_1_561' title='bbox 1796 4105 1851 4155; x_wconf 88' lang='lat' dir='ltr'><strong>et</strong></span> <span class='ocrx_word' id='word_1_562' title='bbox 1877 4099 2059 4165; x_wconf 90' lang='lat' dir='ltr'><strong>utilia,</strong></span> <span class='ocrx_word' id='word_1_563' title='bbox 2087 4106 2145 4156; x_wconf 90' lang='lat' dir='ltr'><strong>et</strong></span> 
     </span>
    </p>
   </div>
   <div class='ocr_carea' id='block_1_78' title="bbox 487 4188 2145 4263">
    <p class='ocr_par' dir='ltr' id='par_1_78' title="bbox 487 4188 2145 4263">
     <span class='ocr_line' id='line_1_78' title="bbox 487 4188 2145 4263; baseline -0.002 -16"><span class='ocrx_word' id='word_1_564' title='bbox 487 4206 611 4247; x_wconf 90' lang='lat' dir='ltr'><strong>non</strong></span> <span class='ocrx_word' id='word_1_565' title='bbox 644 4206 751 4263; x_wconf 90' lang='lat' dir='ltr'><strong>pro</strong></span> <span class='ocrx_word' id='word_1_566' title='bbox 775 4190 1003 4246; x_wconf 90' lang='lat' dir='ltr'><strong>honore</strong></span> <span class='ocrx_word' id='word_1_567' title='bbox 1040 4188 1299 4259; x_wconf 88' lang='lat' dir='ltr'><strong>eligastis</strong></span> <span class='ocrx_word' id='word_1_568' title='bbox 1330 4188 1745 4257; x_wconf 80' lang='lat' dir='ltr'><strong>ignominiam,</strong></span> <span class='ocrx_word' id='word_1_569' title='bbox 1775 4193 1831 4244; x_wconf 88' lang='lat' dir='ltr'><strong>et</strong></span> <span class='ocrx_word' id='word_1_570' title='bbox 1860 4205 1967 4259; x_wconf 89' lang='lat' dir='ltr'><strong>pro</strong></span> <span class='ocrx_word' id='word_1_571' title='bbox 1997 4189 2145 4245; x_wconf 91' lang='lat' dir='ltr'><strong>deli-</strong></span> 
     </span>
    </p>
   </div>
   <div class='ocr_carea' id='block_1_79' title="bbox 487 4276 2137 4351">
    <p class='ocr_par' dir='ltr' id='par_1_79' title="bbox 487 4276 2137 4351">
     <span class='ocr_line' id='line_1_79' title="bbox 487 4276 2137 4351; baseline -0.001 -16"><span class='ocrx_word' id='word_1_572' title='bbox 487 4279 595 4335; x_wconf 91' lang='lat' dir='ltr'><strong>ciis</strong></span> <span class='ocrx_word' id='word_1_573' title='bbox 643 4286 698 4335; x_wconf 93' lang='lat' dir='ltr'><strong>et</strong></span> <span class='ocrx_word' id='word_1_574' title='bbox 736 4278 925 4351; x_wconf 89' lang='lat' dir='ltr'><strong>gloria</strong></span> <span class='ocrx_word' id='word_1_575' title='bbox 979 4278 1260 4341; x_wconf 88' lang='lat' dir='ltr'><strong>dedecus,</strong></span> <span class='ocrx_word' id='word_1_576' title='bbox 1312 4280 1371 4332; x_wconf 92' lang='lat' dir='ltr'><strong>et</strong></span> <span class='ocrx_word' id='word_1_577' title='bbox 1416 4276 1611 4332; x_wconf 85' lang='lat' dir='ltr'><strong>videre</strong></span> <span class='ocrx_word' id='word_1_578' title='bbox 1660 4281 1782 4332; x_wconf 90' lang='lat' dir='ltr'><strong>tam</strong></span> <span class='ocrx_word' id='word_1_579' title='bbox 1824 4277 2137 4349; x_wconf 87' lang='lat' dir='ltr'><strong>pulchram</strong></span> 
     </span>
    </p>
   </div>
   <div class='ocr_carea' id='block_1_80' title="bbox 476 4365 2139 4441">
    <p class='ocr_par' dir='ltr' id='par_1_80' title="bbox 476 4365 2139 4441">
     <span class='ocr_line' id='line_1_80' title="bbox 476 4365 2139 4441; baseline 0 -18"><span class='ocrx_word' id='word_1_580' title='bbox 476 4368 853 4441; x_wconf 84' lang='lat' dir='ltr'><strong>juventutem</strong></span> <span class='ocrx_word' id='word_1_581' title='bbox 884 4373 940 4422; x_wconf 90' lang='lat' dir='ltr'><strong>et</strong></span> <span class='ocrx_word' id='word_1_582' title='bbox 968 4366 1176 4422; x_wconf 88' lang='lat' dir='ltr'><strong>ﬂorem</strong></span> <span class='ocrx_word' id='word_1_583' title='bbox 1208 4365 1497 4437; x_wconf 88' lang='lat' dir='ltr'><strong>corporis,</strong></span> <span class='ocrx_word' id='word_1_584' title='bbox 1524 4381 1661 4436; x_wconf 68' lang='lat' dir='ltr'><strong>quas</strong></span> <span class='ocrx_word' id='word_1_585' title='bbox 1692 4372 1829 4422; x_wconf 88' lang='lat' dir='ltr'><strong>sunt</strong></span> <span class='ocrx_word' id='word_1_586' title='bbox 1856 4368 2139 4423; x_wconf 91' lang='lat' dir='ltr'><strong>omnibus</strong></span> 
     </span>
    </p>
   </div>
   <div class='ocr_carea' id='block_1_81' title="bbox 483 4454 2137 4527">
    <p class='ocr_par' dir='ltr' id='par_1_81' title="bbox 483 4454 2137 4527">
     <span class='ocr_line' id='line_1_81' title="bbox 483 4454 2137 4527; baseline 0 -14"><span class='ocrx_word' id='word_1_587' title='bbox 483 4456 832 4513; x_wconf 89' lang='lat' dir='ltr'><strong>hominibus</strong></span> <span class='ocrx_word' id='word_1_588' title='bbox 850 4454 1311 4527; x_wconf 88' lang='lat' dir='ltr'><strong>jucundissima,</strong></span> <span class='ocrx_word' id='word_1_589' title='bbox 1342 4454 1629 4524; x_wconf 87' lang='lat' dir='ltr'><strong>gravibus</strong></span> <span class='ocrx_word' id='word_1_590' title='bbox 1653 4456 1963 4510; x_wconf 87' lang='lat' dir='ltr'><strong>tormentis</strong></span> <span class='ocrx_word' id='word_1_591' title='bbox 1979 4455 2137 4513; x_wconf 76' lang='lat' dir='ltr'><strong>afﬁci</strong></span> 
     </span>
    </p>
   </div>
   <div class='ocr_carea' id='block_1_82' title="bbox 480 4542 2137 4611">
    <p class='ocr_par' dir='ltr' id='par_1_82' title="bbox 480 4542 2137 4611">
     <span class='ocr_line' id='line_1_82' title="bbox 480 4542 2137 4611; baseline -0.001 -9"><span class='ocrx_word' id='word_1_592' title='bbox 480 4549 541 4602; x_wconf 87' lang='lat' dir='ltr'><strong>et</strong></span> <span class='ocrx_word' id='word_1_593' title='bbox 572 4545 806 4601; x_wconf 86' lang='lat' dir='ltr'><strong>laniari.</strong></span> <span class='ocrx_word' id='word_1_594' title='bbox 835 4545 921 4600; x_wconf 85' lang='lat' dir='ltr'><strong>Ad</strong></span> <span class='ocrx_word' id='word_1_595' title='bbox 954 4544 1082 4600; x_wconf 63' lang='lat' dir='ltr'><strong>hec</strong></span> <span class='ocrx_word' id='word_1_596' title='bbox 1121 4559 1326 4598; x_wconf 88' lang='lat' dir='ltr'><strong>rursus</strong></span> <span class='ocrx_word' id='word_1_597' title='bbox 1357 4542 1537 4598; x_wconf 89' lang='lat' dir='ltr'><strong>libere</strong></span> <span class='ocrx_word' id='word_1_598' title='bbox 1581 4544 1768 4598; x_wconf 89' lang='lat' dir='ltr'><strong>sancti</strong></span> <span class='ocrx_word' id='word_1_599' title='bbox 1801 4560 1814 4601; x_wconf 89' lang='lat'><strong>:</strong></span> <span class='ocrx_word' id='word_1_600' title='bbox 1856 4546 1995 4611; x_wconf 92' lang='lat' dir='ltr'><strong>Nos,</strong></span> <span class='ocrx_word' id='word_1_601' title='bbox 2046 4546 2137 4600; x_wconf 92' lang='lat' dir='ltr'><strong>di-</strong></span> 
     </span>
    </p>
   </div>
   <div class='ocr_carea' id='block_1_83' title="bbox 476 4630 2132 4705">
    <p class='ocr_par' dir='ltr' id='par_1_83' title="bbox 476 4630 2132 4705">
     <span class='ocr_line' id='line_1_83' title="bbox 476 4630 2132 4705; baseline -0.001 -15"><span class='ocrx_word' id='word_1_602' title='bbox 476 4638 712 4699; x_wconf 80' lang='lat' dir='ltr'><strong>xerunt,</strong></span> <span class='ocrx_word' id='word_1_603' title='bbox 747 4649 784 4689; x_wconf 90' lang='grc' dir='ltr'><strong>ο</strong></span> <span class='ocrx_word' id='word_1_604' title='bbox 815 4630 1154 4704; x_wconf 89' lang='lat' dir='ltr'><strong>proconsul,</strong></span> <span class='ocrx_word' id='word_1_605' title='bbox 1178 4631 1390 4686; x_wconf 89' lang='lat' dir='ltr'><strong>eadem</strong></span> <span class='ocrx_word' id='word_1_606' title='bbox 1430 4646 1635 4686; x_wconf 90' lang='lat' dir='ltr'><strong>rursus</strong></span> <span class='ocrx_word' id='word_1_607' title='bbox 1665 4631 1939 4698; x_wconf 88' lang='lat' dir='ltr'><strong>dicimus,</strong></span> <span class='ocrx_word' id='word_1_608' title='bbox 1967 4633 2132 4705; x_wconf 91' lang='lat' dir='ltr'><strong>quod</strong></span> 
     </span>
    </p>
   </div>
   <div class='ocr_carea' id='block_1_84' title="bbox 484 4719 2130 4786">
    <p class='ocr_par' dir='ltr' id='par_1_84' title="bbox 484 4719 2130 4786">
     <span class='ocr_line' id='line_1_84' title="bbox 484 4719 2130 4786; baseline 0 -7"><span class='ocrx_word' id='word_1_609' title='bbox 484 4724 821 4779; x_wconf 83' lang='lat' dir='ltr'><strong>maximum</strong></span> <span class='ocrx_word' id='word_1_610' title='bbox 851 4720 1262 4777; x_wconf 79' lang='lat' dir='ltr'><strong>existimamus</strong></span> <span class='ocrx_word' id='word_1_611' title='bbox 1300 4719 1580 4786; x_wconf 84' lang='lat' dir='ltr'><strong>dedecus,</strong></span> <span class='ocrx_word' id='word_1_612' title='bbox 1616 4720 1665 4775; x_wconf 94' lang='lat' dir='ltr'><strong>si</strong></span> <span class='ocrx_word' id='word_1_613' title='bbox 1702 4736 1838 4776; x_wconf 90' lang='lat' dir='ltr'><strong>cum</strong></span> <span class='ocrx_word' id='word_1_614' title='bbox 1871 4730 2130 4779; x_wconf 90' lang='lat' dir='ltr'><strong>mentem</strong></span> 
     </span>
    </p>
   </div>
   <div class='ocr_carea' id='block_1_85' title="bbox 474 4809 2133 4881">
    <p class='ocr_par' dir='ltr' id='par_1_85' title="bbox 474 4809 2133 4881">
     <span class='ocr_line' id='line_1_85' title="bbox 474 4809 2133 4881; baseline -0.001 -13"><span class='ocrx_word' id='word_1_615' title='bbox 474 4819 532 4868; x_wconf 91' lang='lat' dir='ltr'><strong>et</strong></span> <span class='ocrx_word' id='word_1_616' title='bbox 561 4811 1010 4881; x_wconf 88' lang='lat' dir='ltr'><strong>intelligentiam</strong></span> <span class='ocrx_word' id='word_1_617' title='bbox 1050 4824 1087 4864; x_wconf 92' lang='lat' dir='ltr'><strong>a</strong></span> <span class='ocrx_word' id='word_1_618' title='bbox 1128 4811 1245 4864; x_wconf 90' lang='lat' dir='ltr'><strong>Deo</strong></span> <span class='ocrx_word' id='word_1_619' title='bbox 1301 4809 1728 4881; x_wconf 90' lang='lat' dir='ltr'><strong>acceperimus,</strong></span> <span class='ocrx_word' id='word_1_620' title='bbox 1760 4810 1902 4866; x_wconf 90' lang='lat' dir='ltr'><strong>deos</strong></span> <span class='ocrx_word' id='word_1_621' title='bbox 1943 4814 2133 4868; x_wconf 89' lang='lat' dir='ltr'><strong>nomi-</strong></span> 
     </span>
    </p>
   </div>
   <div class='ocr_carea' id='block_1_86' title="bbox 472 4897 2129 4971">
    <p class='ocr_par' dir='ltr' id='par_1_86' title="bbox 472 4897 2129 4971">
     <span class='ocr_line' id='line_1_86' title="bbox 472 4897 2129 4971; baseline -0.001 -13"><span class='ocrx_word' id='word_1_622' title='bbox 472 4917 693 4958; x_wconf 87' lang='lat' dir='ltr'><strong>nemus</strong></span> <span class='ocrx_word' id='word_1_623' title='bbox 723 4916 797 4955; x_wconf 90' lang='lat' dir='ltr'><strong>ea</strong></span> <span class='ocrx_word' id='word_1_624' title='bbox 825 4915 956 4971; x_wconf 72' lang='lat' dir='ltr'><strong>quae</strong></span> <span class='ocrx_word' id='word_1_625' title='bbox 978 4913 1100 4954; x_wconf 93' lang='lat' dir='ltr'><strong>non</strong></span> <span class='ocrx_word' id='word_1_626' title='bbox 1128 4903 1265 4953; x_wconf 90' lang='lat' dir='ltr'><strong>sunt</strong></span> <span class='ocrx_word' id='word_1_627' title='bbox 1288 4897 1483 4953; x_wconf 93' lang='lat' dir='ltr'><strong>solum</strong></span> <span class='ocrx_word' id='word_1_628' title='bbox 1518 4903 1683 4953; x_wconf 88' lang='lat' dir='ltr'><strong>muta</strong></span> <span class='ocrx_word' id='word_1_629' title='bbox 1712 4908 1763 4954; x_wconf 88' lang='lat' dir='ltr'><strong>et</strong></span> <span class='ocrx_word' id='word_1_630' title='bbox 1798 4901 1995 4968; x_wconf 88' lang='lat' dir='ltr'><strong>surda,</strong></span> <span class='ocrx_word' id='word_1_631' title='bbox 2022 4902 2129 4958; x_wconf 90' lang='lat' dir='ltr'><strong>sed</strong></span> 
     </span>
    </p>
   </div>
   <div class='ocr_carea' id='block_1_87' title="bbox 469 4988 2128 5052">
    <p class='ocr_par' dir='ltr' id='par_1_87' title="bbox 469 4988 2128 5052">
     <span class='ocr_line' id='line_1_87' title="bbox 469 4988 2128 5052; baseline -0.001 -5"><span class='ocrx_word' id='word_1_632' title='bbox 469 4990 648 5047; x_wconf 83' lang='lat' dir='ltr'><strong>etiam</strong></span> <span class='ocrx_word' id='word_1_633' title='bbox 677 4996 871 5045; x_wconf 89' lang='lat' dir='ltr'><strong>mente</strong></span> <span class='ocrx_word' id='word_1_634' title='bbox 901 4994 957 5044; x_wconf 90' lang='lat' dir='ltr'><strong>et</strong></span> <span class='ocrx_word' id='word_1_635' title='bbox 1004 5002 1182 5042; x_wconf 88' lang='lat' dir='ltr'><strong>sensu</strong></span> <span class='ocrx_word' id='word_1_636' title='bbox 1205 5003 1416 5042; x_wconf 81' lang='lat' dir='ltr'><strong>vacua.</strong></span> <span class='ocrx_word' id='word_1_637' title='bbox 1447 4988 1587 5052; x_wconf 59' lang='lat' dir='ltr'><strong>Quae</strong></span> <span class='ocrx_word' id='word_1_638' title='bbox 1613 4992 1813 5044; x_wconf 90' lang='lat' dir='ltr'><strong>autem</strong></span> <span class='ocrx_word' id='word_1_639' title='bbox 1844 4989 2013 5045; x_wconf 90' lang='lat' dir='ltr'><strong>nobis</strong></span> <span class='ocrx_word' id='word_1_640' title='bbox 2042 4991 2128 5046; x_wconf 92' lang='lat' dir='ltr'><strong>in-</strong></span> 
     </span>
    </p>
   </div>
   <div class='ocr_carea' id='block_1_88' title="bbox 467 5075 2127 5151">
    <p class='ocr_par' dir='ltr' id='par_1_88' title="bbox 467 5075 2127 5151">
     <span class='ocr_line' id='line_1_88' title="bbox 467 5075 2127 5151; baseline 0.001 -17"><span class='ocrx_word' id='word_1_641' title='bbox 467 5082 622 5136; x_wconf 80' lang='lat' dir='ltr'><strong>feres</strong></span> <span class='ocrx_word' id='word_1_642' title='bbox 665 5077 979 5151; x_wconf 89' lang='lat' dir='ltr'><strong>supplicia,</strong></span> <span class='ocrx_word' id='word_1_643' title='bbox 1031 5079 1267 5131; x_wconf 86' lang='lat' dir='ltr'><strong>tantum</strong></span> <span class='ocrx_word' id='word_1_644' title='bbox 1298 5075 1484 5141; x_wconf 89' lang='lat' dir='ltr'><strong>abest,</strong></span> <span class='ocrx_word' id='word_1_645' title='bbox 1520 5081 1585 5131; x_wconf 89' lang='lat' dir='ltr'><strong>ut</strong></span> <span class='ocrx_word' id='word_1_646' title='bbox 1622 5092 1693 5132; x_wconf 88' lang='lat' dir='ltr'><strong>ea</strong></span> <span class='ocrx_word' id='word_1_647' title='bbox 1721 5078 2127 5135; x_wconf 84' lang='lat' dir='ltr'><strong>existimemus</strong></span> 
     </span>
    </p>
   </div>
   <div class='ocr_carea' id='block_1_89' title="bbox 464 5165 2127 5237">
    <p class='ocr_par' dir='ltr' id='par_1_89' title="bbox 464 5165 2127 5237">
     <span class='ocr_line' id='line_1_89' title="bbox 464 5165 2127 5237; baseline -0.001 -11"><span class='ocrx_word' id='word_1_648' title='bbox 464 5170 772 5234; x_wconf 89' lang='lat' dir='ltr'><strong>terribilia,</strong></span> <span class='ocrx_word' id='word_1_649' title='bbox 804 5174 867 5224; x_wconf 91' lang='lat' dir='ltr'><strong>ut</strong></span> <span class='ocrx_word' id='word_1_650' title='bbox 919 5171 1123 5223; x_wconf 88' lang='lat' dir='ltr'><strong>contra</strong></span> <span class='ocrx_word' id='word_1_651' title='bbox 1162 5165 1355 5237; x_wconf 87' lang='lat' dir='ltr'><strong>magis</strong></span> <span class='ocrx_word' id='word_1_652' title='bbox 1406 5166 1749 5232; x_wconf 90' lang='lat' dir='ltr'><strong>timeamus,</strong></span> <span class='ocrx_word' id='word_1_653' title='bbox 1800 5183 1873 5223; x_wconf 92' lang='lat' dir='ltr'><strong>ne</strong></span> <span class='ocrx_word' id='word_1_654' title='bbox 1921 5170 1967 5223; x_wconf 90' lang='lat' dir='ltr'><strong>si</strong></span> <span class='ocrx_word' id='word_1_655' title='bbox 2007 5170 2127 5225; x_wconf 88' lang='lat' dir='ltr'><strong>sint</strong></span> 
     </span>
    </p>
   </div>
   <div class='ocr_carea' id='block_1_90' title="bbox 465 5255 2121 5328">
    <p class='ocr_par' dir='ltr' id='par_1_90' title="bbox 465 5255 2121 5328">
     <span class='ocr_line' id='line_1_90' title="bbox 465 5255 2121 5328; baseline -0.001 -13"><span class='ocrx_word' id='word_1_656' title='bbox 465 5259 620 5315; x_wconf 86' lang='lat' dir='ltr'><strong>levia</strong></span> <span class='ocrx_word' id='word_1_657' title='bbox 651 5264 709 5315; x_wconf 92' lang='lat' dir='ltr'><strong>et</strong></span> <span class='ocrx_word' id='word_1_658' title='bbox 738 5258 1067 5322; x_wconf 83' lang='lat' dir='ltr'><strong>moderata,</strong></span> <span class='ocrx_word' id='word_1_659' title='bbox 1084 5271 1205 5312; x_wconf 93' lang='lat' dir='ltr'><strong>non</strong></span> <span class='ocrx_word' id='word_1_660' title='bbox 1224 5255 1456 5328; x_wconf 89' lang='lat' dir='ltr'><strong>possint</strong></span> <span class='ocrx_word' id='word_1_661' title='bbox 1470 5271 1599 5311; x_wconf 89' lang='lat' dir='ltr'><strong>esse</strong></span> <span class='ocrx_word' id='word_1_662' title='bbox 1618 5255 1762 5310; x_wconf 89' lang='lat' dir='ltr'><strong>satis</strong></span> <span class='ocrx_word' id='word_1_663' title='bbox 1777 5263 2121 5313; x_wconf 89' lang='lat' dir='ltr'><strong>accuratum</strong></span> 
     </span>
    </p>
   </div>
   <div class='ocr_carea' id='block_1_91' title="bbox 461 5345 2122 5416">
    <p class='ocr_par' dir='ltr' id='par_1_91' title="bbox 461 5345 2122 5416">
     <span class='ocr_line' id='line_1_91' title="bbox 461 5345 2122 5416; baseline 0.002 -13"><span class='ocrx_word' id='word_1_664' title='bbox 461 5348 873 5403; x_wconf 89' lang='lat' dir='ltr'><strong>testimonium</strong></span> <span class='ocrx_word' id='word_1_665' title='bbox 942 5347 1039 5402; x_wconf 89' lang='lat' dir='ltr'><strong>Dei</strong></span> <span class='ocrx_word' id='word_1_666' title='bbox 1129 5345 1191 5400; x_wconf 91' lang='lat' dir='ltr'><strong>in</strong></span> <span class='ocrx_word' id='word_1_667' title='bbox 1256 5360 1364 5400; x_wconf 87' lang='lat' dir='ltr'><strong>nos</strong></span> <span class='ocrx_word' id='word_1_668' title='bbox 1417 5345 1645 5401; x_wconf 89' lang='lat' dir='ltr'><strong>virtutis</strong></span> <span class='ocrx_word' id='word_1_669' title='bbox 1710 5349 1767 5401; x_wconf 90' lang='lat' dir='ltr'><strong>et</strong></span> <span class='ocrx_word' id='word_1_670' title='bbox 1820 5346 2122 5416; x_wconf 58' lang='lat' dir='ltr'><strong>potentia}.</strong></span> 
     </span>
    </p>
   </div>
   <div class='ocr_carea' id='block_1_92' title="bbox 460 5432 2120 5508">
    <p class='ocr_par' dir='ltr' id='par_1_92' title="bbox 460 5432 2120 5508">
     <span class='ocr_line' id='line_1_92' title="bbox 460 5432 2120 5508; baseline -0.001 -14"><span class='ocrx_word' id='word_1_671' title='bbox 460 5436 576 5495; x_wconf 90' lang='lat' dir='ltr'><strong>Sed</strong></span> <span class='ocrx_word' id='word_1_672' title='bbox 624 5452 697 5491; x_wconf 89' lang='lat' dir='ltr'><strong>ne</strong></span> <span class='ocrx_word' id='word_1_673' title='bbox 761 5433 1067 5508; x_wconf 78' lang='lat' dir='ltr'><strong>prolixiori</strong></span> <span class='ocrx_word' id='word_1_674' title='bbox 1124 5433 1309 5491; x_wconf 85' lang='lat' dir='ltr'><strong>utaris</strong></span> <span class='ocrx_word' id='word_1_675' title='bbox 1356 5434 1647 5502; x_wconf 89' lang='lat' dir='ltr'><strong>oratione,</strong></span> <span class='ocrx_word' id='word_1_676' title='bbox 1707 5432 1798 5491; x_wconf 80' lang='lat' dir='ltr'><strong>fac</strong></span> <span class='ocrx_word' id='word_1_677' title='bbox 1855 5434 1985 5506; x_wconf 89' lang='lat' dir='ltr'><strong>ejus</strong></span> <span class='ocrx_word' id='word_1_678' title='bbox 2038 5437 2120 5492; x_wconf 92' lang='lat' dir='ltr'><strong>rei</strong></span> 
     </span>
    </p>
   </div>
   <div class='ocr_carea' id='block_1_93' title="bbox 466 5522 2118 5600">
    <p class='ocr_par' dir='ltr' id='par_1_93' title="bbox 466 5522 2118 5600">
     <span class='ocr_line' id='line_1_93' title="bbox 466 5522 2118 5600; baseline 0.001 -19"><span class='ocrx_word' id='word_1_679' title='bbox 466 5523 799 5600; x_wconf 87' lang='lat' dir='ltr'><strong>periculum</strong></span> <span class='ocrx_word' id='word_1_680' title='bbox 849 5540 862 5578; x_wconf 89' lang='lat'><strong>:</strong></span> <span class='ocrx_word' id='word_1_681' title='bbox 920 5529 979 5581; x_wconf 91' lang='lat' dir='ltr'><strong>et</strong></span> <span class='ocrx_word' id='word_1_682' title='bbox 1023 5530 1165 5580; x_wconf 88' lang='lat' dir='ltr'><strong>tunc</strong></span> <span class='ocrx_word' id='word_1_683' title='bbox 1222 5522 1376 5579; x_wconf 80' lang='lat' dir='ltr'><strong>scies</strong></span> <span class='ocrx_word' id='word_1_684' title='bbox 1432 5528 1656 5595; x_wconf 84' lang='lat' dir='ltr'><strong>aperte,</strong></span> <span class='ocrx_word' id='word_1_685' title='bbox 1708 5537 1822 5580; x_wconf 87' lang='lat' dir='ltr'><strong>nos</strong></span> <span class='ocrx_word' id='word_1_686' title='bbox 1888 5524 2118 5582; x_wconf 77' lang='lat' dir='ltr'><strong>{acilius</strong></span> 
     </span>
    </p>
   </div>
   <div class='ocr_carea' id='block_1_94' title="bbox 2336 3213 3863 3289">
    <p class='ocr_par' dir='ltr' id='par_1_94' title="bbox 2336 3213 3863 3289">
     <span class='ocr_line' id='line_1_94' title="bbox 2336 3213 3863 3289; baseline 0 -20"><span class='ocrx_word' id='word_1_687' title='bbox 2336 3216 2407 3271; x_wconf 92' lang='grc' dir='ltr'><strong>Γ’.</strong></span> <span class='ocrx_word' id='word_1_688' title='bbox 2470 3216 2527 3269; x_wconf 80' lang='grc' dir='ltr'><strong>Ὀ</strong></span> <span class='ocrx_word' id='word_1_689' title='bbox 2586 3221 2831 3289; x_wconf 89' lang='grc' dir='ltr'>τύραννος</span> <span class='ocrx_word' id='word_1_690' title='bbox 2889 3214 2947 3270; x_wconf 77' lang='grc' dir='ltr'><strong>δε</strong></span> <span class='ocrx_word' id='word_1_691' title='bbox 2999 3221 3055 3270; x_wconf 90' lang='grc' dir='ltr'><strong>τό</strong></span> <span class='ocrx_word' id='word_1_692' title='bbox 3109 3220 3438 3289; x_wconf 84' lang='grc' dir='ltr'>μεταπείσειν</span> <span class='ocrx_word' id='word_1_693' title='bbox 3494 3216 3683 3278; x_wconf 83' lang='grc' dir='ltr'>αύτούς</span> <span class='ocrx_word' id='word_1_694' title='bbox 3741 3213 3863 3269; x_wconf 75' lang='grc' dir='ltr'>οὐδ’</span> 
     </span>
    </p>
   </div>
   <div class='ocr_carea' id='block_1_95' title="bbox 2261 3305 3865 3379">
    <p class='ocr_par' dir='ltr' id='par_1_95' title="bbox 2261 3305 3865 3379">
     <span class='ocr_line' id='line_1_95' title="bbox 2261 3305 3865 3379; baseline -0.001 -21"><span class='ocrx_word' id='word_1_695' title='bbox 2261 3308 2419 3366; x_wconf 69' lang='grc' dir='ltr'>οὕτως</span> <span class='ocrx_word' id='word_1_696' title='bbox 2473 3305 2819 3379; x_wconf 74' lang='grc' dir='ltr'>ἀπαγορεύσει</span> <span class='ocrx_word' id='word_1_697' title='bbox 2853 3325 2865 3336; x_wconf 79' lang='grc'><em>’</em></span> <span class='ocrx_word' id='word_1_698' title='bbox 2916 3306 3042 3359; x_wconf 88' lang='grc' dir='ltr'><strong>ἀλλά</strong></span> <span class='ocrx_word' id='word_1_699' title='bbox 3075 3313 3164 3359; x_wconf 90' lang='lat' dir='ltr'><strong>xui</strong></span> <span class='ocrx_word' id='word_1_700' title='bbox 3194 3310 3267 3359; x_wconf 83' lang='grc' dir='ltr'>ἔτι</span> <span class='ocrx_word' id='word_1_701' title='bbox 3295 3308 3543 3379; x_wconf 83' lang='grc' dir='ltr'>χρηστὰς</span> <span class='ocrx_word' id='word_1_702' title='bbox 3582 3308 3865 3359; x_wconf 80' lang='grc' dir='ltr'>ὑποτείνων</span> 
     </span>
    </p>
   </div>
   <div class='ocr_carea' id='block_1_96' title="bbox 2260 3393 3863 3470">
    <p class='ocr_par' dir='ltr' id='par_1_96' title="bbox 2260 3393 3863 3470">
     <span class='ocr_line' id='line_1_96' title="bbox 2260 3393 3863 3470; baseline -0.001 -22"><span class='ocrx_word' id='word_1_703' title='bbox 2260 3396 2425 3464; x_wconf 81' lang='grc' dir='ltr'>ἑαυτῷ</span> <span class='ocrx_word' id='word_1_704' title='bbox 2469 3399 2559 3457; x_wconf 90' lang='grc' dir='ltr'><strong>τάς</strong></span> <span class='ocrx_word' id='word_1_705' title='bbox 2616 3393 2830 3466; x_wconf 68' lang='grc' dir='ltr'>ἐλπίδας</span> <span class='ocrx_word' id='word_1_706' title='bbox 2887 3396 3174 3469; x_wconf 78' lang='grc' dir='ltr'>(ἐθαύμασε</span> <span class='ocrx_word' id='word_1_707' title='bbox 3225 3398 3325 3470; x_wconf 84' lang='grc' dir='ltr'>γὰρ</span> <span class='ocrx_word' id='word_1_708' title='bbox 3383 3395 3600 3457; x_wconf 86' lang='grc' dir='ltr'>ἐκείνους</span> <span class='ocrx_word' id='word_1_709' title='bbox 3654 3393 3863 3468; x_wconf 81' lang='grc' dir='ltr'>βλέπων</span> 
     </span>
    </p>
   </div>
   <div class='ocr_carea' id='block_1_97' title="bbox 2259 3482 3861 3559">
    <p class='ocr_par' dir='ltr' id='par_1_97' title="bbox 2259 3482 3861 3559">
     <span class='ocr_line' id='line_1_97' title="bbox 2259 3482 3861 3559; baseline 0.001 -24"><span class='ocrx_word' id='word_1_710' title='bbox 2259 3482 2515 3557; x_wconf 75' lang='grc' dir='ltr'>ἐλεύθερόν</span> <span class='ocrx_word' id='word_1_711' title='bbox 2562 3504 2617 3537; x_wconf 91' lang='grc' dir='ltr'><strong>τε</strong></span> <span class='ocrx_word' id='word_1_712' title='bbox 2667 3486 2796 3557; x_wconf 87' lang='grc' dir='ltr'>ὁρῶν</span> <span class='ocrx_word' id='word_1_713' title='bbox 2841 3490 3096 3559; x_wconf 87' lang='grc' dir='ltr'>φρόνημα,</span> <span class='ocrx_word' id='word_1_714' title='bbox 3156 3488 3245 3536; x_wconf 85' lang='grc' dir='ltr'>καὶ</span> <span class='ocrx_word' id='word_1_715' title='bbox 3295 3483 3479 3555; x_wconf 72' lang='grc' dir='ltr'>ψυχῆς</span> <span class='ocrx_word' id='word_1_716' title='bbox 3532 3486 3861 3558; x_wconf 78' lang='grc' dir='ltr'>παράστημα</span> 
     </span>
    </p>
   </div>
   <div class='ocr_carea' id='block_1_98' title="bbox 2258 3572 3864 3645">
    <p class='ocr_par' dir='ltr' id='par_1_98' title="bbox 2258 3572 3864 3645">
     <span class='ocr_line' id='line_1_98' title="bbox 2258 3572 3864 3645; baseline 0 -20"><span class='ocrx_word' id='word_1_717' title='bbox 2258 3573 2471 3644; x_wconf 73' lang='grc' dir='ltr'>εὐγενὲς,</span> <span class='ocrx_word' id='word_1_718' title='bbox 2556 3578 2643 3625; x_wconf 88' lang='lat' dir='ltr'><strong>xui</strong></span> <span class='ocrx_word' id='word_1_719' title='bbox 2714 3574 2808 3625; x_wconf 88' lang='grc' dir='ltr'><strong>ούκ</strong></span> <span class='ocrx_word' id='word_1_720' title='bbox 2874 3572 3119 3632; x_wconf 75' lang='grc' dir='ltr'>ἠϐούλετο</span> <span class='ocrx_word' id='word_1_721' title='bbox 3193 3574 3525 3643; x_wconf 79' lang='grc' dir='ltr'>ζημιωθῆναι</span> <span class='ocrx_word' id='word_1_722' title='bbox 3606 3576 3864 3645; x_wconf 78' lang='grc' dir='ltr'>σύστημα</span> 
     </span>
    </p>
   </div>
   <div class='ocr_carea' id='block_1_99' title="bbox 2258 3661 3860 3737">
    <p class='ocr_par' dir='ltr' id='par_1_99' title="bbox 2258 3661 3860 3737">
     <span class='ocr_line' id='line_1_99' title="bbox 2258 3661 3860 3737; baseline 0 -24"><span class='ocrx_word' id='word_1_723' title='bbox 2258 3663 2391 3714; x_wconf 71' lang='grc' dir='ltr'>οὕτω</span> <span class='ocrx_word' id='word_1_724' title='bbox 2444 3667 2662 3734; x_wconf 89' lang='grc' dir='ltr'>κόσμιον</span> <span class='ocrx_word' id='word_1_725' title='bbox 2706 3668 2795 3715; x_wconf 82' lang='grc' dir='ltr'><strong>καὶ</strong></span> <span class='ocrx_word' id='word_1_726' title='bbox 2840 3662 3041 3734; x_wconf 86' lang='grc' dir='ltr'>καλὸν),</span> <span class='ocrx_word' id='word_1_727' title='bbox 3090 3662 3403 3737; x_wconf 78' lang='grc' dir='ltr'>ἀπεπειρᾶτο</span> <span class='ocrx_word' id='word_1_728' title='bbox 3450 3668 3536 3714; x_wconf 87' lang='lat' dir='ltr'><strong>xui</strong></span> <span class='ocrx_word' id='word_1_729' title='bbox 3586 3661 3732 3722; x_wconf 79' lang='grc' dir='ltr'>αὖθις</span> <span class='ocrx_word' id='word_1_730' title='bbox 3762 3670 3860 3723; x_wconf 87' lang='grc' dir='ltr'>τῆς</span> 
     </span>
    </p>
   </div>
   <div class='ocr_carea' id='block_1_100' title="bbox 2260 3750 3854 3826">
    <p class='ocr_par' dir='ltr' id='par_1_100' title="bbox 2260 3750 3854 3826">
     <span class='ocr_line' id='line_1_100' title="bbox 2260 3750 3854 3826; baseline -0.001 -23"><span class='ocrx_word' id='word_1_731' title='bbox 2260 3750 2600 3825; x_wconf 74' lang='grc' dir='ltr'>στερρότητος</span> <span class='ocrx_word' id='word_1_732' title='bbox 2649 3760 2747 3804; x_wconf 90' lang='grc' dir='ltr'><strong>τῶν</strong></span> <span class='ocrx_word' id='word_1_733' title='bbox 2816 3754 3113 3826; x_wconf 84' lang='grc' dir='ltr'>μαρτύρων,</span> <span class='ocrx_word' id='word_1_734' title='bbox 3169 3756 3257 3803; x_wconf 85' lang='grc' dir='ltr'>καὶ</span> <span class='ocrx_word' id='word_1_735' title='bbox 3314 3754 3385 3813; x_wconf 83' lang='grc' dir='ltr'>ὡς</span> <span class='ocrx_word' id='word_1_736' title='bbox 3436 3753 3540 3804; x_wconf 84' lang='grc' dir='ltr'>οἷόν</span> <span class='ocrx_word' id='word_1_737' title='bbox 3593 3769 3647 3804; x_wconf 89' lang='grc' dir='ltr'><strong>τε</strong></span> <span class='ocrx_word' id='word_1_738' title='bbox 3692 3770 3854 3822; x_wconf 62' lang='grc' dir='ltr'>μεταυ</span> 
     </span>
    </p>
   </div>
   <div class='ocr_carea' id='block_1_101' title="bbox 2256 3838 3855 3913">
    <p class='ocr_par' dir='ltr' id='par_1_101' title="bbox 2256 3838 3855 3913">
     <span class='ocr_line' id='line_1_101' title="bbox 2256 3838 3855 3913; baseline -0.001 -21"><span class='ocrx_word' id='word_1_739' title='bbox 2256 3842 2443 3893; x_wconf 85' lang='grc' dir='ltr'>πείθειν</span> <span class='ocrx_word' id='word_1_740' title='bbox 2484 3840 2673 3902; x_wconf 82' lang='grc' dir='ltr'>αύτούς</span> <span class='ocrx_word' id='word_1_741' title='bbox 2716 3838 2987 3906; x_wconf 77' lang='grc' dir='ltr'>ἔσπευδεν,</span> <span class='ocrx_word' id='word_1_742' title='bbox 3029 3840 3190 3913; x_wconf 87' lang='grc' dir='ltr'>Ὀρῶν</span> <span class='ocrx_word' id='word_1_743' title='bbox 3239 3841 3379 3913; x_wconf 85' lang='grc' dir='ltr'>ύμῖν,</span> <span class='ocrx_word' id='word_1_744' title='bbox 3428 3840 3610 3911; x_wconf 82' lang='grc' dir='ltr'>λέγων,</span> <span class='ocrx_word' id='word_1_745' title='bbox 3659 3839 3855 3899; x_wconf 75' lang='grc' dir='ltr'>πολλὴν</span> 
     </span>
    </p>
   </div>
   <div class='ocr_carea' id='block_1_102' title="bbox 2255 3928 3854 4001">
    <p class='ocr_par' dir='ltr' id='par_1_102' title="bbox 2255 3928 3854 4001">
     <span class='ocr_line' id='line_1_102' title="bbox 2255 3928 3854 4001; baseline 0 -20"><span class='ocrx_word' id='word_1_746' title='bbox 2255 3932 2383 3987; x_wconf 83' lang='grc' dir='ltr'>ὅσην</span> <span class='ocrx_word' id='word_1_747' title='bbox 2433 3928 2803 4001; x_wconf 78' lang='grc' dir='ltr'>ἐμφαινομένην</span> <span class='ocrx_word' id='word_1_748' title='bbox 2852 3933 2945 3988; x_wconf 80' lang='grc' dir='ltr'>τὴν</span> <span class='ocrx_word' id='word_1_749' title='bbox 3000 3932 3227 3992; x_wconf 82' lang='grc' dir='ltr'>σύνεσιν,</span> <span class='ocrx_word' id='word_1_750' title='bbox 3281 3929 3373 3981; x_wconf 83' lang='grc' dir='ltr'><strong>ούκ</strong></span> <span class='ocrx_word' id='word_1_751' title='bbox 3412 3928 3715 3981; x_wconf 67' lang='grc' dir='ltr'>ἀνελπιστον</span> <span class='ocrx_word' id='word_1_752' title='bbox 3774 3931 3854 3981; x_wconf 77' lang='grc' dir='ltr'>ἔτι</span> 
     </span>
    </p>
   </div>
   <div class='ocr_carea' id='block_1_103' title="bbox 2253 4014 3854 4090">
    <p class='ocr_par' dir='ltr' id='par_1_103' title="bbox 2253 4014 3854 4090">
     <span class='ocr_line' id='line_1_103' title="bbox 2253 4014 3854 4090; baseline 0 -21"><span class='ocrx_word' id='word_1_753' title='bbox 2253 4024 2341 4070; x_wconf 89' lang='lat' dir='ltr'><strong>xui</strong></span> <span class='ocrx_word' id='word_1_754' title='bbox 2389 4024 2482 4076; x_wconf 79' lang='grc' dir='ltr'>τήν</span> <span class='ocrx_word' id='word_1_755' title='bbox 2535 4017 2817 4090; x_wconf 77' lang='grc' dir='ltr'>μεταϐολὴν</span> <span class='ocrx_word' id='word_1_756' title='bbox 2861 4026 3133 4090; x_wconf 89' lang='grc' dir='ltr'>ποιοῦμαι,</span> <span class='ocrx_word' id='word_1_757' title='bbox 3186 4016 3291 4069; x_wconf 87' lang='grc' dir='ltr'>ἀλλ’</span> <span class='ocrx_word' id='word_1_758' title='bbox 3347 4014 3449 4070; x_wconf 84' lang='grc' dir='ltr'>οἶδ’</span> <span class='ocrx_word' id='word_1_759' title='bbox 3494 4020 3574 4070; x_wconf 86' lang='grc' dir='ltr'>ὃτι</span> <span class='ocrx_word' id='word_1_760' title='bbox 3614 4023 3701 4069; x_wconf 82' lang='grc' dir='ltr'>καὶ</span> <span class='ocrx_word' id='word_1_761' title='bbox 3740 4037 3854 4070; x_wconf 82' lang='grc' dir='ltr'>πει-</span> 
     </span>
    </p>
   </div>
   <div class='ocr_carea' id='block_1_104' title="bbox 2255 4105 3851 4179">
    <p class='ocr_par' dir='ltr' id='par_1_104' title="bbox 2255 4105 3851 4179">
     <span class='ocr_line' id='line_1_104' title="bbox 2255 4105 3851 4179; baseline 0 -21"><span class='ocrx_word' id='word_1_762' title='bbox 2255 4110 2516 4165; x_wconf 75' lang='grc' dir='ltr'>σθήσεσθέ</span> <span class='ocrx_word' id='word_1_763' title='bbox 2560 4127 2648 4179; x_wconf 90' lang='grc' dir='ltr'><strong>μοι</strong></span> <span class='ocrx_word' id='word_1_764' title='bbox 2696 4110 2762 4159; x_wconf 83' lang='grc' dir='ltr'>τὰ</span> <span class='ocrx_word' id='word_1_765' title='bbox 2808 4110 3028 4178; x_wconf 88' lang='grc' dir='ltr'>χρηστά</span> <span class='ocrx_word' id='word_1_766' title='bbox 3069 4105 3491 4178; x_wconf 78' lang='grc' dir='ltr'>συμϐουλεύοντι,</span> <span class='ocrx_word' id='word_1_767' title='bbox 3542 4111 3631 4158; x_wconf 83' lang='grc' dir='ltr'><strong>καὶ</strong></span> <span class='ocrx_word' id='word_1_768' title='bbox 3662 4106 3754 4158; x_wconf 84' lang='grc' dir='ltr'><strong>ούκ</strong></span> <span class='ocrx_word' id='word_1_769' title='bbox 3786 4105 3851 4158; x_wconf 83' lang='grc' dir='ltr'><strong>ἀν</strong></span> 
     </span>
    </p>
   </div>
   <div class='ocr_carea' id='block_1_105' title="bbox 2250 4194 3851 4269">
    <p class='ocr_par' dir='ltr' id='par_1_105' title="bbox 2250 4194 3851 4269">
     <span class='ocr_line' id='line_1_105' title="bbox 2250 4194 3851 4269; baseline -0.001 -22"><span class='ocrx_word' id='word_1_770' title='bbox 2250 4195 2451 4248; x_wconf 80' lang='grc' dir='ltr'>ἕλοισθε</span> <span class='ocrx_word' id='word_1_771' title='bbox 2512 4196 2723 4269; x_wconf 85' lang='grc' dir='ltr'>ἀτιμίαν</span> <span class='ocrx_word' id='word_1_772' title='bbox 2794 4195 2903 4248; x_wconf 76' lang='grc' dir='ltr'>ἀντὶ</span> <span class='ocrx_word' id='word_1_773' title='bbox 2964 4204 3133 4268; x_wconf 88' lang='grc' dir='ltr'>τιμῆς,</span> <span class='ocrx_word' id='word_1_774' title='bbox 3193 4200 3281 4247; x_wconf 84' lang='grc' dir='ltr'>καὶ</span> <span class='ocrx_word' id='word_1_775' title='bbox 3338 4194 3453 4248; x_wconf 77' lang='grc' dir='ltr'><strong>ἀντ)⁵</strong></span> <span class='ocrx_word' id='word_1_776' title='bbox 3511 4202 3703 4268; x_wconf 85' lang='grc' dir='ltr'>τρυφῆς</span> <span class='ocrx_word' id='word_1_777' title='bbox 3756 4201 3851 4246; x_wconf 81' lang='grc' dir='ltr'>καὶ</span> 
     </span>
    </p>
   </div>
   <div class='ocr_carea' id='block_1_106' title="bbox 2251 4281 3849 4357">
    <p class='ocr_par' dir='ltr' id='par_1_106' title="bbox 2251 4281 3849 4357">
     <span class='ocr_line' id='line_1_106' title="bbox 2251 4281 3849 4357; baseline 0 -21"><span class='ocrx_word' id='word_1_778' title='bbox 2251 4281 2409 4347; x_wconf 79' lang='grc' dir='ltr'>δόξης</span> <span class='ocrx_word' id='word_1_779' title='bbox 2452 4285 2737 4357; x_wconf 87' lang='grc' dir='ltr'>αἰσχύνην,</span> <span class='ocrx_word' id='word_1_780' title='bbox 2765 4289 2854 4337; x_wconf 82' lang='grc' dir='ltr'><strong>καὶ</strong></span> <span class='ocrx_word' id='word_1_781' title='bbox 2902 4288 2959 4336; x_wconf 84' lang='grc' dir='ltr'><strong>τό</strong></span> <span class='ocrx_word' id='word_1_782' title='bbox 3003 4281 3131 4337; x_wconf 85' lang='grc' dir='ltr'>ἰδεῖν</span> <span class='ocrx_word' id='word_1_783' title='bbox 3158 4289 3372 4343; x_wconf 89' lang='grc' dir='ltr'>νεότητα</span> <span class='ocrx_word' id='word_1_784' title='bbox 3398 4284 3531 4336; x_wconf 78' lang='grc' dir='ltr'>οὕτω</span> <span class='ocrx_word' id='word_1_785' title='bbox 3561 4283 3722 4342; x_wconf 82' lang='grc' dir='ltr'>καλὴν</span> <span class='ocrx_word' id='word_1_786' title='bbox 3753 4288 3849 4336; x_wconf 80' lang='grc' dir='ltr'>καὶ</span> 
     </span>
    </p>
   </div>
   <div class='ocr_carea' id='block_1_107' title="bbox 2252 4370 3849 4448">
    <p class='ocr_par' dir='ltr' id='par_1_107' title="bbox 2252 4370 3849 4448">
     <span class='ocr_line' id='line_1_107' title="bbox 2252 4370 3849 4448; baseline 0 -24"><span class='ocrx_word' id='word_1_787' title='bbox 2252 4375 2401 4435; x_wconf 65' lang='grc' dir='ltr'>εἰνθος</span> <span class='ocrx_word' id='word_1_788' title='bbox 2447 4380 2688 4445; x_wconf 84' lang='grc' dir='ltr'>σώματος</span> <span class='ocrx_word' id='word_1_789' title='bbox 2728 4376 2792 4425; x_wconf 89' lang='grc' dir='ltr'><strong>τά</strong></span> <span class='ocrx_word' id='word_1_790' title='bbox 2828 4380 2989 4426; x_wconf 83' lang='grc' dir='ltr'>πᾶσιν</span> <span class='ocrx_word' id='word_1_791' title='bbox 3039 4373 3328 4448; x_wconf 83' lang='grc' dir='ltr'>ἀνθρώποις</span> <span class='ocrx_word' id='word_1_792' title='bbox 3358 4370 3560 4432; x_wconf 78' lang='grc' dir='ltr'>ἣδιστα</span> <span class='ocrx_word' id='word_1_793' title='bbox 3588 4373 3849 4445; x_wconf 84' lang='grc' dir='ltr'>χαλεπαῖς</span> 
     </span>
    </p>
   </div>
   <div class='ocr_carea' id='block_1_108' title="bbox 2247 4460 3849 4536">
    <p class='ocr_par' dir='ltr' id='par_1_108' title="bbox 2247 4460 3849 4536">
     <span class='ocr_line' id='line_1_108' title="bbox 2247 4460 3849 4536; baseline 0.001 -22"><span class='ocrx_word' id='word_1_794' title='bbox 2247 4460 2500 4534; x_wconf 81' lang='grc' dir='ltr'>βασάνοις</span> <span class='ocrx_word' id='word_1_795' title='bbox 2525 4462 2840 4534; x_wconf 74' lang='grc' dir='ltr'>ὑϐριζόμενα</span> <span class='ocrx_word' id='word_1_796' title='bbox 2875 4482 2925 4514; x_wconf 90' lang='grc' dir='ltr'><strong>τε</strong></span> <span class='ocrx_word' id='word_1_797' title='bbox 2954 4468 3043 4514; x_wconf 82' lang='grc' dir='ltr'>καὶ</span> <span class='ocrx_word' id='word_1_798' title='bbox 3074 4466 3491 4536; x_wconf 89' lang='grc' dir='ltr'>σπαραττόμενα.</span> <span class='ocrx_word' id='word_1_799' title='bbox 3524 4466 3654 4535; x_wconf 87' lang='grc' dir='ltr'>Πρός</span> <span class='ocrx_word' id='word_1_800' title='bbox 3680 4470 3849 4515; x_wconf 86' lang='grc' dir='ltr'>ταῦτα</span> 
     </span>
    </p>
   </div>
   <div class='ocr_carea' id='block_1_109' title="bbox 2243 4548 3847 4626">
    <p class='ocr_par' dir='ltr' id='par_1_109' title="bbox 2243 4548 3847 4626">
     <span class='ocr_line' id='line_1_109' title="bbox 2243 4548 3847 4626; baseline -0.001 -23"><span class='ocrx_word' id='word_1_801' title='bbox 2243 4552 2394 4603; x_wconf 80' lang='grc' dir='ltr'>πάλιν</span> <span class='ocrx_word' id='word_1_802' title='bbox 2425 4551 2875 4626; x_wconf 80' lang='grc' dir='ltr'>εύπαρρησίαστοι</span> <span class='ocrx_word' id='word_1_803' title='bbox 2919 4554 2967 4603; x_wconf 81' lang='grc' dir='ltr'>οὶ</span> <span class='ocrx_word' id='word_1_804' title='bbox 2998 4551 3163 4623; x_wconf 79' lang='grc' dir='ltr'>ἅγιοι,</span> <span class='ocrx_word' id='word_1_805' title='bbox 3194 4551 3388 4623; x_wconf 82' lang='grc' dir='ltr'>Ἡμεῖς,</span> <span class='ocrx_word' id='word_1_806' title='bbox 3420 4548 3580 4616; x_wconf 86' lang='grc' dir='ltr'>εἷπον,</span> <span class='ocrx_word' id='word_1_807' title='bbox 3614 4550 3847 4603; x_wconf 79' lang='grc' dir='ltr'>ἀνθύπα-</span> 
     </span>
    </p>
   </div>
   <div class='ocr_carea' id='block_1_110' title="bbox 2243 4638 3847 4713">
    <p class='ocr_par' dir='ltr' id='par_1_110' title="bbox 2243 4638 3847 4713">
     <span class='ocr_line' id='line_1_110' title="bbox 2243 4638 3847 4713; baseline -0.001 -21"><span class='ocrx_word' id='word_1_808' title='bbox 2243 4660 2313 4705; x_wconf 86' lang='grc' dir='ltr'><strong>τε,</strong></span> <span class='ocrx_word' id='word_1_809' title='bbox 2348 4646 2434 4692; x_wconf 81' lang='grc' dir='ltr'>καὶ</span> <span class='ocrx_word' id='word_1_810' title='bbox 2473 4647 2716 4713; x_wconf 88' lang='grc' dir='ltr'>πρότερον</span> <span class='ocrx_word' id='word_1_811' title='bbox 2761 4640 3001 4705; x_wconf 85' lang='grc' dir='ltr'>εἰπόντες,</span> <span class='ocrx_word' id='word_1_812' title='bbox 3051 4646 3140 4693; x_wconf 82' lang='grc' dir='ltr'>καὶ</span> <span class='ocrx_word' id='word_1_813' title='bbox 3174 4649 3261 4691; x_wconf 88' lang='grc' dir='ltr'><strong>νῦν</strong></span> <span class='ocrx_word' id='word_1_814' title='bbox 3302 4648 3399 4691; x_wconf 92' lang='grc' dir='ltr'><strong>τῶν</strong></span> <span class='ocrx_word' id='word_1_815' title='bbox 3443 4642 3569 4692; x_wconf 84' lang='grc' dir='ltr'>ἰσων</span> <span class='ocrx_word' id='word_1_816' title='bbox 3611 4638 3847 4711; x_wconf 77' lang='grc' dir='ltr'>ἕχόμεθα</span> 
     </span>
    </p>
   </div>
   <div class='ocr_carea' id='block_1_111' title="bbox 2240 4725 3845 4800">
    <p class='ocr_par' dir='ltr' id='par_1_111' title="bbox 2240 4725 3845 4800">
     <span class='ocr_line' id='line_1_111' title="bbox 2240 4725 3845 4800; baseline -0.002 -20"><span class='ocrx_word' id='word_1_817' title='bbox 2240 4728 2417 4799; x_wconf 84' lang='grc' dir='ltr'>λόγων,</span> <span class='ocrx_word' id='word_1_818' title='bbox 2475 4730 2555 4780; x_wconf 90' lang='grc' dir='ltr'>ὃτι</span> <span class='ocrx_word' id='word_1_819' title='bbox 2626 4728 2889 4800; x_wconf 85' lang='grc' dir='ltr'>αἰσχύνην</span> <span class='ocrx_word' id='word_1_820' title='bbox 2966 4730 3234 4800; x_wconf 76' lang='grc' dir='ltr'>ἡγούμεθα</span> <span class='ocrx_word' id='word_1_821' title='bbox 3308 4733 3397 4780; x_wconf 91' lang='lat' dir='ltr'><strong>xui</strong></span> <span class='ocrx_word' id='word_1_822' title='bbox 3458 4732 3733 4800; x_wconf 80' lang='grc' dir='ltr'>μεγίστην,</span> <span class='ocrx_word' id='word_1_823' title='bbox 3797 4725 3845 4778; x_wconf 86' lang='grc' dir='ltr'>εἰ</span> 
     </span>
    </p>
   </div>
   <div class='ocr_carea' id='block_1_112' title="bbox 2239 4814 3838 4891">
    <p class='ocr_par' dir='ltr' id='par_1_112' title="bbox 2239 4814 3838 4891">
     <span class='ocr_line' id='line_1_112' title="bbox 2239 4814 3838 4891; baseline -0.003 -22"><span class='ocrx_word' id='word_1_824' title='bbox 2239 4826 2354 4871; x_wconf 86' lang='grc' dir='ltr'>νοῦν</span> <span class='ocrx_word' id='word_1_825' title='bbox 2411 4823 2497 4870; x_wconf 88' lang='lat' dir='ltr'><strong>xui</strong></span> <span class='ocrx_word' id='word_1_826' title='bbox 2547 4822 2728 4890; x_wconf 81' lang='grc' dir='ltr'>φρένας</span> <span class='ocrx_word' id='word_1_827' title='bbox 2776 4817 3016 4879; x_wconf 77' lang='grc' dir='ltr'>λαϐόντες</span> <span class='ocrx_word' id='word_1_828' title='bbox 3060 4820 3203 4891; x_wconf 84' lang='grc' dir='ltr'>παρὰ</span> <span class='ocrx_word' id='word_1_829' title='bbox 3263 4824 3397 4871; x_wconf 87' lang='grc' dir='ltr'>Θεοῦ</span> <span class='ocrx_word' id='word_1_830' title='bbox 3448 4818 3593 4877; x_wconf 84' lang='grc' dir='ltr'>θεούς</span> <span class='ocrx_word' id='word_1_831' title='bbox 3642 4814 3838 4887; x_wconf 78' lang='grc' dir='ltr'>ὄνομα·</span> 
     </span>
    </p>
   </div>
   <div class='ocr_carea' id='block_1_113' title="bbox 2243 4903 3842 4978">
    <p class='ocr_par' dir='ltr' id='par_1_113' title="bbox 2243 4903 3842 4978">
     <span class='ocr_line' id='line_1_113' title="bbox 2243 4903 3842 4978; baseline -0.003 -19"><span class='ocrx_word' id='word_1_832' title='bbox 2243 4910 2415 4977; x_wconf 86' lang='grc' dir='ltr'>ζοιμεν</span> <span class='ocrx_word' id='word_1_833' title='bbox 2467 4908 2533 4959; x_wconf 79' lang='grc' dir='ltr'><strong>τὰ</strong></span> <span class='ocrx_word' id='word_1_834' title='bbox 2595 4911 2666 4978; x_wconf 79' lang='grc' dir='ltr'>μὴ</span> <span class='ocrx_word' id='word_1_835' title='bbox 2728 4906 2901 4968; x_wconf 78' lang='grc' dir='ltr'>ἅπλῶς</span> <span class='ocrx_word' id='word_1_836' title='bbox 2964 4907 3142 4977; x_wconf 78' lang='grc' dir='ltr'>ἄφωνα</span> <span class='ocrx_word' id='word_1_837' title='bbox 3194 4912 3282 4957; x_wconf 90' lang='lat' dir='ltr'><strong>xui</strong></span> <span class='ocrx_word' id='word_1_838' title='bbox 3334 4908 3502 4977; x_wconf 85' lang='grc' dir='ltr'>κωφά,</span> <span class='ocrx_word' id='word_1_839' title='bbox 3565 4903 3697 4955; x_wconf 78' lang='grc' dir='ltr'><strong>ἀλλά</strong></span> <span class='ocrx_word' id='word_1_840' title='bbox 3749 4906 3842 4955; x_wconf 85' lang='lat' dir='ltr'><strong>xui</strong></span> 
     </span>
    </p>
   </div>
   <div class='ocr_carea' id='block_1_114' title="bbox 2239 4990 3837 5069">
    <p class='ocr_par' dir='ltr' id='par_1_114' title="bbox 2239 4990 3837 5069">
     <span class='ocr_line' id='line_1_114' title="bbox 2239 4990 3837 5069; baseline -0.003 -22"><span class='ocrx_word' id='word_1_841' title='bbox 2239 5003 2426 5066; x_wconf 82' lang='grc' dir='ltr'>φρενῶν</span> <span class='ocrx_word' id='word_1_842' title='bbox 2475 4998 2644 5069; x_wconf 77' lang='grc' dir='ltr'>ἔρημα</span> <span class='ocrx_word' id='word_1_843' title='bbox 2682 4999 2771 5046; x_wconf 86' lang='lat' dir='ltr'><strong>xui</strong></span> <span class='ocrx_word' id='word_1_844' title='bbox 2815 4995 3129 5057; x_wconf 81' lang='grc' dir='ltr'>αἰσθήσεως.</span> <span class='ocrx_word' id='word_1_845' title='bbox 3176 4992 3265 5054; x_wconf 70' lang='grc' dir='ltr'><strong>⁸Ας</strong></span> <span class='ocrx_word' id='word_1_846' title='bbox 3317 4990 3375 5046; x_wconf 73' lang='grc' dir='ltr'>δὲ</span> <span class='ocrx_word' id='word_1_847' title='bbox 3418 4996 3540 5063; x_wconf 81' lang='grc' dir='ltr'>ἡμῖν</span> <span class='ocrx_word' id='word_1_848' title='bbox 3591 4991 3837 5053; x_wconf 82' lang='grc' dir='ltr'>ἐπισείεις</span> 
     </span>
    </p>
   </div>
   <div class='ocr_carea' id='block_1_115' title="bbox 2239 5080 3835 5157">
    <p class='ocr_par' dir='ltr' id='par_1_115' title="bbox 2239 5080 3835 5157">
     <span class='ocr_line' id='line_1_115' title="bbox 2239 5080 3835 5157; baseline -0.001 -22"><span class='ocrx_word' id='word_1_849' title='bbox 2239 5081 2521 5155; x_wconf 86' lang='grc' dir='ltr'>βασάνους,</span> <span class='ocrx_word' id='word_1_850' title='bbox 2572 5086 2822 5135; x_wconf 89' lang='grc' dir='ltr'>τοσούτου</span> <span class='ocrx_word' id='word_1_851' title='bbox 2879 5080 3058 5155; x_wconf 79' lang='grc' dir='ltr'>δέομεν</span> <span class='ocrx_word' id='word_1_852' title='bbox 3109 5082 3327 5157; x_wconf 77' lang='grc' dir='ltr'>φοϐερὰς</span> <span class='ocrx_word' id='word_1_853' title='bbox 3382 5083 3646 5153; x_wconf 73' lang='grc' dir='ltr'>ὂγείσθαι,</span> <span class='ocrx_word' id='word_1_854' title='bbox 3700 5082 3835 5133; x_wconf 85' lang='grc' dir='ltr'>ὥστε</span> 
     </span>
    </p>
   </div>
   <div class='ocr_carea' id='block_1_116' title="bbox 2235 5171 3834 5245">
    <p class='ocr_par' dir='ltr' id='par_1_116' title="bbox 2235 5171 3834 5245">
     <span class='ocr_line' id='line_1_116' title="bbox 2235 5171 3834 5245; baseline -0.003 -22"><span class='ocrx_word' id='word_1_855' title='bbox 2235 5172 2530 5224; x_wconf 75' lang='grc' dir='ltr'>τούναντίον</span> <span class='ocrx_word' id='word_1_856' title='bbox 2615 5177 2705 5224; x_wconf 89' lang='lat' dir='ltr'><strong>xui</strong></span> <span class='ocrx_word' id='word_1_857' title='bbox 2784 5171 3079 5245; x_wconf 78' lang='grc' dir='ltr'>φοϐούμεθα</span> <span class='ocrx_word' id='word_1_858' title='bbox 3166 5171 3378 5244; x_wconf 83' lang='grc' dir='ltr'>μᾶλλον,</span> <span class='ocrx_word' id='word_1_859' title='bbox 3457 5175 3552 5243; x_wconf 81' lang='grc' dir='ltr'>μὴ,</span> <span class='ocrx_word' id='word_1_860' title='bbox 3633 5171 3834 5241; x_wconf 81' lang='grc' dir='ltr'>κούφως</span> 
     </span>
    </p>
   </div>
   <div class='ocr_carea' id='block_1_117' title="bbox 2234 5257 3831 5335">
    <p class='ocr_par' dir='ltr' id='par_1_117' title="bbox 2234 5257 3831 5335">
     <span class='ocr_line' id='line_1_117' title="bbox 2234 5257 3831 5335; baseline -0.004 -21"><span class='ocrx_word' id='word_1_861' title='bbox 2234 5262 2458 5333; x_wconf 82' lang='grc' dir='ltr'>ἔχουσαι</span> <span class='ocrx_word' id='word_1_862' title='bbox 2530 5266 2617 5313; x_wconf 90' lang='lat' dir='ltr'><strong>xui</strong></span> <span class='ocrx_word' id='word_1_863' title='bbox 2696 5266 2935 5335; x_wconf 80' lang='grc' dir='ltr'>μετρίως,</span> <span class='ocrx_word' id='word_1_864' title='bbox 3018 5260 3076 5312; x_wconf 87' lang='grc' dir='ltr'><strong>ού</strong></span> <span class='ocrx_word' id='word_1_865' title='bbox 3156 5257 3475 5318; x_wconf 66' lang='grc' dir='ltr'>δυνήσονται</span> <span class='ocrx_word' id='word_1_866' title='bbox 3545 5260 3831 5333; x_wconf 89' lang='grc' dir='ltr'>μαρτύριον</span> 
     </span>
    </p>
   </div>
   <div class='ocr_carea' id='block_1_118' title="bbox 2232 5347 3830 5424">
    <p class='ocr_par' dir='ltr' id='par_1_118' title="bbox 2232 5347 3830 5424">
     <span class='ocr_line' id='line_1_118' title="bbox 2232 5347 3830 5424; baseline -0.003 -23"><span class='ocrx_word' id='word_1_867' title='bbox 2232 5348 2435 5424; x_wconf 78' lang='grc' dir='ltr'>ἀκριϐες</span> <span class='ocrx_word' id='word_1_868' title='bbox 2470 5347 2599 5402; x_wconf 87' lang='grc' dir='ltr'>εἶναι</span> <span class='ocrx_word' id='word_1_869' title='bbox 2635 5359 2728 5411; x_wconf 88' lang='grc' dir='ltr'>τῆς</span> <span class='ocrx_word' id='word_1_870' title='bbox 2768 5358 2860 5401; x_wconf 90' lang='grc' dir='ltr'><strong>τοῦ</strong></span> <span class='ocrx_word' id='word_1_871' title='bbox 2908 5356 3041 5402; x_wconf 86' lang='grc' dir='ltr'>Θεοῦ</span> <span class='ocrx_word' id='word_1_872' title='bbox 3084 5354 3203 5422; x_wconf 88' lang='grc' dir='ltr'>περὶ</span> <span class='ocrx_word' id='word_1_873' title='bbox 3246 5350 3384 5420; x_wconf 78' lang='grc' dir='ltr'>ἡμᾶς</span> <span class='ocrx_word' id='word_1_874' title='bbox 3427 5347 3617 5418; x_wconf 87' lang='grc' dir='ltr'>ἰσχύος</span> <span class='ocrx_word' id='word_1_875' title='bbox 3657 5364 3709 5397; x_wconf 90' lang='grc' dir='ltr'><strong>τε</strong></span> <span class='ocrx_word' id='word_1_876' title='bbox 3738 5350 3830 5398; x_wconf 88' lang='lat' dir='ltr'><strong>xui</strong></span> 
     </span>
    </p>
   </div>
   <div class='ocr_carea' id='block_1_119' title="bbox 2235 5430 3829 5512">
    <p class='ocr_par' dir='ltr' id='par_1_119' title="bbox 2235 5430 3829 5512">
     <span class='ocr_line' id='line_1_119' title="bbox 2235 5430 3829 5512; baseline -0.001 -22"><span class='ocrx_word' id='word_1_877' title='bbox 2235 5434 2519 5512; x_wconf 80' lang='grc' dir='ltr'>δυνάμεως.</span> <span class='ocrx_word' id='word_1_878' title='bbox 2551 5438 2617 5494; x_wconf 82' lang='grc' dir='ltr'>Ἣ</span> <span class='ocrx_word' id='word_1_879' title='bbox 2652 5438 2779 5491; x_wconf 83' lang='grc' dir='ltr'><strong>ἀλλά</strong></span> <span class='ocrx_word' id='word_1_880' title='bbox 2821 5444 2892 5511; x_wconf 81' lang='grc' dir='ltr'>μὴ</span> <span class='ocrx_word' id='word_1_881' title='bbox 2943 5436 3090 5492; x_wconf 86' lang='grc' dir='ltr'>πλέον</span> <span class='ocrx_word' id='word_1_882' title='bbox 3144 5439 3191 5490; x_wconf 88' lang='grc' dir='ltr'>οἱ</span> <span class='ocrx_word' id='word_1_883' title='bbox 3236 5436 3402 5508; x_wconf 81' lang='grc' dir='ltr'>λόγοι,</span> <span class='ocrx_word' id='word_1_884' title='bbox 3456 5443 3518 5508; x_wconf 80' lang='grc' dir='ltr'>τῇ</span> <span class='ocrx_word' id='word_1_885' title='bbox 3564 5439 3719 5507; x_wconf 83' lang='grc' dir='ltr'>πείρᾳ</span> <span class='ocrx_word' id='word_1_886' title='bbox 3767 5430 3829 5488; x_wconf 74' lang='grc' dir='ltr'><strong>δε</strong></span> 
     </span>
    </p>
   </div>
   <div class='ocr_carea' id='block_1_120' title="bbox 2230 5523 3827 5603">
    <p class='ocr_par' dir='ltr' id='par_1_120' title="bbox 2230 5523 3827 5603">
     <span class='ocr_line' id='line_1_120' title="bbox 2230 5523 3827 5603; baseline -0.003 -24"><span class='ocrx_word' id='word_1_887' title='bbox 2230 5531 2351 5591; x_wconf 80' lang='grc' dir='ltr'>τοὺς</span> <span class='ocrx_word' id='word_1_888' title='bbox 2404 5526 2652 5600; x_wconf 74' lang='grc' dir='ltr'>ἐλέγχους</span> <span class='ocrx_word' id='word_1_889' title='bbox 2698 5526 2993 5603; x_wconf 71' lang='grc' dir='ltr'>έπίτρεψον,</span> <span class='ocrx_word' id='word_1_890' title='bbox 3045 5532 3133 5578; x_wconf 90' lang='lat' dir='ltr'><strong>xui</strong></span> <span class='ocrx_word' id='word_1_891' title='bbox 3180 5530 3288 5579; x_wconf 86' lang='grc' dir='ltr'>τότε</span> <span class='ocrx_word' id='word_1_892' title='bbox 3346 5528 3461 5599; x_wconf 74' lang='grc' dir='ltr'>εἴση</span> <span class='ocrx_word' id='word_1_893' title='bbox 3524 5532 3696 5596; x_wconf 85' lang='grc' dir='ltr'>σαφῶς</span> <span class='ocrx_word' id='word_1_894' title='bbox 3743 5523 3827 5575; x_wconf 86' lang='grc' dir='ltr'>ὅτι</span> 
     </span>
    </p>
   </div>
  </div>
