4154 6192
297 257 400 313 717

293 384 418 458 ῥᾷον
444 386 597 457 ἡμεῖς
620 388 826 458 οἴσομεν
858 389 888 445 ἥ
923 386 1123 452 έπάξεις
1148 390 1302 455 αὐτὸς
1332 394 1427 456 τὰς
1463 392 1723 454 κολάσεις.

365 564 433 618 Δ’.
470 564 710 616 Ἀνάπτει
760 570 844 617 τόν
894 570 1140 639 τύραννον
1197 571 1270 630 εἰς
1308 570 1468 645 ὀργήν
1518 574 1543 623 ό
1581 572 1748 643 λόγος.
1799 574 1885 622 καὶ

293 652 445 711 εὐθὺς
494 652 718 725 βάσανοι
764 661 885 719 τοὺς
925 660 1196 733 μάρτυρας
1243 657 1413 732 εἶχον,
1460 664 1521 715 Ai
1555 660 1781 734 βάσανοι
1830 658 1888 712 δι

292 742 350 793 ού
399 748 582 814 μικραὶ
631 740 755 796 ούδε
793 744 878 798 ἰπὶ
934 752 1118 823 μικρὸν
1175 748 1465 823 ἀρκέσασαι
1524 755 1734 822 χρόνον,
1779 748 1885 801 ἀλλ’

292 830 374 883 ἰπὶ
452 835 620 885 εἴκοσι
689 840 809 906 μιᾶς
888 832 1115 901 δεούσης
1199 842 1389 911 ἡμέρας
1480 842 1884 914 παραταθεῖσαι.

288 928 471 975 Ἵσασι
528 919 586 974 δὲ
639 926 837 986 πάντως
888 926 1005 978 ὅσοι
1050 935 1229 1003 πεῖραν
1284 939 1383 982 τῶν
1434 928 1678 1001 ἀλγεινῶν
1728 932 1889 1001 ἔχου-

294 1031 396 1077 σιν,
471 1012 552 1064 ὅτι
655 1012 876 1085 πληγαῖς
958 1022 1194 1088 σώματος
1294 1018 1644 1092 έπιγινόμεναι
1733 1019 1887 1073 πάλιν

293 1102 481 1174 ἕτεραι,
541 1108 700 1173 μήπω
760 1110 848 1164 τῆς
913 1110 1166 1181 προτέρας
1229 1108 1683 1182 ὑπομαρανθείσης
1765 1102 1889 1159 ὀδύ-

293 1210 398 1251 νης,
452 1189 579 1242 ἀλλὰ
636 1195 692 1243 τό
752 1189 979 1265 σφοδρὸν
1037 1196 1113 1248 ἔτι
1164 1200 1254 1248 καὶ
1325 1194 1557 1268 ἀκμάζον
1630 1196 1885 1267 έχούσης·

295 1278 549 1351 ἀφόρητον
624 1281 736 1332 οἷαν
801 1287 889 1334 καὶ
942 1279 1115 1341 δεινήν
1172 1289 1265 1343 τὴν
1315 1287 1567 1343 αἴσθησιν
1621 1292 1724 1346 τοῖς
1794 1287 1890 1338 πά-

295 1387 523 1440 σχουσιν
565 1367 888 1441 έμποιούσιν.
931 1376 1000 1424 Τό
1026 1376 1115 1445 μεν
1159 1369 1246 1425 οὖν
1278 1372 1430 1446 βῆμα
1475 1374 1734 1446 ξεομένους
1774 1378 1890 1435 τοὺς

291 1459 561 1532 μάρτυρας
608 1458 867 1532 έθεάτριζε
912 1461 1032 1514 καθ’
1088 1464 1303 1537 ἡμέραν,
1359 1466 1471 1516 εἶτα
1546 1469 1635 1516 καὶ
1688 1465 1883 1538 εἰρκταὶ

291 1550 509 1610 τούτους
564 1551 694 1620 μετὰ
741 1552 830 1610 τὰς
871 1550 1072 1620 πληγάς
1124 1548 1446 1625 διεδέχοντο,
1480 1554 1712 1615 κάκωσις
1760 1552 1885 1611 ἆλλη

294 1635 377 1689 ἐπὶ
453 1644 682 1690 κακώσει
750 1644 840 1692 καὶ
893 1641 1171 1714 προσθήκη
1226 1650 1325 1693 τῶν
1378 1642 1641 1718 λυπηρῶν.
1694 1645 1760 1696 Oi
1831 1638 1889 1695 δε

1469 264 1894 324 MARTYRIUM
1935 263 1998 320 S.
2045 265 2446 328 EUPHEMI/E.

3552 276 3653 335 718

1921 388 1968 446 Α
2001 388 2228 450 laturos
2275 409 2404 452 esse
2461 394 2779 461 cruciatus,
2834 409 3017 467 quam
3075 398 3138 450 tu
3192 396 3275 453 sis
3329 399 3651 459 intentatuv

2000 494 2125 536 rus.

2068 570 2158 625 IV.
2186 572 2273 627 Ad
2304 572 2457 629 iram
2496 576 2817 646 tyrannum
2867 572 3137 628 accendit
3165 573 3291 629 hinc
3340 577 3549 645 oratio,
3596 582 3654 636 et

1999 658 2195 716 statim
2230 663 2543 718 tormentis
2554 662 2802 735 subjecti
2817 659 2978 716 fuere
2999 668 3312 735 martyres.
3333 666 3649 725 Tormenta

1999 753 2202 805 autem
2242 750 2479 807 fuerunt
2526 767 2647 807 non
2678 766 2886 823 parva,
2920 766 3114 824 neque
3154 768 3337 823 parvo
3387 759 3653 827 tempore

1998 835 2307 904 durarunt,
2344 840 2447 895 sed
2464 840 2541 896 ad
2565 839 2978 896 novemdecim
3003 839 3129 896 dies
3154 841 3313 898 fuere
3339 843 3651 915 producta.

2002 925 2205 984 Sciunt
2233 934 2431 985 autem
2464 930 2727 996 omnino,
2778 930 3120 1002 quicunque
3168 946 3365 987 rerum
3409 948 3653 1006 aspera-

1999 1030 2132 1071 rum
2173 1021 2231 1071 et
2257 1019 2507 1074 tristium
2566 1018 2790 1076 faciunt
2836 1019 3190 1091 periculum,
3244 1021 3409 1092 quod
3460 1022 3653 1094 plagis

2000 1106 2267 1177 corporis
2301 1123 2509 1164 rursus
2551 1108 2904 1164 accedentes
2933 1108 3083 1177 aliae,
3112 1125 3248 1165 cum
3290 1111 3452 1182 prior
3480 1114 3655 1172 dolor

2000 1195 2269 1252 nondum
2303 1196 2676 1263 emarcuerit,
2710 1196 2814 1253 sed
2848 1197 3143 1255 sitadhuc
3170 1199 3228 1254 in
3255 1198 3391 1271 ipso
3425 1202 3651 1275 vigore,

2000 1281 2069 1337 iis
2106 1283 2208 1354 qui
2239 1285 2564 1355 patiuntur,
2586 1284 3109 1356 eﬂiciuntgravem
3137 1303 3382 1345 sensum
3408 1294 3469 1345 et
3499 1292 3651 1348 into-

1998 1370 2323 1428 lerabilem.
2354 1377 2544 1446 Atque
2576 1373 2830 1431 tribunal
2890 1374 3135 1448 quidem
3174 1384 3489 1449 martyres,
3544 1380 3651 1453 qui

1999 1460 2402 1526 caedebantur,
2440 1462 2811 1533 producebat
2839 1464 3126 1536 quotidie,
3161 1465 3338 1522 veluti
3377 1466 3438 1522 in
3491 1468 3653 1527 thea-

2000 1551 2177 1604 trum.
2211 1550 2427 1606 Deinde
2452 1555 2588 1621 post
2626 1550 2837 1623 plagas
2864 1567 2969 1607 eos
2999 1569 3241 1625 quoque
3274 1556 3653 1628 excipiebant

2000 1653 2286 1705 carceres,
2320 1639 2438 1695 alia
2462 1639 2703 1696 aﬂlictio
2734 1641 3028 1697 accedens
3080 1640 3411 1715 aﬂlictioni,
3454 1653 3511 1703 et
3552 1648 3648 1704 do-

292 1734 542 1778 τοσοῦτον
623 1726 843 1799 ἀπεῖχον
923 1736 1015 1781 τοῦ
1085 1729 1250 1789 λύπην
1317 1731 1450 1783 αύτά
1528 1737 1618 1785 καὶ
1698 1727 1888 1789 ὀδύνην

2000 1725 2195 1783 lorum
2226 1728 2725 1785 additamentum.
2783 1732 3038 1787 Tantum
3071 1738 3272 1788 autem
3310 1734 3535 1801 aberat,
3589 1742 3654 1793 ut

291 1814 619 1886 λογίζεσθαι,
694 1819 829 1869 ὥστε
880 1823 970 1869 καὶ
1038 1816 1198 1891 διπλῇ
1285 1825 1517 1893 χαίρειν,
1574 1829 1646 1890 τῷ
1700 1840 1752 1873 τε
1799 1817 1893 1873 διὰ

294 1910 522 1977 Χριστόν
603 1906 941 1974 κολάζεσθαι,
1011 1914 1101 1961 καὶ
1178 1918 1249 1980 τῷ
1303 1918 1362 1982 τῇ
1436 1913 1711 1983 προσθήκη
1794 1919 1889 1963 των

295 1992 535 2067 λυπηρῶν
613 1997 913 2065 προσθήκην
991 1998 1169 2060 αύτοῖς
1225 2000 1289 2051 τά
1349 1998 1398 2050 έν
1448 1998 1649 2051 έλπίσιν
1716 1998 1889 2069 ἀγαθά

294 2079 569 2153 δέχεσθαι.
629 2090 732 2146 Τῆς
783 2085 1022 2149 εἰκοστῆς
1079 2084 1138 2139 δε
1190 2084 1296 2147 ἤδη
1332 2088 1624 2151 ἐπιστάσης
1672 2090 1887 2163 ἡμέρας,

289 2171 603 2244 μετάκλητοι
675 2174 828 2225 πάλιν
893 2177 942 2226 οἰ
1018 2183 1241 2247 γενναῖοι
1306 2185 1377 2247 τῷ
1454 2180 1682 2249 τυράννῳ
1760 2180 1886 2231 καθ-

291 2266 547 2313 ίστανται.
609 2266 708 2314 Καὶ
756 2264 784 2321 ἠ
834 2263 1121 2327 καλλίνικος
1176 2262 1234 2317 δε
1286 2274 1565 2339 συμπαρῆν
1622 2266 1884 2339 Εύφημία,

292 2349 396 2401 οἷον
476 2348 703 2424 ἀστέρων
780 2349 1152 2424 διαφαινόντων
1240 2354 1425 2413 σελήνη
1504 2360 1660 2426 μέσον
1719 2356 1886 2407 αὐτῶν

294 2438 555 2503 εὔκυκλος,
607 2440 759 2493 καλόν
806 2440 920 2494 λίαν
976 2448 1064 2495 καὶ
1110 2441 1216 2501 ἡδύ
1268 2443 1568 2515 λάμπουσα,
1626 2449 1689 2496 Τί
1729 2441 1815 2496 όῦν
1862 2446 1887 2497 ό

292 2531 537 2601 τύραννος
583 2534 707 2602 πρὸς
751 2530 933 2592 αύτούς
965 2550 978 2600 ;
1014 2532 1100 2594 Εἰς
1140 2540 1337 2605 πεῖραν,
1389 2536 1503 2605 ἔφη,
1536 2536 1888 2597 καταστάντες

292 2616 358 2667 ὧν
405 2613 652 2671 οὐδέποτε
707 2621 768 2671 οἶν
822 2622 1130 2694 πειραθῆναι
1192 2621 1415 2692 ᾠήθητε,
1473 2621 1517 2674 εἰ
1580 2621 1889 2692 μεταϐεϐού-

291 2704 465 2758 λευταί
521 2725 571 2758 τι
639 2714 892 2782 σωτήριον
971 2714 1059 2761 καὶ
1136 2709 1392 2771 λυσιτελές
1476 2712 1615 2782 ύμῖν,
1690 2714 1883 2766 εἴπατε.

294 2794 491 2848 Βέλτιον
542 2799 644 2868 γὰρ
693 2795 1039 2861 ἀπολιπόντας
1095 2804 1187 2857 τήν
1268 2805 1494 2871 ματαίαν
1556 2802 1743 2858 ταύτην
1797 2808 1887 2859 τῆς

293 2881 452 2946 δόξης
508 2892 861 2957 καινοτομίαν,
921 2894 1010 2940 καὶ
1079 2892 1137 2940 τό
1181 2894 1370 2960 μόνους
1447 2890 1530 2940 έπὶ
1600 2898 1743 2960 κακῷ
1796 2898 1887 2949 τῆς

293 2968 435 3035 ἰδέας
490 2974 627 3037 ζωῆς
673 2977 1053 3049 ἀντιφέρεσθαι,
1095 2980 1120 3029 ὅ
1169 2980 1355 3040 πάντες
1400 2974 1570 3049 δρῶσι
1622 2983 1708 3029 καὶ
1752 2980 1886 3049 ὑμᾶς

290 3061 471 3133 ὁμοίως
536 3071 699 3117 ποιεῖν
762 3070 851 3118 καὶ
905 3066 1277 3139 προσελθόντας
1359 3068 1513 3121 θύειν.
1585 3066 1643 3119 Ὀ
1693 3063 1751 3120 δὲ
1794 3075 1884 3119 τοῦ
1918 3106 1959 3164 C

289 3158 525 3225 Χριστοῦ
566 3161 791 3223 γενναῖος
837 3160 1059 3227 στρατός
1102 3155 1213 3227 ἅμα
1241 3164 1301 3229 τῇ
1336 3162 1671 3229 πανευφήμῳ,
1705 3160 1884 3231 Μέχρι

288 3245 441 3306 τίνος,
488 3238 650 3309 εἶπον,
702 3241 741 3295 ὦ
785 3240 1034 3308 δικαστά,
1092 3250 1307 3297 σεαυτόν
1346 3244 1565 3316 ἀπατᾴς,
1601 3248 1881 3319 ἐπιχειρῶν

290 3332 594 3402 πράγμασιν
643 3329 964 3398 ἀδυνάτοις;
1024 3339 1093 3387 Τό
1138 3333 1239 3409 γάρ
1307 3336 1444 3406 ἡμᾶς
1497 3337 1669 3387 δοκεῖν
1726 3354 1883 3405 μετα-

290 3424 508 3485 πείσειν,
566 3422 740 3492 ὅμοιόν
794 3422 907 3475 ἐστι
962 3433 1031 3494 τῷ
1080 3427 1200 3484 τοὺς
1252 3422 1473 3487 ἀστέρας
1531 3425 1731 3476 οἴεσθαι
1788 3432 1881 3486 τῆς

290 3507 483 3570 οἰκείας
550 3512 843 3582 μεταθεῖναι
928 3514 1157 3573 στάσεως
1231 3515 1261 3571 ἦ
1326 3517 1551 3584 πορείας,
1621 3516 1651 3569 ἣ
1714 3514 1762 3563 ἓν
1832 3532 1883 3564 τι

288 3606 619 3656 μεταστῆσαι
663 3608 760 3651 τῶν
808 3599 1082 3658 ἀκινήτων.
1121 3600 1282 3653 Ὠστε
1326 3599 1527 3673 βέλτιον
1574 3596 1634 3658 ἦν
1668 3604 1883 3652 σεαυτόν

288 3685 477 3757 μᾶλλον
526 3695 615 3747 τῆς
657 3688 855 3750 πλάνης
896 3688 1219 3762 μεταϐαλεῖν,
1278 3695 1368 3741 καὶ
1417 3692 1501 3741 τόν
1550 3688 1714 3747 ἀληθῆ
1762 3692 1883 3743 Θεὸν

289 3774 586 3845 έπιγνῶναι,
643 3777 909 3851 οἰκονόμον
962 3782 1176 3853 ἄριστον
1227 3788 1319 3840 τῆς
1400 3774 1537 3839 ἰδίας
1615 3783 1883 3850 γενόμενον

290 3869 571 3938 σωτηρίας.

358 4129 427 4185 Ε’.
470 4139 635 4205 Θυμῷ
690 4131 884 4185 πλείονι
930 4133 956 4185 ό
996 4138 1222 4208 Πρίσκος
1275 4133 1645 4203 κατασχεθεὶς,
1705 4134 1884 4185 σκύτε-

289 4241 372 4274 σιν
402 4222 556 4293 ὠμοίς
593 4221 783 4274 κελεύει
813 4225 877 4273 τὰ
923 4231 1022 4275 τὼν
1053 4223 1213 4293 ἁγίων
1264 4223 1552 4273 τύπτεσθαι
1602 4226 1881 4295 πρόσωπα,

286 4311 471 4382 λόγους
542 4310 772 4384 ἀγαθούς
867 4320 1107 4383 πονηροῖς
1196 4314 1362 4384 ἔργοις
1444 4310 1776 4381 ἀμειϐόμενος
1854 4312 1882 4363 ὁ

288 4398 521 4463 ἀνόητος.
551 4401 616 4453 Oi
647 4398 722 4465 δι,
759 4406 847 4453 καὶ
887 4406 979 4458 τήν
1016 4405 1199 4459 καινήν
1228 4403 1421 4457 ταύτην
1463 4396 1708 4473 ἀνδρείως
1759 4401 1880 4452 ύποο

288 4493 522 4564 φέροντες
591 4488 843 4562 βάσανον,
919 4489 1266 4562 λαμπρότεροι
1344 4492 1438 4549 τὰς
1521 4467 1663 4558 ὄφεις
1747 4485 1879 4541 έδεί-
1918 4467 1959 4521 D

287 4597 490 4641 κνυντο,
534 4587 623 4631 τοῦ
685 4581 902 4648 αἵματός
954 4581 1043 4651 μὶν
1096 4587 1182 4639 τῆς
1259 4582 1454 4651 σαρκός
1526 4576 1881 4652 ἀπορρέοντος,

288 4676 376 4728 τῆς
407 4676 734 4739 Δημιουργοῦ
776 4665 834 4721 δε
885 4671 1109 4742 χάριτος
1151 4666 1535 4741 ἔξωραίζούσης
1563 4666 1597 4718 οἱ
1637 4663 1885 4719 διέπλασε

286 4762 562 4829 πρόσωπα.
611 4760 677 4810 Οἱ
731 4758 1073 4829 μαστίζοντες
1126 4754 1185 4809 δὲ
1248 4756 1536 4809 τούναντίον
1596 4756 1882 4827 ἀπαγορεύ-

290 4865 490 4909 σαντες,
564 4848 842 4917 ἡμιθνῆτες
906 4846 976 4907 εἰς
1032 4849 1125 4905 τήν
1181 4853 1278 4917 γῆν
1330 4849 1666 4897 κατέπιπτον.
1731 4844 1885 4897 Ἀλλά

287 4937 408 4995 τοὺς
453 4937 541 5005 μεν
571 4934 752 4995 ἄλλους
776 4934 953 5005 ἁγίους
1004 4934 1231 4987 κελεύσει
1261 4936 1414 4986 πάλιν
1464 4941 1556 4986 τοῦ
1600 4930 1881 4997 δικαστοῦ,

285 5022 677 5097 παραλαμϐάνει
731 5028 789 5076 τό
840 5020 1204 5096 δικαστήριον,
1252 5024 1345 5084 ἕως
1426 5021 1618 5084 αύτούς
1667 5021 1882 5080 Διόκλη-

287 5121 444 5183 τιανῷ
500 5112 857 5187 παραπέμψει·
917 5112 1048 5165 οὕτω
1098 5115 1198 5183 γὰρ
1272 5111 1596 5171 Ἀπελλιανός
1671 5112 1882 5181 εἰσηγή⁸

290 5219 436 5255 σατο·
516 5204 545 5261 ή
618 5206 947 5274 πανεύφημος
1002 5197 1060 5254 δε
1126 5204 1225 5275 πρὸ
1278 5208 1369 5253 τοῦ
1434 5198 1675 5272 βήματος
1742 5199 1883 5270 αύτῷ

287 5296 613 5366 παρίσταται
696 5297 825 5363 μόνη
909 5293 1059 5362 (ᾤετο
1128 5293 1229 5363 γὰρ
1340 5292 1660 5362 μονωθεῖσαν
1747 5290 1884 5341 οὕτω

285 5378 487 5456 ῥᾳδίως
534 5382 944 5452 ὑπαγαγέσθαι).
1002 5379 1295 5451 Ἐγγύτατα
1338 5374 1425 5431 οὖν
1473 5381 1665 5435 ταύτην
1718 5397 1885 5450 παρα-

288 5471 632 5541 στησάμενος,
678 5470 759 5521 ἶνα
801 5475 890 5521 καὶ
922 5467 1089 5541 βλέψῃ
1132 5475 1241 5528 ταῖς
1270 5468 1583 5531 οἰκειώσεσι,
1634 5468 1887 5524 Πείσθητί

286 5579 398 5633 μοι,
450 5558 607 5631 ἔλεγε,
649 5561 713 5611 τὰ
762 5556 957 5634 ἄριστά
1016 5576 1099 5611 σοι
1140 5556 1563 5629 συμϐουλεύοντι,
1619 5555 1884 5627 Εύφημία,

2002 1815 2080 1871 illi
2106 1833 2177 1872 ea
2202 1817 2469 1873 dolorem
2485 1819 2891 1875 existimarent
2919 1824 2977 1875 et
2998 1820 3353 1887 molestiam,
3382 1828 3446 1880 ut
3470 1824 3651 1883 etiam

2001 1906 2325 1975 gauderent
2376 1906 2708 1979 dupliciter,
2763 1914 2817 1963 et
2854 1909 3017 1980 quod
3065 1916 3307 1982 propter
3353 1912 3651 1970 Christum

2001 1993 2372 2065 punirentur,
2424 2000 2479 2050 et
2518 1996 2683 2067 quod
2724 2000 2967 2068 propter
3004 2013 3202 2054 rerum
3259 1999 3650 2058 molestarum

2001 2089 2393 2151 augmentum
2424 2082 2585 2140 bona
2614 2099 2857 2155 quoque
2885 2100 3020 2157 quae
3071 2091 3240 2141 erant
3279 2088 3338 2142 in
3377 2104 3503 2159 spe,
3558 2105 3651 2147 ac-

2002 2172 2329 2227 cessionem
2361 2174 2711 2245 acciperent.
2737 2174 2880 2230 Cum
2894 2173 3022 2245 jam
3039 2179 3239 2230 autem
3257 2175 3387 2232 dies
3412 2177 3653 2237 adesset

2002 2258 2333 2325 vicesimus,
2366 2276 2401 2316 a
2428 2267 2684 2332 tyranno
2723 2278 2934 2317 rursus
2965 2262 3067 2317 viri
3089 2270 3475 2321 accersuntur
3505 2283 3651 2338 prm-

2000 2347 2160 2409 clari.
2196 2366 2333 2404 cum
2354 2350 2575 2422 quibus
2608 2349 2867 2421 gloriosa
2898 2367 3140 2422 quoque
3174 2352 3379 2410 aderat
3422 2356 3650 2428 Euphe-

2000 2438 2143 2502 mia,
2209 2437 2387 2493 veluti
2444 2438 2507 2494 in
2566 2438 2764 2494 medio
2804 2438 3110 2495 stellarum
3160 2440 3303 2497 luna
3354 2447 3473 2498 toto
3503 2444 3650 2501 orbe

1999 2526 2193 2599 plena,
2219 2526 2465 2598 pulchre
2494 2532 2549 2582 et
2579 2527 3017 2598 jucundissime
3052 2529 3460 2601 resplendens.
3498 2534 3651 2599 Quid

1998 2630 2140 2685 ergo
2170 2616 2255 2671 eis
2285 2622 2573 2687 tyrannus
2600 2615 2629 2671 τ
2661 2620 2755 2682 Ea,
2797 2617 3009 2689 inquit,
3037 2620 3278 2689 eXperti,
3308 2636 3445 2691 quae
3499 2638 3651 2678 nun-

1996 2720 2183 2776 quam
2222 2705 2473 2775 putastis
2520 2704 2641 2760 fore
2694 2709 2757 2761 ut
2796 2706 3230 2776 experiremini.
3286 2723 3359 2764 an
3403 2708 3648 2781 aliquod

1997 2793 2255 2850 salutare
2284 2798 2342 2849 et
2374 2793 2548 2849 vobis
2580 2793 2718 2850 utile
2769 2794 3086 2850 consilium
3116 2796 3410 2868 ceperitis,
3451 2799 3645 2856 dicite.

1998 2884 2187 2939 Satius
2218 2889 2305 2939 est
2336 2883 2515 2954 enim,
2553 2890 2614 2939 ut
2639 2882 2963 2940 relictahac
2996 2900 3151 2941 vana
3178 2889 3235 2941 et
3256 2901 3412 2943 nova
3441 2887 3645 2957 gloria

1995 2972 2334 3043 cupiditate.
2395 2978 2451 3027 et
2530 2972 2823 3028 mittentes
2873 2971 2981 3029 soli
3036 2979 3239 3030 vestras
3286 2974 3416 3032 vitas
3488 2976 3648 3035 malo

1998 3066 2189 3117 vestro
2241 3076 2597 3133 repugnare,
2655 3061 2816 3134 quod
2871 3077 3084 3118 omnes
3134 3062 3379 3129 faciunt,
3433 3064 3493 3119 id
3540 3081 3648 3122 vos

1992 3164 2230 3222 quoque
2263 3150 2511 3214 faciatis,
2544 3156 2602 3207 et
2630 3151 2981 3207 accedentes
3024 3152 3383 3209 sacrificetis.
3440 3153 3647 3212 Christi

1993 3244 2194 3294 autem
2232 3238 2395 3294 fortis
2442 3238 2731 3295 exercitus
2762 3238 2937 3294 simul
2982 3255 3120 3295 cum
3168 3240 3482 3298 benedicta
3539 3245 3648 3299 Eu—

1992 3327 2236 3399 phemia
2274 3344 2286 3382 :
2340 3329 2683 3399 Quousque,
2729 3328 3029 3393 dixerunt,
3061 3344 3097 3383 o
3137 3329 3337 3400 judex,
3387 3331 3645 3402 teipsum

1992 3415 2236 3488 decipis,
2273 3432 2366 3470 res
2420 3415 2797 3487 aggrediens,
2826 3432 2962 3488 quas
3003 3432 3125 3473 non
3166 3423 3418 3488 possunt
3458 3418 3587 3475 ﬁeri
3616 3420 3645 3477 7

1993 3506 2205 3562 Putare
2234 3505 2393 3561 enim
2437 3520 2617 3576 posse
2648 3510 2700 3560 te
2728 3520 2837 3561 nos
2868 3520 2905 3560 a
2934 3511 3141 3562 nostra
3173 3507 3483 3564 traducere
3513 3524 3650 3565 sen-

1995 3596 2174 3650 tentia
2207 3594 2448 3665 perinde
2490 3598 2596 3657 est,
2638 3609 2707 3649 ac
2738 3593 2787 3648 si
2819 3598 2991 3665 putes
3036 3609 3213 3666 posse
3262 3601 3315 3651 te
3355 3602 3647 3653 transmo-

1995 3698 2130 3740 vere
2155 3683 2350 3738 stellas
2380 3698 2415 3738 a
2442 3698 2551 3737 sua
2591 3682 2845 3739 statione
2874 3683 2961 3737 vel
3006 3682 3289 3747 motione.
3325 3690 3427 3740 aut
3460 3690 3649 3741 trans-

1994 3772 2145 3829 ferre
2157 3771 2384 3844 aliquid
2398 3788 2465 3827 ex
2478 3771 2546 3826 iis
2565 3787 2702 3844 quae
2718 3776 2857 3826 sunt
2876 3771 3221 3826 immobilia.
3244 3771 3646 3840 Quamobrem

1996 3862 2184 3917 satius
2227 3865 2332 3929 est,
2370 3866 2429 3916 ut
2457 3877 2494 3916 a
2525 3865 2624 3916 tuo
2653 3876 2846 3916 errore
2878 3861 3265 3927 convertaris,
3330 3868 3387 3917 et
3441 3877 3646 3919 verum

1998 3952 2183 4005 Deum
2229 3962 2541 4018 agnoscas,
2574 3948 2678 4019 qui
2707 3946 2815 4003 fuit
2843 3950 2956 4004 tuae
2986 3945 3190 4004 salutis
3224 3946 3491 4019 optimus
3528 3948 3648 4004 dis-

1996 4043 2298 4110 pensator.

2064 4127 2131 4184 V.
2162 4127 2363 4199 Majori
2392 4126 2479 4182 ira
2521 4124 2779 4197 percitus
2804 4125 3056 4191 Priscus,
3084 4124 3251 4196 jubet
3275 4126 3476 4182 crudis
3506 4126 3648 4183 loris

1993 4216 2149 4273 feriri
2194 4216 2391 4271 vultus
2430 4220 2793 4279 sanctorum,
2839 4229 2949 4285 pro
2999 4213 3177 4269 bonis
3235 4214 3429 4269 verbis
3484 4216 3644 4273 mala

1992 4305 2149 4362 facta
2177 4304 2512 4376 rependens
2551 4302 2817 4357 stolidus.
2877 4301 2962 4356 llli
3006 4307 3206 4357 autem
3239 4302 3353 4358 hoc
3404 4319 3643 4376 quoque

1992 4410 2218 4450 novum
2263 4392 2481 4448 fortiter
2536 4391 2786 4447 ferentes
2857 4396 3250 4456 tormentum,
3327 4399 3647 4449 evaserunt

1992 4483 2141 4538 facie
2167 4480 2595 4553 splendidiore,
2647 4478 2938 4549 sanguine
2991 4479 3237 4551 quidem
3265 4496 3297 4536 e
3344 4495 3523 4536 carne
3548 4481 3645 4537 de-

1991 4571 2231 4641 ﬂuente,
2261 4570 2503 4643 Opiticis
2530 4575 2730 4625 autem
2754 4569 2944 4639 gratia
2982 4568 3265 4625 reddente
3288 4569 3569 4641 pulchros
3590 4574 3647 4627 et

1993 4661 2293 4731 elegantes
2318 4676 2420 4715 eos
2443 4659 2660 4725 vultus,
2680 4674 2833 4731 quos
2851 4656 3173 4714 efﬂuxerat.
3201 4657 3414 4714 Contra
3427 4665 3647 4726 autem,

1993 4752 2097 4822 qui
2128 4748 2513 4820 ﬂagellabant
2553 4746 2790 4811 defessi,
2838 4745 3178 4802 ceciderunt
3202 4747 3262 4802 in
3299 4752 3517 4803 terram
3566 4763 3654 4803 se-

1997 4840 2322 4896 mimortui.
2377 4837 2491 4895 Sed
2523 4837 2618 4891 alii
2676 4835 2919 4908 quidem
2975 4835 3165 4890 sancti
3212 4835 3383 4905 jussu
3425 4835 3649 4906 judicis

1994 4946 2200 4985 rursus
2231 4926 2627 4997 conjiciuntur
2655 4925 2717 4980 in
2755 4939 3077 4989 carcerem,
3109 4923 3301 4980 donec
3330 4940 3432 4979 eos
3460 4929 3658 4981 trans-

1996 5018 2247 5073 mitteret
2284 5016 2359 5071 ad
2410 5014 2836 5071 Diocletianum
2890 5011 2996 5084 (sic
3053 5012 3213 5067 enim
3270 5013 3655 5070 constituerat

1994 5104 2421 5179 Appellianus).
2454 5103 2766 5158 benedicta
2814 5108 3013 5157 autem
3041 5108 3178 5156 ante
3211 5100 3469 5157 tribunal
3516 5101 3649 5173 ejus

1996 5196 2189 5252 stabat
2237 5192 2601 5264 Euphemia;
2635 5188 3011 5246 existimabat
3039 5188 3197 5244 enim
3245 5188 3390 5257 fore,
3430 5196 3489 5246 ut
3528 5190 3659 5247 sola

1998 5284 2085 5340 sic
2127 5282 2295 5338 facile
2324 5280 2723 5336 induceretur.
2759 5281 2904 5334 Cum
2946 5278 3146 5349 itaque
3172 5281 3461 5341 curasset,
3490 5284 3553 5334 ut
3579 5294 3653 5335 ea

1998 5372 2267 5446 proxime
2312 5371 2629 5433 sisteretur,
2686 5374 2747 5423 ut
2790 5382 2851 5423 se
2882 5364 3281 5422 familiaritate
3324 5366 3516 5436 magis
3566 5369 3653 5423 in-

2001 5462 2296 5518 sinuaret:
2322 5458 2508 5516 Crede
2524 5457 2691 5523 mihi,
2716 5455 2937 5521 aiebat,
2953 5454 3054 5510 tibi
3069 5456 3296 5524 optime
3306 5454 3657 5524 consulenti,

2001 5570 2037 5609 ο
2068 5549 2415 5623 Euphemia,
2448 5554 2504 5603 et
2535 5547 2826 5603 accedens
2856 5560 3078 5614 magno
3119 5543 3230 5599 deo
3272 5544 3436 5600 Marti
3478 5546 3663 5604 sacri.
