4096 6220
584 288 691 349 719

1886 279 2150 343 MENSIS
2185 280 2631 342 SEP’I‘EMBER.
3805 292 3894 347 720

580 417 695 473 ﬁca
725 432 738 482 ;
780 430 920 472 nam
951 413 1039 470 sic
1086 412 1327 486 quidem
1367 417 1423 468 et
1459 411 1796 469 liberaberis
1825 411 1903 468 ab
1947 409 2229 467 omnibus

2346 415 2433 464 καὶ
2480 412 2844 484 προσελθοῦσα
2879 420 2952 483 τῷ
2982 411 3191 484 μεγάλῳ
3237 414 3333 484 θιῷ
3363 411 3528 487 Ἄρει,
3576 415 3735 467 θῦσον·
3782 418 3896 469 οὕτω

580 502 889 568 molestiis,
945 503 1092 558 citra
1139 500 1400 557 laborem
1443 508 1641 557 autem
1702 500 2051 568 lucraberis,
2095 514 2229 571 quae

580 598 724 651 sunt
782 592 1040 647 maxime
1079 590 1363 663 optanda,
1418 606 1633 663 nempe
1683 594 1747 644 ut
1784 594 1843 646 et
1891 590 2131 655 divitiis,
2172 592 2229 643 et

578 681 773 757 gloria
797 680 1060 753 potiaris,
1093 684 1149 735 et
1178 694 1324 749 agas
1357 678 1631 752 deinceps
1662 678 1841 734 vitam
1889 679 2126 734 beatam
2172 680 2231 732 et

577 771 835 829 felicem.
868 767 1079 824 Christi
1111 772 1306 824 autem
1361 772 1617 840 martyr:
1649 767 1949 823 Mulierem
1982 767 2225 839 quidem

578 859 810 923 videns,
845 873 881 913 ο
923 857 1127 927 judex,
1184 856 1391 927 inquit,
1439 861 1613 927 putas
1656 871 1829 927 posse
1878 854 2047 911 facile
2077 855 2230 911 deci-

575 962 722 1022 pere
756 962 769 1000 :
830 944 1059 1000 videbis
1100 960 1240 999 vero
1295 961 1387 1000 me
1420 960 1537 999 non
1570 960 1724 1009 esse,
1782 948 1845 999 ut
1885 943 2217 1013 existimas,

578 1035 895 1095 mulierem
927 1032 1047 1088 tuis
1078 1032 1303 1087 insidiis
1328 1033 1682 1105 expositam.
1702 1032 1950 1088 Conﬁdo
1974 1032 2134 1088 enim
2168 1034 2225 1088 in

577 1124 903 1189 Christum,
954 1122 1116 1195 quod
1142 1121 1487 1192 adjutricem
1519 1122 1750 1178 habens
1781 1121 2065 1178 invictam
2097 1122 2228 1194 ejus

576 1216 912 1278 dexteram,
946 1218 1076 1267 tuas
1133 1202 1383 1266 callidas
1425 1211 1721 1282 superabo
1773 1210 2039 1266 insidias.
2074 1213 2228 1266 Post-

575 1318 768 1379 quam
807 1317 947 1372 ergo
979 1300 1062 1355 sic
1101 1314 1389 1371 responso
1444 1300 1628 1354 victus
1675 1299 1782 1355 fuit
1837 1305 2141 1372 tyrannus,
2173 1304 2229 1355 et

575 1392 683 1467 qui
717 1390 841 1447 solo
893 1395 1137 1461 aspectu
1175 1387 1419 1461 putabat
1471 1404 1535 1444 se
1564 1404 1740 1461 posse
1776 1389 1938 1461 quod
1988 1389 2231 1446 volebat

579 1481 836 1549 efﬁcere,
873 1479 952 1535 ab
996 1493 1117 1532 una
1163 1478 1655 1532 contemnebatur
1705 1477 1945 1542 femina,
1999 1477 2228 1549 pudore

579 1567 828 1642 quidem
878 1566 985 1622 fuit
1040 1563 1286 1620 aﬂectus
1321 1580 1332 1618 :
1362 1565 1553 1636 pudor
1579 1569 1777 1620 autem
1827 1565 2011 1621 movit
2053 1565 2226 1619 iram.

580 1661 694 1714 Res
737 1661 826 1711 est
856 1654 1014 1710 enim
1066 1653 1359 1724 ejusmodi
1411 1654 1814 1724 supercilium,
1848 1656 1936 1709 cui
1986 1653 2232 1708 accessit

2341 504 2431 551 καὶ
2474 502 2620 554 ἔσται
2671 522 2757 555 σοι
2806 511 2905 554 τῶν
2957 506 3047 574 μὲν
3096 501 3342 576 λυπηρῶν
3367 501 3655 563 ἀποστῆναι
3702 508 3896 574 πάντων,

2339 584 2603 662 κερδῆσαι
2660 587 2720 643 δὲ
2777 589 2975 652 ἀπόνως
3056 593 3123 642 τὰ
3185 591 3547 659 εὐκταιότατα,
3625 595 3737 669 ὅπερ
3804 594 3898 647 ἔστὶ

2339 678 2563 731 πλούτου
2620 699 2674 732 τε
2728 685 2820 733 καὶ
2879 678 3042 744 δόξης
3115 679 3436 745 ἀπολαῦσαι,
3500 686 3586 735 καὶ
3636 686 3690 735 τό
3750 684 3900 736 λοιπόν

2338 773 2576 840 Χριστοῦ
2629 770 2848 842 μάρτυς,
2908 775 3137 821 Γυναῖκα
3186 771 3298 841 μὲν,
3353 771 3508 836 εἶπεν,
3558 773 3704 843 ὁρῶν,
3751 772 3787 823 ὦ
3837 769 3901 824 δι-

2337 857 2530 919 καστά,
2582 859 2677 909 οἴει
2727 862 3026 931 προχείρως
3082 860 3222 930 ἡμᾶς
3279 860 3497 929 ἁπατᾷν·
3578 859 3690 930 ἅψει
3743 856 3795 913 δε
3856 860 3900 912 οὗ

2337 947 2474 996 κατὰ
2522 952 2748 1016 γυναῖκα
2807 950 2937 1019 πρός
2992 950 3078 1007 τὰς
3155 950 3247 1007 σὰς
3315 944 3524 1021 ἐνέδρας
3587 945 3899 1021 διακειμένην·

2338 1036 2563 1086 πέποιθα
2623 1038 2723 1108 γὰρ
2805 1036 2874 1098 εἰς
2933 1040 3163 1111 Χριστόν
3216 1039 3297 1089 ὄτι
3370 1036 3565 1109 βοηθὸν
3619 1038 3767 1092 αὐτοῦ
3832 1046 3903 1097 τήν

2340 1124 2552 1195 ἄμαχον
2617 1124 2967 1182 πλουτήσασα
3045 1122 3242 1191 δεξιὰν,
3322 1132 3571 1202 κρείττων
3644 1127 3903 1201 ὀφθήσομαί

2342 1230 2436 1263 σου
2490 1221 2590 1264 τῶν
2647 1217 2979 1285 κακοτέχνων
3036 1213 3345 1272 ἐπιϐουλῶν.
3385 1215 3469 1278 Ὠς
3510 1214 3598 1270 ούν
3642 1218 3770 1270 οὕτω
3814 1225 3903 1279 ταῖς

2342 1299 2683 1375 ἀποκρίσεσιν
2750 1304 2953 1361 ἡττήθη
2990 1302 2999 1311 ’
3033 1304 3060 1354 6
3110 1309 3370 1378 τύραννος,
3422 1310 3511 1358 καὶ
3573 1307 3599 1358 6
3681 1304 3904 1379 βλέμματι

2340 1409 2478 1461 μονῳ
2518 1390 2693 1449 πλήθη
2746 1391 2916 1463 φοϐεῖν
2965 1392 3198 1465 οἰόμενος
3254 1395 3354 1447 ὑπό
3407 1398 3655 1466 γυναικός
3697 1414 3904 1468 κατεφρο·

2339 1486 2473 1531 νεῐτο
2514 1486 2657 1551 μιᾶς,
2706 1480 2939 1552 αἰσχύνη
2990 1484 3081 1554 μεν
3127 1482 3279 1534 αὐτὸν
3324 1480 3484 1556 εἶχεν*
3518 1486 3549 1543 ἠ
3604 1484 3819 1556 αἰσχύνη
3861 1481 3905 1538 δι

2337 1571 2423 1620 τὸν
2503 1571 2663 1641 θυμὸν
2742 1570 2893 1622 έιιίνει
2928 1586 2939 1598 ⁸
2996 1579 3231 1623 τοιοῦτον
3305 1574 3407 1646 γὰρ
3484 1573 3638 1648 ὀφρύς
3710 1573 3906 1636 ἐξουσίας

2342 1654 2707 1730 έπειλημμένη.
2743 1655 2850 1711 Εἶθ’
2902 1661 3075 1733 ὥσπερ
3130 1663 3224 1722 τὰς
3271 1660 3634 1735 προλαϐούσας
3685 1662 3907 1734 βασάνους

580 1750 861 1820 potestas.
897 1742 1119 1798 Deinde
1149 1742 1393 1814 perinde
1431 1758 1501 1798 ac
1526 1758 1741 1814 eaquae
1787 1746 2228 1814 praecesserant,

2346 1749 2530 1820 μικρὰς
2614 1743 2743 1799 εἶναι
2794 1752 3018 1820 νομίσας
3089 1754 3178 1802 καὶ
3242 1748 3474 1822 ἀνάγκην
3556 1750 3793 1805 ἐπιθεῖναι
3849 1755 3904 1823 μὴ

582 1838 879 1892 tormenta
899 1848 1087 1905 parva
1116 1838 1268 1887 esset
1300 1831 1645 1900 arbitratus,
1676 1839 1733 1887 et
1758 1847 1894 1904 qum
1925 1833 2231 1904 imponere

580 1939 702 1980 non
753 1928 996 1994 possent
1036 1921 1472 1987 necessitatem,
1525 1936 1681 1976 nova
1724 1921 2079 1991 excogitavit
2120 1936 2133 1976 :
2177 1923 2234 1975 et

578 2011 747 2084 jubet
813 2008 1079 2067 construi
1137 2015 1297 2065 rotas
1340 2009 1622 2065 inauditis
1688 2009 2051 2083 quibusdam
2112 2025 2233 2064 ma-

584 2100 798 2161 chinis,
852 2115 987 2170 quas
1040 2113 1251 2152 carnes
1295 2113 1586 2169 premere,
1620 2102 1676 2153 et
1727 2098 1803 2153 ab
1843 2097 2080 2153 ossibus
2139 2111 2235 2151 ex-

586 2189 862 2260 primere,
925 2191 982 2242 et
1033 2185 1165 2257 ipsa
1217 2184 1587 2254 confringere
1638 2191 1887 2257 possent
1942 2184 2235 2241 violentis-

590 2277 760 2340 sime,
821 2279 879 2329 et
952 2273 1014 2329 in
1058 2289 1158 2329 eas
1222 2273 1722 2345 sapientissimam
1775 2273 1935 2345 injici
2013 2274 2234 2345 Euphe-

586 2364 794 2421 miam.

662 2455 746 2508 Vl.
789 2451 1113 2523 Postquam
1155 2456 1352 2508 autem
1385 2451 1529 2523 ipsa
1560 2452 1853 2508 machinas
1882 2452 2039 2509 dicto
2064 2452 2237 2508 citius

590 2544 827 2599 fuerunt
856 2544 1228 2606 constructae,
1262 2547 1317 2597 et
1348 2546 1575 2614 martyr
1596 2542 1653 2597 in
1694 2558 1794 2598 eas
1827 2548 1951 2598 erat
1976 2541 2239 2615 injicien-

588 2632 688 2699 da,
741 2629 954 2686 validis
995 2629 1278 2685 continuo
1309 2631 1366 2685 in
1410 2646 1471 2687 se
1502 2632 1723 2703 paratis
1767 2631 1969 2698 armis,
2020 2647 2237 2702 nempe

589 2722 788 2777 divina
833 2720 1025 2775 crucis
1054 2719 1249 2789 ﬁgura
1279 2736 1349 2775 ac
1379 2736 1449 2776 ea
1485 2719 1739 2791 signata,
1774 2725 1894 2785 aut,
1933 2725 1997 2775 ut
2024 2719 2240 2776 melius

589 2810 808 2874 dicam,
844 2810 1097 2875 munita,
1128 2808 1412 2864 adversus
1443 2815 1605 2864 rotas
1650 2810 1955 2881 processit,
2012 2808 2240 2864 nullam

590 2900 837 2972 quidem
883 2898 1049 2953 vultu
1085 2898 1408 2953 ostendens
1440 2898 1752 2962 tristitiam.
1794 2898 1897 2953 sed
1929 2913 2134 2953 severo
2185 2902 2243 2953 et

592 2989 839 3043 honesto
894 2986 1078 3051 vultu,
1137 2986 1445 3057 Deumque
1500 2986 1880 3053 benedicens,
1931 2992 1985 3042 et
2042 2992 2244 3058 aperte

2346 1831 2653 1907 δυναμένας,
2747 1838 2929 1898 καινὰς
3012 1836 3222 1906 ἐπενόει,
3303 1845 3393 1893 καὶ
3460 1841 3651 1894 κελεύει
3724 1844 3908 1916 τροχοὺς

2345 1923 2508 1987 ξέναις
2580 1930 2693 1977 τισὶ
2780 1932 3053 1998 μηχαναῖς
3128 1931 3647 2001 κατασκευασθῆναι,
3747 1930 3905 1990 πιέζιιν

2350 2016 2565 2086 σάρκας,
2600 2013 2733 2067 ὀστᾶ
2781 2013 3094 2080 ἀποθλίϐειν,
3136 2016 3271 2068 αὐτά
3319 2036 3373 2070 τε
3410 2019 3633 2090 συνθλᾷν
3672 2017 3908 2091 βιαιότατα

2348 2099 2684 2175 δυναμένους,
2709 2102 2756 2155 έν
2787 2103 2961 2165 αὐτοῖς
2987 2124 3039 2157 τε
3058 2109 3150 2163 τὴν
3179 2108 3445 2180 πάνσοφον
3470 2106 3794 2181 ἐμϐληθῆναι.

2438 2460 2535 2543 ς’.
2588 2459 2672 2522 Ὠς
2730 2457 2789 2514 δὲ
2852 2466 2942 2514 καὶ
3004 2468 3149 2515 τουτὶ
3207 2466 3266 2515 τὸ
3326 2467 3630 2538 μηχάνημα
3684 2465 3903 2522 θᾶττονῆ

2347 2552 2648 2623 προσετάγη
2718 2553 3136 2615 κατεσκευάσθη,
3210 2558 3299 2605 καὶ
3374 2555 3403 2611 ἠ
3486 2557 3681 2629 μάρτυς
3750 2553 3905 2627 ἔμελλεν

2350 2636 2690 2710 ἐμϐληθῆναι,
2749 2639 2902 2691 ὅπλον
2977 2639 3130 2703 εὐθὺς
3189 2640 3414 2714 ἰσχυρόν
3479 2648 3566 2697 τόν
3648 2647 3769 2697 θεῖον
3836 2649 3905 2693 τοῦ

2354 2734 2584 2799 σταυροῦ
2626 2729 2785 2779 τύπον
2841 2727 2995 2800 έαυτῇ
3046 2726 3413 2801 σχεδιάσασα,
3467 2738 3557 2785 καὶ
3600 2742 3741 2786 τοῦτο
3781 2750 3905 2804 σφρα-

2350 2820 2605 2888 γισαμένη
2657 2819 2686 2874 ἢ
2738 2820 2824 2867 καὶ
2881 2817 3176 2893 φραξαμένη
3230 2819 3421 2891 μᾶλλον
3471 2822 3649 2889 εἰπεὶν,
3678 2824 3795 2874 κατὰ
3832 2828 3905 2871 τῶν

2354 2913 2561 2978 τροχῶν
2643 2903 2851 2978 ἐχώρει,
2923 2902 3245 2979 ἐμφαίνουσα
3328 2913 3420 2981 μεν
3519 2909 3665 2965 οὐδὲν
3731 2912 3907 2980 κατηφὲς

2298 3041 2303 3045 ,
2354 2997 2445 3044 καὶ
2499 2991 2830 3068 ἁπρόστιιπον,
2880 2994 3121 3068 εὐκόσμῳ
3158 2993 3217 3049 δὲ
3265 2999 3381 3057 ἣθει
3426 3006 3520 3054 καὶ
3581 3010 3737 3073 σεμνῷ
3779 3017 3904 3069 παρα·

597 3076 921 3132 ostendens
939 3090 999 3129 se
1019 3074 1087 3129 iis
1104 3090 1239 3145 quae
1257 3089 1365 3145 pro
1386 3074 1516 3145 ipso
1537 3074 1891 3145 patiebatur,
1912 3076 1984 3131 ad
1997 3075 2236 3131 modum

2361 3086 2610 3154 στήματι.
2662 3082 2963 3154 Εὐλογοῦσά
3001 3103 3056 3136 τε
3084 3088 3168 3137 τὸν
3219 3091 3347 3140 Θεὸν
3377 3094 3467 3142 καὶ
3521 3092 3597 3153 οἷς
3625 3092 3742 3165 ὑπὲρ
3784 3087 3905 3140 αὑτοῦ

596 3164 879 3235 gaudere.
910 3163 1059 3230 Quin
1079 3163 1255 3218 etiam
1290 3162 1593 3234 proferens
1619 3163 1845 3235 aliquid
1888 3180 2246 3234 generosum

598 3259 653 3311 et
679 3252 850 3309 valde
880 3253 1131 3322 dignum
1154 3252 1282 3322 ejus
1310 3251 1606 3307 candore:
1637 3255 1771 3308 Tum
1799 3259 1961 3322 rotae,
1990 3252 2244 3320 dicebat,

596 3360 633 3400 ο
667 3347 936 3414 tyranne,
970 3348 1025 3397 et
1044 3341 1133 3397 hee
1158 3340 1470 3396 imbecilla;
1502 3348 1616 3397 tua:
1635 3341 2105 3398 machinationes
2124 3358 2249 3399 ma-

592 3433 689 3504 jus
731 3431 874 3487 mihi
923 3432 1253 3487 accendunt
1298 3429 1511 3486 Christi
1551 3431 1933 3487 desiderium.
1966 3434 2097 3487 Hmc
2139 3448 2244 3487 au-

596 3520 827 3579 dientes
868 3520 1142 3585 ministri,
1174 3525 1334 3576 rotas
1363 3520 1699 3591 versabant,
1743 3537 1928 3594 quam
1974 3526 2248 3593 poterant

598 3609 938 3676 fortissime,
967 3611 1299 3681 graviorem
1321 3625 1566 3666 sensum
1586 3609 1808 3666 doloris
1836 3610 2081 3682 martyri
2108 3609 2247 3666 affe-

594 3705 810 3757 rentes.
847 3700 1249 3765 Quamobrem
1281 3700 1410 3773 ejus
1449 3698 1694 3773 quidem
1714 3699 1988 3756 membra
2017 3703 2073 3754 et
2109 3715 2245 3772 par-

595 3794 682 3844 tes
713 3787 1255 3857 confringebantur,
1298 3796 1353 3844 et
1396 3788 1942 3861 disrumpebantur,
1975 3794 2031 3844 et
2059 3787 2247 3844 divel-

592 3877 872 3935 lebantur
901 3894 1111 3933 omnes
1151 3894 1474 3950 compages
1499 3894 1513 3945 ;
1539 3895 1707 3934 mens
1734 3885 1930 3934 autem
1960 3894 2081 3934 non
2111 3877 2246 3934 abs-

594 3967 842 4024 cedebat
882 3983 917 4023 a
956 3967 1202 4032 Christo,
1254 3968 1355 4023 sed
1402 3969 1460 4023 in
1501 3969 1713 4024 caelum
1760 3967 1973 4023 tollens
2015 3967 2242 4033 oculos,

593 4058 752 4113 unde
782 4071 845 4111 se
876 4055 1491 4128 speravithabituram
1514 4056 1834 4112 auxilium:
1868 4058 2113 4112 Domine
2140 4058 2241 4124 mi,

592 4145 915 4213 clamabat,
945 4145 1084 4201 Jesu
1116 4144 1356 4211 Christe,
1405 4144 1625 4201 animae
1671 4161 1819 4201 mem
1864 4145 2240 4211 illuminatio,

593 4233 726 4288 fons
756 4235 912 4297 vitae,
943 4232 1046 4305 qui
1078 4233 1187 4289 das
1211 4233 1461 4288 salutem
1483 4233 1588 4300 eis,
1617 4233 1720 4306 qui
1749 4233 1808 4289 in
1837 4239 1889 4290 te
1913 4234 2239 4307 conﬁdunt,

593 4322 753 4378 adsis
784 4337 943 4378 nunc
972 4322 1115 4377 mihi
1150 4322 1407 4394 adjutor,
1449 4329 1504 4378 et
1532 4328 1927 4395 cognoscatur
1956 4324 2034 4379 ab
2055 4326 2245 4379 omni-

2357 3173 2588 3242 ἔπασχεν
2641 3170 2820 3245 ἑορτήν
2858 3173 3000 3243 ἄγειν
3050 3177 3242 3249 φανερὰ
3288 3182 3554 3247 γινομένη,
3585 3182 3703 3254 πρὸς
3754 3174 3803 3230 δὲ
3840 3178 3905 3226 καὶ

2357 3259 2690 3311 ύπολαλούσα
2731 3267 2961 3331 γενναῖόν
3014 3281 3063 3315 τι
3112 3269 3200 3316 καὶ
3240 3273 3332 3327 τῆς
3365 3268 3506 3339 ὧρας
3554 3264 3738 3341 κομιδῆ
3777 3265 3902 3328 ἀξιονυ

2358 3350 2423 3400 Οἱ
2464 3351 2565 3422 γὰρ
2623 3354 2815 3422 τροχοί
2870 3369 2984 3416 σου,
3042 3351 3196 3423 ἔλεγε,
3246 3356 3480 3429 τύραννε,
3536 3363 3623 3411 καὶ
3671 3361 3730 3409 τὰ
3773 3353 3905 3426 σαθρὰ

2354 3440 2508 3489 ταυτὶ
2585 3443 2970 3510 μηχανήματα,
3034 3442 3242 3494 πλείονά
3310 3463 3402 3516 μοι
3482 3466 3571 3499 τον
3638 3448 3779 3500 πόθον
3847 3440 3902 3503 ἐξ

2356 3528 2584 3579 άπτουσι
2623 3535 2713 3579 τοῦ
2763 3534 3017 3603 Χριστοῦ.
3049 3534 3255 3583 Τούτων
3297 3530 3568 3597 ἀκούοντες
3616 3536 3901 3610 ἰσχυρότιρον

2356 3617 2475 3668 ὅσον
2540 3612 2599 3673 ἧν
2665 3620 2788 3677 τοὺς
2866 3622 3093 3690 τροχοὺς
3156 3621 3417 3695 ἔστρεφον,
3494 3621 3791 3699 δριμυτέραν
3854 3624 3898 3689 τῇ

2355 3707 2583 3779 μάρτυρι
2665 3712 2759 3768 τῆς
2824 3701 3019 3769 ὀδύνης
3096 3712 3185 3766 τήν
3259 3712 3515 3769 αἴσθησιν
3601 3714 3900 3787 ἐμποιοῦντες,

2354 3794 2466 3846 ὅθεν
2517 3792 2644 3865 μέλη
2692 3796 2782 3865 μὲν
2830 3794 2994 3856 αὐτῆς
3042 3801 3129 3848 καὶ
3179 3802 3308 3871 μέρη
3372 3804 3707 3876 συνεθραύετό
3749 3819 3795 3853 τε
3834 3798 3901 3848 καὶ

2355 3878 2716 3956 διερρήγνυτο.
2780 3888 2878 3935 Καὶ
2927 3893 3025 3935 τῶν
3092 3884 3348 3957 ἁρμονιῶν
3400 3888 3604 3943 ἅπαντα
3671 3888 3899 3946 διεσπᾶτο,

2354 3972 2381 4023 6
2410 3979 2527 4033 νοῦς
2567 3968 2625 4023 δὲ
2662 3978 2754 4023 τοῦ
2797 3974 2928 4038 πρὸς
2971 3979 3199 4047 Χριστὸν
3241 3977 3362 4051 όρᾴν
3393 3978 3488 4030 οὐκ
3519 3979 3777 4052 ἀφιστατο,
3803 3974 3902 4028 ἁλλά

2353 4063 2411 4112 τὸ
2461 4064 2604 4132 ὄμμα
2653 4060 2725 4121 εἰς
2792 4061 3039 4136 οὐρανούς
3106 4066 3332 4138 αἴρουσα
3387 4069 3501 4120 ὅθεν
3546 4070 3749 4127 ἤλπισεν
3793 4065 3899 4127 ἦξιτδ

2352 4154 2437 4201 καὶ
2488 4154 2581 4207 τήν
2641 4147 2907 4220 βοήθειαν,
2945 4154 3101 4225 Κύριέ
3156 4172 3278 4225 μου,
3330 4154 3472 4223 ἐϐόα,
3503 4160 3675 4217 Ἰησοῦ
3726 4155 3898 4228 Χριστὶ,

2353 4240 2378 4291 ὁ
2427 4247 2521 4300 τῆς
2572 4236 2694 4311 ἐμῆς
2735 4238 2924 4311 ψυχῆς
2970 4245 3257 4314 φωτισμός,
3312 4245 3341 4302 ἠ
3399 4252 3546 4318 πηγή
3602 4256 3686 4308 τῆς
3735 4240 3899 4309 ζωῆςοδ

2354 4328 2535 4387 σώζων
2591 4330 2710 4389 τούς
2757 4327 2842 4380 ἐπὶ
2892 4333 2975 4380 σοὶ
3022 4332 3354 4396 πεποιθότας,
3384 4338 3582 4400 πάρισό
3626 4355 3711 4408 μοι
3752 4336 3828 4384 καὶ
3852 4332 3898 4380 τὰ

590 4410 726 4479 bus,
749 4411 913 4483 quod
940 4418 999 4466 tu
1033 4427 1094 4467 es
1140 4414 1290 4466 Deus
1322 4413 1501 4480 solus,
1535 4415 1697 4467 certa
1723 4428 1859 4484 spes
1891 4427 2097 4468 eorum
2138 4412 2236 4485 qui

2350 4423 2437 4467 νῦν
2493 4414 2707 4483 βοηθός,
2753 4420 2843 4469 καὶ
2898 4420 3187 4487 γνωσθήτω
3245 4427 3407 4474 πᾶσιν
3465 4426 3545 4477 ὅτι
3603 4429 3665 4478 σὺ
3709 4420 3754 4477 εἴ
3798 4422 3899 4477 Θεὸς

587 4500 649 4555 in
704 4508 757 4555 te
805 4499 1029 4555 habent
1068 4500 1400 4555 ﬁduciam:
1445 4505 1500 4555 et
1552 4500 1717 4572 quod
1784 4516 1900 4556 non
1958 4502 2242 4558 accedent

588 4588 770 4659 mala,
794 4604 986 4661 neque
1003 4588 1511 4661 appropinquabit
1533 4587 1834 4658 ﬂagellum
1852 4589 2240 4646 tabernaculo

586 4693 792 4734 eorum
837 4679 940 4749 qui
994 4684 1050 4733 te
1084 4677 1443 4734 altissimum
1505 4693 1682 4732 suum
1717 4683 2046 4749 posuerunt
2088 4680 2240 4734 refu-

586 4767 751 4838 gium
766 4768 809 4820 ¹.
830 4768 924 4822 Sic
948 4767 1193 4838 quidem
1216 4770 1445 4837 martyr
1462 4772 1550 4821 est
1565 4772 1809 4839 precata
1835 4783 1845 4822 :
1867 4770 2017 4823 Deus
2037 4775 2237 4825 autem

582 4855 859 4911 effectum
889 4854 1163 4920 reddidit,
1184 4854 1349 4926 quod
1381 4854 1756 4925 precabatur.
1787 4854 2048 4911 Ccelestis
2074 4857 2236 4913 enim

580 4945 864 5000 continuo
888 4944 1209 4999 adveniens
1236 4942 1443 5007 virtus,
1469 4948 1773 4999 momento
1797 4945 2078 5015 temporis
2097 4945 2238 5002 facit

577 5032 704 5088 haec
752 5032 975 5088 omnia.
1026 5034 1167 5087 Eam
1209 5032 1454 5103 quidem
1501 5032 1672 5087 solvit
1702 5048 1738 5088 a
1790 5038 1958 5089 rota:
2015 5050 2235 5106 corpus

576 5126 776 5179 autem
817 5120 1240 5193 curataplagis
1264 5120 1416 5177 adeo
1437 5120 1705 5192 pulchre,
1725 5126 1789 5176 ut
1825 5138 1900 5179 ne
1914 5124 2231 5180 minimum

573 5211 818 5283 quidem
878 5210 1192 5265 vulnerum
1256 5211 1574 5280 vestigium
1640 5212 1700 5266 in
1759 5227 1829 5267 eo
1893 5220 2227 5285 appareret.

574 5299 793 5354 Deinde
832 5300 1010 5354 etiam
1052 5298 1356 5355 ministros
1395 5299 1730 5372 iniquitatis
1775 5303 1972 5373 specie
2008 5308 2229 5359 terrens

569 5387 832 5455 terribili,
888 5387 1028 5444 facit
1092 5393 1156 5444 ut
1211 5404 1331 5445 non
1388 5396 1730 5461 operentur.
1792 5392 1830 5445 E
1871 5390 2012 5447 rotis
2090 5407 2229 5448 vero

634 5566 660 5602 ⁴
681 5564 835 5623 Psal.
870 5581 958 5635 xc,
984 5571 1037 5623 9.

2352 4511 2525 4578 μόνος,
2602 4502 2743 4565 ἐλπὶς
2802 4500 3157 4576 ἀδιάψευστος
3221 4516 3320 4560 τῶν
3380 4512 3430 4563 έν
3483 4519 3567 4566 σοὶ
3616 4517 3671 4567 τὸ
3733 4508 3897 4584 θαρρεῖν

2351 4593 2598 4665 ἐχόντων,
2670 4598 2759 4645 καὶ
2832 4596 2910 4646 ὅτι
2976 4595 3035 4646 ού
3111 4597 3512 4669 προσελεύσεται
3583 4605 3729 4666 κακὰ,
3800 4592 3897 4650 οὐδ’(

2347 4682 2545 4754 μάστιξ
2593 4681 2755 4754 ἐγγιεῖ
2812 4692 2883 4753 τῷ
2951 4690 3257 4741 σκηνώματι
3315 4697 3413 4740 τῶν
3468 4694 3525 4743 σὲ
3576 4695 3657 4743 τὸν
3709 4688 3896 4758 ἦψιστον

2346 4776 2651 4843 καταφυγὴν
2692 4773 2984 4845 τιθεμένων.
3040 4774 3217 4836 Ούτως
3264 4778 3294 4834 ἡ
3344 4781 3539 4852 μάρτυς
3584 4784 3670 4854 μὲν
3716 4776 3893 4839 ηὔξατο,

2348 4865 2473 4921 Θεὸς
2556 4857 2615 4913 δε
2670 4865 2762 4919 τήν
2820 4861 2978 4934 εὐχὴν
3053 4862 3287 4917 έτελείου·
3356 4868 3569 4943 οὐρανία
3625 4873 3719 4942 γὰρ
3780 4865 3896 4919 εὐθὺς

2345 4947 2605 5002 έπιστᾶσα
2655 4946 2876 5023 δύναμις
2925 4950 2976 5003 ἓν
3031 4951 3213 5028 ἀκαριί
3266 4957 3436 5009 πάντα
3487 4966 3637 5021 ποιεῖ,
3683 4962 3761 5009 καὶ
3808 4954 3893 5005 λύει

2343 5041 2431 5111 μὲν
2471 5038 2633 5097 αὐτὴν
2675 5047 2769 5091 τοῦ
2831 5048 3052 5113 τροχοῦ,
3130 5046 3188 5094 τό
3242 5052 3395 5116 σῶμα
3452 5043 3509 5100 δὴ
3572 5055 3666 5100 τῶν
3720 5044 3892 5111 πληγῶν

2344 5131 2503 5192 ἰᾶται,
2558 5126 2692 5180 οὓτω
2734 5127 2918 5193 καλῶς,
2950 5132 3017 5192 ὡς
3050 5128 3190 5201 μηδὲ
3240 5129 3425 5207 βραχύ
3468 5154 3518 5187 τι
3565 5145 3659 5187 τῶν
3702 5129 3892 5208 τραυμά-

2341 5234 2440 5267 των
2505 5219 2657 5287 ἷχνος
2700 5215 2747 5267 έν
2808 5217 2947 5289 αύτῷ
3000 5222 3291 5290 φαίνεσθαι·
3356 5224 3468 5277 εἶτα
3524 5229 3606 5277 καὶ
3668 5225 3771 5281 τοὺς
3818 5224 3892 5274 τῆς

2341 5302 2553 5376 ἀνομίας
2622 5308 2873 5378 ὑπηρέτας
2943 5305 3188 5380 ἔμφανείᾳ
3265 5312 3638 5375 καταπλήξασα
3716 5307 3888 5382 φοϐερᾷ,

2340 5395 2536 5451 ἣκιστα
2586 5393 2817 5468 ἐνεργούς
2865 5392 3119 5463 δείκνυσι,
3172 5405 3270 5451 τῶν
3325 5411 3530 5476 τροχῶν
3563 5399 3620 5455 δὲ
3648 5403 3675 5459 ἠ
3715 5398 3890 5465 691096-
