4154 6192
317 290 414 343 ’721

1514 278 1951 340 MARTYRIUM
1987 276 2047 335 S.
2090 277 2503 334 EUPHEMLE.

3572 273 3676 330 722

314 432 402 487 ρος
453 410 669 479 ἐκϐᾶσα,
704 411 763 465 ού
806 416 958 484 μόνον
1005 411 1180 486 ἄρτιός
1224 430 1275 464 τε
1324 415 1414 464 καὶ
1460 411 1638 482 ὑγιὴς,
1668 406 1797 459 ἀλλὰ
1825 408 1915 457 καὶ

2031 419 2262 475 egressa
2294 404 2556 473 gloriosa
2593 403 2892 469 certatrix,
2943 417 3066 458 non
3109 400 3303 456 solum
3354 403 3677 473 conspecta

316 498 636 575 φαιδροτέρα
662 506 754 561 τὴν
802 501 921 573 ὄψιν
965 501 1178 576 ἑωρᾶτο,
1211 500 1251 553 ὦ
1297 508 1392 563 τῆς
1441 502 1747 570 θαυμαστῆς
1798 514 1914 561 σου,

316 594 537 664 Χριστε,
589 587 875 662 δυνάμεως,
928 593 1055 643 ὅπου
1098 610 1157 661 γε
1204 594 1313 655 καὶ,
1366 594 1679 659 πασχόντων
1730 585 1912 649 ἄλλων,

317 684 573 752 κατήφεια
639 680 886 743 πολλάκις
960 688 1021 752 τῇ
1101 680 1216 750 ὄψει
1272 688 1371 731 τῶν
1429 678 1916 752 φιλανθρωποτίρων

319 766 599 841 ἔγγίνεται.
1768 825 1783 837 .

389 858 460 914 Z'.
508 858 641 911 Ἀλλ’
695 860 721 911 ό
767 858 957 930 Αἰθίοψ
1007 859 1100 911 οὐκ
1144 857 1473 924 ἐλευκαίνετο,
1523 862 1612 909 καὶ
1658 859 1717 909 τό
1770 853 1915 917 ξύλον

320 944 386 1006 δὴ
428 952 485 1000 τό
540 945 781 1019 στρεϐλόν
829 948 925 1001 οῦκ
973 948 1220 1022 ὠρθοῦτο,
1252 952 1341 1000 καὶ
1390 948 1415 999 ό
1462 953 1703 1021 καρκίνος
1752 944 1919 1015 ὀρθῶς

320 1034 565 1110 βαδίζειν
620 1038 715 1090 οῦκ
760 1034 1092 1092 ἐδιδάσκετο.
1134 1036 1192 1090 Ὀ
1246 1041 1476 1109 Πρίσκος
1521 1043 1688 1088 ταῦτα
1730 1035 1755 1085 ό
1799 1053 1919 1105 μια-

316 1130 409 1199 ρός
449 1132 540 1180 καὶ
582 1132 675 1185 τὴν
720 1132 909 1179 κακίαν
952 1124 1070 1180 οὐδ’
1117 1129 1287 1179 ὁτιοῦν
1343 1126 1572 1198 ἰάσιμος,
1605 1129 1695 1176 καὶ
1744 1124 1918 1176 τοιαύ-

317 1236 411 1277 της
460 1219 562 1289 γὰρ
620 1219 894 1288 γενομένης
947 1219 1272 1288 θεοσημείας,
1327 1214 1516 1276 ἐκεῖνος
1585 1216 1758 1285 ὥσπερ
1820 1220 1917 1264 τῶν

319 1305 481 1358 αὑτοῦ
532 1307 654 1358 θεῶν
704 1305 1003 1379 τυφλότερος
1056 1306 1143 1371 ὧν,
1176 1305 1235 1357 οῦ
1275 1310 1426 1376 μόνον
1473 1300 1625 1357 οῦδεν
1677 1310 1913 1366 συνῆκεν,

316 1394 451 1447 ἀλλὰ
478 1399 567 1447 καὶ
610 1399 703 1453 τὴν
733 1398 976 1470 μάρτυρα
1028 1399 1200 1458 ζῶσαν
1246 1394 1498 1453 ἠπείλησε
1526 1394 1877 1445 κατακαύσειν
1898 1407 1912 1421 °

318 1486 349 1543 ἠ
403 1481 462 1538 δι
502 1481 651 1538 οὐδὲν
695 1484 1101 1557 ῦποστειλαμένη
1150 1488 1206 1536 τό
1255 1488 1343 1555 μεν
1394 1489 1711 1558 πρόσκαιρον
1760 1477 1912 1533 εἷπεν’

316 1574 388 1626 Ὤ
434 1578 665 1647 τύραννε,
718 1583 870 1626 τοῦτο
925 1577 982 1626 τό
1037 1581 1141 1648 πῦρ
1196 1575 1317 1645 ὅπερ
1372 1572 1485 1644 ὶμοὶ
1531 1580 1618 1624 νῦν
1675 1570 1914 1638 ἀπειλεῖς,

319 1668 463 1734 ταχύ
531 1665 621 1734 μὲν
679 1660 980 1725 ἀνάπτεται,
1030 1666 1173 1733 ταχὺ
1232 1658 1291 1714 δι
1344 1666 1434 1714 καὶ
1489 1669 1561 1731 τῷ
1621 1657 1917 1732 βουλομένῳ

2028 493 2136 549 fuit
2178 495 2408 563 integra
2440 498 2496 550 et
2532 510 2695 559 sana,
2752 492 2855 549 sed
2899 493 3078 547 etiam
3132 490 3297 545 vultu
3346 490 3561 546 alacris
3616 490 3676 561 (ο

2027 583 2660 648 admirabilemtuam,
2691 581 2938 648 Christe,
2967 580 3266 650 virtutem)
3318 595 3479 646 cum,
3544 579 3676 635 aliis

2027 672 2208 727 etiam
2261 672 2626 744 patientibus
2694 686 2851 743 saepe
2907 670 3048 725 insit
3104 668 3333 724 tristitia
3384 668 3446 722 in
3507 667 3679 723 vultu
3737 733 3740 736 ,

2026 777 2233 817 eorum
2268 761 2365 833 qui
2396 768 2660 832 spectant
2699 766 2755 814 et
2782 763 2920 814 sunt
2947 756 3356 813 humaniores.

2099 851 2211 905 Vll.
2259 850 2375 905 Sed
2400 851 2664 921 Ethiops
2704 864 2825 904 non
2854 846 3201 912 deanbatur,
3234 850 3291 900 et
3331 844 3564 915 lignum
3593 844 3681 899 in-

2028 955 2281 994 curvum
2310 955 2431 995 non
2463 938 2758 1008 dirigitur,
2789 943 2845 992 et
2874 950 3088 992 cancer
3116 940 3269 991 recte
3297 932 3527 1003 ingredi
3557 947 3679 989 non

2027 1028 2457 1084 docetur.ch
2499 1028 2736 1083 Priscus
2788 1026 3131 1089 sceleratus,
3180 1030 3239 1079 et
3286 1023 3459 1093 cujus
3515 1021 3679 1078 nullo

2029 1119 2205 1175 modo
2245 1125 2471 1190 poterat
2501 1117 2694 1174 curari
2725 1117 2952 1172 vitium.
3002 1116 3155 1170 Nam
3187 1130 3327 1169 cum
3400 1112 3679 1168 divinitus

2028 1207 2249 1264 factum
2277 1214 2430 1263 esset
2456 1208 2571 1262 tale
2604 1207 2870 1276 signum,
2904 1205 3018 1268 ille,
3077 1207 3134 1259 ut
3186 1204 3291 1274 qui
3342 1206 3504 1258 esset
3556 1201 3681 1256 suis

2028 1296 2141 1352 diis
2166 1297 2397 1362 caecior,
2427 1312 2547 1352 non
2579 1295 2778 1351 solum
2810 1293 2954 1349 nihil
2987 1292 3279 1357 intellexit,
3324 1292 3428 1346 sed
3494 1291 3680 1345 mina-

2029 1392 2120 1441 tUS
2149 1393 2240 1441 est
2266 1387 2443 1441 etiam
2471 1402 2531 1441 se
2558 1400 2685 1439 esse
2708 1385 2900 1438 vivam
2930 1389 3281 1437 exsuturum
3332 1385 3677 1451 martyrem.

2030 1475 2131 1530 Illa
2154 1479 2350 1530 autem
2378 1489 2766 1546 nequaquam
2812 1488 2877 1527 se
2916 1471 3248 1542 reprimens
3275 1485 3287 1522 :
3311 1467 3399 1524 Ad
3442 1471 3680 1539 tempus

2027 1565 2263 1638 quidem
2294 1571 2399 1627 est,
2428 1563 2634 1635 inquit,
2663 1579 2699 1617 ο
2740 1567 3005 1633 tyranne,
3063 1560 3234 1631 ignis,
3295 1574 3477 1630 quem
3532 1556 3680 1613 mihi

2028 1670 2187 1709 nunc
2228 1653 2508 1709 minaris:
2552 1660 2607 1708 et
2661 1652 2778 1707 cito
2842 1649 3091 1721 quidem
3146 1648 3509 1711 accenditur,
3562 1646 3681 1703 cito

321 1752 608 1805 σϐέννυται.
664 1756 764 1805 Καὶ
812 1751 918 1823 οὐχ
970 1751 1131 1813 οὕτως
1177 1750 1277 1821 ἐγὼ
1329 1754 1422 1809 τὴν
1468 1748 1654 1820 ψυχὴν
1704 1746 1918 1819 ἀγεννὴς

2031 1744 2204 1798 etiam
2232 1760 2268 1798 a
2296 1742 2519 1797 volente
2540 1739 2962 1809 exstinguitur;
2996 1753 3189 1809 neque
3230 1751 3341 1805 ego
3382 1752 3516 1791 sum
3559 1740 3681 1791 tam

321 1843 387 1901 ὡς
453 1843 584 1915 πρός
634 1848 866 1893 τοιοῦτον
918 1848 1021 1913 πῦρ
1081 1837 1471 1903 ἀποδειλιάσαι,
1533 1838 1592 1890 ού
1662 1840 1738 1908 μὰ
1804 1839 1919 1897 τούς

325 1931 485 2002 ἱερούς
532 1930 729 2001 ἀγῶνας
780 1938 879 1982 τῶν
936 1926 1031 1981 διὰ
1088 1932 1313 2001 Χριστόν
1363 1932 1604 2000 γενναίοις
1662 1924 1922 1999 ἀνδρισα-

319 2021 498 2089 μένων,
553 2014 741 2070 οῦδὲνα
823 2016 1058 2089 ἐμϐάλλει
1136 2025 1287 2069 τοῦτο
1368 2014 1521 2086 φόϐον
1597 2013 1729 2086 ἐμοὶ,
1811 2012 1920 2064 ἀλλ’

318 2104 476 2158 έκεῖνο
533 2109 590 2157 τό
648 2113 749 2181 πῦρ
826 2102 1065 2169 δέδοικα,
1124 2103 1283 2157 έκεῖνό
1340 2123 1431 2175 μοι
1501 2108 1590 2155 καὶ
1658 2103 1729 2164 εἰς
1802 2109 1918 2154 νοῦν

315 2199 471 2265 μόνον
532 2193 808 2268 ἄρχομενον
874 2196 1192 2247 καθίσταται
1266 2192 1495 2266 φοϐερόν,
1557 2191 1584 2245 ὃ
1650 2194 1767 2251 τοὺς
1825 2189 1920 2263 ἀρ-

316 2286 591 2355 νουμένους
665 2288 750 2336 τόν
834 2288 1061 2357 Χριστὸν
1149 2285 1428 2356 περιμένει,
1503 2281 1715 2333 αἰωνίαν
1794 2282 1918 2352 ἕχον

316 2378 405 2424 καὶ
453 2369 577 2426 οῦδε
631 2371 816 2446 βραχὺ
862 2373 1127 2443 λήγουσαν
1175 2378 1267 2431 τὴν
1312 2371 1583 2445 ἐνέργειαν.
1616 2375 1675 2422 ‘0
1724 2372 1916 2443 τύραν-

315 2481 396 2522 νος
634 2482 714 2515 τοι
788 2465 853 2514 τὰ
909 2462 1228 2534 ἠπειλημένα
1296 2465 1426 2533 πρός
1478 2463 1626 2534 ἔργον
1698 2459 1913 2529 ἐξάγων,

314 2553 532 2623 κάμινον
603 2550 884 2624 ίξαφθῆναι
962 2551 1173 2613 κελεύει,
1230 2555 1399 2623 πίσσῃ
1476 2554 1566 2601 καὶ
1640 2550 1757 2619 θείῳ
1825 2552 1916 2600 καὶ

318 2644 546 2711 στυπείῳ
602 2644 691 2692 καὶ
737 2638 1028 2712 κληματίδι
1100 2640 1212 2692 λίαν
1288 2639 1679 2710 ἐκτρεφομίνην,
1740 2641 1829 2688 καὶ
1882 2637 1910 2694 ἡ

316 2728 441 2800 φλόξ
496 2728 567 2791 είς
630 2734 820 2801 πήχεις
892 2733 1039 2782 πέντε
1112 2734 1202 2780 καὶ
1277 2729 1671 2798 τεσσαράκοντα
1739 2729 1911 2797 ἤρετο.

316 2816 696 2890 Ἐμϐάλλεσθαι
754 2816 812 2871 δε
869 2820 897 2877 ἡ
954 2822 1151 2893 μάρτυς
1203 2817 1462 2893 μέλλουσα
1518 2824 1591 2883 τῷ
1649 2820 1795 2887 πυρὶ,
1856 2818 1913 2866 τὸ

316 2916 416 2959 τῶν
469 2916 624 2980 τριῶν
681 2904 885 2960 παίδων
942 2907 1112 2970 ὅπλον,
1160 2911 1255 2964 τὴν
1309 2908 1614 2979 προσευχὴν
1669 2902 1916 2978 περιϐάλ-

317 2996 478 3061 λεται,
511 3002 600 3049 καὶ
645 3006 746 3069 πῦρ
801 2997 965 3069 εὐχῆς
1014 2995 1227 3048 ἀνάπτει
1278 2998 1408 3047 κατά
1454 2997 1635 3067 πυρός,
1668 2999 1726 3045 τό
1772 2996 1914 3064 ὄμμα

316 3104 373 3137 τε
424 3085 492 3148 εἰς
546 3085 795 3159 οὐρανοὺς
842 3088 1037 3154 ἄρασα,
1098 3085 1157 3136 Ὀ
1209 3087 1359 3147 Θεὸς,
1407 3079 1564 3146 εἶπεν,
1609 3083 1634 3133 ό
1684 3080 1730 3133 ἐν
1781 3081 1916 3152 ύψη-
1953 3106 1992 3165 C

316 3174 423 3236 λοῖς
479 3185 732 3227 κατοικῶν
789 3181 876 3228 καὶ
931 3178 998 3227 τὰ
1066 3176 1281 3226 ταπεινά
1342 3172 1553 3246 ἐφορῶν,
1609 3172 1635 3223 ὁ
1690 3174 1809 3231 τοὺς
1866 3172 1914 3222 ἐν

321 3262 583 3316 Βαϐυλῶνι
620 3272 752 3339 τρεῖς
800 3260 993 3325 παῖδας
1033 3260 1128 3316 διὰ
1169 3267 1252 3315 τόν
1286 3266 1374 3315 σόν
1413 3266 1567 3333 νόμον
1616 3256 1916 3321 ἐκδοθέντας

317 3357 446 3423 πυρὶ
499 3348 574 3405 δι’
621 3353 774 3423 ἁγίου
827 3353 1046 3424 ἁγγελου
1098 3371 1192 3405 σου
1240 3360 1410 3403 κακῶν
1460 3350 1676 3412 ἀπαθεῖς
1728 3362 1917 3408 συντη-

317 3447 511 3516 ρήσας,
556 3447 645 3494 καὶ
694 3438 887 3515 δρόσον
934 3442 1107 3501 αὐτοῖς
1154 3442 1343 3492 ἄνωθεν
1399 3438 1709 3510 ἐπιπέμψας,
1763 3437 1916 3499 αὐτὸς

317 3536 409 3583 καὶ
456 3530 570 3603 ἐμοὶ
610 3540 674 3604 τῇ
728 3539 793 3603 σῇ
850 3528 1008 3603 δούλη
1055 3530 1362 3603 παράστηθι
1406 3527 1621 3601 βοηθός,
1653 3536 1748 3586 τῆς
1799 3534 1913 3594 σῆς,

318 3624 543 3694 Χριστε,
589 3617 751 3684 δόξης
796 3619 1183 3693 ύπεραθλούσῃ.
1238 3618 1389 3670 Οὖτω
1438 3636 1491 3669 τε
1536 3613 1660 3680 εἷπε,
1711 3621 1802 3668 καὶ
1846 3621 1917 3667 τῶ

318 3713 467 3781 τύπῳ
500 3719 589 3763 τοῦ
623 3718 852 3784 σταυροῦ
882 3710 1033 3762 πάλιν
1082 3712 1150 3771 ὡς
1194 3707 1346 3782 ἑτέρῳ
1378 3706 1514 3776 ὅπλῳ
1564 3704 1746 3762 ἑαυτὴν
1790 3704 1914 3755 καθ·

320 3799 605 3865 οπλίσασα,
657 3800 905 3874 εὐτρεπὴς
962 3802 1148 3851 ἵστατο
1200 3800 1258 3849 τὸ
1306 3797 1608 3867 τυράννικὸν
1656 3791 1922 3863 ἐπίταγμα

324 3895 695 3963 περιμένουσα.

397 3981 476 4037 δ’.
520 3978 609 4041 Ὠς
658 3975 716 4032 δε
755 3977 939 4039 ὶκείνος
986 3985 1047 4049 τῇ
1100 3981 1297 4047 καμίνῳ
1343 3976 1535 4030 ταύτην
1581 3967 1785 4033 ἐδίδου,
1832 3973 1922 4022 καὶ

319 4077 498 4144 χεῖρες
582 4068 744 4126 αὐτὴν
829 4066 1030 4139 ἔμελλον
1125 4061 1415 4129 συλλαϐεῖν,
1497 4062 1763 4119 Σωσθένης
1831 4062 1922 4110 καὶ

324 4165 521 4234 Βίκτωρ
580 4160 629 4211 οἱ
684 4159 1062 4232 προηγούμενοι
1118 4162 1216 4206 τῶν
1270 4152 1342 4212 εἰς
1392 4158 1558 4202 ταῦτα
1617 4145 1921 4201 διακονούν-

320 4268 443 4317 των,
494 4247 851 4321 προσελθόντες
899 4252 970 4314 τῷ
1023 4248 1255 4316 Πρίσκῳ,
1301 4242 1381 4293 ότι
1423 4241 1536 4311 μὶν,
1580 4241 1799 4309 ἔφησαν,
1845 4236 1922 4297 οἷς

320 4340 658 4412 προστάττεις
732 4336 993 4407 πρόθυμοι
1095 4332 1407 4403 λειτουργεῖν
1484 4330 1670 4399 ἡμεῖς·
1751 4330 1922 4377 καίτοι

320 4425 542 4487 πολλοὺς
593 4427 796 4496 ἔχοντες
848 4424 1138 4496 μάρτυρας,
1184 4418 1277 4470 οῦκ
1323 4416 1510 4477 ἄλλους
1566 4416 1593 4473 ἡ
1637 4417 1752 4474 τοὺς
1797 4416 1921 4475 σούς

321 4512 716 4589 προϐαλλόμεθα
816 4510 1127 4583 ὀφθαλμούς.
1202 4511 1329 4560 Νυνὶ
1392 4502 1451 4557 δι
1529 4503 1633 4575 οὐχ
1712 4503 1812 4555 οἷοί
1868 4505 1923 4554 τί

323 4608 495 4675 ίσμεν,
530 4610 619 4655 τοῦ
671 4608 761 4661 τῆς
805 4601 1060 4674 παρθένου
1114 4599 1308 4657 ταύτης
1360 4593 1603 4664 ἅψασθαι
1657 4596 1918 4663 σώματος,

322 4690 525 4768 ἄνδρας
574 4693 675 4766 γὰρ
746 4692 941 4763 ὁρῶμεν
999 4685 1243 4759 φοϐερούς
1327 4688 1415 4743 τὴν
1482 4682 1600 4753 ἄψιν
1673 4680 1918 4747 ἑστῶτας,

323 4786 461 4854 ἡμᾶς
513 4785 602 4854 μεν
652 4776 814 4855 δριμύ
869 4777 983 4829 λίαν
1036 4780 1125 4828 καὶ
1177 4772 1433 4843 βλοσυρὸν
1482 4769 1917 4844 προσϐλέποντας,

324 4873 562 4943 ἑτοίμους
615 4866 674 4923 δὲ
748 4871 893 4927 ὄντας
965 4874 1053 4924 τῆς
1136 4864 1389 4935 παρθένου
1462 4867 1776 4933 προστῆναι,
1831 4860 1921 4908 καὶ

325 4961 513 5033 φλογός
558 4963 721 5017 αὐτὴν
769 4960 1038 5030 κρείττονα
1087 4948 1274 5013 δεῖξαι.
1319 4954 1381 5003 Τί
1424 4951 1523 5021 γὰρ
1572 4947 1693 4999 ἄλλο
1744 4946 1922 5007 αὐτοῖς

326 5047 571 5121 βούλεται
622 5051 680 5099 τό
734 5042 1134 5116 διασκορπίζειν
1192 5040 1310 5091 ἔνθα
1364 5042 1453 5089 καὶ
1504 5038 1623 5088 ἔνθα
1669 5038 1727 5087 τό
1775 5040 1919 5106 πῦρ;

321 5138 412 5198 Ὡς
463 5133 551 5189 οὖν
609 5139 634 5188 ό
687 5140 909 5207 Πρίσκος
947 5136 1142 5190 ἤκουσε
1187 5136 1373 5195 ταῦτα,
1416 5128 1627 5185 τούτους
1674 5127 1762 5195 μεν
1811 5118 1920 5181 ἤδη

324 5227 709 5299 μεταμαθόντας
765 5228 857 5281 τὴν
916 5217 1224 5281 θεοσέϐειαν,
1276 5223 1338 5288 τῇ
1418 5216 1591 5285 εἱρκτῆ
1656 5215 1923 5285 παραπέμ-

324 5335 432 5379 πει,
491 5320 730 5386 Καίσαρα
802 5309 859 5365 δε
916 5315 1005 5362 καὶ
1074 5309 1312 5381 Βικάριον
1370 5304 1506 5357 οὕτω
1558 5302 1917 5371 καλουμένους,

322 5405 395 5465 εἰς
449 5409 541 5463 τὴν
588 5402 787 5456 ἐκείνων
853 5399 1254 5453 ἀντικαθίστησι
1308 5394 1655 5464 λειτουργίαν.
1716 5394 1814 5443 Καὶ
1875 5390 1924 5441 οί

323 5498 435 5569 μὶν,
503 5494 777 5567 προθύμως
853 5493 946 5547 τὴν
1018 5485 1417 5556 καλλιπάρθενον
1489 5480 1757 5550 Εὐφημίαν
1833 5486 1924 5538 τῆς

320 5567 422 5639 τῶν
464 5581 691 5655 ἀγγέλων
737 5581 874 5640 θείας
922 5577 1345 5651 παραχωρούσης
1390 5568 1693 5643 δυνάμεως·
1729 5567 1787 5620 οὐ
1818 5568 1920 5640 γὰρ

2030 1832 2229 1904 pusilli
2255 1836 2310 1886 et
2340 1830 2552 1901 abjecti
2584 1827 2791 1893 animi,
2830 1832 2890 1883 ut
2914 1827 3074 1882 hunc
3106 1826 3303 1895 ignem
3335 1824 3678 1880 formidem.

2028 1924 2177 1988 Non,
2202 1936 2303 1992 per
2322 1936 2493 1975 sacra
2523 1920 2850 1973 certamina
2874 1931 3079 1971 eorum
3099 1915 3201 1986 qui
3238 1930 3299 1967 se
3356 1928 3465 1985 pro
3523 1912 3680 1969 Chri-

2030 2015 2121 2066 sto
2178 2013 2416 2063 strenue
2460 2014 2516 2062 et
2571 2005 2798 2062 fortiter
2863 2008 3192 2073 gesserunt,
3254 2002 3366 2055 hoc
3432 1999 3682 2072 quidem

2032 2098 2173 2154 mihi
2202 2098 2387 2153 ullum
2414 2096 2583 2152 aﬁ‘ert
2608 2096 2885 2151 timorem
2915 2114 2927 2146 :
2962 2091 3067 2146 sed
3116 2090 3281 2145 illum
3324 2090 3522 2159 ignem
3586 2103 3679 2143 ex-

2031 2189 2294 2253 timesco,
2326 2186 2420 2241 ille
2454 2185 2595 2241 mihi
2624 2182 2715 2239 vel
2754 2182 2953 2239 solum
3003 2181 3063 2235 in
3123 2182 3386 2234 mentem
3441 2177 3684 2233 veniens

2029 2278 2183 2346 ignis
2213 2283 2300 2332 est
2350 2274 2647 2334 terribilis,
2676 2271 2776 2344 qui
2817 2275 3019 2326 manet
3069 2284 3172 2324 eos
3226 2268 3329 2339 qui
3388 2265 3683 2321 Christum

2028 2370 2265 2434 negant,
2303 2367 2366 2418 ut
2393 2363 2496 2435 qui
2528 2369 2813 2417 aeternam
2864 2358 3086 2414 habeat
3139 2353 3570 2427 operationem,
3630 2357 3686 2409 et

2028 2470 2102 2510 ne
2135 2453 2423 2510 tantillum
2455 2451 2701 2522 quidem
2732 2448 3118 2503 desinentem.
3156 2446 3359 2515 itaque
3394 2450 3682 2515 tyrannus

2026 2542 2268 2615 quidem
2300 2541 2379 2596 ad
2432 2538 2711 2595 effectum
2758 2536 3059 2592 deducens
3112 2549 3184 2589 ea
3230 2549 3367 2603 qua:
3421 2533 3683 2587 minatus

2026 2632 2238 2697 fuerat,
2275 2629 2448 2700 jubet
2476 2628 2722 2683 accendi
2748 2625 3076 2689 fornacem,
3107 2638 3242 2694 quae
3267 2620 3440 2676 valde
3498 2619 3683 2675 alere-

2028 2727 2120 2777 tur
2165 2721 2316 2793 pice,
2379 2717 2620 2782 sulfure,
2682 2720 2900 2785 stuppa
2944 2718 3002 2767 et
3054 2708 3395 2767 sarmentis.
3454 2711 3518 2763 Et
3564 2707 3686 2763 alta

2024 2809 2268 2883 quidem
2297 2812 2422 2862 erat
2452 2805 2702 2861 flamma
2728 2800 3128 2874 quadraginta
3151 2803 3209 2855 et
3229 2799 3495 2870 quinque
3520 2795 3685 2851 cubi-

2028 2904 2136 2955 tos.
2171 2900 2231 2952 in
2259 2897 2457 2968 ignem
2486 2900 2686 2949 autem
2716 2888 3039 2963 injicienda
3066 2893 3313 2958 martyr,
3344 2885 3537 2940 induit
3591 2900 3685 2939 ar-

2026 3003 2125 3043 ma
2143 2986 2321 3042 trium
2345 2994 2913 3055 puerorum,nempe
2933 2991 3159 3050 preces;
3184 2974 3676 3044 etcontraignem

2025 3074 2302 3132 accendit
2330 3075 2531 3142 ignem
2556 3069 2858 3136 orationis,
2888 3072 2943 3123 et
2972 3066 3179 3123 oculos
3210 3065 3269 3119 in
3301 3063 3521 3119 coelum
3582 3061 3687 3117 tol-

2024 3166 2192 3221 lens:
2254 3164 2430 3232 Deus,
2486 3161 2696 3233 inquit,
2748 3157 2853 3231 qui
2910 3157 2971 3211 in
3027 3153 3276 3210 excelsis
3322 3152 3582 3214 habitas,
3632 3152 3690 3204 et

2023 3253 2276 3310 humilia
2301 3251 2574 3307 intueris:
2604 3249 2707 3320 qui
2758 3245 3055 3317 Babylone
3106 3249 3220 3298 tres
3264 3256 3507 3313 pueros,
3555 3254 3689 3311 pro-

2027 3350 2328 3418 ptertuam
2352 3342 2546 3410 legem
2568 3338 2691 3408 igni
2711 3337 3092 3405 traditos,per
3108 3335 3377 3387 sanctum
3401 3328 3681 3401 angelum

2025 3438 2192 3492 tuum
2244 3448 2281 3487 a
2319 3430 2495 3486 malis
2537 3427 2754 3482 illmsos
2808 3422 3193 3487 conservasti,
3245 3426 3302 3475 et
3345 3420 3430 3475 eis
3481 3433 3679 3474 rorem

2024 3523 2285 3593 desuper
2313 3517 2628 3579 immisisti,
2671 3521 2732 3570 tu
2790 3528 3033 3584 quoque
3095 3510 3236 3565 mihi
3282 3514 3397 3563 tum
3459 3505 3688 3563 ancillas

2028 3611 2189 3669 adsis
2249 3609 2664 3678 adjutor,qua3
2709 3618 2812 3673 pro
2874 3608 2992 3667 tua,
3060 3616 3095 3654 ο
3164 3598 3412 3659 Christe,
3450 3595 3688 3650 decerto

2027 3700 2237 3771 gloria.
2271 3696 2365 3752 Sic
2392 3695 2539 3751 dixit
2566 3712 2579 3749 :
2614 3698 2667 3747 et
2696 3706 2831 3746 cum
2862 3690 3055 3757 ﬁgura
3079 3686 3270 3742 crucis
3302 3700 3531 3747 rursus,
3558 3687 3687 3738 tan-

2029 3804 2217 3862 quam
2239 3785 2369 3841 aliis
2391 3781 2861 3857 armis,seipsam
2876 3782 3193 3839 armasset,
3226 3774 3423 3828 stabat
3450 3776 3685 3841 parata,

2029 3880 2383 3947 exspectans
2404 3874 2639 3944 jussum
2667 3868 2926 3941 tyranni.

2101 3964 2244 4020 Vlll.
2280 3965 2426 4019 Cum
2450 3966 2648 4016 autem
2676 3955 3208 4027 illejussisseteam
3224 3951 3286 4007 in
3316 3950 3517 4019 ignem
3540 3961 3684 4003 con-

2024 4054 2210 4125 jici,et
2226 4068 2359 4109 eam
2376 4064 2593 4105 manus
2616 4048 2817 4102 essent
2840 4043 3113 4098 lictorum
3138 4037 3680 4110 comprehensurus,

2030 4124 2227 4199 Victor
2251 4146 2305 4197 et
2327 4139 2664 4202 Sosthenes,
2690 4134 2795 4206 qui
2818 4134 3113 4204 praeerant
3158 4128 3230 4183 iis
3289 4126 3392 4199 qui
3432 4125 3505 4180 ad
3558 4124 3687 4180 haec

2030 4230 2452 4294 iuserviebant,
2495 4225 2572 4281 ad
2615 4223 2882 4278 Priscum
2943 4219 3328 4275 accedentes:
3385 4213 3555 4280 Quod
3613 4213 3684 4268 iis

2030 4322 2297 4396 quidem,
2325 4332 2461 4389 qum
2490 4316 2774 4385 imperas,
2831 4312 3111 4381 prompto
3159 4312 3215 4361 et
3268 4303 3447 4360 alacri
3481 4303 3684 4359 animo

2031 4394 2445 4471 inserviamus,
2487 4405 2674 4467 aiunt,
2716 4399 2825 4455 etsi
2866 4397 3083 4453 multos
3111 4394 3450 4450 habeamus
3484 4396 3682 4455 testes,

2032 4516 2149 4556 non
2181 4496 2348 4561 alios,
2379 4507 2564 4567 quam
2621 4496 2753 4544 tuos
2783 4487 2992 4543 oculos
3049 4482 3455 4554 producimus.
3513 4482 3685 4535 Nunc

2032 4595 2232 4645 autem
2256 4600 2373 4640 nou
2402 4594 2726 4654 possumus
2762 4582 3000 4645 tangere
3031 4587 3251 4642 corpus
3280 4570 3459 4638 hujus
3503 4566 3685 4636 virgi-

2032 4678 2143 4733 nis.
2180 4675 2456 4730 Videmus
2489 4668 2648 4726 enim
2680 4667 2839 4721 viros
2869 4667 3090 4719 stantes
3114 4664 3356 4730 aspectu
3405 4655 3687 4711 formida-

2031 4767 2199 4832 biles,
2230 4778 2340 4818 nos
2379 4758 2626 4831 quidem
2682 4760 2846 4812 torve
2903 4748 3230 4807 admodum
3271 4746 3584 4832 intuentes,
3628 4747 3687 4799 et

2032 4859 2272 4928 paratos
2337 4848 2628 4918 virginem
2701 4842 3038 4907 defendere,
3115 4843 3171 4893 et
3244 4852 3375 4891 eam
3450 4831 3682 4889 emcere

2031 4921 2281 5000 flamma
2305 4937 2692 5010 superiorem.
2736 4930 2889 4997 Quid
2947 4931 3103 4984 enim
3163 4925 3326 4983 aliud
3374 4923 3485 4978 sibi
3542 4921 3686 4986 vult,

2032 5031 2194 5106 quod
2224 5032 2424 5099 ignem
2452 5027 2567 5081 huc
2603 5029 2661 5078 et
2706 5021 2844 5076 illuc
2909 5013 3311 5106 dispergunt?
3364 5014 3687 5083 Postquam

2032 5099 2230 5178 autem
2270 5119 2399 5174 haec
2444 5112 2668 5169 audivit
2716 5110 2966 5176 Priscus,
3023 5122 3125 5162 eos
3175 5102 3436 5175 quidem,
3467 5104 3530 5155 ut
3582 5099 3690 5171 qui

2029 5212 2153 5283 jam
2176 5226 2212 5265 a
2237 5206 2397 5263 cultu
2435 5204 2685 5259 deorum
2720 5197 3092 5257 defecissent,
3146 5192 3320 5248 mittit
3376 5190 3437 5246 in
3495 5204 3688 5245 carce-

2037 5279 2243 5359 Crem:
2276 5308 2527 5351 aasarem
2555 5296 2756 5346 autem
2794 5303 2863 5342 ac
2895 5284 3193 5340 Vicarium
3228 5281 3332 5351 (sic
3386 5279 3549 5334 enim
3594 5292 3689 5331 vo-

2036 5390 2355 5447 cabantur)
2404 5380 2622 5437 sufﬁcit
2662 5380 2720 5432 in
2758 5390 2965 5432 eorum
3007 5370 3423 5427 ministerium.
3485 5370 3550 5423 Et
3606 5365 3688 5422 illi

2036 5477 2281 5552 quidem
2306 5474 2584 5545 prompto
2614 5473 2668 5522 et
2705 5462 2888 5521 alacri
2919 5461 3105 5517 animi
3141 5458 3339 5514 studio
3387 5456 3692 5528 egregiam

2040 5547 2331 5636 virginem
2365 5555 2781 5633 Euphemiam,
2806 5551 3051 5609 cedente
3089 5548 3286 5605 divina
3342 5547 3552 5602 virtute
3588 5559 3692 5600 an-
