4154 6192
441 275 547 330 723

1744 274 2004 332 MENSIS
2044 269 2497 328 SEPTEMBER.

3695 260 3802 315 723

442 400 712 473 gelorum
755 402 972 472 (neque
1005 400 1165 456 enim
1215 407 1489 473 poterant
1538 403 1651 476 ipsi
1705 401 2092 459 mutationem

2222 397 2353 450 zt’o‘rei
2406 399 2506 449 οἷοί
2555 416 2610 450 τε
2663 393 2796 455 ἦσαν
2842 393 3126 468 μεταϐολὴν
3183 387 3438 454 δέξασθαι
3485 390 3614 462 πρὸς
3663 385 3806 440 εὐσίο

445 489 748 560 suscipere
777 489 854 544 ad
883 489 1208 562 pietatem),
1237 491 1507 561 injiciunt
1533 495 1590 548 in
1619 493 1944 549 fornacem.
1977 488 2093 544 Sed

446 577 846 634 eoscontinuo
867 577 1194 646 arguebant
1219 595 1312 634 res
1345 582 1719 646 inanimm,et
1758 579 2097 652 punieban-

445 671 541 721 tur
565 666 747 736 impii.
783 666 940 734 Ignis
969 667 1128 722 enim
1176 675 1411 739 repente
1460 669 1872 735 effervescens,
1928 673 1983 722 et
2036 668 2096 721 in

446 755 653 810 orbem
672 754 1407 826 circumfusus,quomodo
1422 760 1584 830 prius
1609 755 2097 829 Babylone,ultus

446 849 534 900 est
561 860 680 909 eos,
709 844 809 914 qui
835 843 1154 914 injecerant
1179 865 1190 900 :
1217 846 1476 917 gloriosa
1502 854 1702 904 autem
1757 847 1921 917 virgo
1971 860 2096 916 per-

446 933 586 989 inde
616 948 686 988 ae
714 933 760 988 si
785 947 904 988 non
933 933 1010 989 ad
1038 935 1419 1006 supplicium,
1447 937 1550 992 sed
1574 937 1648 992 ad
1672 936 2097 992 recreationem

447 1021 664 1078 tradita
694 1026 848 1076 esset
877 1022 1204 1088 etdelicias,
1237 1026 1456 1080 mansit
1480 1026 1721 1096 quidem
1752 1023 2097 1097 aliquandiu

449 1111 527 1166 ab
566 1112 698 1180 igne
726 1110 944 1176 illaesa;
975 1113 1354 1168 securissime
1386 1121 1587 1169 autem
1626 1113 1908 1169 movebat
1933 1111 2101 1166 labra

451 1199 530 1254 ad
561 1199 820 1271 hymnos
845 1198 1100 1266 divinos,
1153 1216 1300 1257 aura
1353 1202 1513 1258 molli
1567 1207 1622 1258 et
1674 1201 1914 1258 roscida
1965 1215 2100 1255 eam

451 1288 854 1357 refrigerante.

522 1377 609 1432 1x.
635 1376 954 1448 Postquam
985 1382 1187 1434 autem
1212 1382 1267 1434 et
1296 1378 1546 1434 ﬂamma
1577 1380 1897 1444 contabuit,
1948 1383 2004 1434 et
2042 1379 2100 1434 in

453 1465 748 1522 Cassarem
760 1471 813 1522 et
828 1467 1122 1522 Vicarium
1136 1467 1420 1522 divinitus
1433 1469 1740 1524 immissum
1758 1468 2100 1541 supplicium

453 1555 601 1611 alios
630 1555 937 1610 ministros
971 1556 1178 1628 procul
1210 1556 1487 1629 dispersit
1515 1575 1528 1624 ;
1554 1559 1848 1630 egreditur
1878 1562 2105 1628 martyr

456 1643 603 1699 adeo
631 1644 860 1714 integra
889 1650 944 1698 et
967 1644 1172 1714 illaesa,
1209 1651 1272 1700 ut
1296 1662 1370 1700 ne
1401 1646 1457 1700 in
1481 1646 2104 1717 tunicaquidemignis

2209 486 2371 549 ϐειαν,
2450 485 2789 558 ἐμϐάλλουσιν
2865 484 2931 544 εἰς
3004 487 3099 540 τὴν
3173 483 3407 547 κάμινον.
3469 476 3599 529 Ἀλλ’
3657 477 3807 536 εὐθὺς

2208 575 2494 646 ἠλέγχοντο
2537 578 2680 648 παρὰ
2716 583 2816 626 τῶν
2865 571 3108 643 ἀψύχων,
3155 575 3243 621 καὶ
3289 570 3338 620 οἱ
3384 567 3586 628 ἀσεϐεῖς
3629 565 3808 618 ἐκολά-

2209 664 2376 724 ζοντο.
2426 667 2496 716 Τό
2543 668 2644 735 γὰρ
2698 671 2801 737 πῦρ
2850 661 3034 733 ἀθρόον
3085 659 3459 729 ἀναπαρλάσαν
3504 661 3590 707 καὶ
3635 654 3806 724 κύκλῳ

2207 755 2509 826 περιχυθὲν,
2569 755 2740 825 ῶσπερ
2800 751 2850 803 ἐν
2906 749 3188 813 Βαϐυλῶνι,
3246 751 3300 800 τό
3383 751 3628 820 πρότερον
3685 747 3810 805 τοὺς

2208 841 2518 913 ἐμϐαλόντας
2570 842 2821 912 ἠμύνατο·
2875 842 2906 898 ἡ
2964 835 3025 891 δέ
3073 857 3133 909 γε
3186 835 3471 896 καλλίνικος
3524 833 3811 906 ἀθλοφόρος

2208 932 2379 1005 ὥσπερ
2433 934 2527 982 οὐκ
2581 931 2648 991 εἰς
2718 934 2989 1003 τιμωρίαν,
3047 926 3154 978 ἀλλ’
3228 924 3294 986 εἷς
3360 926 3533 977 ἄνεσίν
3601 942 3656 975 τε
3720 926 3811 974 καὶ

2208 1025 2406 1093 τρυφὴν
2453 1017 2749 1084 ἐκδοθεῖσα,
2785 1018 2856 1091 ἐφ’
2893 1021 3063 1070 ἱκανόν
3094 1019 3182 1088 μὲν
3236 1024 3307 1085 τῷ
3355 1018 3482 1086 πυρὶ
3533 1017 3809 1087 παρέμενεν

2209 1108 2497 1178 ἄψαυστος.
2548 1112 2694 1162 Κατά
2743 1108 2934 1165 πολλὴν
2993 1104 3051 1159 δι
3097 1110 3190 1164 τὴν
3237 1102 3419 1156 ἄδειαν
3472 1107 3596 1175 πρός
3647 1104 3809 1161 θείους

2209 1198 2397 1270 ὕμνους
2443 1198 2596 1250 ἐκίνει
2655 1200 2720 1250 τὰ
2775 1198 2950 1269 χείλη,
3007 1200 3166 1270 αὔρας
3209 1195 3370 1252 αὐτὴν
3422 1191 3812 1264 ἀναψυχούσης

2210 1288 2448 1361 μαλακῆς
2477 1307 2529 1340 τε
2558 1292 2647 1340 καὶ
2678 1285 2959 1361 δροσερᾶς.

2284 1377 2366 1430 Θ’.
2415 1377 2552 1430 Ἐπεὶ
2603 1373 2662 1428 δε
2708 1381 2797 1428 καὶ
2851 1379 2882 1434 ἡ
2935 1373 3060 1448 φλόξ
3113 1373 3413 1446 ἐμαραίνετο
3465 1375 3554 1423 καὶ
3604 1371 3635 1428 ἠ
3691 1374 3817 1441 περὶ

2210 1469 2294 1518 τόν
2349 1469 2592 1540 Καίσαρά
2661 1484 2715 1517 τε
2764 1470 2852 1517 καὶ
2918 1466 3157 1537 Βικάριον
3215 1465 3532 1532 θεόπεμπτος
3586 1463 3821 1532 τιμωρία

2213 1564 2310 1607 τῶν
2364 1557 2630 1628 ὑπηρετῶν
2671 1558 2787 1614 τοὺς
2835 1553 3017 1615 ἄλλοις
3070 1551 3246 1626 πόῤῥω
3293 1571 3393 1603 που
3447 1545 3821 1613 διεσκέδασεν,

2215 1645 2400 1706 ἔξεισιν
2456 1646 2485 1702 ἠ
2548 1647 2762 1716 μάρτυς,
2823 1645 2985 1705 οὕτως
3039 1641 3288 1707 ἀϐλαϐὴς,
3337 1644 3406 1700 ὡς
3459 1635 3587 1710 μηδ’
3637 1637 3687 1690 ἰν
3745 1646 3822 1707 τῷ

457 1733 647 1788 ullum
666 1737 926 1788 servaret
956 1733 1414 1802 vestigium.Sed
1435 1737 1624 1806 ipsam
1650 1737 1887 1807 quidem
1902 1751 2106 1789 rursus

2222 1743 2402 1805 χιτῶνι
2449 1730 2614 1806 μηδὲν
2673 1736 2817 1804 ἴχνος
2886 1740 2978 1785 τοῦ
3035 1735 3198 1802 πυρὸς
3271 1728 3654 1793 διασώζεσθαι,
3711 1726 3824 1778 ἀλλ’

453 1822 716 1878 vinctam
746 1822 984 1877 tenebat
1012 1823 1300 1879 custodia.
1337 1826 1435 1879 Die
1457 1830 1652 1879 autem
1674 1825 1944 1896 sequenti
1961 1824 2109 1878 edu-

455 1912 532 1967 cit
562 1912 883 1983 proconsul
918 1912 1203 1967 Victorem
1235 1919 1291 1968 et
1311 1914 1680 1978 Sosthenem,
1723 1920 1777 1968 et
1800 1914 1973 1983 jussit
2005 1929 2108 1968 eos

457 1999 788 2056 sacriﬁcare
817 1999 933 2054 diis
960 2001 1104 2055 suis.
1137 2000 1216 2056 llli
1263 2007 1466 2056 autem
1517 2018 1529 2056 :
1564 2005 1700 2070 Nos,
1766 2002 2025 2068 aiebant,
2071 2017 2107 2057 o

457 2088 804 2161 proconsul,
830 2104 1051 2160 magno
1077 2090 1242 2160 prius
1262 2106 1457 2144 errore
1479 2090 1779 2161 implicati,
1804 2090 2108 2163 quomodo

460 2183 519 2232 tu
546 2193 784 2248 quoque
825 2177 1158 2248 hucusque,
1190 2193 1347 2234 nunc
1375 2180 1616 2235 tandem
1638 2180 1800 2235 bono
1835 2179 1932 2236 Dei
1959 2186 2108 2235 nutu

459 2265 894 2336 resipiscentes,
928 2265 1089 2336 digni
1119 2266 1304 2322 habiti
1350 2284 1579 2331 sumus,
1647 2270 1747 2341 qui
1800 2269 2109 2325 veritatem

460 2368 927 2422 agnosceremus
967 2370 1071 2425 per
1099 2355 1256 2410 hanc
1283 2356 1589 2427 virginem.
1620 2357 1785 2414 Scias
1818 2373 1960 2427 ergo
2001 2372 2110 2412 nos

459 2457 656 2515 neque
685 2442 798 2498 diis
828 2442 1113 2500 inanimis
1149 2444 1779 2517 sacriﬁcaturos(absit
1805 2451 1869 2501 ut
1922 2448 2112 2502 simus

461 2530 616 2587 adeo
645 2537 858 2587 emota:
890 2533 1148 2603 mentis),
1171 2549 1366 2604 neque
1386 2534 1499 2589 tuis
1530 2550 1658 2590 esse
1689 2551 1962 2591 cessuros
1992 2536 2111 2591 edi-

460 2619 590 2676 ctis.
622 2620 943 2693 Postquam
967 2622 1093 2678 hmc
1127 2622 1434 2686 dixissent,
1468 2623 1712 2679 abducti
1747 2631 1884 2680 sunt
1911 2624 1967 2679 in
1999 2629 2112 2680 sta-

461 2708 650 2775 dium,
676 2715 731 2766 et
757 2710 908 2781 jussi
933 2716 1072 2767 sunt
1104 2727 1369 2782 pugnare
1394 2728 1528 2767 cum
1560 2712 1781 2768 bestiis.
1805 2713 1887 2768 Illi
1913 2720 2112 2769 autem

461 2797 821 2870 imperatum
873 2799 1124 2856 libenter
1165 2800 1554 2872 accipiebant,
1598 2808 1652 2857 et
1712 2803 2110 2868 exsultabant,

462 2903 584 2944 non
612 2888 805 2942 solum
838 2889 1002 2959 quod
1033 2889 1583 2945 existimarentesse
1607 2891 1792 2944 satius
1812 2891 2114 2946 decertare

463 2991 601 3031 cum
640 2975 801 3040 feris,
831 2993 1014 3047 quam
1049 2993 1186 3031 cum
1210 2984 1332 3034 tam
1365 2977 1536 3033 malis
1577 2979 1942 3043 hominibus,
2013 2979 2115 3034 sed

2217 1823 2379 1880 αὐτὴν
2430 1826 2519 1894 μὲν
2571 1827 2660 1874 καὶ
2717 1819 2867 1884 αὖθις
2923 1825 2950 1880 ἡ
3021 1821 3222 1893 φυλακὴ
3300 1816 3561 1890 δεσμῶτιν
3623 1816 3820 1890 ίτήρει.

2217 1912 2366 1983 "Ar/st
2416 1909 2474 1965 δε
2531 1920 2590 1982 τῇ
2648 1912 2764 1974 ἑξῆς
2811 1914 2836 1964 ό
2885 1913 3180 1970 ἀνθύπατος
3230 1912 3315 1962 τόν
3363 1909 3601 1979 Βίκτωρά
3647 1925 3700 1958 τε
3730 1911 3827 1958 καὶ

2215 2007 2304 2054 τόν
2357 2004 2643 2066 Σωσθένην,
2698 2006 2785 2053 καὶ
2845 2003 2981 2053 θύειν
3035 1999 3226 2052 ἐκέλευε
3277 2005 3381 2060 τοίς
3448 1996 3607 2049 αὐτοῦ
3663 1998 3825 2064 θεοῖς,

2219 2095 2268 2144 οἱ
2325 2089 2399 2150 δε,
2453 2091 2646 2161 Ἡμεῖς,
2706 2094 2923 2162 ἔφησαν,
2982 2087 3022 2141 ὦ
3083 2087 3359 2149 ἀνθύπατε,
3420 2091 3597 2160 μακρᾷ
3656 2084 3824 2158 πλάνῃ

2216 2186 2273 2234 τό
2322 2187 2571 2253 πρότερον
2621 2183 2972 2252 χειρωθέντες,
3005 2181 3236 2252 καθάπερ
3285 2174 3352 2235 δὴ
3403 2181 3493 2228 καὶ
3545 2175 3720 2238 αὐτὸς,
3755 2175 3830 2235 εἰς

2219 2273 2294 2322 ἔτι
2345 2277 2451 2330 νῦν,
2506 2269 2647 2340 μόλις
2701 2277 2834 2322 Θεοῦ
2887 2271 3135 2340 νεύμασιν
3187 2266 3556 2337 ἀνανήψαντες,
3609 2264 3830 2334 ἐπιγνῶ-

2219 2380 2303 2410 ναι
2351 2363 2444 2415 τὴν
2491 2357 2735 2416 ἀλήθειαν
2795 2354 2888 2410 διὰ
2944 2365 3039 2418 τῆς
3086 2358 3341 2429 παρθένου
3392 2359 3605 2418 ταύτης,
3662 2354 3832 2417 ἠξιὼο

2221 2451 2371 2521 μεθα.
2423 2446 2564 2500 Ἰσθι
2639 2443 2726 2499 οὖν
2808 2449 2872 2506 ὡς
2954 2449 3068 2498 οὐτε
3149 2448 3331 2517 θύομεν
3399 2443 3631 2516 ἀψύχοις
3697 2446 3832 2503 θεοῖς

2220 2536 2317 2610 (μὴ
2377 2537 2511 2589 οὕτω
2583 2544 2672 2588 νοῦ
2726 2555 2778 2589 τε
2852 2540 2941 2588 καὶ
2997 2543 3187 2607 φρενῶν
3238 2531 3652 2608 διαμάρτωμεν),
3711 2533 3833 2585 οὔτε

2423 2633 2532 2686 σοῖς
2635 2627 2911 2695 ὑπείκομεν
3026 2621 3406 2695 διατάγμασιν.
3484 2622 3626 2675 Ἐπεὶ
3703 2628 3829 2674 ταῦ-

2223 2736 2288 2768 τα
2366 2712 2524 2778 εἶπον,
2599 2714 2670 2776 εἰς
2741 2718 2799 2765 τὸ
2878 2710 3095 2766 στάδιον
3178 2712 3329 2772 εὐθὺς
3405 2709 3664 2782 ἀπήγοντο
3739 2715 3835 2762 καὶ

2222 2634 2331 2688 τοῖς
2423 2633 2532 2686 σοῖς
2635 2627 2911 2697 ὑπείκομεν

2227 2807 2572 2878 θηριομαχεῖν
2653 2802 2957 2857 ἐκελεύοντο.
3031 2804 3096 2854 Οἱ
3172 2798 3231 2854 δὲ
3312 2799 3549 2870 ἀσμένως
3614 2803 3670 2851 τό
3749 2819 3834 2852 κε-

2224 2894 2434 2945 λευσθὶν
2514 2888 2759 2963 ἐδέχοντο
2846 2897 2935 2944 καὶ
3011 2890 3293 2962 ἠγάλλοντο
3377 2893 3435 2941 ού
3517 2893 3668 2959 μόνον
3749 2891 3834 2940 ὅτι

2227 2980 2429 3054 βέλτιον
2482 2984 2701 3052 ἡγοῦντο
2753 2983 2812 3033 τό
2866 2984 2994 3053 πρὸς
3041 2983 3198 3054 θῆρας
3241 2978 3428 3051 μᾶλλον
3477 2979 3506 3037 ἦ
3542 2979 3674 3030 οὕτω
3723 2997 3834 3030 πο-

463 3064 644 3119 etiam
684 3065 845 3136 quod
877 3081 980 3135 per
1026 3067 1233 3119 dentes
1281 3066 1541 3121 ferarum
1601 3072 1769 3121 erant
1827 3066 1906 3122 illi
1979 3083 2112 3122 con-

2224 3074 2408 3141 νηροὺς
2474 3069 2773 3140 ἀνθρώπους
2856 3066 3205 3131 διαπαλαίειν,
3268 3067 3376 3118 ἀλλ’
3435 3069 3514 3119 ὅτι
3593 3071 3681 3118 καὶ
3753 3063 3830 3117 δι’

463 3151 703 3207 fracturi
729 3152 1000 3208 maxillas
1035 3152 1254 3218 bestiae,
1289 3169 1424 3226 qua:
1478 3160 1635 3210 caret
1687 3171 1884 3210 carne.
1947 3157 2117 3221 Quod

462 3240 707 3312 quidem
756 3256 894 3296 cum
953 3241 1173 3313 precati
1211 3247 1421 3305 essent,
1477 3244 1795 3299 audierunt
1839 3244 1914 3300 de
1967 3245 2117 3301 cmlo

463 3345 696 3394 vocem,
729 3346 864 3401 quae
909 3331 1285 3400 significabat
1351 3333 1535 3387 fuisse
1588 3334 1853 3390 auditam
1910 3351 2116 3390 eorum

465 3419 820 3475 orationem.
857 3423 1000 3474 Cum
1043 3437 1176 3492 ergo
1216 3422 1472 3476 immism
1526 3422 1774 3478 fuissent
1815 3425 2009 3479 bestiae
2057 3424 2117 3479 in

466 3513 782 3580 martyres,
808 3509 944 3564 etin
977 3525 1079 3565 eos
1118 3509 1476 3577 insiliissent,
1511 3513 1676 3580 gravi
1720 3512 1956 3582 ﬂagello
1979 3511 2120 3568 inci-

466 3601 621 3666 tatae,
657 3612 872 3669 nempe
914 3597 1093 3662 fame,
1127 3605 1183 3654 et
1239 3615 1342 3654 eos
1391 3600 1584 3656 solum
1628 3602 2117 3667 momordissent,

465 3690 521 3741 et
551 3685 836 3741 bibissent
865 3687 1218 3755 sanguinem
1249 3689 1585 3760 (oportebat
1634 3690 1795 3746 enim
1846 3691 1923 3746 ad
1984 3691 2117 3746 effe-

466 3779 629 3830 ctum
660 3773 868 3830 deduci
909 3774 1142 3830 illorum
1175 3778 1424 3848 preces),
1458 3777 1876 3834 abstinuerunt
1907 3797 1934 3834 δ
1995 3796 2118 3834 cor-

467 3863 736 3935 poribus,
764 3869 900 3920 etea
930 3864 1093 3920 nullo
1126 3866 1307 3920 modo
1335 3867 1715 3922 devorarunt.
1747 3870 1893 3923 Nam
1926 3883 2120 3941 neque

467 3957 607 4008 tunc
633 3951 940 4021 negligens
971 3954 1328 4022 eratgratia,
1370 3971 1502 4027 quae
1536 3957 1698 4028 prius
1756 3957 1978 4013 Danieli
2014 3958 2121 4012 fre-

467 4041 631 4096 navit
661 4056 768 4096 ora
788 4042 1050 4105 leonum,
1083 4047 1138 4096 et
1171 4042 1251 4096 sic
1310 4043 1481 4097 breve
1534 4060 1644 4115 pro
1693 4043 1923 4100 Christo
1971 4061 2120 4101 mar.

469 4129 688 4200 tyrium
721 4130 1088 4200 pertulerunt
1121 4129 1366 4186 athleta}.
1403 4132 1482 4186 De
1513 4132 1656 4203 ipsis
1695 4139 1895 4188 autem
1939 4134 2122 4188 sacris

469 4217 821 4288 corporibus
852 4234 1006 4273 curae
1032 4218 1140 4274 fuit
1162 4218 1233 4273 iis
1270 4219 1374 4291 qui
1427 4235 1498 4274 ex
1547 4219 1658 4291 piis
1717 4227 1887 4276 erant
1941 4221 2122 4293 paulo

469 4305 877 4372 studiosiores,
907 4313 1054 4362 utea
1085 4307 1373 4374 tollerent,
1405 4309 1770 4381 psalmisque
1798 4315 1855 4365 et
1878 4311 2119 4382 hymnis

471 4394 823 4451 mandarent
852 4396 1186 4468 sepulturae.

540 4483 609 4538 X.
645 4484 745 4540 Die
776 4489 974 4541 autem
1035 4485 1304 4557 sequenti
1343 4501 1452 4557 pro
1487 4486 1800 4557 judiciario
1842 4487 2121 4545 tribunali

469 4574 796 4647 prmsidens
827 4579 1130 4646 tyrannus,
1154 4575 1475 4644 gloriosam
1504 4577 1890 4647 Euphemiam
1931 4579 2126 4635 educit

470 4677 502 4718 ο
530 4666 864 4718 carcere.Et
893 4669 1018 4719 erat
1047 4663 1292 4735 quidem
1315 4663 1446 4719 laeta
1480 4664 1664 4731 vultu,
1696 4667 1899 4722 animo
1922 4672 2119 4723 autem

473 4752 677 4807 laetior.
705 4752 1013 4808 Submisse
1041 4768 1178 4808 vero
1191 4753 1441 4809 canebat
1454 4755 1743 4810 accedens
1765 4755 1838 4811 ad
1859 4757 2118 4826 judicem

469 4841 597 4897 haec
636 4841 867 4897 cantica
927 4842 1205 4898 Davidica
1238 4860 1248 4896 :
1287 4865 1306 4892 ι
1372 4845 1435 4899 In
1494 4847 1592 4899 via
1644 4846 2121 4901 testimoniorum

471 4935 706 4986 tuorum
735 4929 1024 4985 delectata
1037 4946 1187 4998 sum,
1206 4936 1496 5003 tanquam
1510 4933 1568 4988 in
1583 4933 1863 4989 omnibus
1880 4934 2117 4990 divitiis.

471 5020 538 5074 In
573 5017 1098 5090 justificationibus
1124 5021 1233 5075 tuis
1266 5020 1621 5084 meditabor.
1655 5038 1775 5077 non
1809 5022 2124 5078 obliviscar

470 5107 615 5177 legis
646 5113 761 5164 tum
793 5109 834 5175 ³,
869 5129 898 5158 ››
930 5114 984 5165 et
1013 5125 1148 5180 quas
1177 5109 1460 5183 deinceps
1481 5117 1943 5182 consequuntur.
1982 5111 2122 5167 Dicit

469 5211 611 5267 ergo
650 5197 703 5252 ei
740 5201 1071 5270 tyrannus:
1115 5198 1427 5270 Quousque
1458 5204 1513 5254 te
1544 5199 1693 5254 adeo
1720 5198 1996 5256 afﬂictam
2030 5201 2124 5254 de-

472 5286 668 5356 spicis,
697 5287 914 5343 etdeos
948 5288 1192 5360 quidem
1233 5287 1507 5344 molestia
1539 5288 1750 5357 afﬁcis,
1818 5296 1873 5344 et
1926 5290 2121 5359 ipsum

471 5373 548 5430 ad
575 5373 724 5430 iram
760 5391 1049 5447 provocas
1079 5375 1494 5449 imperatorem
1524 5377 1551 5432 Ἰ
1592 5377 1707 5434 Fac
1743 5376 1968 5449 aliquid
2028 5394 2121 5434 sa-

544 5563 565 5596 ⁸
593 5560 741 5617 Psal.
773 5565 968 5629 cxviu,
1011 5566 1101 5629 15,
1140 5569 1224 5617 16.

2226 3155 2450 3211 ὀδόντων
2507 3160 2696 3232 θηρίων
2749 3157 2949 3228 ἔμελλον
2997 3159 3088 3219 τὰς
3145 3156 3306 3224 μύλας
3365 3156 3584 3225 συνθλᾷν
3630 3154 3829 3207 ἐκείνου

2225 3255 2316 3300 τοῦ
2367 3246 2600 3320 ἀσάρκου
2649 3252 2820 3317 θηρός.
2853 3245 2917 3298 ΑΟ
2965 3250 3049 3297 καὶ
3101 3243 3173 3298 δι’
3211 3246 3375 3316 εὐχῆς
3426 3246 3623 3314 θέμενοι
3657 3252 3834 3315 φωνῆς

2226 3341 2414 3395 ἤκουον
2465 3337 2739 3410 οὐρανόθεν
2786 3333 3102 3407 διασαφοῦς,
3157 3334 3420 3392 ἀκουστὴν
3473 3333 3640 3384 αὐτῶν
3693 3338 3833 3402 γενέ-

2229 3429 2352 3478 σθαι
2408 3430 2498 3483 τὴν
2558 3428 2788 3481 αἴτησιν.
2831 3425 2918 3485 Ὠς
2967 3421 3054 3476 οὖν
3103 3426 3169 3476 τά
3214 3426 3370 3496 θηρία
3413 3430 3517 3482 τοῖς
3569 3423 3832 3493 μάρτυσιν

2227 3513 2496 3585 ἕπαφείθη,
2581 3512 2826 3585 ἐφὴλλατό
2909 3531 2963 3564 τε
3047 3513 3240 3579 αὐτοῖς,
3320 3511 3524 3582 χαλεπῇ
3605 3513 3835 3581 μάστιγι

2227 3607 2610 3677 παρορμώμενα
2688 3610 2759 3670 τῷ
2835 3601 2986 3672 λιμῷ,
3049 3607 3140 3653 καὶ
3218 3597 3502 3652 ἐνδακόντα
3583 3603 3670 3650 καὶ
3743 3597 3834 3669 ἔμ-

2226 3697 2412 3744 πιόντα
2463 3700 2553 3742 τοῦ
2604 3692 2824 3762 αἳματος
2868 3697 3020 3761 μόνον
3065 3687 3195 3761 (ἔδει
3242 3693 3339 3763 γάρ
3385 3694 3479 3747 τὴν
3517 3687 3715 3740 ἐκείνων
3750 3687 3830 3739 εὐ-

2228 3785 2332 3851 χὴν
2403 3780 2472 3841 εἰς
2539 3784 2693 3854 πέρας
2767 3778 2942 3838 ἐλθεῖν)
2980 3797 2991 3808 ·
3051 3779 3344 3849 ἀπέσχοντο
3397 3787 3495 3829 τῶν
3551 3779 3828 3848 σωμάτων,

2228 3875 2316 3920 καὶ
2369 3865 2612 3940 οὐδαμῶς
2670 3868 2804 3919 αὐτά
2859 3867 3023 3940 βοράν
3077 3870 3264 3932 ἔθεντο,
3321 3865 3497 3938 ἠμέλει
3550 3868 3652 3938 γὰρ
3704 3861 3834 3916 οὐδὲ

2227 3965 2314 4008 νῦν
2365 3959 2393 4014 ἡ
2445 3959 2608 4027 χάρις
2652 3955 2680 4013 ἢ
2737 3964 2807 4024 τῷ
2859 3955 3045 4013 Δανιὴλ
3094 3960 3336 4028 πρότερον
3387 3951 3565 4006 δεινῶν
3617 3952 3832 4004 λεόντων

2233 4051 2469 4117 στόματα
2529 4043 2793 4115 ἑχαλίνου,
2854 4050 2943 4095 καὶ
3018 4043 3152 4095 οὕτω
3233 4046 3484 4112 σύντομον
3563 4045 3618 4092 τό
3699 4042 3830 4112 ὑπὲρ

2230 4142 2466 4208 Χριστοῦ
2525 4136 2806 4205 μαρτύριον
2881 4135 2929 4184 οἱ
2992 4131 3268 4205 ἀθλοφόροι
3346 4129 3646 4201 διήνεγκαν.
3706 4133 3837 4200 Περὶ

2230 4227 2403 4296 μέντοι
2480 4231 2578 4275 τῶν
2661 4224 2804 4294 ἱερῶν
2884 4223 3135 4292 σωμάτων
3217 4220 3383 4272 αὐτῶν
3443 4218 3657 4292 ἐμέλησε
3731 4226 3835 4269 τῶν

2233 4311 2452 4365 εὐσεϐῶν
2502 4319 2612 4371 τοῖς
2663 4307 3113 4384 σπουδαιοτέροις,
3148 4307 3414 4362 ἀνελέσθαι
3463 4327 3516 4361 τε
3565 4307 3698 4360 αὐτὰ
3741 4311 3836 4360 καὶ

2230 4401 2453 4473 ψαλμοῖς
2478 4405 2565 4452 καὶ
2596 4401 2770 4471 ὕμνοις
2798 4408 2930 4472 ταφῇ
2964 4395 3312 4470 παραδοῦναι.

2305 4489 2356 4544 Ι’.
2396 4490 2476 4550 Εἰς
2520 4493 2610 4546 τὴν
2656 4487 2903 4541 ἐπιοῦσαν
2952 4485 3011 4540 δὲ
3055 4495 3145 4539 τοῦ
3177 4483 3492 4540 δικαστικοῦ
3535 4485 3776 4559 βήματος
3807 4487 3834 4536 ὁ

2233 4582 2478 4653 τύραννος
2550 4579 2896 4649 προκαθίσας,
2953 4578 3068 4646 οἰγει
3143 4581 3234 4634 τὴν
3292 4575 3580 4627 καλλίνικον
3653 4574 3832 4645 Εὐφη-

2233 4673 2355 4740 μίαν
2404 4667 2458 4718 ἐκ
2508 4673 2596 4725 τῆς
2646 4667 2870 4737 εἱρκτῆς,
2916 4670 3002 4716 καὶ
3055 4661 3114 4722 ἧν
3165 4661 3365 4735 φαιδρὰ
3408 4667 3496 4736 μὲν
3548 4668 3639 4720 τὴν
3689 4661 3830 4732 ὄψιν,

2234 4753 2551 4830 φαιδροτέρα
2605 4752 2662 4805 δὲ
2719 4757 2811 4810 τὴν
2859 4753 3064 4825 ψυχὴν,
3117 4752 3374 4824 ύπέψαλλε
3425 4749 3484 4805 δε
3531 4756 3619 4804 καὶ
3670 4770 3836 4825 προσο

2237 4854 2390 4898 ιοῦσα
2431 4853 2502 4913 τῷ
2557 4841 2780 4914 δικαστῇ
2829 4845 2894 4894 τά
2955 4844 3204 4894 Δαυιτικά
3256 4847 3404 4894 ταυτὶ
3463 4843 3696 4913 ᾄσματου
3754 4840 3836 4894 Ἐν

2233 4942 2294 5005 τῇ
2352 4929 2456 5003 ὁδῷ
2500 4942 2596 4984 τῶν
2645 4937 2942 5004 μαρτυρίων
3002 4951 3096 4983 σου
3148 4930 3394 5004 ἐτέρφθην
3434 4934 3503 4993 ὡς
3550 4930 3632 4982 ἐπὶ
3683 4935 3837 4982 παντὶ

2233 5022 2454 5092 πλούτῳ.
2510 5023 2593 5074 Ἐν
2651 5029 2758 5082 τοῖς
2826 5019 3153 5091 δικαιώμασί
3231 5039 3324 5072 σου
3398 5020 3685 5091 μελετήσω,
3740 5019 3836 5070 οὐκ

2235 5111 2552 5181 ἐπιλήσομαῐ
2606 5118 2696 5162 τοῦ
2751 5115 2907 5177 μόνου
2966 5129 3082 5173 σου,
3139 5114 3227 5161 καὶ
3283 5111 3382 5161 ὅσα
3437 5112 3638 5168 τούτοις
3690 5107 3830 5170 ἑξῆς.

2234 5199 2364 5272 Ἔφη
2416 5197 2502 5252 οὖν
2550 5204 2678 5272 πρός
2734 5198 2892 5256 αὐτὴν
2946 5200 2972 5249 ό
3021 5201 3285 5271 τύραννος·
3324 5202 3500 5269 Μέχρι
3557 5202 3694 5258 τίνος
3745 5201 3835 5248 καὶ

2237 5294 2458 5347 σεαυτὴν
2532 5289 2666 5340 οὕτω
2739 5287 3172 5360 ταλαιπωροῦσαν
3225 5289 3501 5360 ὑπερορᾷς,
3562 5291 3649 5338 καὶ
3707 5289 3830 5347 τούς

2236 5380 2379 5438 θεοὺς
2432 5381 2520 5449 μὲν
2567 5377 2762 5442 λυπεῖς,
2815 5377 3147 5450 παροργίζεις
3188 5371 3248 5428 δε
3297 5381 3384 5427 καὶ
3438 5378 3523 5427 τὸν
3580 5374 3834 5445 αὐτοκρά-
