4096 6220
263 348 369 403 725

1442 334 1882 397 MARTYRIUM
1924 332 1988 393 S.
2040 336 2452 400 EUPHEMLE.

3527 344 3634 399 726

255 467 654 546 τόραςπρᾱξον
695 487 747 520 τι
802 470 1024 532 συνετὸν,
1085 471 1175 518 καὶ
1230 472 1340 528 τοῖς
1425 467 1557 526 θεοῖς
1617 463 1857 518 πείσθητι

1979 462 2223 532 pienter,
2247 470 2304 521 et
2329 467 2689 539 persuadere
2714 467 2827 523 diis
2867 467 3078 523 offerre
3111 468 3490 528 sacriﬁcium.
3526 469 3631 526 Illa

258 562 447 612 θυσίαν
502 563 878 632 προσενεγκεῖν.
933 555 991 608 Ἦ
1072 553 1150 619 δὲ,
1212 555 1413 627 Πρᾶξαί
1489 573 1542 605 τι
1626 555 1866 614 συνετὸν,

256 650 375 721 ἔφη,
418 651 723 721 προτρέπεις
753 648 908 717 ἡμᾶς,
942 645 980 695 ὦ
1032 641 1263 697 δικαστά
1296 661 1311 711 ;
1343 650 1431 695 καὶ
1482 647 1534 695 τί
1590 638 1642 695 δ’
1690 640 1749 692 ἂν
1786 659 1867 702 τις

255 741 598 810 συνετώτερον
682 732 941 807 δράσειεν,
1003 734 1032 791 ἡ
1095 738 1151 785 τό
1212 738 1282 805 μὴ
1340 733 1613 785 πείθεσθαι
1691 730 1868 791 λίθους

256 825 508 898 ἀψύχους
540 844 591 877 τε
644 829 729 875 καί
766 827 967 895 κωφούς
997 824 1243 893 ἡγεῖσθαι
1294 824 1439 883 θεούς
1472 836 1484 885 ;
1514 822 1687 892 ὥσπερ
1745 818 1870 870 τού-

251 920 459 967 ναντίον
507 917 564 965 τὸ
619 914 893 965 πείθεσθαι
952 910 1127 971 ἀνοίας
1176 910 1287 963 ἐστὶ
1334 913 1545 983 μεστὸν,
1600 913 1691 959 καὶ
1745 905 1869 963 οὐδὲ

251 1009 442 1077 μανίας
513 1002 789 1076 ἐλεύθερον.
866 1002 1169 1076 Ὀργισθεὶς
1222 1000 1304 1051 ἐπὶ
1357 1007 1466 1060 τοῖς
1548 999 1786 1072 ῥηθεῖσιν
1841 998 1866 1048 6

248 1098 522 1165 τύραννος,
630 1094 755 1164 πρὸς
850 1094 1147 1162 καινοτέραν
1267 1094 1509 1163 τρέπεται
1588 1091 1861 1160 τιμωρίαν

248 1183 394 1235 λίθοι
426 1178 486 1234 δι
535 1185 623 1232 καὶ
658 1177 882 1252 σίδηρος
913 1184 1006 1237 τὴν
1037 1181 1285 1236 τοιαύτην
1318 1177 1554 1250 βάσανον
1596 1172 1867 1228 διεσκεύα-

255 1274 366 1334 ζον,
404 1272 453 1322 οἱ
501 1272 590 1342 μεν
641 1278 739 1320 τῶν
790 1276 1152 1342 τιμωρητικών
1204 1266 1433 1342 ὁργάνων
1480 1266 1611 1316 κατά
1666 1283 1724 1334 γε
1779 1267 1867 1323 τὰς

249 1365 452 1432 γωνίας
500 1358 857 1431 ἐξηρτημένοι,
886 1359 911 1408 6
965 1354 1187 1429 σίδηρος
1232 1354 1291 1408 δὲ
1332 1364 1390 1427 τῇ
1444 1363 1542 1407 τῶν
1575 1354 1729 1405 λίθων
1772 1351 1867 1425 βίᾳ

250 1451 362 1502 ἄνω
440 1468 494 1500 τε
562 1453 652 1499 καὶ
704 1449 845 1498 κάτω
898 1454 1134 1517 συνεχῶς
1188 1450 1595 1519 περισπώμενος,
1647 1446 1866 1494 κατατέ-

250 1559 399 1607 μνειν
430 1538 565 1589 οὕτω
597 1542 683 1588 καὶ
742 1538 1057 1609 σπαράττειν
1090 1532 1202 1606 εἶχε
1243 1538 1300 1586 τό
1348 1543 1501 1605 σῶμα
1549 1540 1638 1592 τῆς
1668 1535 1864 1603 μάρτυ-

248 1647 362 1700 ρος.
399 1626 487 1687 Ὠς
517 1624 577 1678 δὲ
628 1630 717 1677 καὶ
746 1627 775 1683 ἡ
830 1624 1047 1686 κόλασις
1100 1624 1232 1680 αὕτη
1294 1623 1575 1697 παρείληφε
1617 1626 1708 1679 τὴν
1754 1640 1864 1691 γιν-

249 1724 424 1779 ναίαν,
485 1713 634 1768 οὐδὲν
709 1716 1031 1785 πάσχουσαν
1098 1720 1389 1784 γυναικεῖον
1446 1710 1565 1764 οὐδ’
1641 1710 1861 1781 ἀγεννὲς,

1980 558 2178 608 autem
2213 570 2224 608 :
2266 556 2512 625 Suades,
2546 557 2756 628 inquit,
2788 557 2982 623 nobis,
3016 572 3052 612 ο
3079 557 3287 628 judex,
3315 564 3377 613 ut
3407 558 3630 631 aliquid

1979 642 2271 713 sapienter
2308 644 2595 701 faciamus
2628 662 2640 701 :
2675 650 2732 701 et
2767 646 3049 717 quidnam
3084 646 3285 702 fecerit
3322 647 3629 719 quispiam

1979 733 2323 802 sapientius,
2348 750 2533 805 quam
2557 750 2678 789 non
2702 734 3068 806 persuaderi,
3095 739 3158 790 ut
3183 734 3416 806 lapides
3441 735 3630 792 inani-

1979 836 2110 875 mos
2140 826 2196 876 et
2226 824 2458 889 surdos,
2490 823 2635 879 deos
2674 824 2971 879 existimet
3000 824 3029 879 ?
3066 824 3377 896 quomodo
3422 829 3630 882 contra

1978 912 2345 983 persuaderi,
2384 914 2630 985 plenum
2680 920 2771 969 est
2804 914 3068 978 stultitia,
3118 920 3315 970 etnec
3370 912 3627 970 liberum

1976 1000 2218 1072 quidem
2278 1003 2356 1057 ab
2402 1003 2656 1059 insania.
2730 1003 2827 1059 His
2873 1003 3043 1059 dictis
3093 1003 3181 1058 ira
3233 1002 3494 1075 percitus
3539 1008 3628 1076 ty-

1976 1106 2221 1156 rannus,
2251 1092 2327 1145 ad
2351 1107 2575 1147 novum
2598 1093 2955 1148 convertitur
2971 1092 3355 1164 supplicium.
3378 1092 3628 1165 Lapides

1976 1185 2176 1234 autem
2208 1186 2263 1234 et
2293 1180 2511 1235 ferrum
2546 1184 2664 1237 tale
2687 1185 3054 1237 tormentum
3080 1182 3503 1238 instruxerunt.
3541 1182 3627 1239 Illi

1974 1269 2219 1341 quidem
2247 1286 2282 1325 a
2308 1276 2741 1327 tormentorum
2769 1272 3181 1328 instrumentis
3208 1273 3485 1344 suspensi
3516 1288 3628 1345 per

1975 1359 2250 1431 angulos,
2285 1360 2504 1415 ferrum
2535 1366 2738 1417 autem
2768 1361 3047 1417 violentia
3084 1360 3355 1433 lapidum
3398 1377 3626 1435 susque

1973 1448 2163 1519 deque
2216 1448 2452 1505 assidue
2508 1455 2849 1515 attractum,
2899 1452 2981 1505 sic
3033 1450 3376 1507 lacerabant
3405 1466 3625 1523 corpus

1973 1538 2238 1606 virginis.
2291 1538 2436 1593 Cum
2490 1544 2689 1594 autem
2752 1539 2833 1594 sic
2882 1539 3240 1595 cruciaretur
3278 1539 3465 1610 virgo,
3515 1555 3625 1595 nec

1975 1626 2260 1682 muliebre
2293 1626 2518 1699 aliquid
2550 1643 2670 1699 praa
2702 1644 2763 1683 se
2791 1627 2966 1684 ferret
3016 1633 3119 1684 aut
3166 1628 3474 1695 illiberale,
3518 1628 3625 1684 sed

1976 1715 2094 1771 Deo
2124 1718 2299 1771 etiam
2332 1725 2532 1785 ageret
2560 1717 2803 1787 gratias.
2836 1723 3076 1791 propter
3114 1733 3293 1789 quem
3327 1716 3450 1773 haec
3482 1717 3626 1773 fere-

252 1806 389 1859 ἀλλά
422 1812 510 1858 καὶ
557 1805 915 1876 ὁμολογοῦσαν
963 1806 1124 1875 χάριν
1167 1811 1236 1872 τῷ
1291 1799 1363 1855 δι’
1408 1804 1461 1855 ὃν
1511 1804 1648 1873 ἔφέρε
1698 1807 1857 1851 ταῦτα

1974 1805 2094 1870 bat,
2128 1806 2379 1863 defessae
2406 1807 2653 1878 quidem
2704 1811 2872 1863 erant
2915 1806 3186 1863 lictorum
3223 1823 3460 1873 manus,
3495 1823 3625 1862 ma-

256 1905 395 1966 Θεῷ,
440 1897 492 1947 αἱ
540 1898 628 1967 μὲν
685 1902 780 1946 τῶν
831 1889 1036 1964 δημίων
1086 1894 1273 1963 ἔκαμον
1322 1898 1497 1965 χεῖρες
1524 1899 1585 1963 τῇ
1642 1897 1859 1961 μηχανῇ

257 1989 379 2045 τοὺς
428 1984 602 2044 λίθους
661 1982 960 2046 ἐλκύουσαι,
1022 1983 1070 2033 οἱ
1126 1980 1261 2032 λίθοι
1317 1977 1374 2032 δὲ
1422 1979 1574 2031 πάλιν
1628 1977 1682 2030 ἔκ
1741 1976 1864 2050 βίας

253 2074 540 2144 ἑλκόμενοι,
604 2070 985 2145 συνετρίϐησάν
1033 2088 1087 2122 τε
1139 2075 1226 2121 καὶ
1282 2068 1352 2129 εἰς
1404 2070 1569 2140 μικρά
1626 2064 1862 2124 διελύθη-

255 2183 379 2215 σαν.
437 2161 495 2215 Ἡ
556 2158 614 2214 δί
668 2164 870 2234 μάρτυς
924 2159 1131 2219 ἀπαθὴς
1191 2158 1320 2220 ὅλως
1389 2156 1437 2209 ἰν
1505 2159 1709 2218 τούτοις
1775 2156 1864 2208 ἐω-

250 2258 408 2324 ρᾶτο.

324 2340 431 2394 IA’.
470 2337 605 2391 Ἀλλ’
654 2333 779 2390 οὐδὲ
809 2337 972 2399 οὕτως
1011 2338 1036 2389 ὁ
1070 2341 1299 2408 Πρίσκος
1342 2344 1432 2396 τῆς
1481 2335 1637 2407 ὀργῆς
1684 2337 1863 2408 κρείσ-

251 2448 360 2481 σων
415 2425 474 2487 ἧν
530 2432 621 2479 καὶ
673 2436 771 2478 τῶν
802 2426 1083 2490 κολάσεων,
1137 2422 1303 2478 δεινόν
1356 2428 1444 2496 μεν
1476 2421 1608 2477 εἶναι
1650 2428 1739 2475 καὶ
1778 2442 1860 2494 γει

244 2518 387 2571 λοίον
439 2519 741 2589 ἡγούμενος,
785 2515 827 2568 εἰ
877 2518 1119 2586 γυναικὸς
1171 2517 1337 2573 ἥττων
1390 2513 1591 2585 ὀφθείη.
1639 2514 1859 2584 Ἀγνοών

249 2603 311 2659 δε
346 2609 651 2679 παράφορος
682 2608 750 2666 ὡς
780 2604 907 2674 ούχὶ
952 2613 1024 2675 τῷ
1076 2603 1363 2677 βιάζεσθαι
1415 2606 1681 2677 κρείττων,
1733 2601 1860 2653 ἀλλά

244 2704 319 2766 τῷ
379 2700 449 2768 μὴ
499 2697 693 2748 πείθειν
770 2693 958 2765 μᾶλλον
1034 2693 1227 2765 ἑωρᾶτο
1293 2696 1633 2763 νενικημένος,
1684 2692 1857 2763 ὥσπερ

248 2785 549 2837 τούναντίον
584 2787 609 2843 ὂ
648 2786 848 2856 μάρτυς
896 2792 965 2855 τῷ
1012 2787 1082 2855 μὴ
1143 2790 1244 2834 τῶν
1295 2780 1539 2854 βασάνων
1571 2782 1856 2849 ἡττᾶσθαι,

244 2879 342 2931 τὴν
394 2878 539 2932 νίκην
618 2877 800 2946 ἤρατο.
884 2872 1207 2946 Προστάττει
1274 2878 1551 2941 τοιγαροῦν
1605 2873 1739 2921 κατά
1799 2874 1855 2921 τὸ

246 2970 341 3013 τοῦ
402 2959 625 3014 σταδίου
682 2966 1021 3032 μεσαίτατον,
1082 2961 1270 3012 λάκκον
1351 2960 1601 3032 ὀρυγῆναι
1672 2963 1853 3029 μέγαν,

244 3047 448 3112 ὕδατὸς
505 3070 557 3103 τε
617 3050 919 3109 πλησθῆναι
966 3054 1055 3101 καὶ
1104 3051 1262 3122 θηρία
1314 3052 1480 3120 τούτῳ
1536 3047 1856 3120 ἐμϐληθῆναι

245 3140 353 3191 ὅσα
401 3136 468 3197 δὴ
514 3138 811 3212 σαρκοϐόρα
870 3138 1111 3190 θάλασσα
1169 3141 1358 3212 τρέφει,
1394 3137 1487 3191 εἶθ’
1541 3139 1699 3198 οὕτως
1747 3140 1925 3201 ἐκέ-Ο

244 3228 363 3280 λευε
408 3235 510 3288 τοῖς
562 3231 965 3301 παρισταμένοις
1018 3228 1231 3297 ἀγαγεῖν
1281 3246 1334 3279 τε
1364 3230 1429 3289 ὡς
1484 3229 1648 3298 τάχος
1678 3231 1766 3278 καὶ
1806 3224 1854 3277 ἐν

246 3316 392 3387 αύτῷ
464 3318 697 3369 καθεῖναι
772 3321 865 3373 τὴν
941 3318 1203 3389 μάρτυρα,
1261 3314 1461 3388 βρῶσιν
1536 3316 1670 3368 ούτω
1746 3323 1855 3375 τοῖς

248 3406 457 3476 θηρίοις
512 3405 714 3476 ἕτοιμον
768 3404 1037 3476 ἐσομένην.
1068 3403 1155 3466 Ὠς
1187 3404 1273 3456 οὖν
1305 3406 1430 3475 ἔγνω
1477 3412 1630 3456 τοῦτο
1675 3406 1704 3461 ἠ
1753 3423 1856 3476 μα-

241 3498 407 3565 καρία
460 3493 772 3554 αὐτόκλητος
798 3499 1140 3566 παραστᾶσα,
1170 3490 1407 3554 ὠνείδιζέ
1450 3513 1504 3546 τι
1547 3497 1634 3546 τὸν
1671 3497 1856 3566 τύραν-

240 3601 326 3633 νον
369 3582 441 3653 ἐφ’
487 3583 561 3645 οἷς
609 3582 771 3643 οὕτως
817 3584 1086 3643 ἀνηνύτοις
1135 3581 1389 3655 ἐπεχείρει
1439 3586 1574 3634 κατά
1618 3592 1715 3635 τῶν
1763 3589 1853 3635 τοῦ

242 3680 479 3744 Χριστοῦ
529 3668 755 3735 δούλων,
801 3676 929 3743 μετά
973 3680 1065 3724 τοῦ
1114 3675 1276 3734 κακὸς
1320 3674 1593 3743 φαίνεσθαι
1646 3676 1735 3723 καὶ
1773 3675 1856 3742 γέ·

240 3762 386 3815 λωτα
448 3760 635 3833 ὄφλειν,
714 3758 826 3813 εἶτα
886 3764 979 3821 τὰς
1028 3770 1213 3836 χεῖρας
1268 3761 1333 3822 εἰς
1375 3761 1588 3834 ούρανόν
1655 3760 1851 3814 ἀνατεί-

241 3870 404 3917 νασα,
465 3856 554 3903 καὶ
627 3847 868 3924 δακρύων
925 3856 1046 3912 τούς
1100 3850 1394 3923 ὀφθαλμοὺς
1440 3850 1710 3910 πλήσασα,
1780 3854 1849 3902 T6

240 3948 348 4013 φῶς
405 3958 507 4011 μου
563 3940 749 4010 ἔλεγεν,
810 3940 1011 4004 Ἰησοῦ,
1066 3944 1123 3992 τὸ
1177 3943 1296 4011 ἐμὸν
1348 3943 1625 4011 καύχημα,
1668 3942 1697 3997 ἡ
1752 3942 1844 4012 ἐμὴ

240 4030 374 4091 ζωή,
412 4030 436 4080 ὁ
480 4036 575 4090 τῆς
623 4027 747 4100 ἐμῆς
800 4028 1070 4091 ἀσθενείας
1127 4028 1473 4103 ἔπίκουρος,ὁ
1533 4028 1579 4080 ἐν
1640 4028 1847 4101 ἀπόροις

240 4118 559 4189 εὐμήχανος,
613 4119 638 4169 6
693 4122 927 4189 γαστέρα
982 4122 1070 4189 μὲν
1125 4120 1277 4191 θηρός
1338 4114 1528 4182 δείξας,
1577 4118 1730 4170 καλὸν
1773 4125 1846 4187 τῷ

238 4207 392 4277 Ἰωνᾷ
447 4205 693 4278 θάλαμον,
771 4206 982 4258 λεόντων
1043 4204 1102 4258 δι
1177 4211 1410 4279 στόματα
1501 4211 1586 4259 τὸν
1658 4207 1847 4266 Δανιὴλ

241 4294 645 4368 δυσωπούμενα,
709 4297 865 4358 αύτός
911 4317 994 4368 με,
1029 4302 1281 4360 Δέσποτα,
1342 4305 1403 4370 τῇ
1465 4304 1708 4371 κραταιᾶ,
1757 4302 1846 4350 καὶ

236 4386 436 4458 ἀμάχῳ
498 4404 592 4438 σου
659 4382 809 4456 δεξιᾷ
882 4383 1171 4454 διάσωσον,
1229 4384 1384 4450 δόξης
1452 4391 1541 4458 μὲν
1600 4388 1845 4440 ὑπόθεσιν

234 4479 507 4548 γινομένην
562 4483 659 4526 τῶν
722 4473 1005 4547 σεϐομένων
1057 4479 1113 4527 τό
1171 4477 1360 4548 κράτος
1414 4495 1528 4540 σου,
1582 4476 1846 4547 αἰσχύνης
1877 4509 1923 4565 D

236 4561 297 4617 δι
327 4570 417 4615 καὶ
461 4561 678 4635 ἀτιμίας
712 4572 809 4614 τῶν
855 4562 1053 4615 ἀσεϐῶν
1104 4564 1406 4637 πληροῦσαν
1452 4568 1517 4616 τά
1566 4572 1840 4637 πρόσωπα.

237 4654 393 4705 Ούτω
478 4652 892 4725 προσευξαμένη,

235 4747 466 4812 σώματι,
527 4742 738 4799 ἐνήλατο
789 4750 861 4811 τῷ
914 4738 1075 4793 ὕδατι
1140 4742 1280 4813 μάλα
1335 4748 1589 4812 γενναίως,
1654 4746 1719 4794 τὰ
1782 4739 1841 4796 δε

966 4659 1051 4704 καὶ
1120 4659 1517 4727 σφραγισαμένη
1596 4654 1693 4724 ὅλῳ
1773 4662 1843 4724 τῷ

238 4832 401 4904 θηρία
451 4835 673 4902 προσῄει
726 4831 815 4901 μὶν
868 4829 1014 4891 εὐθὺς
1068 4834 1198 4900 μετά
1252 4830 1439 4891 πολλῆς
1490 4832 1603 4895 ’τῆς
1656 4833 1837 4904 ὁρμῆς.

231 4919 316 4978 Ὠς
350 4915 411 4970 δὲ
457 4924 545 4969 καὶ
598 4918 751 4989 ἐγγὺς
813 4927 903 4969 τοῦ
962 4927 1288 4993 μαρτυρικοὺ
1346 4923 1551 4992 χρωτὸς
1615 4924 1836 4989 γένοιτο,

231 5016 431 5083 τροφῆς
484 5007 612 5067 ὅλως
664 5006 1051 5070 ἐπελανθάνετο,
1112 5012 1200 5059 καὶ
1259 5004 1560 5082 δορυφόρων
1611 5006 1841 5067 ἀπεπλή-

232 5116 327 5170 ρου
373 5095 538 5158 τάξιν.
579 5100 679 5148 Καὶ
710 5093 1035 5147 ὑπολαϐόντα
1076 5099 1167 5153 τήν
1214 5098 1477 5169 μάρτυρα,
1509 5102 1687 5158 νώτοις
1736 5106 1841 5159 τοῖς

237 5186 434 5238 ἑαυτῶν
490 5184 697 5256 ἀνεῖχον
750 5185 903 5236 οἱονεὶ
935 5189 1177 5255 πρόνοιαν
1208 5185 1372 5246 αὐτῆς
1422 5188 1635 5256 ἔχοντα,
1669 5192 1741 5259 μή
1791 5208 1841 5239 τι

235 5279 327 5327 καὶ
353 5270 520 5325 δεινὸν
547 5275 807 5331 ὑποσταίη
836 5274 1255 5345 προσκαταϐᾶσα
1280 5282 1351 5344 τῷ
1375 5271 1555 5329 ὕδατι,

380 5361 389 5377 ρ
450 5360 461 5377 ε
586 5366 593 5376 .
757 5367 767 5379 ,
1115 5365 1125 5377 .
1310 5361 1322 5377 .
1415 5364 1426 5375 .
1544 5372 1561 5381 -
1666 5366 1675 5379 .

312 5369 408 5414 lB.
467 5368 509 5415 Ο
550 5358 607 5414 δε
668 5369 912 5436 Πρίσκος,
950 5361 1254 5433 συμϐάλλων
1304 5382 1350 5415 εν
1405 5382 1569 5433 εαυτῳ
1623 5384 1688 5416 τα
1744 5384 1836 5416 πα-

234 5448 478 5524 ραδόξως
535 5451 825 5522 τελούμενα,
888 5448 1193 5525 διηπορεῖτο
1246 5455 1334 5523 μὲν
1378 5458 1468 5504 καὶ
1529 5452 1840 5525 ἐθαύμαζεν.

236 5538 553 5610 Ἀναϐλέψαι
605 5536 663 5592 δι
721 5544 849 5613 πρὸς
906 5543 963 5591 τό
1018 5545 1204 5611 φέγγος
1270 5550 1360 5601 τῆς
1409 5540 1667 5607 ἀληθείας,
1754 5548 1843 5594 καὶ

240 5634 472 5681 συνεῖναι
526 5632 606 5691 τίς
662 5628 692 5685 ἡ
742 5636 842 5680 τῶν
888 5632 1165 5701 γινομένων
1225 5624 1449 5701 δύναμις
1496 5630 1599 5702 οὐχ
1643 5631 1745 5692 οἶός
1791 5651 1844 5684 τε

1972 1894 2149 1950 china
2198 1897 2495 1951 trahentes
2538 1896 2789 1967 lapides,
2824 1912 3032 1951 rursus
3062 1912 3198 1951 vero
3238 1896 3489 1967 lapides,
3518 1896 3623 1968 qui

1971 1984 2024 2039 vi
2056 1984 2462 2049 trahebantur,
2507 1985 2737 2041 contriti
2794 1989 2982 2050 erant,
3011 1988 3069 2040 et
3117 1986 3178 2041 in
3235 1985 3464 2041 minuta
3512 1985 3626 2041 fra-

1972 2077 2215 2144 gmenta
2234 2071 2523 2128 dissoluti.
2555 2076 2768 2145 Martyr
2790 2079 2990 2130 autem
3011 2073 3073 2128 in
3102 2074 3195 2129 his
3224 2073 3474 2130 omnino
3504 2088 3624 2129 cer-

1971 2161 2226 2218 nebatur
2250 2162 2454 2217 illmsa.

2040 2340 2139 2395 XI.
2178 2340 2287 2397 Sed
2331 2354 2405 2395 ne
2433 2339 2518 2395 sic
2566 2341 2807 2412 quidem
2857 2339 3090 2397 Priscus
3119 2340 3267 2396 iram
3311 2340 3537 2396 remisit
3566 2344 3624 2397 et

1970 2429 2282 2502 supplicia,
2317 2444 2495 2498 grave
2525 2430 2769 2502 quidem
2796 2446 2924 2487 esse
2963 2430 3262 2485 arbitrans
3314 2435 3371 2485 et
3408 2429 3625 2485 ridicu-

1969 2516 2111 2583 lum,
2138 2518 2185 2571 si
2214 2518 2510 2573 videretur
2531 2520 2799 2589 superari
2824 2535 2858 2574 a
2889 2517 3133 2574 femina.
3170 2518 3281 2575 Sed
3303 2518 3624 2587 ignorabat

1967 2606 2237 2672 stolidus,
2269 2608 2431 2678 quod
2462 2623 2581 2662 non
2612 2624 2677 2662 eo
2711 2607 2865 2680 quod
2892 2606 3008 2662 vim
3038 2605 3293 2671 afferret,
3322 2608 3617 2679 superior,

1966 2697 2069 2751 sed
2099 2712 2169 2751 eo
2200 2696 2364 2768 quod
2386 2711 2506 2751 non
2542 2696 2932 2767 persuaderet,
2984 2698 3173 2751 victus
3212 2695 3410 2767 potius
3459 2695 3617 2751 vide-

1964 2791 2140 2842 retur.
2169 2785 2340 2840 Jubet
2381 2800 2522 2854 ergo
2554 2785 2611 2840 in
2665 2785 2862 2841 medio
2892 2785 3084 2840 stadio
3113 2783 3296 2840 eﬂodi
3332 2800 3617 2853 magnam

1964 2876 2307 2934 cisternam.
2338 2890 2498 2948 aqua
2536 2879 2736 2930 autem
2760 2873 3013 2946 impleri,
3063 2877 3119 2929 et
3167 2873 3227 2928 in
3262 2888 3395 2929 eam
3429 2872 3617 2944 injici,

1963 2980 2335 3037 qurecunque
2353 2963 2685 3020 animantia
2706 2962 3016 3019 carnivora
3041 2962 3148 3019 alit
3174 2978 3358 3017 mare.
3398 2962 3619 3018 Deinde

1957 3054 2137 3125 jussit
2162 3054 2229 3108 iis
2259 3053 2361 3125 qui
2399 3053 2667 3116 aderant,
2712 3059 2774 3106 ut
2804 3057 3126 3123 martyrem
3159 3050 3617 3123 quamprimum

1963 3142 2347 3206 adducerent,
2380 3148 2435 3197 et
2464 3142 2522 3197 in
2553 3157 2684 3197 eam
2723 3140 3050 3212 injicerent,
3093 3141 3176 3197 sic
3220 3140 3492 3211 protinus
3516 3154 3620 3195 ex-

1963 3232 2261 3288 edendam
2292 3247 2328 3287 a
2365 3230 2587 3286 bestiis.
2630 3231 2952 3303 Postquam
3000 3244 3141 3298 ergo
3186 3229 3467 3299 cognovit
3503 3228 3619 3285 hoc

1962 3322 2153 3387 beata,
2196 3336 2308 3375 sua
2356 3325 2567 3391 sponte
2612 3326 2837 3384 astans,
2888 3318 3291 3391 exprobrabat
3336 3323 3615 3390 tyranno,

1904 3474 1909 3481 ,
1963 3410 2126 3483 quod
2162 3426 2255 3465 res
2281 3408 2704 3481 aggrederetur
2743 3409 2895 3464 adeo
2943 3407 3280 3464 inefﬁcaces
3327 3407 3615 3463 adversus

1964 3500 2169 3556 Christi
2220 3514 2423 3554 servos
2469 3500 2574 3553 :et
2612 3497 2773 3568 quod
2835 3497 3131 3552 videretur
3176 3496 3512 3568 improbus,
3562 3502 3618 3553 et

1962 3588 2280 3645 haberetur
2311 3586 2586 3643 ludibrio.
2624 3586 2842 3642 Deinde
2882 3604 3009 3641 cum
3052 3602 3266 3641 manus
3296 3588 3355 3642 in
3399 3586 3614 3642 coelum

1964 3678 2318 3741 sustulisset,
2363 3682 2419 3732 et
2471 3675 2678 3732 oculos
2742 3676 3052 3747 implesset
3100 3675 3381 3747 lacrymis
3426 3691 3438 3730 :
3489 3674 3613 3729 Lux

1962 3783 2118 3833 mea,
2152 3765 2317 3830 dixit,
2351 3766 2509 3831 Jesu,
2547 3780 2680 3820 mea
2710 3764 3000 3835 gloriatio,
3045 3779 3179 3818 mea
3209 3764 3348 3827 vita,
3381 3762 3616 3833 adjutor

1960 3872 2110 3912 meas
2150 3854 2590 3918 imbecillitatis,
2640 3852 2742 3926 qui
2797 3853 2856 3907 in
2896 3852 3077 3907 rebus
3132 3850 3331 3907 dubiis
3375 3849 3613 3906 facilem

1958 3946 2180 4000 exitum
2237 3941 2469 3998 invenis
2525 3958 2537 3997 :
2600 3941 2705 4013 qui
2762 3940 2974 3996 bellua;
3023 3939 3265 4013 quidem
3325 3942 3610 4005 ventrem,

1955 4036 2119 4090 Jonas
2152 4031 2467 4104 pulchrum
2514 4029 2700 4087 fecisti
2734 4030 3089 4093 thalamum,
3139 4028 3381 4084 leonum
3413 4033 3612 4083 autem

1956 4139 2064 4179 ora
2092 4121 2343 4178 revereri
2387 4120 2709 4189 Danielem,
2765 4124 2827 4175 tu
2860 4134 2979 4185 me,
3031 4119 3298 4183 Domine,
3335 4117 3527 4173 valida
3558 4121 3614 4174 et

1954 4210 2173 4269 invicta
2201 4215 2302 4266 tua
2333 4225 2622 4265 conserva
2648 4209 2909 4275 dextera,
2945 4213 3007 4263 ut
3028 4207 3140 4263 sim
3172 4206 3417 4279 quidem
3440 4223 3614 4278 argu-

1956 4304 2225 4356 mentum
2259 4298 2458 4368 glorite
2490 4298 2578 4362 iis,
2613 4297 2716 4369 qui
2766 4301 2934 4353 tuam
2990 4300 3197 4351 colunt
3230 4295 3558 4367 potentiam
3596 4314 3608 4345 :

1954 4390 2155 4445 vultus
2182 4394 2376 4443 autem
2395 4387 2741 4457 impiorum,
2759 4384 3049 4440 dedecore
3066 4384 3348 4453 impleam
3378 4388 3432 4439 et
3450 4384 3614 4456 igno-

1956 4479 2158 4533 minia.
2193 4479 2340 4533 Cum
2381 4476 2462 4530 sic
2493 4481 2730 4547 precata
2759 4478 2931 4540 esset,
2966 4478 3019 4528 et
3052 4488 3114 4527 se
3164 4476 3286 4527 toto
3319 4473 3613 4542 signasset

1954 4566 2298 4639 corpore,in
2330 4581 2551 4637 aquam
2584 4562 2717 4619 forti
2750 4569 2803 4618 et
2826 4578 3118 4632 generoso
3135 4564 3335 4617 animo
3364 4560 3608 4618 insiluit.

1954 4656 2161 4711 Bestiae
2175 4660 2372 4711 autem
2404 4652 2675 4725 protinus
2694 4651 2935 4724 quidem
2958 4667 3096 4706 cum
3132 4665 3353 4719 magno
3382 4650 3613 4723 impetu

1951 4749 2372 4809 accesserunt;
2407 4747 2725 4815 postquam
2761 4756 2902 4797 vero
2930 4740 3365 4812 fueruntpropc
3396 4755 3613 4811 corpus

1953 4833 2249 4905 martyris,
2283 4833 2401 4888 cibi
2433 4832 2684 4887 omnino
2718 4835 2856 4885 sunt
2886 4829 3105 4894 oblita,
3141 4834 3195 4884 et
3228 4830 3438 4883 functae
3474 4834 3613 4885 sunt

1952 4938 2195 4978 munere
2228 4921 2552 4977 satellitum
2583 4938 2595 4974 ε
2629 4925 2685 4975 et
2716 4923 3033 4990 martyrem
3064 4917 3443 4990 excipientes,
3477 4932 3612 4972 eam

1949 5014 2145 5070 dorsis
2176 5012 2304 5067 suis
2338 5010 2739 5074 sustinebant,
2768 5008 3013 5081 perinde
3052 5024 3121 5064 ac
3168 5007 3216 5062 si
3249 5009 3373 5080 ejus
3404 5022 3611 5061 curam

1949 5107 2241 5174 gererent,
2280 5117 2355 5157 ne
2382 5100 2529 5173 quid
2560 5100 2613 5156 ei
2662 5114 2841 5171 grave
2893 5096 3153 5153 eveniret
3183 5098 3239 5152 in
3269 5112 3487 5168 aquam
3517 5095 3616 5151 de-

1951 5190 2280 5247 scendenti.

2027 5366 2134 5421 Xll.
2170 5364 2402 5420 Priscus
2441 5366 2643 5420 autem
2679 5364 2838 5436 apud
2869 5379 2929 5418 se
2969 5362 3314 5434 conjiciens,
3343 5378 3478 5436 quae
3508 5362 3618 5419 ﬁe-

1955 5454 2096 5510 bant
2127 5453 2577 5518 admirabiliter,
2611 5459 2736 5508 erat
2764 5451 3012 5525 quidem
3049 5451 3233 5507 animi
3270 5452 3516 5515 dubius,
3556 5459 3614 5509 et

1957 5542 2376 5600 admirabatur
2407 5558 2420 5597 :
2446 5557 2583 5597 cum
2612 5541 2876 5613 aspicere
2904 5546 3104 5596 autem
3137 5540 3214 5596 ad
3244 5540 3438 5596 lucem
3472 5540 3617 5596 veri-

1960 5632 2117 5697 tatis,
2143 5641 2199 5687 et
2224 5629 2545 5702 intelligere
2567 5645 2848 5704 quasnam
2870 5633 3025 5686 esset
3049 5645 3255 5685 eorum
3281 5644 3415 5702 quae
3440 5629 3611 5695 ﬁunt,
