4096 6220
573 303 679 359 727

1880 288 2138 347 ΜΕΝὸἰὸ
2175 287 2453 344 SEPTEM
2463 288 2631 347 BER.
3823 286 3912 343 728

576 429 786 492 virtus,
828 439 948 480 non
984 425 1209 494 posset,
1256 420 1560 475 undenam
1599 421 1712 475 hoc
1756 424 1929 480 esset.
1980 415 2228 485 rogabat

2341 414 2427 479 ὢν,
2462 418 2612 468 πόθεν
2665 418 2726 468 οἶν
2775 419 2850 474 εἴη
2901 421 3052 467 τοῦτο
3097 415 3221 487 πρὸς
3271 415 3356 464 τόν
3409 410 3737 464 Ἀπελλιανόν
3781 409 3914 464 ἱπνν-

579 514 980 587 Apellianum.
1041 513 1182 565 Ecce
1245 510 1426 574 enim,
1487 511 1552 562 ut
1612 508 1797 574 vides,
1845 513 1901 563 et
1945 505 2117 574 ignis,
2178 511 2233 557 et

575 607 787 678 plagae,
822 608 877 656 et
910 607 1072 662 rotae,
1102 604 1158 652 et
1175 597 1396 660 bestias,
1423 597 1500 652 ab
1532 613 1653 651 una
1678 596 1896 651 femina
1916 595 2068 649 victa
2095 598 2231 645 sunt

579 694 811 749 omnia.
842 690 940 744 Ille
990 694 1188 743 autem
1222 686 1391 758 (quid
1437 687 1596 741 enim
1629 686 1791 739 aliud
1835 683 2232 738 existimasset

581 781 828 837 scelesta
859 779 1081 841 anima,
1118 783 1173 830 et
1202 775 1279 830 ad
1310 774 1574 830 divinam
1615 773 1807 829 lucem
1838 772 2017 843 plane
2049 786 2233 824 caecu-

581 873 732 926 tiens
762 867 790 924 7
821 865 1161 939 (praestigiis
1175 864 1470 918 etartibus
1489 863 1733 931 magicis
1759 859 2088 916 ascribebat
2107 857 2234 912 uni-

580 975 843 1022 versum,
889 962 945 1012 et
971 971 1105 1010 eam
1158 953 1242 1008 sic
1272 952 1508 1007 dicebat
1565 951 1816 1016 efﬁcere,
1867 956 1927 1005 ut
1958 953 2111 1005 esset
2142 963 2234 1000 su--

579 1048 798 1120 perior.
829 1047 931 1101 Cui
957 1042 1298 1116 proconsul,
1325 1041 1570 1112 perinde
1593 1057 1662 1096 ac
1693 1040 1906 1096 mentis
1938 1036 2234 1109 profunda

579 1141 920 1209 penetrans,
954 1139 1009 1189 et
1037 1133 1304 1187 altiorem
1338 1132 1630 1185 inducens
1660 1127 2182 1199 interrogationem
2219 1142 2231 1178 :

580 1229 694 1281 Cur
724 1229 941 1285 autem,
1005 1220 1213 1293 inquit,
1245 1235 1364 1273 non
1425 1218 1525 1272 ulti
1588 1222 1723 1271 sunt
1754 1233 1888 1272 eam
1941 1215 2044 1282 dii,
2098 1229 2233 1268 cum

578 1314 770 1369 malos
818 1311 956 1366 odio
1014 1311 1278 1365 habeant
1333 1307 1360 1362 ‘I
1394 1308 1490 1362 llle
1535 1323 1668 1361 vero
1703 1323 1838 1360 cum
1870 1320 1992 1360 non
2037 1306 2236 1374 posset

579 1419 782 1458 veram
798 1400 1044 1455 reddere
1060 1400 1373 1461 rationem,
1401 1395 1866 1450 imbecillitatem
1882 1391 2236 1448 nominabat

581 1490 1004 1558 benignitatem
1062 1503 1074 1541 :
1124 1489 1269 1542 Cum
1329 1484 1469 1547 sint,
1527 1483 1739 1554 inquit,
1784 1482 2126 1545 clementes,
2183 1477 2230 1534 ei

583 1582 984 1651 pepercerunt.
1014 1576 1249 1630 Interim
1273 1580 1518 1644 martyr,
1550 1589 1685 1627 cum
1719 1573 1946 1640 integra
1975 1574 2033 1624 et
2049 1569 2235 1623 illaesa

580 1667 917 1723 emersisset
961 1682 1032 1719 ex
1077 1680 1256 1735 aqua,
1317 1662 1646 1717 videntibus
1695 1660 1997 1723 omnibus,
2057 1658 2234 1712 astitit

2344 507 2538 557 θάνετο.
2572 502 2712 559 Ἰδοὺ
2755 508 2876 579 γὰρ,
2911 507 2980 565 ὡς
3021 506 3163 575 όρᾴς,
3197 508 3286 554 καὶ
3317 510 3442 575 πῦρ,
3473 507 3565 553 καὶ
3596 501 3804 571 πληγαὶ.
3832 506 3907 552 καὶ

2340 599 2548 665 τροχοὶ,
2607 599 2692 646 xui
2755 597 2932 667 θηρία,
2973 600 3093 664 μιᾶς
3143 596 3387 662 γυναικός
3442 595 3700 650 ἣττηνται
3749 591 3913 644 πάντα.

2339 683 2396 735 Ὀ
2455 681 2512 736 δὲ
2567 688 2677 752 (καὶ
2728 689 2776 736 τί
2827 686 2929 754 γὰρ
2979 682 3118 742 ἄλλο,
3153 681 3308 752 ψυχὴ
3367 683 3535 752 μιαρὰ
3585 683 3828 750 καὶπρὸς
3870 685 3914 730 τὸ

2345 774 2474 824 θεῖον
2522 773 2896 843 τυφλώττουσα
2976 779 3078 842 φῶς
3150 768 3396 822 ὑπέλαϐεν
3454 770 3519 820 ἄν
3555 769 3624 840 ;)
3683 774 3914 838 γοητείαις

2343 857 2528 914 ἐδίδου
2582 866 2640 914 τό
2689 869 2808 927 πᾶν,
2855 866 2942 912 καὶ
2982 861 3137 919 οὑτως
3176 859 3337 930 ἔλεγεν
3386 858 3520 930 αὑτῇ
3586 860 3912 929 περιγίνεσθαι

2343 954 2408 1002 τὰ
2490 953 2625 1002 κατὰ
2678 957 2889 1022 γνώμην
2960 947 3149 1003 ἀνύειν.
3204 951 3335 1019 Πρός
3392 949 3443 999 ὃν
3525 948 3552 998 ό
3635 943 3912 1008 ἀνθύπατος,

2344 1041 2515 1111 ὥσπερ
2557 1041 2627 1100 εἰς
2670 1047 2784 1091 νοῦν
2840 1038 3054 1111 βάπτων
3104 1043 3194 1089 καὶ
3243 1035 3536 1109 βαθυτέρας
3593 1040 3767 1109 φρενός
3815 1034 3914 1087 ἔπα-

2343 1149 2444 1199 γων
2476 1127 2804 1201 ἐρωτήματα,
2854 1133 2916 1180 Τί
2949 1124 3008 1179 δε
3041 1131 3111 1198 μὴ
3163 1126 3423 1197 ἠμύναντο
3483 1127 3684 1181 ταύτην
3723 1127 3769 1176 οἱ
3814 1126 3914 1186 Θεοί,

2346 1221 2456 1289 ἔφη.
2521 1222 2867 1289 μισοπόνηροι
2912 1221 3049 1278 ὄντες
3082 1233 3095 1280 ;
3129 1220 3229 1268 Καὶ
3276 1217 3327 1275 ὃς
3379 1214 3473 1267 ούκ
3520 1217 3662 1285 ἔχων
3709 1213 3800 1265 ἀπό
3840 1221 3912 1274 τῆς

2347 1306 2588 1368 ἀληθείας
2639 1307 2814 1370 εἰπεῖν,
2872 1305 3258 1377 φιλανθρωπίαν
3309 1304 3548 1375 ὠνόμαζε
3601 1309 3694 1360 τὴν
3786 1301 3911 1353 ἀσθέ-

2344 1416 2499 1459 νειαν,
2563 1396 2795 1466 Εὑμενείς
2850 1398 3004 1458 ὄντες,
3037 1394 3215 1464 λέγων,
3259 1392 3531 1465 ἐφείσαντο
3581 1395 3789 1453 ταύτης.
3851 1393 3910 1444 Ἐν

2346 1487 2509 1556 τούτῳ
2564 1481 2621 1536 δὲ
2678 1487 2707 1542 ἡ
2742 1486 2964 1558 μάρτυς,
3017 1481 3243 1542 ἀϐλαϐὴς
3287 1490 3379 1534 τοῦ
3438 1478 3633 1542 ὕδατος
3685 1478 3912 1542 ἀναδύσει,

2343 1577 2542 1625 πάντων
2612 1573 2861 1644 ὁρώντων,
2908 1575 3142 1643 παρέστη
3199 1580 3270 1640 τῷ
3323 1570 3628 1640 ἁνθυπάτῳ’
3689 1575 3771 1622 καὶ
3825 1568 3911 1638 ἅμα

2344 1666 2466 1734 πρὸς
2521 1661 2769 1722 ἀλλήλους
2821 1663 2870 1712 οἱ
2925 1665 3164 1732 τύραννοι
3211 1659 3305 1711 οὑκ
3353 1659 3402 1711 έν
3456 1657 3909 1732 παραϐύστῳ,ἀλλ’

582 1773 782 1811 coram
828 1753 1203 1827 proconsule.
1235 1751 1488 1822 Tyranni
1537 1756 1736 1805 autem
1771 1747 1948 1802 simul
1993 1748 2142 1802 inter
2172 1762 2228 1800 se

2344 1750 2390 1802 ἐν
2420 1760 2490 1821 τῷ
2541 1757 2789 1823 προφανεί
2845 1749 3153 1819 διελέγοντο,
3197 1758 3267 1819 τῷ
3298 1755 3387 1801 καὶ
3436 1754 3564 1810 τούς
3612 1756 3912 1822 παρεστῶτας

579 1845 973 1907 disserebant,
997 1859 1116 1898 nou
1146 1842 1204 1896 in
1223 1840 1472 1901 occulto,
1511 1839 1613 1893 sed
1641 1839 1844 1910 palam
1880 1855 1892 1892 :
1925 1838 2007 1892 ita
2038 1841 2098 1891 ut
2130 1836 2231 1906 qui

557 1935 847 1997 -aderant,
886 1933 1182 1996 audirent,
1231 1937 1286 1985 et
1335 1928 1560 2000 aliquid
1610 1927 2017 1982 lucrifacerent
2061 1941 2130 1979 ex
2162 1923 2232 1978 iis

567 2039 710 2094 quae
741 2022 1110 2085 dicebantur,
1130 2035 1271 2073 suos
1289 2018 1433 2072 deos
1463 2025 1566 2072 aut
1586 2018 1886 2070 daemones
1903 2013 2228 2068 defenden-

580 2115 688 2175 tes,
720 2117 774 2165 et
809 2109 1132 2179 praestigias
1177 2112 1231 2162 et
1263 2113 1449 2161 artem
1494 2106 1789 2173 magicam
1824 2102 2230 2158 attribuebant

579 2199 838 2268 martyri,
873 2204 925 2251 et
954 2213 1019 2250 ea
1063 2196 1344 2250 dicebant
1388 2195 1580 2264 ipsam
1627 2208 1818 2265 aquas
1887 2206 2225 2261 superasse.

579 2291 821 2357 Propter
863 2286 986 2340 haec
1031 2302 1168 2339 cum
1234 2284 1461 2338 Priscus
1520 2281 1697 2336 simul
1749 2298 1883 2335 cum
1931 2294 2228 2335 assessore

581 2374 856 2446 perplexo
883 2380 1081 2428 essent
1108 2373 1328 2436 animo,
1353 2376 1409 2426 et
1435 2370 1732 2426 nescirent
1754 2370 2044 2441 quidnam
2077 2369 2230 2423 face-

579 2470 708 2519 rent
738 2463 1015 2532 amplius,
1063 2467 1351 2532 tanquam
1383 2462 1441 2516 in
1491 2459 1805 2516 consilium
1848 2475 2023 2513 suam
2063 2458 2230 2512 adhi-

578 2552 786 2608 bentes
817 2553 1127 2616 saevitiam,
1164 2550 1238 2605 ad
1268 2551 1638 2622 puniendum
1665 2564 1871 2603 rursus
1918 2563 1978 2601 se
2022 2553 2227 2601 contu-

579 2641 791 2696 lerunt.
826 2639 977 2705 Quid
1006 2640 1163 2694 enim
1182 2645 1426 2710 possent
1448 2637 1834 2708 aliudfacere,
1856 2653 1990 2691 cum
2024 2643 2222 2690 essent

576 2728 849 2802 discipuli
876 2729 1024 2800 ejus,
1056 2730 1158 2801 qui
1215 2728 1323 2783 fuit
1353 2727 1658 2783 homicida
1697 2727 1775 2781 ab
1823 2726 1988 2780 initio
2022 2728 2040 2759 ³
2084 2726 2111 2780 ‘I
2144 2725 2226 2777 llli

577 2834 718 2889 ergo
765 2835 970 2874 rursus
1013 2817 1463 2888 exsculpserunt
1504 2815 1756 2887 lapides,
1813 2821 1868 2868 et
1907 2814 2226 2869 effecerunt

578 2913 786 2963 acutos
819 2908 1154 2977 ferreosque
1194 2905 1507 2969 obeliscos,
1537 2910 1593 2958 et
1635 2920 1828 2957 serras
1879 2909 2016 2957 sunt
2045 2902 2228 2956 fabri-

576 2997 736 3052 cati:
783 2996 1001 3049 deinde
1046 2996 1357 3063 jusserunt
1408 2995 1583 3047 etiam
1617 2990 1738 3046 fodi
1791 2991 2037 3054 fossam,
2090 3006 2225 3060 quae

2344 1840 2565 1902 ἀκούειν,
2626 1844 2711 1891 καὶ
2759 1835 3190 1912 παρακερδαίνειν
3249 1859 3300 1889 τι
3347 1846 3447 1890 τῶν
3510 1838 3806 1910 λεγομένων,
3853 1835 3908 1907 ἐφ’

2342 1931 2413 1990 οἷς
2466 1932 2590 2002 ὑπὲρ
2639 1938 2738 1980 τῶν
2787 1929 2986 1980 οἰκείων
3043 1930 3165 1980 θεῶν
3226 1931 3256 1986 ἤ
3305 1923 3572 1998 δαιμόνων
3661 1925 3910 1994 ἀπολογού-

2339 2038 2479 2090 μενοι
2526 2022 2767 2089 γοητείαν
2828 2026 2886 2090 τῇ
2958 2021 3185 2090 μάρτυρι
3260 2025 3575 2088 περιῆπτον·
3633 2021 3718 2066 καὶ
3773 2018 3904 2083 ταύτῃ

2338 2109 2505 2177 ἔλεγον
2582 2115 2844 2180 κρατῆσαι
2922 2111 3011 2157 καὶ
3059 2115 3155 2157 τῶν
3207 2102 3438 2162 ὑδάτων,
3493 2106 3611 2158 Ἐπὶ
3662 2107 3846 2163 τούτοις
3887 2102 3904 2151 ό

2342 2203 2566 2269 Πρίσκος
2618 2196 2728 2266 οἶμα
2787 2204 2855 2264 τῷ
2918 2190 3272 2267 συμπαρέδρῳ
3341 2191 3762 2267 διαπορούμενοι,
3834 2195 3902 2240 καὶ

2338 2291 2408 2358 μὴ
2465 2289 2672 2356 ἔχοντες
2724 2288 2843 2357 ὅπερ
2890 2284 2948 2334 ἂν
2996 2281 3242 2357 δράσωσι
3293 2283 3462 2344 πλέον,
3501 2280 3784 2355 σύμϐουλον
3826 2281 3905 2329 ὦσε

2337 2395 2428 2446 περ
2479 2380 2571 2432 τὴν
2635 2375 2826 2426 οἰκείαν
2874 2372 3257 2447 παραλαϐόντες
3323 2373 3595 2445 ὠμότητα,
3649 2376 3733 2422 καὶ
3786 2364 3902 2424 αὖθις

2336 2469 2461 2537 πρὸς
2509 2469 2566 2515 τό
2615 2463 2849 2522 κολάζειν
2905 2463 3158 2535 ἐχώρουν,
3211 2468 3310 2515 Kui
3367 2467 3418 2513 τί
3468 2464 3575 2534 γὰρ
3619 2460 3736 2512 ἄλλο
3786 2458 3901 2527 εἶχον

2336 2561 2519 2615 ποιεῖν,
2575 2555 2810 2624 μαθηταὶ
2861 2560 2949 2604 τοῦ
2998 2550 3050 2613 ἐξ
3094 2550 3264 2622 ἀρχῆς
3322 2549 3743 2623 ἀνθρωποκτόνου
3794 2564 3899 2614 τυγ-

2335 2646 2582 2713 χάνοντες
2609 2658 2621 2707 ;
2658 2644 2810 2694 Λίθοι
2840 2637 2927 2692 οὖν
2958 2641 3110 2692 πάλιν
3139 2640 3310 2700 αὐτοῖς
3337 2641 3405 2702 εἰς
3459 2640 3555 2703 ὂξὺ
3589 2636 3896 2710 διεγλύφοντο,

2337 2730 2595 2782 ὀϐελίσκοι
2639 2750 2692 2782 τε
2747 2727 2971 2800 σιδήρου
3021 2734 3110 2781 xui
3161 2735 3367 2802 πρίονες
3427 2728 3783 2800 ὶχαλκεύοντο,
3812 2718 3896 2774 εἶτα

2334 2826 2422 2870 καὶ
2463 2817 2654 2891 βόθρον
2712 2818 2964 2892 ὀρυγῆναι
3013 2815 3375 2880 διεκελεύοντο,
3431 2820 3489 2880 ὃς
3545 2816 3733 2890 ἔμελλεν
3783 2807 3896 2864 ἔνδον

2335 2913 2450 2968 τούς
2504 2907 2635 2970 ὀξεῖς
2690 2913 2900 2968 τούτους
2947 2907 3124 2967 λίθους
3180 2913 3268 2958 καὶ
3322 2906 3625 2967 ὀϐελίσκους
3662 2910 3742 2956 xui
3783 2904 3894 2973 πρίοο

2333 3018 2423 3057 νας
2476 2996 2680 3067 ἀφανεῖς
2738 2999 2877 3066 ἔχειν
2938 2997 3320 3067 ἐμπεπηγότας,
3376 2995 3565 3068 ὀλίγης
3619 2995 3748 3063 αὐτῷ
3819 2997 3896 3059 γῆς

588 3090 797 3138 acutos
825 3083 937 3137 hos
983 3082 1213 3151 lapides
1244 3087 1298 3134 et
1332 3080 1630 3134 obeliscos
1676 3085 1730 3134 et
1773 3078 2224 3134 serraslatentes

2339 3087 2677 3156 ἐπιχυθείσης
2721 3087 2933 3152 ἄνωθεν,
2966 3086 3099 3136 ὥστε
3148 3090 3239 3142 τὴν
3282 3087 3530 3159 μάρτυρα
3564 3082 3789 3137 διιοῦσαν
3829 3081 3892 3147 έμ-

578 3171 797 3226 inﬁxas
817 3178 966 3226 esset
998 3171 1294 3233 habitura,
1329 3185 1519 3240 pauca
1547 3174 1699 3223 terra
1749 3169 1800 3222 ei
1839 3169 2096 3239 desuper
2136 3168 2227 3221 in-

576 3261 731 3328 lusa,
762 3269 821 3315 ut
854 3259 1184 3331 procedens
1218 3264 1462 3330 martyr,
1497 3257 1554 3312 in
1587 3273 1722 3312 eam
1763 3258 2114 3327 imprudens
2142 3257 2226 3310 in-

577 3350 814 3412 cideret,
869 3354 925 3404 et
974 3349 1055 3403 sic
1103 3349 1374 3402 interiret.
1425 3346 1854 3402 Existimabam
1906 3348 2064 3401 enim
2113 3352 2226 3400 sto-

578 3437 705 3501 lidi,
755 3454 887 3493 eam
938 3438 1035 3492 illa
1079 3437 1272 3492 solum
1305 3451 1483 3508 posse
1527 3436 1756 3490 vincere
1804 3441 1924 3490 arte
1971 3436 2222 3503 magica,

578 3542 836 3599 quorum
864 3527 988 3596 jam
1021 3525 1343 3596 accepisset
1375 3524 1538 3595 prius
1559 3524 1980 3593 cognitionem,
2008 3531 2064 3578 et.
2093 3524 2227 3578 ideo

579 3617 900 3672 studebant
933 3614 1181 3680 efﬁcere,
1216 3620 1279 3670 ut
1309 3631 1428 3669 non
1471 3619 1620 3669 esset
1667 3614 2050 3677 manifestum
2074 3612 2226 3685 peri-

577 3705 802 3759 culum.
833 3703 945 3759 Eos
973 3708 1173 3759 autem
1205 3703 1449 3767 latebat,
1483 3703 1644 3774 quod
1677 3707 1762 3769 tu,
1811 3703 2076 3761 Domine.
2123 3702 2225 3772 qui

577 3795 760 3850 corda
804 3793 1117 3849 hominum
1164 3808 1433 3849 seorsum
1481 3791 1720 3856 tinxisti,
1767 3808 1828 3846 es
1875 3808 2011 3847 cum
2063 3793 2225 3863 ipsis,

577 3889 633 3939 et
657 3883 928 3951 intelligis
958 3883 1162 3938 omnia
1186 3898 1370 3952 opera
1397 3881 1669 3952 ipsorum
1703 3882 1746 3936 ‘.

653 3973 787 4027 Xlll.
817 3971 981 4027 Certe
1015 3987 1150 4025 cum
1186 3987 1320 4025 eam
1379 3976 1655 4041 urgerent
1715 3970 1987 4035 ministri,
2041 3976 2100 4025 ut
2126 3986 2230 4042 per

578 4077 717 4117 eum
768 4061 964 4116 locum
1013 4061 1303 4119 transiret.
1338 4060 1394 4112 in
1448 4075 1570 4129 quo
1614 4059 1774 4114 fossa
1820 4060 1973 4114 facta
2019 4060 2227 4124 fuerat,

579 4148 677 4204 illa
727 4148 990 4218 quidem,
1045 4163 1181 4201 cum
1212 4146 1356 4200 nihil
1399 4147 1646 4201 omnino
1669 4147 2059 4217 praavidisset,
2093 4164 2230 4219 quae

584 4241 781 4290 autem
821 4235 1209 4291 cohabitabat
1234 4233 1446 4304 gratia,
1482 4235 1675 4305 ipsam
1714 4235 2068 4302 sublevaret,
2104 4254 2231 4307 per-

581 4324 761 4380 currit
793 4340 972 4394 supra
1027 4329 1429 4379 constructam
1485 4323 1728 4388 fossam,
1773 4323 2019 4394 perinde
2067 4342 2138 4381 ac
2184 4327 2228 4380 si

581 4419 797 4470 terram
843 4429 962 4468 non
1001 4419 1286 4482 tangeret,
1333 4413 1433 4467 sed
1468 4412 1622 4467 alata
1671 4413 1918 4468 sublime
1960 4413 2224 4470 ferretur.
2263 4443 2304 4497 ι)

584 4503 806 4559 Deinde
834 4503 977 4574 quid
1007 4502 1065 4556 ﬁt
1091 4504 1117 4558 7
1147 4505 1252 4556 ltes
1273 4501 1454 4571 justa,
1488 4506 1546 4556 et
1576 4517 1679 4572 per
1703 4519 1888 4573 quam
1922 4507 2229 4572 cognosci-

586 4599 678 4647 tur
710 4595 860 4646 Deus
882 4591 1110 4662 judicia
1144 4591 1390 4653 faciens,
1424 4596 1479 4645 et
1498 4591 1720 4645 factum
1747 4607 1952 4646 revera
1976 4591 2224 4660 dignum

584 4698 655 4737 ea
679 4697 814 4753 qum
841 4682 1044 4737 omnia
1067 4681 1344 4743 intuetur,
1367 4680 1756 4734 Providentia.
1779 4681 2033 4744 Quidam
2067 4681 2226 4736 enim

580 4786 651 4828 ex
681 4770 752 4826 iis
778 4770 878 4842 qui
914 4776 1232 4840 martyrem
1257 4767 1661 4832 traducebant,
1699 4768 1844 4823 forte
1884 4770 2227 4839 ignorantes

582 4867 825 4931 paratas
851 4859 1114 4922 insidias,
1148 4865 1202 4912 et
1245 4857 1524 4920 volentes,
1583 4863 1905 4930 postquam
1955 4858 2050 4915 illa
2101 4862 2228 4914 sine

579 4949 755 5021 lapsu
804 4949 1048 5010 transiit,
1096 4947 1306 5001 eodem
1359 4946 1437 5000 uti
1472 4947 1762 5002 transitu:
1819 4955 1878 5002 ut
1909 4947 1968 5002 id
2018 4954 2226 5016 totum,

578 5038 742 5110 quod
768 5053 803 5092 a
828 5035 1035 5090 divino
1051 5035 1272 5089 Davide
1293 5035 1516 5089 dictum
1542 5041 1629 5090 est
1657 5036 1700 5097 ⁵,
1735 5043 1888 5090 esset
1919 5037 2227 5107 praedictio

579 5127 732 5197 ejus,
765 5125 928 5196 quod
960 5131 1099 5179 tunc
1127 5124 1345 5179 factum
1378 5130 1462 5178 est
1494 5141 1505 5178 :
1553 5140 1769 5195 nempe
1813 5125 1943 5180 illos
1985 5126 2226 5196 quidem

578 5215 798 5270 fodisse
830 5215 1084 5278 foveam,
1118 5221 1171 5267 et
1196 5215 1251 5267 in
1283 5230 1415 5268 eam
1449 5212 1696 5278 fossam,
1731 5230 1913 5284 quam
1944 5216 2224 5284 facerant,

578 5303 860 5357 cecidisse
894 5319 905 5357 :
944 5319 1074 5356 cum
1109 5310 1347 5374 repente
1376 5304 1560 5357 fracta
1593 5311 1765 5368 esset,
1792 5321 1925 5374 qua:
1946 5304 2005 5358 in
2029 5321 2230 5375 super-

576 5391 704 5447 ﬁcie
736 5391 981 5463 disjecta
1007 5399 1130 5447 erat
1163 5398 1334 5457 terra,
1383 5392 1716 5447 inciderunt
1754 5392 1814 5446 in
1860 5393 2091 5447 foveam
2128 5410 2141 5449 :
2174 5400 2229 5448 et

649 5575 667 5606 ³
695 5572 866 5627 Joan.
910 5587 1035 5637 vni,
1067 5573 1153 5627 44.
1233 5572 1254 5606 ⁴
1289 5571 1441 5628 Psal.
1481 5585 1666 5636 χχιιι,
1705 5571 1783 5625 15.

1863 5571 1882 5605 ⁵
1910 5570 2062 5626 Psal.
2098 5589 2206 5639 va,
2238 5573 2291 5628 7.

2335 3182 2508 3227 πεσεῖν
2557 3174 2696 3244 αὐτῷ
2743 3177 2877 3225 κατὰ
2929 3177 2986 3225 τὸ
3035 3174 3302 3238 λανθάνον,
3335 3179 3424 3226 xui
3454 3175 3593 3226 οὕτω
3644 3169 3892 3241 διαφθαρῆ-

2336 3283 2436 3315 ναιι
2495 3262 2762 3332 Ἐνόμιζον
2814 3265 2914 3334 γὰρ
2972 3264 3019 3313 οἱ
3067 3263 3283 3334 ἄφρονες
3331 3261 3535 3315 έκείνων
3593 3269 3736 3334 μόνον
3805 3257 3890 3306 ἔπι·

2336 3357 2681 3423 κρατεστέραν
2719 3353 2957 3420 γίνεσθαι
3013 3348 3104 3402 διὰ
3158 3357 3421 3419 γοητείας,
3455 3353 3528 3402 ὧν
3592 3347 3692 3410 ἤδη
3741 3347 3893 3418 φθάσει

2335 3444 2425 3497 τὴν
2477 3448 2666 3511 γνῶσιν
2717 3439 3051 3512 παραλαϐεῖν.
3115 3445 3212 3492 Καὶ
3271 3437 3365 3491 διὰ
3441 3450 3602 3492 τοῦτο
3678 3441 3892 3489 ἔσπευσαν

2338 3525 2532 3585 ἄδηλον
2577 3531 2707 3600 αὐτῇ
2765 3533 2850 3580 τόν
2896 3525 3134 3580 κίνδυνον
3176 3527 3455 3581 διαθεῖναι’
3491 3530 3721 3582 ἱλάνθανε
3746 3521 3795 3575 δὲ
3821 3518 3891 3570 αὖα

2337 3622 2456 3679 τοὺς
2484 3619 2563 3669 ὅτι
2607 3622 2694 3685 σύ,
2744 3620 2916 3691 Κύριε,
2939 3618 3049 3689 μετ’
3075 3617 3238 3678 αὑτῆς
3269 3615 3330 3682 εἶ,
3360 3620 3385 3669 ό
3429 3622 3569 3671 κατὰ
3605 3622 3750 3689 μόνος
3789 3607 3892 3660 πλά-

2340 3726 2436 3768 σας
2467 3711 2557 3768 τόις
2583 3703 2804 3778 καρδίας
2837 3715 2935 3758 τῶν
2967 3705 3264 3779 ἀνθρώπων.

2412 3969 2505 4024 II".
2541 3970 2743 4041 Ἀμέλει
2798 3976 2883 4022 xui
2938 3973 3301 4023 συνωθούντων
3365 3973 3528 4030 αὐτὴν
3590 3979 3682 4023 τῶν
3734 3967 3887 4033 ὑπηρε-

2339 4069 2437 4111 τῶν
2471 4057 2542 4111 δι’
2593 4060 2753 4121 αὑτῆς
2801 4057 3038 4125 διελθεῖν,
3089 4063 3207 4112 ἔνθα
3240 4057 3305 4118 δὴ
3346 4067 3436 4114 καὶ
3492 4063 3518 4114 ὁ
3570 4059 3747 4133 βόθρος
3772 4051 3887 4117 ἐτύΤ

2339 4167 2469 4220 χανε
2511 4146 2933 4223 ῥᾳδιουργηθεὶς,
2967 4149 3130 4206 εκείνη
3191 4148 3357 4222 μηδὲν
3411 4152 3538 4214 ὅλως
3569 4141 3887 4222 προειδομένηι

2341 4247 2436 4299 τῆς
2465 4245 2704 4290 συνοίκου
2748 4235 2806 4290 δε
2837 4243 3058 4312 χάριτος
3104 4240 3266 4297 αὐτὴν
3306 4241 3764 4311 ὑποκουφιςούσης,
3805 4223 3885 4278 διέ-

2341 4324 2445 4399 δρα
2500 4331 2588 4399 μὲν
2655 4329 2888 4401 ὑπεράνω
2964 4336 3053 4380 τού
3135 4331 3549 4400 σκαιωρηθέντός
3622 4326 3886 4400 ὀρύγματοςν

2339 4419 2511 4487 ὥσπερ
2566 4417 2623 4469 ού
2671 4427 2767 4488 γῆς
2823 4418 3107 4490 ἁπτομένη,
3168 4418 3296 4470 ἀλλὰ
3369 4423 3618 4491 μετέωρός
3679 4431 3748 4472 τις
3819 4405 3885 4491 {ad

2340 4509 2626 4582 ὑπόπτερος
2671 4487 3114 4578 φερομένηίΕἷτα
3161 4512 3212 4558 τί
3286 4487 3486 4578 γίνεται
3515 4487 3770 4577 ςῇῐῐρᾱγμια
3826 4487 3887 4542 δί’

2338 4616 2484 4648 καιον
2539 4601 2626 4647 καὶ
2667 4593 2736 4648 δι’
2759 4597 2824 4646 ὧν
2871 4602 3183 4667 γινώσκεται
3243 4599 3430 4667 Κύριος
3483 4603 3700 4669 κρίματα
3736 4588 3883 4639 ποιῶν,

2339 4691 2428 4736 καὶ
2482 4689 2628 4756 ἔργον
2675 4693 2769 4746 τῆς
2825 4687 2994 4737 πάντα
3056 4684 3324 4758 ἐφορώσης
3401 4691 3644 4759 Προνοίας
3701 4673 3884 4731 ἀληθοῦς

2339 4773 2502 4836 ἄξιον.
2555 4781 2664 4825 Τῶν
2711 4777 2811 4844 γὰρ
2879 4779 2972 4831 τὴν
3023 4776 3267 4847 μάρτυρα
3319 4771 3717 4838 διαϐιϐαζοντων
3765 4762 3880 4813 τινες.

2339 4866 2549 4933 οἰγνοιαν
2597 4864 2722 4925 ῖσως
2761 4866 2967 4934 ἔχοντες
3011 4872 3101 4914 τοῦ
3154 4866 3480 4936 πραχθέντος
3533 4858 3742 4934 ἐνέδραν,
3785 4847 3882 4922 βω·

2338 4952 2571 5013 ληθέντες
2621 4955 2745 5022 μετὰ
2793 4955 2850 5002 τό
2900 4951 3092 5009 ἐκείνην
3131 4935 3369 5005 οῖπτωτον
3424 4949 3635 5006 διελθεῖν
3683 4952 3736 5014 τῇ
3777 4935 3879 5022 αὐτῆ

2339 5043 2654 5113 χρησασθαι
2708 5038 2894 5110 διόδῳ,
2932 5041 2992 5091 ἵν’
3026 5041 3136 5094 ὅλον
3189 5046 3244 5093 τό
3294 5043 3392 5093 ὑπό
3445 5051 3535 5094 τοῦ
3590 5043 3713 5091 θείου
3747 5014 3880 5082 Δαυῖδ

2341 5129 2602 5199 εἰρημένον
2670 5135 3049 5203 προαγόρευσις
3210 5138 3301 5181 τοῦ
3359 5136 3475 5184 τότε
3524 5128 3784 5202 γενομένου,
3831 5126 3874 5160 το

2338 5217 2526 5268 λάκκον
2586 5217 2766 5288 ὀρύξαι
2836 5222 2924 5290 μεν
2979 5219 3201 5279 ἐκείνους
3257 5226 3345 5272 καὶ
3402 5216 3708 5287 ἀνασκάψαι,
3759 5204 3877 5290 ἔμπξσ

2342 5314 2448 5358 σεῖν
2497 5303 2554 5358 δὲ
2594 5304 2902 5378 παραδόξως
2949 5308 3017 5369 εἰς
3067 5306 3256 5382 βόθρον
3310 5311 3362 5360 ὃν
3413 5309 3720 5381 εἰργάσαντο.
3746 5284 3875 5382 ὖτξοιδ’

2335 5395 2585 5468 ῥαγείσης
2633 5396 2791 5456 αὐτῆς
2856 5374 3193 5471 ἀθρόονυτῆς
3246 5398 3297 5461 ἐξ
3353 5374 3596 5457 ἐπιπολῆς
3643 5393 3733 5444 ἀνω
3782 5374 3872 5430 δία⁶
