4154 6192
306 305 421 363 729

308 430 605 501 τμηθείσης
654 435 775 499 γῆς.
807 426 1212 500 Ἐμπεπτὼκασί
1255 448 1310 484 τε
1351 438 1424 502 τῷ
1461 429 1657 504 βόθρῳ,
1685 436 1776 484 καὶ
1807 432 1907 483 ύπό
1936 432 1982 487 Α

306 528 407 572 τῶν
456 527 727 591 τμητικῶν
781 516 983 570 έκείνων
1052 518 1305 593 ὀργάνων,
1384 520 1536 585 ὀξέως
1584 520 1906 593 ἕμπεσόντες,

311 608 551 682 ὀξύτερον
625 604 1006 682 διεφθάρησαν.
1078 608 1136 661 Ἠ
1214 609 1341 681 ἀγία
1396 606 1455 663 δε
1524 614 1909 684 χαριστηρίους

309 698 501 771 ὕμνους
545 693 783 769 προσῇδε
831 705 903 767 τῷ
959 702 1217 750 σεσωκότι
1269 705 1404 770 Θεῷ,
1434 702 1520 759 Τίς
1568 698 1779 757 λαλήσει
1817 701 1911 761 τάς

314 784 629 846 δυναστείας
687 804 804 853 σου,
852 785 1097 857 λέγουσα,
1160 786 1422 849 ἀκουστάς
1477 792 1689 847 ποιήσει
1741 790 1912 848 πάσας

312 878 405 936 τὰς
457 874 673 935 αἰνέσεις
731 893 848 940 σου,
912 878 1070 951 Κύριε
1113 893 1125 940 ;
1177 878 1255 929 ὅτι
1300 881 1765 950 μεμαστιγωμένην
1817 882 1911 936 την

317 962 511 1023 δούλην
592 983 687 1016 σου
744 968 1016 1036 μαστίγων
1072 964 1348 1039 ἀπείρατον
1406 963 1715 1039 διεφύλαξας
1758 983 1769 995 ·
1831 967 1912 1019 ὃτι

316 1056 483 1126 πυρὸς
527 1056 769 1127 ἦρπασας
800 1070 813 1082 ·
848 1055 927 1105 ὅτι
975 1055 1164 1126 θηρῶν,
1199 1060 1287 1107 καὶ
1331 1051 1544 1119 ὕδατος,
1590 1059 1676 1107 καὶ
1707 1063 1913 1129 τροχῶν

315 1139 659 1214 διετήρησας,
700 1146 790 1194 καὶ
842 1140 1038 1216 βόθρου
1080 1139 1357 1205 διέσωσας.
1391 1148 1491 1197 Καὶ
1528 1150 1635 1213 νῦν,
1679 1148 1915 1196 Δέσποτα

313 1230 566 1301 πολυέλεε,
616 1231 778 1306 ῥῦσαι
824 1236 918 1289 τὴν
956 1231 1143 1303 ψυχήν
1199 1252 1299 1305 μου
1358 1230 1413 1284 έκ
1470 1236 1652 1305 χειρός
1714 1239 1803 1285 τοῦ
1860 1231 1915 1284 έκ

313 1326 580 1395 προγόνων
636 1339 727 1392 μοι
777 1319 1023 1392 πολεμίου
1075 1329 1166 1382 τῆς
1219 1324 1439 1393 φύσεως.
1487 1323 1773 1395 ’Δμαρτίας
1810 1326 1913 1375 νεό-

313 1415 464 1469 τητός
504 1429 605 1481 μου
649 1414 739 1461 καὶ
788 1407 997 1481 ἀγνοίας
1048 1429 1147 1481 μου
1201 1415 1269 1482 μὴ
1320 1412 1558 1483 μνησθῇς
1601 1428 1613 1440 ⁸
1649 1410 1777 1463 ἀλλά
1806 1417 1915 1472 ταῖς

316 1507 412 1550 τῶν
443 1499 570 1571 ὑπερ
626 1506 720 1551 σοῦ
766 1498 989 1572 ῥυέντων
1031 1500 1265 1572 αἱμάτων
1314 1519 1415 1571 μου
1452 1500 1651 1574 ῥανίσι,
1687 1503 1913 1572 κάθαρόν

311 1605 414 1657 μου
466 1590 552 1637 τὸν
596 1585 862 1657 μολυσμὸν
909 1591 1102 1660 σαρκός
1144 1605 1197 1639 τε
1243 1592 1333 1640 καὶ
1374 1590 1682 1659 πνεύματος.
1716 1592 1781 1640 Σὺ
1812 1591 1912 1661 γὰρ

312 1672 361 1727 εἶ
404 1677 680 1749 κάθαρσις,
732 1674 997 1747 ἁγιασμὸς
1044 1695 1096 1728 τε
1131 1681 1221 1729 καὶ
1273 1681 1540 1748 φωτισμός
1578 1685 1677 1729 τῶν
1718 1674 1914 1730 δούλων

1504 304 1945 363 MARTYBIUM
1983 304 2041 359 S.
2089 303 2494 362 EUPHEMLE.

3568 308 3674 363 730

2015 445 2151 486 cum
2174 430 2231 485 in
2262 431 2362 487 illa
2384 436 2559 488 acuta
2584 432 2928 488 incidissent
2955 432 3372 499 instrumenta,
3403 433 3673 489 celeriter

2016 519 2381 576 interierunt.
2419 523 2632 578 Sancta
2662 528 2860 577 autem
2891 522 3103 576 cecinit
3130 520 3415 593 hymnos,
3448 523 3670 594 quibus

2017 611 2136 666 Deo
2162 611 2380 681 agebat
2405 612 2657 681 gratias:
2681 634 2708 661 ‹‹
2733 611 2874 677 Quis
2892 612 3183 682 loquetur,
3213 612 3438 675 dicens,
3464 618 3674 684 poten-

2020 701 2130 755 tias
2182 699 2438 766 Domini,
2492 701 2728 756 auditas
2782 699 2954 755 faciet
3013 714 3221 755 omnes
3261 698 3470 755 laudes
3510 704 3671 766 tuas,

2024 788 2268 844 Domine
2290 790 2312 824 ⁶
2329 789 2357 846 ?
2384 809 2411 841 ι)
2445 790 2741 854 Quoniam
2765 787 3129 858 ﬂagellatam
3144 787 3424 843 ancillam
3451 792 3616 843 tuam
3638 803 3675 842 a

2020 876 2223 948 flagris
2254 877 2498 933 illaesam
2537 878 2901 934 conservasti
2935 896 2949 945 ;
2983 878 3273 950 quoniam
3306 876 3384 931 ab
3416 876 3553 946 igne
3580 891 3673 932 ra-

2022 965 2222 1039 puisti.
2256 966 2551 1032 Quoniam
2596 984 2632 1023 a
2668 966 2890 1031 bestiis,
2924 973 2978 1021 et
3008 982 3188 1038 aqua,
3219 970 3275 1021 et
3313 966 3455 1021 rotis
3482 968 3677 1020 custo-

2022 1055 2202 1119 diisti,
2228 1060 2285 1111 et
2318 1071 2354 1111 a
2380 1055 2542 1112 fossa
2572 1056 2953 1112 conservasti.
2988 1057 3051 1110 Et
3076 1070 3255 1119 nunc,
3291 1052 3537 1109 Domine
3568 1052 3679 1108 mi-

2023 1144 2293 1212 sericors,
2324 1144 2510 1201 libera
2536 1145 2802 1201 animam
2833 1161 3029 1200 meam
3060 1160 3091 1199 e
3124 1160 3304 1200 manu
3336 1144 3466 1213 ejus
3494 1143 3600 1215 qui
3639 1157 3676 1197 a

2024 1232 2229 1306 priscis
2278 1235 2648 1306 temporibus
2690 1241 2773 1289 est
2820 1233 3007 1289 hostis
3048 1238 3295 1289 naturae.
3358 1252 3386 1284 (ι
3429 1234 3675 1287 Peccata

2015 1323 2340 1393 juventutis
2367 1339 2533 1387 meae,
2584 1328 2638 1379 et
2666 1323 3036 1394 ignorantias
3064 1338 3226 1378 meas
3274 1336 3346 1376 ne
3392 1320 3675 1375 memine-

2023 1412 2103 1467 ris
2126 1414 2145 1446 ⁷
2184 1433 2211 1464 »
2249 1413 2358 1468 sed
2408 1412 2587 1483 guttis
2619 1412 2700 1468 tui
2732 1411 3063 1482 sanguinis,
3104 1427 3238 1483 quae
3291 1425 3399 1481 pro
3451 1425 3545 1465 me
3572 1408 3677 1465 ﬂu-

2023 1506 2255 1567 xerunt,
2309 1517 2573 1573 expurga
2619 1498 2831 1556 sordes
2882 1516 3029 1556 mea:
3075 1500 3273 1555 carnis
3323 1505 3378 1554 et
3406 1498 3672 1569 spiritus.

2022 1593 2106 1646 Tu
2155 1606 2219 1646 es
2264 1592 2419 1647 enim
2461 1592 2758 1662 purgatio,
2793 1588 3181 1646 sanctiﬁcatio
3227 1595 3283 1644 et
3321 1586 3675 1644 illuminatio

2024 1696 2333 1737 servorum
2402 1686 2662 1737 tuorum.
2761 1682 2823 1735 Et
2889 1679 2991 1735 illa
3086 1678 3334 1752 quidem
3408 1676 3536 1733 haac
3590 1680 3678 1732 est

315 1782 432 1819 σου.
483 1770 582 1817 Καὶ
610 1766 639 1823 ἠ
686 1767 777 1837 μεν
817 1772 983 1816 ταῦτα
1012 1764 1227 1830 ηὔξατο,
1259 1770 1464 1827 καὶτῆς
1506 1765 1670 1837 εὐχῆς
1701 1768 1759 1819 ού
1791 1763 1914 1825 διή-

2027 1773 2287 1842 precata,
2315 1775 2369 1826 et
2398 1786 2517 1827 non
2547 1769 2658 1825 fuit
2685 1768 2960 1825 fraudata
2991 1784 3104 1826 sua
3134 1766 3434 1840 petitione.

317 1872 528 1927 μαρτεν.

392 1942 486 1998 ΙΔ’.
524 1943 581 1996 Ὀ
637 1947 863 2014 Πρίσκος
912 1940 970 1996 δε
1025 1942 1175 1995 ἄλλον
1226 1942 1415 1996 ἐπινοεῖ
1470 1944 1622 1996 πάλιν
1670 1951 1732 2016 τῇ
1780 1946 1911 2017 μάρ-

314 2051 433 2105 τυρι
462 2030 675 2107 βόθρον,
710 2032 767 2085 ού
822 2038 1064 2105 σώματος
1103 2032 1377 2095 ἀπώλειαν,
1427 2032 1554 2085 ἀλλά
1598 2032 1786 2105 ψυχῆς
1825 2034 1913 2106 έμ-

312 2128 577 2186 ποιοῦντα,
612 2125 701 2173 καὶ
752 2126 869 2192 περὶ
917 2126 1097 2174 πίστιν
1149 2125 1237 2173 τὸν
1291 2118 1530 2174 κίνδυνον
1578 2120 1906 2197 ἐπιφέροντα.

312 2208 805 2280 Μετακαλεσάμενος
855 2212 956 2281 γὰρ
1013 2208 1196 2273 αὐτὴν,
1253 2214 1342 2261 καὶ
1414 2212 1473 2261 τὸ
1542 2214 1631 2282 μεν
1708 2209 1911 2282 ὀργίλον

309 2302 400 2349 καὶ
431 2298 773 2372 ὑπεροπτικὸν
824 2296 1152 2369 ἀποθέμενος,
1201 2299 1301 2350 ὑπὸ
1348 2296 1505 2351 δασεῖ
1538 2295 1597 2351 δε
1629 2307 1700 2369 τῷ
1730 2295 1909 2371 κωδίῳ

310 2386 519 2458 κρύψας
554 2389 643 2438 τὸν
700 2386 873 2453 λύκον,
926 2388 1062 2439 πάνυ
1122 2406 1175 2440 τε
1228 2391 1313 2439 τὸν
1370 2393 1532 2463 πρᾶον
1581 2388 1904 2461 ύποκριθεὶς,

310 2478 377 2528 Σὺ
403 2478 491 2547 μεν
520 2475 818 2539 ἠπάτησαι,
849 2479 939 2547 ἔφη
974 2493 985 2505 ·
1015 2480 1175 2527 καὶτί
1199 2480 1298 2548 γάρ
1334 2478 1634 2547 θαυμαστὸν
1666 2476 1709 2529 εἰ
1732 2481 1862 2547 γυνὴ
1889 2493 1903 2545 ;

310 2562 443 2621 πλὴν
499 2562 629 2615 ἀλλά
705 2568 791 2618 καὶ
846 2566 993 2636 ἡμεῖς
1049 2567 1114 2625 ὡς
1168 2565 1262 2617 οὐκ
1308 2563 1415 2619 ἔδει
1466 2572 1906 2640 πεπαρῳνὴκαμεν

305 2651 377 2712 εἰς
420 2656 477 2705 σε
523 2657 610 2711 τὴν
655 2658 910 2725 γενναίαν.
962 2654 1067 2726 Ἐφ’
1112 2654 1191 2715 οἷς
1222 2660 1536 2727 συγγνώμην
1582 2656 1706 2725 ἡμῖν
1732 2673 1907 2729 παρα-

305 2750 523 2811 σχοῦσα
572 2743 729 2794 θῦσον
778 2749 849 2813 τῷ
897 2742 1102 2814 μεγάλῳ
1151 2744 1245 2813 θεῷ
1294 2741 1462 2815 "Apri,
1511 2748 1601 2795 καὶ
1660 2749 1907 2805 τοσοῦτός

310 2847 369 2881 σε
416 2830 631 2890 πλοῦτος
677 2836 767 2882 καὶ
813 2828 945 2893 δόξα
983 2835 1072 2883 καὶ
1104 2830 1310 2901 ἀγαθῶν
1352 2828 1613 2894 ἐκδέξεται
1643 2830 1901 2894 θάλασσα,

308 2921 381 2980 ὡς
433 2921 632 2971 πάντων
691 2919 889 2972 ἐκείνων
944 2918 1391 2993 ἀμνημονὴσασαν
1450 2922 1615 2981 ζῆσαι
1673 2924 1725 2973 τὸ
1779 2923 1909 2987 μετά

308 3016 478 3061 ταῦτα
520 3008 684 3069 καλῶς
730 3014 818 3061 καὶ
872 3007 1061 3071 ἡδέως,
1109 3010 1282 3082 ὥσπερ
1333 3013 1437 3083 ἄρα
1474 3016 1560 3062 καὶ
1618 3015 1725 3083 χρὴ
1772 3030 1909 3085 παρ-

316 3098 454 3151 θένον
512 3101 781 3165 τοιαύτην,
840 3098 971 3150 οὕτω
1026 3102 1116 3171 μεν
1182 3099 1365 3166 καλὴν,
1421 3100 1555 3151 οὕτω
1603 3096 1662 3152 δε
1734 3105 1911 3171 γένους
1946 3137 1987 3193 C

312 3192 404 3239 καὶ
454 3192 786 3260 περιφανείας
838 3190 1090 3259 ἔχουσαν.
1122 3187 1180 3241 Ἠ
1226 3184 1286 3241 δι
1334 3192 1664 3261 πανεύφημος
1708 3188 1911 3251 ἀληθῶς

316 3277 561 3349 [εὐφημία
614 3284 841 3348 γενναῖον
895 3296 947 3329 τι
1019 3282 1110 3329 καὶ
1163 3274 1428 3350 ἀνδρῶδες
1471 3276 1776 3351 ἐμϐλέψασα
1839 3286 1910 3349 τῷ

314 3368 568 3437 τυράννῳ,
618 3364 688 3418 Ὠ
732 3365 888 3437 ψυχή
943 3372 1276 3438 κακότεχνος,
1330 3369 1444 3439 ἔφη,
1498 3364 1654 3419 δόλου
1699 3364 1909 3427 δηλαδὴ

313 3460 552 3526 γέμουσα
604 3459 695 3508 καὶ
747 3460 962 3529 πικρίας
1023 3468 1035 3479 ·
1093 3451 1132 3505 ὦ
1192 3452 1440 3526 δαιμονία
1490 3462 1668 3528 γνώμη
1721 3455 1915 3531 ἀνθρω-

314 3548 465 3595 πείαν
516 3543 635 3613 ὄψιν
689 3547 1044 3615 μεμιμημένη,
1102 3543 1160 3595 ού
1218 3546 1394 3616 παύση
1451 3548 1573 3596 ποτε
1648 3543 1816 3619 ληρῶν
1860 3563 1914 3598 τε

314 3636 399 3682 καὶ
465 3640 769 3703 κακουργῶν
841 3634 1101 3705 ἄπρακτα,
1157 3637 1247 3684 καὶ
1301 3634 1435 3684 κατά
1497 3642 1594 3684 τῶν
1650 3640 1741 3685 τοῦ
1786 3641 1914 3707 Χρι-

320 3728 446 3772 στοῦ
474 3717 675 3773 δούλων
705 3724 898 3795 μυρίας
931 3726 1319 3792 τεκταινόμενος
1345 3724 1431 3781 τὰς
1474 3718 1704 3792 παγίδας
1736 3738 1749 3789 ;
1781 3722 1912 3793 Ἐγώ

321 3809 463 3859 θύσω
532 3811 656 3861 ποτε
723 3804 946 3880 δαίμοσι
1003 3813 1093 3860 καὶ
1168 3804 1398 3869 εἰδώλοις
1454 3812 1583 3881 μετά
1653 3812 1915 3871 τοσαύτας

319 3895 554 3968 μάλιστα
609 3905 703 3949 τοῦ
764 3896 889 3969 ἐμοῦ
938 3904 1201 3949 Δεσπότου
1258 3900 1354 3959 τὰς
1406 3896 1701 3969 ἀντιλήψεις
1742 3917 1756 3965 ;
1785 3901 1917 3970 μετὰ

318 3989 412 4044 τὴν
462 3985 517 4037 έκ
564 3985 880 4045 τηλικούτων
936 3989 1098 4060 ἔργων
1153 3995 1244 4047 τῆς
1297 3986 1539 4047 ἀληθείας
1579 3983 1847 4050 ἀπόδειξιν
1899 4003 1912 4053 ;

318 4076 446 4146 μετὰ
502 4078 560 4126 τὸ
618 4083 843 4148 φανερῶς
898 4075 984 4146 έμε
1031 4079 1120 4127 καὶ
1173 4074 1554 4150 ἀναντιρῥήτως
1617 4083 1916 4147 καταισχῦ-

319 4183 403 4215 ναι
569 4165 710 4235 ύμῶν
740 4168 835 4221 τὴν
882 4162 1201 4229 ἀλαζονείαν,
1256 4163 1525 4236 ἀπελέγξαι
1572 4161 1629 4216 δε
1679 4170 1772 4223 τὴν
1817 4175 1914 4216 τῶν

321 4251 662 4323 σεϐασμάτων
710 4252 975 4306 ἀσθένειαν
1026 4258 1115 4305 καὶ
1169 4253 1394 4325 μεγάλην
1443 4254 1579 4305 οὕτω
1631 4256 1765 4305 κατά
1821 4261 1916 4314 τῆς

319 4341 511 4401 πλάνης
549 4346 643 4399 τὴν
681 4346 829 4399 νίκην
883 4344 1161 4416 ἄρασθαι;
1212 4342 1405 4394 Πολλοῦ
1452 4343 1513 4393 ἄν
1570 4361 1651 4394 σοι
1698 4342 1917 4412 γέλωτος

318 4430 527 4501 έκρίθην
578 4428 719 4496 ἀξία,
763 4426 1003 4503 δακρύων
1055 4426 1113 4483 δε
1142 4430 1333 4502 μᾶλλον
1364 4434 1505 4503 παρὰ
1548 4439 1652 4490 τοῖς
1699 4427 1753 4483 εὖ
1798 4450 1917 4506 φρο-

316 4526 467 4570 νοῦσι
519 4523 607 4570 καὶ
648 4517 977 4591 φοϐουμένοις
1026 4523 1113 4571 τὸν
1168 4523 1377 4592 Κύριον.
1435 4523 1617 4581 Λύσας
1681 4516 1768 4571 οὖν
1822 4524 1915 4578 τὴν

320 4611 519 4666 σκηνὴν
575 4612 665 4659 καὶ
712 4613 796 4661 τὸν
846 4612 1101 4679 τεχνητὸν
1156 4609 1289 4683 ἄρνα
1339 4613 1428 4660 καὶ
1467 4613 1558 4667 τὴν
1604 4608 1916 4682 ἕπίχριστον

318 4694 615 4760 ἐπιείκειαν,
660 4696 814 4749 αὑτὸν
846 4699 969 4769 ἡμῖν
1012 4701 1099 4749 τὸν
1138 4699 1336 4755 συνήθη
1386 4702 1613 4769 Πρίσκον
1636 4694 1913 4761 ἐπίδειξον,

320 4786 451 4853 μετά
480 4793 570 4845 τῆς
609 4785 758 4857 φίλης
790 4785 1057 4857 ὠμότητος
1103 4792 1192 4838 καὶ
1232 4796 1322 4839 τοῦ
1376 4788 1603 4859 θράσους
1651 4801 1663 4815 ·

324 4868 391 4931 δὴ
421 4879 631 4946 πρᾶττε,
664 4876 765 4927 ὅσα
798 4894 881 4927 σοι
912 4878 1046 4926 κατά
1082 4882 1293 4947 γνώμην
1324 4874 1437 4928 ἔστι
1465 4881 1641 4938 ποιεῖν,
1674 4875 1702 4933 ἣ
1728 4874 1918 4946 μᾶλλον

322 4962 519 5037 ὅσαπερ
546 4964 573 5014 ὸ
600 4959 927 5027 διδάσκαλός
961 4983 1055 5015 σου
1088 4968 1177 5016 καὶ
1207 4960 1494 5024 παιδευτὴς
1522 4960 1765 5024 διάϐολος
1791 4965 1921 5016 ύπο-

322 5051 441 5108 τίθη
451 5069 553 5103 σιν.

392 5138 496 5196 ΙΕ’.
555 5138 753 5214 Ὀργῆς
804 5138 888 5193 ἐπὶ
943 5143 1147 5201 τούτοις
1200 5142 1225 5193 ὁ
1293 5144 1518 5214 Πρίσκος
1565 5140 1918 5203 ὑποπλησθεὶς

320 5226 581 5299 (ἠλέγχθη
613 5232 715 5302 γὰρ
744 5228 791 5280 έν
832 5228 1031 5303 βραχεῖ
1082 5234 1140 5281 τὸ
1184 5233 1561 5303 προσποιητόν,
1608 5235 1696 5282 καὶ
1747 5227 1916 5283 ἀπέδυ

319 5319 407 5367 τὸν
438 5322 698 5390 κροκωτὸν
729 5321 758 5377 ἡ
791 5319 973 5389 γαλῆ),
1004 5315 1219 5393 ῥάϐδοις
1266 5324 1358 5377 την
1396 5320 1639 5393 μάρτυρα
1688 5318 1915 5394 βαρυτάο

317 5422 435 5467 ταις
463 5405 654 5460 κελεύει
694 5410 1001 5461 τύπτεσθαι.
1052 5408 1190 5461 Ἐπεὶ
1234 5403 1292 5461 δε
1316 5403 1669 5482 ῥαϐδιζομένη
1698 5414 1787 5461 καὶ
1814 5416 1913 5460 τῶν

1950 4490 1993 4545 D

1707 4785 1921 4838 κάκεῖνα

389 5610 409 5640 ⁸
435 5603 587 5663 Psal.
615 5620 704 5675 cv,
737 5605 791 5661 2.
901 5606 920 5639 ⁷
956 5606 1106 5663 Psal.
1135 5620 1297 5672 xxiv,
1327 5604 1383 5660 7.

2092 1948 2224 2005 XIV.
2266 1947 2499 2003 Priscus
2562 1951 2760 2003 autem
2792 1962 2998 2002 rursus
3028 1945 3209 2003 aliam
3251 1946 3477 2003 fossam
3520 1961 3680 2003 mar-

2020 2037 2133 2108 tyri
2165 2037 2474 2106 excogitat,
2498 2052 2633 2109 qum
2666 2051 2785 2092 non
2816 2034 3099 2091 afferebat
3129 2036 3431 2091 interitum
3465 2050 3677 2107 corpo-

2019 2126 2123 2191 ris,
2154 2125 2259 2181 sed
2292 2126 2529 2189 animai,
2572 2131 2627 2180 et
2654 2126 2810 2181 circa
2837 2124 3018 2180 fidem
3058 2123 3295 2180 creabat
3322 2124 3675 2196 periculum.

2018 2215 2170 2270 Nam
2201 2231 2337 2269 cum
2358 2230 2491 2269 eam
2510 2213 2937 2278 accersivisset,
2958 2220 3014 2269 et
3030 2213 3402 2269 iracundiam
3430 2213 3674 2286 quidem

2019 2309 2075 2359 et
2121 2304 2467 2376 superbiam
2522 2303 2914 2375 deposuisset,
2966 2303 3149 2358 denso
3208 2307 3407 2358 autem
3467 2300 3678 2358 vellere

2017 2392 2228 2465 lupum
2260 2394 2514 2461 texisset,
2538 2399 2593 2446 et
2618 2393 2940 2447 maximam
2971 2391 3309 2448 simulasset
3326 2390 3628 2447 lenitatem
3659 2406 3675 2446 ε

2016 2484 2101 2539 Tu
2142 2482 2413 2555 quidem,
2448 2482 2661 2552 inquit,
2719 2481 2871 2537 falsa
2901 2498 2989 2535 es.
3026 2484 3141 2537 Nec
3194 2488 3281 2536 est
3314 2481 3534 2535 mirum
3567 2496 3581 2547 ;
3611 2495 3675 2535 es

2016 2572 2175 2627 enim
2233 2571 2477 2627 femina.
2514 2571 2628 2628 Sed
2678 2586 2788 2626 nos
2839 2586 3083 2643 quoque
3128 2571 3187 2626 in
3229 2577 3283 2625 te
3322 2570 3676 2642 praeclaram

2018 2661 2308 2731 virginem
2356 2660 2544 2733 (quod
2578 2662 2798 2716 utinam
2832 2660 3051 2715 factum
3087 2675 3204 2715 non
3238 2665 3393 2714 esset
3424 2658 3463 2729 Ι)
3501 2658 3678 2713 nimis

2015 2749 2239 2810 fuimus
2294 2748 2643 2822 petulantes.
2679 2750 2943 2815 Quorum
2990 2747 3162 2803 nobis
3206 2748 3357 2803 dans
3411 2748 3669 2813 veniam,

2019 2839 2287 2894 sacriﬁca
2318 2853 2540 2908 magno
2580 2838 2694 2893 deo
2735 2836 2902 2892 Marti
2933 2853 2945 2892 :
2974 2842 3033 2892 et
3072 2840 3126 2891 te
3158 2840 3338 2891 tantae
3381 2835 3675 2907 excipient

2017 2928 2255 2993 divitias,
2314 2932 2373 2983 et
2438 2931 2669 2983 tantum
2726 2943 2891 2982 mare
2948 2927 3265 2989 bonorum,
3310 2931 3371 2980 ut
3400 2925 3674 2980 omnium

2019 3017 2255 3072 illorum
2278 3016 2484 3083 oblita,
2512 3016 2756 3070 honeste
2786 3016 3062 3086 deinceps
3113 3016 3280 3069 vivas
3310 3020 3367 3069 et
3386 3013 3671 3084 jucunde.

2022 3104 2084 3153 ut
2114 3097 2290 3153 talem
2321 3097 2491 3153 decet
2534 3097 2843 3167 virginem,
2895 3102 3016 3151 tam
3074 3094 3409 3165 pulchram,
3465 3100 3522 3149 et
3553 3100 3674 3149 tam

2022 3187 2246 3243 claram
2282 3202 2514 3256 genere.
2534 3188 2753 3242 Revera
2772 3190 2970 3241 autem
3005 3184 3319 3240 benedicta
3353 3182 3677 3254 Euphemia

2025 3282 2343 3349 tyrannum
2386 3290 2670 3345 generose
2721 3283 2776 3331 et
2806 3274 3042 3329 virililer
3079 3274 3315 3329 intuens
3360 3288 3373 3325 :
3406 3273 3448 3329 Ο
3481 3270 3669 3335 vafra,

2023 3365 2477 3437 inquit,anima,
2509 3364 2646 3419 dolo
2678 3364 2857 3435 plena
2886 3368 2941 3418 et
2967 3362 3362 3418 amaritudine
3394 3360 3407 3414 ἰ
3436 3362 3479 3417 0
3505 3374 3675 3415 mens

2023 3454 2419 3519 daamoniaca,
2454 3451 3023 3508 humanamimitata
3050 3452 3322 3522 speciem,
3362 3463 3675 3521 nunquam

2024 3542 2288 3598 cessabis
2320 3541 2552 3612 nugari,
2583 3545 2637 3595 et
2662 3542 2879 3595 frustra
2905 3539 3189 3595 scelerata
3231 3538 3378 3593 inire
3404 3537 3671 3602 consilia,

2023 3636 2082 3686 et
2119 3632 2409 3686 adversus
2462 3628 2676 3685 Christi
2707 3644 2909 3683 servos
2954 3628 3204 3699 laqueos
3240 3629 3477 3682 tendere
3510 3626 3679 3681 innu-

2027 3718 2342 3775 merabiles
2370 3716 2400 3773 7
2431 3719 2550 3787 Ego
2590 3733 2901 3788 nunquam
2918 3716 3271 3772 sacriﬁcabo
3301 3714 3675 3770 daamonibus

2024 3816 2079 3865 et
2117 3807 2471 3869 simulacris.
2516 3808 2770 3862 maxime
2821 3822 2959 3861 cum
3017 3821 3111 3860 me
3168 3806 3454 3860 Dominus
3509 3802 3678 3858 toties

2024 3896 2373 3962 defenderit,
2388 3913 2523 3952 cum
2556 3900 2676 3951 tam
2710 3895 2907 3951 multis
2933 3894 3219 3966 operibus
3244 3890 3678 3949 demonstrarit

2025 3986 2348 4051 veritatem,
2375 4002 2515 4042 cum
2554 3990 2679 4040 tam
2720 3990 2921 4055 aperte
2968 3989 3025 4039 et
3054 3983 3201 4039 citra
3232 3982 3413 4037 ullam
3446 3985 3680 4036 contro-

2024 4076 2301 4139 versiam,
2322 4079 2576 4130 vestram
2609 4073 3009 4143 arrogantiam
3036 4071 3322 4128 dedecore
3350 4069 3673 4134 aﬁ‘ecerim,

2024 4172 2081 4221 et
2106 4180 2313 4219 eorum
2346 4179 2481 4236 quas
2513 4162 2726 4226 colitis,
2761 4162 3059 4233 arguerim
3084 4160 3567 4226 imbecillitatem,
3597 4160 3679 4212 at-

2023 4270 2141 4326 que
2172 4254 2458 4309 adversus
2496 4268 2753 4307 errorem
2789 4256 2907 4306 tam
2941 4249 3289 4321 praeclaram
3319 4248 3537 4319 adepta
3564 4246 3677 4302 sim

2026 4343 2354 4398 victoriam.
2410 4342 2708 4396 Judicarer
2758 4355 2866 4411 ego
2920 4338 3027 4394 tibi
3071 4338 3246 4410 plane
3278 4336 3547 4401 ridicula,
3579 4334 3673 4391 vel

2024 4434 2224 4504 potius
2255 4432 2439 4499 digna
2469 4429 2741 4500 lacrymis
2772 4427 2932 4498 apud
2948 4443 3049 4482 eos
3077 4429 3178 4499 qui
3212 4433 3365 4481 recte
3397 4426 3680 4489 sentiunt,

2024 4527 2083 4576 et
2123 4520 2331 4575 timent
2381 4518 2721 4573 Dominum.
2757 4516 2973 4571 Ablata
3002 4530 3144 4584 ergo
3175 4530 3373 4578 scena,
3407 4518 3464 4569 et
3494 4528 3678 4580 agno,

2024 4626 2204 4683 quem
2250 4614 2372 4663 arte
2403 4606 2732 4677 suscepisti,
2773 4613 2828 4660 et
2860 4604 3139 4660 simulata
3189 4601 3674 4665 mansuetudine,

2026 4698 2224 4769 ipsum
2275 4696 2510 4751 solitum
2546 4695 2715 4749 nobis
2759 4695 3019 4748 Priscum
3050 4692 3318 4756 ostende,
3346 4706 3506 4753 cum,
3540 4705 3679 4762 quae

2027 4794 2114 4843 est
2141 4787 2191 4841 ei
2218 4792 2408 4857 grata,
2465 4784 2685 4838 saevitia
2738 4789 2793 4837 et
2824 4782 3082 4838 audacia
3112 4798 3125 4835 :
3166 4786 3223 4837 et
3253 4780 3352 4835 illa
3393 4780 3506 4843 fac,
3538 4793 3676 4850 quae

2029 4875 2289 4930 sunttibi
2340 4872 2505 4928 cordi
2552 4873 2764 4935 facere,
2799 4878 2900 4926 aut
2947 4870 3163 4941 potius,
3203 4886 3338 4941 quas
3400 4868 3679 4939 magister

2028 4969 2085 5020 et
2106 4968 2432 5035 praeceptor
2455 4968 2589 5017 tuus
2620 4961 2720 5015 tibi
2751 4959 3014 5030 suggerit
3033 4958 3332 5016 diabolus.

2100 5141 2205 5196 XV.
2260 5138 2493 5192 Priscus
2536 5142 2777 5208 propter
2830 5135 2958 5190 haec
3028 5136 3118 5189 ira
3165 5133 3426 5205 repletus
3496 5130 3688 5202 (brevi

2029 5229 2186 5283 enim
2242 5226 2620 5297 deprehensa
2667 5225 2774 5279 fuit
2843 5222 3164 5289 simulatio,
3235 5227 3291 5276 et
3343 5221 3470 5276 telis
3528 5219 3689 5276 exuit

2026 5315 2358 5386 crocoton),
2379 5314 2545 5385 jubet
2573 5322 2895 5385 martyrem
2924 5314 3103 5381 virgis
3128 5311 3427 5365 verberari
3458 5310 3680 5380 gravis-

2026 5404 2217 5461 simis.
2267 5403 2414 5461 Cum
2447 5409 2647 5460 autem
2682 5402 2861 5473 virgis
2892 5418 3067 5468 cassa,
3118 5400 3329 5473 plagas
3358 5398 3535 5456 simul
3561 5397 3687 5454 irri-
