4096 6220
463 280 560 336 731
1762 276 2015 333 MENSIS
2054 272 2504 331 SEPTEMBER.

3730 272 3858 328 732

464 405 627 461 deret
658 410 711 460 et
740 410 1087 477 tyrannum,
1120 405 1168 461 is
1198 404 1276 461 ad
1306 406 1597 476 majorem
1629 405 1780 460 iram
1820 418 2114 459 accensus

2228 402 2434 472 πληγῶν
2488 402 2599 475 ἅμα
2654 406 2743 455 καὶ
2809 408 2900 453 τοῦ
2955 402 3207 473 τυράννου
3284 404 3619 471 κατεμωκᾶτο
3702 401 3851 471 πρὸς

463 495 742 567 proponit
770 495 1016 566 quidem
1058 511 1249 551 serras
1288 500 1510 562 acutas,
1563 499 1618 550 et
1673 493 1890 549 ferreas
1933 498 2117 548 sarta-

464 583 635 654 gines
671 583 683 639 ι
714 583 887 639 Jubet
925 588 1124 639 autem
1152 584 1319 639 ferris
1358 584 1602 655 quidem
1634 583 1692 638 in
1734 583 1882 637 duas
1916 586 2113 652 partes

464 673 649 729 secari
678 689 894 745 corpus
928 672 1633 745 martyris,sartaginibus
1661 688 1801 727 vero
1827 670 2115 726 dissectas

464 777 672 818 carnes
703 761 872 817 valde
903 761 1171 833 eliquari,
1199 767 1261 818 ut
1290 778 1474 833 usque
1505 763 1579 817 ad
1610 763 1892 834 ipsaossa
1908 759 2116 815 dissol-

462 858 742 908 verentur
772 852 829 907 in
885 851 1166 907 cinerem.
1210 855 1354 908 Cum
1406 857 1601 908 autem
1648 867 1824 907 serra;
1857 850 2113 906 adduce-

460 945 665 997 rentur
704 941 781 995 ad
813 957 1025 1012 corpus
1070 942 1380 1010 virginale,
1423 941 1664 1012 perinde
1692 946 1870 1012 atque
1896 940 1943 994 si
1977 938 2113 994 ada-

462 1030 795 1085 mantinam
852 1030 1118 1101 aliquam
1146 1035 1455 1099 tangerent
1485 1029 1816 1095 materiam,
1873 1028 1957 1083 eis
1989 1026 2114 1097 qui-

465 1118 604 1174 dem
640 1119 1086 1174 obtundebatur
1117 1120 1296 1185 acies,
1338 1125 1394 1174 et
1425 1119 1667 1174 secandi
1707 1117 1766 1173 vi
1800 1116 2115 1189 privaban-

465 1215 559 1265 tur
589 1226 606 1279 ;
633 1210 788 1279 ignis
848 1216 1044 1265 autem
1076 1210 1583 1280 exslinguebatur,
1641 1214 1696 1265 et
1718 1214 1943 1281 martyr
1977 1224 2112 1263 con-

465 1299 813 1354 servabatur
842 1297 1047 1355 illaesa.
1084 1300 1189 1355 Sed
1218 1299 1361 1372 quid
1394 1299 1521 1355 haec
1552 1298 1628 1354 ad
1656 1298 1946 1365 animam,
1980 1312 2114 1368 quin

465 1392 556 1443 est
588 1403 701 1443 sua
732 1394 941 1460 sponte
982 1389 1185 1455 surda,
1227 1394 1283 1445 et
1312 1405 1433 1444 non
1482 1391 1677 1460 potest
1734 1386 1915 1442 ullam
1953 1386 2113 1457 piam

464 1477 768 1548 suscipere
796 1478 1212 1547 cogitationem
1252 1478 1279 1533 ?
1311 1478 1533 1533 Etenim
1566 1492 1697 1532 cum
1733 1477 1857 1531 haec
1887 1475 2111 1538 ﬁerent,

466 1566 690 1621 Priscus
717 1566 875 1623 idem
902 1583 1028 1623 esse
1057 1567 1339 1639 pergebat
1364 1572 1418 1622 et
1450 1582 1569 1623 non
1600 1565 1877 1621 cessabat
1917 1563 2119 1619 adver-

465 1672 566 1711 sus
595 1658 777 1711 Deum
812 1656 1033 1711 bellum
1064 1672 1285 1728 gerere.
1314 1659 1460 1712 Nam
1487 1657 1586 1712 lux
1604 1670 2011 1728 quoque,quae
2033 1660 2121 1709 est

2224 492 2431 545 πλείονα
2482 496 2573 551 τὴν
2622 492 2782 565 ὀργὴν
2834 490 2980 552 οὗτος
3029 489 3417 560 ἁνακαιόμενος,
3462 491 3682 561 πρίονας
3737 490 3845 558 μεν

2225 584 2536 652 προτίθησιν
2588 581 2740 647 ὀξεῖς,
2813 586 2902 632 καὶ
2964 577 3166 651 σιδηρᾶ
3219 583 3439 647 τήγανα.
3502 576 3707 629 Κελεύει
3770 572 3843 629 δὲ

2224 678 2332 733 τοῖς
2384 674 2470 742 μὲν
2522 676 2704 744 πρίοσι
2748 667 3056 741 διχοτομεῑν
3098 672 3155 720 τὸ
3210 674 3364 739 σῶμα
3406 674 3502 729 τῆς
3532 668 3839 740 μάρτυρος,

2225 767 2332 823 τοῖς
2372 764 2616 831 τηγάνοις
2661 757 2719 813 δὲ
2766 763 2832 812 τὰ
2871 757 3299 831 διχοτομούμενα
3345 766 3442 808 τῶν
3489 764 3705 830 σαρκῶν
3749 755 3843 807 ἔκ-

2223 855 2398 908 τὴκειν
2444 850 2584 922 μάλα
2615 847 2878 923 σφοδρῶς,
2910 850 2979 909 ὡς
3023 848 3200 908 αὐτοῖς
3243 846 3441 908 ὀστέοις
3492 845 3563 907 εἰς
3620 841 3839 897 σποδὸν

2223 939 2457 994 λύεσθαι.
2516 940 2656 993 Ἐπεὶ
2713 937 2772 991 δὲ
2828 941 2877 991 οἰ
2946 942 3150 1009 πρίονες
3206 945 3277 1007 τῷ
3328 936 3625 1009 παρθενικῴ
3706 936 3845 991 ἐπή-

2222 1048 2374 1099 γοντο
2425 1034 2650 1100 σώματι,
2705 1028 2791 1081 οἷα
2842 1024 2911 1085 δή
2967 1047 3101 1088 τινος
3150 1022 3510 1097 ἀδαμαντίνης
3545 1023 3847 1093 ἁπτόμενοι

2224 1120 2438 1191 φύσεως,
2495 1118 2643 1170 αὐτοὶ
2687 1119 2777 1189 μὲν
2806 1116 3125 1185 ἧμϐλύνοντο
3170 1118 3263 1177 τὰς
3312 1114 3502 1186 ἀκμὰς,
3553 1118 3644 1164 καὶ
3701 1112 3845 1183 ἀφη-

2223 1216 2405 1280 ροῦντο
2434 1213 2526 1266 τὴν
2574 1211 2829 1279 τμητικήν
2863 1204 3084 1276 δύναμιν
3132 1223 3145 1235 ο
3191 1209 3248 1256 τό
3291 1212 3393 1279 πῦρ
3427 1200 3486 1257 δι
3536 1201 3840 1264 ἐσϐέννυτο,

2223 1304 2312 1350 καὶ
2367 1300 2397 1356 ἡ
2455 1300 2657 1370 μάρτυς
2698 1296 2908 1357 ἀπαθὴς
2961 1293 3263 1355 διεσώζετο.
3331 1294 3490 1347 Ἀλλὰ
3546 1298 3599 1344 τί
3661 1299 3846 1344 ταῦτα

2222 1390 2356 1461 πρὸς
2394 1387 2810 1459 ἐθελοκωφοῡσαν
2855 1385 3063 1457 ψυχὴν,
3118 1389 3207 1436 καὶ
3258 1380 3490 1444 διανοίας
3537 1383 3715 1441 πάσης
3754 1381 3843 1434 εὐ·

2228 1477 2410 1539 σεϐοῦς
2470 1473 2833 1550 ἀπαράδεκτον
2891 1493 2903 1540 ;
2966 1480 3068 1527 Kal.
3120 1476 3314 1526 τούτων
3363 1476 3466 1543 γὰρ
3526 1475 3839 1543 γινομένων,

2226 1568 2252 1620 ό
2284 1572 2517 1641 Πρίσκος
2562 1570 2636 1619 ἔτι
2684 1574 2784 1618 τῶν
2822 1566 2990 1617 αὐτῶν
3033 1567 3225 1635 εἴχετο,
3274 1568 3364 1616 καὶ
3410 1570 3503 1615 τοῦ
3550 1564 3841 1634 θεομαχεῖν

2227 1656 2319 1708 οὐκ
2374 1655 2649 1728 ἀφίστατο.
2696 1657 2836 1708 Ἐπεὶ
2882 1660 2968 1707 καὶ
3015 1657 3073 1706 τὸ
3105 1653 3246 1726 φίλον
3294 1659 3424 1705 πᾶσι
3455 1659 3558 1723 φῶς
3584 1657 3841 1704 νοσοῦσιν

463 1746 658 1801 amica
689 1744 995 1812 omnibus,
1027 1762 1148 1802 non
1169 1753 1256 1801 est
1285 1746 1501 1810 amica,
1538 1746 1640 1801 sed
1670 1745 1913 1800 inimica
1945 1743 2116 1810 aagris

2228 1746 2513 1819 ὀφθαλμοῖς
2568 1746 2629 1798 οὐ
2684 1746 2846 1818 φίλον,
2895 1744 3023 1797 ἀλλὰ
3103 1743 3366 1815 πολέμιον.
3424 1741 3576 1795 Ὀθεν
3625 1742 3697 1804 εἰς
3773 1744 3839 1793 τὸ

461 1834 670 1889 oculis.
696 1836 1096 1900 Quamobrem
1128 1852 1323 1891 rursus
1350 1835 1623 1907 producit
1652 1834 1711 1889 in
1740 1833 1999 1889 stadium
2023 1832 2121 1886 be-

462 1924 753 1980 nedictam
771 1925 1164 1996 Euphemiam,
1181 1930 1235 1979 et
1243 1925 1263 1995 j
1275 1925 1549 1980 ubeteam
1568 1925 1867 1979 decertare
1880 1938 2005 1978 cum
2020 1920 2117 1975 be.

462 2013 605 2068 stiis.
634 2014 740 2069 Illa
772 2021 997 2081 autem,
1028 2020 1091 2068 ut
1120 2031 1256 2086 quas
1287 2014 1451 2087 quod
1485 2029 1600 2068 non
1634 2013 1806 2067 citius
1839 2011 1915 2066 ad
1943 2025 2116 2065 suum

461 2117 752 2173 sponsum
802 2103 1130 2168 excederet,
1186 2103 1291 2157 sed
1342 2102 1579 2157 vincula
1615 2101 1881 2172 corporis
1921 2099 2119 2156 adhuc

464 2189 658 2256 ferret,
698 2207 853 2260 aegre
907 2190 1115 2255 ferens,
1153 2208 1370 2247 manus
1400 2191 1598 2255 simul,
1660 2196 1716 2247 et
1749 2194 2029 2259 mentem,
2064 2194 2120 2244 et

462 2279 669 2335 oculos
715 2280 926 2335 tollens
956 2280 1033 2336 ad
1065 2280 1358 2337 Christum
1397 2297 1409 2336 :
1453 2280 1718 2344 Domine,
1757 2280 1966 2352 inquit,
2000 2295 2119 2333 om-

464 2368 556 2424 nis
595 2368 986 2441 principatus,
1032 2369 1339 2425 ostendisti
1386 2370 1442 2425 in
1486 2386 1580 2425 me
1629 2374 1789 2425 tuam
1836 2368 2117 2423 invictam

463 2457 811 2529 potentiam,
846 2465 900 2514 et
938 2459 1241 2515 dexteram
1272 2458 1842 2530 inexpugnabilem;
1876 2455 2119 2527 arguisti

463 2546 807 2603 damonum
841 2547 1324 2612 imbecillitatem.
1349 2554 1733 2619 tyrannorum
1754 2547 2079 2604 amentiam
2104 2561 2118 2611 ;

463 2652 561 2692 me
591 2638 899 2693 tormentis
940 2642 996 2693 et
1045 2637 1232 2710 plagis
1272 2636 1518 2693 eﬂ‘ecisti
1559 2636 1859 2693 fortiorem
1917 2652 1931 2703 ;
1965 2653 2119 2691 nunc

461 2741 704 2799 quoque
762 2728 911 2782 sicut
963 2744 1170 2783 eorum
1228 2728 1329 2799 qui
1379 2732 1833 2799 praecesserunt,
1891 2726 2114 2781 caedem

463 2816 773 2887 suscepisti
814 2822 870 2871 et
922 2817 1297 2886 sanguinem,
1352 2832 1555 2871 meum
1610 2832 1852 2887 quoque
1884 2816 2117 2885 suscipe

463 2904 818 2960 sacriﬁcium
852 2904 909 2961 in
944 2906 1152 2961 anima
1182 2908 1432 2961 contrita
1465 2904 1566 2959 tibi
1598 2904 1888 2971 oblatum,
1952 2908 2009 2959 et
2058 2904 2117 2958 in

463 2992 677 3065 spiritu
709 2994 1061 3049 humilitatis
1095 3012 1107 3061 ;
1142 2999 1196 3047 et
1244 2996 1303 3048 in
1336 2993 1734 3048 tabernaculis
1770 2998 2114 3048 sanctorum

2231 1833 2449 1888 στάδιον
2497 1835 2651 1887 πάλιν
2701 1839 2795 1893 τὴν
2829 1837 3162 1905 πανεύφημον
3202 1833 3339 1903 ἄγει,
3387 1837 3476 1883 καὶ
3509 1834 3640 1905 πρὸς
3673 1833 3844 1905 θηρία

2227 1932 2519 1978 πυκτεῦσαι
2564 1921 2939 1976 διακελεύεται.
2985 1929 3042 1975 Ἥ
3092 1919 3172 1988 δι,
3206 1922 3378 1994 ὥσπερ
3419 1929 3491 1990 τῷ
3540 1925 3608 1991 μὴ
3639 1922 3842 1991 τάχιον

2228 2010 2531 2085 ἐκδημῆσαι
2578 2017 2707 2086 πρὸς
2750 2016 2835 2065 τὸν
2890 2013 3049 2073 αὐτῆς
3090 2016 3323 2084 νυμφίον,
3380 2009 3509 2062 ἀλλὰ
3553 2013 3618 2062 τὰ
3655 2007 3843 2082 δεσμὰ

2227 2112 2319 2157 τοῦ
2351 2109 2591 2175 σώματος
2638 2105 2713 2156 ἔτι
2755 2105 2920 2174 φέρειν
2970 2101 3316 2175 βαρυνομένη,
3368 2106 3553 2174 χεῖρας
3584 2099 3696 2171 ἄμα
3744 2105 3839 2152 καὶ

2230 2197 2414 2267 φρένας
2454 2199 2544 2247 καὶ
2591 2198 2803 2265 ὄμματα
2859 2196 2989 2266 πρὸς
3042 2194 3272 2265 Χριστὸν
3314 2192 3511 2261 ἄρασα,
3572 2194 3835 2257 Δέσποτα,

2229 2286 2340 2355 ἔφη,
2372 2288 2460 2337 καὶ
2513 2286 2668 2357 Κύριε
2693 2284 2870 2344 πάσης
2915 2282 3106 2355 ἀρχῆς,
3150 2277 3350 2343 ἔδειξας
3383 2279 3431 2331 έν
3462 2279 3573 2350 ἐμοὶ
3605 2283 3699 2337 τὴν
3734 2284 3837 2337 σὴν

2230 2372 2487 2432 ἀήττητόν
2542 2392 2593 2425 τε
2638 2377 2725 2425 καὶ
2784 2374 2994 2443 ἄμαχον
3045 2369 3219 2434 δεξιάν
3249 2386 3262 2398 ⁸
3300 2369 3517 2440 ἤλεγξας
3566 2366 3834 2440 δαιμόνων

2231 2462 2518 2529 ἀσθένειαν,
2604 2461 2953 2533 ἰσχυροτέραν
3022 2460 3109 2531 ἔμε
3168 2459 3413 2532 βασάνων
3471 2463 3561 2510 καὶ
3618 2458 3833 2528 πληγῶν

2228 2555 2629 2627 παρεσκεύασας
2675 2569 2687 2582 ·
2736 2556 2825 2603 καὶ
2855 2559 2943 2603 νῦν
2993 2552 3062 2612 ὡς
3100 2545 3398 2617 προσεδέξω
3456 2556 3555 2600 τῶν
3600 2550 3837 2619 φθασάν-

2228 2661 2326 2694 των
2375 2638 2484 2700 ἤδη
2527 2642 2803 2715 μαρτύρων
2849 2642 2942 2700 τὰς
2990 2640 3196 2711 σφαγὰς
3246 2642 3336 2690 καὶ
3384 2639 3451 2690 τὰ
3489 2638 3709 2707 αἵματα,
3742 2640 3833 2688 καὶ

2226 2734 2318 2789 τὴν
2375 2729 2502 2801 ἐμὴν
2552 2726 2840 2804 πρόσδεξαι
2887 2731 3093 2791 θυσίαν,
3126 2726 3174 2780 ἐν
3212 2727 3367 2799 ψυχῇ
3421 2729 3829 2799 συντετριμμένη

2227 2824 2316 2871 καὶ
2372 2822 2626 2891 πνεύματι
2680 2823 3037 2877 ταπεινώσεως
3104 2836 3189 2869 σοι
3242 2820 3684 2888 προσφερομένην,
3742 2819 3837 2866 καὶ

2230 2917 2446 2970 σκηναῖς
2478 2908 2638 2979 ἁγίων
2691 2912 2779 2959 καὶ
2811 2909 3086 2980 μαρτύρων
3126 2912 3309 2977 χοροῖς
3352 2910 3445 2962 τὴν
3491 2902 3617 2973 {any
3642 2903 3833 2973 ψυχὴν

2225 2997 2533 3069 προσλαϐὼν
2595 2996 2896 3049 ἀνάπαυσον
2958 3016 2969 3029 ·
3023 2997 3103 3048 ὅτι
3156 2994 3436 3065 εὐλογητὸς
3494 2990 3541 3046 εἶ
3582 2993 3654 3055 εἰς
3710 2996 3834 3053 τοὺς

464 3088 518 3137 et
548 3082 745 3137 choris
780 3088 1111 3153 martyrum
1142 3098 1337 3137 meam
1389 3087 1689 3152 acceptam
1726 3083 1989 3136 animam
2023 3081 2115 3137 fac
2153 3106 2194 3162 ε
2227 3088 2436 3149 αἰῶνας.

462 3170 849 3241 requiescere,
883 3171 1169 3242 quoniam
1203 3187 1264 3226 es
1292 3170 1640 3225 benedictus
1663 3171 1722 3225 in
1756 3170 1988 3226 saecula.

535 3259 680 3314 XVI.
740 3261 818 3315 Ea
867 3259 951 3315 sic
1002 3265 1300 3331 precante,
1359 3259 1418 3313 in
1469 3259 1664 3331 ipsam
1719 3259 2116 3315 immittuntur

463 3352 724 3420 quatuor
748 3349 969 3415 leones,
1005 3356 1058 3403 et
1100 3354 1209 3403 tres
1242 3364 1416 3404 ursae.
1451 3350 1592 3414 Qua:
1623 3349 1863 3404 divisim
1895 3354 1950 3404 et
1985 3365 2114 3420 pre-

462 3454 560 3492 ces
595 3437 746 3492 illius
777 3437 1086 3493 exauditas
1126 3437 1332 3507 fuisse,
1388 3444 1444 3494 et
1473 3453 1758 3506 magnum
1809 3455 1844 3493 a
1874 3438 1989 3493 Deo
2022 3437 2113 3493 fa-

462 3533 620 3582 ctum
645 3526 702 3581 in
735 3543 804 3583 ea
819 3526 1173 3582 miraculum
1186 3526 1595 3582 ostenderunt.
1610 3529 1756 3583 Nam
1779 3527 1976 3582 leones
1988 3527 2115 3599 qui-

460 3614 599 3671 dem
631 3619 686 3671 et
712 3615 847 3672 duae
870 3632 1041 3683 ursae,
1062 3621 1231 3671 caute
1259 3616 1502 3671 simulet
1528 3616 1947 3671 reverenterad
1980 3633 2112 3671 eam

461 3704 832 3770 accedentes,
863 3704 1097 3776 plantas
1114 3705 1243 3775 ejus
1270 3705 1493 3776 pedum
1520 3706 1777 3760 humane
1807 3704 2116 3760 deoscula-

460 3793 677 3850 bantur
710 3814 721 3859 ;
757 3793 922 3849 tertia
953 3810 1089 3849 vero
1144 3810 1211 3850 ex
1245 3796 1419 3857 ursis.
1453 3810 1590 3849 cum
1623 3809 1835 3865 parum
1867 3794 2112 3866 quidem

462 3882 883 3939 momordisset
908 3883 1316 3949 carunculam,
1366 3883 1585 3939 vulnus
1617 3882 1859 3956 quidem
1890 3899 2114 3955 nequa-

460 3988 645 4044 quam
671 3971 825 4036 fecit,
851 3972 958 4028 fuit
997 3977 1193 4028 tamen
1231 3974 1471 4028 occasio
1511 3973 1639 4042 ejus
1686 3972 1761 4028 ad
1796 3975 1978 4028 Deum
2012 3972 2117 4028 de-

462 4076 668 4116 cessus
690 4068 853 4117 sexto
883 4061 1118 4116 decimo
1149 4061 1533 4131 Septembris.
1558 4060 1685 4117 Vox
1713 4066 1911 4117 autem
1945 4077 1974 4116 e
2003 4078 2118 4118 coe-

461 4148 534 4205 lis
561 4166 870 4215 resonans,
889 4149 1306 4206 admirabilem
1337 4150 1588 4206 vocabat
1617 4151 2005 4221 Euphemiam
2040 4151 2112 4205 ad

461 4238 664 4295 divina
696 4239 1077 4295 tabernacula
1110 4255 1122 4295 :
1160 4244 1431 4307 Accurre,
1465 4239 1687 4304 dicens,
1720 4238 1795 4294 ad
1847 4239 2116 4295 datorem

466 4342 848 4393 coronarum,
880 4343 1015 4400 quae
1072 4327 1388 4399 pulchrum
1422 4331 1723 4382 certamen
1782 4327 2115 4389 decertasti,

2314 3262 2441 3346 Ῐς.
2486 3263 2636 3316 Οὕτω
2679 3267 3127 3337 προσευχομένης,
3182 3260 3479 3334 έπαφίενται
3509 3262 3674 3332 ταύτῃ
3708 3266 3829 3313 τέσ-

2227 3371 2379 3425 σαρες
2427 3356 2515 3424 μὲν
2559 3353 2773 3414 λέοντες,
2821 3353 3004 3423 ἄρκτοι
3056 3348 3114 3404 δι
3160 3358 3315 3423 τρεῖς.
3365 3350 3675 3421 Περίζονται
3706 3358 3829 3419 γοῦν

2223 3445 2288 3493 τὰ
2320 3444 2476 3515 θηρία
2509 3446 2602 3500 τὴν
2633 3441 2798 3512 εὐχήν
2842 3460 2896 3493 τε
2941 3441 3052 3512 ἄμα
3101 3444 3191 3492 καὶ
3244 3444 3302 3491 τὸ
3346 3440 3521 3509 θαῦμα
3564 3447 3663 3499 τῆς
3703 3440 3833 3510 μάρ-

2224 3551 2379 3604 τυρος
2411 3549 2423 3562 ⁸
2458 3537 2546 3583 καὶ
2598 3532 2647 3583 οἱ
2696 3534 2785 3602 μεν
2838 3530 3033 3592 λέοντες
3082 3533 3169 3581 καὶ
3222 3537 3321 3581 τῶν
3370 3529 3570 3603 ἄρκτων
3627 3531 3681 3580 αἱ
3736 3524 3833 3581 δύο

2226 3620 2445 3682 εὐλαϐῶς
2496 3621 2607 3694 ἅμα
2662 3625 2751 3672 καὶ
2823 3623 3171 3691 πεφεισμένως
3250 3616 3537 3688 ἐγγίσασαι
3592 3621 3658 3669 τὰ
3706 3621 3829 3690 ἴχνη

2225 3712 2421 3771 ταύτης
2453 3709 2787 3783 ἀνθρωπικῶς
2840 3709 3142 3780 κατεφίλουν
3190 3723 3203 3738 ·
3247 3714 3343 3778 μία
3389 3704 3449 3759 δὲ
3480 3716 3577 3759 τῶν
3630 3709 3831 3779 ἄρκτων

2228 3796 2521 3852 ἐνδακοῦσά
2573 3819 2673 3851 που
2720 3806 2812 3850 τοῦ
2894 3803 3134 3871 σαρκίον,
3192 3797 3395 3867 πληγήν
3459 3799 3547 3868 μὲν
3613 3795 3833 3867 ἐνέτεμεν

2227 3885 2491 3960 οὐδαμῶς,
2551 3886 2755 3960 ἀφορμὴ
2814 3883 2872 3939 δὲ
2924 3888 3057 3955 ὅμως
3122 3888 3301 3955 γέγονε
3352 3893 3449 3945 τῆς
3516 3887 3643 3957 πρὸς
3705 3888 3833 3938 Θεὸν

2228 3977 2391 4038 αὐτῆς
2440 3974 2718 4047 ἐκδημίας,
2766 3976 2916 4033 ἕκτην
2963 3973 3045 4027 ἐπὶ
3088 3971 3282 4047 δεκάτη
3326 3978 3442 4026 τότε
3472 3982 3563 4025 τοῦ
3609 3981 3833 4044 Σεπτεμ-

2229 4066 2377 4139 ϐρίου
2456 4069 2614 4138 μηνός
2689 4066 2918 4137 ἄγοντος,
3005 4068 3148 4121 Φωνὴ
3229 4062 3501 4135 οὐρανόθεν
3592 4061 3832 4133 ἀπηκον-

2227 4160 2351 4228 μένη
2403 4161 2497 4214 τὴν
2555 4158 2864 4224 θαυμαστὴν
2919 4152 3088 4207 ἐκάλει
3154 4157 3287 4226 πρὸς
3342 4156 3436 4215 τὰς
3491 4155 3627 4213 θείας
3675 4153 3830 4214 αὐλὰς

2228 4244 2521 4317 Εὐφημίαν,
2571 4241 2885 4318 Ἀνάδραμε,
2934 4242 3183 4313 λέγουσα,
3215 4246 3345 4314 πρὸς
3376 4246 3462 4295 τόν
3493 4239 3827 4313 στεφοδότην,

2227 4335 2258 4392 ἠ
2311 4337 2397 4385 τόν
2449 4332 2603 4385 καλὸν
2654 4332 2829 4403 ἀγῶνα
2876 4333 3204 4403 ἠγωνισμένη
3241 4335 3329 4384 καὶ
3376 4335 3462 4383 τόν
3495 4327 3692 4406 δρόμον
3723 4328 3826 4390 ἤδη

465 4421 521 4473 et
545 4417 666 4487 jam
697 4433 938 4472 cursum
994 4416 1307 4487 perfecisti,
1340 4421 1657 4488 acceptura
1690 4418 1937 4487 prmmia
1994 4422 2117 4473 tuo-

2228 4423 2496 4476 τελέσασα.
2546 4425 2610 4475 τὰ
2662 4431 2762 4473 τῶν
2812 4420 3019 4493 ἀγώνων
3066 4426 3196 4495 γέρα
3232 4441 3325 4473 σου
3374 4420 3665 4493 ληψομένη.
3715 4420 3829 4473 "En

460 4522 595 4563 rum
627 4507 1042 4561 certaminum.
1085 4505 1243 4561 Voce
1272 4505 1471 4560 adhuc
1500 4509 1832 4570 resonante,
1868 4522 2119 4574 magnus

462 4600 830 4652 terraamotus
848 4596 1296 4667 conquassabat
1310 4593 1688 4659 civitatem,et
1704 4596 1917 4663 magis,
1934 4610 2117 4666 quam

466 4683 615 4741 ullas
646 4700 738 4739 res
778 4689 1027 4753 creatas,
1073 4684 1257 4739 corda
1310 4700 1515 4739 eorum
1544 4685 1643 4755 qui
1678 4683 2116 4739 inhabitabant.

466 4774 632 4831 Unde
663 4775 841 4829 etiam
874 4773 1029 4829 illius
1062 4779 1333 4845 parentes
1364 4773 1641 4844 oportuni
1676 4778 1853 4828 tatem
1886 4773 2037 4828 nacti
2066 4779 2121 4829 et

462 4868 839 4936 potestatem,
874 4878 995 4918 non
1048 4861 1275 4929 ﬂentes,
1334 4862 1437 4917 sed
1467 4861 1751 4925 laetantes,
1798 4862 1941 4918 illud
1972 4879 2124 4919 mar-

465 4952 721 5025 tyricum
745 4952 1136 5023 etpretiosum
1160 4967 1392 5023 corpus,
1410 4966 1527 5007 non
1549 4950 1799 5006 aliorum
1821 4952 2120 5017 manibus,

467 5042 570 5097 sed
602 5041 728 5098 suis
759 5042 1083 5107 credentes,
1120 5042 1177 5096 in
1209 5040 1339 5097 loco
1368 5040 1638 5114 quodam
1684 5056 1803 5096 non
1834 5042 2038 5113 procul
2090 5056 2126 5098 α

466 5132 700 5189 civitate
747 5131 1137 5196 Chalcedone,
1167 5129 1495 5186 honorifice
1527 5130 1703 5185 simul
1732 5136 1786 5185 et
1817 5130 1911 5201 pie
1962 5146 2125 5202 sepe-

465 5220 719 5277 lierunt:
746 5220 1063 5293 pulchram
1096 5220 1452 5291 accipientes
1481 5219 1817 5275 mercedem
1841 5222 1969 5290 ejus
1991 5220 2128 5275 edu-

473 5310 743 5375 cationis,
778 5310 939 5383 quod
972 5311 1308 5365 dicerentur
1360 5314 1559 5379 patres
1587 5308 1722 5364 talis
1753 5308 1910 5376 ﬁlias,
1947 5314 2001 5365 et
2032 5309 2129 5363 da-

471 5404 602 5454 rent
630 5400 743 5453 Deo
760 5398 1036 5467 fructum,
1070 5397 1484 5455 benedictione
1514 5402 1570 5452 et
1596 5397 1886 5453 oblatione
1918 5398 2128 5470 quavis

468 5487 884 5543 sacratiorem.
922 5488 1219 5554 Quoniam
1271 5504 1410 5544 eum
1457 5487 1628 5543 decet
1680 5488 1877 5543 omnis
1910 5487 2127 5560 honor,

469 5575 660 5647 gloria
691 5580 747 5630 et
772 5575 1047 5630 adoratio
1078 5577 1139 5631 in
1163 5576 1403 5632 smonla.
1430 5578 1640 5632 Amen.

2229 4522 2320 4573 τῆς
2369 4519 2534 4583 φωνῆς
2573 4512 2887 4582 ἠχουμένης,
2935 4516 3024 4561 καὶ
3072 4514 3286 4581 σεισμὸς
3326 4514 3489 4582 μέγας
3538 4508 3702 4563 ὶδόνει
3740 4514 3828 4568 τὴν

2231 4602 2397 4665 πόλιν,
2449 4605 2538 4652 καὶ
2581 4600 2769 4672 μᾶλλον
2819 4600 2847 4659 ἢ
2898 4602 2962 4651 τὰ
3013 4604 3284 4670 κτίσματα
3330 4601 3420 4660 τὰς
3462 4596 3688 4669 καρδίας
3735 4608 3828 4651 τῶν

2230 4692 2627 4743 κατοικούντων.
2676 4691 2828 4741 Ὅθεν
2882 4693 2968 4740 καὶ
3006 4690 3054 4740 οἱ
3086 4697 3179 4748 τῆς
3224 4691 3460 4759 γενναίας
3499 4690 3695 4750 ταύτης
3722 4708 3828 4760 γεν-

2231 4785 2453 4853 νήτορες,
2513 4778 2597 4831 οἷα
2648 4785 2834 4852 καιροῦ
2891 4783 2981 4829 καὶ
3041 4774 3217 4837 ἀδείας
3281 4776 3663 4849 ἐπειλημμένοι,
3722 4781 3829 4829 οὔτι

2232 4868 2510 4929 κλαίοντες,
2571 4866 2697 4918 ἀλλὰ
2779 4871 3070 4939 χαίροντες,
3152 4870 3207 4917 τὸ
3291 4870 3609 4937 μαρτυρικόν
3680 4864 3829 4919 έκεῖνο

2233 4963 2321 5009 καὶ
2374 4956 2657 5028 πολύτιμον
2724 4964 2878 5024 σῶμα
2934 4959 3120 5027 χερσὶν
3182 4955 3275 5007 οὐκ
3333 4953 3497 5006 ἄλλων
3551 4953 3677 5007 ἀλλὰ
3727 4963 3829 5016 ταῖς

2234 5047 2450 5108 οἰκείαις
2496 5047 2890 5107 πιστεύσαντες,
2943 5043 2989 5095 έν
3034 5048 3175 5115 τόπῳ
3224 5048 3325 5096 τινὶ
3365 5043 3424 5095 οὐ
3472 5048 3676 5117 μακρὰν
3730 5049 3829 5096 ἄντι

2234 5143 2322 5196 τῆς
2380 5133 2565 5195 πόλεως
2625 5129 2956 5192 Χαλκηδόνος
3030 5132 3248 5202 ἐντίμως
3302 5131 3411 5203 ἄμα
3468 5138 3557 5184 καὶ
3614 5132 3831 5194 εὐλαϐως

2236 5225 2613 5277 κατατίθενται.
2646 5222 2778 5274 καλὰ
2812 5228 3022 5294 τροφεῖα
3049 5223 3241 5282 ταύτης
3264 5219 3606 5282 ἀπολαϐόντες
3636 5225 3694 5273 τὸ
3721 5242 3831 5273 παι-

2240 5310 2328 5373 δὸς
2358 5314 2607 5372 τοιαύτης
2637 5310 2861 5363 ἀκούσαι
2887 5315 3101 5381 πατέρες
3125 5315 3214 5362 καὶ
3257 5307 3441 5362 δοῦναι
3485 5318 3599 5380 Θεῷ
3641 5314 3829 5383 καρπόν

2241 5401 2495 5471 εὐλογίας,
2546 5406 2634 5452 καὶ
2680 5402 2852 5461 πάσης
2891 5406 3191 5471 προσφορᾶς
3228 5400 3523 5473 ἱερώτατον,
3572 5400 3651 5451 ὅτι
3702 5400 3829 5469 αὐτῷ

2240 5493 2422 5561 πρέπει
2442 5494 2590 5542 πᾶσα
2616 5486 2764 5553 δόξα,
2809 5493 2935 5561 τιμὴ
2964 5493 3053 5541 καὶ
3084 5490 3443 5562 προσκύνησις
3469 5488 3537 5550 εἰς
3568 5492 3687 5549 τοὺς
3720 5489 3831 5539 αἰῶ-

2244 5594 2349 5637 νας.
2383 5576 2569 5650 Ἀμήν.
