4154 6192
294 305 403 362 733

1251 303 1688 361 MARTYRIUM
1718 305 1775 363 S.
1816 303 2165 362 TROPHIMI
2194 304 2286 360 ET
2318 304 2708 363 SOCIORUM.

3556 306 3661 363 734

1022 616 1669 706 ΜΑΡΤΥΡΙΟΝ
1710 620 1927 705 ΤΩΝ
1968 617 2311 706 ΑΙἾΩΝ
2356 617 2951 704 ΜΑΡΤΥΡΩΝ

1351 836 1485 1003 Τ
1492 832 2588 1045 ΡΟΦΙΜΟΥ,

727 1138 1579 1257 ΣΑΒΒΑΤΙΟΥ
1630 1138 1904 1253 ΚΑΙ
1966 1139 3197 1257 ΔΟΡΥΜΕΔΟΝΤΟΣ.

1150 1589 1295 1675 MA
1318 1587 1820 1676 RTYRIUM

1914 1587 2066 1676 SS.
2159 1586 2785 1674 MARTYRUM

1491 1830 2517 2002 TROPHIMI,

855 2137 1539 2261 SABBATII
1638 2136 1814 2256 ΕΤ
1901 2134 3089 2261 DORYMEDONTIS.

381 2406 589 2469 (Greca
617 2421 761 2459 nunc
791 2407 1023 2473 primum
1052 2408 1319 2473 prodeunt
1342 2421 1404 2458 ex
1430 2406 1548 2457 cod.
1585 2419 1687 2456 ms.
1724 2405 1886 2456 Paris.
1921 2418 1976 2455 n.
2002 2404 2127 2454 1492
2156 2419 2169 2463 ;
2206 2404 2394 2455 Latina
2422 2404 2588 2455 edidit
2616 2404 2803 2456 Surius
2832 2405 2899 2455 ad
2936 2406 3075 2455 diem
3103 2405 3161 2455 19
3192 2404 3562 2471 Septembris.)

366 2773 444 2828 A'.
480 2772 685 2848 Πρόϐου
745 2779 835 2825 τοῦ
884 2769 1180 2834 δυσσεϐοῦς
1218 2776 1276 2825 τό
1311 2771 1579 2845 βασίλειον
1627 2780 1890 2845 σκῆπτρον

2074 2772 2114 2825 Ι.
2152 2770 2342 2842 lmpio
2368 2770 2563 2828 Probo
2590 2776 2822 2830 tenente
2846 2778 3079 2846 sceptra
3101 2775 3335 2847 imperii
3358 2779 3657 2836 Romano-

286 2862 566 2936 Ῥωμαίοις
605 2860 890 2924 διέποντος⁹
942 2867 1035 2920 τὴν
1065 2871 1164 2915 τῶν
1217 2860 1472 2937 βικαρίων
1532 2861 1727 2934 ἀρχὴν,
1760 2862 1895 2913 κατὰ

290 2957 385 3010 τὴν
438 2952 769 3023 Ἀντιόχειαν
821 2950 1052 3011 ’Δττικός
1107 2954 1275 3010 ἤνυεν·
1311 2953 1364 3003 ὃν
1419 2948 1592 3009 δήπου
1632 2956 1723 3001 καὶ
1782 2949 1895 3002 ἐκοί-

289 3039 411 3092 λουν
462 3036 800 3112 Ἦλιόδωρον.
832 3046 945 3092 Τῶν
1004 3038 1273 3111 γενεθλίων
1324 3036 1382 3092 δε
1430 3042 1750 3113 φθοροποιών
1807 3057 1896 3109 γε·

290 3133 510 3201 νομένων
560 3136 652 3181 τοῦ
701 3134 959 3201 Δαφναίου
1013 3128 1352 3193 Ἀπόλλωνος,
1384 3130 1413 3186 ἠ
1472 3133 1563 3201 μεν
1615 3127 1893 3198 Ἀντιόχου

291 3216 342 3270 ἕν
399 3222 605 3293 κρότοις
652 3221 741 3270 καὶ
783 3219 965 3289 μέθαις
1009 3223 1098 3269 καὶ
1148 3220 1357 3280 θυσίαις
1398 3222 1487 3269 καὶ
1536 3222 1730 3287 κώμοις
1776 3212 1891 3273 διη-

290 3309 519 3379 μέρευεν
577 3306 689 3359 κατ’
744 3310 942 3364 ἐκείνην
997 3303 1057 3359 δὲ
1095 3310 1188 3363 τὴν
1241 3309 1436 3379 ἡμέραν
1488 3304 1541 3368 ἐξ
1594 3301 1896 3365 ἀλλοδαπῆς

292 3393 592 3455 ἂπιστάντες
642 3400 903 3468 Τρόφιμος
958 3399 1049 3446 καὶ
1102 3393 1406 3463 Σαϐϐάτιος,
1462 3391 1649 3469 ἄνδρες
1716 3396 1891 3447 θεοσε-

290 3481 397 3544 ϐεῖς
444 3489 534 3536 καὶ
592 3490 681 3543 τῆς
732 3483 976 3544 ἀληθείας
1031 3489 1411 3559 προσκυνηταὶ,
1470 3485 1598 3536 ὅπου
1662 3479 1721 3535 δὲ
1802 3487 1891 3535 καὶ

291 3578 496 3645 φανεροὶ
551 3577 645 3630 τὴν
694 3570 980 3637 εὐσέϐειαν,
1041 3575 1109 3634 ὡς
1167 3572 1487 3630 τηλικαύτην
1547 3581 1645 3624 τῶν
1699 3570 1892 3643 ψυχῶν

293 3662 664 3732 αἰχμαλωσίαν
711 3660 1010 3726 ἰθεάσαντο,
1045 3659 1183 3734 βαρύ
1231 3681 1284 3713 τι
1314 3667 1401 3713 καὶ
1452 3657 1729 3735 ἐγκάρδιον
1775 3678 1895 3712 στε-

291 3750 443 3811 νάξας
492 3752 517 3800 ό
568 3756 845 3823 Τρόφιμος,
903 3749 963 3802 Ὀ
1014 3755 1156 3813 Θεός,
1212 3749 1465 3813 ἐνεϐόησε,
1511 3758 1572 3823 τῇ
1619 3757 1755 3822 φωνῇ
1805 3769 1892 3800 κε-

291 3838 463 3910 ράσας
501 3845 591 3891 καὶ
636 3836 886 3913 δάκρυον,
932 3841 958 3891 ό
998 3839 1135 3911 λόγῳ
1164 3842 1254 3912 μὶν
1286 3842 1342 3891 τὸ
1395 3845 1494 3891 πᾶν
1547 3837 1598 3891 ἐκ
1629 3844 1701 3911 μή
1735 3842 1891 3890 ὄντων

292 3928 740 4001 ὑποστησάμενος,
821 3934 908 3982 τόν
961 3930 1229 4003 ἄνθρωπον
1283 3925 1341 3981 δι
1396 3930 1512 3981 κατ’
1564 3929 1735 3982 εἰκόνα
1794 3934 1891 3987 σὴν

291 4023 437 4092 χειρὶ
467 4018 633 4089 οἰκείᾳ
677 4014 1105 4090 δημιουργήσας,
1138 4017 1294 4079 αὐτὸς
1338 4015 1486 4071 ἔπιδε
1528 4024 1617 4071 καὶ
1668 4026 1755 4070 νῦν
1800 4024 1890 4071 καὶ

2002 2875 2157 2926 rum,
2191 2860 2394 2916 vicarii
2417 2861 2765 2932 magistratu
2796 2863 3118 2921 Antiochiae
3140 2865 3499 2935 fungebatur
3515 2869 3656 2925 Atti-

2004 2964 2132 3014 cus,
2151 2964 2333 3021 quem
2347 2951 2524 3006 etiam
2538 2952 2837 3008 vocabant
2851 2952 3230 3009 Heliodorum
3247 2954 3266 3026 (
3281 2960 3295 3009 ί
3310 2962 3348 3023 ).
3366 2956 3509 3012 Cum
3524 2973 3655 3025 per-

2003 3046 2274 3112 ageretur
2294 3044 2492 3095 autem
2512 3040 2759 3097 exitialis
2789 3042 3006 3099 natalis
3028 3044 3315 3116 Daphnaai
3342 3045 3653 3118 Apollinis,

2002 3126 2313 3183 Antiochia
2343 3128 2609 3200 quidem,
2642 3134 2707 3186 ut
2760 3136 2850 3187 est
2878 3139 3371 3201 consentaneum,
3396 3135 3657 3207 intripu-

2002 3216 2134 3286 diis,
2167 3216 2557 3276 ebrietatibus
2587 3226 2643 3276 et
2673 3220 2980 3277 sacriﬁciis
3021 3226 3207 3277 totum
3255 3222 3413 3278 diem
3448 3224 3657 3280 transi-

2004 3306 2203 3376 gebat.
2240 3307 2343 3363 illo
2364 3312 2565 3364 autem
2596 3309 2691 3364 die
2716 3326 2787 3365 ex
2816 3315 3059 3366 externa
3088 3311 3324 3380 regione
3341 3313 3657 3370 advenien-

2002 3399 2092 3451 tes
2118 3396 2476 3469 Trophimus
2506 3402 2561 3453 et
2593 3397 2934 3463 Sabbatius,
2974 3398 3081 3454 viri
3112 3399 3194 3471 pii
3226 3405 3282 3455 et
3309 3401 3654 3458 adoratores

2002 3485 2284 3551 veritatis,
2299 3486 2399 3541 sed
2415 3502 2672 3558 quorum
2687 3486 2957 3541 nondum
2972 3493 3099 3543 erat
3111 3488 3425 3545 manifesta
3440 3490 3652 3562 pietas,

2002 3588 2139 3629 cum
2187 3574 2522 3629 animarum
2568 3580 2794 3630 tantam
2827 3576 3193 3647 aspexissent
3226 3578 3653 3648 captivitatem.

2003 3662 2258 3731 graviter
2287 3668 2344 3717 et
2372 3678 2441 3717 ex
2473 3662 2595 3718 imo
2633 3669 2869 3735 pectore
2919 3664 3227 3734 suspirans
3258 3665 3652 3736 Trophimus:

2006 3754 2180 3815 Deus,
2196 3750 2549 3806 exclamavit
2565 3752 2718 3822 (voci
2735 3767 2978 3824 quoque
2990 3752 3308 3808 commistis
3322 3752 3651 3826 lacrymis),

2000 3840 2103 3911 qui
2126 3839 2305 3894 verbo
2324 3840 2569 3911 quidem
2589 3856 2660 3896 ex
2690 3840 2762 3895 iis
2791 3857 2926 3913 qua;
2952 3856 3073 3897 non
3094 3846 3281 3907 erant,
3304 3842 3649 3898 universum

2002 3927 2369 3991 constituisti,
2402 3927 2709 3984 hominem
2751 3934 2951 3986 autem
2996 3930 3075 3986 ad
3124 3931 3451 4003 imaginem
3487 3937 3649 3986 tuam

2003 4015 2245 4087 propria
2277 4032 2458 4072 manu
2494 4032 2556 4071 es
2594 4016 2935 4085 fabricatus,
2970 4023 3030 4073 tu
3078 4019 3336 4088 benigne
3368 4034 3529 4075 nunc
3560 4034 3653 4074 as-

291 4114 383 4166 τῆς
440 4114 531 4158 τοῦ
589 4106 936 4179 ἀντικειμένου
992 4110 1173 4181 χειρός
1229 4111 1411 4168 αύτούς
1469 4107 1657 4170 ἐξελοῦ.
1714 4116 1890 4160 Ταύτα

2003 4106 2153 4179 pice,
2176 4110 2233 4160 et
2268 4106 2429 4177 eripe
2476 4105 2619 4161 istos
2649 4121 2686 4161 a
2735 4122 2919 4163 manu
2967 4106 3314 4163 adversarii.
3365 4109 3497 4163 Haec
3534 4110 3650 4163 Deo

289 4195 317 4246 ὁ
391 4198 655 4268 Τρόφιμος
705 4195 841 4266 ἔλεγε
890 4198 1020 4267 πρός
1069 4199 1156 4248 τὸν
1209 4201 1358 4249 Θεόν*
1420 4202 1509 4248 καὶ
1555 4196 1890 4260 συλλαϐόντες

290 4281 478 4344 αὐτούς
530 4302 663 4345 τινες
737 4292 835 4335 τῶν
918 4282 1257 4342 Ἑλληνιστῶν
1330 4287 1518 4357 ἄγουσι
1596 4288 1740 4359 παρὰ
1804 4290 1890 4338 τόν

290 4368 555 4446 βικάριον.
613 4375 712 4424 Καὶ
771 4373 827 4433 ὃς
877 4375 1011 4424 κατὰ
1040 4380 1324 4447 προσώπου
1354 4377 1565 4435 τούτους
1612 4394 1888 4450 παραστη-

290 4462 513 4533 σάμενος
566 4456 812 4518 διίστησι
864 4464 953 4532 μὲν
1002 4469 1092 4513 τοῦ
1134 4466 1295 4514 τόπου
1328 4462 1480 4524 εύθύς
1516 4461 1602 4516 ἀπ’
1638 4463 1887 4522 ἀλλήλων·

289 4552 380 4611 οὕς
407 4549 500 4601 οὐκ
543 4550 606 4608 ἧν
656 4546 950 4608 διαστῆσαι
979 4558 1053 4620 τῷ
1093 4554 1366 4623 πνεύματι·
1410 4551 1641 4627 ἐπερωτᾷ
1694 4548 1752 4606 δε
1798 4562 1892 4606 τοῦ

287 4642 557 4710 Τροφίμου
628 4643 873 4713 πρότερον
924 4640 1132 4705 κλῆσιν,
1184 4645 1272 4692 καὶ
1329 4644 1522 4712 τύχην,
1572 4646 1662 4694 καὶ
1716 4644 1890 4694 ὁποῖον

287 4724 432 4797 αὐτῷ
457 4729 515 4778 τὸ
548 4725 722 4789 σέϐας.
766 4726 823 4779 Ὀ
857 4722 914 4780 δι
955 4725 1122 4790 δεινός
1152 4725 1302 4801 ἀνὴρ,
1344 4728 1548 4802 Ὀνομα
1592 4734 1703 4803 μὲν,
1734 4730 1885 4802 ἔλεγε,

288 4817 350 4865 τὸ
406 4813 525 4885 ίμόν
572 4813 625 4878 ἕξ
687 4815 851 4878 αὐτῆς
906 4821 1150 4887 ⁴γενέσεως
1200 4823 1481 4892 Τρόφιμος·
1542 4820 1752 4891 εὐγενὴς
1833 4816 1890 4872 δὲ

288 4904 358 4954 ὦν
406 4900 495 4955 ἀπ’
536 4902 713 4979 ἀρχῆς
766 4902 1018 4977 ἐλεύθερος
1079 4903 1373 4965 ἐδουλώθην
1433 4907 1486 4970 ἐξ
1541 4907 1788 4983 ἐπηρείας
1825 4917 1885 4981 τῇ

288 4990 541 5065 ἁμαρτίᾳ·
599 4990 729 5045 ἀλλὰ
779 5001 851 5044 τῶ
900 5002 991 5045 τοῦ
1043 4992 1168 5067 ἰμοῡ
1226 5002 1422 5070 Κυρίου
1473 4997 1629 5049 πάλιν
1699 4997 1890 5070 βαπτί-

289 5098 474 5151 σματι,
524 5085 618 5138 τὴν
667 5088 880 5155 πρώτην
937 5081 1131 5142 εκείνην
1178 5084 1431 5155 εὐγένειαν
1479 5090 1567 5140 καὶ
1613 5092 1707 5147 τὴν
1756 5088 1888 5142 ἔλευ-

290 5169 463 5241 θερίαν
498 5167 618 5222 ἂπέ)
629 5168 773 5225 αϐον.

359 5257 432 5314 Β’.
488 5262 590 5311 Καὶ
637 5260 664 5311 ὁ
724 5258 987 5335 βικοὶριος,
1043 5265 1168 5314 Τίνα
1212 5270 1337 5333 γοῦν
1389 5269 1545 5335 τιμᾷς
1593 5267 1709 5338 ἔφη,
1766 5269 1887 5342 θρη-

2002 4192 2147 4249 dixit
2170 4194 2545 4265 Trophimus.
2563 4196 2821 4267 Repente
2842 4200 3039 4251 autem
3055 4211 3192 4250 eum
3212 4211 3347 4250 cum
3367 4194 3651 4252 Sabbatio

2002 4284 2518 4354 comprehendunt
2559 4284 2807 4353 quidam
2848 4298 2918 4338 ex
2961 4283 3303 4351 gentilibus,
3331 4290 3387 4339 et
3425 4284 3656 4342 ducunt

2001 4373 2074 4427 ad
2113 4372 2420 4427 vicarium.
2455 4374 2562 4438 Qui
2594 4388 2731 4428 cum
2762 4388 2902 4427 eum
2933 4388 3132 4428 coram
3165 4378 3429 4429 curasset
3445 4374 3650 4431 sisten-

2000 4460 2166 4527 dum,
2193 4461 2325 4517 loco
2341 4461 2584 4533 quidem
2600 4463 2793 4517 statim
2814 4468 3103 4533 separata
3119 4478 3180 4518 se
3202 4462 3475 4529 invicem,
3496 4480 3651 4537 quos

2002 4566 2119 4605 non
2161 4555 2388 4622 poterat
2416 4552 2622 4623 spiritu
2654 4550 2984 4622 sejungere.
3016 4553 3202 4622 Rogat
3239 4556 3441 4608 autem
3487 4553 3653 4625 prius

1997 4640 2395 4710 TrOphimum,
2434 4639 2742 4711 quodnam
2784 4646 2934 4695 esset
2983 4639 3037 4696 ei
3071 4655 3310 4707 nomen,
3347 4657 3483 4713 quae
3516 4643 3651 4697 vitm

2000 4727 2263 4783 conditio
2285 4734 2487 4800 etquaa
2510 4729 2733 4797 religio.
2755 4727 2856 4783 Vir
2876 4734 3076 4785 autem
3101 4728 3342 4784 divinus
3378 4746 3391 4782 :
3425 4732 3652 4786 Nomen

1997 4816 2241 4888 quidem
2264 4832 2490 4880 meum,
2523 4817 2690 4883 dixit,
2725 4818 2802 4873 ab
2834 4817 2964 4888 ipso
2992 4824 3125 4873 ortu
3152 4824 3238 4874 est
3266 4818 3645 4889 Trophimus.

2000 4908 2143 4962 Cum
2179 4922 2316 4962 vero
2346 4906 2423 4963 ab
2454 4906 2619 4962 initio
2648 4908 2946 4977 ingenuus
2974 4923 3166 4962 essem
3199 4913 3253 4962 et
3284 4907 3432 4963 liber
3452 4912 3649 4974 natus,

1999 5010 2119 5050 non
2153 4994 2280 5051 sine
2328 4996 2549 5067 probro
2589 5002 2644 5051 et
2673 4996 2965 5053 dejecore
3006 4996 3175 5051 servii
3226 5000 3472 5070 peccato
3502 5019 3513 5060 ;
3549 4995 3651 5051 sed

1999 5099 2208 5139 rursus
2232 5084 2344 5140 mei
2369 5084 2583 5140 Christi
2608 5084 2962 5156 baptismate
2982 5084 3177 5157 recepi
3199 5085 3458 5156 primam
3486 5083 3650 5140 illam

1999 5173 2426 5246 ingenuitatem
2459 5180 2514 5230 et
2540 5173 2893 5231 libertatem.

2069 5264 2137 5321 Il.
2168 5263 2433 5320 Vicarius
2463 5280 2603 5320 vero
2637 5280 2649 5320 :
2685 5266 3020 5330 Quamnam
3048 5266 3270 5329 autem,
3300 5261 3514 5335 inquit,
3559 5278 3655 5319 se-

356 5433 1792 5526 ti).Erpbifulglusti‘temporibusJicetpersecutio
1815 5445 1887 5502 ab
1919 5457 1959 5513 ο
2000 5443 2355 5526 gerentis,in
2386 5442 2778 5526 Trophimum
2802 5446 2858 5497 et
2886 5440 3230 5526 sabbatium
3263 5456 3422 5498 nova
3451 5440 3653 5526 oblata

286 5507 607 5585 aureliano
633 5507 693 5585 ip
724 5507 1093 5585 Christianos
1119 5507 1887 5585 indictaquieverit,tamen

285 5577 626 5644 Antiochia,
648 5577 843 5636 furore
861 5577 1885 5658 Heliodori,vicariamprcel’ecturam

1999 5512 2331 5582 occasione,
2362 5512 2678 5583 recruduit,
2711 5520 2774 5572 ut
2802 5518 2969 5572 notat
2996 5512 3292 5570 Batonius
3326 5529 3425 5573 an.
3453 5513 3578 5575 281.
