4154 6192
470 263 578 320 735
1781 250 2043 310 MENSIS
2085 245 2541 309 SEPTEMBER.
3743 250 3854 306 736

472 385 675 459 queris
696 383 1117 455 religionem?J
1123 398 1219 438 am
1233 382 1484 455 quidem
1501 383 1644 447 dixi,
1682 374 2112 454 inquit'l‘rophi'

2250 379 2424 428 σκείαν
2453 393 2466 443 ;
2494 372 2636 433 Ἤδη
2668 380 2778 449 μεν,
2821 381 2979 449 φησὶν
3010 376 3036 429 ό
3064 379 3345 449 Τρόφιμος,
3373 371 3535 444 εἶπον,
3562 377 3634 429 ἔτι
3689 381 3854 449 σαφέ-

474 492 627 531 mus.
663 473 774 530 Sed
808 472 950 527 audi
982 471 1181 527 adhuc
1210 473 1474 543 apertius
1507 489 1520 527 :
1562 474 1707 529 Sum
1741 468 2108 526 Christianus

2249 482 2424 535 στερον
2481 467 2654 519 ἄκουε’
2738 470 3052 542 Χριστιανός
3120 465 3245 537 εἰμι,
3329 472 3559 537 Χριστοῦ
3632 462 3840 536 δοῦλος,

475 564 680 620 Christi
708 579 917 619 servus
954 578 966 616 :
997 568 1051 616 et
1092 562 1323 617 utinam
1362 561 1570 617 Christi
1610 576 1807 616 essem
1872 556 2113 612 victima

2250 560 2484 625 Χριστοῦ
2536 557 2757 628 σφάγιον
2786 559 2984 626 γένοιτό
3015 574 3105 626 μοι
3151 553 3247 609 1Ὀ
3287 550 3366 620 δὲ,
3396 557 3546 616 Ξένος
3571 551 3631 619 εἶ,
3666 560 3852 627 φησὶν,

478 654 576 711 llle
607 658 808 709 autem
842 671 855 710 :
882 652 1186 723 Hospesne
1213 666 1294 715 es,
1327 649 1538 723 inquit,
1560 666 1635 705 an
1666 647 1952 718 indigena
1976 644 2004 699 ?
2028 646 2118 698 Ho<

2248 645 2280 701 ἣ
2331 645 2614 718 ἐπιχώριος
2646 662 2660 712 ;
2692 648 2859 715 Ξίνος,
2913 646 2937 696 ὁ
2992 651 3083 696 τοῦ
3138 648 3340 715 κόσμου
3396 643 3549 708 ξένος,
3611 648 3674 705 ὡς
3726 643 3855 702 ἀλη-

486 758 644 816 spes,
668 742 771 814 qui
793 744 920 797 erat
949 756 1082 795 vere
1110 740 1318 795 mundi
1341 741 1580 812 hospes,
1614 736 1944 810 respondit.
1979 731 2126 803 Legi

2253 733 2370 794 θῶς,
2426 731 2754 808 ἀπεκρίνατο.
2820 732 3087 805 Ἀνίγνως,
3147 733 3281 786 εἶπεν
3346 732 3372 784 6
3429 734 3632 807 ἄρχων,
3692 735 3719 786 ὃ
3802 754 3855 785 τι

480 831 1053 904 sti,inquit,praases,
1080 830 1609 901 quasimperatoria
1640 827 1900 883 decrevit
1927 830 2120 897 poten-

2254 818 2528 892 βασιλικόν
2577 820 2819 875 ἐθέσπισε
2875 825 3100 894 κράτος;
3131 823 3400 892 Ἀνέγνων,
3450 828 3606 894 φησὶν
3656 822 3681 874 ό
3723 828 3854 896 Τρό-

479 921 562 977 tia
583 922 610 977 ?
638 919 792 989 Legi,
816 918 1385 990 inquitTrophimus
1415 918 1546 983 ;sed
1567 918 1695 973 haec
1710 915 1858 971 nihil
1884 913 1960 969 ad
1988 928 2099 968 nos

2253 929 2421 981 φιμος,
2452 909 2557 962 ἀλλ’
2626 908 2777 964 οὐδὲν
2826 919 2994 964 ταῦτα
3048 914 3169 986 πρὸς
3224 912 3383 983 ἡμᾶς.
3438 917 3699 984 Δαιμόνων
3746 915 3852 986 γὰρ

479 1007 1572 1080 naminterdaamonumdeceptionem
1599 1014 1653 1062 et
1674 1005 1955 1077 pietatem
1983 1001 2119 1057 mult

2252 998 2457 1061 ἀπάτης
2503 1005 2593 1053 καὶ
2635 1000 2899 1063 εύσεϐείας
2952 1000 3082 1053 πολὺ
3140 1004 3198 1052 τό
3256 1005 3433 1072 μέσον,
3493 1006 3581 1052 καὶ
3626 1009 3852 1054 τοσοῦτο

482 1104 609 1155 tum
641 1099 883 1154 interest
917 1117 929 1155 :
964 1102 1018 1152 et
1044 1103 1294 1163 tantum,
1328 1101 1717 1169 quantum,ut
1747 1093 2020 1157 arbitror,
2054 1092 2111 1147 in

2251 1090 2393 1153 ὅσον,
2442 1085 2608 1159 οἶμαι,
2635 1093 2823 1151 νυκτός
2864 1095 2953 1142 καὶ
3004 1089 3173 1148 ἡλίου.
3234 1090 3430 1163 Ὀργῆς
3476 1090 3852 1161 ὑποπίμπλησι

482 1192 569 1243 ter
598 1188 756 1243 diem
796 1193 852 1242 et
885 1196 1137 1242 noctem.
1170 1188 1299 1242 Haec
1325 1187 1416 1241 ira
1454 1185 1683 1257 replent
1716 1182 2100 1238 Heliodorum

2251 1185 2419 1229 ταῦτα
2446 1181 2531 1230 τόν
2558 1175 2891 1254 Ἡλιόδωρον,
2924 1183 3013 1231 καὶ
3058 1179 3248 1231 αὐτίκα
3293 1178 3480 1231 κελεύει
3511 1181 3852 1251 γυμνωθέντα

485 1282 541 1333 et
569 1278 765 1332 statim
816 1276 986 1347 jubet
1016 1291 1151 1330 eum
1197 1274 1513 1338 nudatum,
1547 1290 1582 1330 a
1611 1277 1872 1347 quatuor
1902 1269 2118 1327 extend

2251 1274 2431 1319 τοῦτον
2504 1266 2559 1319 ἐκ
2638 1270 2905 1342 τεσσάρων
2961 1263 3301 1331 διαταθῆναι,
3352 1272 3442 1319 καὶ
3505 1264 3853 1343 σφοδρότερον

484 1370 543 1422 et
572 1366 867 1421 verberari
908 1364 1341 1420 vehementius.
1391 1366 1581 1436 Atque
1615 1364 1665 1418 ei
1716 1362 1981 1435 quidem,
2018 1359 2124 1414 fere

2252 1357 2558 1410 τύπτεσθαι.
2603 1359 2780 1427 Τούτῳ
2828 1360 2917 1428 μὲν
2974 1353 3061 1409 οὖν
3115 1356 3370 1429 ὠμότερον
3422 1358 3605 1428 θηρίου
3656 1362 3854 1419 παντὸς

488 1457 704 1528 quavis
739 1453 1045 1509 crudelius
1080 1469 1297 1525 corpus
1329 1452 1571 1525 ﬂagellis
1601 1451 1955 1518 exedebant,
1983 1448 2128 1504 illinc

2254 1446 2309 1496 αἱ
2353 1447 2609 1517 μάστιγες
2654 1450 2710 1498 τό
2752 1455 2905 1518 σῶμα
2956 1448 3255 1505 κατήσθιον·
3310 1448 3529 1518 αἵματος
3571 1442 3630 1499 δὲ
3666 1447 3857 1521 ῥύακες

501 1551 703 1600 autem
727 1543 977 1598 ﬂuentes
994 1542 1098 1598 rivi
1116 1542 1428 1612 sanguinis
1446 1542 1779 1613 subjectum
1797 1540 1992 1595 solum
2008 1542 2141 1594 ante

2253 1536 2440 1587 ἐκεῖθεν
2498 1540 2762 1610 φερόμενοι
2808 1539 2933 1609 πρὸς
2981 1534 3145 1608 βάθος
3203 1536 3488 1608 ἐφοίνισοον
3544 1539 3603 1588 τό
3650 1537 3860 1589 ὑποκεῖ-

498 1633 835 1689 reddebant
859 1648 1228 1704 purpureum
1263 1632 1637 1698 ;etinterim:
1679 1629 1978 1699 Sacriﬁca,
2003 1627 2138 1683 infe«

2254 1643 2400 1695 μενον
2459 1621 2665 1697 ἔδαφος·
2727 1630 2835 1688 καὶ,
2875 1629 3064 1690 Θῦσον,
3096 1626 3122 1677 6
3161 1621 3473 1697 Ἡλιόδωρος
3525 1624 3573 1677 ἓν
3622 1628 3859 1697 τοσούτῷ

493 1722 593 1784 lix,
626 1722 863 1777 dicebat
913 1721 1281 1786 Heliodorus,
1313 1737 1507 1793 neque
1552 1720 1884 1776 maledictis
1916 1719 2133 1774 incesse

2219 1711 2439 1784 ,ἕλεγεν,
2489 1713 2654 1782 ἄθλιε,
2703 1710 2841 1786 μηδὲ
2879 1722 3052 1777 κακῶς
3096 1713 3209 1785 λεγε
3261 1717 3382 1774 τοὺς
3439 1715 3584 1774 θεοὺς
3633 1719 3723 1767 καὶ
3769 1718 3859 1766 τόν

489 1812 639 1867 deos
669 1816 725 1867 et
773 1810 1215 1883 imperatorem.
1258 1812 1422 1866 Anne
1465 1826 1672 1866 carnes
1723 1810 1968 1881 quidem
2014 1812 2129 1863 tua:

2258 1802 2635 1876 αὐτοκράτορα-
2691 1804 2720 1862 ἦ
2774 1798 2897 1856 οὐδε
2948 1806 3038 1866 τάς
3081 1802 3269 1864 οἰκείας
3309 1805 3510 1877 σάρκας
3561 1805 3688 1878 ὁρᾷς
3734 1802 3862 1855 λυο-

488 1900 656 1956 vides
688 1900 980 1972 paulatim
1014 1899 1253 1955 dissolvi
1288 1906 1343 1955 et
1371 1899 1642 1955 difﬂuere
1670 1900 1697 1955 ?
1749 1899 1845 1953 llle
1894 1903 2093 1953 autem

2257 1896 2410 1964 μένας
2457 1891 2771 1966 καταϐραχύ
2801 1897 2892 1945 καὶ
2940 1891 3293 1967 ὑποῤῥεούσας
3326 1892 3425 1958 ;“0
3457 1888 3533 1957 δι,
3573 1895 3630 1945 Σε
3663 1891 3860 1964 μᾶλλον

490 1987 587 2059 Te,
620 1990 831 2061 inquit,
865 1989 1123 2053 intuens,
1143 1990 1335 2058 magis
1355 1990 1640 2044 misereor
1662 1993 1775 2044 tuae
1794 1986 2130 2043 calamitati:

2259 1982 2409 2054 ὁρῶν,
2442 1984 2557 2049 ἔφη,
2588 1980 2796 2034 πλείονα
2848 1989 2909 2040 τῆ
2924 2002 2943 2043 ς
2997 1987 3267 2054 συμφορᾶς
3319 1989 3415 2042 τῆς
3462 1989 3561 2042 σῆς
3606 1980 3858 2054 λαμϐάνω

489 2078 655 2150 quod
685 2094 822 2132 cum
852 2078 928 2132 sis
956 2077 1157 2142 homo,
1191 2077 1377 2132 habes
1401 2077 1667 2132 animam
1695 2077 1828 2132 feris
1862 2075 2121 2144 agrestio

2260 2076 2344 2123 τόν
2396 2071 2545 2124 ἔλεον·
2612 2074 2749 2134 ὃπως
2803 2071 3069 2143 ἄνθρωπος
3123 2076 3162 2123 ὦ
3214 2074 3405 2145 θηρίων
3461 2069 3856 2145 ἀπεχθεστέραν

490 2182 638 2231 rem,
658 2165 886 2221 nullam
900 2166 957 2220 in
977 2173 1140 2221 tuam
1160 2165 1578 2236 cognationem
1592 2165 1913 2221 ostendens
1935 2165 2130 2221 huma-

2260 2162 2395 2232 ἔχεις
2445 2160 2650 2233 ψυχὴν,
2704 2157 2969 2234 μηδεμίαν
3015 2166 3134 2235 περὶ
3174 2164 3230 2213 τό
3286 2164 3528 2233 συγγενὴς
3568 2161 3855 2235 φιλανθρω-

494 2255 760 2310 nitatem.
794 2258 913 2325 Ego
962 2260 1163 2311 autem
1193 2255 1503 2327 quomodo
1551 2256 1715 2326 potui
1771 2255 1983 2312 Christi
2032 2272 2134 2310 me:

2261 2255 2383 2303 πίαν
2436 2247 2864 2321 ἐπιδεικνύμενος.
2900 2250 3043 2322 Ἐμοὶ
3094 2247 3153 2303 δὲ
3179 2252 3353 2323 ὥσπερ
3403 2250 3600 2325 ὑπῆρξε
3644 2258 3705 2323 τῇ
3763 2258 3858 2303 τοῦ

496 2341 704 2398 virtute
735 2342 886 2398 ferre
938 2343 1147 2416 plagas
1187 2346 1332 2400 citra
1373 2344 1706 2400 molestiam
1738 2351 1794 2400 et
1822 2360 1961 2401 cum
2006 2360 2136 2415 gau‘

2260 2337 2383 2411 ἐμοῦ
2432 2346 2667 2412 Χριστοῦ
2718 2336 2937 2411 δυνάμει
2974 2343 3067 2402 τὰς
3113 2339 3313 2410 πληγὰς
3361 2336 3589 2402 ἀλύπους
3635 2345 3723 2392 καὶ
3762 2343 3859 2391 σὺν

496 2432 596 2487 dio
630 2447 645 2498 ;
676 2433 759 2488 ita
803 2434 978 2489 etiam
1021 2434 1237 2489 horum
1270 2433 1671 2506 spectaculum
1704 2434 1970 2489 existimo
2017 2450 2136 2489 esse

2260 2425 2423 2501 ἡδονῇ
2476 2432 2659 2501 φέρειν,
2694 2428 2825 2481 οὕτω
2858 2433 2949 2480 καὶ
3003 2432 3096 2487 τὴν
3147 2431 3342 2480 τούτων
3395 2430 3531 2495 θέαν,
3582 2427 3860 2500 ὀφθαλμῶν

495 2521 805 2577 oculorum
836 2521 1098 2588 delicias,
1131 2538 1360 2587 eorum,
1402 2537 1538 2594 quae
1576 2529 1910 2593 sperantur,
1943 2538 2135 2593 exspe:

2260 2521 2452 2588 τρυφὴν
2505 2520 2727 2589 ἥγημαι,
2788 2526 2879 2579 τῆς
2935 2526 3033 2569 τῶν
3106 2516 3447 2590 ελπιζομένων
3506 2514 3857 2591 προσδοκίας,

496 2610 752 2666 ctatione
775 2626 1023 2667 sensum
1047 2610 1323 2667 dolorum
1343 2611 1666 2667 auferente.
1684 2614 1749 2668 Et
1772 2611 1995 2683 alioqui
2025 2612 2136 2667 auia

2260 2613 2360 2657 τῶν
2418 2602 2617 2657 ὀδυνῶν
2681 2606 3007 2669 κλεπτούσης
3080 2611 3173 2665 την
3229 2609 3499 2663 αἴσθησιν·
3561 2605 3727 2667 ἄλλως
3808 2626 3863 2659 τε

498 2716 661 2756 mam
685 2700 793 2756 scit
821 2716 1155 2772 expurgare
1186 2701 1263 2756 ab
1293 2701 1457 2756 omni
1493 2701 1729 2757 macula
1750 2701 1843 2756 hic
1881 2702 2138 2770 sanguis,

2260 2698 2351 2746 καὶ
2379 2696 2642 2768 καθαιρεῖν
2672 2692 2783 2749 οἶδε
2820 2693 3034 2757 κηλίδος
3091 2700 3185 2753 τὴν
3222 2695 3403 2767 ψυχὴν
3453 2694 3665 2757 ἀπάσης
3704 2701 3863 2748 ταυτὶ

498 2791 603 2862 qui
629 2794 872 2863 propter
911 2791 1204 2845 Christum
1233 2788 1579 2855 effunditur,
1622 2790 1725 2863 qui
1754 2796 1841 2844 est
1871 2793 1924 2845 el
1976 2790 2138 2846 velut:

2262 2788 2327 2836 τά
2384 2781 2478 2836 διὰ
2536 2789 2765 2858 Χριστόν
2819 2788 3033 2857 αἵματα,
3079 2787 3230 2838 οἱονεὶ
3282 2785 3496 2858 λουτρόν
3540 2786 3670 2859 αὐτῇ
3732 2788 3866 2838 θεῖον

499 2879 809 2953 quoddam
823 2878 1437 2935 divinumlavacrum.
1472 2882 1601 2935 Hinc
1614 2896 1748 2935 cum
1775 2881 1831 2934 in
1860 2880 1990 2951 ipso
2010 2885 2139 2935 tem-

2261 2878 2524 2945 γενόμενα.
2566 2881 2743 2926 Ταῦτα
2773 2871 2951 2933 ἐπειδὴ
3007 2874 3129 2947 παρ’
3157 2875 3311 2926 αύτόν
3357 2879 3441 2927 τόν
3486 2882 3576 2937 τῆς
3624 2873 3866 2947 βασάνου

500 2984 643 3040 pore
659 2967 933 3022 tormenti
959 2968 1101 3022 vidit
1119 2968 1374 3023 vicarius
1399 2968 1917 3039 philosophantem
1936 2974 2140 3040 marty-

2263 2966 2443 3035 καιρόν
2506 2964 2530 3014 ὁ
2576 2961 2820 3036 βικάριος
2871 2963 3250 3036 φιλοσοφοῦντα
3308 2960 3415 3016 εἶδε
3472 2966 3554 3016 τόν
3594 2966 3862 3036 μάρτυρα,

501 3071 647 3121 rem,
682 3071 820 3109 eum
846 3055 1089 3127 quidem
1115 3056 1173 3109 in
1207 3056 1515 3125 praesentia
1536 3056 1739 3127 punire
1757 3057 1957 3111 statuit
1980 3058 2141 3111 inter-

2263 3055 2321 3104 τό
2352 3055 2440 3122 μὲν
2467 3052 2701 3113 κολάζειν
2728 3052 2775 3104 ἐν
2815 3061 2885 3123 τῷ
2916 3057 3135 3125 παρόντι
3177 3052 3476 3105 καταλιπεῖν
3516 3055 3664 3123 ἔγνω,
3692 3054 3866 3105 πειθοῖ

506 3144 750 3213 mittere,
786 3144 1065 3197 suasione
1098 3150 1295 3199 autem
1324 3144 1517 3215 potius
1539 3160 1674 3201 eum
1699 3146 1945 3215 aggredi
1971 3151 2027 3200 et
2047 3145 2146 3200 ad-

1832 3146 1945 3200 redi
1971 3151 2027 3200 et
2047 3145 2154 3200 ad-
2203 3137 2209 3138 ί
2265 3137 2324 3193 δὲ
2354 3140 2541 3212 μᾶλλον
2566 3142 2725 3194 αὐτοῦ
2752 3147 2840 3195 καὶ
2871 3146 3170 3215 παραινέσει
3199 3141 3472 3215 μετελθεῖν.

501 3232 955 3288 hortationibus.

572 3312 667 3368 III.
700 3316 846 3368 Cum
870 3313 1067 3385 itaque
1098 3328 1235 3368 eum
1268 3317 1536 3370 curasset
1566 3330 1767 3370 coram
1792 3315 1927 3387 ipso
1949 3315 2153 3372 sisten-

2334 3317 2402 3371 I".
2470 3318 2697 3377 Πλησίον
2779 3328 2867 3371 ουν
2924 3323 3008 3373 τὸν
3111 3316 3281 3391 ἄνδρα
3360 3321 3858 3391 παραστησάμενος,

501 3402 645 3457 dum
678 3418 692 3456 :
724 3400 841 3457 Diis
874 3401 1160 3468 sacriﬁca,
1195 3402 1778 3475 dicebat,Trophime
1804 3422 1824 3469 ;
1851 3404 2069 3476 alioqui
2101 3412 2141 3460 te

2264 3414 2459 3471 Θῦσον,
2514 3408 2669 3480 ἔλεγε,
2718 3413 2965 3483 Τρόφιμε,
3015 3416 3123 3471 τοῖς
3175 3410 3321 3473 θεοῖς,
3373 3405 3550 3466 ἐπειδὴ
3602 3414 3862 3481 Διονυσίῳ

500 3490 576 3547 ad
602 3490 951 3562 Dionysium
968 3490 1340 3557 Perennium,
1358 3492 1624 3565 Phrygiae
1646 3493 1931 3549 Salutaris
1947 3494 2140 3566 praesi-

2266 3500 2510 3570 Περεννίῳ
2566 3506 2635 3567 τῷ
2708 3504 2938 3569 Φρυγίας
3001 3497 3343 3571 Σαλουταρίας
3395 3499 3610 3569 ἡγεμόνι
3666 3516 3723 3549 σε
3765 3517 3866 3549 πα-

502 3578 667 3646 dem,
685 3579 1108 3635 transmittam.
1124 3580 1429 3636 Eratenim
1448 3582 1496 3637 is
1512 3582 1857 3638 crudelitate
1876 3584 2142 3652 insignis.

2260 3584 2535 3658 ραπέμψω·
2617 3583 2677 3643 ἧν
2738 3589 2839 3659 γὰρ
2894 3586 3039 3647 οὗτος
3102 3595 3162 3645 τῆ
3243 3587 3476 3659 ὠμότητι
3552 3582 3862 3648 διαϐόητος.

499 3670 626 3723 Non
657 3685 789 3724 mea
822 3668 1014 3734 refert,
1056 3669 1248 3742 inquit
1287 3669 1667 3743 Trophimus,
1697 3688 1731 3727 a
1768 3678 1921 3737 tene,
1963 3687 2041 3728 an
2072 3673 2139 3728 ab

2263 3670 2429 3726 Οὐδὲν
2473 3677 2646 3747 ἔμοιγε
2700 3671 2915 3739 διοίσει,
2940 3680 3098 3747 φησὶν
3146 3677 3171 3727 6
3223 3680 3497 3748 Τρόφιμος,
3529 3676 3628 3726 ὑπό
3681 3682 3777 3726 σοῦ
3810 3694 3866 3727 τε

506 3758 606 3813 illo
632 3757 964 3816 interimar.
1007 3760 1150 3815 Nam
1176 3776 1278 3815 seu
1309 3760 1678 3825 Heliodorus,
1700 3778 1802 3816 seu
1830 3761 2146 3834 Dionysius

2262 3768 2350 3816 καὶ
2380 3763 2466 3815 ὑπ’
2509 3766 2702 3817 ἐκείνου
2754 3762 3070 3837 ἀνῃρῆσθαι·
3097 3766 3158 3816 ἄν
3210 3784 3265 3817 τε
3323 3766 3591 3826 Διονύσιος
3634 3765 3660 3816 6
3711 3763 3865 3815 κολά-

500 3863 597 3902 me
616 3848 843 3919 puniat,
863 3847 1074 3903 eadem
1098 3864 1259 3903 mors
1280 3865 1374 3904 me
1414 3856 1634 3905 manet.
1663 3850 1826 3906 Idem
1867 3851 2027 3906 enim
2066 3860 2140 3907 esl

2262 3852 2363 3913 ζων
2416 3848 2468 3925 ᾖ,
2523 3853 2548 3904 6
2614 3852 2771 3913 αὑτός
2821 3873 2884 3926 με
2932 3859 3189 3927 περιμένει
3249 3855 3481 3914 θάνατος’
3573 3850 3680 3905 ἐπεὶ
3769 3856 3866 3904 καὶ

501 3937 767 4008 utrisque
800 3952 1014 4007 scopus
1036 3942 1091 3991 et
1115 3937 1469 4002 institutum,
1510 3940 1722 4009 punire
1752 3944 1807 3995 et
1832 3941 1906 3995 de
1954 3941 2141 3998 medic

2264 3944 2461 4004 σκοπός
2506 3940 2692 4015 ἀμφοῖν
2742 3944 2768 3994 ό
2823 3942 2994 4009 αὐτὸς,
3023 3942 3257 4006 κολάζειν
3314 3948 3404 3995 καὶ
3464 3940 3688 4017 ἀναιρεῖν
3737 3946 3868 4004 τοὺς

498 4024 698 4080 tollere
741 4040 865 4086 eos.
898 4024 1001 4094 qui
1032 4026 1464 4081 constituerunt
1494 4026 1683 4083 colere
1712 4028 2011 4099 pietatem.
2057 4031 2138 4085 His

2261 4030 2524 4102 ἠσμένους
2589 4036 2743 4103 τιμᾷν
2812 4036 2900 4089 τὴν
2978 4030 3257 4085 εὐσέϐειαν.
3333 4034 3549 4092 Τούτοις
3637 4030 3867 4093 ὀξυνθεὶς

500 4113 878 4168 vehementer
896 4118 1228 4168 commotus
1251 4114 1620 4181 Heliodorus,
1646 4115 1704 4170 in
1727 4117 1888 4187 ligno
1905 4135 2140 4190 suspen-

2258 4114 2567 4191 Ἡλιόδωρος
2642 4116 2725 4170 ἐπὶ
2778 4118 2931 4181 ξύλου
3009 4138 3062 4171 τε
3119 4124 3206 4171 τόν
3279 4120 3557 4192 ’Τρόφιμον
3638 4117 3863 4191 ἀναρτᾷ.

501 4201 590 4254 dit
612 4201 1020 4273 Trophimum,
1052 4208 1107 4257 et
1154 4218 1292 4257 eum
1339 4204 1837 4259 circumsistentes
1882 4208 2141 4277 protinus

2258 4213 2348 4259 καὶ
2419 4210 2745 4282 περιστάντες
2839 4207 2986 4270 εὐθὺς
3073 4209 3122 4260 οἱ
3214 4205 3401 4281 δήμιοι
3499 4210 3588 4268 τὰς
3669 4206 3868 4260 ἕκείνου

503 4288 813 4346 carniﬁces
846 4290 997 4345 illius
1027 4290 1213 4347 latera
1242 4292 1586 4347 immaniter
1611 4293 2027 4365 discerpebant
2057 4312 2068 4350 :
2096 4302 2143 4351 et

2258 4296 2481 4369 πλευρὰς
2550 4294 2767 4356 ἀνηλεῶς
2819 4296 2970 4365 ἔξεον,
3044 4302 3133 4349 καὶ
3203 4302 3332 4369 πρὸς
3384 4297 3516 4349 αύτά
3588 4299 3708 4349 ε’ίσω
3798 4300 3874 4349 τὰ

504 4378 789 4435 subibant
817 4381 893 4435 ad
927 4380 1059 4452 ipsa
1078 4397 1266 4453 usque
1299 4382 1529 4437 interna
1550 4383 1791 4439 viscera.
1820 4383 1915 4439 llle
1947 4391 2144 4441 autem

2262 4385 2544 4456 σπλάγχνα
2592 4382 2857 4445 ἐϐάδιζον.
2914 4384 2973 4437 Ὀ
3017 4382 3077 4438 δέ
3120 4385 3307 4457 ἀκριϐῆ
3367 4385 3559 4458 μᾶλλον
3628 4389 3714 4438 τόν
3774 4395 3873 4448 τῆς

506 4466 698 4537 magis
712 4469 1102 4525 conservabat
1116 4474 1461 4526 accuratum
1475 4471 1877 4528 characterem
1893 4474 2146 4544 philoso-

2260 4473 2448 4533 οἰκείας
2528 4473 2834 4546 φιλοσοφίας
2918 4470 3140 4535 διέσωζε
3211 4483 3556 4550 χαρακτῆρα,
3641 4478 3867 4542 Χριστὲ,

506 4556 689 4628 phiae:
710 4556 975 4623 Domine,
993 4557 1074 4613 fer
1086 4574 1260 4629 opem
1276 4558 1500 4613 famulo
1518 4560 1851 4623 tuo,leniter
1876 4562 2081 4618 dicens
2098 4570 2146 4619 et

2263 4562 2441 4636 βοήθει
2489 4570 2559 4632 τῷ
2617 4571 2692 4633 σῷ
2739 4559 2929 4634 δούλῳ,
2970 4565 3153 4634 ἡσυχῆ
3185 4569 3274 4617 καὶ
3329 4567 3503 4638 πράως
3532 4565 3868 4635 ύποφθεγγό-

506 4646 759 4717 placide.
789 4649 1007 4703 Praeses
1030 4647 1229 4719 itaque
1253 4646 1598 4704 Heliodorus
1623 4648 1831 4706 videns
1854 4651 2146 4723 insignem

2263 4670 2427 4724 μενος.
2483 4650 2541 4703 Ὀ
2593 4654 2774 4723 ἄρχων
2834 4657 3003 4704 τοίνυν
3053 4649 3367 4727 Ἡλιόδωρος
3453 4656 3544 4710 τὴν
3626 4652 3866 4726 ὑπερφυῆ

507 4734 740 4791 athletae
768 4735 1196 4806 fortitudinem,
1221 4752 1359 4792 cum
1392 4752 1512 4793 non
1546 4745 1749 4809 posset
1779 4739 1971 4795 lucem
1999 4740 2147 4796 illius

2268 4737 2468 4812 βλέπων
2534 4748 2624 4792 τοῦ
2704 4739 2928 4798 ἀθλητοῦ
2984 4746 3279 4816 καρτερίαν,
3341 4737 3519 4799 ἐπειδὴ
3582 4741 3675 4793 οῦκ
3749 4737 3870 4813 εἶχε

509 4824 821 4880 verborum
856 4824 1087 4890 intueri,
1121 4830 1182 4880 ut
1210 4827 1311 4898 qui
1352 4827 1569 4883 animae
1599 4830 1897 4885 caecutiret
1926 4830 2149 4889 oculis:

2268 4832 2392 4904 πρός
2467 4833 2524 4880 τὸ
2576 4837 2675 4881 τῶν
2718 4828 2909 4882 ἐκείνου
2957 4830 3203 4905 ῥημάτων
3253 4838 3359 4902 φῶς
3418 4826 3717 4901 διαϐλέψαι,
3774 4849 3867 4882 tu-

510 4913 739 4977 Ubiest,
764 4913 1018 4979 dicebat,
1047 4915 1431 4987 oTrophime,
1462 4917 1719 4973 Christus
1741 4918 1913 4973 tuus?
1933 4918 2031 4974 Ille
2056 4935 2150 4973 au-

2271 4916 2508 4990 φλωττων
2542 4921 2664 4980 τοὺς
2708 4926 2800 4979 τῆς
2847 4919 3033 4991 ψυχῆς
3078 4918 3391 4992 ὀφθαλμοὺς,
3457 4925 3583 4984 Ποῦ,
3617 4919 3802 4991 ἔλεγεν,
3842 4921 3872 4971 6

510 5006 627 5059 tem
658 5018 670 5058 :
705 5005 880 5065 Meus,
914 5002 1167 5068 dicebat,
1192 5004 1451 5059 Christus
1482 5022 1675 5078 neque
1701 5022 1737 5063 a
1761 5022 1858 5063 me
1886 5007 2150 5072 discedit,

2274 5011 2504 5070 Χριστός
2535 5025 2650 5072 σου,
2682 5012 2907 5080 Τρόφιμε
2940 5026 2953 5071 ;
2985 5007 3043 5060 Ὀ
3075 5004 3153 5074 δε,
3185 5007 3242 5060 Ὀ
3286 5006 3428 5079 ἐμὸς,
3482 5010 3597 5080 ἔφη,
3641 5011 3874 5080 Χριστός

511 5096 567 5148 et
592 5107 828 5163 semper
858 5091 1027 5147 adest
1050 5093 1349 5163 omnibus,
1379 5095 1481 5165 qui
1509 5111 1645 5151 eum
1674 5097 1956 5152 invocant
1982 5097 2042 5152 in
2066 5113 2151 5151 ve-

2274 5097 2390 5147 οὔτε
2437 5094 2560 5167 ὶμοῦ
2619 5095 2923 5167 ἀφίσταται,
2955 5101 3044 5148 καὶ
3087 5102 3219 5148 πᾶσι
3248 5104 3354 5157 τοῖς
3397 5095 3445 5148 ἐν
3504 5095 3720 5168 ἀληθείᾳ
3770 5116 3868 5148 κα-

510 5181 711 5238 ritate:
748 5185 839 5236 est
858 5187 1056 5237 autem
1094 5182 1205 5238 hoc
1225 5199 1468 5256 quoque
1500 5200 1569 5240 ex
1595 5200 1664 5240 eo
1695 5185 1965 5254 evidens,
1998 5184 2150 5258 quod

2274 5183 2452 5236 λοῦσιν
2503 5184 2657 5237 αὐτόν
2690 5184 2761 5246 εἰς
2807 5183 2882 5238 ἀεὶ
2923 5188 3163 5257 πάρεστι⁸
3197 5190 3287 5238 καὶ
3335 5183 3493 5244 δῆλον
3536 5186 3592 5236 ἐκ
3650 5194 3738 5237 τοῦ
3780 5192 3871 5238 καί

511 5284 623 5325 nos
649 5268 818 5326 facile
854 5269 1114 5327 feramus
1139 5271 1394 5328 dolores.
1430 5272 1535 5338 Qui
1565 5274 1721 5329 enim
1758 5273 1941 5340 ﬁeret,
1975 5282 2036 5330 ut
2061 5274 2151 5328 hut

2275 5275 2368 5333 τάς
2424 5269 2711 5343 ἀλγηδόνας
2756 5274 2886 5348 ῥᾷον
2936 5278 3098 5347 φέρειν
3159 5275 3328 5345 τιμάς.
3388 5280 3494 5326 Ποῦ
3539 5277 3642 5347 γὰρ
3682 5276 3741 5326 ἄν
3790 5273 3880 5325 ἀν-

514 5374 696 5414 mana
722 5363 936 5415 natura
955 5360 1128 5417 ferret
1151 5367 1268 5417 tam
1297 5376 1509 5431 graves
1535 5362 1851 5430 cruciatus,
1886 5364 1931 5418 si
1966 5380 2085 5421 non
2118 5381 2149 5421 e

2282 5364 2507 5437 θρωπεία
2578 5366 2729 5435 φύσις
2789 5364 2924 5415 οὕτω
2981 5363 3359 5435 χαλεπωτάτην
3408 5364 3650 5435 ὑπένεγκε
3704 5362 3880 5435 βάσα-

514 5444 782 5502 divinum
798 5447 1030 5503 adesset
1048 5449 1335 5506 auxilium
1357 5450 1385 5506 ?
1398 5451 1528 5506 Haec
1544 5466 1681 5507 cum
1695 5451 1962 5521 dixisset,
1987 5453 2154 5509 atllle.

2279 5471 2381 5515 νον,
2455 5456 2526 5525 μὴ
2601 5454 2855 5527 θειοτέρας
2936 5450 3284 5505 ἀπολαύσασα
3342 5450 3639 5525 βοηθείας;
3698 5459 3885 5506 Ταῦτα

517 5538 637 5594 tam
661 5550 858 5593 carcer
889 5537 1151 5609 suscipit,
1187 5538 1243 5593 in
1270 5554 1392 5612 quo
1415 5544 1539 5595 tum
1569 5539 1684 5597 alia
1708 5539 2001 5597 cruciatur
2024 5540 2146 5599 aﬂli

2284 5540 2492 5594 εἰπόντα
2548 5544 2633 5594 τόν
2692 5539 2921 5601 ἀθλητὴν
2977 5536 3336 5616 δεσμωτήριον
3385 5536 3723 5615 διαδέχεται,
3756 5539 3806 5594 ἄν
3838 5538 3883 5615 ᾧ
