4154 6192
263 255 369 311 737

1183 248 1622 305 MARTYRIUM
1661 246 1720 300 S.
1764 238 2116 296 TROPHIMI
2162 242 2245 296 ET
2284 243 2674 303 SOCIORUM.

3535 259 3639 313 738

268 387 329 452 τῇ
391 395 445 430 τε
497 375 624 433 ἄλλη
672 371 1031 446 παραδίδοται
1074 380 1322 439 κακώσει,
1360 379 1448 426 καὶ
1500 374 1570 435 εἰς
1614 377 1877 442 τέσσαρας

2014 367 2202 434 :tione,
2238 375 2359 425 tum
2389 372 2567 428 etiam
2599 375 2933 432 extenditur
2961 378 3021 434 in
3047 385 3307 452 quatuor
3333 382 3641 440 foramini-

277 475 368 518 τοῦ
419 465 770 536 κολαστηρίου
831 463 983 527 ξύλου
1038 467 1063 515 6
1118 468 1296 537 Πατήρ
1353 463 1692 526 ἀποτείνεται,
1746 462 1879 519 ὅπως

279 552 416 629 μηδε
465 553 706 620 ἐνταῦθα,
741 558 920 625 φησὶν,
955 557 1072 625 ἔχοι
1114 549 1243 625 μηδ’
1278 553 1360 605 ἐπὶ
1404 557 1590 627 μικρὸν
1639 551 1882 603 ἀναπνεῦ-

290 664 398 697 σαι.

357 731 428 786 Δ’.
465 732 746 804 Εἰσάγεται
778 729 836 784 δὲ
879 740 951 803 τῷ
996 731 1201 804 βήματι
1247 732 1354 804 μετ’
1386 731 1540 783 αὐτὸν
1583 732 1608 781 6
1654 736 1884 800 γενναῖος

288 820 588 881 Σαϐϐάτιος·
650 826 739 874 καὶ
822 821 1010 873 αὐτίκα
1088 825 1215 896 πρὸς
1287 821 1460 885 αὐτὸν,
1522 820 1632 872 Ούκ
1689 819 1880 888 ἐρωτῶ,

287 915 445 982 φησὶν
501 911 526 961 6
578 911 780 983 ἄρχων,
832 910 874 961 εἰ
917 915 1233 983 Χριστιανὸς
1279 908 1339 962 εἴ·
1394 908 1735 981 ἀπεστρέφετο
1781 909 1880 978 γὰρ

285 1004 449 1073 μέχρι
502 1006 603 1050 τῶν
653 1003 796 1050 ὤτων
843 1003 900 1050 τὸ
943 1000 1122 1073 ῥῆμα·
1158 999 1264 1051 έπεὶ
1317 996 1438 1051 ούδε
1487 1007 1649 1050 νοσῶν
1699 995 1884 1068 ὀφθαλ-

286 1093 378 1159 μὸς
433 1092 490 1139 τὸ
562 1088 727 1158 γλυκύ
807 1095 938 1140 πᾶσι
996 1097 1101 1159 φῶς
1173 1086 1300 1141 ἰδεῖν
1353 1090 1701 1159 ὑπομείνειεν·
1759 1085 1886 1137 ἀλλὰ

286 1182 339 1229 τί
394 1181 484 1228 σὸν
537 1180 595 1229 τὸ
649 1175 872 1248 ἀξίωμα,
929 1186 1131 1249 πρῶτον
1181 1178 1306 1230 εἰπέ.
1357 1183 1456 1230 Καὶ
1505 1179 1530 1228 6
1580 1175 1883 1245 Σαϐϐάτιος,

291 1267 462 1338 Ἐμοὶ,
513 1271 690 1337 φησὶν,
739 1263 777 1316 ὦ
824 1263 1097 1330 δικασταὶ,
1129 1273 1218 1319 καὶ
1272 1266 1494 1339 ἀξίωμα,
1546 1272 1632 1318 καὶ
1676 1272 1883 1341 πατρὶς,

289 1361 378 1407 καὶ
434 1351 564 1418 δόξα
616 1361 702 1408 καὶ
763 1362 1039 1428 περιουσία
1085 1362 1314 1431 Χριστός
1367 1355 1504 1408 ἐστιν
1549 1357 1573 1407 6
1616 1363 1705 1408 τοῦ
1755 1364 1887 1408 Θεοῦ

293 1447 435 1508 Υἱὸς,
468 1446 493 1495 6
543 1443 619 1496 ἀεὶ
673 1445 794 1507 ζῶν,
829 1445 888 1495 οὗ
933 1453 992 1518 τῇ
1042 1451 1255 1520 προνοίᾳ
1299 1453 1355 1496 το
1406 1451 1504 1497 πᾶν
1549 1442 1668 1496 τοδε
1709 1444 1886 1516 κυϐερ-

292 1541 444 1586 νᾶται
495 1537 582 1585 καὶ
633 1529 938 1586 διιθῦνεται.
980 1541 1077 1587 Καὶ
1128 1536 1152 1586 ὁ
1204 1531 1465 1596 δικαστὴς
1512 1541 1572 1606 τῇ
1625 1543 1714 1585 τοῦ
1759 1536 1888 1606 μάρ-

293 1643 448 1696 τυρος
497 1626 625 1695 μετὰ
669 1622 968 1697 παῤῥησίας
1017 1623 1290 1696 ἀποκρίσει
1337 1628 1400 1675 τὰ
1443 1626 1650 1694 ἔσχατα
1692 1621 1885 1694 ἐξυϐρίο

1994 456 2343 528 busligniad
2361 464 2758 533 torquendum
2786 469 3303 540 comparati,utne
3320 471 3638 529 minimum

1992 546 2232 620 quidem
2261 555 2456 621 posset
2472 554 2787 624 respirare.

2067 723 2154 776 lV.
2189 723 2274 778 Ad
2310 725 2568 782 tribunal
2611 733 2811 784 autem
2844 736 2976 801 post
3023 731 3219 803 ipsum
3254 734 3644 793 introducitur

1996 812 2266 880 egregius
2296 813 2633 870 Sabbatius.
2667 818 2724 872 Ei
2757 824 2954 874 autem
2988 823 3183 878 statim
3213 823 3351 878 dicit
3377 841 3598 894 praeses
3627 841 3641 881 :

2001 902 2122 954 Non
2155 917 2320 970 rogo,
2382 919 2456 958 an
2491 905 2568 960 sis
2609 906 2973 964 Christianus
3015 911 3150 981 (hoc
3197 913 3356 968 enim
3402 915 3643 971 verbum

1999 989 2150 1044 adeo
2171 992 2578 1060 aversabatur,
2611 1001 2670 1050 ut
2691 1013 2762 1051 ne
2779 997 2943 1054 vellet
2976 1000 3222 1070 quidem
3248 1001 3468 1068 audire,
3498 1020 3643 1075 quo-

2000 1079 2160 1132 niam
2183 1095 2292 1135 nec
2316 1097 2471 1151 {eger
2498 1084 2704 1140 oculos
2729 1086 3072 1143 sustinuerit
3100 1089 3292 1145 videre
3313 1090 3504 1147 lucem
3518 1108 3651 1163 gra-

1998 1171 2119 1222 tam
2164 1170 2490 1242 omnibus),
2521 1173 2624 1228 sed
2670 1174 2764 1230 dic
2790 1177 3072 1247 primum,
3121 1195 3403 1249 qumnam
3441 1183 3513 1237 sit
3541 1185 3649 1238 tua

1999 1256 2276 1328 dignitas.
2322 1261 2640 1318 Sabbatins
2670 1270 2869 1320 autem
2905 1282 2916 1320 :
2951 1267 3101 1335 Mihi,
3127 1268 3339 1341 inquit,
3375 1287 3410 1326 ο
3437 1270 3643 1341 judex,

1999 1351 2051 1399 et
2083 1345 2361 1415 dignitas,
2395 1353 2453 1403 et
2485 1353 2692 1420 patria,
2726 1360 2781 1407 et
2808 1354 3020 1422 gloria,
3054 1364 3108 1411 et
3148 1357 3456 1414 facultates
3493 1361 3647 1416 Chri-

2001 1438 2126 1488 stus
2157 1442 2242 1490 est
2277 1438 2368 1491 Dei
2401 1439 2578 1494 Filius
2611 1457 2845 1514 semper
2877 1445 3093 1512 vivens,
3126 1447 3299 1517 cujus
3328 1449 3646 1518 providen-

2005 1523 2083 1577 tia
2107 1523 2219 1579 hoc
2251 1528 2591 1583 universum
2625 1533 2910 1604 regituret
2935 1535 3318 1605 gubernatur.
3341 1540 3525 1594 Judex
3547 1555 3646 1594 au-

2005 1617 2122 1666 tem
2148 1612 2332 1670 libero
2366 1620 2640 1690 martyris
2677 1637 2958 1692 responso
2991 1623 3312 1679 arbitratus
3331 1642 3394 1682 se
3417 1642 3652 1684 esseex-

298 1715 423 1765 σθαι
479 1716 719 1783 νομίσας,
779 1712 978 1783 πληγας
1030 1714 1233 1765 ἐντείνει
1301 1716 1435 1764 κατά
1487 1711 1671 1786 κορῥῆς
1725 1712 1885 1780 αύτῷ,

2014 1707 2193 1757 trema
2228 1702 2506 1760 affectum
2549 1709 2926 1775 contumelia,
2960 1711 3009 1764 ei
3063 1711 3339 1784 impingit
3385 1715 3645 1787 alapam,

297 1801 559 1872 ἑπιφωνῶν
614 1801 723 1874 ἅμα
758 1822 768 1834 ·
803 1805 938 1873 Πρὸς
996 1805 1114 1863 ἔπος
1173 1801 1479 1873 ἀπόκριναι·
1514 1807 1600 1853 καὶ
1648 1800 1890 1873 βασάνων

299 1897 502 1963 πεῖραν.
527 1935 537 1945 .
563 1934 573 1944 .
598 1934 608 1944 .
633 1935 644 1946 .
669 1936 680 1946 .
707 1934 714 1942 .
741 1934 751 1945 .
778 1935 788 1946 .
812 1936 823 1946 .
907 1892 1224 1963 προσελθὼν,
1298 1893 1454 1942 θῦσον
1551 1899 1655 1950 τοῖς
1741 1892 1886 1950 θεοῖς.

299 1981 368 2030 Τὸ
401 1981 498 2050 γὰρ
548 1982 677 2050 μετὰ
725 1987 891 2031 ταῦτα
941 1982 1095 2031 θῦσαι
1147 1982 1316 2053 ἄχαρί
1364 1999 1416 2031 τε
1453 1985 1541 2030 καὶ
1587 1979 1692 2050 οὐχ
1729 1979 1891 2038 οὕτως

298 2063 621 2119 ἀπόδεκτον·
683 2067 846 2129 ἄλλως
897 2087 949 2120 τε
992 2073 1082 2120 καὶ
1132 2067 1466 2142 προλαϐοῦσα
1519 2067 1746 2140 βάσανος
1798 2071 1891 2124 τήν

907 1891 1224 1963 προσελθὼν,
1298 1893 1454 1942 θῦσον

295 2161 566 2228 μετέπειτα
637 2154 833 2214 ἡδονὴν
909 2160 1286 2229 ὑποτέμνεται·
1322 2163 1408 2208 καὶ
1477 2159 1502 2208 6
1559 2156 1888 2216 Σαϐϐάτιος·

294 2251 402 2305 Τῆς
434 2244 683 2320 έπικήρου
718 2252 807 2298 καὶ
835 2246 1056 2320 ῥεούσης
1087 2244 1280 2306 ἡδονῆς
1309 2244 1413 2298 ὧδε
1454 2249 1591 2298 καθὰ
1631 2252 1719 2300 καὶ
1763 2252 1890 2318 μόνη

296 2338 433 2404 μένει
515 2334 790 2397 ἀπόκλισις
856 2335 1105 2410 σφαλερὰ,
1179 2341 1374 2407 φησίν·
1431 2336 1473 2388 εἰ
1525 2332 1584 2388 δὲ
1640 2341 1728 2388 καὶ
1801 2340 1895 2392 τὴν

297 2421 540 2474 ἀσέϐειαν
620 2423 867 2494 ἑπομένην
942 2427 1078 2495 ἔχοι,
1139 2429 1197 2475 τὸ
1277 2428 1433 2476 κακὸν
1493 2424 1705 2482 ἡλίκον·
1764 2427 1897 2476 ὥστε

300 2511 470 2581 πολλῶ
501 2517 765 2585 κρείττους
809 2512 921 2584 ἐμοὶ
955 2516 1008 2564 αἱ
1039 2510 1132 2564 διὰ
1162 2521 1394 2584 Χριστοῦ
1437 2514 1710 2575 κολάσεις·
1746 2514 1898 2564 αὗται

301 2602 404 2671 γὰρ
489 2598 745 2662 διηνεκεῖς
826 2604 1173 2672 ταμιεύονται,
1228 2606 1316 2652 καὶ
1397 2601 1472 2653 ἀεὶ
1541 2607 1755 2672 μένουσι
1808 2605 1898 2664 τὰς

304 2687 522 2760 ἀμοιϐάς
558 2706 569 2718 '
621 2692 687 2742 τὰ
745 2687 804 2742 δε
879 2691 1116 2762 ὑμέτερα,
1178 2692 1283 2761 ὅσῳ
1353 2690 1541 2762 μᾶλλον
1620 2691 1896 2762 εὐφραίνει,

303 2781 534 2848 τοσούτῳ
586 2784 675 2830 καὶ
746 2778 969 2835 λυπήσει
1025 2779 1192 2832 πλέον.
1257 2784 1351 2830 Καὶ
1408 2781 1509 2830 εἴθε
1560 2798 1618 2850 γε
1673 2786 1761 2831 καὶ
1813 2784 1899 2832 τὸν

300 2869 414 2918 ’ίσον
490 2872 700 2941 χρόνον,
760 2866 866 2918 ἀλλ’
922 2869 1174 2938 εὐφραίνει
1243 2871 1331 2938 μὲν
1390 2873 1687 2941 πρόσκαιρα
1736 2874 1898 2940 τυχὸν

299 2961 391 3007 καὶ
425 2954 674 3031 ἐφήμερα,
702 2956 925 3015 λυπήσει
955 2954 1013 3009 δε
1038 2957 1269 3009 ἀθάνατα
1299 2962 1387 3008 xui
1418 2957 1618 3012 αἰώνια.

371 3222 437 3278 Ε’.
499 3225 865 3300 Ἐκθηριοῦται
914 3229 1040 3299 πρὸς
1095 3233 1261 3277 ταῦτα
1317 3227 1342 3278 6
1399 3228 1600 3301 ἄρχων,
1661 3232 1749 3279 καὶ
1806 3227 1898 3299 ἀγ-

298 3319 539 3388 ριώτερος
612 3319 843 3386 γίνεται·
901 3320 990 3367 καὶ
1068 3316 1366 3390 μετεωρίζει
1438 3318 1528 3387 μεν
1584 3315 1666 3368 ἐπὶ
1748 3317 1898 3380 ξύλου

301 3406 387 3453 τὸν
438 3402 685 3470 ἀθλητήν,
719 3411 807 3456 καὶ
863 3408 948 3464 τὰς
994 3404 1218 3476 πλευρὰς
1263 3401 1508 3477 σιδηροῖς
1537 3405 1677 3468 ὄνυξι
1710 3403 1902 3468 διαξέει

306 3489 637 3562 ἁναμο.....
679 3511 721 3545 ει
771 3490 829 3545 δὲ
874 3495 938 3544 τὰ
988 3492 1136 3560 ὀστᾶ,
1183 3498 1271 3544 καὶ
1324 3493 1491 3544 αὐτῶν
1539 3495 1752 3547 ἅπτεται
1804 3505 1902 3548 τῶν

307 3576 552 3648 ἐγκάτων.
613 3581 868 3654 Περιαλγῆ
921 3587 1090 3634 τοίνυν
1149 3581 1226 3633 έπὶ
1282 3585 1483 3644 τούτοις
1531 3587 1617 3634 τὸν
1665 3587 1905 3659 μάρτυρα

310 3669 635 3740 θεασάμενος,
684 3671 741 3722 Εἰ
786 3671 950 3741 γλυκύ
994 3691 1078 3723 σοι
1112 3675 1170 3722 τὸ
1227 3669 1316 3723 διὰ
1367 3680 1599 3746 Χριστοῦ
1648 3677 1898 3745 πάσχειν,

307 3759 423 3828 ἔφη,
478 3757 780 3823 Σαϐϐάτιος,
833 3762 985 3812 ποθεν
1044 3760 1092 3811 οἱ
1152 3766 1430 3831 στεναγμοὶ
1482 3767 1569 3812 καὶ
1621 3765 1684 3814 τὰ
1745 3765 1906 3836 θερμὰ

307 3853 459 3899 ταυτὶ
497 3845 741 3922 δάκρυα;
778 3848 867 3902 Ἱν⁹
898 3846 1065 3921 εἰδῇς,
1099 3851 1124 3901 6
1169 3853 1364 3923 μάρτυς
1413 3856 1586 3922 φησὶν,
1624 3854 1760 3914 ὅπως
1805 3855 1905 3924 ἐγὼ

305 3939 363 3988 τὸ
415 3944 630 4010 πρᾶγμα
675 3934 834 4007 διψῶ·
888 3943 977 3990 καὶ
1028 3941 1153 3990 ὅσου
1197 3949 1430 4012 τιμῶμαι
1480 3944 1536 3992 τὸ
1592 3937 1664 3992 δι’
1721 3940 1906 3994 ἐκεῖνον

304 4027 526 4077 παθεῖν·
564 4029 644 4077 ὅτι
695 4031 782 4078 καὶ
828 4027 961 4078 οὕτω
1009 4025 1334 4099 δριμυτάτην
1385 4025 1575 4090 ὀδύνης
1625 4027 1908 4102 δεχόμενος

305 4116 581 4182 αἴσθησιν,
615 4118 678 4175 ὡς
723 4121 811 4168 καὶ
864 4118 936 4177 εἰς
981 4114 1187 4190 δάκρυα
1233 4121 1422 4191 φανερὰ
1468 4122 1791 4190 κατάγεσθαι
1819 4126 1908 4172 καὶ

303 4203 550 4273 χαλεπῶς
606 4208 790 4276 φέρειν,
834 4208 972 4277 ὅμως
1023 4209 1324 4279 θερμότερον
1373 4210 1447 4259 ἔτι
1496 4217 1584 4259 τοῦ
1636 4209 1706 4269 εἰς
1753 4210 1907 4260 αὑτὸν

304 4294 491 4364 ἔρωτος
544 4295 760 4363 ἔχομαι,
797 4300 887 4345 καὶ
921 4291 1042 4346 οῦδὲ
1091 4296 1222 4347 οὕτω
1267 4304 1365 4347 τῶν
1411 4297 1534 4370 ὑπὲρ
1582 4297 1740 4349 αύτοῦ
1785 4297 1910 4350 ἀπο-

305 4388 497 4438 στῆναι
545 4382 711 4433 ἄθλων
760 4383 928 4435 ἑθελω·
976 4391 1152 4436 Ταῦτα
1204 4385 1357 4456 ἔλεγε.
1408 4392 1505 4438 Καὶ
1559 4390 1616 4437 τὸ
1667 4395 1819 4458 σῶμα
1862 4387 1910 4438 οἱ

311 4473 500 4541 ὄνυχες
547 4467 858 4542 διενέμοντο·
893 4478 976 4523 xui
1028 4471 1352 4547 σφοδροτέρᾳ
1408 4474 1594 4546 μᾶλλον
1643 4477 1672 4533 ἡ
1725 4473 1909 4538 ὀδύνη,

311 4564 402 4610 καὶ
458 4558 640 4610 πλείων
689 4560 774 4611 ἐπὶ
833 4565 927 4617 τήν
979 4559 1200 4635 καρδίαν
1254 4563 1582 4615 εὶσέπιπτεν·
1619 4561 1798 4622 ἐπειδὴ
1855 4562 1911 4620 δε

311 4651 439 4720 πρὸς
484 4657 582 4718 γῆν
636 4668 686 4700 τε
734 4647 840 4706 ἤδη
903 4652 956 4700 αἱ
1017 4653 1201 4724 σάρκες
1256 4651 1542 4726 κατέρρεον,
1598 4659 1685 4704 καὶ
1741 4658 1914 4726 γυμνὰ

313 4741 377 4789 τὰ
431 4737 564 4789 ὀστᾶ
620 4738 999 4808 καταλέλειπτο,
1062 4744 1150 4791 καὶ
1203 4745 1295 4799 τὴν
1352 4742 1550 4793 κοιλίαν
1603 4745 1632 4801 ἡ
1685 4742 1913 4815 βάσανος

313 4831 402 4879 xui
433 4831 497 4878 τὰ
544 4827 828 4898 σπλάγχνα
854 4833 1222 4900 κατείργαστο,
1260 4835 1348 4882 καὶ
1394 4831 1487 4882 ούκ
1536 4829 1678 4903 εἶχον
1723 4835 1771 4884 οἱ
1820 4831 1913 4891 δή-

311 4935 422 4988 μιοι
454 4912 612 4988 οὗπερ
643 4916 866 4986 ἅψονται
915 4926 1006 4970 τοῦ
1057 4919 1392 4990 ύποκειμένου
1440 4926 1509 4992 μὴ
1563 4927 1724 4986 ὄντος,
1757 4926 1912 4975 κατά-

308 5025 456 5076 γεται
487 5009 576 5076 μὲν
611 5014 702 5057 τοῦ
748 5005 898 5068 ξύλου
954 5009 979 5059 6
1032 5007 1291 5070 ἀθλητής·
1325 5013 1509 5083 μικρὸν
1562 5007 1620 5061 δε
1666 5018 1758 5062 τοῦ
1791 5031 1914 5063 στα-

311 5091 428 5146 δίου
465 5094 559 5157 ἔξω
591 5094 760 5168 ἀρθεὶς
792 5101 884 5153 τὴν
915 5097 1100 5168 ψυχήν
1126 5106 1198 5166 τῷ
1230 5106 1341 5168 Θεῷ
1370 5101 1734 5172 παρατίθεται,

396 5175 488 5248 ς’.
539 5191 807 5255 Λαμπρῶς
850 5191 1019 5236 τοίνυν
1052 5194 1144 5237 τοῦ
1175 5185 1464 5238 Σαϐϐατίου
1495 5193 1582 5238 καὶ
1612 5191 1741 5259 μετὰ
1782 5189 1909 5241 πολ-

305 5269 400 5332 λῆς
454 5276 811 5343 κρατήσαντος
868 5282 956 5333 τῆς
1010 5279 1334 5346 περιουσίας,
1386 5275 1636 5346 ἀπογνοὺς
1688 5279 1909 5329 έντεῦθεν

306 5363 396 5411 καὶ
449 5367 542 5411 τοῦ
595 5367 858 5433 Τροφίμου
915 5363 940 5412 6
989 5361 1190 5434 ἅρχων,
1249 5367 1494 5436 Περεννίῳ
1544 5369 1791 5434 Διονυσίῳ
1839 5374 1910 5435 τῷ

307 5455 400 5509 τῆς
451 5453 678 5522 Φρυγίας
728 5450 1078 5524 Σαλουταρίας
1127 5453 1509 5524 ἡγεμονεύοντι,
1542 5452 1601 5504 οὗ
1649 5457 1740 5504 καὶ
1786 5458 1908 5524 πρό-

309 5557 454 5612 τερον
499 5540 524 5590 ὁ
551 5538 701 5610 λόγος
732 5539 987 5611 ἐμνήσθη,
1020 5543 1237 5614 πέμπειν
1278 5544 1364 5594 τὸν
1416 5539 1584 5616 ἄνδρα
1633 5540 1906 5613 ἐσκέψατο,

2003 1790 2344 1847 acclamans
2362 1796 2692 1866 :Responde
2715 1797 2788 1852 ad
2813 1801 3211 1871 propositum,
3229 1805 3650 1876 etpriusquam

2001 1881 2432 1935 tormentorum
2466 1883 2653 1940 facias
2681 1886 3031 1956 periculum,
3053 1889 3327 1960 procede,
3359 1892 3536 1946 etdiis
3563 1909 3653 1948 sa-

2001 1966 2216 2022 crifica.
2249 1970 2459 2025 Postea
2493 1972 2650 2027 enim
2691 1974 3022 2031 sacriﬁcare
3077 1979 3182 2033 erit
3226 1979 3549 2048 ingratum,
3599 1988 3653 2037 et

2000 2072 2118 2111 non
2145 2057 2296 2112 adeo
2329 2068 2658 2132 acceptum,
2688 2070 2740 2116 et
2766 2063 2986 2136 alioqui
3016 2067 3360 2136 praecedens
3395 2074 3654 2126 tormen-

2004 2150 2129 2200 tum
2152 2146 2406 2202 detrahit
2434 2149 2508 2204 de
2539 2151 2778 2218 gaudio,
2809 2155 2971 2225 quod
3004 2163 3214 2226 postea
3244 2159 3652 2231 consequitur.

2007 2235 2327 2292 Sabbatius
2362 2254 2526 2294 vero:
2561 2241 2832 2310 Caducae,
2860 2243 3069 2315 inquit,
3103 2244 3354 2301 etﬂuxaa
3389 2248 3658 2320 volupta-

2006 2323 2100 2388 tis,
2129 2340 2164 2380 ο
2190 2325 2394 2396 judex,
2423 2328 2513 2382 vel
2560 2329 2687 2385 sola
2717 2333 3017 2403 perceptio
3049 2340 3135 2388 est
3166 2333 3394 2391 lubrica
3423 2344 3476 2390 et
3507 2337 3656 2407 peri-

2006 2413 2226 2469 culosa.
2263 2417 2431 2480 Quod
2459 2418 2504 2472 si
2531 2420 2707 2473 etiam
2737 2429 3206 2493 consequentem
3235 2425 3413 2480 habet
3446 2425 3659 2496 impie-

2010 2507 2209 2567 tatem,
2242 2513 2533 2575 quantum
2569 2508 2794 2563 malum
2829 2510 2856 2562 ?
2903 2512 3305 2575 Quamobrem
3344 2521 3480 2568 sunt
3511 2516 3656 2570 mihi

2011 2592 2275 2657 meliora,
2308 2611 2441 2666 quae
2473 2597 2876 2668 suscipiuntur
2906 2606 3146 2671 propter
3174 2602 3487 2668 Christum,
3523 2619 3660 2674 sup-

2013 2681 2202 2752 plicia.
2240 2685 2318 2737 Ea
2351 2685 2506 2737 enim
2539 2692 2862 2750 reservant,
2897 2694 2949 2742 et
2982 2689 3202 2743 habent
3234 2696 3563 2761 perpetuas,
3605 2698 3661 2746 et

2009 2787 2140 2841 quae
2168 2786 2404 2842 semper
2437 2779 2702 2837 manent,
2736 2778 3262 2832 remunerationes.
3311 2781 3419 2834 Res
3457 2785 3657 2835 autem

2010 2864 2222 2915 vestrm
2239 2877 2360 2931 quo
2390 2862 2598 2932 majori
2619 2863 2886 2919 afﬁciunt
2912 2865 3232 2938 voluptate,
3253 2874 3414 2923 tanto
3442 2868 3656 2938 majori

2009 2948 2211 3004 dolore
2225 2951 2496 3006 afﬁciant.
2519 2957 2704 3023 Atque
2726 2953 2933 3008 utinam
2954 2953 3077 3026 pari
3095 2961 3368 3028 tempore,
3386 2959 3483 3012 sed
3499 2957 3658 3013 brevi

1931 3081 1971 3139 Ο
2008 3040 2236 3110 quidem
2255 3046 2710 3112 tempore,atque
2725 3043 2797 3097 ad
2807 3058 2872 3096 eo
2886 3049 3166 3099 momento
3182 3047 3452 3117 temporis
3469 3046 3656 3102 delec-

2011 3134 2147 3194 tant,
2165 3129 2455 3185 immortali
2471 3135 2658 3186 autem
2679 3137 2733 3185 et
2751 3133 3094 3204 sempiterna
3111 3133 3363 3188 afﬁciant
3379 3134 3656 3190 molestia.

2081 3219 2146 3270 V.
2182 3220 2277 3273 His
2299 3219 2576 3274 efferatur
2607 3227 2659 3274 et
2698 3220 2818 3275 acri
2856 3222 2940 3275 ira
2972 3227 3240 3277 movetur
3261 3239 3479 3293 praeses
3522 3223 3658 3278 etin

2009 3307 2170 3377 ligno
2203 3309 2440 3379 quidem
2465 3309 2721 3364 sublime
2741 3310 2878 3365 tollit
2899 3310 3202 3375 athletam,
3224 3318 3401 3384 atque
3427 3312 3661 3382 ungulis

2011 3396 2214 3452 ferreis
2246 3397 2523 3469 discerpit
2555 3398 2759 3464 latera,
2793 3415 2929 3454 ossa
2961 3407 3160 3455 autem
3193 3408 3426 3457 emovet
3461 3408 3515 3457 et
3540 3402 3664 3457 elo-

2011 3492 2125 3557 cat,
2172 3493 2228 3543 et
2253 3488 2381 3557 ipsa
2410 3488 2590 3556 tangit
2620 3488 2916 3542 intestina.
2960 3489 3205 3560 Propter
3242 3490 3369 3546 huic
3397 3505 3537 3558 ergo
3571 3491 3663 3546 tri-

2014 3583 2161 3632 stem
2193 3583 2248 3630 et
2286 3577 2489 3630 dolore
2519 3574 2794 3630 affectum
2825 3577 3258 3648 contemplatus
3288 3587 3610 3650 martyrem
3645 3599 3658 3633 :

2017 3667 2070 3722 Si
2096 3671 2182 3720 est
2208 3665 2330 3730 tibi,
2351 3665 2562 3736 inquit,
2583 3681 2616 3718 o
2645 3664 2909 3731 Sabbati,
2934 3667 3266 3733 jucundum
3291 3669 3404 3739 pati
3433 3675 3664 3739 propter

2016 3755 2329 3817 Christum,
2367 3753 2670 3808 undeuam
2704 3759 2844 3808 sunt
2872 3754 3122 3824 genitus,
3152 3761 3208 3809 et
3238 3756 3328 3810 hae
3359 3757 3558 3812 calidae
3581 3757 3662 3812 la-

2016 3843 2283 3916 crymaa?
2339 3846 2407 3899 Ut
2452 3843 2626 3913 scias,
2680 3843 2870 3914 inquit
2914 3851 3160 3915 martyr,
3209 3851 3504 3915 quantum
3555 3863 3663 3916 ego

2017 3952 2140 3990 rem
2189 3934 2322 3988 sitio
2376 3939 2432 3988 et
2475 3934 2681 4004 quanti
2761 3933 2914 3988 facio
2980 3935 3100 4004 pati
3174 3940 3415 4004 pr0pter
3475 3934 3661 3989 illum.

2019 4028 2162 4079 Nam
2212 4023 2318 4078 etsi
2368 4023 2658 4094 accipiam
2731 4037 2972 4078 sensum
3037 4022 3372 4091 gravissimi
3419 4023 3665 4090 doloris,

2018 4114 2168 4168 adeo
2242 4118 2304 4165 ut
2377 4115 2432 4165 et
2498 4115 2697 4182 aperte
2770 4109 2910 4164 mihi
2984 4116 3305 4181 erumpant
3365 4111 3664 4184 lacrymae,

2017 4211 2072 4258 et
2099 4202 2283 4257 feram
2313 4201 2588 4271 graviter,
2623 4200 2819 4255 adhuc
2853 4209 3048 4254 tamen
3086 4199 3506 4256 vehementiori
3539 4202 3669 4274 ejus

2019 4307 2223 4347 amore
2276 4297 2500 4355 teneor,
2548 4295 2602 4344 et
2647 4305 2718 4343 ne
2751 4287 2834 4342 sic
2867 4287 3110 4356 quidem
3154 4289 3288 4342 volo
3328 4289 3609 4346 desistere
3635 4307 3671 4346 a

2021 4379 2411 4451 suscipiendis
2468 4394 2574 4449 pro
2615 4379 2742 4448 ipso
2801 4377 3125 4432 laboribus.
3169 4379 3300 4431 Haec
3321 4379 3574 4443 dicebat,
3617 4385 3674 4434 et

2022 4486 2238 4536 corpus
2261 4468 2627 4523 dilaniabant
2649 4466 2899 4534 ungulas,
2935 4466 3246 4537 acriorque
3275 4471 3330 4522 et
3361 4468 3673 4524 vehemen-

2024 4561 2134 4614 tior
2154 4558 2325 4613 dolor
2342 4573 2444 4612 cor
2466 4555 2828 4627 penetrabat.
2849 4554 2985 4610 Cum
3005 4555 3344 4626 autemjam
3364 4555 3439 4612 ad
3459 4565 3671 4612 terram

2023 4665 2231 4704 carnes
2256 4646 2660 4709 deﬂuxissent,
2691 4650 2746 4700 et
2777 4645 2938 4698 nuda
2964 4660 3105 4699 ossa
3137 4649 3339 4700 essent
3368 4645 3590 4712 relicta,
3620 4651 3675 4702 et

2023 4745 2287 4793 ventrem
2323 4743 2683 4791 tormentum
2727 4734 3097 4799 confecisset,
3132 4739 3188 4788 et
3214 4734 3487 4790 intestina
3522 4752 3532 4790 :
3566 4751 3674 4791 nec

2021 4826 2651 4886 haberentcarnitices.
2683 4823 2828 4895 quid
2860 4828 3186 4891 tangerent,
3217 4839 3488 4878 cumnou
3522 4829 3677 4880 esset

2022 4917 2378 4988 subjectum,
2413 4931 2443 4968 e
2476 4913 2638 4986 ligno
2659 4913 2901 4984 quidem
2926 4911 3240 4967 deducitur
3271 4912 3508 4968 athleta.
3530 4914 3674 4968 Cum

2022 5011 2220 5062 autem
2255 5019 2468 5076 parum
2495 5001 2792 5056 abductus
2833 5006 2989 5054 esset
3040 5005 3206 5055 extra
3239 4999 3521 5063 stadium,
3561 5003 3676 5056 Deo

2024 5095 2199 5150 tradit
2220 5094 2508 5149 animam.

2094 5184 2338 5238 VLCum
2359 5196 2500 5250 ergo
2519 5185 2639 5234 tam
2661 5176 2940 5250 praeclare
2961 5176 3318 5232 decertasset
3337 5176 3671 5244 Sabbatius,

2021 5279 2076 5328 et
2104 5272 2285 5340 longo
2309 5269 2618 5324 intervallo
2648 5266 2938 5322 evasisset
2959 5267 3240 5336 superior,
3273 5266 3406 5322 ideo
3436 5267 3510 5322 de
3542 5269 3677 5322 Tro-

2021 5362 2228 5434 phimo
2254 5376 2419 5431 spem
2461 5357 2747 5428 abjicieus
2777 5371 3010 5426 praeses,
3047 5355 3121 5410 ad
3153 5355 3508 5411 Perennium
3543 5357 3681 5412 Dio-

2021 5451 2286 5522 nysium,
2329 5446 2600 5518 Phrygim
2617 5444 3257 5516 Salutarisprmsidem,
3291 5445 3461 5515 cujus
3497 5447 3677 5503 etiam

2023 5540 2184 5613 prius
2225 5536 2636 5600 meminimus,
2685 5551 2824 5592 eum
2866 5533 3074 5591 statuit
3116 5533 3366 5590 mittere.
3429 5535 3494 5589 Et
3541 5553 3678 5593 cum
