4154 6192
497 234 600 288 739

1800 225 2062 283 MENSIS
2103 222 2554 285 SEPTEMBER.

3754 224 3863 282 ’140

492 355 656 429 quod
679 353 988 411 tormentis
1014 351 1092 410 ab
1123 366 1194 409 eo
1224 350 1528 422 subjectus
1558 353 2073 424 essetscripsisset,
2092 360 2133 408 et

2259 354 2411 415 ὅσαις
2466 371 2519 406 τε
2573 349 2831 424 βασάνοις
2877 349 2964 402 ὑπ’
3019 348 3178 402 αὑτοῦ
3225 345 3549 422 παραδοθείη
3598 354 3726 424 πρὸς
3773 354 3862 403 τόν

488 443 1005 518 quemadmodum
1023 442 1333 498 lictoribus
1349 441 1527 513 longe
1547 443 1838 499 evasisset
1851 441 2079 508 fortior,
2094 445 2151 497 et

489 533 655 607 quod
680 532 873 589 solum
908 530 1204 587 Christum
1236 530 1457 599 colens,
1495 532 1727 588 illorum
1758 532 1903 587 deos
1934 531 2149 587 rideret

489 627 545 679 et
579 622 746 678 nihili
796 622 1012 677 faceret
1047 636 1060 686 ;
1094 636 1353 692 cumque
1407 620 1637 677 calceos
1706 621 1925 677 ferreos
1968 620 2148 677 clavis

489 712 678 769 acutis
709 716 767 766 et
787 712 1091 777 subtus,et
1118 725 1190 765 ex
1216 709 1464 781 obliquo
1486 709 1779 774 conﬁxos,
1814 709 2147 783 martyricis

486 801 598 857 illis
626 798 929 871 Trophimi
948 798 1202 870 pedibus
1220 798 1384 870 prius
1400 798 1612 870 subjici
1630 799 1927 869 jussisset,
1955 806 2010 855 et
2031 798 2148 856 cla-

485 907 593 945 vos
634 906 739 961 per
791 888 972 961 pedes
1022 887 1424 957 transegisset,
1452 887 1622 960 jubet
1667 888 1880 943 deinde
1938 888 2033 957 agi
2084 889 2142 944 in

487 979 819 1050 Phrygiam.
857 978 956 1033 llic
1005 976 1164 1032 enim
1199 975 1507 1032 dicebatur
1544 977 1770 1033 versari
1804 976 2140 1049 Dionysius.

487 1067 585 1123 llle
615 1074 813 1125 autem
833 1067 1103 1132 libenter,
1124 1071 1331 1121 etcum
1360 1065 1583 1136 gaudio
1610 1065 1812 1121 clavos
1829 1066 1934 1121 sibi
1961 1065 2145 1136 subji-

486 1156 667 1223 ciens,
700 1157 876 1225 longe
906 1154 1277 1226 prmcedebat
1322 1159 1756 1226 consequentes
1788 1154 2037 1226 pedites,
2087 1158 2144 1211 et

487 1245 663 1301 simul
693 1249 995 1300 currentes
1042 1244 1287 1316 equites.
1344 1246 1471 1299 Non
1530 1243 1687 1299 enim
1719 1243 1889 1299 dolor
1918 1243 2141 1315 pedum

486 1335 677 1407 potuit
707 1349 1063 1404 generosum
1085 1333 1240 1388 illius
1260 1333 1531 1389 animum
1551 1333 1784 1388 vincere
1818 1349 1829 1388 :
1851 1333 1955 1388 sed
1982 1332 2141 1388 leves

488 1424 684 1496 potius
713 1423 766 1479 ei
797 1422 1057 1479 addebat
1086 1422 1238 1488 alas,
1269 1421 1717 1494 ﬁrmioremque
1766 1422 2056 1478 reddebat
2087 1426 2142 1478 et

488 1512 974 1570 constantiorem.

555 1780 674 1836 Vit.
709 1778 981 1836 Confecto
1011 1778 1211 1851 itaque
1260 1778 1434 1833 trium
1488 1776 1718 1834 dierum
1772 1776 1999 1843 itinere,
2040 1792 2137 1832 ve-

483 1869 661 1926 niunt
685 1869 984 1941 Synadam
1004 1869 1267 1939 Phrygia:
1294 1867 1613 1923 civitatem.
1650 1868 1748 1923 llic
1777 1884 1913 1923 cum
1946 1868 2136 1923 Helio-

483 1958 614 2015 dori
661 1959 882 2014 litteras
949 1958 1189 2025 legisset
1261 1956 1594 2027 Dionysius,
1646 1960 1702 2011 et
1757 1956 2137 2011 intellexisset

482 2047 993 2113 quemadmodum
1010 2062 1070 2101 se
1084 2044 1373 2099 haberent
1385 2044 2134 2115 singula,jussissetautem

486 2141 813 2207 martyrem
853 2134 979 2188 sisti
1016 2133 1095 2188 ad
1126 2149 1300 2187 suum
1328 2132 1595 2188 tribunal
1626 2156 1638 2187 :
1666 2135 1748 2188 Tu
1791 2150 1874 2198 es,
1917 2133 2133 2206 inquit,

481 2222 882 2296 Trophimus?
907 2224 1122 2292 Martyr
1138 2236 1278 2276 vero
1307 2241 1320 2275 :
1354 2223 1497 2289 Ego,
1530 2220 1744 2294 inquit,
1776 2221 2135 2293 Trophimus

483 2327 684 2377 vocor,
718 2326 972 2382 sumque
1025 2326 1231 2365 servus
1283 2309 1492 2366 Christi
1527 2311 1649 2365 veri
1684 2312 1801 2375 Dei,
1847 2312 1907 2367 in
1952 2329 2133 2384 quem

480 2400 585 2473 qui
642 2399 1033 2461 crediderunt,
1085 2414 1470 2470 nequaquam
1510 2398 1847 2455 afﬁcientur
1888 2402 2132 2472 pudore.

484 2488 637 2555 Quid
662 2494 746 2555 tu,
778 2488 974 2559 inquit
1002 2486 1114 2555 ille,
1137 2486 1302 2542 inhis
1330 2488 1530 2544 adhuc
1551 2490 1838 2559 persistis,
1864 2491 2136 2545 inanem-

481 2594 599 2650 que
630 2582 686 2632 et
714 2593 935 2633 vanum
976 2577 1135 2632 hunc
1164 2577 1410 2633 invocas
1443 2578 1763 2643 Christum,
1795 2580 1896 2650 qui
1931 2579 2133 2635 multis

481 2667 589 2723 fuit
611 2682 798 2723 causa
825 2666 1029 2722 mortis
1057 2665 1084 2720 ‘I
1104 2666 1217 2722 Sed
1238 2666 1349 2721 etsi
1380 2681 1501 2721 non
1522 2666 1710 2738 prius,
1744 2673 1803 2723 at
1827 2684 1986 2723 nunc
2020 2669 2133 2724 sal-

480 2756 953 2823 tem,dimissain
971 2756 1166 2826 ipsum
1189 2754 1533 2812 fiduciadiis
1566 2756 1857 2820 sacriﬁca,
1880 2763 2131 2814 mortem

479 2844 766 2914 effugiens
794 2861 805 2900 :
837 2850 893 2898 et
921 2844 1149 2900 lucrare
1181 2844 1360 2899 vitam
1393 2850 1762 2914 praesentem.
1799 2846 2132 2901 Generosus

476 2940 676 2989 autem
708 2934 1007 3003 excipiens
1032 2932 1383 3002 Trophimus
1425 2949 1437 2985 :
1473 2934 1711 2988 Mortem
1738 2934 2007 3004 quidem,
2041 2934 2136 2989 in-

2259 446 2527 495 Διονύσιον
2571 440 2804 516 γράψας,
2854 441 2994 502 ὅπως
3042 458 3097 492 τε
3151 438 3496 515 ἰσχυρότερος
3547 439 3713 511 πολλῷ
3756 448 3862 492 τῶν

2260 528 2466 604 δημίων
2506 535 2724 602 γένοιτο,
2755 532 2845 581 καὶ
2893 531 3032 591 ὅπως
3077 533 3214 599 μόνῳ
3248 535 3460 602 Χριστῷ
3492 534 3862 602 προσανέχων,

2258 624 2379 682 τοὺς
2431 620 2597 672 αὐτῶν
2644 638 2699 672 τε
2742 617 2908 690 γελῴη
2961 620 3119 681 θεοὺς,
3154 621 3243 669 καὶ
3285 618 3408 690 παρ’
3455 614 3606 671 οὐδὲν
3636 622 3862 679 τούτους

2255 715 2458 762 ποιοῖτο
2507 704 2847 779 ’Υποδήματα
2887 711 3055 759 τοίνυν
3088 702 3291 778 σιδηρᾶ
3336 706 3475 768 ἣλοις
3518 706 3661 770 ὀξέσι
3689 710 3861 760 κάτων

2258 798 2337 849 θέν
2390 816 2443 850 τε
2492 802 2580 850 καὶ
2625 797 2682 850 ίκ
2732 796 2953 868 πλαγίου
3009 792 3404 867 διαπεπαρμίνα
3441 800 3560 857 τούς
3602 815 3862 871 μαρτυρι-

2254 890 2378 947 κούς
2426 885 2666 949 ἐλεεινοὺς
2718 894 2809 939 τοῦ
2856 890 3122 959 Τροφίμου
3189 881 3356 948 πόδας
3418 890 3664 960 πρότερον
3723 887 3862 939 ύπο-

2256 971 2469 1034 δεθῆναι
2524 975 2698 1040 εἰπὼν,
2757 980 2846 1028 καὶ
2899 970 3174 1047 διαπείρας
3221 977 3341 1036 τοὺς
3399 974 3554 1035 ἥλους
3608 971 3704 1027 διά
3754 984 3859 1026 τῶν

2251 1060 2449 1129 ποδῶν,
2497 1061 2609 1117 εἶτα
2660 1063 2743 1116 ἰπὶ
2797 1068 3026 1136 Φρυγίαν
3079 1063 3379 1116 ἐλαύνεσθαι
3433 1062 3622 1115 κελεύει
3656 1079 3668 1093 ·
3724 1058 3861 1134 τῇδε

2250 1156 2349 1226 γὰρ
2403 1155 2664 1213 Διονύσιος
2717 1151 2952 1224 ἐλέγετο*
3014 1148 3322 1225 διατρίϐειν.
3376 1151 3434 1205 Ὀ
3492 1148 3573 1216 δε,
3630 1152 3860 1221 ἄσμενος

2252 1247 2342 1294 καὶ
2391 1242 2502 1315 μεθ’
2550 1238 2747 1303 ἡδονῆς
2797 1245 2919 1302 τούς
2964 1239 3123 1304 ἥλους
3173 1239 3603 1313 ύποϐαλλόμενος,
3661 1242 3858 1312 ἔμπρο-

2254 1334 2372 1385 σθεν
2429 1328 2525 1402 ἦγε
2579 1330 2851 1405 παραπολῦ
2904 1338 3003 1382 τῶν
3061 1348 3115 1382 τε
3162 1329 3477 1402 ἐφεπομένων
3534 1329 3701 1391 πεζῶν
3762 1333 3858 1381 καὶ

2250 1429 2350 1472 τῶν
2397 1422 2866 1493 συμπαραθεόντων
2898 1421 3123 1473 ἱππέων·
3165 1419 3223 1471 ού
3278 1422 3379 1494 γάρ
3432 1420 3464 1479 ἡ
3521 1427 3621 1473 τῶν
3674 1415 3859 1471 ποδῶν

2251 1508 2411 1568 ὀδύνη
2462 1509 2661 1582 ἐλέγξαι
2712 1514 2806 1567 τὴν
2836 1516 2930 1571 τῆς
2959 1506 3150 1561 ἐκείνου
3195 1508 3382 1581 ψυχῆς
3416 1509 3611 1581 ἰσχύος
3657 1526 3861 1579 γενναι-

2249 1603 2430 1667 ότητα,
2463 1597 2589 1650 ἀλλά
2615 1604 2803 1669 κοῦφον
2848 1596 2978 1669 αὐτῇ
3012 1595 3203 1669 μᾶλλον
3234 1597 3513 1671 εἰργάσατο
3541 1600 3597 1649 τό
3641 1599 3855 1670 πτερὸν,

2172 1705 2217 1761 Β
2248 1693 2338 1741 καὶ
2366 1688 2698 1761 εὐτονώτερον
2726 1685 2907 1742 ἐποίει.

2318 1776 2393 1833 Ζ’.
2463 1784 2630 1851 Τριῶν
2697 1780 2867 1829 τοίνυν
2941 1776 3144 1848 ἡμερῶν
3217 1779 3306 1834 τὴν
3380 1775 3575 1846 μεταξὺ
3641 1778 3857 1843 πορείαν

2248 1866 2545 1930 ἀνύσαντες,
2578 1865 2649 1926 εἰς
2678 1860 2886 1918 Σύναδα
2916 1863 3061 1916 πόλιν
3094 1872 3186 1927 τῆς
3232 1869 3460 1939 Φρυγίας
3507 1865 3856 1933 κατάγονται.

2246 1957 2501 2008 Ἐνταῦθα
2552 1956 2618 2007 τὰ
2666 1949 2986 2027 Ἡλιοδώρου
3040 1955 3330 2027 γράμματα
3394 1955 3663 2014 Διονύσιος
3727 1950 3859 2003 ἀνα-

2244 2048 2415 2115 γνοὺς,
2448 2049 2538 2096 καὶ
2567 2045 2700 2104 ὅπως
2730 2046 2927 2095 ἕκαστα
2956 2040 3070 2113 εἶχε
3099 2044 3298 2114 μαθὼν,
3332 2050 3405 2112 τῷ
3435 2041 3609 2112 οἰκείῳ
3640 2039 3858 2114 βήματι

2244 2138 2331 2185 τόν
2382 2134 2645 2207 μάρτυρα,
2694 2136 3062 2207 παραστήσας,
3112 2138 3177 2183 Συ
3226 2127 3288 2199 εἰ,
3346 2136 3500 2203 φησὶ,
3546 2135 3853 2203 Τρόφιμος;

2248 2226 2347 2274 Καὶ
2374 2223 2399 2273 ό
2437 2224 2655 2295 μάρτυς,
2684 2222 2837 2292 Ἐγὼ,
2871 2222 3223 2295 ἀποκρίνεται,
3258 2215 3442 2282 δοῦλος
3488 2215 3547 2273 δε
3590 2228 3681 2272 τοῦ
3713 2227 3853 2293 Χριο

2247 2318 2370 2363 στοῦ
2414 2319 2503 2363 τοῦ
2565 2308 2809 2368 ἀληθινοῦ
2839 2314 2988 2375 Θεοῦ,
3023 2309 3094 2371 εἰς
3145 2310 3207 2361 ὃν
3256 2310 3304 2361 οἱ
3346 2314 3747 2370 πεπιστευκότες
3790 2310 3853 2360 ού

2244 2398 2710 2471 καταισχύνονται.
2741 2404 2805 2453 Τί
2834 2394 2921 2451 οὖν
2963 2397 3213 2470 ἰπιμένεις
3244 2400 3320 2450 ἔτι
3363 2405 3472 2460 τοῖς
3501 2397 3694 2461 αὐτοῖς,
3726 2400 3852 2462 ἔφη,

2244 2493 2331 2540 καὶ
2380 2494 2599 2560 μάταιον
2654 2496 2834 2541 τοῦτον
2894 2486 3164 2547 ἀνακαλεῖς
3224 2491 3477 2559 Χριστόν,
3533 2488 3584 2547 ὃς
3644 2486 3854 2549 πολλοῖς

2245 2581 2404 2639 αῐτιος
2455 2580 2675 2630 θανάτου
2721 2582 3026 2649 γεγίνηται;
3060 2575 3199 2628 Ἀλλ’
3228 2576 3272 2629 εἰ
3317 2581 3407 2629 καὶ
3458 2580 3529 2646 μὴ
3577 2581 3845 2649 πρότερον,

2241 2676 2330 2719 νῦν
2399 2675 2524 2737 γοῦν
2594 2676 2685 2727 τῆς
2754 2664 2831 2718 ἐπ’
2911 2665 3066 2717 αὐτόν
3134 2664 3397 2737 ἀφειμένος
3470 2666 3848 2731 πεποιθήσεως,

2244 2758 2401 2808 θῦσον
2448 2764 2557 2818 τοῖς
2606 2757 2761 2822 θεοῖς,
2806 2758 2892 2807 τὸν
2945 2756 3157 2807 θάνατον
3202 2752 3492 2826 διαφυγὼν,
3523 2758 3613 2806 καὶ
3655 2750 3824 2828 κέρδη

2246 2864 2335 2897 σον
2381 2850 2475 2903 τὴν
2528 2853 2799 2918 παροῦσαν
2851 2846 3006 2907 ζωήν.
3053 2843 3111 2896 Ὀ
3158 2852 3389 2914 γενναῖος
3436 2847 3606 2896 τοίνυν
3655 2842 3851 2895 ὑπολα-

2245 2934 2346 2987 ϐὼν
2390 2940 2668 3006 Τρόφιμος,
2703 2935 2934 2987 Θάνατον
2964 2936 3055 3004 μεν
3101 2930 3217 2985 οὐδ’
3247 2930 3308 2984 ἀν
3342 2929 3549 3005 σφόδρα
3595 2930 3852 3004 βουλόμε-

476 3024 624 3094 quit,
648 3037 758 3076 nec
780 3020 827 3074 si
862 3020 1041 3075 velim
1058 3019 1388 3088 effugerim.
1421 3019 1567 3076 Nam
1596 3022 1703 3076 etsi
1731 3037 1852 3076 non
1886 3028 1945 3076 tu
1975 3038 2131 3087 eam,

2244 3043 2327 3084 νος
2365 3026 2597 3095 φύγοιμι,
2650 3025 2764 3093 ἔφη·
2814 3021 2857 3074 εἰ
2897 3024 2996 3095 γὰρ
3041 3026 3131 3073 καὶ
3171 3025 3243 3093 μη
3301 3025 3366 3073 σύ
3411 3030 3609 3085 τοῦτον,
3657 3019 3768 3071 ἀλλ’
3815 3022 3847 3078 ἠ

481 3116 539 3167 at
570 3117 783 3167 natura
812 3111 1062 3165 omnino
1092 3107 1309 3177 afferet,
1340 3114 1396 3163 et
1420 3108 1495 3172 ei,
1526 3125 1663 3181 quae
1690 3109 2002 3175 debentur,
2043 3128 2135 3168 ex-

483 3198 736 3266 solvam,
781 3214 916 3253 cum
957 3196 1069 3251 sim
1127 3196 1331 3251 homo.
1391 3197 1547 3253 Licet
1576 3204 1774 3254 autem
1830 3215 1899 3255 ea
1950 3199 2133 3255 vitam

481 3302 835 3358 comparare
848 3291 1198 3364 perpetuam
1209 3300 1363 3357 ,quaa
1377 3285 1556 3355 longo
1568 3285 1877 3343 intervallo
1894 3294 2136 3358 superat

479 3376 635 3432 hanc
664 3374 887 3430 ﬂuxam
920 3373 1302 3440 etcaducam,
1325 3376 1485 3445 quod
1505 3375 1581 3430 ad
1614 3376 1980 3448 voluptatem
2006 3377 2135 3433 atti-

478 3470 579 3520 net
602 3470 658 3519 et
682 3461 1113 3519 beatitudinem
1148 3478 1162 3517 :
1204 3462 1357 3518 adeo
1390 3468 1451 3517 ut
1478 3479 1613 3536 quae
1638 3471 1777 3520 sunt
1800 3464 1956 3519 illius
1980 3464 2131 3535 vitae,

478 3568 590 3609 nec
616 3552 843 3624 possint
872 3550 1032 3607 cerni
1062 3552 1275 3616 oculis,
1302 3567 1408 3606 nec
1435 3552 1909 3619 audiriauribus,
1934 3569 2042 3609 nec
2073 3552 2132 3608 in

478 3658 581 3698 cor
604 3640 864 3697 hominis
890 3640 1231 3695 ascendere.
1267 3641 1452 3711 Hujus
1506 3657 1617 3710 ego
1648 3643 1778 3697 vitae
1808 3659 1939 3698 sum
1972 3658 2133 3697 nunc

477 3746 701 3799 magno
722 3745 924 3785 amore
946 3735 1177 3800 captus,
1193 3733 1252 3784 et
1276 3745 1527 3799 magnas
1556 3730 1649 3785 tibi
1666 3731 1862 3787 habeo
1884 3732 2130 3802 gratias,

476 3821 638 3892 quod
679 3836 774 3875 me
822 3818 959 3874 illuc
1019 3819 1266 3873 transire
1297 3827 1738 3890 properantem,
1782 3836 1995 3891 urgeas
2026 3836 2132 3892 per

478 3924 635 3976 eam,
675 3923 860 3979 quam
891 3905 1209 3971 minitaris,
1246 3914 1523 3963 mortem.

546 4084 690 4140 VllI.
713 4087 873 4139 Tunc
904 4086 1062 4139 totus
1096 4082 1155 4136 in
1195 4081 1493 4136 eumiram
1526 4082 1762 4154 spirans
1794 4084 2125 4154 Dionysius,

473 4174 635 4245 jubet
665 4189 701 4228 a
725 4177 982 4244 quatuor
1002 4177 1311 4227 extensum
1355 4170 1551 4225 crudis
1578 4170 1763 4227 boum
1788 4174 1983 4226 nervis
2003 4189 2130 4228 ver-

473 4260 669 4317 berari
697 4277 710 4314 :
739 4266 795 4316 et
815 4261 1098 4317 continuo
1114 4259 1262 4315 dum
1294 4260 1705 4315 verberaretur
1740 4261 2126 4331 (nescitenim

476 4350 676 4406 vitium
718 4349 951 4405 differre
1008 4354 1064 4403 et
1107 4348 1398 4417 cunctari)
1452 4364 1464 4403 :
1504 4349 1602 4403 Dic
1646 4350 1862 4416 solum,
1909 4351 2127 4420 aiebat,

472 4439 805 4511 Trophime,
838 4439 950 4493 diis
994 4436 1365 4502 sacrificabo,
1393 4443 1446 4492 et
1478 4438 1636 4493 illico
1664 4454 1699 4493 ιι
1732 4439 1892 4495 malo
1920 4440 2129 4499 libera-

472 4529 647 4586 beris.
673 4528 767 4583 llle
798 4532 996 4583 autem
1025 4527 1206 4581 verba
1232 4526 1386 4580 illius
1407 4526 1806 4593 existimabat,
1834 4533 2124 4602 tanquam

474 4634 681 4674 vocem
732 4618 1040 4688 spinarum
1080 4614 1191 4670 sub
1220 4614 1429 4670 lebete.
1462 4615 1698 4671 Sciebat
1747 4617 1926 4683 enim,
1961 4622 2123 4692 quod

469 4710 699 4779 quanto
724 4707 1000 4776 graviora
1014 4710 1209 4759 essent
1240 4719 1351 4758 sua
1381 4705 1729 4770 certamina,
1761 4712 1923 4762 tanto
1950 4724 2012 4764 se
2041 4710 2122 4763 vi-

472 4801 698 4852 ctorem
729 4795 993 4849 futurum
1019 4792 1350 4856 clariorem,
1369 4796 1425 4848 et
1445 4809 1515 4847 eo
1534 4792 2002 4864 splendidiorem
2024 4797 2125 4853 ha-

469 4884 733 4940 biturum
752 4897 1057 4938 coronam.
1075 4880 1225 4946 Quid
1245 4896 1383 4951 ergo
1400 4880 1539 4937 facit
1560 4880 1651 4937 ille
1672 4881 1700 4937 ?
1721 4888 1783 4937 In
1798 4899 1935 4939 eum
1956 4901 2124 4941 exco-

470 4972 616 5043 gitat
639 4987 866 5027 novum
892 4970 1138 5026 modum
1170 4969 1541 5035 insidiarum,
1588 4978 1649 5025 ut
1680 4972 1958 5027 inusitato
1988 4991 2124 5045 sup-

470 5062 646 5134 plicio
694 5060 1064 5132 perturbaret
1119 5058 1424 5113 athletam.
1460 5059 1605 5113 Cum
1658 5068 1890 5115 acetum
1932 5061 2124 5133 sinapi

468 5154 992 5220 contemperasset,
1062 5146 1319 5203 infundit
1383 5148 1633 5203 naribus
1688 5149 1981 5221 martyris.
2025 5151 2123 5206 Ille

470 5244 669 5295 autem
702 5244 901 5310 aperte
928 5236 1257 5293 ostenditse
1284 5236 1511 5292 nullam
1544 5237 1791 5292 omnino
1823 5240 2123 5311 accepisse

469 5327 862 5383 mutationem
900 5342 970 5381 ex
999 5324 1505 5381 acerbissiiuailla
1536 5327 1983 5397 temperatione.
2023 5331 2123 5382 De-

468 5414 652 5469 decus
703 5430 842 5485 ergo
886 5429 1005 5469 non
1059 5413 1254 5469 ferens
1303 5413 1607 5480 scelestus,
1643 5414 1804 5483 ligno
1858 5414 2122 5486 alligavit

467 5502 745 5559 athletam
782 5519 886 5574 per
914 5519 1039 5563 eos,
1071 5503 1172 5574 qui
1201 5503 1605 5558 inserviebam
1634 5503 1763 5573 ejus
1796 5505 2111 5576 iniquitati.

2246 3116 2399 3185 φύσις
2473 3112 2649 3175 ἐπάξει
2718 3113 2937 3173 πάντως,
3014 3115 3103 3163 καὶ
3184 3112 3347 3183 ταύτῃ
3411 3113 3474 3162 τὰ
3554 3108 3861 3181 ὀφειλόμενα

2244 3200 2601 3272 λειτουργήσω
2651 3202 2919 3273 ἄνθρωπος
2968 3202 3057 3250 ὤν’
3101 3198 3269 3262 ἔξεστι
3314 3196 3373 3251 δε
3416 3199 3548 3259 ζωὴν
3598 3197 3855 3272 έμπορεύ-

2246 3290 2443 3342 σασθαι
2473 3291 2659 3341 τούτου
2701 3284 2939 3351 διηνεκῆ,
2970 3285 3140 3339 πολλῶ
3185 3294 3256 3356 τῷ
3304 3285 3497 3358 μεταξύ
3541 3290 3633 3344 την
3680 3292 3857 3360 πρόσ-

2243 3397 2421 3452 καιρον
2468 3379 2662 3434 ταύτην
2710 3380 2801 3428 καὶ
2854 3376 3073 3450 ῥέουσαν
3117 3378 3334 3446 κατάγει
3376 3379 3463 3427 τόν
3520 3384 3613 3437 τῆς
3654 3371 3854 3435 ἡδονῆς

2242 3466 2392 3536 λόγον
2439 3470 2528 3518 καὶ
2575 3473 2670 3528 τῆς
2718 3469 3104 3536 μακαριότητος
3156 3463 3570 3537 ύπερϐαίνουσαν
3623 3469 3714 3516 καὶ
3755 3483 3854 3517 το-

2246 3562 2448 3619 σοῦτον,
2510 3556 2616 3625 ὅσῳ
2674 3550 2812 3625 μηδε
2870 3552 3116 3625 ὀφθαλμῷ
3170 3555 3236 3605 τὰ
3306 3552 3499 3615 ἐκείνης
3565 3560 3658 3615 τῆς
3709 3553 3852 3614 ζωῆς

2242 3646 2424 3719 ὁρατὰ,
2453 3640 2591 3715 μηδὲ
2638 3642 2768 3695 ὠσὶν
2801 3640 3057 3706 ἀκουστὰ,
3089 3638 3220 3713 μηδ’
3253 3641 3334 3695 ἰπὶ
3379 3638 3603 3715 καρδίαν
3649 3641 3848 3716 ἀνθρώο

2240 3754 2340 3787 που
2400 3731 2653 3793 ἀναϐῆναι
2730 3728 3011 3804 δυνάμενα.
3070 3734 3276 3794 Ταύτης
3333 3734 3441 3784 ἶσοι
3512 3738 3665 3783 τανῦν
3741 3730 3848 3803 ἐγὼ

2244 3825 2530 3899 θερμότατα
2580 3820 2696 3896 ίρᾲν
2748 3829 2843 3883 τῆς
2887 3821 3058 3882 ζωῆς·
3092 3825 3182 3873 καὶ
3229 3819 3413 3878 πολλὴν
3457 3818 3517 3872 ἀν
3549 3839 3634 3873 σοι
3678 3823 3848 3893 χάριν

2241 3909 2456 3978 εἰδείην,
2488 3911 2623 3963 οὕτω
2668 3929 2730 3982 με
2762 3906 3076 3968 σπεύδοντα.
3109 3914 3199 3962 καὶ
3229 3908 3383 3961 αὐτόν
3414 3907 3518 3962 ίκεί
3565 3905 3600 3961 δ
3606 3907 3845 3972 ιαϐῆναι,

2243 3998 2276 4053 ὃ
2283 4000 2315 4052 ι’
2348 3996 2502 4074 οὗπερ
2536 3997 2755 4060 ἀπειλεῖς
2783 4000 2999 4051 θάνατον
3030 3997 3303 4068 έπείγοντι.

2314 4089 2392 4142 Η’.
2447 4089 2701 4142 Ἐνταῦθα
2747 4087 2855 4148 ὅλος
2884 4089 3002 4140 κατ’
3046 4087 3209 4139 αὑτοῦ
3256 4094 3370 4140 πνεῖ
3418 4089 3717 4148 Διονύσιος’
3750 4092 3849 4140 καὶ

2239 4177 2430 4231 κελεύει
2483 4176 2537 4229 ίκ
2588 4179 2857 4251 τεσσάρων
2929 4173 3244 4229 διαταθίντα
3316 4178 3469 4245 ἱμᾶσι
3523 4174 3648 4247 βοὸς
3705 4178 3850 4248 ὡμό-

2240 4286 2382 4340 τερον
2426 4266 2734 4329 τύπτεσθαι,
2785 4270 2873 4317 καὶ
2921 4269 3219 4336 τυπτομένῳ
3264 4264 3411 4326 εὐθὺς
3457 4266 3537 4325 (ού
3580 4268 3680 4338 γὰρ
3720 4263 3850 4318 ἀνα-

2240 4353 2519 4408 ϐάλλεσθαι
2584 4349 2723 4406 οἶδεν
2797 4355 2827 4412 ἡ
2886 4358 3049 4405 κακία
3119 4358 3208 4405 καὶ
3264 4348 3602 4424 διαμέλλειν),
3661 4360 3847 4405 Θῦσον

2237 4450 2410 4517 μόνον,
2458 4447 2706 4519 Τρόφιμε,
2767 4440 2850 4495 ἰπὶ
2914 4450 3019 4503 τοίς
3072 4444 3218 4508 θεοῖς,
3280 4444 3305 4494 ὀ
3362 4443 3569 4513 ἡγεμὼν
3626 4439 3845 4513 ἐπεϐόα,

2236 4540 2326 4586 καὶ
2376 4540 2467 4586 τοῦ
2519 4540 2682 4584 κακοῦ
2732 4530 3080 4603 ἀπαλλαγήση
3114 4530 3321 4585 αὐτίκα.
3353 4529 3411 4582 Ὀ
3443 4526 3503 4582 δε
3551 4533 3621 4593 ὡς
3664 4535 3844 4602 φωνην

2236 4622 2471 4675 ἀκανθῶν
2544 4621 2644 4673 ύπό
2728 4618 2939 4687 λίϐητα,
2989 4619 3124 4672 οὕτω
3195 4622 3311 4679 τοὺς
3382 4622 3573 4671 ἐκείνου
3652 4618 3846 4689 λόγους

2234 4713 2431 4783 ἠγεῖτο
2466 4704 2585 4781 ᾔδει
2624 4712 2725 4781 γάρ
2757 4710 2864 4779 ὅσῳ
2907 4708 3288 4780 χαλεπωτέροις
3336 4705 3567 4772 ίπάλαιε,
3597 4706 3847 4780 λαμπρό-

2234 4818 2375 4873 τερος
2429 4799 2663 4849 τοσούτω
2730 4801 2999 4869 γενόμενος
3069 4801 3393 4869 στεφανίτης.
3454 4800 3517 4849 Τί
3570 4791 3659 4848 οὖν
3708 4798 3843 4847 ἐκεῖ-

2234 4907 2316 4950 νος
2370 4893 2555 4954 ποιεῖς
2610 4889 2796 4939 Καινόν
2850 4884 3124 4946 ἐπιϐουλῆς
3181 4888 3367 4938 ἐπινοεῖ
3421 4890 3611 4957 τρόπον
3670 4884 3839 4955 αύτῷ,

2237 4977 2320 5029 ἶνα
2368 4984 2438 5047 τῷ
2512 4974 2803 5047 ἀμελετήτῳ
2871 4979 2961 5026 καὶ
3014 4972 3163 5032 ἀήθει
3218 4981 3308 5035 τῆς
3363 4978 3615 5045 τιμωρίας
3674 4975 3841 5047 θορυ-

2236 5065 2372 5137 ϐήσῃ
2433 5067 2520 5117 τὸν
2574 5062 2838 5121 ἀθλητηνο
2892 5062 3007 5126 ὄξος
3079 5066 3247 5115 τοίνυν
3304 5064 3530 5136 κεράσας
3583 5069 3687 5122 τοῖς
3743 5069 3842 5114 τοῦ

2234 5156 2491 5228 μάρτυρος
2530 5150 2707 5224 ἐπιχεῖ
2742 5160 3040 5225 μυκτῆρσιν
3064 5170 3075 5181 ο
3110 5153 3134 5203 ό
3168 5148 3226 5204 δι
3273 5156 3363 5202 καὶ
3391 5150 3525 5203 ούτω
3570 5146 3731 5213 δῆλος
3775 5146 3843 5208 ἦν

2233 5238 2361 5315 μηδ’
2440 5244 2707 5299 ἡντιναοῦν
2788 5240 3075 5313 μεταϐολὴν
3161 5243 3260 5292 ύπό
3339 5247 3429 5292 τοῦ
3508 5235 3839 5311 δριμυτάτου

2232 5331 2497 5403 κράματος
2546 5327 2736 5381 ἐκείνου
2790 5331 2987 5382 παθὼν.
3048 5328 3157 5381 Ούκ
3235 5326 3447 5398 ἐνεγκὼν
3522 5331 3693 5379 τοίνυν
3743 5331 3843 5387 την

2233 5417 2495 5489 αἰσχύνην
2523 5418 2549 5469 ὁ
2579 5421 2802 5489 πονηρὸς
2845 5416 2980 5489 ξύλῳ
3028 5420 3113 5469 τόν
3147 5415 3376 5475 ἀθλητὴν
3428 5412 3524 5469 διά
3563 5424 3663 5469 τῶν
3704 5416 3845 5476 ὑπη-

2232 5511 2544 5579 ρετουμένων
2620 5506 2780 5559 αὐτοῦ
2856 5514 2919 5579 τῇ
2998 5510 3299 5580 παρανομίᾳ
3367 5501 3687 5581 προσέδησε,
3748 5509 3841 5557 καὶ
