  <div class='ocr_page' id='page_1' title='image "/cluster/home/n/w/nwhite01/storage/ocr_20150623/115/hvd.32044073502262/376.png"; bbox 0 0 4154 6192; ppageno 0'>
   <div class='ocr_carea' id='block_1_1' title="bbox 275 241 375 300">
    <p class='ocr_par' dir='ltr' id='par_1_1' title="bbox 275 241 375 300">
     <span class='ocr_line' id='line_1_1' title="bbox 275 241 375 300; baseline 0.04 -4"><span class='ocrx_word' id='word_1_1' title='bbox 275 241 375 300; x_wconf 73' lang='grc'>’741</span> 
     </span>
    </p>
   </div>
   <div class='ocr_carea' id='block_1_2' title="bbox 1228 239 2707 307">
    <p class='ocr_par' dir='ltr' id='par_1_2' title="bbox 1228 239 2707 307">
     <span class='ocr_line' id='line_1_2' title="bbox 1228 239 2707 307; baseline -0.003 -3"><span class='ocrx_word' id='word_1_2' title='bbox 1228 247 1656 307; x_wconf 78' lang='lat' dir='ltr'><strong>MARTYRIUM</strong></span> <span class='ocrx_word' id='word_1_3' title='bbox 1696 247 1755 303; x_wconf 89' lang='lat' dir='ltr'>S.</span> <span class='ocrx_word' id='word_1_4' title='bbox 1799 239 2151 300; x_wconf 80' lang='lat' dir='ltr'>TROPHIMI</span> <span class='ocrx_word' id='word_1_5' title='bbox 2194 245 2280 301; x_wconf 86' lang='lat' dir='ltr'>ET</span> <span class='ocrx_word' id='word_1_6' title='bbox 2319 244 2707 303; x_wconf 82' lang='lat' dir='ltr'>SOCIORUM.</span> 
     </span>
    </p>
   </div>
   <div class='ocr_carea' id='block_1_3' title="bbox 3530 250 3637 307">
    <p class='ocr_par' dir='ltr' id='par_1_3' title="bbox 3530 250 3637 307">
     <span class='ocr_line' id='line_1_3' title="bbox 3530 250 3637 307; baseline 0.019 -2"><span class='ocrx_word' id='word_1_7' title='bbox 3530 250 3637 307; x_wconf 74' lang='grc'>743</span> 
     </span>
    </p>
   </div>
   <div class='ocr_carea' id='block_1_4' title="bbox 272 368 1861 447">
    <p class='ocr_par' dir='ltr' id='par_1_4' title="bbox 272 369 1861 447">
     <span class='ocr_line' id='line_1_4' title="bbox 272 369 1861 447; baseline 0.003 -27"><span class='ocrx_word' id='word_1_8' title='bbox 272 369 567 431; x_wconf 85' lang='grc' dir='ltr'>καταξάνας</span> <span class='ocrx_word' id='word_1_9' title='bbox 615 372 706 432; x_wconf 82' lang='grc' dir='ltr'>τὰς</span> <span class='ocrx_word' id='word_1_10' title='bbox 755 370 996 447; x_wconf 79' lang='grc' dir='ltr'>πλευρὰς,</span> <span class='ocrx_word' id='word_1_11' title='bbox 1038 379 1125 426; x_wconf 82' lang='grc' dir='ltr'>καὶ</span> <span class='ocrx_word' id='word_1_12' title='bbox 1178 373 1395 447; x_wconf 78' lang='grc' dir='ltr'>βαθείας</span> <span class='ocrx_word' id='word_1_13' title='bbox 1452 375 1499 427; x_wconf 79' lang='grc' dir='ltr'>ἐν</span> <span class='ocrx_word' id='word_1_14' title='bbox 1552 375 1730 434; x_wconf 87' lang='grc' dir='ltr'>αύταῐς</span> <span class='ocrx_word' id='word_1_15' title='bbox 1788 391 1861 425; x_wconf 91' lang='grc' dir='ltr'>τε-</span> 
     </span>
    </p>
   </div>
   <div class='ocr_carea' id='block_1_5' title="bbox 1974 368 3635 447">
    <p class='ocr_par' dir='ltr' id='par_1_5' title="bbox 1978 368 3635 443">
     <span class='ocr_line' id='line_1_5' title="bbox 1978 368 3635 443; baseline 0.004 -18"><span class='ocrx_word' id='word_1_16' title='bbox 1978 374 2033 425; x_wconf 91' lang='lat' dir='ltr'>et</span> <span class='ocrx_word' id='word_1_17' title='bbox 2062 368 2242 427; x_wconf 89' lang='lat' dir='ltr'>latera</span> <span class='ocrx_word' id='word_1_18' title='bbox 2264 370 2575 427; x_wconf 87' lang='lat' dir='ltr'>dilaniavit</span> <span class='ocrx_word' id='word_1_19' title='bbox 2606 388 2619 427; x_wconf 89' lang='lat'><strong>:</strong></span> <span class='ocrx_word' id='word_1_20' title='bbox 2653 376 2866 426; x_wconf 92' lang='lat' dir='ltr'>etcum</span> <span class='ocrx_word' id='word_1_21' title='bbox 2888 371 2949 425; x_wconf 89' lang='lat' dir='ltr'>in</span> <span class='ocrx_word' id='word_1_22' title='bbox 2971 370 3054 426; x_wconf 89' lang='lat' dir='ltr'>eis</span> <span class='ocrx_word' id='word_1_23' title='bbox 3084 370 3416 443; x_wconf 85' lang='lat' dir='ltr'>profundos</span> <span class='ocrx_word' id='word_1_24' title='bbox 3436 374 3635 431; x_wconf 85' lang='lat' dir='ltr'>sulcos</span> 
     </span>
    </p>
   </div>
   <div class='ocr_carea' id='block_1_6' title="bbox 274 458 1868 537">
    <p class='ocr_par' dir='ltr' id='par_1_6' title="bbox 274 458 1868 537">
     <span class='ocr_line' id='line_1_6' title="bbox 274 458 1868 537; baseline 0.003 -28"><span class='ocrx_word' id='word_1_25' title='bbox 274 463 383 530; x_wconf 81' lang='grc' dir='ltr'>μων</span> <span class='ocrx_word' id='word_1_26' title='bbox 436 460 681 525; x_wconf 77' lang='grc' dir='ltr'>αὔλακας,</span> <span class='ocrx_word' id='word_1_27' title='bbox 750 464 981 533; x_wconf 77' lang='grc' dir='ltr'>αἱμάτων</span> <span class='ocrx_word' id='word_1_28' title='bbox 1034 468 1301 535; x_wconf 69' lang='grc' dir='ltr'>κατήγαγε</span> <span class='ocrx_word' id='word_1_29' title='bbox 1350 467 1634 537; x_wconf 86' lang='grc' dir='ltr'>ποταμούς.</span> <span class='ocrx_word' id='word_1_30' title='bbox 1693 463 1751 515; x_wconf 78' lang='grc' dir='ltr'>Ὀ</span> <span class='ocrx_word' id='word_1_31' title='bbox 1809 458 1868 513; x_wconf 78' lang='grc' dir='ltr'>δε</span> 
     </span>
    </p>
   </div>
   <div class='ocr_carea' id='block_1_7' title="bbox 274 547 1866 625">
    <p class='ocr_par' dir='ltr' id='par_1_7' title="bbox 274 547 1866 625">
     <span class='ocr_line' id='line_1_7' title="bbox 274 547 1866 625; baseline 0.003 -27"><span class='ocrx_word' id='word_1_32' title='bbox 274 549 380 618; x_wconf 80' lang='grc' dir='ltr'>ὅσῳ</span> <span class='ocrx_word' id='word_1_33' title='bbox 431 547 621 619; x_wconf 78' lang='grc' dir='ltr'>μᾶλλον</span> <span class='ocrx_word' id='word_1_34' title='bbox 676 552 809 623; x_wconf 75' lang='grc' dir='ltr'>ἤρθη</span> <span class='ocrx_word' id='word_1_35' title='bbox 844 560 939 612; x_wconf 81' lang='grc' dir='ltr'>τῆς</span> <span class='ocrx_word' id='word_1_36' title='bbox 978 561 1093 622; x_wconf 71' lang='grc' dir='ltr'>γῆς,</span> <span class='ocrx_word' id='word_1_37' title='bbox 1141 557 1373 625; x_wconf 84' lang='grc' dir='ltr'>τοσούτῳ</span> <span class='ocrx_word' id='word_1_38' title='bbox 1420 554 1590 606; x_wconf 84' lang='grc' dir='ltr'>πλεῖον</span> <span class='ocrx_word' id='word_1_39' title='bbox 1640 554 1866 623; x_wconf 69' lang='grc' dir='ltr'>ἐγγίζειν</span> 
     </span>
    </p>
   </div>
   <div class='ocr_carea' id='block_1_8' title="bbox 274 634 1865 714">
    <p class='ocr_par' dir='ltr' id='par_1_8' title="bbox 274 634 1865 714">
     <span class='ocr_line' id='line_1_8' title="bbox 274 634 1865 714; baseline 0.003 -26"><span class='ocrx_word' id='word_1_40' title='bbox 274 634 447 689; x_wconf 82' lang='grc' dir='ltr'>ἐδόκει</span> <span class='ocrx_word' id='word_1_41' title='bbox 503 644 609 708; x_wconf 84' lang='grc' dir='ltr'>Θεῷ</span> <span class='ocrx_word' id='word_1_42' title='bbox 640 657 651 668; x_wconf 90' lang='grc'><strong>·</strong></span> <span class='ocrx_word' id='word_1_43' title='bbox 688 645 795 705; x_wconf 80' lang='grc' dir='ltr'>καί,</span> <span class='ocrx_word' id='word_1_44' title='bbox 849 640 1040 693; x_wconf 80' lang='grc' dir='ltr'>Πολλαὶ</span> <span class='ocrx_word' id='word_1_45' title='bbox 1079 644 1129 694; x_wconf 77' lang='grc' dir='ltr'>αἱ</span> <span class='ocrx_word' id='word_1_46' title='bbox 1166 642 1383 713; x_wconf 74' lang='grc' dir='ltr'>θλίψεις,</span> <span class='ocrx_word' id='word_1_47' title='bbox 1424 644 1581 714; x_wconf 75' lang='grc' dir='ltr'>ἔλεγε,</span> <span class='ocrx_word' id='word_1_48' title='bbox 1634 650 1731 694; x_wconf 82' lang='grc' dir='ltr'>τῶν</span> <span class='ocrx_word' id='word_1_49' title='bbox 1780 637 1865 693; x_wconf 87' lang='grc' dir='ltr'>δι-</span> 
     </span>
    </p>
   </div>
   <div class='ocr_carea' id='block_1_9' title="bbox 273 727 1866 805">
    <p class='ocr_par' dir='ltr' id='par_1_9' title="bbox 273 727 1866 805">
     <span class='ocr_line' id='line_1_9' title="bbox 273 727 1866 805; baseline 0.003 -28"><span class='ocrx_word' id='word_1_50' title='bbox 273 731 456 795; x_wconf 86' lang='grc' dir='ltr'>καίων,</span> <span class='ocrx_word' id='word_1_51' title='bbox 505 734 595 779; x_wconf 81' lang='grc' dir='ltr'>και</span> <span class='ocrx_word' id='word_1_52' title='bbox 649 727 703 779; x_wconf 73' lang='grc' dir='ltr'>ἐκ</span> <span class='ocrx_word' id='word_1_53' title='bbox 748 738 928 780; x_wconf 83' lang='grc' dir='ltr'>πασῶν</span> <span class='ocrx_word' id='word_1_54' title='bbox 972 730 1140 783; x_wconf 74' lang='grc' dir='ltr'>αὐτῶν</span> <span class='ocrx_word' id='word_1_55' title='bbox 1182 732 1399 805; x_wconf 80' lang='grc' dir='ltr'>ῥύσεται</span> <span class='ocrx_word' id='word_1_56' title='bbox 1456 732 1640 792; x_wconf 83' lang='grc' dir='ltr'>αύτούς</span> <span class='ocrx_word' id='word_1_57' title='bbox 1687 733 1711 782; x_wconf 82' lang='grc' dir='ltr'>ό</span> <span class='ocrx_word' id='word_1_58' title='bbox 1769 734 1866 784; x_wconf 81' lang='grc' dir='ltr'>Κύ-</span> 
     </span>
    </p>
   </div>
   <div class='ocr_carea' id='block_1_10' title="bbox 273 816 1866 893">
    <p class='ocr_par' dir='ltr' id='par_1_10' title="bbox 273 816 1866 893">
     <span class='ocr_line' id='line_1_10' title="bbox 273 816 1866 893; baseline 0.004 -26"><span class='ocrx_word' id='word_1_59' title='bbox 273 834 398 888; x_wconf 86' lang='grc' dir='ltr'>ριος.</span> <span class='ocrx_word' id='word_1_60' title='bbox 457 821 726 880; x_wconf 85' lang='grc' dir='ltr'>Διονύσιος</span> <span class='ocrx_word' id='word_1_61' title='bbox 782 816 860 884; x_wconf 70' lang='grc' dir='ltr'>δὲ,</span> <span class='ocrx_word' id='word_1_62' title='bbox 902 822 1095 872; x_wconf 88' lang='grc' dir='ltr'>τούτων</span> <span class='ocrx_word' id='word_1_63' title='bbox 1145 820 1393 887; x_wconf 76' lang='grc' dir='ltr'>ἀκούσας,</span> <span class='ocrx_word' id='word_1_64' title='bbox 1445 822 1503 875; x_wconf 77' lang='grc' dir='ltr'>Ἡ</span> <span class='ocrx_word' id='word_1_65' title='bbox 1557 826 1755 893; x_wconf 83' lang='grc' dir='ltr'>ματαία</span> <span class='ocrx_word' id='word_1_66' title='bbox 1810 840 1866 873; x_wconf 79' lang='grc' dir='ltr'>σε</span> 
     </span>
    </p>
   </div>
   <div class='ocr_carea' id='block_1_11' title="bbox 275 904 1863 984">
    <p class='ocr_par' dir='ltr' id='par_1_11' title="bbox 275 904 1863 984">
     <span class='ocr_line' id='line_1_11' title="bbox 275 904 1863 984; baseline 0.003 -28"><span class='ocrx_word' id='word_1_67' title='bbox 275 906 407 963; x_wconf 77' lang='grc' dir='ltr'>αὕτη</span> <span class='ocrx_word' id='word_1_68' title='bbox 460 905 620 971; x_wconf 79' lang='grc' dir='ltr'>ἐλπὶς,</span> <span class='ocrx_word' id='word_1_69' title='bbox 681 904 808 973; x_wconf 85' lang='grc' dir='ltr'>εἶπε,</span> <span class='ocrx_word' id='word_1_70' title='bbox 866 915 1145 981; x_wconf 75' lang='grc' dir='ltr'>Τρόφιμος,</span> <span class='ocrx_word' id='word_1_71' title='bbox 1196 916 1284 963; x_wconf 81' lang='grc' dir='ltr'><strong>καὶ</strong></span> <span class='ocrx_word' id='word_1_72' title='bbox 1331 913 1642 984; x_wconf 75' lang='grc' dir='ltr'>κουφολογία</span> <span class='ocrx_word' id='word_1_73' title='bbox 1693 918 1863 971; x_wconf 84' lang='grc' dir='ltr'>κακῶς</span> 
     </span>
    </p>
   </div>
   <div class='ocr_carea' id='block_1_12' title="bbox 274 993 1864 1071">
    <p class='ocr_par' dir='ltr' id='par_1_12' title="bbox 274 993 1864 1071">
     <span class='ocr_line' id='line_1_12' title="bbox 274 993 1864 1071; baseline 0.003 -26"><span class='ocrx_word' id='word_1_74' title='bbox 274 993 452 1047; x_wconf 80' lang='grc' dir='ltr'>ἀπολεῖ</span> <span class='ocrx_word' id='word_1_75' title='bbox 501 1010 513 1022; x_wconf 88' lang='grc'><em>’</em></span> <span class='ocrx_word' id='word_1_76' title='bbox 567 1001 643 1056; x_wconf 91' lang='grc' dir='ltr'>τίς</span> <span class='ocrx_word' id='word_1_77' title='bbox 688 1000 790 1071; x_wconf 73' lang='grc' dir='ltr'>γάρ</span> <span class='ocrx_word' id='word_1_78' title='bbox 836 1017 919 1050; x_wconf 93' lang='grc' dir='ltr'>σοι</span> <span class='ocrx_word' id='word_1_79' title='bbox 963 1005 1053 1052; x_wconf 79' lang='grc' dir='ltr'>καὶ</span> <span class='ocrx_word' id='word_1_80' title='bbox 1094 999 1194 1052; x_wconf 78' lang='grc' dir='ltr'>ἀπὸ</span> <span class='ocrx_word' id='word_1_81' title='bbox 1234 1009 1331 1052; x_wconf 84' lang='grc' dir='ltr'>τῶν</span> <span class='ocrx_word' id='word_1_82' title='bbox 1377 998 1574 1053; x_wconf 81' lang='grc' dir='ltr'>ὀδυνῶν</span> <span class='ocrx_word' id='word_1_83' title='bbox 1618 1000 1729 1063; x_wconf 78' lang='grc' dir='ltr'>ἡξει</span> <span class='ocrx_word' id='word_1_84' title='bbox 1768 1007 1864 1051; x_wconf 82' lang='grc' dir='ltr'>τῶν</span> 
     </span>
    </p>
   </div>
   <div class='ocr_carea' id='block_1_13' title="bbox 271 1086 1862 1165">
    <p class='ocr_par' dir='ltr' id='par_1_13' title="bbox 271 1086 1862 1165">
     <span class='ocr_line' id='line_1_13' title="bbox 271 1086 1862 1165; baseline 0.003 -30"><span class='ocrx_word' id='word_1_85' title='bbox 271 1090 537 1157; x_wconf 77' lang='grc' dir='ltr'>παρόντων</span> <span class='ocrx_word' id='word_1_86' title='bbox 566 1086 850 1160; x_wconf 85' lang='grc' dir='ltr'>ῥυσόμενος</span> <span class='ocrx_word' id='word_1_87' title='bbox 883 1105 897 1154; x_wconf 89' lang='grc'>;</span> <span class='ocrx_word' id='word_1_88' title='bbox 931 1087 1037 1140; x_wconf 76' lang='grc' dir='ltr'>ἀλλ’</span> <span class='ocrx_word' id='word_1_89' title='bbox 1070 1090 1244 1155; x_wconf 82' lang='grc' dir='ltr'>ἐάσας,</span> <span class='ocrx_word' id='word_1_90' title='bbox 1277 1100 1531 1165; x_wconf 85' lang='grc' dir='ltr'>παραινῶ,</span> <span class='ocrx_word' id='word_1_91' title='bbox 1577 1094 1643 1142; x_wconf 82' lang='grc' dir='ltr'>τα</span> <span class='ocrx_word' id='word_1_92' title='bbox 1681 1088 1862 1157; x_wconf 81' lang='grc' dir='ltr'>πολλὰ,</span> 
     </span>
    </p>
   </div>
   <div class='ocr_carea' id='block_1_14' title="bbox 270 1175 1863 1252">
    <p class='ocr_par' dir='ltr' id='par_1_14' title="bbox 270 1175 1863 1252">
     <span class='ocr_line' id='line_1_14' title="bbox 270 1175 1863 1252; baseline 0.003 -27"><span class='ocrx_word' id='word_1_93' title='bbox 270 1180 360 1226; x_wconf 72' lang='grc' dir='ltr'>καὶ</span> <span class='ocrx_word' id='word_1_94' title='bbox 412 1178 505 1231; x_wconf 77' lang='grc' dir='ltr'>τὴν</span> <span class='ocrx_word' id='word_1_95' title='bbox 558 1179 705 1232; x_wconf 78' lang='grc' dir='ltr'>κενὴν</span> <span class='ocrx_word' id='word_1_96' title='bbox 760 1175 820 1234; x_wconf 83' lang='grc' dir='ltr'>ἣν</span> <span class='ocrx_word' id='word_1_97' title='bbox 874 1176 1039 1247; x_wconf 72' lang='grc' dir='ltr'>λέγεις</span> <span class='ocrx_word' id='word_1_98' title='bbox 1088 1175 1442 1250; x_wconf 74' lang='grc' dir='ltr'>εὐδαιμονίαν,</span> <span class='ocrx_word' id='word_1_99' title='bbox 1490 1180 1646 1231; x_wconf 82' lang='grc' dir='ltr'>θύσον</span> <span class='ocrx_word' id='word_1_100' title='bbox 1703 1197 1863 1252; x_wconf 88' lang='grc' dir='ltr'>προσ-</span> 
     </span>
    </p>
   </div>
   <div class='ocr_carea' id='block_1_15' title="bbox 270 1262 821 1325">
    <p class='ocr_par' dir='ltr' id='par_1_15' title="bbox 270 1262 821 1325">
     <span class='ocr_line' id='line_1_15' title="bbox 270 1262 821 1325; baseline 0.005 -12"><span class='ocrx_word' id='word_1_101' title='bbox 270 1262 424 1314; x_wconf 77' lang='grc' dir='ltr'>ελθών</span> <span class='ocrx_word' id='word_1_102' title='bbox 470 1271 579 1325; x_wconf 85' lang='grc' dir='ltr'>τοῖς</span> <span class='ocrx_word' id='word_1_103' title='bbox 634 1266 762 1325; x_wconf 84' lang='grc' dir='ltr'>θεοῖς</span> <span class='ocrx_word' id='word_1_104' title='bbox 810 1280 821 1291; x_wconf 87' lang='grc'>⁶</span> 
     </span>
    </p>
   </div>
   <div class='ocr_carea' id='block_1_16' title="bbox 270 1350 623 1417">
    <p class='ocr_par' dir='ltr' id='par_1_16' title="bbox 270 1350 623 1417">
     <span class='ocr_line' id='line_1_16' title="bbox 270 1350 623 1417; baseline 0.003 -15"><span class='ocrx_word' id='word_1_105' title='bbox 270 1350 364 1402; x_wconf 88' lang='grc' dir='ltr'>ούκ</span> <span class='ocrx_word' id='word_1_106' title='bbox 437 1350 623 1417; x_wconf 84' lang='grc' dir='ltr'>ἄλλως,</span> 
     </span>
    </p>
   </div>
   <div class='ocr_carea' id='block_1_17' title="bbox 862 1266 1866 1341">
    <p class='ocr_par' dir='ltr' id='par_1_17' title="bbox 862 1266 1866 1341">
     <span class='ocr_line' id='line_1_17' title="bbox 862 1266 1866 1341; baseline 0.002 -24"><span class='ocrx_word' id='word_1_107' title='bbox 862 1266 996 1317; x_wconf 76' lang='grc' dir='ltr'>οὕτω</span> <span class='ocrx_word' id='word_1_108' title='bbox 1048 1270 1148 1341; x_wconf 66' lang='grc' dir='ltr'>γὰρ</span> <span class='ocrx_word' id='word_1_109' title='bbox 1205 1266 1264 1319; x_wconf 80' lang='grc' dir='ltr'>ἄν</span> <span class='ocrx_word' id='word_1_110' title='bbox 1321 1268 1480 1341; x_wconf 75' lang='grc' dir='ltr'>ὀνήσῃ</span> <span class='ocrx_word' id='word_1_111' title='bbox 1537 1271 1727 1319; x_wconf 88' lang='grc' dir='ltr'>σαυτόν</span> <span class='ocrx_word' id='word_1_112' title='bbox 1776 1272 1866 1319; x_wconf 81' lang='grc' dir='ltr'>καὶ</span> 
     </span>
    </p>
   </div>
   <div class='ocr_carea' id='block_1_18' title="bbox 706 1354 1863 1429">
    <p class='ocr_par' dir='ltr' id='par_1_18' title="bbox 706 1354 1863 1429">
     <span class='ocr_line' id='line_1_18' title="bbox 706 1354 1863 1429; baseline 0.002 -24"><span class='ocrx_word' id='word_1_113' title='bbox 706 1354 851 1406; x_wconf 79' lang='grc' dir='ltr'>Ἐπεὶ</span> <span class='ocrx_word' id='word_1_114' title='bbox 918 1363 1087 1407; x_wconf 83' lang='grc' dir='ltr'>ταῦτα</span> <span class='ocrx_word' id='word_1_115' title='bbox 1159 1356 1315 1429; x_wconf 69' lang='grc' dir='ltr'>ψόφοι</span> <span class='ocrx_word' id='word_1_116' title='bbox 1371 1364 1521 1428; x_wconf 86' lang='grc' dir='ltr'>μόνον</span> <span class='ocrx_word' id='word_1_117' title='bbox 1597 1356 1699 1408; x_wconf 84' lang='grc' dir='ltr'>εἰσὶ</span> <span class='ocrx_word' id='word_1_118' title='bbox 1764 1364 1863 1407; x_wconf 82' lang='grc' dir='ltr'>τῶν</span> 
     </span>
    </p>
   </div>
   <div class='ocr_carea' id='block_1_19' title="bbox 268 1444 1863 1514">
    <p class='ocr_par' dir='ltr' id='par_1_19' title="bbox 268 1444 1863 1514">
     <span class='ocr_line' id='line_1_19' title="bbox 268 1444 1863 1514; baseline 0.004 -23"><span class='ocrx_word' id='word_1_119' title='bbox 268 1444 409 1492; x_wconf 86' lang='grc' dir='ltr'>ὤτων</span> <span class='ocrx_word' id='word_1_120' title='bbox 463 1448 862 1514; x_wconf 88' lang='grc' dir='ltr'>καταχεόμενοι.</span> <span class='ocrx_word' id='word_1_121' title='bbox 916 1447 1120 1497; x_wconf 83' lang='grc' dir='ltr'>Τούτων</span> <span class='ocrx_word' id='word_1_122' title='bbox 1196 1445 1383 1508; x_wconf 76' lang='grc' dir='ltr'>ἐκεῖνος</span> <span class='ocrx_word' id='word_1_123' title='bbox 1453 1445 1651 1497; x_wconf 79' lang='grc' dir='ltr'>ἀκούων</span> <span class='ocrx_word' id='word_1_124' title='bbox 1711 1464 1863 1497; x_wconf 85' lang='grc' dir='ltr'>κατε-</span> 
     </span>
    </p>
   </div>
   <div class='ocr_carea' id='block_1_20' title="bbox 267 1530 1860 1608">
    <p class='ocr_par' dir='ltr' id='par_1_20' title="bbox 267 1530 1860 1608">
     <span class='ocr_line' id='line_1_20' title="bbox 267 1530 1860 1608; baseline 0.003 -25"><span class='ocrx_word' id='word_1_125' title='bbox 267 1530 390 1601; x_wconf 72' lang='grc' dir='ltr'>γέλα</span> <span class='ocrx_word' id='word_1_126' title='bbox 416 1539 508 1592; x_wconf 82' lang='grc' dir='ltr'>τῆς</span> <span class='ocrx_word' id='word_1_127' title='bbox 538 1540 629 1584; x_wconf 81' lang='grc' dir='ltr'>τού</span> <span class='ocrx_word' id='word_1_128' title='bbox 658 1534 906 1604; x_wconf 72' lang='grc' dir='ltr'>ἡγεμόνος</span> <span class='ocrx_word' id='word_1_129' title='bbox 945 1540 1282 1608; x_wconf 72' lang='grc' dir='ltr'>κακουργίας.</span> <span class='ocrx_word' id='word_1_130' title='bbox 1335 1541 1435 1588; x_wconf 85' lang='lat' dir='ltr'>Kai.</span> <span class='ocrx_word' id='word_1_131' title='bbox 1478 1535 1571 1587; x_wconf 82' lang='grc' dir='ltr'>ούκ</span> <span class='ocrx_word' id='word_1_132' title='bbox 1613 1536 1673 1586; x_wconf 82' lang='grc' dir='ltr'>άν</span> <span class='ocrx_word' id='word_1_133' title='bbox 1717 1553 1860 1601; x_wconf 90' lang='grc' dir='ltr'>ποτε,</span> 
     </span>
    </p>
   </div>
   <div class='ocr_carea' id='block_1_21' title="bbox 268 1616 1863 1696">
    <p class='ocr_par' dir='ltr' id='par_1_21' title="bbox 268 1616 1863 1696">
     <span class='ocr_line' id='line_1_21' title="bbox 268 1616 1863 1696; baseline 0.003 -25"><span class='ocrx_word' id='word_1_134' title='bbox 268 1616 423 1685; x_wconf 81' lang='grc' dir='ltr'>εἶπεν,</span> <span class='ocrx_word' id='word_1_135' title='bbox 476 1619 525 1672; x_wconf 73' lang='grc' dir='ltr'>ἐν</span> <span class='ocrx_word' id='word_1_136' title='bbox 568 1620 797 1691; x_wconf 76' lang='grc' dir='ltr'>ὶμαυτῷ,</span> <span class='ocrx_word' id='word_1_137' title='bbox 850 1626 1104 1689; x_wconf 78' lang='grc' dir='ltr'>Διονύσιε,</span> <span class='ocrx_word' id='word_1_138' title='bbox 1147 1625 1235 1690; x_wconf 82' lang='grc' dir='ltr'>ὢν,</span> <span class='ocrx_word' id='word_1_139' title='bbox 1278 1628 1362 1676; x_wconf 89' lang='grc' dir='ltr'>τὸν</span> <span class='ocrx_word' id='word_1_140' title='bbox 1407 1624 1524 1696; x_wconf 73' lang='grc' dir='ltr'>ἐμὸν</span> <span class='ocrx_word' id='word_1_141' title='bbox 1580 1628 1729 1687; x_wconf 87' lang='grc' dir='ltr'>Θεὸν,</span> <span class='ocrx_word' id='word_1_142' title='bbox 1776 1628 1863 1675; x_wconf 84' lang='grc' dir='ltr'>τὸν</span> 
     </span>
    </p>
   </div>
   <div class='ocr_carea' id='block_1_22' title="bbox 1979 458 3633 529">
    <p class='ocr_par' dir='ltr' id='par_1_22' title="bbox 1979 458 3633 529">
     <span class='ocr_line' id='line_1_22' title="bbox 1979 458 3633 529; baseline 0.005 -16"><span class='ocrx_word' id='word_1_143' title='bbox 1979 459 2376 524; x_wconf 89' lang='lat' dir='ltr'>dissecuisset,</span> <span class='ocrx_word' id='word_1_144' title='bbox 2403 459 2712 529; x_wconf 82' lang='lat' dir='ltr'>sanguinis</span> <span class='ocrx_word' id='word_1_145' title='bbox 2753 458 3001 515; x_wconf 79' lang='lat' dir='ltr'>deduxit</span> <span class='ocrx_word' id='word_1_146' title='bbox 3035 460 3267 516; x_wconf 89' lang='lat' dir='ltr'>ﬂuvios.</span> <span class='ocrx_word' id='word_1_147' title='bbox 3304 463 3397 519; x_wconf 90' lang='lat' dir='ltr'>llle</span> <span class='ocrx_word' id='word_1_148' title='bbox 3430 470 3633 521; x_wconf 78' lang='lat' dir='ltr'>autem</span> 
     </span>
    </p>
   </div>
   <div class='ocr_carea' id='block_1_23' title="bbox 1978 548 3634 619">
    <p class='ocr_par' dir='ltr' id='par_1_23' title="bbox 1978 548 3634 619">
     <span class='ocr_line' id='line_1_23' title="bbox 1978 548 3634 619; baseline 0.007 -20"><span class='ocrx_word' id='word_1_149' title='bbox 1978 563 2100 619; x_wconf 88' lang='lat' dir='ltr'>quo</span> <span class='ocrx_word' id='word_1_150' title='bbox 2126 548 2301 604; x_wconf 90' lang='lat' dir='ltr'>altius</span> <span class='ocrx_word' id='word_1_151' title='bbox 2328 548 2599 605; x_wconf 90' lang='lat' dir='ltr'>sublatus</span> <span class='ocrx_word' id='word_1_152' title='bbox 2622 557 2747 605; x_wconf 89' lang='lat' dir='ltr'>erat</span> <span class='ocrx_word' id='word_1_153' title='bbox 2763 566 2793 604; x_wconf 92' lang='lat' dir='ltr'>e</span> <span class='ocrx_word' id='word_1_154' title='bbox 2809 556 2985 613; x_wconf 88' lang='lat' dir='ltr'>terra,</span> <span class='ocrx_word' id='word_1_155' title='bbox 3010 565 3081 605; x_wconf 91' lang='lat' dir='ltr'>eo</span> <span class='ocrx_word' id='word_1_156' title='bbox 3098 552 3293 619; x_wconf 89' lang='lat' dir='ltr'>magis</span> <span class='ocrx_word' id='word_1_157' title='bbox 3319 552 3634 610; x_wconf 78' lang='lat' dir='ltr'>videbatur</span> 
     </span>
    </p>
   </div>
   <div class='ocr_carea' id='block_1_24' title="bbox 1979 637 3630 711">
    <p class='ocr_par' dir='ltr' id='par_1_24' title="bbox 1979 637 3630 711">
     <span class='ocr_line' id='line_1_24' title="bbox 1979 637 3630 711; baseline 0.004 -20"><span class='ocrx_word' id='word_1_158' title='bbox 1979 638 2097 692; x_wconf 89' lang='lat' dir='ltr'>Deo</span> <span class='ocrx_word' id='word_1_159' title='bbox 2117 653 2243 692; x_wconf 89' lang='lat' dir='ltr'>esse</span> <span class='ocrx_word' id='word_1_160' title='bbox 2264 639 2664 711; x_wconf 88' lang='lat' dir='ltr'>propinquus:</span> <span class='ocrx_word' id='word_1_161' title='bbox 2687 643 2761 701; x_wconf 89' lang='lat' dir='ltr'>et,</span> <span class='ocrx_word' id='word_1_162' title='bbox 2778 637 2985 702; x_wconf 65' lang='lat' dir='ltr'>Multae,</span> <span class='ocrx_word' id='word_1_163' title='bbox 3001 638 3254 703; x_wconf 90' lang='lat' dir='ltr'>dicebat,</span> <span class='ocrx_word' id='word_1_164' title='bbox 3277 638 3630 698; x_wconf 79' lang='lat' dir='ltr'>afﬂictiones</span> 
     </span>
    </p>
   </div>
   <div class='ocr_carea' id='block_1_25' title="bbox 1969 726 3627 797">
    <p class='ocr_par' dir='ltr' id='par_1_25' title="bbox 1969 726 3627 797">
     <span class='ocr_line' id='line_1_25' title="bbox 1969 726 3627 797; baseline 0.004 -17"><span class='ocrx_word' id='word_1_165' title='bbox 1969 726 2293 797; x_wconf 91' lang='lat' dir='ltr'>justorum,</span> <span class='ocrx_word' id='word_1_166' title='bbox 2309 734 2446 784; x_wconf 84' lang='lat' dir='ltr'>etex</span> <span class='ocrx_word' id='word_1_167' title='bbox 2459 728 2543 783; x_wconf 87' lang='lat' dir='ltr'>eis</span> <span class='ocrx_word' id='word_1_168' title='bbox 2563 726 3249 784; x_wconf 86' lang='lat' dir='ltr'>omnibusliberabiteos</span> <span class='ocrx_word' id='word_1_169' title='bbox 3271 730 3627 788; x_wconf 74' lang='lat' dir='ltr'>Dominus‘.</span> 
     </span>
    </p>
   </div>
   <div class='ocr_carea' id='block_1_26' title="bbox 1973 815 3625 891">
    <p class='ocr_par' dir='ltr' id='par_1_26' title="bbox 1973 815 3625 891">
     <span class='ocr_line' id='line_1_26' title="bbox 1973 815 3625 891; baseline 0.002 -21"><span class='ocrx_word' id='word_1_170' title='bbox 1973 815 2291 888; x_wconf 87' lang='lat' dir='ltr'>Dionysius</span> <span class='ocrx_word' id='word_1_171' title='bbox 2304 824 2503 873; x_wconf 92' lang='lat' dir='ltr'>autem</span> <span class='ocrx_word' id='word_1_172' title='bbox 2517 833 2652 875; x_wconf 90' lang='lat' dir='ltr'>cum</span> <span class='ocrx_word' id='word_1_173' title='bbox 2665 817 2791 872; x_wconf 72' lang='lat' dir='ltr'>hinc</span> <span class='ocrx_word' id='word_1_174' title='bbox 2819 816 3140 872; x_wconf 76' lang='lat' dir='ltr'>audivisset</span> <span class='ocrx_word' id='word_1_175' title='bbox 3165 834 3181 872; x_wconf 91' lang='lat'><strong>:</strong></span> <span class='ocrx_word' id='word_1_176' title='bbox 3205 819 3366 874; x_wconf 91' lang='lat' dir='ltr'>Vana</span> <span class='ocrx_word' id='word_1_177' title='bbox 3388 823 3443 874; x_wconf 90' lang='lat' dir='ltr'>te</span> <span class='ocrx_word' id='word_1_178' title='bbox 3467 834 3625 891; x_wconf 84' lang='lat' dir='ltr'>spes,</span> 
     </span>
    </p>
   </div>
   <div class='ocr_carea' id='block_1_27' title="bbox 1976 905 3626 979">
    <p class='ocr_par' dir='ltr' id='par_1_27' title="bbox 1976 905 3626 979">
     <span class='ocr_line' id='line_1_27' title="bbox 1976 905 3626 979; baseline 0.004 -21"><span class='ocrx_word' id='word_1_179' title='bbox 1976 906 2187 976; x_wconf 89' lang='lat' dir='ltr'>inquit,</span> <span class='ocrx_word' id='word_1_180' title='bbox 2214 906 2549 979; x_wconf 89' lang='lat' dir='ltr'>Trophime,</span> <span class='ocrx_word' id='word_1_181' title='bbox 2577 912 2633 962; x_wconf 88' lang='lat' dir='ltr'>et</span> <span class='ocrx_word' id='word_1_182' title='bbox 2672 905 2819 961; x_wconf 86' lang='lat' dir='ltr'>levis</span> <span class='ocrx_word' id='word_1_183' title='bbox 2849 906 3126 976; x_wconf 79' lang='lat' dir='ltr'>cogitatio</span> <span class='ocrx_word' id='word_1_184' title='bbox 3160 907 3313 961; x_wconf 90' lang='lat' dir='ltr'>male</span> <span class='ocrx_word' id='word_1_185' title='bbox 3346 908 3626 979; x_wconf 88' lang='lat' dir='ltr'>perdunt.</span> 
     </span>
    </p>
   </div>
   <div class='ocr_carea' id='block_1_28' title="bbox 1976 994 3626 1067">
    <p class='ocr_par' dir='ltr' id='par_1_28' title="bbox 1976 994 3626 1067">
     <span class='ocr_line' id='line_1_28' title="bbox 1976 994 3626 1067; baseline 0.002 -19"><span class='ocrx_word' id='word_1_186' title='bbox 1976 995 2114 1059; x_wconf 87' lang='lat' dir='ltr'>Quis</span> <span class='ocrx_word' id='word_1_187' title='bbox 2144 996 2305 1051; x_wconf 92' lang='lat' dir='ltr'>enim</span> <span class='ocrx_word' id='word_1_188' title='bbox 2320 997 2397 1051; x_wconf 90' lang='lat' dir='ltr'>ad</span> <span class='ocrx_word' id='word_1_189' title='bbox 2412 1002 2464 1051; x_wconf 92' lang='lat' dir='ltr'>te</span> <span class='ocrx_word' id='word_1_190' title='bbox 2490 995 2680 1051; x_wconf 90' lang='lat' dir='ltr'>veniet</span> <span class='ocrx_word' id='word_1_191' title='bbox 2704 994 2930 1060; x_wconf 73' lang='lat' dir='ltr'>ecmlis,</span> <span class='ocrx_word' id='word_1_192' title='bbox 2966 1012 3000 1050; x_wconf 92' lang='lat' dir='ltr'>a</span> <span class='ocrx_word' id='word_1_193' title='bbox 3023 996 3419 1067; x_wconf 68' lang='lat' dir='ltr'>prmseutibus</span> <span class='ocrx_word' id='word_1_194' title='bbox 3452 996 3626 1052; x_wconf 92' lang='lat' dir='ltr'>malis</span> 
     </span>
    </p>
   </div>
   <div class='ocr_carea' id='block_1_29' title="bbox 1973 1083 3629 1150">
    <p class='ocr_par' dir='ltr' id='par_1_29' title="bbox 1973 1083 3629 1150">
     <span class='ocr_line' id='line_1_29' title="bbox 1973 1083 3629 1150; baseline 0.001 -9"><span class='ocrx_word' id='word_1_195' title='bbox 1973 1083 2336 1141; x_wconf 73' lang='lat' dir='ltr'>liberaturus</span> <span class='ocrx_word' id='word_1_196' title='bbox 2364 1084 2392 1139; x_wconf 79' lang='lat'>‘?</span> <span class='ocrx_word' id='word_1_197' title='bbox 2425 1085 2538 1141; x_wconf 89' lang='lat' dir='ltr'>Sed</span> <span class='ocrx_word' id='word_1_198' title='bbox 2569 1086 2774 1150; x_wconf 87' lang='lat' dir='ltr'>multa,</span> <span class='ocrx_word' id='word_1_199' title='bbox 2812 1084 2913 1139; x_wconf 89' lang='lat' dir='ltr'>tibi</span> <span class='ocrx_word' id='word_1_200' title='bbox 2943 1084 3189 1149; x_wconf 87' lang='lat' dir='ltr'>suadeo,</span> <span class='ocrx_word' id='word_1_201' title='bbox 3225 1084 3405 1141; x_wconf 85' lang='lat' dir='ltr'>verba</span> <span class='ocrx_word' id='word_1_202' title='bbox 3434 1086 3629 1142; x_wconf 85' lang='lat' dir='ltr'>dimit-</span> 
     </span>
    </p>
   </div>
   <div class='ocr_carea' id='block_1_30' title="bbox 1976 1173 3624 1246">
    <p class='ocr_par' dir='ltr' id='par_1_30' title="bbox 1976 1173 3624 1246">
     <span class='ocr_line' id='line_1_30' title="bbox 1976 1173 3624 1246; baseline 0.001 -18"><span class='ocrx_word' id='word_1_203' title='bbox 1976 1180 2126 1239; x_wconf 89' lang='lat' dir='ltr'>tens,</span> <span class='ocrx_word' id='word_1_204' title='bbox 2162 1183 2217 1228; x_wconf 91' lang='lat' dir='ltr'>et</span> <span class='ocrx_word' id='word_1_205' title='bbox 2250 1190 2488 1238; x_wconf 91' lang='lat' dir='ltr'>vanam,</span> <span class='ocrx_word' id='word_1_206' title='bbox 2522 1189 2707 1246; x_wconf 91' lang='lat' dir='ltr'>quam</span> <span class='ocrx_word' id='word_1_207' title='bbox 2736 1173 2907 1243; x_wconf 88' lang='lat' dir='ltr'>dicis,</span> <span class='ocrx_word' id='word_1_208' title='bbox 2938 1173 3297 1238; x_wconf 85' lang='lat' dir='ltr'>felicitatem.</span> <span class='ocrx_word' id='word_1_209' title='bbox 3330 1174 3624 1229; x_wconf 85' lang='lat' dir='ltr'>accedens</span> 
     </span>
    </p>
   </div>
   <div class='ocr_carea' id='block_1_31' title="bbox 1976 1263 3622 1334">
    <p class='ocr_par' dir='ltr' id='par_1_31' title="bbox 1976 1263 3622 1334">
     <span class='ocr_line' id='line_1_31' title="bbox 1976 1263 3622 1334; baseline 0 -16"><span class='ocrx_word' id='word_1_210' title='bbox 1976 1263 2090 1318; x_wconf 91' lang='lat' dir='ltr'>diis</span> <span class='ocrx_word' id='word_1_211' title='bbox 2124 1265 2417 1320; x_wconf 79' lang='lat' dir='ltr'>sacriﬁca.</span> <span class='ocrx_word' id='word_1_212' title='bbox 2449 1264 2541 1318; x_wconf 94' lang='lat' dir='ltr'>Sic</span> <span class='ocrx_word' id='word_1_213' title='bbox 2571 1264 2728 1318; x_wconf 93' lang='lat' dir='ltr'>enim</span> <span class='ocrx_word' id='word_1_214' title='bbox 2762 1264 2866 1319; x_wconf 92' lang='lat' dir='ltr'>tibi</span> <span class='ocrx_word' id='word_1_215' title='bbox 2900 1265 3188 1334; x_wconf 88' lang='lat' dir='ltr'>proderis,</span> <span class='ocrx_word' id='word_1_216' title='bbox 3211 1269 3267 1318; x_wconf 92' lang='lat' dir='ltr'>et</span> <span class='ocrx_word' id='word_1_217' title='bbox 3293 1280 3412 1319; x_wconf 91' lang='lat' dir='ltr'>non</span> <span class='ocrx_word' id='word_1_218' title='bbox 3436 1264 3622 1320; x_wconf 88' lang='lat' dir='ltr'>aliter.</span> 
     </span>
    </p>
   </div>
   <div class='ocr_carea' id='block_1_32' title="bbox 1976 1352 3625 1425">
    <p class='ocr_par' dir='ltr' id='par_1_32' title="bbox 1976 1352 3625 1425">
     <span class='ocr_line' id='line_1_32' title="bbox 1976 1352 3625 1425; baseline 0 -16"><span class='ocrx_word' id='word_1_219' title='bbox 1976 1356 2123 1409; x_wconf 83' lang='lat' dir='ltr'>Nam</span> <span class='ocrx_word' id='word_1_220' title='bbox 2149 1354 2275 1408; x_wconf 65' lang='lat' dir='ltr'>haec</span> <span class='ocrx_word' id='word_1_221' title='bbox 2302 1360 2437 1408; x_wconf 85' lang='lat' dir='ltr'>sunt</span> <span class='ocrx_word' id='word_1_222' title='bbox 2462 1352 2657 1408; x_wconf 88' lang='lat' dir='ltr'>solum</span> <span class='ocrx_word' id='word_1_223' title='bbox 2688 1354 2986 1425; x_wconf 88' lang='lat' dir='ltr'>strepitus,</span> <span class='ocrx_word' id='word_1_224' title='bbox 3014 1354 3116 1425; x_wconf 90' lang='lat' dir='ltr'>qui</span> <span class='ocrx_word' id='word_1_225' title='bbox 3148 1352 3536 1409; x_wconf 73' lang='lat' dir='ltr'>effunduntur</span> <span class='ocrx_word' id='word_1_226' title='bbox 3565 1354 3625 1409; x_wconf 87' lang='lat' dir='ltr'>in</span> 
     </span>
    </p>
   </div>
   <div class='ocr_carea' id='block_1_33' title="bbox 1976 1440 3627 1514">
    <p class='ocr_par' dir='ltr' id='par_1_33' title="bbox 1976 1440 3627 1514">
     <span class='ocr_line' id='line_1_33' title="bbox 1976 1440 3627 1514; baseline -0.001 -16"><span class='ocrx_word' id='word_1_227' title='bbox 1976 1458 2169 1498; x_wconf 86' lang='lat' dir='ltr'>aures.</span> <span class='ocrx_word' id='word_1_228' title='bbox 2206 1443 2299 1497; x_wconf 83' lang='lat' dir='ltr'>His</span> <span class='ocrx_word' id='word_1_229' title='bbox 2327 1441 2422 1497; x_wconf 90' lang='lat' dir='ltr'>ille</span> <span class='ocrx_word' id='word_1_230' title='bbox 2448 1441 2688 1506; x_wconf 89' lang='lat' dir='ltr'>auditis,</span> <span class='ocrx_word' id='word_1_231' title='bbox 2722 1440 3007 1497; x_wconf 89' lang='lat' dir='ltr'>irridebat</span> <span class='ocrx_word' id='word_1_232' title='bbox 3036 1441 3309 1514; x_wconf 70' lang='lat' dir='ltr'>prmsidis</span> <span class='ocrx_word' id='word_1_233' title='bbox 3336 1442 3627 1513; x_wconf 83' lang='lat' dir='ltr'>improbi-</span> 
     </span>
    </p>
   </div>
   <div class='ocr_carea' id='block_1_34' title="bbox 1976 1530 3625 1603">
    <p class='ocr_par' dir='ltr' id='par_1_34' title="bbox 1976 1530 3625 1603">
     <span class='ocr_line' id='line_1_34' title="bbox 1976 1530 3625 1603; baseline 0 -17"><span class='ocrx_word' id='word_1_234' title='bbox 1976 1537 2167 1596; x_wconf 86' lang='lat' dir='ltr'>tatem,</span> <span class='ocrx_word' id='word_1_235' title='bbox 2184 1540 2237 1586; x_wconf 92' lang='lat' dir='ltr'>et</span> <span class='ocrx_word' id='word_1_236' title='bbox 2252 1548 2265 1585; x_wconf 87' lang='lat'><strong>:</strong></span> <span class='ocrx_word' id='word_1_237' title='bbox 2285 1533 2616 1601; x_wconf 80' lang='lat' dir='ltr'>Nunquam,</span> <span class='ocrx_word' id='word_1_238' title='bbox 2632 1530 2846 1595; x_wconf 84' lang='lat' dir='ltr'>aiebat,</span> <span class='ocrx_word' id='word_1_239' title='bbox 2862 1547 2897 1586; x_wconf 92' lang='grc' dir='ltr'>ο</span> <span class='ocrx_word' id='word_1_240' title='bbox 2915 1530 3175 1603; x_wconf 84' lang='lat' dir='ltr'>Dionysi,</span> <span class='ocrx_word' id='word_1_241' title='bbox 3191 1531 3329 1585; x_wconf 91' lang='lat' dir='ltr'>dum</span> <span class='ocrx_word' id='word_1_242' title='bbox 3344 1546 3444 1586; x_wconf 94' lang='lat' dir='ltr'>ero</span> <span class='ocrx_word' id='word_1_243' title='bbox 3462 1530 3625 1602; x_wconf 90' lang='lat' dir='ltr'>apud</span> 
     </span>
    </p>
   </div>
   <div class='ocr_carea' id='block_1_35' title="bbox 1978 1620 3621 1692">
    <p class='ocr_par' dir='ltr' id='par_1_35' title="bbox 1978 1620 3621 1692">
     <span class='ocr_line' id='line_1_35' title="bbox 1978 1620 3621 1692; baseline -0.002 -17"><span class='ocrx_word' id='word_1_244' title='bbox 1978 1637 2093 1689; x_wconf 91' lang='lat' dir='ltr'>me,</span> <span class='ocrx_word' id='word_1_245' title='bbox 2119 1636 2319 1675; x_wconf 91' lang='lat' dir='ltr'>meum</span> <span class='ocrx_word' id='word_1_246' title='bbox 2337 1620 2547 1686; x_wconf 90' lang='lat' dir='ltr'>Deum,</span> <span class='ocrx_word' id='word_1_247' title='bbox 2569 1620 2674 1691; x_wconf 90' lang='lat' dir='ltr'>qui</span> <span class='ocrx_word' id='word_1_248' title='bbox 2697 1625 2785 1675; x_wconf 88' lang='lat' dir='ltr'>est</span> <span class='ocrx_word' id='word_1_249' title='bbox 2803 1636 2973 1674; x_wconf 89' lang='lat' dir='ltr'>verus</span> <span class='ocrx_word' id='word_1_250' title='bbox 2994 1620 3621 1692; x_wconf 88' lang='lat' dir='ltr'>etvivus,negaverim.</span> 
     </span>
    </p>
   </div>
   <div class='ocr_carea' id='block_1_36' title="bbox 268 1708 1861 1786">
    <p class='ocr_par' dir='ltr' id='par_1_36' title="bbox 268 1709 1861 1786">
     <span class='ocr_line' id='line_1_36' title="bbox 268 1709 1861 1786; baseline 0.003 -26"><span class='ocrx_word' id='word_1_251' title='bbox 268 1709 452 1773; x_wconf 79' lang='grc' dir='ltr'>ζῶντα,</span> <span class='ocrx_word' id='word_1_252' title='bbox 506 1713 591 1763; x_wconf 87' lang='grc' dir='ltr'>τὸν</span> <span class='ocrx_word' id='word_1_253' title='bbox 643 1710 834 1783; x_wconf 75' lang='grc' dir='ltr'>ἁληθῇ,</span> <span class='ocrx_word' id='word_1_254' title='bbox 886 1711 1244 1785; x_wconf 78' lang='grc' dir='ltr'>ἀρνησαίμην,</span> <span class='ocrx_word' id='word_1_255' title='bbox 1295 1718 1447 1786; x_wconf 85' lang='grc' dir='ltr'>Εἶπερ</span> <span class='ocrx_word' id='word_1_256' title='bbox 1503 1710 1589 1765; x_wconf 76' lang='grc' dir='ltr'>οὖν</span> <span class='ocrx_word' id='word_1_257' title='bbox 1635 1733 1720 1765; x_wconf 93' lang='grc' dir='ltr'>σοι</span> <span class='ocrx_word' id='word_1_258' title='bbox 1773 1718 1861 1765; x_wconf 84' lang='grc' dir='ltr'>καὶ</span> 
     </span>
    </p>
   </div>
   <div class='ocr_carea' id='block_1_37' title="bbox 1974 1708 3625 1786">
    <p class='ocr_par' dir='ltr' id='par_1_37' title="bbox 1976 1708 3625 1779">
     <span class='ocr_line' id='line_1_37' title="bbox 1976 1708 3625 1779; baseline -0.002 -13"><span class='ocrx_word' id='word_1_259' title='bbox 1976 1710 2030 1767; x_wconf 91' lang='lat' dir='ltr'>Si</span> <span class='ocrx_word' id='word_1_260' title='bbox 2062 1715 2150 1765; x_wconf 90' lang='lat' dir='ltr'>est</span> <span class='ocrx_word' id='word_1_261' title='bbox 2175 1724 2317 1779; x_wconf 89' lang='lat' dir='ltr'>ergo</span> <span class='ocrx_word' id='word_1_262' title='bbox 2332 1708 2436 1765; x_wconf 87' lang='lat' dir='ltr'>tibi</span> <span class='ocrx_word' id='word_1_263' title='bbox 2455 1710 2625 1765; x_wconf 89' lang='lat' dir='ltr'>facile</span> <span class='ocrx_word' id='word_1_264' title='bbox 2650 1709 3076 1765; x_wconf 79' lang='lat' dir='ltr'>transformare</span> <span class='ocrx_word' id='word_1_265' title='bbox 3090 1710 3386 1774; x_wconf 87' lang='lat' dir='ltr'>homines,</span> <span class='ocrx_word' id='word_1_266' title='bbox 3404 1715 3458 1765; x_wconf 93' lang='lat' dir='ltr'>et</span> <span class='ocrx_word' id='word_1_267' title='bbox 3474 1710 3625 1765; x_wconf 87' lang='lat' dir='ltr'>alios</span> 
     </span>
    </p>
   </div>
   <div class='ocr_carea' id='block_1_38' title="bbox 265 1798 1863 1876">
    <p class='ocr_par' dir='ltr' id='par_1_38' title="bbox 265 1798 1863 1876">
     <span class='ocr_line' id='line_1_38' title="bbox 265 1798 1863 1876; baseline 0.001 -25"><span class='ocrx_word' id='word_1_268' title='bbox 265 1798 634 1869; x_wconf 82' lang='grc' dir='ltr'>μεταπλάττειν</span> <span class='ocrx_word' id='word_1_269' title='bbox 664 1799 966 1873; x_wconf 76' lang='grc' dir='ltr'>ἀνθρώπους</span> <span class='ocrx_word' id='word_1_270' title='bbox 1014 1798 1219 1876; x_wconf 76' lang='grc' dir='ltr'>ῥᾴδιον,</span> <span class='ocrx_word' id='word_1_271' title='bbox 1266 1808 1355 1855; x_wconf 81' lang='grc' dir='ltr'>καὶ</span> <span class='ocrx_word' id='word_1_272' title='bbox 1392 1802 1575 1864; x_wconf 75' lang='grc' dir='ltr'>ἄλλους</span> <span class='ocrx_word' id='word_1_273' title='bbox 1611 1801 1663 1865; x_wconf 78' lang='grc' dir='ltr'><strong>ἐξ</strong></span> <span class='ocrx_word' id='word_1_274' title='bbox 1700 1803 1863 1854; x_wconf 77' lang='grc' dir='ltr'>ἄλλων</span> 
     </span>
    </p>
   </div>
   <div class='ocr_carea' id='block_1_39' title="bbox 268 1886 1863 1965">
    <p class='ocr_par' dir='ltr' id='par_1_39' title="bbox 268 1886 1863 1965">
     <span class='ocr_line' id='line_1_39' title="bbox 268 1886 1863 1965; baseline 0.003 -27"><span class='ocrx_word' id='word_1_275' title='bbox 268 1895 449 1951; x_wconf 81' lang='grc' dir='ltr'>ποιεῖν,</span> <span class='ocrx_word' id='word_1_276' title='bbox 515 1886 790 1960; x_wconf 76' lang='grc' dir='ltr'>προσδόκα</span> <span class='ocrx_word' id='word_1_277' title='bbox 854 1911 906 1942; x_wconf 93' lang='grc' dir='ltr'>τι</span> <span class='ocrx_word' id='word_1_278' title='bbox 962 1891 1085 1965; x_wconf 90' lang='grc' dir='ltr'>παρ’</span> <span class='ocrx_word' id='word_1_279' title='bbox 1139 1893 1263 1963; x_wconf 73' lang='grc' dir='ltr'>ἐμοῦ</span> <span class='ocrx_word' id='word_1_280' title='bbox 1318 1897 1408 1943; x_wconf 80' lang='grc' dir='ltr'>καὶ</span> <span class='ocrx_word' id='word_1_281' title='bbox 1483 1900 1582 1944; x_wconf 86' lang='grc' dir='ltr'>τῶν</span> <span class='ocrx_word' id='word_1_282' title='bbox 1626 1890 1863 1944; x_wconf 69' lang='grc' dir='ltr'>ἐναντίων</span> 
     </span>
    </p>
   </div>
   <div class='ocr_carea' id='block_1_40' title="bbox 269 1976 1859 2055">
    <p class='ocr_par' dir='ltr' id='par_1_40' title="bbox 269 1976 1859 2055">
     <span class='ocr_line' id='line_1_40' title="bbox 269 1976 1859 2055; baseline 0.003 -27"><span class='ocrx_word' id='word_1_283' title='bbox 269 1980 395 2037; x_wconf 83' lang='grc' dir='ltr'>ἴσως</span> <span class='ocrx_word' id='word_1_284' title='bbox 425 1976 645 2031; x_wconf 78' lang='grc' dir='ltr'>ἀκούσαι</span> <span class='ocrx_word' id='word_1_285' title='bbox 680 1997 695 2011; x_wconf 90' lang='grc'><strong>·</strong></span> <span class='ocrx_word' id='word_1_286' title='bbox 724 1982 794 2042; x_wconf 85' lang='grc' dir='ltr'>ὡς</span> <span class='ocrx_word' id='word_1_287' title='bbox 822 1982 981 2052; x_wconf 72' lang='grc' dir='ltr'>ἔγωγε</span> <span class='ocrx_word' id='word_1_288' title='bbox 1018 1983 1043 2032; x_wconf 88' lang='grc' dir='ltr'>ὁ</span> <span class='ocrx_word' id='word_1_289' title='bbox 1074 1985 1229 2043; x_wconf 73' lang='grc' dir='ltr'>αὐτὸς</span> <span class='ocrx_word' id='word_1_290' title='bbox 1278 1988 1539 2055; x_wconf 73' lang='grc' dir='ltr'>Τρόφιμος</span> <span class='ocrx_word' id='word_1_291' title='bbox 1585 1983 1859 2055; x_wconf 80' lang='grc' dir='ltr'>ὑπάρχων,</span> 
     </span>
    </p>
   </div>
   <div class='ocr_carea' id='block_1_41' title="bbox 267 2064 1863 2147">
    <p class='ocr_par' dir='ltr' id='par_1_41' title="bbox 267 2064 1863 2147">
     <span class='ocr_line' id='line_1_41' title="bbox 267 2064 1863 2147; baseline 0.004 -30"><span class='ocrx_word' id='word_1_292' title='bbox 267 2067 440 2141; x_wconf 81' lang='grc' dir='ltr'>ὥσπερ</span> <span class='ocrx_word' id='word_1_293' title='bbox 473 2064 539 2125; x_wconf 81' lang='grc' dir='ltr'>δὴ</span> <span class='ocrx_word' id='word_1_294' title='bbox 564 2074 654 2121; x_wconf 82' lang='grc' dir='ltr'>καὶ</span> <span class='ocrx_word' id='word_1_295' title='bbox 682 2076 769 2120; x_wconf 78' lang='grc' dir='ltr'>νῦν</span> <span class='ocrx_word' id='word_1_296' title='bbox 796 2070 917 2140; x_wconf 83' lang='grc' dir='ltr'>εἰμι,</span> <span class='ocrx_word' id='word_1_297' title='bbox 954 2072 1138 2122; x_wconf 84' lang='grc' dir='ltr'>θᾶττον</span> <span class='ocrx_word' id='word_1_298' title='bbox 1183 2070 1507 2144; x_wconf 73' lang='grc' dir='ltr'>ἐπιλάθωμαι</span> <span class='ocrx_word' id='word_1_299' title='bbox 1534 2080 1625 2124; x_wconf 80' lang='grc' dir='ltr'>τοῦ</span> <span class='ocrx_word' id='word_1_300' title='bbox 1671 2073 1863 2147; x_wconf 68' lang='grc' dir='ltr'>ἄνθρω-</span> 
     </span>
    </p>
   </div>
   <div class='ocr_carea' id='block_1_42' title="bbox 263 2154 1865 2237">
    <p class='ocr_par' dir='ltr' id='par_1_42' title="bbox 263 2154 1865 2237">
     <span class='ocr_line' id='line_1_42' title="bbox 263 2154 1865 2237; baseline 0.004 -30"><span class='ocrx_word' id='word_1_301' title='bbox 263 2175 354 2215; x_wconf 89' lang='grc' dir='ltr'>πος</span> <span class='ocrx_word' id='word_1_302' title='bbox 380 2154 511 2209; x_wconf 84' lang='grc' dir='ltr'>εἶναι</span> <span class='ocrx_word' id='word_1_303' title='bbox 532 2157 561 2215; x_wconf 72' lang='grc' dir='ltr'>ἡ</span> <span class='ocrx_word' id='word_1_304' title='bbox 591 2161 676 2210; x_wconf 86' lang='grc' dir='ltr'>τὸν</span> <span class='ocrx_word' id='word_1_305' title='bbox 708 2158 893 2211; x_wconf 80' lang='grc' dir='ltr'>οἰκεῖον</span> <span class='ocrx_word' id='word_1_306' title='bbox 923 2166 1188 2219; x_wconf 86' lang='grc' dir='ltr'>Δεσπότην</span> <span class='ocrx_word' id='word_1_307' title='bbox 1216 2167 1305 2213; x_wconf 83' lang='grc' dir='ltr'>καὶ</span> <span class='ocrx_word' id='word_1_308' title='bbox 1329 2166 1655 2237; x_wconf 76' lang='grc' dir='ltr'>Δημιουργὸν</span> <span class='ocrx_word' id='word_1_309' title='bbox 1676 2161 1865 2233; x_wconf 71' lang='grc' dir='ltr'>ἀγνοή-</span> 
     </span>
    </p>
   </div>
   <div class='ocr_carea' id='block_1_43' title="bbox 266 2263 441 2318">
    <p class='ocr_par' dir='ltr' id='par_1_43' title="bbox 266 2263 441 2318">
     <span class='ocr_line' id='line_1_43' title="bbox 266 2263 441 2318; baseline 0.017 -22"><span class='ocrx_word' id='word_1_310' title='bbox 266 2263 441 2318; x_wconf 87' lang='grc' dir='ltr'>σαιμι.</span> 
     </span>
    </p>
   </div>
   <div class='ocr_carea' id='block_1_44' title="bbox 337 2333 1864 2415">
    <p class='ocr_par' dir='ltr' id='par_1_44' title="bbox 337 2333 1864 2415">
     <span class='ocr_line' id='line_1_44' title="bbox 337 2333 1864 2415; baseline 0.003 -28"><span class='ocrx_word' id='word_1_311' title='bbox 337 2333 418 2388; x_wconf 83' lang='grc' dir='ltr'>Θ’.</span> <span class='ocrx_word' id='word_1_312' title='bbox 462 2341 563 2388; x_wconf 79' lang='grc' dir='ltr'>Καὶ</span> <span class='ocrx_word' id='word_1_313' title='bbox 607 2338 632 2388; x_wconf 87' lang='grc' dir='ltr'><strong><em>ὁ</em></strong></span> <span class='ocrx_word' id='word_1_314' title='bbox 681 2339 890 2410; x_wconf 75' lang='grc' dir='ltr'>ἡγεμών</span> <span class='ocrx_word' id='word_1_315' title='bbox 931 2353 942 2364; x_wconf 90' lang='grc'>⁶</span> <span class='ocrx_word' id='word_1_316' title='bbox 976 2336 1176 2409; x_wconf 69' lang='grc' dir='ltr'>”Ωσπερ</span> <span class='ocrx_word' id='word_1_317' title='bbox 1219 2344 1256 2391; x_wconf 78' lang='grc' dir='ltr'>εἱ</span> <span class='ocrx_word' id='word_1_318' title='bbox 1300 2349 1648 2415; x_wconf 75' lang='grc' dir='ltr'>παρῃνοῡμεν,</span> <span class='ocrx_word' id='word_1_319' title='bbox 1680 2346 1864 2414; x_wconf 85' lang='grc' dir='ltr'>Τρόφι-</span> 
     </span>
    </p>
   </div>
   <div class='ocr_carea' id='block_1_45' title="bbox 261 2424 1867 2501">
    <p class='ocr_par' dir='ltr' id='par_1_45' title="bbox 261 2424 1867 2501">
     <span class='ocr_line' id='line_1_45' title="bbox 261 2424 1867 2501; baseline 0.004 -26"><span class='ocrx_word' id='word_1_320' title='bbox 261 2443 372 2495; x_wconf 84' lang='grc' dir='ltr'>μος,</span> <span class='ocrx_word' id='word_1_321' title='bbox 426 2430 496 2496; x_wconf 82' lang='grc' dir='ltr'>μὴ</span> <span class='ocrx_word' id='word_1_322' title='bbox 552 2424 847 2485; x_wconf 80' lang='grc' dir='ltr'>ἀποστῆναί</span> <span class='ocrx_word' id='word_1_323' title='bbox 902 2446 958 2480; x_wconf 89' lang='grc' dir='ltr'>σε</span> <span class='ocrx_word' id='word_1_324' title='bbox 1006 2435 1100 2489; x_wconf 83' lang='grc' dir='ltr'>τῆς</span> <span class='ocrx_word' id='word_1_325' title='bbox 1149 2428 1445 2501; x_wconf 76' lang='grc' dir='ltr'>ὁμολογίας,</span> <span class='ocrx_word' id='word_1_326' title='bbox 1477 2429 1604 2482; x_wconf 79' lang='grc' dir='ltr'>ἀλλὰ</span> <span class='ocrx_word' id='word_1_327' title='bbox 1634 2438 1742 2491; x_wconf 91' lang='grc' dir='ltr'>τοίς</span> <span class='ocrx_word' id='word_1_328' title='bbox 1774 2430 1867 2481; x_wconf 88' lang='grc' dir='ltr'>αύ-</span> 
     </span>
    </p>
   </div>
   <div class='ocr_carea' id='block_1_46' title="bbox 260 2513 1863 2593">
    <p class='ocr_par' dir='ltr' id='par_1_46' title="bbox 260 2513 1863 2593">
     <span class='ocr_line' id='line_1_46' title="bbox 260 2513 1863 2593; baseline 0.005 -29"><span class='ocrx_word' id='word_1_329' title='bbox 260 2521 372 2575; x_wconf 81' lang='grc' dir='ltr'>τοῖς</span> <span class='ocrx_word' id='word_1_330' title='bbox 431 2513 662 2587; x_wconf 73' lang='grc' dir='ltr'>ἐμμένειν</span> <span class='ocrx_word' id='word_1_331' title='bbox 714 2520 805 2568; x_wconf 81' lang='grc' dir='ltr'><strong>καὶ</strong></span> <span class='ocrx_word' id='word_1_332' title='bbox 864 2525 955 2569; x_wconf 83' lang='grc' dir='ltr'>τοῦ</span> <span class='ocrx_word' id='word_1_333' title='bbox 1010 2525 1432 2591; x_wconf 80' lang='grc' dir='ltr'>Χριστιανισμού</span> <span class='ocrx_word' id='word_1_334' title='bbox 1488 2522 1863 2593; x_wconf 84' lang='grc' dir='ltr'>περίσχεσθαι,</span> 
     </span>
    </p>
   </div>
   <div class='ocr_carea' id='block_1_47' title="bbox 262 2604 1867 2680">
    <p class='ocr_par' dir='ltr' id='par_1_47' title="bbox 262 2604 1867 2680">
     <span class='ocr_line' id='line_1_47' title="bbox 262 2604 1867 2680; baseline 0.004 -27"><span class='ocrx_word' id='word_1_335' title='bbox 262 2604 396 2654; x_wconf 82' lang='grc' dir='ltr'>οὕτω</span> <span class='ocrx_word' id='word_1_336' title='bbox 447 2607 576 2676; x_wconf 87' lang='grc' dir='ltr'>πρὸς</span> <span class='ocrx_word' id='word_1_337' title='bbox 630 2607 771 2676; x_wconf 79' lang='grc' dir='ltr'>ἡμᾶς</span> <span class='ocrx_word' id='word_1_338' title='bbox 834 2604 1113 2680; x_wconf 72' lang='grc' dir='ltr'>ἀποκρίνῃ.</span> <span class='ocrx_word' id='word_1_339' title='bbox 1171 2613 1267 2660; x_wconf 73' lang='grc' dir='ltr'>Καὶ</span> <span class='ocrx_word' id='word_1_340' title='bbox 1317 2612 1436 2669; x_wconf 83' lang='grc' dir='ltr'>τούς</span> <span class='ocrx_word' id='word_1_341' title='bbox 1479 2605 1707 2680; x_wconf 82' lang='grc' dir='ltr'>δημίους</span> <span class='ocrx_word' id='word_1_342' title='bbox 1760 2606 1867 2659; x_wconf 71' lang='lat' dir='ltr'>61n-</span> 
     </span>
    </p>
   </div>
   <div class='ocr_carea' id='block_1_48' title="bbox 265 2692 1871 2770">
    <p class='ocr_par' dir='ltr' id='par_1_48' title="bbox 265 2692 1871 2770">
     <span class='ocr_line' id='line_1_48' title="bbox 265 2692 1871 2770; baseline 0.002 -26"><span class='ocrx_word' id='word_1_343' title='bbox 265 2698 531 2766; x_wconf 72' lang='grc' dir='ltr'>στραφεὶς,</span> <span class='ocrx_word' id='word_1_344' title='bbox 575 2692 943 2770; x_wconf 88' lang='grc' dir='ltr'>Σφοδρότερον,</span> <span class='ocrx_word' id='word_1_345' title='bbox 977 2695 1162 2766; x_wconf 75' lang='grc' dir='ltr'>ἔλεγεν,</span> <span class='ocrx_word' id='word_1_346' title='bbox 1214 2700 1257 2748; x_wconf 88' lang='grc' dir='ltr'>εῖ</span> <span class='ocrx_word' id='word_1_347' title='bbox 1287 2717 1393 2758; x_wconf 91' lang='grc' dir='ltr'>πως</span> <span class='ocrx_word' id='word_1_348' title='bbox 1443 2696 1536 2767; x_wconf 79' lang='grc' dir='ltr'>ὀψε</span> <span class='ocrx_word' id='word_1_349' title='bbox 1576 2706 1700 2768; x_wconf 70' lang='grc' dir='ltr'>γοῦν</span> <span class='ocrx_word' id='word_1_350' title='bbox 1746 2699 1871 2749; x_wconf 88' lang='grc' dir='ltr'>ταύ-</span> 
     </span>
    </p>
   </div>
   <div class='ocr_carea' id='block_1_49' title="bbox 262 2781 1867 2859">
    <p class='ocr_par' dir='ltr' id='par_1_49' title="bbox 262 2781 1867 2859">
     <span class='ocr_line' id='line_1_49' title="bbox 262 2781 1867 2859; baseline 0.004 -26"><span class='ocrx_word' id='word_1_351' title='bbox 262 2801 359 2843; x_wconf 88' lang='grc' dir='ltr'>της</span> <span class='ocrx_word' id='word_1_352' title='bbox 390 2781 653 2841; x_wconf 80' lang='grc' dir='ltr'>ἀποσταίη</span> <span class='ocrx_word' id='word_1_353' title='bbox 687 2791 781 2845; x_wconf 80' lang='grc' dir='ltr'>τῆς</span> <span class='ocrx_word' id='word_1_354' title='bbox 825 2784 1094 2859; x_wconf 85' lang='grc' dir='ltr'>φλυαρίας.</span> <span class='ocrx_word' id='word_1_355' title='bbox 1143 2785 1203 2838; x_wconf 81' lang='grc' dir='ltr'>Ὀ</span> <span class='ocrx_word' id='word_1_356' title='bbox 1249 2783 1308 2838; x_wconf 77' lang='grc' dir='ltr'>δε</span> <span class='ocrx_word' id='word_1_357' title='bbox 1338 2790 1542 2858; x_wconf 80' lang='grc' dir='ltr'>ἔπασχε</span> <span class='ocrx_word' id='word_1_358' title='bbox 1566 2791 1652 2859; x_wconf 75' lang='grc' dir='ltr'>μεν</span> <span class='ocrx_word' id='word_1_359' title='bbox 1694 2792 1783 2839; x_wconf 81' lang='grc' dir='ltr'>καὶ</span> <span class='ocrx_word' id='word_1_360' title='bbox 1808 2791 1867 2839; x_wconf 85' lang='grc' dir='ltr'>τὸ</span> 
     </span>
    </p>
   </div>
   <div class='ocr_carea' id='block_1_50' title="bbox 265 2868 1867 2951">
    <p class='ocr_par' dir='ltr' id='par_1_50' title="bbox 265 2868 1867 2951">
     <span class='ocr_line' id='line_1_50' title="bbox 265 2868 1867 2951; baseline 0.004 -29"><span class='ocrx_word' id='word_1_361' title='bbox 265 2880 419 2942; x_wconf 86' lang='grc' dir='ltr'>σῶμα</span> <span class='ocrx_word' id='word_1_362' title='bbox 470 2868 766 2925; x_wconf 72' lang='grc' dir='ltr'>ἐδαπανᾶτο</span> <span class='ocrx_word' id='word_1_363' title='bbox 800 2890 812 2902; x_wconf 88' lang='grc'><strong>·</strong></span> <span class='ocrx_word' id='word_1_364' title='bbox 850 2877 1055 2945; x_wconf 78' lang='grc' dir='ltr'>ἤκμαζε</span> <span class='ocrx_word' id='word_1_365' title='bbox 1101 2871 1159 2926; x_wconf 77' lang='grc' dir='ltr'>δε</span> <span class='ocrx_word' id='word_1_366' title='bbox 1211 2881 1299 2927; x_wconf 80' lang='grc' dir='ltr'>καὶ</span> <span class='ocrx_word' id='word_1_367' title='bbox 1349 2875 1586 2928; x_wconf 75' lang='grc' dir='ltr'>ἀνάϐαλλε</span> <span class='ocrx_word' id='word_1_368' title='bbox 1633 2884 1695 2948; x_wconf 78' lang='grc' dir='ltr'>τῇ</span> <span class='ocrx_word' id='word_1_369' title='bbox 1744 2896 1867 2951; x_wconf 89' lang='grc' dir='ltr'>προ-</span> 
     </span>
    </p>
   </div>
   <div class='ocr_carea' id='block_1_51' title="bbox 544 2963 1864 3037">
    <p class='ocr_par' dir='ltr' id='par_1_51' title="bbox 544 2963 1864 3037">
     <span class='ocr_line' id='line_1_51' title="bbox 544 2963 1864 3037; baseline 0.004 -25"><span class='ocrx_word' id='word_1_370' title='bbox 544 2967 635 3013; x_wconf 83' lang='grc' dir='ltr'><strong>καί</strong></span> <span class='ocrx_word' id='word_1_371' title='bbox 683 2964 867 3034; x_wconf 87' lang='grc' dir='ltr'>θερμόν</span> <span class='ocrx_word' id='word_1_372' title='bbox 908 2964 1012 3015; x_wconf 86' lang='grc' dir='ltr'>οἷον</span> <span class='ocrx_word' id='word_1_373' title='bbox 1056 2965 1183 3037; x_wconf 75' lang='grc' dir='ltr'>ύπερ</span> <span class='ocrx_word' id='word_1_374' title='bbox 1230 2963 1490 3026; x_wconf 80' lang='grc' dir='ltr'>εὐσεϐείας</span> <span class='ocrx_word' id='word_1_375' title='bbox 1533 2967 1691 3021; x_wconf 79' lang='grc' dir='ltr'>ἔπνει.</span> <span class='ocrx_word' id='word_1_376' title='bbox 1744 2973 1864 3018; x_wconf 90' lang='grc' dir='ltr'>Δια-</span> 
     </span>
    </p>
   </div>
   <div class='ocr_carea' id='block_1_52' title="bbox 263 2961 489 3032">
    <p class='ocr_par' dir='ltr' id='par_1_52' title="bbox 263 2961 489 3032">
     <span class='ocr_line' id='line_1_52' title="bbox 263 2961 489 3032; baseline 0 -21"><span class='ocrx_word' id='word_1_377' title='bbox 263 2961 429 3032; x_wconf 82' lang='grc' dir='ltr'>θυμίᾳ</span> <span class='ocrx_word' id='word_1_378' title='bbox 478 2977 489 2989; x_wconf 96' lang='grc'><strong>·</strong></span> 
     </span>
    </p>
   </div>
   <div class='ocr_carea' id='block_1_53' title="bbox 1972 1797 3626 1870">
    <p class='ocr_par' dir='ltr' id='par_1_53' title="bbox 1972 1797 3626 1870">
     <span class='ocr_line' id='line_1_53' title="bbox 1972 1797 3626 1870; baseline -0.001 -16"><span class='ocrx_word' id='word_1_379' title='bbox 1972 1797 2166 1854; x_wconf 90' lang='lat' dir='ltr'>facere</span> <span class='ocrx_word' id='word_1_380' title='bbox 2191 1815 2261 1854; x_wconf 84' lang='lat' dir='ltr'>ex</span> <span class='ocrx_word' id='word_1_381' title='bbox 2288 1798 2440 1864; x_wconf 88' lang='lat' dir='ltr'>aliis,</span> <span class='ocrx_word' id='word_1_382' title='bbox 2464 1804 2748 1870; x_wconf 85' lang='lat' dir='ltr'>exspecta</span> <span class='ocrx_word' id='word_1_383' title='bbox 2773 1797 2913 1868; x_wconf 91' lang='lat' dir='ltr'>fore,</span> <span class='ocrx_word' id='word_1_384' title='bbox 2938 1804 3002 1853; x_wconf 94' lang='lat' dir='ltr'>ut</span> <span class='ocrx_word' id='word_1_385' title='bbox 3028 1814 3095 1853; x_wconf 85' lang='lat' dir='ltr'>ex</span> <span class='ocrx_word' id='word_1_386' title='bbox 3121 1814 3215 1854; x_wconf 91' lang='lat' dir='ltr'>me</span> <span class='ocrx_word' id='word_1_387' title='bbox 3239 1798 3464 1870; x_wconf 91' lang='lat' dir='ltr'>aliquid</span> <span class='ocrx_word' id='word_1_388' title='bbox 3482 1798 3626 1853; x_wconf 86' lang='lat' dir='ltr'>forte</span> 
     </span>
    </p>
   </div>
   <div class='ocr_carea' id='block_1_54' title="bbox 1974 1887 3623 1960">
    <p class='ocr_par' dir='ltr' id='par_1_54' title="bbox 1974 1887 3623 1960">
     <span class='ocr_line' id='line_1_54' title="bbox 1974 1887 3623 1960; baseline -0.002 -17"><span class='ocrx_word' id='word_1_389' title='bbox 1974 1888 2181 1944; x_wconf 88' lang='lat' dir='ltr'>audias</span> <span class='ocrx_word' id='word_1_390' title='bbox 2195 1888 2631 1944; x_wconf 90' lang='lat' dir='ltr'>contrarium.N</span> <span class='ocrx_word' id='word_1_391' title='bbox 2638 1903 2733 1943; x_wconf 89' lang='lat' dir='ltr'>am</span> <span class='ocrx_word' id='word_1_392' title='bbox 2751 1903 2861 1959; x_wconf 91' lang='lat' dir='ltr'>ego</span> <span class='ocrx_word' id='word_1_393' title='bbox 2873 1887 3119 1960; x_wconf 90' lang='lat' dir='ltr'>quidem</span> <span class='ocrx_word' id='word_1_394' title='bbox 3131 1888 3277 1944; x_wconf 91' lang='lat' dir='ltr'>dum</span> <span class='ocrx_word' id='word_1_395' title='bbox 3292 1904 3429 1943; x_wconf 90' lang='lat' dir='ltr'>sum</span> <span class='ocrx_word' id='word_1_396' title='bbox 3450 1887 3623 1954; x_wconf 88' lang='lat' dir='ltr'>idem,</span> 
     </span>
    </p>
   </div>
   <div class='ocr_carea' id='block_1_55' title="bbox 1974 1976 3622 2050">
    <p class='ocr_par' dir='ltr' id='par_1_55' title="bbox 1974 1976 3622 2050">
     <span class='ocr_line' id='line_1_55' title="bbox 1974 1976 3622 2050; baseline -0.001 -17"><span class='ocrx_word' id='word_1_397' title='bbox 1974 1978 2077 2050; x_wconf 89' lang='lat' dir='ltr'>qui</span> <span class='ocrx_word' id='word_1_398' title='bbox 2109 1993 2288 2042; x_wconf 90' lang='lat' dir='ltr'>nunc,</span> <span class='ocrx_word' id='word_1_399' title='bbox 2316 1978 2689 2049; x_wconf 88' lang='lat' dir='ltr'>Trophimus,</span> <span class='ocrx_word' id='word_1_400' title='bbox 2714 1976 3034 2032; x_wconf 90' lang='lat' dir='ltr'>obliviscar</span> <span class='ocrx_word' id='word_1_401' title='bbox 3054 1976 3226 2033; x_wconf 91' lang='lat' dir='ltr'>citius</span> <span class='ocrx_word' id='word_1_402' title='bbox 3257 1993 3384 2033; x_wconf 86' lang='lat' dir='ltr'>esse</span> <span class='ocrx_word' id='word_1_403' title='bbox 3416 1977 3622 2043; x_wconf 91' lang='lat' dir='ltr'>homo,</span> 
     </span>
    </p>
   </div>
   <div class='ocr_carea' id='block_1_56' title="bbox 1978 2066 3621 2139">
    <p class='ocr_par' dir='ltr' id='par_1_56' title="bbox 1978 2066 3621 2139">
     <span class='ocr_line' id='line_1_56' title="bbox 1978 2066 3621 2139; baseline -0.002 -16"><span class='ocrx_word' id='word_1_404' title='bbox 1978 2083 2162 2139; x_wconf 90' lang='lat' dir='ltr'>quam</span> <span class='ocrx_word' id='word_1_405' title='bbox 2178 2083 2379 2122; x_wconf 91' lang='lat' dir='ltr'>meum</span> <span class='ocrx_word' id='word_1_406' title='bbox 2414 2066 2816 2136; x_wconf 88' lang='lat' dir='ltr'>ignoraverim</span> <span class='ocrx_word' id='word_1_407' title='bbox 2834 2066 3151 2121; x_wconf 91' lang='lat' dir='ltr'>Dominum</span> <span class='ocrx_word' id='word_1_408' title='bbox 3191 2072 3246 2123; x_wconf 92' lang='lat' dir='ltr'>et</span> <span class='ocrx_word' id='word_1_409' title='bbox 3264 2068 3621 2123; x_wconf 86' lang='lat' dir='ltr'>Creatorem.</span> 
     </span>
    </p>
   </div>
   <div class='ocr_carea' id='block_1_57' title="bbox 2047 2329 3624 2402">
    <p class='ocr_par' dir='ltr' id='par_1_57' title="bbox 2047 2329 3624 2402">
     <span class='ocr_line' id='line_1_57' title="bbox 2047 2329 3624 2402; baseline -0.001 -15"><span class='ocrx_word' id='word_1_410' title='bbox 2047 2334 2132 2388; x_wconf 83' lang='lat' dir='ltr'>1X.</span> <span class='ocrx_word' id='word_1_411' title='bbox 2183 2335 2402 2389; x_wconf 69' lang='lat' dir='ltr'>Prmses</span> <span class='ocrx_word' id='word_1_412' title='bbox 2430 2337 2627 2389; x_wconf 88' lang='lat' dir='ltr'>autem</span> <span class='ocrx_word' id='word_1_413' title='bbox 2662 2354 2675 2388; x_wconf 90' lang='lat'><strong>:</strong></span> <span class='ocrx_word' id='word_1_414' title='bbox 2709 2331 2955 2388; x_wconf 88' lang='lat' dir='ltr'>Perinde</span> <span class='ocrx_word' id='word_1_415' title='bbox 2995 2330 3169 2387; x_wconf 84' lang='lat' dir='ltr'>nobis</span> <span class='ocrx_word' id='word_1_416' title='bbox 3211 2329 3559 2402; x_wconf 87' lang='lat' dir='ltr'>respondes,</span> <span class='ocrx_word' id='word_1_417' title='bbox 3588 2346 3624 2386; x_wconf 95' lang='lat' dir='ltr'>o</span> 
     </span>
    </p>
   </div>
   <div class='ocr_carea' id='block_1_58' title="bbox 1973 2420 3625 2495">
    <p class='ocr_par' dir='ltr' id='par_1_58' title="bbox 1973 2420 3625 2495">
     <span class='ocr_line' id='line_1_58' title="bbox 1973 2420 3625 2495; baseline -0.002 -17"><span class='ocrx_word' id='word_1_418' title='bbox 1973 2422 2307 2495; x_wconf 88' lang='lat' dir='ltr'>Trophime,</span> <span class='ocrx_word' id='word_1_419' title='bbox 2340 2429 2519 2495; x_wconf 90' lang='lat' dir='ltr'>atque</span> <span class='ocrx_word' id='word_1_420' title='bbox 2552 2424 2602 2478; x_wconf 90' lang='lat' dir='ltr'>si</span> <span class='ocrx_word' id='word_1_421' title='bbox 2629 2423 2726 2477; x_wconf 91' lang='lat' dir='ltr'>tibi</span> <span class='ocrx_word' id='word_1_422' title='bbox 2752 2421 3164 2489; x_wconf 89' lang='lat' dir='ltr'>suaderemus,</span> <span class='ocrx_word' id='word_1_423' title='bbox 3189 2436 3308 2476; x_wconf 92' lang='lat' dir='ltr'>non</span> <span class='ocrx_word' id='word_1_424' title='bbox 3339 2420 3625 2476; x_wconf 86' lang='lat' dir='ltr'>desistere</span> 
     </span>
    </p>
   </div>
   <div class='ocr_carea' id='block_1_59' title="bbox 1975 2512 3622 2581">
    <p class='ocr_par' dir='ltr' id='par_1_59' title="bbox 1975 2512 3622 2581">
     <span class='ocr_line' id='line_1_59' title="bbox 1975 2512 3622 2581; baseline -0.002 -14"><span class='ocrx_word' id='word_1_425' title='bbox 1975 2527 2011 2568; x_wconf 91' lang='lat' dir='ltr'>a</span> <span class='ocrx_word' id='word_1_426' title='bbox 2044 2512 2440 2577; x_wconf 87' lang='lat' dir='ltr'>confessione,</span> <span class='ocrx_word' id='word_1_427' title='bbox 2475 2513 2579 2568; x_wconf 91' lang='lat' dir='ltr'>sed</span> <span class='ocrx_word' id='word_1_428' title='bbox 2607 2513 2667 2567; x_wconf 89' lang='lat' dir='ltr'>in</span> <span class='ocrx_word' id='word_1_429' title='bbox 2707 2512 2933 2567; x_wconf 90' lang='lat' dir='ltr'>eisdem</span> <span class='ocrx_word' id='word_1_430' title='bbox 2965 2526 3361 2581; x_wconf 82' lang='lat' dir='ltr'>perseverare,</span> <span class='ocrx_word' id='word_1_431' title='bbox 3396 2518 3451 2565; x_wconf 92' lang='lat' dir='ltr'>et</span> <span class='ocrx_word' id='word_1_432' title='bbox 3489 2525 3622 2564; x_wconf 88' lang='lat' dir='ltr'>am-</span> 
     </span>
    </p>
   </div>
   <div class='ocr_carea' id='block_1_60' title="bbox 1980 2598 3619 2673">
    <p class='ocr_par' dir='ltr' id='par_1_60' title="bbox 1980 2598 3619 2673">
     <span class='ocr_line' id='line_1_60' title="bbox 1980 2598 3619 2673; baseline -0.002 -18"><span class='ocrx_word' id='word_1_433' title='bbox 1980 2601 2150 2673; x_wconf 90' lang='lat' dir='ltr'>plecti</span> <span class='ocrx_word' id='word_1_434' title='bbox 2185 2601 2725 2657; x_wconf 85' lang='lat' dir='ltr'>Christianismum.</span> <span class='ocrx_word' id='word_1_435' title='bbox 2758 2602 2825 2655; x_wconf 85' lang='lat' dir='ltr'>Et</span> <span class='ocrx_word' id='word_1_436' title='bbox 2866 2615 3190 2655; x_wconf 89' lang='lat' dir='ltr'>conversus</span> <span class='ocrx_word' id='word_1_437' title='bbox 3220 2598 3299 2653; x_wconf 92' lang='lat' dir='ltr'>ad</span> <span class='ocrx_word' id='word_1_438' title='bbox 3336 2598 3573 2653; x_wconf 90' lang='lat' dir='ltr'>lictores</span> <span class='ocrx_word' id='word_1_439' title='bbox 3607 2614 3619 2652; x_wconf 94' lang='lat'><strong>:</strong></span> 
     </span>
    </p>
   </div>
   <div class='ocr_carea' id='block_1_61' title="bbox 1981 2687 3627 2763">
    <p class='ocr_par' dir='ltr' id='par_1_61' title="bbox 1981 2687 3627 2763">
     <span class='ocr_line' id='line_1_61' title="bbox 1981 2687 3627 2763; baseline -0.002 -19"><span class='ocrx_word' id='word_1_440' title='bbox 1981 2689 2417 2758; x_wconf 86' lang='lat' dir='ltr'>Vehementius,</span> <span class='ocrx_word' id='word_1_441' title='bbox 2439 2690 2651 2763; x_wconf 89' lang='lat' dir='ltr'>inquit,</span> <span class='ocrx_word' id='word_1_442' title='bbox 2667 2689 2712 2744; x_wconf 91' lang='lat' dir='ltr'>si</span> <span class='ocrx_word' id='word_1_443' title='bbox 2733 2688 3043 2761; x_wconf 90' lang='lat' dir='ltr'>quomodo</span> <span class='ocrx_word' id='word_1_444' title='bbox 3063 2688 3301 2742; x_wconf 90' lang='lat' dir='ltr'>tandem</span> <span class='ocrx_word' id='word_1_445' title='bbox 3317 2688 3394 2742; x_wconf 91' lang='lat' dir='ltr'>ab</span> <span class='ocrx_word' id='word_1_446' title='bbox 3410 2687 3504 2741; x_wconf 92' lang='lat' dir='ltr'>his</span> <span class='ocrx_word' id='word_1_447' title='bbox 3528 2687 3627 2741; x_wconf 89' lang='lat' dir='ltr'>de-</span> 
     </span>
    </p>
   </div>
   <div class='ocr_carea' id='block_1_62' title="bbox 1978 2777 3623 2851">
    <p class='ocr_par' dir='ltr' id='par_1_62' title="bbox 1978 2777 3623 2851">
     <span class='ocr_line' id='line_1_62' title="bbox 1978 2777 3623 2851; baseline -0.002 -17"><span class='ocrx_word' id='word_1_448' title='bbox 1978 2781 2142 2836; x_wconf 86' lang='lat' dir='ltr'>sistat</span> <span class='ocrx_word' id='word_1_449' title='bbox 2159 2780 2335 2849; x_wconf 88' lang='lat' dir='ltr'>nugis</span> <span class='ocrx_word' id='word_1_450' title='bbox 2350 2822 2363 2836; x_wconf 94' lang='lat'>.</span> <span class='ocrx_word' id='word_1_451' title='bbox 2385 2780 2482 2835; x_wconf 88' lang='lat' dir='ltr'>Ille</span> <span class='ocrx_word' id='word_1_452' title='bbox 2496 2787 2692 2835; x_wconf 89' lang='lat' dir='ltr'>autem</span> <span class='ocrx_word' id='word_1_453' title='bbox 2711 2778 3043 2851; x_wconf 89' lang='lat' dir='ltr'>patiebatur</span> <span class='ocrx_word' id='word_1_454' title='bbox 3060 2777 3327 2849; x_wconf 92' lang='lat' dir='ltr'>quidem,</span> <span class='ocrx_word' id='word_1_455' title='bbox 3341 2784 3397 2832; x_wconf 91' lang='lat' dir='ltr'>et</span> <span class='ocrx_word' id='word_1_456' title='bbox 3410 2792 3623 2846; x_wconf 87' lang='lat' dir='ltr'>corpus</span> 
     </span>
    </p>
   </div>
   <div class='ocr_carea' id='block_1_63' title="bbox 1977 2863 3624 2937">
    <p class='ocr_par' dir='ltr' id='par_1_63' title="bbox 1977 2863 3624 2937">
     <span class='ocr_line' id='line_1_63' title="bbox 1977 2863 3624 2937; baseline -0.003 -14"><span class='ocrx_word' id='word_1_457' title='bbox 1977 2869 2025 2923; x_wconf 90' lang='lat' dir='ltr'>ei</span> <span class='ocrx_word' id='word_1_458' title='bbox 2056 2868 2557 2924; x_wconf 85' lang='lat' dir='ltr'>consumebatur:</span> <span class='ocrx_word' id='word_1_459' title='bbox 2602 2868 2836 2937; x_wconf 88' lang='lat' dir='ltr'>vigebat</span> <span class='ocrx_word' id='word_1_460' title='bbox 2864 2882 3002 2921; x_wconf 91' lang='lat' dir='ltr'>vero</span> <span class='ocrx_word' id='word_1_461' title='bbox 3041 2881 3111 2921; x_wconf 93' lang='lat' dir='ltr'>ac</span> <span class='ocrx_word' id='word_1_462' title='bbox 3153 2864 3401 2920; x_wconf 87' lang='lat' dir='ltr'>ﬂorebat</span> <span class='ocrx_word' id='word_1_463' title='bbox 3442 2863 3624 2920; x_wconf 88' lang='lat' dir='ltr'>alacri</span> 
     </span>
    </p>
   </div>
   <div class='ocr_carea' id='block_1_64' title="bbox 1979 2954 3625 3030">
    <p class='ocr_par' dir='ltr' id='par_1_64' title="bbox 1979 2954 3625 3030">
     <span class='ocr_line' id='line_1_64' title="bbox 1979 2954 3625 3030; baseline -0.003 -17"><span class='ocrx_word' id='word_1_464' title='bbox 1979 2964 2379 3030; x_wconf 90' lang='lat' dir='ltr'>promptoque</span> <span class='ocrx_word' id='word_1_465' title='bbox 2410 2957 2596 3013; x_wconf 91' lang='lat' dir='ltr'>animi</span> <span class='ocrx_word' id='word_1_466' title='bbox 2651 2957 2868 3023; x_wconf 86' lang='lat' dir='ltr'>studio,</span> <span class='ocrx_word' id='word_1_467' title='bbox 2904 2961 2961 3011; x_wconf 91' lang='lat' dir='ltr'>et</span> <span class='ocrx_word' id='word_1_468' title='bbox 2990 2971 3091 3025; x_wconf 91' lang='lat' dir='ltr'>pro</span> <span class='ocrx_word' id='word_1_469' title='bbox 3121 2954 3335 3025; x_wconf 89' lang='lat' dir='ltr'>pietate</span> <span class='ocrx_word' id='word_1_470' title='bbox 3364 2954 3625 3009; x_wconf 89' lang='lat' dir='ltr'>decerta-</span> 
     </span>
    </p>
   </div>
   <div class='ocr_carea' id='block_1_65' title="bbox 258 3042 1861 3134">
    <p class='ocr_par' dir='ltr' id='par_1_65' title="bbox 258 3049 1861 3127">
     <span class='ocr_line' id='line_1_65' title="bbox 258 3049 1861 3127; baseline 0.004 -27"><span class='ocrx_word' id='word_1_471' title='bbox 258 3049 460 3109; x_wconf 77' lang='grc' dir='ltr'>παίζων</span> <span class='ocrx_word' id='word_1_472' title='bbox 519 3055 689 3103; x_wconf 84' lang='grc' dir='ltr'>τοίνυν</span> <span class='ocrx_word' id='word_1_473' title='bbox 741 3055 827 3104; x_wconf 86' lang='grc' dir='ltr'>τόν</span> <span class='ocrx_word' id='word_1_474' title='bbox 885 3049 1055 3125; x_wconf 81' lang='grc' dir='ltr'>ἄνδρα</span> <span class='ocrx_word' id='word_1_475' title='bbox 1108 3055 1133 3105; x_wconf 89' lang='lat'>6</span> <span class='ocrx_word' id='word_1_476' title='bbox 1186 3054 1416 3125; x_wconf 77' lang='grc' dir='ltr'>ἡγεμὼν.</span> <span class='ocrx_word' id='word_1_477' title='bbox 1480 3057 1659 3120; x_wconf 81' lang='grc' dir='ltr'>Οὔπω,</span> <span class='ocrx_word' id='word_1_478' title='bbox 1715 3060 1861 3127; x_wconf 80' lang='grc' dir='ltr'>φησὶ,</span> 
     </span>
    </p>
   </div>
   <div class='ocr_carea' id='block_1_66' title="bbox 1974 3042 3619 3134">
    <p class='ocr_par' dir='ltr' id='par_1_66' title="bbox 1976 3042 3619 3114">
     <span class='ocr_line' id='line_1_66' title="bbox 1976 3042 3619 3114; baseline -0.003 -12"><span class='ocrx_word' id='word_1_479' title='bbox 1976 3047 2080 3102; x_wconf 90' lang='lat' dir='ltr'>bat</span> <span class='ocrx_word' id='word_1_480' title='bbox 2107 3047 2502 3102; x_wconf 84' lang='lat' dir='ltr'>vehementer.</span> <span class='ocrx_word' id='word_1_481' title='bbox 2556 3049 2702 3101; x_wconf 86' lang='lat' dir='ltr'>Eum</span> <span class='ocrx_word' id='word_1_482' title='bbox 2743 3052 2941 3101; x_wconf 92' lang='lat' dir='ltr'>autem</span> <span class='ocrx_word' id='word_1_483' title='bbox 2986 3042 3307 3098; x_wconf 86' lang='lat' dir='ltr'>luditicans</span> <span class='ocrx_word' id='word_1_484' title='bbox 3354 3057 3619 3114; x_wconf 70' lang='lat' dir='ltr'>praises:</span> 
     </span>
    </p>
   </div>
   <div class='ocr_carea' id='block_1_67' title="bbox 267 3140 1862 3218">
    <p class='ocr_par' dir='ltr' id='par_1_67' title="bbox 267 3140 1862 3218">
     <span class='ocr_line' id='line_1_67' title="bbox 267 3140 1862 3218; baseline 0.004 -29"><span class='ocrx_word' id='word_1_485' title='bbox 267 3140 461 3209; x_wconf 76' lang='grc' dir='ltr'>ᾔσθου,</span> <span class='ocrx_word' id='word_1_486' title='bbox 490 3145 740 3212; x_wconf 85' lang='grc' dir='ltr'>Τρόφιμε,</span> <span class='ocrx_word' id='word_1_487' title='bbox 773 3149 870 3192; x_wconf 81' lang='grc' dir='ltr'>τῶν</span> <span class='ocrx_word' id='word_1_488' title='bbox 911 3140 1156 3213; x_wconf 82' lang='grc' dir='ltr'>βασάνων</span> <span class='ocrx_word' id='word_1_489' title='bbox 1190 3160 1202 3206; x_wconf 90' lang='grc'>;</span> <span class='ocrx_word' id='word_1_490' title='bbox 1237 3148 1332 3195; x_wconf 80' lang='lat' dir='ltr'>Kal</span> <span class='ocrx_word' id='word_1_491' title='bbox 1365 3145 1389 3194; x_wconf 86' lang='lat'>6</span> <span class='ocrx_word' id='word_1_492' title='bbox 1420 3146 1623 3218; x_wconf 84' lang='grc' dir='ltr'>μάρτυς</span> <span class='ocrx_word' id='word_1_493' title='bbox 1652 3144 1862 3208; x_wconf 76' lang='grc' dir='ltr'>αὐτίκα,</span> 
     </span>
    </p>
   </div>
   <div class='ocr_carea' id='block_1_68' title="bbox 264 3226 1864 3303">
    <p class='ocr_par' dir='ltr' id='par_1_68' title="bbox 264 3226 1864 3303">
     <span class='ocr_line' id='line_1_68' title="bbox 264 3226 1864 3303; baseline 0.005 -25"><span class='ocrx_word' id='word_1_494' title='bbox 264 3232 323 3278; x_wconf 77' lang='grc' dir='ltr'>Σε</span> <span class='ocrx_word' id='word_1_495' title='bbox 354 3227 543 3299; x_wconf 79' lang='grc' dir='ltr'>μᾶλλον</span> <span class='ocrx_word' id='word_1_496' title='bbox 576 3226 718 3295; x_wconf 83' lang='grc' dir='ltr'>οἶδα,</span> <span class='ocrx_word' id='word_1_497' title='bbox 749 3233 866 3303; x_wconf 77' lang='grc' dir='ltr'>ἔφη,</span> <span class='ocrx_word' id='word_1_498' title='bbox 916 3250 1008 3282; x_wconf 91' lang='grc' dir='ltr'>του</span> <span class='ocrx_word' id='word_1_499' title='bbox 1050 3234 1250 3292; x_wconf 88' lang='grc' dir='ltr'>πάθους</span> <span class='ocrx_word' id='word_1_500' title='bbox 1281 3232 1625 3285; x_wconf 80' lang='grc' dir='ltr'>αἰσθάνεσθαι</span> <span class='ocrx_word' id='word_1_501' title='bbox 1659 3252 1671 3262; x_wconf 79' lang='lat'>&#39;</span> <span class='ocrx_word' id='word_1_502' title='bbox 1706 3230 1864 3295; x_wconf 85' lang='grc' dir='ltr'>δῆλος</span> 
     </span>
    </p>
   </div>
   <div class='ocr_carea' id='block_1_69' title="bbox 261 3313 1865 3394">
    <p class='ocr_par' dir='ltr' id='par_1_69' title="bbox 261 3313 1865 3394">
     <span class='ocr_line' id='line_1_69' title="bbox 261 3313 1865 3394; baseline 0.004 -27"><span class='ocrx_word' id='word_1_503' title='bbox 261 3320 363 3389; x_wconf 81' lang='grc' dir='ltr'>γὰρ</span> <span class='ocrx_word' id='word_1_504' title='bbox 414 3313 461 3369; x_wconf 86' lang='grc' dir='ltr'>εἷ</span> <span class='ocrx_word' id='word_1_505' title='bbox 486 3317 598 3369; x_wconf 87' lang='grc' dir='ltr'>λίαν</span> <span class='ocrx_word' id='word_1_506' title='bbox 650 3320 749 3371; x_wconf 81' lang='grc' dir='ltr'>ὑπὸ</span> <span class='ocrx_word' id='word_1_507' title='bbox 797 3328 889 3371; x_wconf 83' lang='grc' dir='ltr'>τοῦ</span> <span class='ocrx_word' id='word_1_508' title='bbox 938 3322 1104 3392; x_wconf 80' lang='grc' dir='ltr'>θυμοῦ</span> <span class='ocrx_word' id='word_1_509' title='bbox 1152 3324 1552 3393; x_wconf 84' lang='grc' dir='ltr'>τυραννούμενος</span> <span class='ocrx_word' id='word_1_510' title='bbox 1597 3344 1604 3350; x_wconf 92' lang='grc'><strong>·</strong></span> <span class='ocrx_word' id='word_1_511' title='bbox 1654 3321 1766 3394; x_wconf 75' lang='grc' dir='ltr'>ἐμοὶ</span> <span class='ocrx_word' id='word_1_512' title='bbox 1806 3320 1865 3374; x_wconf 72' lang='grc' dir='ltr'>δε</span> 
     </span>
    </p>
   </div>
   <div class='ocr_carea' id='block_1_70' title="bbox 264 3408 1863 3480">
    <p class='ocr_par' dir='ltr' id='par_1_70' title="bbox 264 3408 1863 3480">
     <span class='ocr_line' id='line_1_70' title="bbox 264 3408 1863 3480; baseline 0.003 -23"><span class='ocrx_word' id='word_1_513' title='bbox 264 3408 371 3476; x_wconf 85' lang='grc' dir='ltr'>ὅσῳ</span> <span class='ocrx_word' id='word_1_514' title='bbox 423 3410 481 3457; x_wconf 89' lang='grc' dir='ltr'>τὸ</span> <span class='ocrx_word' id='word_1_515' title='bbox 543 3416 695 3479; x_wconf 85' lang='grc' dir='ltr'>σῶμα</span> <span class='ocrx_word' id='word_1_516' title='bbox 750 3408 1151 3471; x_wconf 80' lang='grc' dir='ltr'>καταναλοῠται,</span> <span class='ocrx_word' id='word_1_517' title='bbox 1222 3412 1454 3480; x_wconf 85' lang='grc' dir='ltr'>τοσούτῳ</span> <span class='ocrx_word' id='word_1_518' title='bbox 1526 3410 1697 3463; x_wconf 82' lang='grc' dir='ltr'>λύεται</span> <span class='ocrx_word' id='word_1_519' title='bbox 1764 3419 1863 3463; x_wconf 74' lang='grc' dir='ltr'>τῶν</span> 
     </span>
    </p>
   </div>
   <div class='ocr_carea' id='block_1_71' title="bbox 266 3491 1864 3572">
    <p class='ocr_par' dir='ltr' id='par_1_71' title="bbox 266 3491 1864 3572">
     <span class='ocr_line' id='line_1_71' title="bbox 266 3491 1864 3572; baseline 0.004 -26"><span class='ocrx_word' id='word_1_520' title='bbox 266 3491 473 3567; x_wconf 75' lang='grc' dir='ltr'>δεσμῶν</span> <span class='ocrx_word' id='word_1_521' title='bbox 524 3501 614 3547; x_wconf 78' lang='grc' dir='ltr'>καὶ</span> <span class='ocrx_word' id='word_1_522' title='bbox 660 3500 717 3547; x_wconf 87' lang='grc' dir='ltr'>τό</span> <span class='ocrx_word' id='word_1_523' title='bbox 766 3496 879 3549; x_wconf 86' lang='grc' dir='ltr'>ὅλον</span> <span class='ocrx_word' id='word_1_524' title='bbox 937 3496 1309 3571; x_wconf 82' lang='grc' dir='ltr'>ἐλευθεροῦται,</span> <span class='ocrx_word' id='word_1_525' title='bbox 1361 3504 1451 3549; x_wconf 83' lang='grc' dir='ltr'>καὶ</span> <span class='ocrx_word' id='word_1_526' title='bbox 1501 3501 1729 3572; x_wconf 81' lang='grc' dir='ltr'>θειοτέρα</span> <span class='ocrx_word' id='word_1_527' title='bbox 1785 3506 1864 3571; x_wconf 72' lang='grc' dir='ltr'>γί-</span> 
     </span>
    </p>
   </div>
   <div class='ocr_carea' id='block_1_72' title="bbox 261 3584 1861 3658">
    <p class='ocr_par' dir='ltr' id='par_1_72' title="bbox 261 3584 1861 3658">
     <span class='ocr_line' id='line_1_72' title="bbox 261 3584 1861 3658; baseline 0.003 -23"><span class='ocrx_word' id='word_1_528' title='bbox 261 3602 403 3636; x_wconf 89' lang='grc' dir='ltr'>νεται</span> <span class='ocrx_word' id='word_1_529' title='bbox 453 3587 482 3643; x_wconf 76' lang='grc' dir='ltr'><strong>ἡ</strong></span> <span class='ocrx_word' id='word_1_530' title='bbox 525 3584 697 3656; x_wconf 74' lang='grc' dir='ltr'>ψυχή.</span> <span class='ocrx_word' id='word_1_531' title='bbox 751 3585 826 3637; x_wconf 88' lang='grc' dir='ltr'>Ού</span> <span class='ocrx_word' id='word_1_532' title='bbox 875 3588 972 3658; x_wconf 76' lang='grc' dir='ltr'>γὰρ</span> <span class='ocrx_word' id='word_1_533' title='bbox 1018 3590 1245 3658; x_wconf 84' lang='grc' dir='ltr'>μένουσα</span> <span class='ocrx_word' id='word_1_534' title='bbox 1286 3586 1334 3638; x_wconf 74' lang='grc' dir='ltr'>ἐν</span> <span class='ocrx_word' id='word_1_535' title='bbox 1382 3596 1453 3658; x_wconf 79' lang='grc' dir='ltr'>τῷ</span> <span class='ocrx_word' id='word_1_536' title='bbox 1490 3594 1694 3657; x_wconf 78' lang='grc' dir='ltr'>σώματι</span> <span class='ocrx_word' id='word_1_537' title='bbox 1734 3608 1861 3640; x_wconf 87' lang='grc' dir='ltr'>συν-</span> 
     </span>
    </p>
   </div>
   <div class='ocr_carea' id='block_1_73' title="bbox 263 3673 1857 3750">
    <p class='ocr_par' dir='ltr' id='par_1_73' title="bbox 263 3673 1857 3750">
     <span class='ocr_line' id='line_1_73' title="bbox 263 3673 1857 3750; baseline 0.004 -25"><span class='ocrx_word' id='word_1_538' title='bbox 263 3676 603 3739; x_wconf 79' lang='grc' dir='ltr'>αποθνήσκει,</span> <span class='ocrx_word' id='word_1_539' title='bbox 656 3674 783 3727; x_wconf 77' lang='grc' dir='ltr'>ἀλλὰ</span> <span class='ocrx_word' id='word_1_540' title='bbox 835 3680 959 3750; x_wconf 89' lang='grc' dir='ltr'>πρὸς</span> <span class='ocrx_word' id='word_1_541' title='bbox 1006 3678 1070 3727; x_wconf 84' lang='grc' dir='ltr'>τὰ</span> <span class='ocrx_word' id='word_1_542' title='bbox 1116 3678 1409 3747; x_wconf 80' lang='grc' dir='ltr'>ποθούμενα</span> <span class='ocrx_word' id='word_1_543' title='bbox 1448 3673 1726 3745; x_wconf 90' lang='grc' dir='ltr'>διαϐαίνει,</span> <span class='ocrx_word' id='word_1_544' title='bbox 1768 3684 1857 3731; x_wconf 82' lang='grc' dir='ltr'><strong>καὶ</strong></span> 
     </span>
    </p>
   </div>
   <div class='ocr_carea' id='block_1_74' title="bbox 264 3763 1867 3837">
    <p class='ocr_par' dir='ltr' id='par_1_74' title="bbox 264 3763 1867 3837">
     <span class='ocr_line' id='line_1_74' title="bbox 264 3763 1867 3837; baseline 0.003 -23"><span class='ocrx_word' id='word_1_545' title='bbox 264 3782 350 3815; x_wconf 88' lang='grc' dir='ltr'>τόν</span> <span class='ocrx_word' id='word_1_546' title='bbox 395 3764 580 3816; x_wconf 81' lang='grc' dir='ltr'>οἰκεῖον</span> <span class='ocrx_word' id='word_1_547' title='bbox 635 3763 989 3836; x_wconf 77' lang='grc' dir='ltr'>ἀπολαμϐάνει</span> <span class='ocrx_word' id='word_1_548' title='bbox 1044 3764 1253 3836; x_wconf 83' lang='grc' dir='ltr'>κλῆρον.</span> <span class='ocrx_word' id='word_1_549' title='bbox 1308 3765 1366 3817; x_wconf 82' lang='grc' dir='ltr'><strong>Ὀ</strong></span> <span class='ocrx_word' id='word_1_550' title='bbox 1414 3769 1503 3837; x_wconf 72' lang='grc' dir='ltr'>μεν</span> <span class='ocrx_word' id='word_1_551' title='bbox 1556 3764 1641 3818; x_wconf 84' lang='grc' dir='ltr'>οὖν</span> <span class='ocrx_word' id='word_1_552' title='bbox 1701 3775 1867 3819; x_wconf 83' lang='grc' dir='ltr'>ταῦτα</span> 
     </span>
    </p>
   </div>
   <div class='ocr_carea' id='block_1_75' title="bbox 482 3850 1865 3928">
    <p class='ocr_par' dir='ltr' id='par_1_75' title="bbox 482 3850 1865 3928">
     <span class='ocr_line' id='line_1_75' title="bbox 482 3850 1865 3928; baseline 0.004 -25"><span class='ocrx_word' id='word_1_553' title='bbox 482 3870 493 3880; x_wconf 91' lang='grc'><strong>·</strong></span> <span class='ocrx_word' id='word_1_554' title='bbox 538 3855 586 3903; x_wconf 77' lang='grc' dir='ltr'>οἱ</span> <span class='ocrx_word' id='word_1_555' title='bbox 616 3850 801 3924; x_wconf 82' lang='grc' dir='ltr'>δήμιοι</span> <span class='ocrx_word' id='word_1_556' title='bbox 859 3851 917 3906; x_wconf 75' lang='grc' dir='ltr'>δε</span> <span class='ocrx_word' id='word_1_557' title='bbox 974 3854 1227 3915; x_wconf 79' lang='grc' dir='ltr'>ἀλλήλους</span> <span class='ocrx_word' id='word_1_558' title='bbox 1274 3857 1322 3906; x_wconf 72' lang='grc' dir='ltr'>ἓν</span> <span class='ocrx_word' id='word_1_559' title='bbox 1352 3863 1423 3924; x_wconf 83' lang='grc' dir='ltr'>τῷ</span> <span class='ocrx_word' id='word_1_560' title='bbox 1456 3856 1580 3917; x_wconf 58' lang='lat' dir='ltr'>gem</span> <span class='ocrx_word' id='word_1_561' title='bbox 1611 3852 1865 3928; x_wconf 78' lang='grc' dir='ltr'>διαδεχό-</span> 
     </span>
    </p>
   </div>
   <div class='ocr_carea' id='block_1_76' title="bbox 263 3939 1861 4015">
    <p class='ocr_par' dir='ltr' id='par_1_76' title="bbox 263 3939 1861 4015">
     <span class='ocr_line' id='line_1_76' title="bbox 263 3939 1861 4015; baseline 0.004 -24"><span class='ocrx_word' id='word_1_562' title='bbox 263 3959 426 4011; x_wconf 84' lang='grc' dir='ltr'>μενοι,</span> <span class='ocrx_word' id='word_1_563' title='bbox 489 3939 778 4013; x_wconf 74' lang='grc' dir='ltr'>βαρυτέρας</span> <span class='ocrx_word' id='word_1_564' title='bbox 836 3942 975 4013; x_wconf 86' lang='grc' dir='ltr'>αύτῷ</span> <span class='ocrx_word' id='word_1_565' title='bbox 1026 3946 1116 4003; x_wconf 78' lang='grc' dir='ltr'>τὰς</span> <span class='ocrx_word' id='word_1_566' title='bbox 1174 3940 1365 4005; x_wconf 88' lang='grc' dir='ltr'>ὀδύνας</span> <span class='ocrx_word' id='word_1_567' title='bbox 1417 3943 1606 4015; x_wconf 75' lang='grc' dir='ltr'>ἐπῆγον</span> <span class='ocrx_word' id='word_1_568' title='bbox 1657 3962 1668 3975; x_wconf 87' lang='grc'><em>’</em></span> <span class='ocrx_word' id='word_1_569' title='bbox 1705 3947 1730 3996; x_wconf 88' lang='lat'>6</span> <span class='ocrx_word' id='word_1_570' title='bbox 1782 3943 1861 4011; x_wconf 77' lang='grc' dir='ltr'>δε,</span> 
     </span>
    </p>
   </div>
   <div class='ocr_carea' id='block_1_77' title="bbox 266 4028 1860 4106">
    <p class='ocr_par' dir='ltr' id='par_1_77' title="bbox 266 4028 1860 4106">
     <span class='ocr_line' id='line_1_77' title="bbox 266 4028 1860 4106; baseline 0.001 -24"><span class='ocrx_word' id='word_1_571' title='bbox 266 4028 572 4100; x_wconf 74' lang='grc' dir='ltr'>Ἐπίϐλεψον</span> <span class='ocrx_word' id='word_1_572' title='bbox 602 4029 655 4092; x_wconf 70' lang='grc' dir='ltr'>ἐξ</span> <span class='ocrx_word' id='word_1_573' title='bbox 681 4030 899 4105; x_wconf 81' lang='grc' dir='ltr'>ούρανοῦ</span> <span class='ocrx_word' id='word_1_574' title='bbox 951 4037 1039 4083; x_wconf 82' lang='grc' dir='ltr'>καὶ</span> <span class='ocrx_word' id='word_1_575' title='bbox 1079 4033 1240 4106; x_wconf 79' lang='grc' dir='ltr'>ῥῦσαί</span> <span class='ocrx_word' id='word_1_576' title='bbox 1287 4052 1369 4104; x_wconf 89' lang='grc' dir='ltr'>με,</span> <span class='ocrx_word' id='word_1_577' title='bbox 1414 4034 1439 4084; x_wconf 87' lang='grc' dir='ltr'><strong><em>ὁ</em></strong></span> <span class='ocrx_word' id='word_1_578' title='bbox 1488 4036 1628 4098; x_wconf 77' lang='grc' dir='ltr'>θεὸς,</span> <span class='ocrx_word' id='word_1_579' title='bbox 1678 4034 1860 4105; x_wconf 69' lang='grc' dir='ltr'>ἔλεγεν,</span> 
     </span>
    </p>
   </div>
   <div class='ocr_carea' id='block_1_78' title="bbox 262 4116 1293 4194">
    <p class='ocr_par' dir='ltr' id='par_1_78' title="bbox 262 4116 1293 4194">
     <span class='ocr_line' id='line_1_78' title="bbox 262 4116 1293 4194; baseline 0.004 -26"><span class='ocrx_word' id='word_1_580' title='bbox 262 4126 316 4169; x_wconf 79' lang='grc' dir='ltr'>εκ</span> <span class='ocrx_word' id='word_1_581' title='bbox 356 4126 445 4179; x_wconf 82' lang='grc' dir='ltr'>τῆς</span> <span class='ocrx_word' id='word_1_582' title='bbox 502 4116 728 4190; x_wconf 74' lang='grc' dir='ltr'>παγίδος</span> <span class='ocrx_word' id='word_1_583' title='bbox 774 4129 871 4172; x_wconf 83' lang='grc' dir='ltr'>τῶν</span> <span class='ocrx_word' id='word_1_584' title='bbox 924 4122 1241 4194; x_wconf 77' lang='grc' dir='ltr'>θηρευόντων</span> <span class='ocrx_word' id='word_1_585' title='bbox 1282 4138 1293 4149; x_wconf 77' lang='grc'><strong><em>⁸</em></strong></span> 
     </span>
    </p>
   </div>
   <div class='ocr_carea' id='block_1_79' title="bbox 260 4210 1863 4285">
    <p class='ocr_par' dir='ltr' id='par_1_79' title="bbox 260 4210 1863 4285">
     <span class='ocr_line' id='line_1_79' title="bbox 260 4210 1863 4285; baseline 0.004 -27"><span class='ocrx_word' id='word_1_586' title='bbox 260 4213 391 4279; x_wconf 85' lang='grc' dir='ltr'>μονή</span> <span class='ocrx_word' id='word_1_587' title='bbox 475 4228 598 4280; x_wconf 91' lang='grc' dir='ltr'>μου,</span> <span class='ocrx_word' id='word_1_588' title='bbox 688 4213 855 4281; x_wconf 80' lang='grc' dir='ltr'>Κύριε.</span> <span class='ocrx_word' id='word_1_589' title='bbox 941 4216 1039 4262; x_wconf 79' lang='grc' dir='ltr'>Καὶ</span> <span class='ocrx_word' id='word_1_590' title='bbox 1114 4214 1279 4281; x_wconf 82' lang='grc' dir='ltr'>τούτῳ</span> <span class='ocrx_word' id='word_1_591' title='bbox 1354 4210 1490 4281; x_wconf 76' lang='grc' dir='ltr'>ψιλώ</span> <span class='ocrx_word' id='word_1_592' title='bbox 1547 4220 1617 4281; x_wconf 82' lang='grc' dir='ltr'>τῷ</span> <span class='ocrx_word' id='word_1_593' title='bbox 1666 4212 1863 4285; x_wconf 82' lang='grc' dir='ltr'>ῥήματι</span> 
     </span>
    </p>
   </div>
   <div class='ocr_carea' id='block_1_80' title="bbox 260 4297 1863 4373">
    <p class='ocr_par' dir='ltr' id='par_1_80' title="bbox 260 4297 1863 4373">
     <span class='ocr_line' id='line_1_80' title="bbox 260 4297 1863 4373; baseline 0.004 -25"><span class='ocrx_word' id='word_1_594' title='bbox 260 4297 425 4349; x_wconf 77' lang='grc' dir='ltr'>πολλὰ</span> <span class='ocrx_word' id='word_1_595' title='bbox 470 4304 562 4356; x_wconf 83' lang='grc' dir='ltr'>τήν</span> <span class='ocrx_word' id='word_1_596' title='bbox 610 4307 698 4350; x_wconf 86' lang='grc' dir='ltr'>τού</span> <span class='ocrx_word' id='word_1_597' title='bbox 754 4301 1001 4371; x_wconf 70' lang='grc' dir='ltr'>ἡγεμόνος</span> <span class='ocrx_word' id='word_1_598' title='bbox 1033 4300 1245 4357; x_wconf 80' lang='grc' dir='ltr'>ἕπληττε</span> <span class='ocrx_word' id='word_1_599' title='bbox 1295 4301 1538 4373; x_wconf 81' lang='grc' dir='ltr'>κεφαλὴν,</span> <span class='ocrx_word' id='word_1_600' title='bbox 1595 4308 1684 4354; x_wconf 80' lang='grc' dir='ltr'><strong>καὶ</strong></span> <span class='ocrx_word' id='word_1_601' title='bbox 1728 4306 1863 4355; x_wconf 88' lang='grc' dir='ltr'><strong>κατὰ</strong></span> 
     </span>
    </p>
   </div>
   <div class='ocr_carea' id='block_1_81' title="bbox 259 4386 1858 4459">
    <p class='ocr_par' dir='ltr' id='par_1_81' title="bbox 259 4386 1858 4459">
     <span class='ocr_line' id='line_1_81' title="bbox 259 4386 1858 4459; baseline 0.003 -23"><span class='ocrx_word' id='word_1_602' title='bbox 259 4394 355 4445; x_wconf 82' lang='grc' dir='ltr'>τῆς</span> <span class='ocrx_word' id='word_1_603' title='bbox 399 4391 663 4459; x_wconf 89' lang='grc' dir='ltr'>μακαρίας</span> <span class='ocrx_word' id='word_1_604' title='bbox 708 4386 892 4439; x_wconf 77' lang='grc' dir='ltr'>ἑαυτου</span> <span class='ocrx_word' id='word_1_605' title='bbox 951 4387 1171 4459; x_wconf 84' lang='grc' dir='ltr'>κεφαλῆς</span> <span class='ocrx_word' id='word_1_606' title='bbox 1225 4388 1345 4445; x_wconf 89' lang='grc' dir='ltr'>ὃλην</span> <span class='ocrx_word' id='word_1_607' title='bbox 1391 4388 1581 4441; x_wconf 75' lang='grc' dir='ltr'>ἐκείνου</span> <span class='ocrx_word' id='word_1_608' title='bbox 1626 4394 1718 4447; x_wconf 76' lang='grc' dir='ltr'>τὴν</span> <span class='ocrx_word' id='word_1_609' title='bbox 1766 4387 1858 4441; x_wconf 74' lang='grc' dir='ltr'>δύο</span> 
     </span>
    </p>
   </div>
   <div class='ocr_carea' id='block_1_82' title="bbox 262 3852 425 3921">
    <p class='ocr_par' dir='ltr' id='par_1_82' title="bbox 262 3852 425 3921">
     <span class='ocr_line' id='line_1_82' title="bbox 262 3852 425 3921; baseline 0 -19"><span class='ocrx_word' id='word_1_610' title='bbox 262 3852 425 3921; x_wconf 76' lang='grc' dir='ltr'>ἔλεγεν</span> 
     </span>
    </p>
   </div>
   <div class='ocr_carea' id='block_1_83' title="bbox 1334 4119 1864 4180">
    <p class='ocr_par' dir='ltr' id='par_1_83' title="bbox 1334 4119 1864 4180">
     <span class='ocr_line' id='line_1_83' title="bbox 1334 4119 1864 4180; baseline 0.004 -7"><span class='ocrx_word' id='word_1_611' title='bbox 1334 4122 1415 4173; x_wconf 82' lang='grc' dir='ltr'>ὄτι</span> <span class='ocrx_word' id='word_1_612' title='bbox 1465 4126 1530 4174; x_wconf 82' lang='grc' dir='ltr'>σύ</span> <span class='ocrx_word' id='word_1_613' title='bbox 1582 4119 1629 4174; x_wconf 84' lang='grc' dir='ltr'>εἶ</span> <span class='ocrx_word' id='word_1_614' title='bbox 1666 4125 1695 4180; x_wconf 80' lang='grc' dir='ltr'>η</span> <span class='ocrx_word' id='word_1_615' title='bbox 1738 4124 1864 4175; x_wconf 88' lang='grc' dir='ltr'>ύπο-</span> 
     </span>
    </p>
   </div>
   <div class='ocr_carea' id='block_1_84' title="bbox 257 4478 1857 4549">
    <p class='ocr_par' dir='ltr' id='par_1_84' title="bbox 257 4478 1857 4549">
     <span class='ocr_line' id='line_1_84' title="bbox 257 4478 1857 4549; baseline 0.003 -24"><span class='ocrx_word' id='word_1_616' title='bbox 257 4494 414 4546; x_wconf 89' lang='grc' dir='ltr'>ναμιν</span> <span class='ocrx_word' id='word_1_617' title='bbox 471 4482 559 4527; x_wconf 76' lang='grc' dir='ltr'>καί</span> <span class='ocrx_word' id='word_1_618' title='bbox 608 4481 699 4533; x_wconf 79' lang='grc' dir='ltr'>την</span> <span class='ocrx_word' id='word_1_619' title='bbox 744 4481 931 4548; x_wconf 89' lang='grc' dir='ltr'>μανίαν</span> <span class='ocrx_word' id='word_1_620' title='bbox 981 4480 1151 4531; x_wconf 82' lang='grc' dir='ltr'>ἐκίνει.</span> <span class='ocrx_word' id='word_1_621' title='bbox 1217 4478 1415 4549; x_wconf 82' lang='grc' dir='ltr'>Ἀμέλει</span> <span class='ocrx_word' id='word_1_622' title='bbox 1471 4484 1560 4531; x_wconf 81' lang='grc' dir='ltr'>καὶ</span> <span class='ocrx_word' id='word_1_623' title='bbox 1612 4478 1736 4541; x_wconf 80' lang='grc' dir='ltr'>ἅλας</span> <span class='ocrx_word' id='word_1_624' title='bbox 1789 4480 1857 4541; x_wconf 85' lang='grc' dir='ltr'>εἰς</span> 
     </span>
    </p>
   </div>
   <div class='ocr_carea' id='block_1_85' title="bbox 259 4564 1857 4642">
    <p class='ocr_par' dir='ltr' id='par_1_85' title="bbox 259 4564 1857 4642">
     <span class='ocr_line' id='line_1_85' title="bbox 259 4564 1857 4642; baseline 0.002 -26"><span class='ocrx_word' id='word_1_625' title='bbox 259 4564 378 4627; x_wconf 79' lang='grc' dir='ltr'>ὄξος</span> <span class='ocrx_word' id='word_1_626' title='bbox 424 4565 671 4638; x_wconf 77' lang='grc' dir='ltr'>ἐμϐαλὼν,</span> <span class='ocrx_word' id='word_1_627' title='bbox 724 4572 813 4619; x_wconf 89' lang='grc' dir='ltr'><strong>καὶ</strong></span> <span class='ocrx_word' id='word_1_628' title='bbox 856 4571 947 4625; x_wconf 78' lang='grc' dir='ltr'>την</span> <span class='ocrx_word' id='word_1_629' title='bbox 998 4569 1189 4619; x_wconf 73' lang='grc' dir='ltr'>ἐκείνου</span> <span class='ocrx_word' id='word_1_630' title='bbox 1225 4564 1526 4642; x_wconf 85' lang='grc' dir='ltr'>δριμύτητα</span> <span class='ocrx_word' id='word_1_631' title='bbox 1568 4576 1629 4639; x_wconf 78' lang='grc' dir='ltr'>τῇ</span> <span class='ocrx_word' id='word_1_632' title='bbox 1665 4572 1857 4621; x_wconf 82' lang='grc' dir='ltr'>τούτων</span> 
     </span>
    </p>
   </div>
   <div class='ocr_carea' id='block_1_86' title="bbox 258 4654 1856 4730">
    <p class='ocr_par' dir='ltr' id='par_1_86' title="bbox 258 4654 1856 4730">
     <span class='ocr_line' id='line_1_86' title="bbox 258 4654 1856 4730; baseline 0.003 -24"><span class='ocrx_word' id='word_1_633' title='bbox 258 4654 399 4726; x_wconf 78' lang='grc' dir='ltr'>ἅλμη</span> <span class='ocrx_word' id='word_1_634' title='bbox 450 4657 693 4727; x_wconf 84' lang='grc' dir='ltr'>κεράσας,</span> <span class='ocrx_word' id='word_1_635' title='bbox 739 4664 838 4708; x_wconf 86' lang='grc' dir='ltr'>τῶν</span> <span class='ocrx_word' id='word_1_636' title='bbox 899 4664 988 4708; x_wconf 78' lang='grc' dir='ltr'>τοῦ</span> <span class='ocrx_word' id='word_1_637' title='bbox 1037 4658 1293 4730; x_wconf 87' lang='grc' dir='ltr'>μάρτυρος</span> <span class='ocrx_word' id='word_1_638' title='bbox 1336 4656 1528 4709; x_wconf 78' lang='grc' dir='ltr'>ἐκέλευε</span> <span class='ocrx_word' id='word_1_639' title='bbox 1580 4662 1856 4729; x_wconf 73' lang='grc' dir='ltr'>καταχέειν</span> 
     </span>
    </p>
   </div>
   <div class='ocr_carea' id='block_1_87' title="bbox 256 4745 1854 4818">
    <p class='ocr_par' dir='ltr' id='par_1_87' title="bbox 256 4745 1854 4818">
     <span class='ocr_line' id='line_1_87' title="bbox 256 4745 1854 4818; baseline 0.002 -23"><span class='ocrx_word' id='word_1_640' title='bbox 256 4747 591 4817; x_wconf 83' lang='grc' dir='ltr'>τραυμάτων,</span> <span class='ocrx_word' id='word_1_641' title='bbox 642 4748 806 4818; x_wconf 80' lang='grc' dir='ltr'>ταύτῃ</span> <span class='ocrx_word' id='word_1_642' title='bbox 867 4745 994 4797; x_wconf 78' lang='grc' dir='ltr'>ἑλεῖν</span> <span class='ocrx_word' id='word_1_643' title='bbox 1048 4749 1134 4797; x_wconf 88' lang='grc' dir='ltr'>τόν</span> <span class='ocrx_word' id='word_1_644' title='bbox 1204 4754 1298 4807; x_wconf 86' lang='grc' dir='ltr'>τῆς</span> <span class='ocrx_word' id='word_1_645' title='bbox 1350 4745 1610 4808; x_wconf 73' lang='grc' dir='ltr'>εὐσεϐείας</span> <span class='ocrx_word' id='word_1_646' title='bbox 1665 4746 1854 4817; x_wconf 75' lang='grc' dir='ltr'>ἀγωνι-</span> 
     </span>
    </p>
   </div>
   <div class='ocr_carea' id='block_1_88' title="bbox 262 4833 1857 4907">
    <p class='ocr_par' dir='ltr' id='par_1_88' title="bbox 262 4833 1857 4907">
     <span class='ocr_line' id='line_1_88' title="bbox 262 4833 1857 4907; baseline 0.002 -22"><span class='ocrx_word' id='word_1_647' title='bbox 262 4838 394 4891; x_wconf 76' lang='grc' dir='ltr'>στὴν</span> <span class='ocrx_word' id='word_1_648' title='bbox 427 4835 674 4905; x_wconf 84' lang='grc' dir='ltr'>οἰόμενος.</span> <span class='ocrx_word' id='word_1_649' title='bbox 708 4833 799 4887; x_wconf 76' lang='grc' dir='ltr'>Ἂν</span> <span class='ocrx_word' id='word_1_650' title='bbox 855 4833 913 4887; x_wconf 74' lang='grc' dir='ltr'>δε</span> <span class='ocrx_word' id='word_1_651' title='bbox 957 4840 1047 4887; x_wconf 83' lang='grc' dir='ltr'>καὶ</span> <span class='ocrx_word' id='word_1_652' title='bbox 1086 4838 1157 4907; x_wconf 82' lang='grc' dir='ltr'>μὴ</span> <span class='ocrx_word' id='word_1_653' title='bbox 1200 4834 1312 4898; x_wconf 78' lang='grc' dir='ltr'>ἕλω,</span> <span class='ocrx_word' id='word_1_654' title='bbox 1343 4840 1522 4907; x_wconf 85' lang='grc' dir='ltr'>φησὶν,</span> <span class='ocrx_word' id='word_1_655' title='bbox 1557 4834 1857 4889; x_wconf 77' lang='grc' dir='ltr'>ἀσθενέστε-</span> 
     </span>
    </p>
   </div>
   <div class='ocr_carea' id='block_1_89' title="bbox 256 4919 1854 4996">
    <p class='ocr_par' dir='ltr' id='par_1_89' title="bbox 256 4919 1854 4996">
     <span class='ocr_line' id='line_1_89' title="bbox 256 4919 1854 4996; baseline 0.001 -22"><span class='ocrx_word' id='word_1_656' title='bbox 256 4941 352 4995; x_wconf 88' lang='grc' dir='ltr'>ρον</span> <span class='ocrx_word' id='word_1_657' title='bbox 382 4919 430 4974; x_wconf 85' lang='grc' dir='ltr'>δ’</span> <span class='ocrx_word' id='word_1_658' title='bbox 459 4919 545 4975; x_wconf 82' lang='grc' dir='ltr'>οὖν</span> <span class='ocrx_word' id='word_1_659' title='bbox 595 4926 733 4995; x_wconf 87' lang='grc' dir='ltr'>ὅμως</span> <span class='ocrx_word' id='word_1_660' title='bbox 778 4924 1068 4996; x_wconf 73' lang='grc' dir='ltr'>παρέξομαι</span> <span class='ocrx_word' id='word_1_661' title='bbox 1116 4927 1243 4996; x_wconf 88' lang='grc' dir='ltr'>πρὸς</span> <span class='ocrx_word' id='word_1_662' title='bbox 1291 4926 1357 4975; x_wconf 82' lang='grc' dir='ltr'>τὰ</span> <span class='ocrx_word' id='word_1_663' title='bbox 1403 4924 1665 4996; x_wconf 79' lang='grc' dir='ltr'>μέλλοντα.</span> <span class='ocrx_word' id='word_1_664' title='bbox 1721 4924 1854 4976; x_wconf 82' lang='grc' dir='ltr'>Ἀλλ’</span> 
     </span>
    </p>
   </div>
   <div class='ocr_carea' id='block_1_90' title="bbox 257 5008 1853 5085">
    <p class='ocr_par' dir='ltr' id='par_1_90' title="bbox 257 5008 1853 5085">
     <span class='ocr_line' id='line_1_90' title="bbox 257 5008 1853 5085; baseline 0.001 -22"><span class='ocrx_word' id='word_1_665' title='bbox 257 5014 284 5063; x_wconf 88' lang='lat'>6</span> <span class='ocrx_word' id='word_1_666' title='bbox 317 5008 677 5085; x_wconf 84' lang='grc' dir='ltr'>δρασσόμενος</span> <span class='ocrx_word' id='word_1_667' title='bbox 728 5017 848 5074; x_wconf 82' lang='grc' dir='ltr'>τούς</span> <span class='ocrx_word' id='word_1_668' title='bbox 897 5017 1085 5084; x_wconf 84' lang='grc' dir='ltr'>σοφοὺς</span> <span class='ocrx_word' id='word_1_669' title='bbox 1126 5012 1173 5064; x_wconf 72' lang='grc' dir='ltr'>ἐν</span> <span class='ocrx_word' id='word_1_670' title='bbox 1212 5021 1273 5085; x_wconf 73' lang='grc' dir='ltr'>τῇ</span> <span class='ocrx_word' id='word_1_671' title='bbox 1326 5019 1619 5085; x_wconf 72' lang='grc' dir='ltr'>πανουργίᾳ</span> <span class='ocrx_word' id='word_1_672' title='bbox 1666 5014 1853 5079; x_wconf 76' lang='grc' dir='ltr'>αὐτῶν,</span> 
     </span>
    </p>
   </div>
   <div class='ocr_carea' id='block_1_91' title="bbox 255 5100 1855 5175">
    <p class='ocr_par' dir='ltr' id='par_1_91' title="bbox 255 5100 1855 5175">
     <span class='ocr_line' id='line_1_91' title="bbox 255 5100 1855 5175; baseline 0.002 -24"><span class='ocrx_word' id='word_1_673' title='bbox 255 5106 393 5153; x_wconf 83' lang='grc' dir='ltr'>κατὰ</span> <span class='ocrx_word' id='word_1_674' title='bbox 443 5110 536 5163; x_wconf 82' lang='grc' dir='ltr'>τῆς</span> <span class='ocrx_word' id='word_1_675' title='bbox 582 5101 769 5153; x_wconf 74' lang='grc' dir='ltr'>ἐκείνου</span> <span class='ocrx_word' id='word_1_676' title='bbox 821 5100 1010 5172; x_wconf 78' lang='grc' dir='ltr'>μᾶλλον</span> <span class='ocrx_word' id='word_1_677' title='bbox 1057 5106 1244 5162; x_wconf 91' lang='grc' dir='ltr'>κακίας</span> <span class='ocrx_word' id='word_1_678' title='bbox 1305 5104 1363 5153; x_wconf 89' lang='grc' dir='ltr'>τό</span> <span class='ocrx_word' id='word_1_679' title='bbox 1414 5107 1649 5173; x_wconf 88' lang='grc' dir='ltr'>σόφισμα</span> <span class='ocrx_word' id='word_1_680' title='bbox 1690 5106 1855 5175; x_wconf 78' lang='grc' dir='ltr'>περιί-</span> 
     </span>
    </p>
   </div>
   <div class='ocr_carea' id='block_1_92' title="bbox 255 5187 1856 5262">
    <p class='ocr_par' dir='ltr' id='par_1_92' title="bbox 255 5187 1856 5262">
     <span class='ocr_line' id='line_1_92' title="bbox 255 5187 1856 5262; baseline 0.001 -21"><span class='ocrx_word' id='word_1_681' title='bbox 255 5209 429 5262; x_wconf 85' lang='grc' dir='ltr'>τρεπε.</span> <span class='ocrx_word' id='word_1_682' title='bbox 486 5195 580 5243; x_wconf 81' lang='lat' dir='ltr'>Kai</span> <span class='ocrx_word' id='word_1_683' title='bbox 630 5192 906 5262; x_wconf 79' lang='grc' dir='ltr'>όμάρτυς,</span> <span class='ocrx_word' id='word_1_684' title='bbox 956 5191 1105 5242; x_wconf 77' lang='grc' dir='ltr'>Οὕτω</span> <span class='ocrx_word' id='word_1_685' title='bbox 1143 5196 1335 5255; x_wconf 88' lang='grc' dir='ltr'>τοίνυν,</span> <span class='ocrx_word' id='word_1_686' title='bbox 1382 5187 1422 5241; x_wconf 88' lang='grc' dir='ltr'><strong><em>ὧ</em></strong></span> <span class='ocrx_word' id='word_1_687' title='bbox 1470 5192 1698 5262; x_wconf 72' lang='grc' dir='ltr'>ἡγεμὼν,</span> <span class='ocrx_word' id='word_1_688' title='bbox 1755 5190 1856 5243; x_wconf 80' lang='grc' dir='ltr'>ἕλε-</span> 
     </span>
    </p>
   </div>
   <div class='ocr_carea' id='block_1_93' title="bbox 253 5276 1850 5353">
    <p class='ocr_par' dir='ltr' id='par_1_93' title="bbox 253 5276 1850 5353">
     <span class='ocr_line' id='line_1_93' title="bbox 253 5276 1850 5353; baseline 0 -22"><span class='ocrx_word' id='word_1_689' title='bbox 253 5299 365 5350; x_wconf 69' lang='grc' dir='ltr'>γεν,</span> <span class='ocrx_word' id='word_1_690' title='bbox 399 5280 456 5331; x_wconf 88' lang='grc' dir='ltr'>ού</span> <span class='ocrx_word' id='word_1_691' title='bbox 496 5276 875 5353; x_wconf 79' lang='grc' dir='ltr'>διαρρυησεταί</span> <span class='ocrx_word' id='word_1_692' title='bbox 920 5299 1009 5351; x_wconf 88' lang='grc' dir='ltr'>μοι</span> <span class='ocrx_word' id='word_1_693' title='bbox 1040 5282 1097 5331; x_wconf 88' lang='grc' dir='ltr'>τό</span> <span class='ocrx_word' id='word_1_694' title='bbox 1151 5288 1319 5352; x_wconf 82' lang='grc' dir='ltr'>σῶμα,</span> <span class='ocrx_word' id='word_1_695' title='bbox 1368 5276 1493 5331; x_wconf 77' lang='grc' dir='ltr'>οὐδὲ</span> <span class='ocrx_word' id='word_1_696' title='bbox 1523 5280 1804 5351; x_wconf 79' lang='grc' dir='ltr'>οἰχήσεται</span> <span class='ocrx_word' id='word_1_697' title='bbox 1834 5296 1850 5313; x_wconf 80' lang='grc' dir='ltr'><strong><em>ο</em></strong></span> 
     </span>
    </p>
   </div>
   <div class='ocr_carea' id='block_1_94' title="bbox 253 5364 1855 5442">
    <p class='ocr_par' dir='ltr' id='par_1_94' title="bbox 253 5364 1855 5442">
     <span class='ocr_line' id='line_1_94' title="bbox 253 5364 1855 5442; baseline 0.001 -22"><span class='ocrx_word' id='word_1_698' title='bbox 253 5372 314 5420; x_wconf 90' lang='grc' dir='ltr'><strong>τό</strong></span> <span class='ocrx_word' id='word_1_699' title='bbox 361 5368 587 5421; x_wconf 80' lang='grc' dir='ltr'>ἐναντίον</span> <span class='ocrx_word' id='word_1_700' title='bbox 637 5372 727 5439; x_wconf 76' lang='grc' dir='ltr'>μεν</span> <span class='ocrx_word' id='word_1_701' title='bbox 775 5364 863 5420; x_wconf 81' lang='grc' dir='ltr'>οὖν</span> <span class='ocrx_word' id='word_1_702' title='bbox 911 5368 1046 5420; x_wconf 77' lang='grc' dir='ltr'>ἅπαν</span> <span class='ocrx_word' id='word_1_703' title='bbox 1089 5373 1177 5420; x_wconf 76' lang='grc' dir='ltr'>καὶ</span> <span class='ocrx_word' id='word_1_704' title='bbox 1220 5370 1363 5440; x_wconf 76' lang='grc' dir='ltr'>ύγιες</span> <span class='ocrx_word' id='word_1_705' title='bbox 1405 5369 1531 5421; x_wconf 83' lang='grc' dir='ltr'>αύτό</span> <span class='ocrx_word' id='word_1_706' title='bbox 1587 5368 1776 5442; x_wconf 84' lang='grc' dir='ltr'>μᾶλλον</span> <span class='ocrx_word' id='word_1_707' title='bbox 1807 5371 1855 5422; x_wconf 81' lang='grc' dir='ltr'>οἱ</span> 
     </span>
    </p>
   </div>
   <div class='ocr_carea' id='block_1_95' title="bbox 323 5554 1410 5625">
    <p class='ocr_par' dir='ltr' id='par_1_95' title="bbox 323 5554 1410 5625">
     <span class='ocr_line' id='line_1_95' title="bbox 323 5554 1410 5625; baseline 0.001 -15"><span class='ocrx_word' id='word_1_708' title='bbox 323 5558 343 5594; x_wconf 74' lang='grc'><strong><em>⁸</em></strong></span> <span class='ocrx_word' id='word_1_709' title='bbox 388 5554 541 5613; x_wconf 87' lang='lat' dir='ltr'>Psal.</span> <span class='ocrx_word' id='word_1_710' title='bbox 573 5570 779 5625; x_wconf 81' lang='lat' dir='ltr'>mm,</span> <span class='ocrx_word' id='word_1_711' title='bbox 804 5559 891 5613; x_wconf 83' lang='lat'>20.</span> <span class='ocrx_word' id='word_1_712' title='bbox 1005 5558 1027 5592; x_wconf 75' lang='grc'>³</span> <span class='ocrx_word' id='word_1_713' title='bbox 1067 5556 1220 5613; x_wconf 85' lang='lat' dir='ltr'>Psal.</span> <span class='ocrx_word' id='word_1_714' title='bbox 1248 5572 1342 5621; x_wconf 82' lang='lat' dir='ltr'>xc,</span> <span class='ocrx_word' id='word_1_715' title='bbox 1364 5560 1410 5613; x_wconf 90' lang='lat'>3.</span> 
     </span>
    </p>
   </div>
   <div class='ocr_carea' id='block_1_96' title="bbox 1973 3130 3626 3208">
    <p class='ocr_par' dir='ltr' id='par_1_96' title="bbox 1973 3130 3626 3208">
     <span class='ocr_line' id='line_1_96' title="bbox 1973 3130 3626 3208; baseline -0.003 -18"><span class='ocrx_word' id='word_1_716' title='bbox 1973 3136 2275 3204; x_wconf 89' lang='lat' dir='ltr'>Nondum,</span> <span class='ocrx_word' id='word_1_717' title='bbox 2307 3138 2518 3208; x_wconf 89' lang='lat' dir='ltr'>inquit,</span> <span class='ocrx_word' id='word_1_718' title='bbox 2560 3134 2815 3198; x_wconf 87' lang='lat' dir='ltr'>sensisti,</span> <span class='ocrx_word' id='word_1_719' title='bbox 2848 3149 2885 3189; x_wconf 90' lang='grc' dir='ltr'>ο</span> <span class='ocrx_word' id='word_1_720' title='bbox 2912 3133 3249 3204; x_wconf 89' lang='lat' dir='ltr'>Trophime,</span> <span class='ocrx_word' id='word_1_721' title='bbox 3276 3137 3570 3187; x_wconf 90' lang='lat' dir='ltr'>tormenta</span> <span class='ocrx_word' id='word_1_722' title='bbox 3597 3130 3626 3186; x_wconf 63' lang='grc' dir='ltr'><strong><em>Ἰ</em></strong></span> 
     </span>
    </p>
   </div>
   <div class='ocr_carea' id='block_1_97' title="bbox 1974 3219 3622 3298">
    <p class='ocr_par' dir='ltr' id='par_1_97' title="bbox 1974 3219 3622 3298">
     <span class='ocr_line' id='line_1_97' title="bbox 1974 3219 3622 3298; baseline -0.004 -17"><span class='ocrx_word' id='word_1_723' title='bbox 1974 3228 2190 3298; x_wconf 83' lang='lat' dir='ltr'>Martyr</span> <span class='ocrx_word' id='word_1_724' title='bbox 2214 3232 2414 3281; x_wconf 92' lang='lat' dir='ltr'>autem</span> <span class='ocrx_word' id='word_1_725' title='bbox 2449 3241 2461 3279; x_wconf 90' lang='lat'>:</span> <span class='ocrx_word' id='word_1_726' title='bbox 2493 3226 2651 3288; x_wconf 85' lang='lat' dir='ltr'>Jam,</span> <span class='ocrx_word' id='word_1_727' title='bbox 2681 3224 2887 3295; x_wconf 87' lang='lat' dir='ltr'>inquit,</span> <span class='ocrx_word' id='word_1_728' title='bbox 2924 3223 3048 3277; x_wconf 91' lang='lat' dir='ltr'>scio</span> <span class='ocrx_word' id='word_1_729' title='bbox 3079 3226 3132 3277; x_wconf 91' lang='lat' dir='ltr'>te</span> <span class='ocrx_word' id='word_1_730' title='bbox 3174 3221 3368 3290; x_wconf 87' lang='lat' dir='ltr'>magis</span> <span class='ocrx_word' id='word_1_731' title='bbox 3406 3219 3622 3275; x_wconf 89' lang='lat' dir='ltr'>sentire</span> 
     </span>
    </p>
   </div>
   <div class='ocr_carea' id='block_1_98' title="bbox 1974 3308 3623 3387">
    <p class='ocr_par' dir='ltr' id='par_1_98' title="bbox 1974 3308 3623 3387">
     <span class='ocr_line' id='line_1_98' title="bbox 1974 3308 3623 3387; baseline -0.004 -17"><span class='ocrx_word' id='word_1_732' title='bbox 1974 3316 2421 3387; x_wconf 89' lang='lat' dir='ltr'>perpessionem</span> <span class='ocrx_word' id='word_1_733' title='bbox 2456 3331 2469 3368; x_wconf 91' lang='lat'><strong>:</strong></span> <span class='ocrx_word' id='word_1_734' title='bbox 2516 3318 2713 3385; x_wconf 87' lang='lat' dir='ltr'>aperte</span> <span class='ocrx_word' id='word_1_735' title='bbox 2744 3312 2903 3368; x_wconf 92' lang='lat' dir='ltr'>enim</span> <span class='ocrx_word' id='word_1_736' title='bbox 2948 3310 3237 3375; x_wconf 90' lang='lat' dir='ltr'>ostendis,</span> <span class='ocrx_word' id='word_1_737' title='bbox 3284 3311 3437 3365; x_wconf 89' lang='lat' dir='ltr'>iram</span> <span class='ocrx_word' id='word_1_738' title='bbox 3468 3308 3530 3365; x_wconf 92' lang='lat' dir='ltr'>in</span> <span class='ocrx_word' id='word_1_739' title='bbox 3569 3314 3623 3364; x_wconf 87' lang='lat' dir='ltr'>te</span> 
     </span>
    </p>
   </div>
   <div class='ocr_carea' id='block_1_99' title="bbox 1976 3398 3623 3476">
    <p class='ocr_par' dir='ltr' id='par_1_99' title="bbox 1976 3398 3623 3476">
     <span class='ocr_line' id='line_1_99' title="bbox 1976 3398 3623 3476; baseline -0.004 -16"><span class='ocrx_word' id='word_1_740' title='bbox 1976 3420 2257 3476; x_wconf 89' lang='lat' dir='ltr'>magnam</span> <span class='ocrx_word' id='word_1_741' title='bbox 2276 3419 2547 3459; x_wconf 87' lang='lat' dir='ltr'>exercere</span> <span class='ocrx_word' id='word_1_742' title='bbox 2570 3402 2962 3474; x_wconf 86' lang='lat' dir='ltr'>tyrannidem.</span> <span class='ocrx_word' id='word_1_743' title='bbox 2979 3400 3113 3456; x_wconf 84' lang='lat' dir='ltr'>Mihi</span> <span class='ocrx_word' id='word_1_744' title='bbox 3129 3415 3263 3455; x_wconf 91' lang='lat' dir='ltr'>vero</span> <span class='ocrx_word' id='word_1_745' title='bbox 3288 3416 3410 3471; x_wconf 90' lang='lat' dir='ltr'>quo</span> <span class='ocrx_word' id='word_1_746' title='bbox 3430 3398 3623 3467; x_wconf 89' lang='lat' dir='ltr'>magis</span> 
     </span>
    </p>
   </div>
   <div class='ocr_carea' id='block_1_100' title="bbox 1975 3487 3619 3566">
    <p class='ocr_par' dir='ltr' id='par_1_100' title="bbox 1975 3487 3619 3566">
     <span class='ocr_line' id='line_1_100' title="bbox 1975 3487 3619 3566; baseline -0.005 -16"><span class='ocrx_word' id='word_1_747' title='bbox 1975 3510 2194 3566; x_wconf 89' lang='lat' dir='ltr'>corpus</span> <span class='ocrx_word' id='word_1_748' title='bbox 2226 3493 2621 3560; x_wconf 89' lang='lat' dir='ltr'>consumitur,</span> <span class='ocrx_word' id='word_1_749' title='bbox 2668 3508 2738 3547; x_wconf 94' lang='lat' dir='ltr'>eo</span> <span class='ocrx_word' id='word_1_750' title='bbox 2771 3494 2962 3561; x_wconf 89' lang='lat' dir='ltr'>magis</span> <span class='ocrx_word' id='word_1_751' title='bbox 2996 3490 3244 3545; x_wconf 91' lang='lat' dir='ltr'>solvitur</span> <span class='ocrx_word' id='word_1_752' title='bbox 3276 3505 3311 3543; x_wconf 91' lang='lat' dir='ltr'>a</span> <span class='ocrx_word' id='word_1_753' title='bbox 3342 3487 3619 3555; x_wconf 89' lang='lat' dir='ltr'>vinculis,</span> 
     </span>
    </p>
   </div>
   <div class='ocr_carea' id='block_1_101' title="bbox 1974 3576 3622 3654">
    <p class='ocr_par' dir='ltr' id='par_1_101' title="bbox 1974 3576 3622 3654">
     <span class='ocr_line' id='line_1_101' title="bbox 1974 3576 3622 3654; baseline -0.004 -16"><span class='ocrx_word' id='word_1_754' title='bbox 1974 3583 2375 3654; x_wconf 88' lang='lat' dir='ltr'>liberaturque</span> <span class='ocrx_word' id='word_1_755' title='bbox 2391 3579 3013 3649; x_wconf 83' lang='lat' dir='ltr'>omnino,etﬁtanima</span> <span class='ocrx_word' id='word_1_756' title='bbox 3029 3576 3301 3633; x_wconf 86' lang='lat' dir='ltr'>divinior.</span> <span class='ocrx_word' id='word_1_757' title='bbox 3321 3580 3442 3632; x_wconf 72' lang='lat' dir='ltr'>Non</span> <span class='ocrx_word' id='word_1_758' title='bbox 3462 3577 3622 3631; x_wconf 91' lang='lat' dir='ltr'>enim</span> 
     </span>
    </p>
   </div>
   <div class='ocr_carea' id='block_1_102' title="bbox 1977 3664 3621 3741">
    <p class='ocr_par' dir='ltr' id='par_1_102' title="bbox 1977 3664 3621 3741">
     <span class='ocr_line' id='line_1_102' title="bbox 1977 3664 3621 3741; baseline -0.005 -14"><span class='ocrx_word' id='word_1_759' title='bbox 1977 3688 2229 3727; x_wconf 89' lang='lat' dir='ltr'>manens</span> <span class='ocrx_word' id='word_1_760' title='bbox 2276 3671 2336 3725; x_wconf 90' lang='lat' dir='ltr'>in</span> <span class='ocrx_word' id='word_1_761' title='bbox 2382 3686 2630 3741; x_wconf 89' lang='lat' dir='ltr'>corpore</span> <span class='ocrx_word' id='word_1_762' title='bbox 2685 3685 2802 3723; x_wconf 90' lang='lat' dir='ltr'>una</span> <span class='ocrx_word' id='word_1_763' title='bbox 2845 3684 2983 3723; x_wconf 92' lang='lat' dir='ltr'>cum</span> <span class='ocrx_word' id='word_1_764' title='bbox 3041 3683 3111 3721; x_wconf 91' lang='lat' dir='ltr'>eo</span> <span class='ocrx_word' id='word_1_765' title='bbox 3177 3665 3462 3720; x_wconf 89' lang='lat' dir='ltr'>moritur:</span> <span class='ocrx_word' id='word_1_766' title='bbox 3516 3664 3621 3719; x_wconf 91' lang='lat' dir='ltr'>sed</span> 
     </span>
    </p>
   </div>
   <div class='ocr_carea' id='block_1_103' title="bbox 1976 3753 3625 3832">
    <p class='ocr_par' dir='ltr' id='par_1_103' title="bbox 1976 3753 3625 3832">
     <span class='ocr_line' id='line_1_103' title="bbox 1976 3753 3625 3832; baseline -0.005 -17"><span class='ocrx_word' id='word_1_767' title='bbox 1976 3762 2179 3817; x_wconf 89' lang='lat' dir='ltr'>transit</span> <span class='ocrx_word' id='word_1_768' title='bbox 2208 3760 2285 3816; x_wconf 92' lang='lat' dir='ltr'>ad</span> <span class='ocrx_word' id='word_1_769' title='bbox 2323 3776 2393 3815; x_wconf 90' lang='lat' dir='ltr'>ea</span> <span class='ocrx_word' id='word_1_770' title='bbox 2441 3775 2574 3832; x_wconf 59' lang='lat' dir='ltr'>quas</span> <span class='ocrx_word' id='word_1_771' title='bbox 2618 3758 2937 3823; x_wconf 89' lang='lat' dir='ltr'>desiderat,</span> <span class='ocrx_word' id='word_1_772' title='bbox 2982 3763 3038 3811; x_wconf 90' lang='lat' dir='ltr'>et</span> <span class='ocrx_word' id='word_1_773' title='bbox 3080 3755 3385 3824; x_wconf 90' lang='lat' dir='ltr'>propriam</span> <span class='ocrx_word' id='word_1_774' title='bbox 3417 3753 3625 3824; x_wconf 92' lang='lat' dir='ltr'>recipit</span> 
     </span>
    </p>
   </div>
   <div class='ocr_carea' id='block_1_104' title="bbox 1975 3842 3621 3920">
    <p class='ocr_par' dir='ltr' id='par_1_104' title="bbox 1975 3842 3621 3920">
     <span class='ocr_line' id='line_1_104' title="bbox 1975 3842 3621 3920; baseline -0.005 -15"><span class='ocrx_word' id='word_1_775' title='bbox 1975 3851 2401 3906; x_wconf 66' lang='lat' dir='ltr'>haereditatem.</span> <span class='ocrx_word' id='word_1_776' title='bbox 2450 3850 2543 3904; x_wconf 89' lang='lat' dir='ltr'>Ille</span> <span class='ocrx_word' id='word_1_777' title='bbox 2587 3848 2831 3920; x_wconf 89' lang='lat' dir='ltr'>quidem</span> <span class='ocrx_word' id='word_1_778' title='bbox 2876 3846 3005 3901; x_wconf 68' lang='lat' dir='ltr'>haec</span> <span class='ocrx_word' id='word_1_779' title='bbox 3051 3845 3333 3908; x_wconf 87' lang='lat' dir='ltr'>dicebat;</span> <span class='ocrx_word' id='word_1_780' title='bbox 3391 3842 3621 3899; x_wconf 90' lang='lat' dir='ltr'>lictores</span> 
     </span>
    </p>
   </div>
   <div class='ocr_carea' id='block_1_105' title="bbox 1974 3932 3622 4006">
    <p class='ocr_par' dir='ltr' id='par_1_105' title="bbox 1974 3932 3622 4006">
     <span class='ocr_line' id='line_1_105' title="bbox 1974 3932 3622 4006; baseline -0.004 -11"><span class='ocrx_word' id='word_1_781' title='bbox 1974 3946 2173 3996; x_wconf 92' lang='lat' dir='ltr'>autem</span> <span class='ocrx_word' id='word_1_782' title='bbox 2204 3957 2263 3996; x_wconf 90' lang='lat' dir='ltr'>se</span> <span class='ocrx_word' id='word_1_783' title='bbox 2294 3942 2547 3995; x_wconf 91' lang='lat' dir='ltr'>invicem</span> <span class='ocrx_word' id='word_1_784' title='bbox 2579 3939 2723 3995; x_wconf 88' lang='lat' dir='ltr'>alter</span> <span class='ocrx_word' id='word_1_785' title='bbox 2748 3937 2998 3992; x_wconf 90' lang='lat' dir='ltr'>alterum</span> <span class='ocrx_word' id='word_1_786' title='bbox 3017 3934 3394 4006; x_wconf 83' lang='lat' dir='ltr'>excipientes,</span> <span class='ocrx_word' id='word_1_787' title='bbox 3416 3932 3468 3987; x_wconf 94' lang='lat' dir='ltr'>ei</span> <span class='ocrx_word' id='word_1_788' title='bbox 3489 3948 3622 4005; x_wconf 89' lang='lat' dir='ltr'>gra-</span> 
     </span>
    </p>
   </div>
   <div class='ocr_carea' id='block_1_106' title="bbox 1970 4017 3621 4090">
    <p class='ocr_par' dir='ltr' id='par_1_106' title="bbox 1970 4017 3621 4090">
     <span class='ocr_line' id='line_1_106' title="bbox 1970 4017 3621 4090; baseline -0.004 -11"><span class='ocrx_word' id='word_1_789' title='bbox 1970 4025 2163 4081; x_wconf 85' lang='lat' dir='ltr'>viores</span> <span class='ocrx_word' id='word_1_790' title='bbox 2203 4026 2440 4082; x_wconf 90' lang='lat' dir='ltr'>dolores</span> <span class='ocrx_word' id='word_1_791' title='bbox 2486 4024 2835 4081; x_wconf 71' lang='lat' dir='ltr'>aﬁerebant.</span> <span class='ocrx_word' id='word_1_792' title='bbox 2879 4021 2977 4076; x_wconf 90' lang='lat' dir='ltr'>Ille</span> <span class='ocrx_word' id='word_1_793' title='bbox 3007 4027 3206 4076; x_wconf 90' lang='lat' dir='ltr'>autem</span> <span class='ocrx_word' id='word_1_794' title='bbox 3242 4036 3255 4071; x_wconf 88' lang='lat'><strong>:</strong></span> <span class='ocrx_word' id='word_1_795' title='bbox 3288 4018 3500 4090; x_wconf 81' lang='lat' dir='ltr'>Aspice</span> <span class='ocrx_word' id='word_1_796' title='bbox 3547 4017 3621 4072; x_wconf 88' lang='lat' dir='ltr'>de</span> 
     </span>
    </p>
   </div>
   <div class='ocr_carea' id='block_1_107' title="bbox 1970 4108 3618 4185">
    <p class='ocr_par' dir='ltr' id='par_1_107' title="bbox 1970 4108 3618 4185">
     <span class='ocr_line' id='line_1_107' title="bbox 1970 4108 3618 4185; baseline -0.006 -15"><span class='ocrx_word' id='word_1_797' title='bbox 1970 4115 2137 4185; x_wconf 73' lang='lat' dir='ltr'>cmlo,</span> <span class='ocrx_word' id='word_1_798' title='bbox 2171 4122 2227 4171; x_wconf 91' lang='lat' dir='ltr'>et</span> <span class='ocrx_word' id='word_1_799' title='bbox 2258 4132 2352 4171; x_wconf 92' lang='lat' dir='ltr'>me</span> <span class='ocrx_word' id='word_1_800' title='bbox 2377 4114 2583 4180; x_wconf 88' lang='lat' dir='ltr'>libera,</span> <span class='ocrx_word' id='word_1_801' title='bbox 2607 4112 2857 4176; x_wconf 92' lang='lat' dir='ltr'>dicebat,</span> <span class='ocrx_word' id='word_1_802' title='bbox 2872 4112 3045 4171; x_wconf 90' lang='lat' dir='ltr'>Deus,</span> <span class='ocrx_word' id='word_1_803' title='bbox 3070 4108 3145 4164; x_wconf 93' lang='lat' dir='ltr'>de</span> <span class='ocrx_word' id='word_1_804' title='bbox 3166 4108 3383 4179; x_wconf 90' lang='lat' dir='ltr'>laqueo</span> <span class='ocrx_word' id='word_1_805' title='bbox 3404 4122 3618 4162; x_wconf 89' lang='lat' dir='ltr'>venan-</span> 
     </span>
    </p>
   </div>
   <div class='ocr_carea' id='block_1_108' title="bbox 1971 4197 3622 4274">
    <p class='ocr_par' dir='ltr' id='par_1_108' title="bbox 1971 4197 3622 4274">
     <span class='ocr_line' id='line_1_108' title="bbox 1971 4197 3622 4274; baseline -0.007 -12"><span class='ocrx_word' id='word_1_806' title='bbox 1971 4208 2137 4262; x_wconf 85' lang='lat' dir='ltr'>tium.</span> <span class='ocrx_word' id='word_1_807' title='bbox 2168 4206 2462 4271; x_wconf 84' lang='lat' dir='ltr'>Quoniam</span> <span class='ocrx_word' id='word_1_808' title='bbox 2497 4210 2557 4259; x_wconf 91' lang='lat' dir='ltr'>tu</span> <span class='ocrx_word' id='word_1_809' title='bbox 2587 4219 2650 4259; x_wconf 89' lang='lat' dir='ltr'>es</span> <span class='ocrx_word' id='word_1_810' title='bbox 2678 4200 2966 4274; x_wconf 84' lang='lat' dir='ltr'>patientia</span> <span class='ocrx_word' id='word_1_811' title='bbox 2995 4214 3150 4267; x_wconf 90' lang='lat' dir='ltr'>mea,</span> <span class='ocrx_word' id='word_1_812' title='bbox 3195 4197 3441 4252; x_wconf 86' lang='lat' dir='ltr'>Domine</span> <span class='ocrx_word' id='word_1_813' title='bbox 3471 4198 3515 4252; x_wconf 84' lang='grc'>².</span> <span class='ocrx_word' id='word_1_814' title='bbox 3554 4197 3622 4250; x_wconf 89' lang='lat' dir='ltr'>Et</span> 
     </span>
    </p>
   </div>
   <div class='ocr_carea' id='block_1_109' title="bbox 1969 4284 3619 4363">
    <p class='ocr_par' dir='ltr' id='par_1_109' title="bbox 1969 4284 3619 4363">
     <span class='ocr_line' id='line_1_109' title="bbox 1969 4284 3619 4363; baseline -0.007 -12"><span class='ocrx_word' id='word_1_815' title='bbox 1969 4298 2083 4352; x_wconf 92' lang='lat' dir='ltr'>hoc</span> <span class='ocrx_word' id='word_1_816' title='bbox 2104 4296 2232 4350; x_wconf 87' lang='lat' dir='ltr'>solo</span> <span class='ocrx_word' id='word_1_817' title='bbox 2264 4293 2629 4349; x_wconf 90' lang='lat' dir='ltr'>verbovalde</span> <span class='ocrx_word' id='word_1_818' title='bbox 2657 4289 2946 4363; x_wconf 88' lang='lat' dir='ltr'>percussit</span> <span class='ocrx_word' id='word_1_819' title='bbox 2964 4293 3145 4359; x_wconf 90' lang='lat' dir='ltr'>caput</span> <span class='ocrx_word' id='word_1_820' title='bbox 3162 4284 3452 4358; x_wconf 69' lang='lat' dir='ltr'>praasidis,</span> <span class='ocrx_word' id='word_1_821' title='bbox 3476 4291 3532 4340; x_wconf 93' lang='lat' dir='ltr'>et</span> <span class='ocrx_word' id='word_1_822' title='bbox 3558 4284 3619 4339; x_wconf 89' lang='lat' dir='ltr'>in</span> 
     </span>
    </p>
   </div>
   <div class='ocr_carea' id='block_1_110' title="bbox 1971 4375 3620 4455">
    <p class='ocr_par' dir='ltr' id='par_1_110' title="bbox 1971 4375 3620 4455">
     <span class='ocr_line' id='line_1_110' title="bbox 1971 4375 3620 4455; baseline -0.007 -14"><span class='ocrx_word' id='word_1_823' title='bbox 1971 4387 2213 4441; x_wconf 88' lang='lat' dir='ltr'>beatum</span> <span class='ocrx_word' id='word_1_824' title='bbox 2243 4401 2416 4439; x_wconf 92' lang='lat' dir='ltr'>suum</span> <span class='ocrx_word' id='word_1_825' title='bbox 2449 4382 2989 4455; x_wconf 88' lang='lat' dir='ltr'>caputuniversam</span> <span class='ocrx_word' id='word_1_826' title='bbox 3024 4379 3140 4432; x_wconf 89' lang='lat' dir='ltr'>vim</span> <span class='ocrx_word' id='word_1_827' title='bbox 3168 4375 3321 4431; x_wconf 86' lang='lat' dir='ltr'>illius</span> <span class='ocrx_word' id='word_1_828' title='bbox 3354 4375 3537 4429; x_wconf 90' lang='lat' dir='ltr'>movit</span> <span class='ocrx_word' id='word_1_829' title='bbox 3563 4379 3620 4429; x_wconf 90' lang='lat' dir='ltr'>et</span> 
     </span>
    </p>
   </div>
   <div class='ocr_carea' id='block_1_111' title="bbox 1968 4465 3615 4544">
    <p class='ocr_par' dir='ltr' id='par_1_111' title="bbox 1968 4465 3615 4544">
     <span class='ocr_line' id='line_1_111' title="bbox 1968 4465 3615 4544; baseline -0.009 -13"><span class='ocrx_word' id='word_1_830' title='bbox 1968 4476 2289 4531; x_wconf 88' lang='lat' dir='ltr'>insaniam.</span> <span class='ocrx_word' id='word_1_831' title='bbox 2324 4475 2528 4544; x_wconf 84' lang='lat' dir='ltr'>Itaque</span> <span class='ocrx_word' id='word_1_832' title='bbox 2560 4487 2695 4526; x_wconf 90' lang='lat' dir='ltr'>cum</span> <span class='ocrx_word' id='word_1_833' title='bbox 2724 4468 2911 4524; x_wconf 91' lang='lat' dir='ltr'>salem</span> <span class='ocrx_word' id='word_1_834' title='bbox 2942 4465 3240 4537; x_wconf 89' lang='lat' dir='ltr'>injecisset</span> <span class='ocrx_word' id='word_1_835' title='bbox 3278 4465 3335 4519; x_wconf 88' lang='lat' dir='ltr'>in</span> <span class='ocrx_word' id='word_1_836' title='bbox 3359 4467 3615 4529; x_wconf 87' lang='lat' dir='ltr'>acetum,</span> 
     </span>
    </p>
   </div>
   <div class='ocr_carea' id='block_1_112' title="bbox 1968 4552 3616 4635">
    <p class='ocr_par' dir='ltr' id='par_1_112' title="bbox 1968 4552 3616 4635">
     <span class='ocr_line' id='line_1_112' title="bbox 1968 4552 3616 4635; baseline -0.008 -15"><span class='ocrx_word' id='word_1_837' title='bbox 1968 4568 2027 4620; x_wconf 88' lang='lat' dir='ltr'>et</span> <span class='ocrx_word' id='word_1_838' title='bbox 2056 4564 2238 4635; x_wconf 89' lang='lat' dir='ltr'>hujus</span> <span class='ocrx_word' id='word_1_839' title='bbox 2271 4561 2661 4617; x_wconf 85' lang='lat' dir='ltr'>acrimoniam</span> <span class='ocrx_word' id='word_1_840' title='bbox 2687 4558 2849 4613; x_wconf 88' lang='lat' dir='ltr'>illius</span> <span class='ocrx_word' id='word_1_841' title='bbox 2877 4559 3269 4627; x_wconf 88' lang='lat' dir='ltr'>temperasset</span> <span class='ocrx_word' id='word_1_842' title='bbox 3299 4552 3616 4615; x_wconf 89' lang='lat' dir='ltr'>salsedine,</span> 
     </span>
    </p>
   </div>
   <div class='ocr_carea' id='block_1_113' title="bbox 1963 4641 3617 4724">
    <p class='ocr_par' dir='ltr' id='par_1_113' title="bbox 1963 4641 3617 4724">
     <span class='ocr_line' id='line_1_113' title="bbox 1963 4641 3617 4724; baseline -0.008 -17"><span class='ocrx_word' id='word_1_843' title='bbox 1963 4642 2547 4724; x_wconf 89' lang='lat' dir='ltr'>jussiteainfundere</span> <span class='ocrx_word' id='word_1_844' title='bbox 2569 4648 2631 4704; x_wconf 89' lang='lat' dir='ltr'>in</span> <span class='ocrx_word' id='word_1_845' title='bbox 2648 4648 2893 4702; x_wconf 90' lang='lat' dir='ltr'>vulnera</span> <span class='ocrx_word' id='word_1_846' title='bbox 2905 4641 3299 4715; x_wconf 86' lang='lat' dir='ltr'>martyris,sic</span> <span class='ocrx_word' id='word_1_847' title='bbox 3318 4641 3617 4696; x_wconf 89' lang='lat' dir='ltr'>arbitrans</span> 
     </span>
    </p>
   </div>
   <div class='ocr_carea' id='block_1_114' title="bbox 1968 4728 3615 4813">
    <p class='ocr_par' dir='ltr' id='par_1_114' title="bbox 1968 4728 3615 4813">
     <span class='ocr_line' id='line_1_114' title="bbox 1968 4728 3615 4813; baseline -0.009 -16"><span class='ocrx_word' id='word_1_848' title='bbox 1968 4758 2028 4797; x_wconf 89' lang='lat' dir='ltr'>se</span> <span class='ocrx_word' id='word_1_849' title='bbox 2059 4747 2541 4813; x_wconf 83' lang='lat' dir='ltr'>expugnaturum</span> <span class='ocrx_word' id='word_1_850' title='bbox 2596 4736 2879 4793; x_wconf 86' lang='lat' dir='ltr'>athletam</span> <span class='ocrx_word' id='word_1_851' title='bbox 2927 4732 3181 4806; x_wconf 88' lang='lat' dir='ltr'>pietatis.</span> <span class='ocrx_word' id='word_1_852' title='bbox 3212 4729 3384 4795; x_wconf 87' lang='lat' dir='ltr'>Quod</span> <span class='ocrx_word' id='word_1_853' title='bbox 3407 4728 3453 4784; x_wconf 90' lang='lat' dir='ltr'>si</span> <span class='ocrx_word' id='word_1_854' title='bbox 3492 4743 3615 4783; x_wconf 90' lang='lat' dir='ltr'>non</span> 
     </span>
    </p>
   </div>
   <div class='ocr_carea' id='block_1_115' title="bbox 1966 4816 3615 4902">
    <p class='ocr_par' dir='ltr' id='par_1_115' title="bbox 1966 4816 3615 4902">
     <span class='ocr_line' id='line_1_115' title="bbox 1966 4816 3615 4902; baseline -0.01 -16"><span class='ocrx_word' id='word_1_855' title='bbox 1966 4821 3189 4902; x_wconf 86' lang='lat' dir='ltr'>expugnavero,aiebat,autimbecilliorem</span> <span class='ocrx_word' id='word_1_856' title='bbox 3207 4835 3343 4875; x_wconf 89' lang='lat' dir='ltr'>eum</span> <span class='ocrx_word' id='word_1_857' title='bbox 3364 4816 3615 4873; x_wconf 89' lang='lat' dir='ltr'>reddam</span> 
     </span>
    </p>
   </div>
   <div class='ocr_carea' id='block_1_116' title="bbox 1966 4907 3617 4988">
    <p class='ocr_par' dir='ltr' id='par_1_116' title="bbox 1966 4907 3617 4988">
     <span class='ocr_line' id='line_1_116' title="bbox 1966 4907 3617 4988; baseline -0.012 -10"><span class='ocrx_word' id='word_1_858' title='bbox 1966 4922 2042 4977; x_wconf 87' lang='lat' dir='ltr'>ad</span> <span class='ocrx_word' id='word_1_859' title='bbox 2074 4920 2292 4976; x_wconf 88' lang='lat' dir='ltr'>futura.</span> <span class='ocrx_word' id='word_1_860' title='bbox 2326 4916 2437 4975; x_wconf 93' lang='lat' dir='ltr'>Sed</span> <span class='ocrx_word' id='word_1_861' title='bbox 2459 4917 2560 4988; x_wconf 90' lang='lat' dir='ltr'>qui</span> <span class='ocrx_word' id='word_1_862' title='bbox 2580 4910 3029 4985; x_wconf 89' lang='lat' dir='ltr'>comprehendit</span> <span class='ocrx_word' id='word_1_863' title='bbox 3046 4909 3346 4981; x_wconf 90' lang='lat' dir='ltr'>sapientes</span> <span class='ocrx_word' id='word_1_864' title='bbox 3370 4907 3429 4962; x_wconf 93' lang='lat' dir='ltr'>in</span> <span class='ocrx_word' id='word_1_865' title='bbox 3451 4910 3617 4961; x_wconf 89' lang='lat' dir='ltr'>astu-</span> 
     </span>
    </p>
   </div>
   <div class='ocr_carea' id='block_1_117' title="bbox 1968 4995 3616 5077">
    <p class='ocr_par' dir='ltr' id='par_1_117' title="bbox 1968 4995 3616 5077">
     <span class='ocr_line' id='line_1_117' title="bbox 1968 4995 3616 5077; baseline -0.012 -10"><span class='ocrx_word' id='word_1_866' title='bbox 1968 5012 2047 5067; x_wconf 90' lang='lat' dir='ltr'>tia</span> <span class='ocrx_word' id='word_1_867' title='bbox 2071 5026 2301 5073; x_wconf 91' lang='lat' dir='ltr'>eorum,</span> <span class='ocrx_word' id='word_1_868' title='bbox 2325 5008 2404 5073; x_wconf 84' lang='lat' dir='ltr'>id,</span> <span class='ocrx_word' id='word_1_869' title='bbox 2430 5005 2588 5077; x_wconf 90' lang='lat' dir='ltr'>quod</span> <span class='ocrx_word' id='word_1_870' title='bbox 2609 5004 3069 5072; x_wconf 83' lang='lat' dir='ltr'>excogitaverat,</span> <span class='ocrx_word' id='word_1_871' title='bbox 3098 4996 3388 5054; x_wconf 91' lang='lat' dir='ltr'>convertit</span> <span class='ocrx_word' id='word_1_872' title='bbox 3407 4995 3616 5050; x_wconf 85' lang='lat' dir='ltr'>adver-</span> 
     </span>
    </p>
   </div>
   <div class='ocr_carea' id='block_1_118' title="bbox 1966 5086 3610 5162">
    <p class='ocr_par' dir='ltr' id='par_1_118' title="bbox 1966 5086 3610 5162">
     <span class='ocr_line' id='line_1_118' title="bbox 1966 5086 3610 5162; baseline -0.011 -7"><span class='ocrx_word' id='word_1_873' title='bbox 1966 5098 2233 5155; x_wconf 86' lang='lat' dir='ltr'>susillius</span> <span class='ocrx_word' id='word_1_874' title='bbox 2256 5096 2563 5152; x_wconf 90' lang='lat' dir='ltr'>malitiam.</span> <span class='ocrx_word' id='word_1_875' title='bbox 2588 5095 2651 5148; x_wconf 89' lang='lat' dir='ltr'>Et</span> <span class='ocrx_word' id='word_1_876' title='bbox 2678 5102 2939 5162; x_wconf 86' lang='lat' dir='ltr'>martyr;</span> <span class='ocrx_word' id='word_1_877' title='bbox 2962 5090 3074 5151; x_wconf 89' lang='lat' dir='ltr'>Sic,</span> <span class='ocrx_word' id='word_1_878' title='bbox 3108 5086 3281 5152; x_wconf 82' lang='lat' dir='ltr'>dixit,</span> <span class='ocrx_word' id='word_1_879' title='bbox 3306 5102 3342 5140; x_wconf 93' lang='grc' dir='ltr'>ο</span> <span class='ocrx_word' id='word_1_880' title='bbox 3370 5099 3610 5157; x_wconf 68' lang='lat' dir='ltr'>praises,</span> 
     </span>
    </p>
   </div>
   <div class='ocr_carea' id='block_1_119' title="bbox 1966 5176 3610 5260">
    <p class='ocr_par' dir='ltr' id='par_1_119' title="bbox 1966 5176 3610 5260">
     <span class='ocr_line' id='line_1_119' title="bbox 1966 5176 3610 5260; baseline -0.01 -15"><span class='ocrx_word' id='word_1_881' title='bbox 1966 5205 2183 5260; x_wconf 89' lang='lat' dir='ltr'>corpus</span> <span class='ocrx_word' id='word_1_882' title='bbox 2202 5202 2403 5241; x_wconf 91' lang='lat' dir='ltr'>meum</span> <span class='ocrx_word' id='word_1_883' title='bbox 2431 5199 2549 5239; x_wconf 88' lang='lat' dir='ltr'>non</span> <span class='ocrx_word' id='word_1_884' title='bbox 2577 5181 2826 5248; x_wconf 86' lang='lat' dir='ltr'>difﬂuet,</span> <span class='ocrx_word' id='word_1_885' title='bbox 2846 5195 2953 5234; x_wconf 92' lang='lat' dir='ltr'>nec</span> <span class='ocrx_word' id='word_1_886' title='bbox 2973 5176 3182 5249; x_wconf 84' lang='lat' dir='ltr'>peribit</span> <span class='ocrx_word' id='word_1_887' title='bbox 3206 5192 3220 5240; x_wconf 86' lang='lat'><strong>;</strong></span> <span class='ocrx_word' id='word_1_888' title='bbox 3240 5177 3361 5230; x_wconf 93' lang='lat' dir='ltr'>imo</span> <span class='ocrx_word' id='word_1_889' title='bbox 3383 5176 3610 5238; x_wconf 89' lang='lat' dir='ltr'>contra,</span> 
     </span>
    </p>
   </div>
   <div class='ocr_carea' id='block_1_120' title="bbox 1967 5263 3615 5350">
    <p class='ocr_par' dir='ltr' id='par_1_120' title="bbox 1967 5263 3615 5350">
     <span class='ocr_line' id='line_1_120' title="bbox 1967 5263 3615 5350; baseline -0.011 -16"><span class='ocrx_word' id='word_1_890' title='bbox 1967 5277 2052 5334; x_wconf 89' lang='lat' dir='ltr'>sal</span> <span class='ocrx_word' id='word_1_891' title='bbox 2081 5276 2322 5350; x_wconf 87' lang='lat' dir='ltr'>quidem</span> <span class='ocrx_word' id='word_1_892' title='bbox 2354 5275 2552 5345; x_wconf 89' lang='lat' dir='ltr'>ipsum</span> <span class='ocrx_word' id='word_1_893' title='bbox 2575 5269 2942 5327; x_wconf 89' lang='lat' dir='ltr'>conservabit</span> <span class='ocrx_word' id='word_1_894' title='bbox 2968 5282 3183 5321; x_wconf 86' lang='lat' dir='ltr'>sanum</span> <span class='ocrx_word' id='word_1_895' title='bbox 3212 5272 3268 5319; x_wconf 89' lang='lat' dir='ltr'>et</span> <span class='ocrx_word' id='word_1_896' title='bbox 3289 5263 3615 5319; x_wconf 78' lang='lat' dir='ltr'>confirma-</span> 
     </span>
    </p>
   </div>
   <div class='ocr_carea' id='block_1_121' title="bbox 1965 5354 3614 5425">
    <p class='ocr_par' dir='ltr' id='par_1_121' title="bbox 1965 5354 3614 5425">
     <span class='ocr_line' id='line_1_121' title="bbox 1965 5354 3614 5425; baseline -0.011 0"><span class='ocrx_word' id='word_1_897' title='bbox 1965 5368 2051 5425; x_wconf 90' lang='lat' dir='ltr'>bit</span> <span class='ocrx_word' id='word_1_898' title='bbox 2073 5363 2558 5424; x_wconf 86' lang='lat' dir='ltr'>etcorroborabit</span> <span class='ocrx_word' id='word_1_899' title='bbox 2589 5361 2870 5417; x_wconf 86' lang='lat' dir='ltr'>adversus</span> <span class='ocrx_word' id='word_1_900' title='bbox 2902 5363 3033 5413; x_wconf 87' lang='lat' dir='ltr'>tuos</span> <span class='ocrx_word' id='word_1_901' title='bbox 3054 5354 3329 5420; x_wconf 81' lang='lat' dir='ltr'>insultus,</span> <span class='ocrx_word' id='word_1_902' title='bbox 3364 5354 3517 5411; x_wconf 91' lang='lat' dir='ltr'>adeo</span> <span class='ocrx_word' id='word_1_903' title='bbox 3552 5358 3614 5407; x_wconf 87' lang='lat' dir='ltr'>ut</span> 
     </span>
    </p>
   </div>
  </div>
