4096 6220
502 243 606 298 743

1814 235 2071 291 MENSIS
2111 230 2555 291 SEPTEMBEH.

3764 234 3887 288 ’744

501 367 664 439 ipsos
677 369 930 437 superet,
948 362 1394 420 etcalliditatem
1415 361 1970 419 vincatadversarii.
1991 362 2152 416 Tunc

2264 359 2379 422 ἅλες
2462 357 2856 434 διατηρήσουσι
2927 364 3017 411 καὶ
3074 360 3312 434 ῥώσουσι
3386 364 3514 430 πρός
3579 361 3667 418 τὰς
3721 361 3892 432 παρὰ

500 472 636 511 cum
664 455 864 526 seipso
887 454 1068 524 judex
1088 453 1373 509 evasisset
1399 453 1635 519 saevior,
1654 452 1821 522 jubet
1841 450 2154 522 lampades

500 543 806 601 admoveri
821 542 1104 598 lateribus
1119 542 1339 614 egregii
1355 542 1633 613 martyris
1651 554 1662 593 :
1682 543 1898 613 thua:
1912 543 2151 602 restant,

501 633 716 695 aiebat,
747 632 1128 701 carnesignis
1155 636 1491 687 consumat.
1524 634 1712 702 Atque
1736 631 1872 698 igne
1904 627 2153 701 quidem

502 721 886 779 minuebatur
915 727 971 777 et
991 722 1460 776 consumebatur
1480 735 1641 786 caro,
1676 717 1922 790 martyri
1953 721 2151 773 autem

501 811 697 878 magis
726 810 969 880 vigebat
1007 809 1434 881 crescebatque
1477 809 1660 864 animi
1706 808 2057 862 institutum.
2091 805 2154 860 Et

507 899 822 955 videbatur
845 899 1088 970 quidem
1117 898 1335 954 sentire
1358 904 1661 953 externam
1687 896 2019 961 ﬂammam,
2049 893 2150 952 ﬂa-

505 988 722 1061 grabat
751 994 950 1044 autem
983 1004 1084 1043 cor
1112 989 1241 1058 ejus
1266 988 1493 1058 majore
1525 986 1732 1042 Christi
1761 984 2079 1041 desiderio.

578 1345 652 1399 X.
684 1342 819 1398 Haec
866 1346 1184 1414 postquam
1213 1339 1420 1396 omnia
1461 1338 1641 1394 simul
1683 1338 1906 1395 fortiter
1933 1337 2158 1394 tulisset

512 1433 885 1504 Trophimus,
920 1429 1428 1499 admirationeque
1450 1445 1518 1483 ac
1536 1435 1775 1499 stupore
1808 1433 1991 1484 totum
2021 1428 2158 1484 affe-

512 1523 689 1577 cisset
715 1520 1080 1592 Dionysium,
1101 1535 1130 1574 e
1149 1519 1311 1586 ligno
1328 1517 1570 1590 quidem
1591 1517 1908 1588 deponitur
1942 1533 1955 1583 ;
1981 1517 2156 1573 tradi-

505 1615 601 1665 tur
633 1615 832 1665 autem
858 1608 1177 1677 carceri,ne
1200 1623 1337 1662 eum
1365 1606 1609 1678 quidem
1642 1606 1970 1677 benignum
1997 1622 2155 1662 asse-

505 1704 694 1764 cutus,
725 1698 830 1754 setl
861 1699 919 1753 in
951 1698 1113 1767 ligno
1140 1696 1427 1759 inclusus,
1459 1702 1512 1750 et
1555 1711 1660 1751 nec
1701 1695 1877 1751 tibias
1907 1695 2152 1768 quidem

2264 1695 2584 1768 λανθρώπου,

504 1788 706 1845 valens
737 1787 1070 1843 extendere.
1108 1786 1360 1852 Quidam
1395 1791 1592 1840 autem
1637 1785 2033 1856 Dorymedon,
2069 1786 2158 1841 vir

505 1878 608 1951 qui
639 1882 695 1933 et
721 1876 954 1932 colebat
990 1877 1292 1946 pietatem,
1323 1881 1376 1929 et
1422 1873 1724 1930 exercebat
1769 1876 2066 1940 virtutem,
2101 1883 2156 1930 et

505 1966 654 2021 inter
681 1969 984 2020 senatores
1011 1963 1272 2034 primum
1309 1961 1544 2017 tenebat
1568 1962 1787 2028 locum,
1813 1963 2154 2031 ingrediens

503 2070 820 2115 carcerem,
855 2059 910 2108 et
937 2069 1139 2107 curam
1168 2054 1407 2120 gerebat
1442 2052 1737 2123 martyris,
1770 2057 1826 2106 et
1857 2052 2156 2122 absterge-

509 2143 611 2198 bat
642 2143 905 2208 vulnera,
937 2146 993 2196 et
1025 2143 1249 2196 saniem
1280 2141 1642 2196 emundabat
1676 2141 1930 2196 :deinde
1962 2141 2153 2196 linteis

504 2231 844 2286 involvebat
875 2237 930 2284 et
961 2230 1264 2298 alligabat,
1298 2234 1477 2301 atque
1500 2229 1551 2284 ei
1585 2245 1825 2285 omnem
1852 2229 2030 2285 aliam
2055 2231 2153 2286 ad-

507 2320 749 2376 hibebat
779 2321 1167 2383 curationem,
1202 2319 1474 2389 etaliquo
1496 2319 1734 2391 quidem
1779 2326 2042 2391 tempore
2073 2321 2154 2377 la-

505 2409 818 2465 tebathaac
865 2409 1105 2464 faciens.
1165 2411 1370 2464 Postea
1410 2416 1611 2463 autem
1661 2425 1798 2464 cum
1859 2411 2156 2466 venissent

505 2498 825 2563 Dioscoria,
870 2497 928 2551 id
962 2503 1064 2562 est,
1113 2497 1325 2552 festum
1373 2496 1634 2552 Castoris
1676 2502 1732 2552 et
1780 2498 2051 2565 Pollucis,
2098 2506 2154 2557 et

508 2587 744 2660 Synade
771 2587 897 2641 dies
915 2585 1099 2642 festus
1118 2586 1400 2659 praeclare
1427 2586 1837 2653 celebraretur,
1859 2588 2009 2644 festo
2026 2591 2153 2662 qui-

505 2676 641 2732 dem
672 2677 948 2731 intererat
978 2676 1289 2731 universus
1323 2683 1582 2740 senatus,
1615 2676 1774 2732 solus
1814 2686 2012 2733 autem
2045 2678 2152 2734 ab-

505 2771 630 2821 erat
644 2764 1041 2838 Dorymedon.
1061 2764 1275 2820 Deinde
1290 2781 1414 2819 cum
1433 2781 1649 2835 presses
1662 2782 1789 2821 eum
1805 2768 2153 2823 accersisset

503 2869 577 2909 ne
604 2854 686 2908 sic
709 2854 949 2925 quidem
972 2854 1239 2918 accessit,
1264 2853 1610 2920 signiﬁcans
1628 2853 1815 2924 quod,
1835 2872 1972 2910 cum
1996 2863 2151 2912 esset

506 2942 870 2999 Christianus
905 2941 1146 2996 minime
1178 2957 1314 2995 eum
1369 2947 1658 3010 oporteret
1703 2942 2036 2998 sacrificare
2076 2946 2155 2998 si-

2265 457 2358 499 σοῦ
2389 447 2679 514 ἐπιϐουλὰς,
2713 451 2846 502 ὥστε
2875 453 2962 501 καὶ
2993 449 3352 523 περιγίνεσθαι
3382 448 3566 512 αὐτῶν,
3609 451 3696 498 xui
3729 467 3889 519 κρα-

2261 546 2424 596 τῆσαι
2473 547 2564 599 τῆς
2615 547 2705 590 τοῦ
2763 537 3111 609 ἀντικειμένου
3186 541 3550 609 κακοτεχνίας.
3604 535 3885 590 Ἐνταῦθα

2258 626 2618 698 χαλεπώτερος
2649 627 2803 689 αύτός
2830 625 3043 687 ἐαυτοὺς
3067 630 3290 697 γεγονὼς
3315 627 3341 677 6
3366 622 3619 690 δικάζων,
3651 624 3884 694 λαμπά-

2263 712 2357 777 δας
2377 719 2544 788 πυρός
2570 716 2760 769 κελεύει
2788 717 3153 788 προσάγεσθαι
3183 722 3299 777 ταῖς
3328 723 3418 767 τοῦ
3444 718 3681 786 γενναίου
3711 714 3880 767 πλευ-

2261 812 2377 878 ραῖς
2439 805 2522 866 Ὠς
2543 805 2602 856 ἂν
2631 809 2690 857 τά
2710 805 3113 877 περιλειφθέντα,
3139 809 3290 876 φησὶ,
3321 813 3418 856 τῶν
3439 813 3646 876 σαρκῶν
3675 806 3733 856 τό
3759 811 3875 875 πῦρ

2261 892 2617 965 ἐπινεμηθείη.
2658 893 2847 964 Ἐληγε
2875 898 2964 965 μεν
3003 889 3090 946 οὖν
3122 901 3194 964 τῷ
3239 898 3366 967 πυρὶ
3413 897 3502 944 xui
3547 891 3798 945 ἀναλοῦτο
3835 894 3870 949 ἦ

2266 982 2417 1054 σὰρξ,
2451 985 2480 1042 ἡ
2523 988 2824 1058 προαίρεσις
2870 979 2928 1034 δε
2967 990 3038 1052 τῷ
3075 984 3308 1056 μάρτυρι
3333 980 3524 1053 μᾶλλον
3554 983 3699 1039 ἤνθει
3727 995 3742 1011 ⁸
3773 985 3874 1033 καὶ

2265 1071 2412 1143 ἐκῴει
2438 1069 2604 1144 μηδὲν
2629 1079 2726 1133 τῆς
2763 1072 2942 1134 ἔξωθεν
2971 1070 3157 1143 φλογὸς
3187 1069 3598 1124 ἐπαισθάνεσθαι
3631 1086 3644 1100 ⁸
3681 1072 3875 1142 θερμο-

2262 1163 2393 1235 τέρῳ
2443 1164 2541 1234 γὰρ
2572 1162 2716 1232 πόθῳ
2746 1168 2817 1232 τῷ
2857 1163 2986 1234 πρὸς
3034 1162 3264 1234 Χριστόν
3308 1158 3553 1213 ἐκέκαυτο
3599 1163 3693 1218 τὴν
3738 1179 3873 1232 καρ·

2267 1245 2410 1305 δίαν.

2335 1338 2394 1392 Ι’.
2448 1346 2625 1391 Ταῦτα
2661 1336 2841 1396 ἐπειδὴ
2892 1342 2982 1391 καὶ
3026 1340 3155 1409 ὁμοῦ
3206 1340 3377 1390 πάντα
3425 1343 3671 1409 γενναίως
3715 1342 3874 1409 ἤνεγ-

2265 1447 2320 1480 κε
2371 1432 2649 1501 Τρόφιμος,
2705 1433 2794 1479 καὶ
2847 1427 2958 1479 ὅλον
3020 1427 3090 1489 εἰς
3161 1427 3404 1490 ἔκπληξιν
3463 1431 3631 1499 ἤγαγε
3689 1430 3874 1480 Διονύ-

3615 1536 3626 1548 ·
3665 1525 3739 1586 τῷ
3778 1514 3869 1569 δε-

2267 1610 2549 1680 σμωτηρίω
2577 1602 2634 1658 δε
2665 1601 3044 1677 παραδίδοται,
3093 1603 3216 1658 ούδί
3257 1607 3444 1657 τούτου
3477 1604 3746 1676 ἐπιτυχὼν
3779 1626 3869 1670 φι-

2662 1692 2789 1746 ἀλλά
2848 1694 3240 1755 κατακλεισθεὶς
3311 1692 3358 1746 ἐν
3435 1701 3507 1765 τῷ
3581 1693 3716 1765 ξύλῳ
3772 1700 3872 1747 xui

2266 1536 2399 1582 σιον,
2437 1518 2716 1587 κατάγεται
2773 1519 2861 1587 μεν
2919 1524 3009 1569 τοῦ
3063 1516 3214 1579 ξύλου
3269 1518 3294 1568 ὁ
3348 1515 3574 1577 ἀθλητής

2263 1782 2402 1858 μηδὲ
2475 1783 2756 1836 ἀποτείνειν
2822 1787 2888 1836 τὰ
2959 1783 3112 1842 σκέλη
3199 1781 3498 1855 δυνάμενος.
3551 1779 3870 1856 Δορυμέδων

2264 1872 2324 1928 δέ
2365 1894 2445 1936 τις
2493 1872 2620 1945 ἀνὴρ
2665 1872 2926 1926 εὐσέϐειάν
2984 1892 3038 1926 τε
3090 1881 3251 1944 τιμῶν
3298 1877 3388 1925 καὶ
3434 1871 3620 1946 ἀρετὴν
3671 1876 3871 1944 μετιὼν

2261 1969 2350 2017 καὶ
2413 1965 2555 2037 παρὰ
2602 1960 2911 2033 βουλευταῖς
2964 1970 3063 2014 τὼν
3116 1966 3378 2036 πρωτείων
3435 1961 3740 2034 ἠξιωμένος,
3792 1961 3873 2023 εἰς

2260 2059 2314 2108 τό
2380 2051 2741 2124 δεσμωτήριον
2814 2051 3010 2116 εἰσιὼν,
3068 2050 3356 2123 ἐπεμελεῖτο
3415 2070 3468 2103 τε
3521 2058 3614 2102 τοῦ
3664 2053 3870 2123 μάρτυ-

2260 2163 2364 2217 ρος,
2415 2147 2504 2194 καὶ
2559 2149 2624 2198 τὰ
2683 2143 2956 2214 τραύματα
3009 2145 3234 2212 περίεπε,
3312 2143 3398 2192 xui
3472 2142 3592 2200 τοὺς
3663 2139 3868 2210 ἰχῶρας

2262 2233 2565 2306 ἀπέματτεν,
2626 2233 2738 2288 εἶτα
2817 2235 2904 2282 καὶ
2986 2229 3219 2290 ὀθονίους
3284 2228 3528 2303 περιείλει
3591 2234 3681 2280 xui
3740 2247 3870 2279 κατ-

2262 2320 2489 2395 εδέσμει,
2548 2331 2638 2377 καὶ
2691 2329 2864 2376 πᾶσαν
2918 2319 3075 2377 ἄλλην
3133 2320 3404 2388 θεραπείαν
3453 2325 3709 2389 προσῆγε,
3766 2323 3862 2368 καὶ

2261 2417 2450 2484 χρόνον
2503 2419 2592 2486 μέν
2645 2433 2760 2465 τινα
2813 2417 2975 2463 ποιῶν
3019 2408 3203 2469 οὕτως,
3258 2405 3522 2460 ἐλάνθανεν
3581 2426 3592 2437 ·
3642 2407 3865 2480 ὕστερον

2263 2498 2321 2554 δὲ
2382 2512 2479 2554 τῶν
2562 2506 2876 2573 Διοσκορίων
2939 2497 3277 2562 ἐπιστάντων,
3355 2501 3444 2549 καὶ
3510 2504 3607 2557 τῆς
3681 2495 3866 2568 ἑορτῆς

2261 2597 2377 2666 περὶ
2433 2595 2498 2644 τὰ
2549 2588 2756 2644 Σύναδα
2812 2589 3054 2660 λαμπρᾶς
3115 2585 3388 2658 ἀγομένης,
3448 2587 3478 2644 ἡ
3543 2589 3634 2657 μὲν
3695 2584 3862 2658 βουλὴ

2259 2687 2408 2735 πᾶσα
2457 2689 2518 2754 τῇ
2575 2682 2859 2752 πανηγύρει
2915 2685 3161 2749 παρῆσαν
3212 2693 3224 2705 ·
3283 2680 3437 2746 μόνος
3489 2671 3547 2726 δε
3597 2673 3867 2726 ἀπολέλει-

2259 2790 2359 2823 πτο
2420 2766 2723 2844 Δορυμέδων
2773 2786 2784 2798 ⁸
2841 2764 2952 2819 εἶτα
3002 2771 3091 2818 καὶ
3147 2764 3628 2837 μετακαλεσαμένου
3685 2771 3869 2816 τοῦτον

2259 2867 2350 2912 τοῦ
2377 2862 2644 2932 ἡγεμόνος,
2697 2854 2819 2910 οῦδὲ
2878 2856 3012 2908 οὕτω
3060 2858 3273 2926 παρῄει,
3317 2850 3566 2914 δηλώσας
3609 2855 3688 2904 ὅτι
3741 2861 3867 2924 Χρι-

2264 2953 2470 3001 στιανὸν
2519 2953 2639 3001 ὄντα
2683 2967 2763 3018 με,
2807 2948 3005 3004 ἣκιστα
3048 2947 3183 2997 θύειν
3221 2939 3458 3004 εἰδώλοις
3499 2947 3589 2993 xui
3642 2938 3866 3014 δαίμοσι

507 3030 787 3086 mulacris
821 3036 876 3083 et
906 3029 1301 3084 daemonibus.
1355 3030 1498 3083 Cum
1541 3045 1682 3098 ergo
1731 3030 1984 3087 fuissent
2025 3033 2152 3088 haec

2264 3044 2392 3111 χρὴ.
2450 3038 2541 3100 Ὦς
2596 3034 2683 3090 οὖν
2738 3035 3007 3106 ἀπηγγέλη
3058 3042 3224 3085 ταῦτα
3282 3037 3556 3102 Διονυσίῳ,
3615 3033 3731 3101 ἄγει
3774 3037 3866 3084 xui

504 3117 840 3172 renuntiata
874 3117 1171 3187 Dionysio,
1209 3117 1297 3171 vel
1323 3117 1572 3171 invitum
1604 3134 1740 3173 eum
1773 3119 2020 3175 adducit
2050 3138 2155 3192 per

507 3205 805 3267 satellites,
836 3209 892 3260 et
914 3210 1084 3272 rogat
1109 3220 1376 3271 causam,
1420 3212 1662 3275 propter
1700 3223 1882 3278 quam
1908 3224 2028 3265 non
2059 3226 2151 3266 ve-

505 3295 693 3352 nisset
709 3295 784 3350 ad
803 3295 1038 3366 festum,
1062 3294 1241 3364 idque
1259 3294 1335 3348 ab
1352 3311 1422 3349 eo
1435 3296 1772 3351 accersitus.
1797 3297 1894 3352 Ille
1914 3305 2113 3354 autem
2138 3318 2152 3353 :

513 3384 601 3439 Ad
633 3383 749 3439 alia
774 3383 1039 3455 quidem,
1072 3383 1281 3455 inquit,
1311 3399 1347 3438 o
1386 3400 1627 3455 praeses,
1660 3386 1719 3440 in
1756 3387 1975 3458 quibus
2012 3388 2156 3443 nihil

503 3473 844 3529 detrimenti
863 3479 1181 3545 acceptura
1199 3477 1288 3527 est
1308 3474 1851 3546 anima,nunquam
1869 3492 1985 3532 non
2003 3479 2154 3542 veni,

504 3563 551 3616 si
578 3566 637 3618 tu
665 3580 756 3618 me
782 3564 1024 3627 vocasti,
1054 3579 1250 3633 neque
1294 3563 1469 3617 ullam
1499 3563 1664 3618 attuli
1711 3566 2154 3622 excusationem

504 3651 606 3707 ubi
639 3657 838 3708 autem
878 3667 971 3706 res
1001 3657 1229 3723 spectat
1258 3652 1334 3707 ad
1366 3651 1788 3709 detrimentum
1828 3656 2066 3722 animae,
2100 3663 2157 3712 et

503 3757 538 3797 a
565 3741 676 3797 Deo
707 3742 1144 3807 alienationem,
1171 3758 1286 3797 non
1311 3758 1442 3812 ego,
1471 3743 1574 3814 qui
1599 3758 1718 3798 non
1753 3746 1993 3816 accessi,
2021 3764 2153 3803 sum

503 3844 686 3885 causa
716 3831 879 3902 quod
912 3847 1030 3886 non
1055 3829 1431 3895 accesserim,
1453 3831 1556 3886 sed
1580 3833 1626 3885 is
1643 3832 1746 3903 qui
1774 3832 1850 3888 ad
1868 3849 1939 3889 ea
1956 3839 2151 3890 vocat.

580 3923 661 3981 X1.
691 3922 834 3977 Cum
866 3920 988 3976 haec
1043 3925 1237 3974 autem
1269 3920 1556 3974 audiisset
1600 3937 1840 3992 praises,
1895 3939 2029 3995 qum
2080 3923 2155 3979 de

504 4011 947 4085 Dorymedonte
980 4025 1051 4062 ne
1085 4014 1381 4079 sperasset
1409 4009 1653 4080 quidem
1686 4027 1977 4083 unquam,
2007 4028 2080 4067 ne
2108 4014 2154 4068 si

504 4105 658 4158 Deus
672 4099 915 4172 quidem
941 4096 1337 4168 pradixisset,
1380 4099 1550 4153 valde
1568 4097 1813 4168 quidem
1832 4101 1938 4155 fuit
1956 4102 2146 4156 obstu»

506 4191 793 4264 pefactus.
822 4190 1031 4241 Etcum
1057 4193 1437 4256 propterrem
1456 4187 1829 4257 inopinatam
1864 4205 1936 4244 ne
1960 4189 2158 4260 plures

505 4278 751 4352 quidem
782 4276 1069 4348 potuisset
1098 4291 1236 4330 cum
1255 4291 1323 4330 eo
1345 4275 1611 4330 conferre
1645 4293 1981 4332 sermones:
2017 4283 2154 4333 Inte-

507 4369 640 4432 rim,
673 4365 879 4437 inquit,
915 4381 1052 4420 eum
1085 4370 1277 4419 teneat
1309 4364 1596 4420 custodia.
1632 4365 1771 4421 Cras
1805 4382 1938 4422 vero
1970 4369 2157 4423 consi-

505 4455 869 4519 derabimus,
898 4452 1208 4525 quomodo
1248 4469 1341 4507 res
1369 4453 1497 4523 ejus
1532 4470 1592 4509 se
1632 4454 1916 4510 habeant.
1959 4458 2156 4527 Atque

507 4546 603 4601 ille
634 4543 880 4617 quidem
917 4542 1073 4597 venit
1102 4541 1159 4596 in
1191 4558 1510 4606 carcerem,
1544 4549 1831 4615 tanquam
1858 4546 1913 4600 in
1946 4561 2156 4618 quam-

505 4635 649 4691 dam
682 4633 1017 4705 palaestram
1049 4646 1060 4685 :
1099 4630 1413 4702 Dionysius
1436 4641 1657 4700 autem,
1688 4634 2055 4704 quibusdam
2084 4650 2157 4689 ex

507 4725 628 4780 suis
655 4723 732 4779 ad
763 4738 900 4777 eum
937 4719 1149 4785 missis,
1199 4721 1533 4776 conabatur
1581 4722 1877 4778 adducere
1909 4738 2045 4778 eum
2079 4723 2157 4778 ad

508 4813 939 4886 penitentiam.
993 4811 1153 4875 Quos
1201 4813 1362 4864 torve
1417 4817 1472 4865 et
1522 4810 1878 4867 truculenter
1930 4820 2156 4884 martyr

506 4904 741 4958 intuens
775 4919 786 4956 :
822 4899 1102 4955 Discedite
1129 4915 1164 4954 a
1213 4915 1325 4963 me,
1362 4899 1521 4964 dixit,
1572 4916 1779 4955 omnes
1817 4902 1920 4974 qui
1951 4917 2156 4972 opera-

509 4991 652 5047 mini
684 4989 1055 5060 iniquitatem
1087 4987 1143 5040 3:
1177 5007 1203 5037 »
1238 4991 1296 5042 et
1332 4989 1614 5044 continuo
1656 4990 1855 5052 tacuit,
1893 5013 1920 5040 «
1950 4997 2006 5045 et
2033 4995 2156 5046 erat

509 5085 796 5152 tauquam
824 5078 1010 5133 homo
1035 5092 1155 5132 non
1180 5077 1454 5141 audiens,
1487 5085 1540 5134 et
1575 5095 1691 5134 non
1713 5080 1940 5136 habens
1968 5082 2025 5136 in
2055 5098 2155 5137 ore

509 5187 612 5225 suo
624 5167 1077 5236 redargutiones
1091 5167 1134 5220 ⁴.
1153 5186 1180 5217 ››
1203 5165 1300 5221 Die
1313 5174 1510 5222 autem
1525 5169 1790 5240 sequenti
1805 5185 1930 5224 cum
1953 5171 2156 5227 sedem

504 5256 850 5330 judicialem
870 5254 1238 5310 ascendisset
1262 5255 1852 5328 Dionysius,accersit
1879 5261 2155 5330 Doryme-

511 5347 777 5415 dontem,
822 5350 878 5400 et
927 5359 939 5398 :
994 5344 1255 5415 lndigne,
1299 5347 1509 5418 inquit,
1560 5353 1817 5419 senator,
1864 5348 2154 5420 quidnam

584 5535 607 5569 ³
647 5533 846 5590 Matth.
874 5548 969 5600 vn,
1001 5537 1091 5590 23.
1203 5533 1224 5568 ⁴
1265 5532 1416 5588 Psal.
1441 5548 1661 5598 xxxvu,
1696 5537 1776 5588 t5.

2260 3129 2454 3180 ἄκοντα
2524 3125 2618 3180 διά
2680 3135 2780 3178 τῶν
2831 3121 3132 3196 δορυφόρων
3190 3121 3366 3188 αὐτόν,
3398 3125 3486 3172 xui
3539 3126 3632 3178 τὴν
3691 3120 3866 3172 αἰτίαν

2259 3218 2587 3280 πυνθάνεται,
2643 3212 2715 3267 δι’
2770 3214 2832 3272 ἣν
2884 3213 2978 3264 οὐκ
3029 3211 3266 3283 ἀφίκοιτο
3324 3213 3453 3284 πρὸς
3506 3213 3600 3268 τὴν
3662 3209 3864 3281 ἑορτὴν,

2260 3311 2348 3357 καὶ
2397 3313 2562 3357 ταῦτα
2609 3303 2950 3376 μετακληθεὶς
2995 3302 3082 3353 ὑπ’
3133 3301 3313 3353 αύτου.
3360 3296 3419 3350 Ὁ
3463 3295 3542 3362 δὲ,
3590 3299 3703 3350 Ἐπ’
3737 3299 3867 3349 ἄλλα

2261 3400 2371 3466 μὲν,
2406 3398 2519 3466 ἔφη,
2567 3390 2606 3445 ὦ
2654 3395 2879 3464 ἡγεμὼν,
2915 3394 3043 3444 ὅπου
3089 3395 3158 3461 μὴ
3220 3388 3561 3461 λυμαίνεσθαι
3595 3395 3656 3459 τῇ
3705 3387 3862 3460 ψυχῇ

2261 3480 2399 3555 μηδὲ
2453 3481 2700 3554 βλάπτειν
2743 3484 2904 3544 ἔστιν,
2952 3479 3220 3530 οὐπώποτε
3272 3474 3380 3535 ἤδη
3448 3479 3566 3528 οὔτε
3613 3475 3867 3529 καλέσαν-

2260 3574 2348 3632 τός
2407 3590 2499 3622 σου
2558 3571 2653 3622 ούκ
2711 3567 2884 3627 ἦλθον·
2937 3571 3053 3620 οὔτε
3108 3565 3365 3636 ἀσχολίαν
3414 3570 3498 3617 σοί
3546 3585 3666 3617 τινα
3719 3584 3866 3639 προε-

2262 3662 2568 3732 φασισάμην
2603 3679 2614 3692 ’
2667 3661 2788 3710 ἔνθα
2844 3655 2902 3710 δὲ
2953 3660 3083 3730 πρὸς
3144 3654 3338 3726 βλάϐος
3387 3656 3489 3726 ὁρῶ
3538 3658 3596 3706 τό
3647 3661 3867 3727 πρᾶγμα

2259 3749 2464 3820 ψυχῆς,
2500 3753 2589 3800 xui
2637 3755 2769 3802 Θεοῦ
2824 3745 3184 3817 ἀλλοτρίωσιν,
3232 3744 3336 3815 οὐχ
3383 3745 3408 3796 ό
3457 3748 3529 3816 μὴ
3578 3763 3865 3817 παραγεγο-

2259 3842 2358 3900 νώς
2388 3841 2509 3908 ἐγὼ,
2537 3845 2626 3889 τοῦ
2658 3841 2727 3909 μὴ
2761 3837 3040 3908 ἀφικέσθαι
3070 3837 3233 3893 αἴτιος
3260 3834 3285 3884 6
3313 3832 3393 3884 ἐπὶ
3421 3840 3589 3884 ταῦτα
3616 3832 3806 3884 καλῶν.

2334 3927 2435 3980 ΙΑ’.
2483 3928 2742 3988 Ἀκούσας
2783 3933 2949 3977 ταῦτα
2999 3925 3023 3974 ό
3069 3924 3273 3993 ἡγεμὼν
3324 3923 3409 3974 οἷα
3451 3917 3582 3993 μηδ’
3631 3920 3693 3972 ἂν
3734 3930 3867 3974 Θεοῦ

2261 4020 2595 4089 προειπόντος
2670 4021 2786 4087 περὶ
2845 4008 3228 4084 Δορυμέδοντός
3301 4030 3424 4063 ποτε
3492 4009 3729 4080 ἤλπισεν,
3789 4013 3865 4062 ἐκ-

2261 4103 2442 4167 πλήξει
2499 4123 2552 4156 τε
2603 4107 2777 4175 εἴχετο
2827 4099 3005 4164 δεινῶς
3055 4106 3144 4152 καὶ
3195 4109 3266 4170 τῷ
3311 4097 3554 4171 ἀδοκήτῳ
3601 4108 3693 4151 τοῦ
3738 4101 3866 4172 πρά-

2261 4213 2460 4265 γματος
2511 4189 2649 4265 μηδε
2697 4192 2770 4254 εἰς
2821 4191 3054 4250 πλείονας
3106 4189 3247 4258 αύτῷ
3308 4189 3495 4261 λόγους
3550 4187 3709 4240 ἐλθεῖν
3765 4184 3862 4240 δυ-

2262 4285 2449 4347 νηθεὶς,
2494 4287 2630 4344 Τέως
2687 4285 2796 4354 μεν,
2845 4285 3024 4352 φησὶν,
3079 4278 3233 4330 αὐτόν
3287 4277 3454 4350 ἐχέτω
3502 4280 3738 4351 φρουρά·
3796 4278 3867 4340 εἰς

2266 4373 2442 4445 αὔριον
2497 4367 2555 4424 δε
2605 4374 2669 4422 τὰ
2719 4369 2833 4422 κατ’
2880 4369 3033 4421 αὐτόν
3086 4370 3224 4428 ὅπως
3273 4369 3389 4438 ἔχει
3439 4364 3761 4437 σκεψόμεθα.
3808 4364 3865 4418 Ὀ

2266 4463 2354 4532 μεν
2433 4457 2519 4511 οῦν
2599 4462 2656 4512 τὸ
2731 4455 3092 4530 δεσμωτήριον
3169 4458 3342 4530 ὥσπερ
3401 4456 3518 4507 τινὰ
3573 4454 3865 4526 κατειλήφει

2265 4548 2629 4621 παλαίστραν·
2686 4549 2712 4599 ό
2765 4549 3030 4608 Διονύσιος
3087 4541 3146 4597 δε
3217 4553 3316 4596 τῶν
3373 4545 3460 4597 ὑπ’
3518 4543 3673 4596 αὐτόν
3726 4563 3863 4605 τινας

2268 4638 2593 4705 ἀποστείλας,
2681 4636 2957 4708 μετάμελον
3071 4634 3224 4686 αύτόν
3329 4639 3491 4686 ποιεῖν
3588 4630 3860 4705 ἐπεχείρει.

2267 4728 2356 4786 Οἷς
2441 4727 2703 4800 αὐστηρόν
2764 4722 3021 4797 ἐμϐλέψας
3101 4725 3126 4774 6
3207 4725 3408 4796 μάρτυς
3472 4726 3561 4772 καὶ
3641 4722 3859 4793 ἄγριον

2267 4817 2553 4873 Ἀπόστητε
2603 4813 2694 4866 ἀπ’
2750 4809 2896 4884 ἐμοῦ,
2954 4812 3112 4883 ἔλεγε,
3168 4814 3354 4872 πάντες
3429 4811 3477 4862 οἱ
3534 4807 3864 4883 ἐργαζόμενοι

2266 4902 2517 4976 ἀνομίαν·
2575 4909 2662 4956 xui
2721 4903 2865 4962 εύθύς
2910 4901 3128 4966 ἐσιώπα,
3177 4905 3265 4952 xui
3320 4900 3609 4972 ἄνθρωπος,
3667 4895 3728 4956 ἦν
3777 4897 3865 4949 ούκ

2267 4993 2466 5046 ἀκούων
2510 4999 2599 5046 καὶ
2629 4992 2721 5045 ούκ
2771 4995 2907 5064 ἔχων
2947 4989 2995 5042 ἐν
3039 4998 3110 5060 τῷ
3145 4995 3370 5061 στόματι
3399 4988 3558 5040 αὐτοῦ
3605 4987 3862 5058 ἕλεγμούς’

2266 5089 2356 5142 τῆς
2414 5080 2462 5133 δ’
2519 5080 2745 5142 ἐπούσης
2807 5081 2891 5133 ἐπὶ
2945 5083 3032 5131 τόν
3087 5075 3400 5131 δικαστικὸν
3459 5078 3637 5148 θρόνον
3685 5074 3865 5134 ἀναϐὰς

2267 5174 2534 5230 Διονύσιος
2630 5174 3018 5242 μεταπέμπεται
3104 5172 3190 5220 τόν
3289 5161 3671 5239 Δορυμέδοντα,
3759 5169 3862 5223 καὶ,

2270 5260 2452 5322 Ανάξιε
2496 5268 2591 5320 τῆς
2644 5257 2858 5331 βουλῆς,
2907 5263 3086 5330 φησιν,
3145 5261 3197 5308 τὶ
3243 5257 3422 5308 παθὼν
3472 5255 3622 5326 χθες,
3675 5254 3704 5310 ἧ
3759 5250 3866 5303 δια-

2267 5352 2490 5417 νοηθεὶς,
2543 5354 2632 5401 καὶ
2679 5353 2798 5410 τοὺς
2853 5350 2997 5408 θεοὺς
3041 5345 3325 5418 ἐξώμνυσο,
3373 5348 3462 5397 xui
3503 5346 3569 5396 τὰ
3617 5340 3868 5414 βασιλικὰ

3071 4634 3224 4686 αὐτόν
