4144 6184
286 256 395 312 745

289 377 526 442 διέπτυες
577 378 820 452 δόγματα
854 399 866 448 ;

288 472 401 543 μεθ’
450 472 595 543 ἡμῶν
648 475 922 543 τετάχθαι,
951 479 1038 524 xui
1086 481 1228 544 κοινῇ
1279 475 1344 524 τὰ
1390 482 1488 523 τών
1539 472 1660 522 θεῶν
1711 472 1886 537 τιμᾲν,

289 565 379 611 καὶ
430 563 678 622 τοιαύτης
729 559 925 632 βουλῆς
982 564 1254 632 φαίνεσθαι
1303 570 1524 635 πρῶτος,
1572 559 1631 618 ἧς
1679 554 1891 626 ἀγαπή-

295 668 372 702 σει
419 646 471 700 εὖ
516 646 640 701 οἶδα
683 656 772 702 καὶ
816 652 841 701 ό
892 647 1099 725 σφόδρα
1148 652 1432 722 φιλότιμος,
1467 649 1510 700 εἰ
1553 649 1726 698 καὶτὸ
1771 642 1891 694 πολ-

290 739 476 790 λοστὸν
534 739 682 810 μόλις
740 744 979 811 φέροιτο;
1042 739 1174 791 Ἀλλ’
1235 739 1293 791 ού
1367 743 1500 810 μέγα
1559 745 1742 797 ταῦτα,
1799 751 1892 803 φη-

296 832 396 893 σὶν,
449 827 656 890 ἐκεῖνος,
718 837 788 897 τῷ
844 834 971 881 Θεοῦ
1023 835 1179 900 μόνου
1256 828 1454 899 ἐρῶντι,
1509 831 1598 876 xui
1655 827 1718 876 τὰ
1773 821 1893 894 παρ’

1207 923 1296 970 καὶ
1377 921 1469 975 τήν
1544 910 1893 984 ἐκδεχομένην

291 1010 417 1067 τούς
491 1005 663 1068 ἀξίους
720 1005 1078 1080 λαμπρότητα.
1132 1012 1195 1059 Τί
1268 1009 1368 1080 γὰρ
1454 1003 1563 1076 ἐμοὶ
1645 1003 1892 1074 τυράννου

293 917 436 987 αύτῷ
506 917 665 973 κάλλη
748 918 1132 989 φανταζομένῳ,

290 1097 456 1169 ῥῆμα,
498 1100 586 1146 καὶ
640 1095 905 1159 συλλαϐοὶ,
951 1101 1040 1147 xui
1084 1095 1293 1167 χλαμὺς
1340 1092 1618 1166 ἀλλοτρίοις
1666 1090 1896 1142 ἀνθοῦσα

293 1189 569 1256 χρώμασι,
630 1190 718 1236 καὶ
773 1189 829 1235 τό
882 1187 1024 1256 παρὰ
1079 1193 1139 1255 τῇ
1198 1182 1360 1256 βουλῇ
1409 1179 1658 1254 ὀγκῶδες,
1711 1185 1761 1231 τί
1807 1183 1894 1230 xui

295 1271 522 1346 ἀρχικὸν
566 1274 901 1344 φθέγγεσθαι,
935 1280 1024 1324 xui
1057 1277 1174 1332 Θεὸς
1220 1272 1454 1343 ἄψυχος,
1483 1276 1570 1322 xui
1604 1272 1692 1322 θεά
1730 1271 1896 1338 τούτῳ

295 1368 634 1426 συνοικοῦσα,
694 1361 830 1422 λίθος
880 1365 1022 1425 ἴσως,
1071 1363 1099 1421 ἣ
1153 1368 1236 1413 xui
1293 1362 1512 1433 χαλκὸς,
1564 1366 1756 1430 χειρῶν
1814 1361 1897 1408 τὲ-

297 1471 401 1522 χνῃ
454 1447 973 1523 δεδημιουργημένη,
1026 1453 1432 1523 παρακαθημένη
1484 1451 1630 1519 τάχα
1681 1448 1710 1506 ἦ
1761 1465 1896 1517 παρ-

295 1548 506 1591 εστῶσα
538 1555 551 1567 ·
588 1540 631 1592 εἰ
690 1536 748 1592 δε
799 1545 886 1592 xui
945 1541 970 1591 ό
1019 1545 1260 1610 τεχνίτης
1319 1538 1500 1602 ἐθέλοι,
1547 1540 1752 1609 κειμένη
1805 1539 1895 1586 xui

292 1633 551 1680 τίκτουσα
601 1633 691 1679 καὶ
751 1627 798 1679 ἐν
855 1627 1004 1701 ἑτέρῳ
1062 1633 1307 1698 σχήματι
1363 1631 1625 1699 μένουσα;
1685 1625 1898 1696 Αἰσχρά

1226 253 1666 314 MARTYRIUM
1707 250 1767 306 S.
1807 245 2165 307 ΤΗΟΡΗΙΜΙ
2211 255 2296 310 E'l‘
2335 259 2724 319 SOCIORUM.

928 380 957 441 ἧ
1016 384 1243 456 αἰσχρὸν
1299 380 1428 436 εἶναί
1486 401 1570 434 σοι
1639 375 1780 431 δοκεῖ
1833 377 1890 425 τὸ

2016 378 2121 431 ieri
2139 379 2240 436 tibi
2257 384 2491 451 accidit,
2517 392 2619 442 aut
2638 387 2900 459 quidtibi
2933 389 3088 444 venit
3114 390 3172 444 in
3195 395 3474 455 mentem,
3509 396 3572 446 ut
3609 395 3667 446 et

3556 263 3669 328 746

2000 467 2145 522 deos
2159 470 2254 541 abj
2267 480 2552 539 urares,et
2564 476 2755 531 edicta
2767 493 3072 546 respueres
3089 477 3466 549 imperatoria
3479 479 3507 536 τ
3524 482 3664 535 Tur-

2003 572 2152 627 pene
2174 559 2278 614 tibi
2296 576 2422 617 esse
2447 563 2678 619 videtur
2698 564 2756 619 in
2779 564 3081 630 eumdem,
3112 565 3171 620 in
3200 583 3375 637 quem
3410 583 3538 633 nos,
3574 584 3662 624 re-

2003 646 2136 701 ferri
2154 649 2424 706 ordinem
2436 659 2512 720 ,et
2524 653 2668 709 deos
2688 655 2980 709 honorare
2994 655 3392 710 communiter
3408 662 3463 711 et
3481 656 3582 728 buj
3596 674 3658 713 us

2003 743 2245 792 senatus
2261 740 2444 796 videri
2464 743 2712 813 primus,
2733 744 2905 813 cujus
2919 743 2966 798 si
2986 743 3076 798 vel
3092 743 3403 799 minimam
3429 749 3659 815 partem

2003 822 2176 881 fuerit
2204 837 2512 886 assecutus
2536 831 2749 903 aliquis
2775 832 2942 887 valde
2969 831 3346 895 ambitiosus,
3377 833 3657 904 praeclare

2005 928 2208 970 secum
2233 922 2431 972 actum
2446 935 2576 974 esse
2596 920 2990 976 duxerit?Sed
3011 936 3130 976 non
3150 927 3286 975 sunt
3301 922 3447 986 haec,
3468 922 3662 994 inquit

2003 1001 2118 1067 ille,
2147 1019 2366 1073 magna
2379 1007 2568 1079 ei,qui
2588 1009 2770 1064 Deum
2795 1009 2987 1064 solum
3010 1009 3221 1080 diligit,
3245 1010 3544 1066 etvisione
3559 1025 3663 1082 ap-

2007 1093 2319 1161 prehendit
2333 1111 2633 1169 eam,qure
2646 1104 2730 1154 est
2747 1098 2909 1170 apud
2924 1098 3140 1169 ipsum,
3159 1099 3661 1170 pulchritudinem

2007 1185 2060 1233 et
2092 1181 2617 1257 splendorem,qui
2641 1191 3119 1242 manetsanctos.
3154 1187 3304 1253 Quid
3333 1188 3491 1242 enim
3527 1204 3660 1245 mea

2008 1268 2181 1324 refert
2203 1273 2440 1340 tyranni
2468 1273 2811 1345 appellatio,
2831 1281 2885 1330 et
2906 1275 3179 1347 chlamys
3207 1274 3425 1332 ﬂerens
3449 1276 3659 1332 alienis

2007 1357 2327 1426 coloribus,
2359 1367 2412 1416 et
2454 1361 2514 1416 in
2546 1370 2752 1420 senatu
2780 1364 2930 1419 elate
2960 1363 3120 1435 loqui
3147 1369 3203 1420 et
3229 1381 3366 1420 cum
3401 1369 3659 1421 auctori-

2007 1451 2142 1510 tate,
2176 1454 2226 1504 et
2260 1449 2408 1506 deus
2437 1451 2763 1516 inanimus,
2798 1452 2988 1508 etdea
3016 1470 3156 1509 cum
3181 1469 3252 1510 eo
3284 1454 3660 1522 cohabitans,

2006 1534 2156 1606 lapis
2194 1536 2462 1605 fortasse,
2495 1541 2584 1596 vel
2614 1558 2714 1607 aes,
2756 1541 3006 1597 artiﬁcio
3041 1557 3328 1598 manuum
3351 1543 3656 1610 fabricata,

2007 1625 2220 1680 sedens
2253 1627 2526 1694 fortasse,
2549 1631 2639 1685 vel
2662 1637 2823 1686 stans
2857 1650 2869 1686 :
2904 1631 3066 1703 quod
3091 1632 3138 1686 si
3182 1631 3315 1686 velit
3341 1632 3520 1687 etiam
3563 1648 3660 1688 ar-

293 1723 385 1768 xui
443 1717 514 1778 εἰς
566 1722 780 1789 μνήμην
857 1719 1111 1790 ἔρχεσθαι
1161 1723 1332 1788 μόνον,
1393 1721 1481 1767 xui
1553 1712 1675 1767 οὐδὲ
1726 1713 1894 1784 ψόγου

2016 1712 2166 1777 tifex,
2191 1716 2412 1787 iacens,
2447 1723 2501 1774 et
2533 1719 2783 1790 patiens,
2816 1726 2919 1775 aut
2947 1720 3007 1775 in
3039 1719 3154 1776 alio
3183 1721 3362 1776 etiam
3406 1737 3658 1777 manens

298 1805 448 1868 ἀξίου
504 1814 686 1877 τυχεῖν
753 1802 1034 1877 δυνάμενα,
1092 1806 1172 1856 ἵνα
1219 1808 1284 1857 τά
1335 1805 1558 1856 ἐντεῦθεν
1623 1822 1895 1875 παρασιω-

299 1901 452 1952 πήσω
499 1899 635 1946 κακὰ
691 1900 780 1953 την
831 1904 930 1946 τῶν
981 1893 1262 1966 σεϐομένων
1305 1903 1470 1946 ταῦτα
1516 1893 1707 1963 ψυχῶν
1760 1890 1896 1943 ἀπώο

300 1984 440 2036 λειαν
490 1990 581 2042 τὴν
637 1985 988 2056 ἀναμένουσαν
1049 1984 1210 2045 αύτάς
1279 1992 1369 2034 τοῦ
1443 1987 1601 2054 πυρὸς
1674 1986 1895 2051 γέενναν,

299 2078 360 2125 τὸ
409 2072 672 2144 ἀμύθητον
724 2080 924 2142 σκότος,
976 2078 1062 2125 τὸν
1111 2070 1478 2135 διαιωνίζοντα
1527 2071 1789 2133 σκώληκα,
1842 2074 1898 2122 τὸ

298 2162 669 2236 ἀπαράϐλητον
723 2161 879 2215 έκεῖνο
935 2164 1135 2225 πένθος,
1190 2167 1278 2213 καὶ
1350 2160 1514 2219 ἀληθῆ
1588 2165 1709 2213 Θεὸν
1787 2159 1899 2212 ἀθε-

296 2259 495 2312 τοῦσιν,
547 2252 842 2310 ἡπείληται.
874 2256 937 2304 Τί
986 2255 1084 2324 γὰρ
1136 2259 1298 2303 ταῦτα
1348 2255 1478 2322 πρὸς
1525 2255 1618 2308 τήν
1667 2258 1764 2300 τῶν
1816 2249 1899 2301 οῦ-

297 2349 464 2414 ρανῶν
521 2339 812 2413 βασιλείαν,
867 2340 926 2399 ἣν
975 2347 1082 2402 τοῖς
1133 2342 1406 2411 ἀγαπῶσιν
1460 2339 1612 2390 αὐτὸν
1662 2337 1899 2409 ἐπηγγεί-

297 2429 424 2481 λατο
450 2446 463 2496 ;

376 2695 471 2748 ΙΒ’.
530 2700 664 2769 Πρὸς
724 2704 889 2748 ταῦτα
941 2695 1132 2748 πλείονι
1186 2693 1425 2756 ἐκπλήξει
1478 2694 1682 2766 ληφθεὶς
1729 2695 1899 2744 Διονύ-

305 2803 435 2846 σιος.
475 2787 655 2852 Πόθεν,
689 2790 839 2856 φησὶ,
880 2788 1111 2841 τοσαύτη
1146 2785 1436 2856 εὐπορήσας
1486 2793 1578 2844 τῆς
1609 2782 1902 2856 παρρησίας

301 2877 520 2945 τοιούτῳ
570 2878 692 2946 φέρῃ
747 2875 862 2925 καθ’
915 2876 1059 2944 ἡμῶν
1107 2872 1515 2944 στόματι;”οτι
1561 2868 1818 2942 ἀψευδής,
1863 2869 1902 2921 ὦ

299 2965 528 3034 ἡγεμὼν,
563 2966 588 3014 ό
635 2962 1064 3034 ἐπαγγειλάμενος
1118 2965 1231 3034 ἔφη·
1277 2960 1434 3012 ’Ὁταν
1486 2957 1542 3013 δε
1597 2957 1902 3032 παραδῶσιν

298 3051 433 3122 ὑμᾶς
517 3049 601 3102 ἰπὶ
683 3049 919 3122 βασιλεῖς
995 3055 1084 3101 καὶ
1166 3053 1444 3121 ἡγεμόνας,
1504 3054 1573 3121 μή
1656 3053 1904 3122 μεριμνή-

303 3159 429 3198 σητε
467 3148 595 3206 πῶς,
628 3141 656 3198 ἡ
709 3145 760 3192 τί
807 3139 1084 3196 λαλήσετεο
1121 3134 1403 3196 δοθήσεται
1432 3141 1531 3211 γὰρ
1578 3139 1698 3209 ὑμῖν
1738 3140 1899 3210 ἐκείνῃ

297 3237 364 3301 τῇ
416 3231 524 3303 ὥρᾳ
569 3233 736 3301 στόμα
767 3233 858 3280 καὶ
904 3228 1144 3300 σοφία,ᾕ
1191 3227 1250 3278 ού
1301 3224 1620 3285 δυνήσονται
1653 3226 1902 3279 ἀντειπεῖν

297 3321 486 3379 πάντες
544 3319 593 3369 οἱ
653 3315 992 3388 ἀντικείμενοι
1048 3317 1189 3388 ύμῖν.
1249 3316 1364 3369 Ἐπὶ
1422 3319 1620 3378 τούτοις
1677 3318 1904 3377 πνεύσας

299 3410 516 3478 μανικόν
597 3409 861 3466 Διονύσιος
957 3411 1047 3457 xui
1145 3401 1324 3467 δεινῶς
1411 3404 1682 3480 ἀγριάνας.
1759 3405 1898 3459 Ἀλλ’

302 3495 406 3567 ἐγώ
455 3515 568 3560 σου,
631 3498 745 3568 ἔφη,
805 3499 933 3567 πυρὶ
1009 3497 1064 3546 τὸ
1136 3502 1229 3554 τῆς
1303 3493 1539 3564 γλώττης
1589 3495 1756 3569 ῥεῦμα
1816 3495 1902 3556 ξη-

302 3591 478 3657 ρανῶ⁸
541 3589 630 3637 καὶ
707 3583 896 3636 αὐτίκα
971 3582 1160 3635 κελεύει
1235 3589 1717 3656 πεπυρακτωμένοις
1797 3583 1904 3635 ὀϐε-

302 3673 509 3734 λίσκοις
562 3675 650 3733 τάς
706 3680 795 3724 τοῦ
850 3674 1111 3747 μάρτυρος
1169 3670 1391 3745 πλευρὰς
1448 3679 1743 3728 κατακαίεν.
1803 3680 1905 3725 Τοῦ

307 3759 369 3814 δε
424 3759 562 3834 μηδὲ
617 3764 802 3833 μικρὸν
856 3757 1173 3825 ἐνδιδόντος,
1235 3758 1362 3812 ἀλλά
1417 3767 1505 3813 καὶ
1561 3766 1789 3835 Χριστὸν
1840 3762 1906 3823 εἰς

308 3849 583 3921 ἀντίληψιν
638 3850 912 3911 καλοῦντος
964 3853 1020 3902 τὸ
1078 3858 1181 3923 πῦρ
1237 3849 1418 3912 ἐκεῖνος
1461 3851 1554 3903 οῦκ
1597 3854 1771 3922 ἔστεγε
1818 3860 1907 3912 τῆς

305 3946 532 4013 μανίας’
591 3939 762 4012 ἀμέλει
835 3944 926 3992 xui
983 3938 1117 4010 ξύλῳ
1175 3942 1260 3991 τὸν
1321 3939 1551 3999 ἀθλητὴν
1613 3940 1908 4015 ἀναρτήσας

305 4032 396 4090 τὰς
474 4029 794 4090 ὀπτηθείσας
871 4035 979 4090 τοῖς
1070 4027 1359 4091 ὀϐελίσκοις
1437 4029 1660 4103 πλευρὰς
1754 4026 1910 4088 σιδη-

304 4125 416 4192 ροῖς
455 4117 595 4180 ὄνυξι
638 4118 950 4181 καταξαίνει,
1003 4122 1114 4183 xui,
1165 4115 1316 4182 Ἶδω,
1363 4123 1540 4190 φησὶν,
1595 4119 1637 4171 εἰ
1680 4123 1910 4194 Χριστὸς

307 4211 425 4268 ἣκει
481 4207 764 4280 βοηθήσων
816 4207 977 4277 αύτῷ.
1027 4205 1086 4259 Ὀ
1130 4209 1219 4269 μὶν
1263 4203 1350 4259 οὖν
1397 4215 1764 4284 συντονώτερον
1811 4219 1910 4262 τῶν

308 4301 436 4369 πρὸς
485 4300 570 4349 τὸν
616 4301 744 4350 Θεὸν
793 4299 966 4368 εῖχετο
1016 4295 1282 4370 ῥημάτων,
1338 4303 1425 4350 xui
1483 4301 1554 4350 ἔτι
1610 4299 1798 4372 μᾶλλον
1852 4303 1910 4352 τὸ

308 4391 473 4459 ὄνομα
524 4393 614 4439 τοῦ
677 4387 996 4457 ποθουμένου
1066 4384 1330 4440 ἐπεϐοᾶτο.
1388 4386 1543 4441 Ἀλλὰ
1615 4393 1718 4460 μὴν
1789 4386 1912 4442 ούδε

307 4483 413 4528 τῶν
464 4484 555 4528 τοῦ
607 4479 879 4528 Διονυσίου
935 4474 1107 4546 ἡμέλει
1153 4476 1296 4542 θεῶν,
1353 4475 1458 4527 ἀλλ’
1514 4476 1695 4552 ὕϐριζέ
1743 4497 1795 4530 τε
1843 4479 1914 4540 εἰς

310 4563 519 4633 αὐτοὺς,
575 4569 663 4616 καὶ
734 4572 907 4626 κακῶς
989 4563 1145 4634 ἔλεγε,
1200 4569 1288 4616 xui
1358 4565 1435 4617 ἐπ’
1490 4565 1688 4625 ἄλληλα
1751 4576 1916 4620 ταῦτα

308 4659 404 4706 καὶ
461 4662 656 4725 συνεχῆ
720 4655 994 4726 τραύματα
1049 4661 1121 4723 τῷ
1167 4654 1382 4724 ἡγεμόνι
1455 4652 1748 4710 ἀντεδίδου.
1806 4665 1917 4710 Διο·

310 4744 494 4804 νύσιος
545 4746 713 4794 τοίνυν
789 4741 972 4814 ἠπόρει
1044 4745 1100 4792 τό
1150 4760 1203 4793 τε
1255 4741 1398 4806 ὅλως,
1451 4748 1538 4796 xui
1602 4745 1764 4797 πολλὰ
1815 4754 1918 4808 τοίς

312 4830 406 4883 ὑπ’
478 4831 631 4882 αύτόν
705 4837 1049 4904 στρατιώταις
1131 4829 1401 4903 ἐμέμφετο,
1463 4843 1728 4908 κρατῆσαι
1795 4842 1918 4908 μιᾶς

313 4925 452 4972 όῦτω
528 4919 764 4990 γλώττης
837 4918 896 4970 ού
982 4915 1302 4990 δυναμένοις.
1361 4921 1614 4975 Ἐντεῦθεν
1686 4923 1769 4976 ἐπὶ
1834 4929 1920 4986 τὰς

310 5016 408 5062 τοῦ
461 5012 720 5080 μάρτυρος
771 5010 986 5080 παρειὰς
1038 5009 1086 5060 οἱ
1138 5013 1323 5080 ὄνυχες
1380 5007 1644 5074 ἐϐάδιζον,
1696 5018 1782 5065 καὶ
1830 5017 1923 5076 τὰς

317 5101 572 5167 σιαγόνας
639 5097 861 5169 ἠρεύνων
936 5101 1020 5148 xui
1096 5101 1216 5159 τοὺς
1297 5095 1515 5162 ὀδόντας
1592 5101 1919 5175 ἀνώρυττον·

315 5185 428 5238 ἀλλ’
481 5185 608 5258 ούχὶ
659 5191 748 5238 xui
800 5195 1112 5239 κατασείσαι
1160 5190 1244 5238 τὸν
1293 5196 1388 5250 τῆς
1439 5186 1674 5254 διανοίας
1729 5197 1924 5268 πύργον

689 5272 814 5329 Εἶτα
915 5284 1016 5350 πῦρ
1101 5280 1191 5348 μὲν
1277 5280 1720 5354 ύποστρώννυται,
1805 5305 1928 5337 κατ-

314 5366 501 5436 άγεται
555 5360 614 5417 δε
667 5365 694 5416 ό
752 5373 846 5427 τῆς
902 5363 1165 5427 εὐσεϐείας
1233 5366 1456 5432 ὀπλίπης
1513 5375 1600 5423 xui
1657 5378 1764 5434 τοῖς
1836 5379 1927 5446 μεν

315 5276 350 5333 ἠ
362 5270 396 5326 δ
400 5277 599 5329 ύναντο.

400 5559 422 5595 ⁸
465 5560 603 5616 Luc.
634 5574 748 5626 xxi,
789 5562 872 5626 14,
913 5564 999 5619 l5.

631 5667 879 5723 ΡΑτιιοι..
922 5669 1023 5724 Gn.
1065 5671 1214 5724 CXV.

2008 1802 2210 1859 habitu
2253 1805 2280 1858 ‘I
2310 1807 2454 1862 Sunt
2481 1806 2609 1863 hac
2642 1809 2853 1879 turpia,
2890 1808 2939 1863 si
2966 1808 3057 1864 vel
3099 1809 3294 1864 solum
3324 1809 3565 1865 veniant
3599 1810 3657 1865 in

2010 1897 2293 1958 mentem,
2321 1900 2375 1950 et
2391 1911 2524 1967 qua),
2541 1912 2648 1952 nec
2664 1898 2804 1953 satis
2821 1897 3066 1969 quidem
3081 1897 3397 1969 vituperari
3429 1898 3660 1969 possint

2009 1996 2117 2052 pro
2149 1983 2388 2047 meritis,
2419 1991 2482 2040 ut
2510 1984 2717 2042 sileam
2751 1985 2905 2042 mala
2941 2001 3077 2057 quas
3103 1985 3242 2042 hinc
3269 1986 3658 2058 proﬁciscun-

2007 2075 2136 2126 tur:
2172 2072 2534 2139 animarum,
2584 2089 2720 2145 quae
2776 2090 2846 2130 ea
2876 2075 3092 2141 colunt,
3119 2074 3422 2130 interitum
3457 2091 3662 2148 ;quaa-

2009 2174 2111 2214 eas
2139 2163 2532 2231 manet,ignis
2568 2163 2906 2232 gehennam
2937 2179 2951 2230 ;
2984 2163 3259 2219 tenebras
3288 2179 3423 2236 quae
3463 2162 3663 2219 verbis

2007 2248 2287 2319 explicari
2329 2256 2636 2324 nequeunt
2667 2268 2680 2319 ;
2727 2267 3014 2319 vermem,
3048 2253 3151 2325 qui
3181 2252 3359 2308 durat
3397 2253 3456 2308 in
3496 2256 3662 2308 aeter-

2011 2353 2190 2404 num;
2223 2339 2489 2396 dolorem
2517 2341 2684 2397 illum
2710 2340 3208 2398 inconsolabilem
3224 2360 3240 2411 ;
3265 2347 3320 2397 et
3344 2342 3510 2408 alias,
3529 2357 3662 2413 quas

2011 2426 2393 2492 intentantur,
2425 2431 2616 2486 minas
2645 2430 2718 2485 iis
2749 2431 2852 2502 qui
2873 2446 3078 2485 verum
3105 2433 3286 2486 Deum
3321 2446 3440 2486 non
3473 2445 3660 2499 agno-

2011 2522 2182 2572 scunt
2211 2522 2266 2572 et
2297 2517 2518 2573 colunt.
2553 2517 2703 2584 Quid
2735 2519 2864 2573 hinc
2893 2518 3053 2573 enim
3081 2518 3159 2574 ad
3190 2533 3444 2588 regnum
3475 2519 3659 2574 caelo-

2010 2620 2165 2672 rum,
2199 2606 2364 2679 quod
2390 2607 2550 2662 idem
2585 2605 2855 2678 promisit
2879 2606 2950 2661 iis
2978 2605 3084 2678 qui
3112 2606 3313 2677 ipsum
3361 2605 3660 2675 diligunt?

2087 2696 2196 2749 ΧΠ.
2241 2696 2336 2750 His
2377 2695 2567 2763 magis
2615 2693 3061 2768 obstupefactus
3105 2695 3439 2766 Dionysius.
3472 2693 3658 2751 Unde-

2013 2799 2174 2848 nam,
2209 2784 2418 2855 inquit,
2449 2790 2674 2840 tantam
2701 2789 2911 2840 nactus
2940 2783 3246 2852 ﬁduciam,
3288 2790 3342 2838 et
3371 2782 3660 2854 loquendi

2011 2873 2365 2938 libertatem,
2400 2877 2519 2929 tam
2536 2873 2750 2929 audaci
2765 2889 2864 2928 ore
2892 2873 2946 2928 in
2967 2887 3076 2928 nos
3106 2871 3402 2928 inveheris
3431 2873 3458 2926 ?
3490 2872 3662 2938 Quod

2013 2979 2195 3018 verax
2227 2965 2320 3028 sit,
2349 2979 2386 3019 ο
2411 2980 2654 3035 praeses,
2685 2963 2732 3017 is
2761 2961 2864 3034 qui
2891 2962 3037 3017 dixit
3067 2980 3080 3017 :
3117 2985 3143 3012 ι(
3187 2962 3442 3027 Quando
3459 2966 3662 3018 autem

1937 3073 1977 3129 ο
2015 3069 2117 3107 vos
2148 3053 2497 3108 tradiderint
2541 3053 2782 3122 regibus
2812 3057 2867 3106 et
2921 3050 3303 3122 praesidibus,
3337 3067 3410 3106 ne
3432 3049 3658 3106 solliciti

2015 3141 2164 3213 sitis,
2193 3142 2334 3213 quid
2380 3141 2708 3212 loquamini
2745 3157 2758 3208 ;
2791 3140 3031 3196 dabitur
3069 3140 3227 3195 enim
3261 3139 3423 3194 vobis
3472 3139 3530 3194 in
3563 3139 3664 3195 illa

2012 3230 2105 3286 die
2131 3247 2199 3285 os
2227 3238 2280 3285 et
2319 3231 2630 3302 sapientia,
2662 3229 2756 3284 cui
2795 3245 2914 3284 non
2941 3235 3221 3300 poterunt
3259 3227 3662 3284 contradicere

2013 3336 2244 3384 omnes,
2275 3320 2379 3391 qui
2431 3319 2598 3373 vobis
2629 3318 3021 3374 adversantur
3047 3319 3090 3368 ⁸.
3136 3318 3373 3388 Propter
3402 3317 3524 3371 haec
3575 3315 3669 3370 fu-

2013 3410 2171 3466 riose
2199 3409 2431 3480 spirans
2458 3407 2786 3478 Dionysius,
2816 3411 2872 3461 et
2891 3405 3062 3461 valde
3092 3405 3370 3461 efferatus
3400 3423 3413 3461 :
3457 3409 3526 3460 At
3554 3420 3666 3473 ego

2013 3501 2222 3572 inquit,
2251 3499 2386 3567 igne
2404 3496 2718 3551 exsiccabo
2740 3496 2958 3564 linguae
2981 3499 3092 3550 tute
3118 3494 3432 3559 ﬂuentum,
3464 3499 3664 3565 etpro-

2015 3590 2174 3643 tinus
2197 3587 2367 3658 jubet
2396 3585 2790 3640 candentibus
2815 3583 3092 3638 obeliscis
3123 3582 3212 3637 uri
3235 3582 3421 3638 latera
3444 3587 3664 3653 marty-

2015 3677 2114 3732 ris.
2145 3677 2222 3730 Eo
2255 3683 2454 3731 autem
2503 3691 2576 3728 ne
2609 3673 2923 3729 minimum
2972 3671 3218 3743 quidem
3249 3671 3516 3738 cedente,
3562 3670 3666 3725 sed

2018 3765 2226 3821 Christi
2258 3763 2542 3819 auxilium
2573 3763 2908 3825 invocante,
2951 3759 3102 3829 ignis
3133 3760 3225 3814 ille
3253 3758 3514 3829 Dionysii
3546 3773 3665 3813 non

2019 3854 2302 3926 repressit
2332 3853 2653 3908 insaniam.
2688 3853 2887 3922 Itaque
2905 3866 3042 3905 cum
3071 3847 3229 3918 ligno
3253 3847 3671 3919 suspendisset

2018 3945 2323 4008 athletam,
2363 3941 2546 3998 latera
2584 3937 2864 3996 obeliscis
2903 3943 3102 3993 assata
3144 3937 3347 3992 ferreis
3389 3935 3671 4006 discerpit

2019 4032 2343 4103 unguibus,
2375 4034 2467 4085 et:
2503 4028 2766 4091 Videam,
2800 4026 3010 4098 inquit,
3053 4041 3129 4080 an
3163 4025 3428 4081 Christus
3470 4022 3674 4079 veniat

2019 4138 2196 4194 opem
2253 4119 2353 4176 tibi
2401 4120 2643 4174 laturus.
2702 4121 2885 4188 Atque
2940 4115 3034 4170 ille
3087 4113 3332 4186 quidem
3384 4112 3674 4168 intensius

2022 4214 2208 4268 Deum
2240 4207 2670 4282 alloquebatur,
2707 4211 2762 4261 et
2791 4205 2981 4261 adhuc
3011 4203 3203 4272 magis
3223 4202 3544 4258 invocabat
3571 4217 3674 4257 no-

2023 4315 2162 4356 men
2191 4301 2343 4370 ejus,
2367 4313 2546 4370 quem
2567 4294 2958 4351 desiderabat.
2985 4292 3097 4349 Sed
3123 4308 3230 4348 nec
3260 4293 3403 4346 deos
3427 4289 3676 4363 quidem

1949 4425 1992 4479 D
2025 4388 2288 4462 Dionysii
2331 4385 2667 4456 negligebat
2701 4402 2714 4451 ;
2742 4384 2905 4455 ipsos
2932 4383 3091 4479 enim
3120 4379 3504 4479 contumeliis
3543 4377 3674 4479 affi-

2024 4479 2216 4535 ciebat
2248 4482 2304 4533 et
2343 4474 2698 4535 maledictis,
2721 4473 2934 4544 hisque
2963 4469 3166 4526 densis
3193 4474 3249 4524 et
3279 4468 3502 4523 crebris
3544 4468 3678 4522 vul-

2027 4568 2268 4625 neribus
2322 4565 2573 4620 vicissim
2609 4562 2920 4618 sauciabat
2966 4557 3310 4632 praesidem.
3366 4557 3680 4628 Dionysius

2027 4663 2225 4714 autem
2256 4661 2382 4711 erat
2397 4654 2601 4710 animo
2620 4651 2789 4707 valde
2817 4649 3155 4722 perplexus,
3177 4654 3232 4702 et
3261 4647 3514 4701 multum
3541 4661 3682 4700 suos

2028 4745 2431 4803 insectabatur
2473 4741 2704 4808 milites,
2739 4741 2900 4812 quod
2931 4754 3050 4793 non
3084 4740 3329 4810 possent
3360 4751 3542 4790 unam
3570 4733 3685 4789 lin-

2031 4853 2212 4907 guam
2246 4833 2501 4889 vincere.
2525 4832 2664 4886 Hinc
2695 4827 3099 4901 procedebant
3129 4842 3358 4896 ungues
3388 4824 3465 4880 ad
3495 4838 3682 4892 genas

2032 4925 2349 4996 martyris:
2404 4930 2459 4976 et
2512 4919 2933 4975 scrutabantur
3005 4915 3298 4981 maxillas,
3349 4920 3402 4968 et
3479 4912 3687 4968 dentes

2033 5014 2416 5076 effodiebam,
2473 5010 2574 5065 sed
2617 5024 2734 5064 non
2782 5011 3054 5078 poterant
3091 5004 3271 5060 etiam
3327 5001 3688 5058 labefactare

2035 5103 2240 5160 turrim
2272 5102 2402 5172 ejus
2425 5099 2627 5154 animi.
2668 5095 2884 5152 Deinde
2908 5095 3060 5163 ignis
3089 5093 3337 5165 quidem
3369 5088 3693 5145 substerni-

2038 5200 2152 5260 tur,
2189 5191 2501 5247 deducitur
2534 5194 2730 5244 autem
2788 5186 2954 5240 miles
2997 5183 3228 5254 pietatis
3272 5198 3285 5236 :
3339 5185 3396 5236 et
3441 5177 3694 5250 pedibus

2039 5283 2284 5355 quidem
2313 5280 2371 5335 in
2403 5280 2538 5347 igne
2574 5274 2922 5345 ingreditur,
2954 5277 3132 5342 caput
3175 5285 3313 5324 vero
3344 5275 3400 5324 et
3439 5267 3696 5323 barbam

2045 5388 2229 5429 manu
2269 5367 2550 5425 tenebant
2579 5365 2836 5427 lictores,
2887 5367 2944 5416 et
2987 5360 3137 5433 pilos
3195 5357 3488 5414 vellebant
3536 5370 3701 5412 acer-

3355 5658 3424 5713 24
