4096 6220
564 232 669 287 747

1881 224 2144 285 MENSIS
2184 216 2464 277 SEPTEM
2474 219 2631 275 BER.
3795 223 3888 279 748

560 354 830 412 bissime.
864 358 1023 411 Tunc
1055 359 1282 427 martyr
1312 356 1627 414 videbatur
1652 355 1897 428 quidem
1929 359 2082 409 stare
2118 367 2209 406 su-

2324 348 2449 396 ποσὶ
2494 353 2585 397 τοῦ
2632 350 2799 419 πυρὸς
2849 346 3119 411 ἐπιϐαίνει,
3153 365 3246 404 την
3294 344 3517 417 κεφαλὴν
3568 342 3622 397 δι
3665 343 3750 398 διὰ
3792 367 3889 419 χιι-

561 460 673 515 pra
704 461 896 507 rosas,
921 449 1102 515 caput
1125 461 1262 499 vero
1280 449 1399 500 tam
1433 446 1658 518 placide
1680 444 2007 518 praebebat,
2033 457 2213 513 quam

563 532 666 605 qui
687 538 1028 594 coronatur,
1049 532 1394 600 etbarbam,
1417 550 1602 605 quam
1622 534 1715 590 cui
1735 532 2214 605 supplicabatur:

563 626 620 677 et
657 621 1013 691 experientia
1028 621 1272 693 quidem
1304 622 1633 678 sustinebat
1661 622 1994 695 praesentia,
2015 619 2217 676 animo

565 714 769 767 autem
791 715 918 765 erat
947 717 1193 782 paratus
1226 712 1513 766 adversus
1533 711 1738 767 omnia
1767 709 2079 783 supplicia.
2104 708 2217 766 Sed

563 798 659 853 ille
685 797 928 870 quidem
971 814 1183 853 rursus
1211 799 1528 869 conjicitur
1558 799 1620 856 in
1647 815 1966 856 carcerem.

632 972 772 1027 XIII.
807 975 931 1026 Non
967 971 1153 1027 multo
1193 978 1390 1027 autem
1424 972 1728 1044 interjecto
1759 978 2047 1044 tempore,
2080 986 2215 1027 cum

564 1061 637 1115 de
682 1076 753 1115 eo
784 1076 1025 1131 quoque
1060 1076 1228 1131 spem
1278 1060 1598 1133 abjeoisset
1640 1062 1976 1133 Dionysius,
2009 1060 2219 1116 transit

564 1165 769 1205 rursus
813 1151 887 1204 ad
931 1150 1345 1221 ’l‘rophimum.
1398 1152 1546 1205 Eum
1575 1151 1731 1205 enim
1772 1167 1909 1219 spes
1952 1149 2214 1215 fallebat,

562 1238 820 1295 fortasse
872 1238 1036 1293 illum
1088 1254 1213 1293 esse
1280 1239 1745 1302 lucrifacturum,
1806 1256 1984 1312 quem
2052 1239 2216 1311 prius

562 1329 755 1397 magis
785 1327 1159 1383 multaverat.
1194 1330 1339 1383 Cum
1363 1346 1498 1383 eum
1530 1345 1671 1400 ergo
1698 1346 1729 1385 e
1756 1344 1990 1385 carcere
2017 1344 2219 1383 curas-

563 1423 651 1472 set
680 1417 1136 1489 producendum
1170 1433 1182 1471 :
1221 1418 1274 1473 Si
1303 1433 1411 1473 nec
1440 1422 1695 1482 tantum,
1731 1417 1940 1491 inquit,
1983 1423 2218 1489 tempus

560 1506 960 1571 relaxationis,
1008 1512 1071 1561 ut
1112 1507 1359 1561 muteris
1399 1514 1452 1560 et
1481 1507 1866 1576 convertaris,
1899 1506 2214 1579 persuasit,

561 1600 614 1651 te
658 1596 905 1651 omnino
945 1595 1325 1664 castigabunt
1374 1596 1600 1661 bestiae,
1653 1598 1755 1668 qui
1812 1612 1875 1652 es
1931 1596 2217 1667 praeditus

2324 437 2412 503 ρὸς
2465 436 2513 486 οἱ
2559 432 2745 507 δήμιοι
2792 442 2879 488 καὶ
2927 440 3011 488 τὸν
3060 442 3284 507 πώγωνα
3335 436 3500 506 εἶχον,
3550 440 3635 486 καὶ
3681 439 3759 496 τὰς
3800 444 3887 508 τρίο

2324 543 2432 593 χας
2480 530 2769 596 πικρότατα
2826 525 3036 582 ἔτιλλον,
3089 525 3147 578 '0
3202 522 3260 578 δι
3302 528 3523 595 μάρτυς,
3579 525 3775 576 ἑστάναι
3818 532 3891 597 μὲν

2326 615 2388 672 ὡς
2436 612 2518 664 ἐπὶ
2560 611 2696 687 ῥόδα
2744 612 2949 667 ἐδοκει’
2996 619 3090 674 τὴν
3135 614 3357 687 κεφαλὴν
3410 611 3470 666 δὲ
3517 615 3603 665 οἶα
3650 619 3891 685 στεφανού-

2325 720 2491 772 μενος,
2539 707 2628 755 καὶ
2676 708 2761 755 τόν
2814 710 3039 775 πώγωνα
3094 705 3266 775 ὥσπερ
3320 703 3730 773 λιτανευόμενος⁸
3782 704 3892 755 οὕτω

2325 793 2497 862 πράως
2598 800 2840 866 παρεῖχε,
2924 798 3009 845 καί
3114 801 3266 865 πεῖρα
3346 796 3434 864 μὲν
3530 795 3595 844 τὰ
3691 800 3894 863 παρόντα

2325 881 2601 950 ὑφίστατο,
2630 889 2718 933 καὶ
2751 880 2900 944 αὖθις
2926 882 3175 955 λαμϐάνει
3204 886 3262 933 τό
3292 879 3674 955 δεσμωτήριον.

2398 969 2496 1021 ΙΓ’.
2540 971 2615 1021 Οὔ
2674 976 2870 1042 συχνόν
2921 968 2979 1024 δε
3025 976 3082 1024 τὸ
3126 970 3339 1044 μεταξύ,
3373 975 3463 1022 καὶ
3511 973 3691 1021 τούτου
3742 972 3895 1021 Διονύ-

2327 1077 2440 1119 σιος
2496 1057 2772 1129 ἀπογνούς,
2836 1060 2917 1113 ἐπὶ
2989 1066 3075 1112 τόν
3132 1065 3390 1134 Τρόφιμον
3456 1057 3745 1131 μεταϐαίνει
3807 1062 3891 1109 πά-

3114 801 3266 865 πείρα
3346 796 3434 864 μὲν
3530 795 3595 844 τὰ

2325 1147 2419 1198 λιν·
2450 1148 2626 1206 ἠπάτα
2679 1153 2776 1222 γάρ
2821 1170 2899 1211 τις
2942 1150 3096 1202 αὐτόν
3147 1149 3301 1214 ἐλπὶς,
3336 1151 3415 1201 ὅτι
3462 1147 3558 1199 κᾶν
3596 1151 3718 1208 ἴσως
3763 1148 3892 1198 αὐτόν

2324 1234 2571 1309 κερδάνῃ,
2631 1238 2684 1289 ὃν
2730 1238 2919 1311 μᾶλλον
2976 1245 3033 1291 τό
3105 1244 3348 1313 πρότερον
3418 1237 3701 1310 ἐζημίωτο.
3748 1245 3891 1308 Παρα·

2328 1329 2653 1398 στησάμενος
2695 1335 2868 1379 τοίνυν
2915 1327 3014 1380 ἀπὸ
3064 1337 3155 1380 τοῦ
3199 1325 3563 1400 δεσμωτηρίου
3602 1331 3684 1379 τὸν
3730 1323 3889 1396 ἄνδρα,

2327 1415 2385 1468 Εἰ
2437 1420 2508 1487 μὴ
2587 1418 2611 1468 6
2668 1422 2915 1478 τοσοῦτός
2987 1437 3043 1470 σε
3116 1426 3210 1479 τῆς
3266 1416 3480 1476 ἀνέσεως
3536 1423 3743 1490 χρόνος,
3796 1417 3888 1485 ἔφη.

2326 1504 2627 1576 μεταϐαλεῖν
2686 1512 2776 1558 καὶ
2834 1507 3133 1577 σκέψασθαι
3197 1509 3255 1558 τό
3311 1503 3426 1558 δεον
3505 1504 3795 1578 προέτρεψε,
3841 1506 3891 1554 τὰ

2328 1596 2486 1667 θηρία
2535 1614 2592 1646 σε
2642 1602 2951 1670 σωφρονίσει
2999 1599 3216 1659 πάντως,
3257 1599 3344 1647 τὸν
3386 1594 3528 1666 λόγῳ
3570 1600 3890 1665 τετιμημένον,

560 1686 808 1750 ratione,
860 1691 915 1740 et
958 1690 1007 1740 te
1048 1684 1245 1740 multis
1279 1687 1619 1758 exemplum
1664 1686 1896 1750 facient,
1949 1690 2015 1740 ut
2042 1702 2113 1740 ex
2148 1701 2209 1741 eo

2326 1689 2414 1735 καὶ
2464 1680 2763 1755 ὑπόδειγμα
2821 1687 3039 1743 θήσεται
3096 1693 3203 1746 τοῖς
3258 1684 3484 1744 πολλοῖς,
3539 1686 3668 1735 ὥστε
3716 1682 3793 1754 ἀφ’
3838 1682 3890 1731 ὧν

558 1775 722 1847 quod
755 1776 836 1829 sis
866 1780 1131 1830 extrema
1162 1791 1470 1846 passurus,
1515 1775 1642 1830 aliis
1674 1790 1961 1845 magnum
1986 1775 2217 1830 lucrum

558 1864 854 1919 concilies.
888 1868 1100 1935 Martyr
1129 1871 1329 1920 autem
1362 1883 1374 1919 :
1408 1865 1572 1921 Idem
1603 1880 1713 1933 ego
1743 1866 1851 1920 tibi
1885 1881 2044 1920 nunc
2085 1881 2218 1921 sum

556 1954 935 2025 Tr0phimus,
980 1955 1189 2026 inquit,
1232 1956 1350 2008 imo
1405 1969 1547 2009 vero
1586 1970 1676 2019 eo,
1719 1954 1884 2025 quod
1944 1954 2220 2009 interces-

559 2043 635 2096 sit
677 2050 944 2113 tempore
988 2042 1232 2099 ef’tectus
1276 2059 1411 2097 sum
1443 2042 1619 2111 longe
1650 2044 1708 2097 in
1741 2046 1958 2114 pietate
1988 2042 2105 2097 fert
2120 2058 2219 2097 eu-

558 2131 689 2195 tior,
722 2136 781 2186 ut
811 2132 910 2201 qui
946 2147 1218 2186 seorsum
1249 2131 1410 2203 apud
1447 2147 1543 2186 me
1575 2130 1809 2197 fuerim,
1838 2136 1896 2187 et
1934 2145 2215 2202 quianam

560 2220 670 2274 sim
726 2224 1116 2292 percepturus
1165 2219 1328 2275 bona
1374 2221 1794 2293 reputaverint.
1846 2220 2028 2292 Perge
2077 2235 2217 2291 ergo

556 2308 751 2364 facere
778 2309 1073 2380 quidquid
1104 2310 1298 2380 placet
1331 2325 1509 2375 ;nam
1542 2325 1653 2378 ego
1685 2310 1930 2382 quidem
1968 2308 2218 2365 libenter

558 2397 731 2453 velim
763 2414 891 2453 esse
941 2398 1213 2469 exemplo
1244 2398 1313 2453 iis
1351 2398 1458 2470 qui
1510 2414 1601 2454 me
1641 2404 1780 2453 sunt
1821 2398 2213 2462 consecuturi,

558 2491 622 2542 ut
661 2487 710 2542 si
745 2504 836 2542 me
859 2489 1215 2559 aspexerint,
1264 2488 1451 2543 simile
1491 2489 1844 2560 martyrium
1885 2504 2005 2544 non
2047 2488 2218 2543 dese-

558 2581 713 2632 rant.
782 2576 933 2641 Quid
975 2577 1261 2649 deinceps
1307 2577 1334 2631 ?
1386 2579 1603 2650 Martyr
1666 2594 1873 2633 rursus
1944 2578 2003 2633 in
2049 2577 2215 2646 ligno

559 2666 971 2737 suspenditur,
1000 2672 1056 2720 et
1082 2665 1160 2721 ab
1194 2666 1413 2721 ultimis
1440 2668 1710 2738 corporis
1742 2666 2011 2738 partibus
2056 2672 2214 2722 totus

556 2753 905 2826 discerpitur
937 2755 1237 2826 unguibus
1272 2772 1285 2819 ;
1316 2760 1373 2809 et
1405 2755 1802 2810 candentibus
1834 2755 2114 2811 obeliscis
2162 2756 2215 2811 ei

555 2849 843 2897 eruuntur
875 2842 1031 2897 oculi
1066 2859 1079 2907 ;
1112 2848 1168 2897 et
1196 2841 1365 2897 omni
1406 2858 1477 2897 ex
1513 2848 1681 2914 parte
1708 2843 2003 2897 continuae
2033 2842 2085 2897 ei
2115 2843 2216 2898 ad-

556 2936 872 2985 moventur
921 2929 1234 2999 macbinas,
1287 2935 1349 2985 ut
1394 2931 1716 2997 videretur,
1774 2948 1848 2986 an
1906 2932 2215 3004 multiplici

2326 1773 2483 1834 αὐτὸς
2534 1775 2599 1824 τὰ
2660 1776 2869 1844 ἔσχατα
2919 1779 3099 1845 πείσῃ,
3160 1774 3347 1846 ἑτέροις
3422 1773 3664 1845 πρόξενον
3708 1768 3891 1844 κέρδους

2326 1862 2513 1914 πολλοῦ
2564 1871 2909 1921 καταστῆναι.
2971 1868 3070 1917 Καὶ
3120 1866 3144 1915 ό
3206 1866 3427 1935 μάρτυς
3478 1861 3539 1914 Ὀ
3607 1861 3757 1921 αὐτὸς
3814 1860 3891 1929 ἐγώ

2329 1971 2411 2003 σοι
2463 1955 2550 2005 καὶ
2618 1960 2706 2003 νῦν
2762 1958 3024 2026 Τρόφιμος
3081 1953 3206 2023 εἰμι,
3258 1955 3372 2024 ἔφη,
3431 1950 3620 2023 μᾶλλον
3689 1955 3770 2022 μὲν
3822 1944 3891 2000 οὖν

2325 2045 2409 2091 καὶ
2472 2042 2776 2113 θερμότερος
2834 2041 3001 2111 πολλῷ
3062 2046 3179 2113 περὶ
3235 2045 3328 2098 τὴν
3404 2039 3643 2093 ἀσέϐειαν
3696 2046 3762 2107 τῷ
3824 2056 3890 2108 μισ

2324 2128 2451 2190 ταξύ
2501 2134 2688 2200 γέγονα
2755 2134 2949 2202 χρόνῳ,
3011 2128 3252 2182 κατιδίαν
3306 2128 3352 2180 ἐν
3426 2128 3632 2201 ἐμαυτῷ
3683 2133 3886 2198 γεγονὼς,

2323 2222 2413 2269 καὶ
2469 2219 2535 2268 ὧν
2595 2216 2988 2271 ἁπολαύσεσθαι
3036 2219 3201 2291 μέλλω
3254 2218 3704 2290 ἀναλογισάμενος.
3754 2223 3889 2288 Χὼριι

2323 2314 2598 2380 τοιγαροῦν
2629 2310 2759 2379 πρὸς
2790 2308 2815 2358 ὃ
2858 2327 2909 2359 τι
2949 2312 3039 2360 καὶ
3071 2306 3282 2377 βούλει-
3318 2310 3389 2369 ὡς
3433 2310 3597 2377 ἔγωγε
3640 2306 3885 2379 βουλοίμην

2323 2393 2382 2445 ἂν
2454 2392 2621 2455 ἡδέως
2723 2392 3021 2466 ὑπόδειγμα
3112 2398 3352 2467 γενέσθαι
3447 2405 3557 2458 τοὶς
3632 2395 3736 2468 μετ’
3801 2393 3884 2464 ἐμὲ,

2324 2486 2476 2548 ὅπως,
2523 2484 2566 2536 εἰ
2610 2487 2734 2558 πρὸς
2782 2483 2866 2555 ἐμὲ
2917 2483 3150 2556 βλέποιεν
3200 2490 3269 2556 μὴ
3330 2492 3424 2547 τῆς
3473 2488 3594 2546 ἲσῆς
3637 2487 3884 2557 μαρτυρίας

2324 2573 2689 2647 ἀπολειφθῶσι.
2744 2579 2807 2627 Τί
2860 2578 2917 2626 τό
2974 2575 3235 2640 ἐντεῦθεν;
3288 2574 3371 2628 ἐπὶ
3437 2574 3586 2637 ξύλον
3632 2580 3713 2626 καί
3762 2572 3884 2624 πάλιν

2323 2665 2347 2715 6
2381 2662 2605 2723 ἀθλητὴς
2647 2664 2951 2735 ἁναρτᾶται,
2985 2670 3070 2716 καὶ
3121 2664 3262 2727 ὄνυξι
3308 2663 3601 2729 ξαίνεσθαι,
3636 2661 3737 2716 εἶτα
3778 2661 3883 2713 ἐκεῖ·

2326 2755 2405 2804 θεν
2457 2756 2756 2824 κατάγεται,
2811 2758 2901 2804 καὶ
2980 2758 3097 2814 τοὺς
3165 2753 3467 2826 ὀφθαλμούς
3538 2756 3885 2826 πεπυρωμένους

3342 2852 3585 2916 συνεχεῖς
3677 2842 3884 2911 ἐπήγοντο

2324 2937 2583 3003 μηχαναὶ,
2646 2934 2890 2985 πάντοθεν
2951 2935 2995 2984 εἴ
3044 2952 3150 2993 πως
3202 2940 3272 3003 τῷ
3323 2931 3593 2985 πολυειδεῖ
3639 2940 3721 2992 τῆς
3769 2928 3886 2980 κολάο

2324 2842 2625 2902 ὀϐελίσκους
2723 2841 3045 2907 ἐκκόπτεται,
3148 2848 3238 2896 καὶ

555 3019 847 3090 supplicio
890 3025 1290 3089 superaretur,
1332 3022 1386 3073 et
1435 3018 1662 3090 aliquid
1685 3020 1757 3075 de
1797 3037 1910 3075 sua
1956 3022 2209 3076 remitte-

2328 3040 2457 3081 σεως
2510 3024 2677 3078 ἥττων
2720 3026 2930 3091 γένηται
2975 3021 3090 3073 καθ’
3146 3023 3246 3093 ὑφῇ
3304 3029 3400 3083 τῆς
3447 3021 3737 3082 ἐνστάσεως,
3779 3016 3885 3071 Ἀλλ’

555 3114 643 3162 ret
698 3108 1050 3161 constantia.
1088 3107 1201 3161 Sed
1232 3106 1327 3161 ille
1361 3122 1374 3162 :
1403 3109 1529 3176 Ago
1574 3108 1676 3161 tibi
1708 3108 1947 3177 gratias,
1994 3108 2214 3165 Christe

557 3196 853 3257 Salvator,
894 3195 1153 3265 dicebat,
1198 3196 1359 3267 quod
1387 3195 1491 3250 tibi
1523 3195 1831 3267 placuerit,
1866 3202 1928 3252 ut
1973 3212 2084 3267 ego
2125 3215 2214 3254 sa-

556 3284 880 3339 criﬁcarem
901 3283 1098 3356 prima
1122 3285 1396 3339 membra
1420 3284 1535 3339 mei
1553 3286 1839 3356 corporis,
1866 3285 2213 3343 etofferrem

555 3373 660 3429 tibi
700 3373 992 3445 primitias
1037 3374 1216 3429 totius
1248 3372 1541 3442 sacriﬁcii,
1568 3375 1672 3445 qui
1709 3390 1803 3430 me
1833 3381 2019 3431 totum
2048 3392 2207 3431 eram

556 3462 998 3517 sacriﬁcaturus
1032 3478 1139 3534 pro
1163 3468 1237 3527 te,
1274 3468 1330 3517 et
1360 3469 1462 3517 tuo
1494 3462 1754 3531 glorioso
1783 3465 2042 3519 nomine.
2078 3466 2210 3521 Haec

554 3551 718 3617 dixit,
752 3551 898 3606 dum
929 3551 980 3606 ei
1020 3562 1365 3608 eruerentur
1393 3550 1567 3607 oculi.
1619 3554 1684 3607 Et
1723 3568 1929 3608 rursus
1958 3553 2209 3610 traditus

556 3640 659 3695 fuit
687 3640 746 3694 in
776 3640 1130 3695 custodiam.

623 3729 753 3785 XIV.
828 3728 997 3784 Brevi
1054 3729 1362 3800 interjecto
1424 3735 1712 3802 tempore,
1772 3746 2010 3803 [)I‘&3888,
2068 3731 2209 3788 dato

553 3818 744 3888 signo,
772 3824 829 3873 et
872 3817 1358 3889 frequentissimo
1418 3826 1779 3889 congregato
1839 3820 2089 3888 theatro,
2146 3822 2208 3876 in

552 3907 784 3961 excelsa
815 3906 954 3961 sede
991 3906 1264 3977 praasidet
1298 3908 1426 3979 ipse
1468 3908 1745 3978 princeps
1803 3914 2120 3979 spectator,
2151 3914 2209 3965 et

553 4012 690 4051 cum
744 3996 1130 4067 TrOphimum
1174 4000 1230 4051 et
1267 3997 1771 4067 Dorymedontem
1829 3998 1888 4052 in
1939 3998 2206 4054 medium

553 4085 954 4155 produxisset,
979 4084 1240 4155 primum
1269 4084 1513 4156 quidem
1545 4086 1603 4139 in
1637 4100 1739 4140 eos
1763 4086 1973 4142 emittit
2006 4104 2205 4143 ursam

555 4172 713 4228 fame
728 4173 891 4243 prius
915 4173 1101 4227 valide
1119 4173 1184 4227 de
1210 4173 1503 4228 industria
1526 4180 1841 4229 armatam.
1862 4176 1961 4231 Illa
1983 4182 2204 4244 autem,

555 4262 745 4316 donec
760 4262 995 4333 quidem
1009 4262 2204 4334 appropinquassetmartyribus,etcursu,

553 4350 705 4405 etira
719 4350 915 4405 etaliis
932 4351 1054 4405 fera
1068 4358 1185 4405 erat
1204 4351 2205 4427 etursaimmanissima.Postquam

553 4446 749 4495 autem
786 4455 967 4512 prope
1001 4440 1257 4495 venisset
1296 4440 1475 4496 oblita
1500 4447 1589 4496 est
1614 4446 1860 4507 naturae,
1905 4447 1959 4497 et
2004 4443 2200 4511 famis,

552 4534 608 4584 et
650 4545 717 4583 os
764 4528 851 4584 eis
903 4528 1156 4601 praebuit
1186 4528 1491 4600 placidum
1523 4534 1579 4584 et
1611 4536 2012 4597 mansuetum,
2045 4537 2101 4587 et
2130 4548 2203 4589 ex

549 4618 838 4674 diametro
869 4633 1211 4691 repugnans
1243 4617 1453 4673 feritati
1487 4618 1761 4690 prtesidis
1796 4640 1807 4671 :
1838 4625 1893 4675 et
1927 4620 2057 4691 ejus
2098 4636 2203 4676 au-

548 4724 675 4764 rem
703 4714 984 4777 tangente
1016 4708 1474 4779 Dorymedonte,
1505 4713 1562 4762 et
1591 4707 1673 4762 sic
1703 4724 1836 4763 eam
1868 4709 1943 4764 ad
1987 4725 2046 4764 se
2080 4726 2199 4765 mo-

546 4803 739 4863 vente,
769 4796 869 4854 illa
898 4796 1143 4868 quidem
1164 4813 1301 4852 eum
1334 4796 1734 4852 reverebatur.
1755 4800 1974 4854 Praeses
1998 4805 2198 4856 autem

545 4886 686 4942 feris
715 4886 999 4941 omnibus
1030 4886 1341 4955 agrestior,
1389 4886 1595 4941 dicens
1626 4902 1830 4942 ursam
1864 4888 2038 4943 nimis
2070 4905 2197 4944 esse

544 4984 920 5031 mansuetam
955 4981 1010 5029 et
1048 4974 1401 5039 humanam,
1439 4976 1499 5029 in
1526 4990 1624 5029 eos
1672 4976 1868 5033 emisit
1914 4978 2194 5049 pardum.

542 5065 676 5135 Ipse
726 5070 925 5121 autem
974 5063 1130 5119 illius
1161 5079 1403 5135 quoque
1444 5065 1639 5134 arguit
1667 5066 2094 5135 crudelitatem,
2142 5073 2196 5124 et

542 5170 679 5209 ursa
730 5170 871 5208 usus
919 5159 1001 5208 est
1060 5153 1363 5225 magistra.
1426 5153 1554 5208 Non
1607 5154 1765 5209 enim
1814 5154 2197 5227 impudenter

540 5242 757 5306 insiliit,
810 5257 931 5296 non
988 5244 1170 5297 torvis
1227 5242 1458 5315 aspexit
1510 5243 1716 5307 oculis,
1775 5244 1882 5297 sed
1929 5243 2195 5313 tingebat

534 5347 746 5386 eorum
803 5330 997 5398 tibias,
1042 5336 1098 5386 et
1142 5332 1522 5403 abstergebat
1560 5332 1812 5398 saniem,
1864 5338 1920 5388 et
1959 5348 2080 5404 prta
2130 5350 2191 5391 se

536 5420 759 5477 ferebat
802 5438 864 5475 se
886 5437 983 5476 eos
1024 5421 1337 5487 honorare,
1393 5428 1448 5476 et
1477 5422 1535 5475 in
1568 5421 1734 5476 omni
1764 5421 1985 5477 habere
2032 5438 2194 5478 reve-

540 5510 748 5567 rentia.
783 5513 915 5567 Haec
945 5512 1338 5568 circumstans
1361 5510 1607 5583 quidem
1640 5510 1901 5582 populus
1934 5512 2193 5569 admira-

2325 3109 2418 3160 ούκ
2477 3108 2678 3173 ἐκεῖνος,
2750 3110 2855 3160 ἀλλ’
2931 3110 3250 3181 Εύχαριστῶ
3320 3130 3427 3177 σοι,
3491 3114 3682 3182 Χριστε
3732 3116 3877 3177 Σῶτερ,

2324 3197 2507 3268 ὒεγεν,
2567 3200 2646 3249 ὅτι
2704 3200 2831 3269 μετὰ
2903 3207 3086 3271 πρὼτα
3157 3200 3466 3252 καταθῡσὰι
3530 3207 3618 3252 τοῦ
3686 3204 3882 3269 σώματος

2324 3286 2473 3357 μέλη,
2529 3292 2617 3338 καὶ
2698 3286 2948 3359 ἀπαρχὰς
3031 3297 3122 3348 τῆς
3205 3288 3322 3348 ὅλης
3408 3308 3494 3341 σοι
3572 3290 3878 3362 προσενεγκεῖν

2326 3377 2513 3437 θυσίας
2570 3370 2888 3441 εὐδόκησας,
2933 3375 3046 3428 ὅλον
3086 3379 3364 3429 καταθύειν
3413 3377 3632 3450 ἐμαυτόν
3676 3375 3878 3448 μελλοντα

2322 3466 2447 3535 ὑπὲρ
2522 3472 2637 3528 σοῦ,
2693 3469 2781 3516 καὶ
2839 3472 2931 3516 τοῦ
3006 3473 3102 3517 σοῦ
3159 3462 3371 3529 ἐνδόξου
3423 3467 3682 3538 ὀνόματος.
3736 3468 3877 3516 Ταῦτα

2319 3556 2437 3614 τοὺς
2484 3552 2777 3624 ὀφθαλμοὺς
2820 3552 3189 3626 ἐκκοπτόμενος
3239 3554 3400 3626 ἔλεγε,
3461 3562 3550 3608 καὶ
3597 3564 3654 3627 τῇ
3711 3552 3871 3625 φυλακῇ

2319 3642 2471 3694 πάλιν
2502 3638 2731 3695 ἐδίδοτο.

2392 3730 2485 3783 ΙΔ’.
2525 3734 2729 3803 Βραχὺς
2750 3730 2974 3802 ἀσχολεῖ
2993 3735 3079 3783 τὸν
3107 3734 3335 3803 ἡγεμόνα
3367 3740 3577 3808 χρόνος,
3600 3738 3684 3784 καὶ
3708 3734 3757 3783 τὸ
3782 3730 3873 3780 σύν·

2321 3822 2462 3891 θημα
2493 3815 2631 3880 δοὺς,
2666 3824 2755 3871 καὶ
2782 3816 3054 3891 πάνδημον
3087 3819 3463 3895 ἂθροισάμενος
3510 3825 3710 3895 θέατρον
3750 3818 3873 3887 ἀρχι-

2322 3912 2508 3983 θεωρὸς
2556 3909 2712 3971 αὐτὸς
2753 3908 2827 3981 ἐφ’
2857 3909 3061 3981 ὑψηλοῦ
3112 3912 3424 3983 προκαθίξει
3471 3922 3561 3965 τοῦ
3592 3914 3777 3985 θρόνον,
3803 3911 3872 3957 καὶ

2318 4005 2575 4072 Τρόφιμον
2629 3999 2700 4059 εἰς
2751 4002 2907 4069 μέσον
2962 4004 3052 4050 καὶ
3126 3997 3491 4073 Δορυμέδοντα
3544 4005 3658 4061 τοὺς
3707 4000 3872 4071 μάρτυ·

2317 4107 2411 4161 ρας
2469 4091 2806 4161 παραγαγὼν,
2860 4095 3041 4159 πρῶτα
3097 4091 3186 4160 μεν
3271 4091 3485 4163 ἄρκτον,
3538 4090 3664 4161 λιμῷ
3727 4092 3871 4156 πρότε-

2316 4196 2402 4250 ρον
2447 4175 2500 4226 ἐκ
2553 4181 2796 4247 προνοίας
2850 4176 3081 4248 ἰσχυρῶς
3137 4176 3498 4245 όπλισθεῑσαν,
3555 4177 3729 4250 ἀφίησι
3780 4167 3871 4223 κατ’

2318 4265 2503 4318 αὐτῶν.
2557 4263 2614 4317 Ἠ
2668 4261 2745 4323 δι,
2790 4269 2955 4337 μέχρι
3007 4268 3095 4337 μὲν
3140 4274 3231 4318 τοῦ
3281 4266 3577 4325 πλησιάσαι
3629 4272 3728 4325 τοῖς
3771 4261 3871 4332 μάρ·

2316 4373 2457 4409 τυσι.
2491 4363 2562 4425 τῷ
2608 4373 2660 4405 τε
2713 4350 2912 4428 δρόμῳ,
2958 4359 3047 4405 καὶ
3089 4363 3161 4425 τῷ
3212 4357 3378 4427 θυμῷ,
3420 4361 3509 4408 καὶ
3558 4363 3661 4415 τοῖς
3706 4351 3870 4421 άλμασι

2318 4445 2494 4514 θηρίον
2547 4439 2626 4502 ἧν,
2686 4448 2774 4495 καὶ
2828 4445 3019 4513 ἄρκτος
3073 4448 3131 4495 τό
3202 4443 3597 4515 χαλεπώτατον,
3656 4442 3780 4495 Ἐπεὶ
3820 4431 3868 4486 δὲ

2313 4532 2533 4590 πλησίον
2606 4533 2761 4597 ᾗθοι,
2817 4537 2904 4583 καὶ
2978 4534 3180 4603 φύσεως
3252 4532 3541 4595 ἐπελάθετο,
3593 4536 3675 4583 καὶ
3722 4528 3862 4598 λιμοῦ.

2314 4627 2400 4673 καὶ
2444 4625 2500 4673 τὸ
2556 4626 2727 4693 στόμα
2773 4624 2977 4682 τούτοις
3021 4623 3209 4695 ἥμερον
3247 4630 3491 4694 παρεῖχεο
3522 4628 3607 4673 καὶ
3636 4623 3686 4672 ἐκ
3711 4615 3865 4685 διαμέ-

2312 4717 2435 4781 τρου
2484 4714 2612 4783 πρός
2666 4714 2757 4768 τὴν
2812 4710 3101 4782 ἀγριότητα
3154 4718 3249 4771 τῆς
3304 4719 3395 4763 τοῦ
3448 4714 3681 4782 ἡγεμόνος
3723 4704 3863 4775 γλώτ-

2310 4820 2406 4861 της
2460 4799 2821 4869 ἀντικείμενον,
2881 4805 2969 4851 καὶ
3035 4807 3125 4851 τοῦ
3204 4799 3331 4862 ὠτὸς
3406 4800 3561 4859 αὐτῆς
3615 4795 3863 4864 ἁπτομένου

2310 4897 2400 4941 τοῦ
2450 4886 2848 4961 Δορυμέδοντος,
2881 4894 2970 4941 καὶ
3023 4890 3185 4961 ταύτῃ
3232 4888 3351 4941 καθ’
3401 4888 3580 4941 ἑαυτοῦ
3620 4890 3860 4938 κινοῦντος,

2311 4976 2569 5030 εὐλαϐεῖτο
2622 4976 2809 5049 μᾶλλον
2868 4976 3055 5041 ἐκείνη,
3116 4981 3201 5029 καὶ
3250 4985 3349 5029 τῶν
3400 4974 3572 5029 ποδῶν
3626 4967 3863 5044 προκυλιν·

2311 5064 2521 5119 δεῖσθαι
2551 5065 2743 5122 ἤθελεν.
2781 5066 2838 5118 Εἰ
2887 5062 2945 5117 δε
2990 5070 3078 5118 καὶ
3126 5069 3183 5117 τὸ
3230 5062 3320 5127 οὖς
3366 5066 3559 5119 ἕλκοντι
3604 5061 3858 5133 παράσχοι.

2309 5156 2502 5208 ἁπαλόν
2558 5155 2684 5206 αὐτὸ
2734 5162 2957 5227 παρεῖχε
3003 5158 3092 5206 καὶ
3134 5161 3316 5227 πρᾶον.
3372 5154 3429 5207 Ὀ
3480 5158 3646 5226 μέντοι
3699 5148 3858 5218 θηρίων

2306 5245 2541 5298 ἁπάντων
2595 5243 2915 5318 ἀγριώτατος
2962 5246 3189 5315 ἡγεμὼν,
3244 5246 3501 5318 χειροήθη
3555 5245 3642 5298 τὴν
3698 5237 3856 5307 ἄρκτον

2305 5340 2393 5387 καὶ
2447 5334 2926 5407 φιλανθρωποτέραν
2978 5333 3151 5395 εἰπὼν,
3202 5330 3460 5405 πάρδαλιν
3513 5330 3679 5386 αὐτοῖς
3726 5326 3854 5387 ἔποφ’

2305 5433 2443 5481 ἧκεν.
2503 5423 2559 5475 Ἠ
2613 5419 2669 5475 δὲ
2742 5427 2832 5480 τὴν
2906 5421 3096 5474 ἐκείνου
3155 5440 3207 5474 τε
3279 5427 3367 5474 καὶ
3445 5420 3570 5476 αὐτὴ
3650 5415 3855 5485 ὠμότητα

2305 5512 2502 5585 ἤλεγξε,
2561 5516 2649 5564 καὶ
2708 5508 3019 5582 διδασκάλῳ
3071 5519 3133 5583 τῇ
3183 5512 3357 5585 ἄρκτῳ
3405 5512 3609 5585 ἐχρῆτο.
3658 5500 3724 5555 Οὗ
3767 5497 3849 5568 γάρ
