4144 6184
307 309 413 366 749
1650 310 1819 368 VITA
1860 306 1921 362 S.

2042 305 2335 367 ᾹΤΤΗᾹΞΙ.
3573 325 3678 379 750

304 430 527 494 ἀναιδῶς
623 432 859 505 έφήλατο,
940 435 1033 486 οὐκ
1133 438 1315 508 ἄγριον
1392 435 1543 499 εἶδεν,
1623 436 1749 489 ἀλλὰ
1824 435 1915 484 xui

2040 430 2223 499 batur,
2256 442 2312 491 et
2348 438 2834 496 lnﬂammabatur
2871 440 2949 496 ad
2989 440 3289 512 pietatem.
3332 446 3445 511 Qui
3475 453 3676 504 autem

306 522 593 594 περιέλειχε
677 527 743 573 τὰ
826 524 970 585 ἕλκη,
1040 530 1129 575 xui
1206 524 1470 596 ἀπέματτε
1541 530 1661 586 τούς
1718 524 1919 595 ἰχῶρας

2041 519 2323 580 :heatrum
2354 536 2629 598 coegerat
2660 529 2996 600 Dionysius,
3030 545 3149 585 non
3176 532 3677 593 animadverterat

305 618 393 662 xui
443 609 579 669 δήλη
634 608 693 669 ἧν
747 615 962 673 τούτους
1002 622 1229 684 τιμῶσα,
1263 619 1346 665 καὶ
1380 612 1473 667 διὰ
1500 618 1673 674 πάσης
1715 610 1913 675 αἰδοῦς,

2039 626 2094 665 se
2124 626 2226 668 eos
2255 615 2357 685 qui
2388 616 2653 688 aderant,
2678 622 2888 674 contra
2927 634 2988 673 se
3019 633 3412 688 congregasse
3445 640 3456 679 :
3496 631 3552 680 et
3584 626 3675 681 sui

308 703 566 772 τιθεμένη.
628 708 807 752 Ταῦτα
874 704 899 753 ό
971 706 1061 772 μὲν
1129 709 1411 777 περιεστὼς
1492 702 1663 775 δῆμος
1744 705 1918 771 θαῦμα

2040 700 2227 769 potius
2305 675 2616 762 dedecoris
2702 712 3293 779 spectatores,quam
3336 713 3676 768 certaminis

308 789 528 841 έποιείτο
574 796 664 843 καὶ
732 787 1147 863 διεθερμαίνοντο
1218 798 1346 865 πρὸς
1417 793 1694 846 εὐσέϐειαν.
1745 792 1803 844 Ὀ
1859 787 1917 842 δε

2038 796 2360 863 martyrum
2411 810 2801 851 convocasse.
2849 799 3086 866 Propter
3147 812 3281 868 qua;
3320 798 3451 869 ipse
3483 802 3674 870 magis

306 882 365 930 τό
421 880 629 952 θέατρον
690 876 892 941 διαθεὶς
940 884 1222 943 Διονύσιος,
1277 880 1512 934 ὶλοίνθανε
1560 882 1676 934 καθ’
1730 882 1915 933 ἑαυτοῦ

2037 876 2405 949 efferabatur,
2438 888 2494 939 et
2522 884 2597 949 ei,
2639 885 2743 957 qui
2795 901 2998 940 curam
3049 884 3295 953 gerebat
3324 887 3673 955 bestiarum,

306 971 424 1026 τούς
482 973 739 1040 παρόντας
793 968 1131 1039 συνειλοχὼς,
1192 976 1281 1022 xui
1340 980 1429 1030 τῆς
1480 971 1671 1032 οἰκείας
1726 970 1913 1041 μᾶλλον

2040 974 2275 1026 nortem
2309 971 2653 1029 minabatur
2678 974 3118 1043 gravissimam.
3135 974 3232 1029 Ille
3252 977 3676 1034 autemtimore

309 1057 573 1127 αἰσχύνης
633 1058 875 1129 θεωρούς,
936 1058 995 1108 ού
1045 1066 1140 1119 τῆς
1188 1068 1287 1110 τῶν
1358 1063 1634 1132 μαρτύρων
1689 1058 1915 1129 ἀγωνίας

2041 1054 2291 1125 tﬂ‘ectus,
2323 1060 2557 1117 leonem
2588 1079 2831 1135 quoque
2853 1062 3101 1119 immisit
3129 1062 3189 1117 in
3222 1072 3531 1136 martyres.
3562 1066 3677 1122 Sed

307 1146 553 1210 καλέσας,
603 1144 678 1215 ἐφ’
723 1147 795 1205 οἷς
844 1146 1033 1216 μᾶλλον
1082 1148 1241 1209 αὐτὸς
1286 1147 1612 1220 ἔξεθηριούτο
1641 1168 1653 1181 ·
1706 1154 1795 1199 καὶ
1840 1156 1912 1217 τῷ

2036 1160 2132 1199 nec
2169 1145 2219 1201 is
2247 1147 2355 1204 fuit
2407 1151 2604 1205 minus
2634 1150 2928 1222 placidus,
2968 1167 3154 1223 quam
3195 1154 3421 1223 priores
3450 1154 3672 1212 bestia).

309 1243 410 1285 τῶν
482 1236 671 1308 θηρίων
743 1235 1020 1307 ἐπιμελητῇ
1080 1235 1373 1307 βαρύτατον
1445 1240 1665 1289 Θανάτου
1724 1243 1912 1308 τρόπον

2041 1231 2243 1291 Ξοοίτει
2273 1243 2475 1294 autem
2524 1255 2648 1294 rem
2684 1239 2816 1295 fecit
2872 1240 3221 1311 praeclaram
3262 1241 3321 1297 in
3372 1258 3532 1309 eum,
3573 1245 3677 1317 qui

309 1324 532 1381 ἠπείλει.
583 1324 641 1376 Ὀ
694 1324 753 1377 δὲ
804 1322 1002 1387 δείσας,
1033 1331 1121 1378 καὶ
1170 1327 1348 1378 λέοντα
1399 1331 1532 1379 κατὰ
1574 1336 1671 1379 τῶν
1717 1329 1913 1399 μαρτύ-

2043 1323 2175 1379 llius
2205 1342 2363 1381 curae
2421 1332 2691 1397 praeerat.
2752 1331 2898 1384 Nam
2931 1328 3025 1384 ille
3054 1328 3302 1400 quidem
3336 1332 3579 1397 sensim,
3621 1340 3677 1389 et

309 1430 412 1482 ρων
461 1413 709 1484 ἀφίησιν·
747 1414 853 1464 ἀλλ’
885 1413 1007 1467 οὐδὲ
1037 1412 1181 1477 οὗτος
1230 1426 1328 1467 τῶν
1376 1419 1679 1487 φθασάντων
1721 1418 1911 1490 θηρίων

2040 1420 2203 1485 :aput
2234 1415 2514 1471 deorsum
2572 1416 2889 1483 inclinans,
2951 1419 3179 1474 accedit
3209 1420 3285 1475 ad
3321 1427 3576 1477 sanctos.
3624 1422 3676 1476 Is

311 1503 479 1558 ἧττων
538 1501 692 1572 ἐφάνη
748 1506 874 1576 πρὸς
928 1506 1242 1575 ἡμερότητα.
1299 1506 1603 1557 Τούναντίον
1664 1506 1753 1575 μεν
1802 1501 1910 1568 οὖν,

2041 1509 2223 1559 mtem
2254 1504 2451 1574 ipsum
2485 1504 2755 1561 irritabat
2783 1507 3377 1577 acriterexclamans,
3398 1510 3677 1566 etexhor—

309 1594 396 1641 xui
453 1598 685 1659 γενναῖόν
741 1611 791 1643 τι
845 1596 981 1643 κατὰ
1030 1602 1121 1644 τού
1173 1594 1510 1665 λεοντοκόμου
1580 1591 1902 1656 ἐπεδείξατο.

2040 1592 2261 1647 .abatur
2272 1593 2560 1649 adversus
2580 1601 2844 1651 sanctos.
2863 1596 2974 1651 Leo
2994 1602 3193 1652 autem
3210 1598 3267 1652 in
3281 1613 3420 1653 eum
3435 1604 3676 1669 repente

323 1686 365 1731 Ο
416 1682 506 1748 μεν
556 1682 657 1752 γὰρ
712 1681 882 1751 ἠρέμα
932 1688 1179 1754 πρόσεισι
1235 1690 1341 1743 τοῖς
1391 1684 1578 1752 ἁγίοις,
1628 1688 1717 1735 καὶ
1772 1684 1912 1734 κάτω

2045 1681 2312 1747 nsiliens,
2343 1682 2565 1739 lacerat
2612 1688 2670 1739 et
2699 1684 2983 1756 discerpit
3030 1687 3320 1756 protinus.
3364 1686 3538 1742 Omni
3569 1687 3678 1743 ita-

311 1771 467 1819 νεύων
522 1773 615 1826 τὴν
668 1769 911 1839 κεφαλὴν,
964 1768 1087 1823 οὐδὲ
1143 1771 1459 1824 ἀντιϐλέπειν
1517 1772 1690 1831 αὐτοῖς
1738 1768 1901 1843 εἶχεν,
1944 1780 1947 1830 ξ

2040 1786 2139 1843 [ue
2170 1788 2275 1841 spe
2304 1772 2556 1843 abjecta,
2582 1774 2901 1845 Dionysius
2934 1790 3037 1829 eos
3071 1776 3447 1841 condemnat,
3472 1784 3531 1832 ut
3555 1777 3676 1848 gla-

310 1853 369 1907 Ὀ
420 1852 497 1918 δε,
544 1856 813 1928 ἀνηρέθιζε
863 1867 1042 1910 τουτον
1091 1859 1179 1921 ὀξύ
1231 1858 1445 1931 έμϐοῶν,
1492 1866 1581 1913 καὶ
1628 1862 1763 1912 κατὰ
1813 1869 1911 1911 τῶν

2038 1859 2121 1914 iio
2146 1860 2229 1915 eis
2256 1877 2418 1917 mors
2447 1861 2755 1917 aﬂeratur:
2777 1868 2833 1918 et
2861 1862 2948 1918 ira
2979 1865 3256 1934 percitus,
3276 1864 3446 1933 jubet
3481 1867 3674 1922 carni-

318 1942 474 2015 ἁγίων
530 1944 853 1999 ἕνεκελεύετο.
912 1947 1111 2018 Ἀμέλει
1164 1954 1250 2000 xui
1320 1948 1505 2021 ἀθρόον
1578 1947 1912 2011 ἐπιπηδήσας

2036 1949 2259 2017 :icibus,
2294 1955 2353 2006 ut
2381 1953 2777 2023 irrumpentes
2811 1951 2870 2007 in
2903 1952 3186 2019 stadium,
3251 1954 3672 2024 praeclarorum

314 2035 339 2084 6
395 2033 513 2086 λέων
569 2036 711 2106 αύτῷ
781 2046 1115 2111 παραχρῆμα
1181 2035 1563 2109 διασπαράττει
1648 2038 1912 2092 ’Λποίντων

2042 2044 2355 2110 nartyrum
2387 2041 2584 2111 capita
2641 2046 3043 2112 amputarent.
3100 2044 3258 2098 Tunc
3304 2047 3505 2099 autem
3552 2048 3678 2100 erat

310 2127 477 2174 τοίνυν
558 2124 812 2196 ἀπογνούς
885 2130 1173 2191 Διονύσιος,
1252 2131 1338 2178 τόν
1413 2125 1505 2179 διὰ
1591 2128 1767 2198 ξίφους
1820 2127 1911 2178 αύ-

2039 2144 2216 2183 tonus
2247 2128 2519 2184 decimus
2571 2129 2963 2200 Septembris.
3012 2133 3074 2185 Et
3133 2130 3339 2186 Christi
3383 2140 3675 2205 martyres

309 2221 408 2263 τῶν
488 2215 703 2266 θάνατον
787 2222 1106 2288 κατακρίνει,
1166 2221 1254 2268 καὶ
1320 2217 1509 2269 κελεύει
1587 2219 1732 2288 θυμῷ
1803 2223 1913 2277 τοῖς

2038 2217 2479 2289 propteripsum
2508 2218 2666 2274 hunc
2696 2219 2878 2275 finem
2906 2220 3257 2284 assecuti,in
3280 2220 3433 2275 illius
3458 2237 3674 2277 manus

311 2298 527 2373 δημίοις
570 2308 625 2355 τὸ
675 2302 892 2356 στάδιον
941 2302 1389 2370 εἰσπηδήσαντας,
1425 2310 1512 2365 τὰς
1544 2315 1641 2357 τῶν
1669 2310 1912 2376 ’γενναίων

2038 2322 2165 2362 mas
2196 2308 2567 2363 tradiderunt
2595 2309 2851 2364 animas.
2889 2308 3200 2380 Martyrica
3240 2315 3437 2365 autem
3467 2326 3674 2367 eorum

307 2400 475 2462 τεμεῖν
525 2394 775 2463 κεφαλάςο
817 2390 910 2466 ἦγε
961 2398 1049 2466 μεν
1104 2391 1192 2446 οὖν
1238 2394 1414 2453 ἐνάτην
1470 2401 1583 2447 τότε
1632 2399 1759 2464 πρὸς
1808 2403 1913 2454 τοῖς

2038 2410 2275 2466 :orpora
2305 2411 2441 2450 cum
2483 2412 2705 2465 magno
2754 2397 2973 2461 studio,
3008 2397 3233 2452 occulte
3284 2402 3486 2454 tamen
3534 2414 3674 2469 pro-

308 2476 438 2532 δέκα
510 2482 864 2555 Σεπτέμϐριος,
926 2489 1015 2535 xui
1075 2485 1123 2535 oi
1198 2492 1287 2535 τού
1364 2491 1593 2557 Χριστοῦ
1654 2486 1913 2556 μάρτυρες

2036 2488 2151 2553 pter
2193 2489 2415 2539 metum
2466 2485 2759 2555 praesidis,
2818 2485 3070 2556 quidam
3139 2485 3218 2556 pii
3275 2486 3672 2553 sustulissent,

305 2571 440 2622 οὕτω
487 2578 580 2623 τοῦ
630 2568 703 2623 δι’
755 2572 910 2624 αὐτὸν
955 2573 1133 2635 τᾶους
1180 2574 1535 2643 ἐπιτυχόντες,
1584 2576 1675 2632 τὰς
1721 2572 1910 2624 ἑαυτῶν

2036 2577 2077 2627 at
2132 2588 2203 2627 ea
2255 2572 2579 2627 honoriﬁce
2657 2574 3161 2643 composuissent,
3246 2574 3672 2645 deposuerunt,

310 2659 496 2730 ψυχὰς
546 2669 657 2721 ταῖς
710 2660 899 2714 ἐκείνου
959 2668 1119 2733 χερσί
1172 2664 1562 2734 παρατίθενται.
1611 2664 1688 2713 Τὰ
1739 2665 1911 2732 μέντοι

2038 2659 2419 2732 gloriﬁcantes
2456 2662 2703 2727 Patrem,
2755 2667 2808 2717 et
2843 2661 3069 2727 Filium,
3102 2667 3158 2717 et
3211 2662 3492 2733 Spiritum
3542 2679 3674 2719 san-

312 2753 610 2822 μαρτυρικὰ
660 2753 849 2802 τούτων
904 2757 1143 2822 σώματα,
1195 2747 1403 2822 σπουδῇ
1466 2749 1622 2821 πολλῇ
1681 2747 1771 2801 διὰ
1824 2754 1911 2801 τόν

2032 2756 2205 2813 ctum,
2246 2764 2407 2804 nunc
2439 2755 2494 2805 et
2538 2765 2794 2822 semper,
2842 2755 2897 2806 et
2934 2750 2994 2805 in
3026 2750 3245 2807 saacula
3294 2751 3668 2807 saeculorum.

310 2848 400 2889 του
448 2840 696 2909 ἡγεμόνος
749 2838 920 2911 φόϐον,
974 2848 1072 2891 τῶν
1131 2839 1354 2892 εύλαϐῶν
1413 2858 1540 2898 τινες
1601 2837 1907 2909 ἀνελόμενοι,
2024 2839 2238 2894 Amen.

309 2932 399 2978 xui
430 2927 707 2999 φιλοτίμως
738 2929 872 2981 αύτά
914 2930 1342 3000 περιστείλαντας,
1378 2929 1427 2979 ἐν
1478 2926 1757 3001 ἀποκρύφῳ
1808 2930 2150 2981 κατατιθέασι
2172 2944 2184 2958 ·
2221 2923 2529 2990 δοξάζοντες
2579 2932 2800 3003 Πατέρα,
2832 2932 2922 2981 καὶ
2966 2930 3105 2995 Υἰόν,
3137 2932 3227 2981 καὶ
3260 2935 3467 3002 Πνεῦμα
3497 2929 3668 3001 ἅγιον,

310 3022 399 3067 νύν
419 3021 509 3068 καὶ
539 3016 638 3081 ἀεὶ,
667 3024 755 3070 καὶ
785 3018 855 3080 εἰς
887 3021 1008 3078 τούς
1037 3018 1225 3078 αἰῶνας
1254 3027 1352 3069 τῶν
1379 3016 1593 3072 αἰώνων.
1630 3018 1816 3089 Ἀμήν.

324 3182 429 3194 —_

920 3285 1116 3407 DE
1227 3284 1333 3406 S.
1465 3278 2214 3403 MATI‘H/EO
2339 3280 3079 3406 APOSTOLO

1455 3548 1586 3634 ET
1699 3542 2474 3655 EVANGELISTA,

1086 3740 1239 3801 (Acta
1267 3736 1585 3787 Sanctorum
1610 3733 1847 3785 Bolland.
1882 3734 1949 3785 ad
1985 3733 2130 3784 diem
2163 3733 2220 3781 21
2248 3729 2593 3797 Septembris,
2626 3731 2755 3779 tom.
2784 3728 2890 3784 VI.)

299 4105 382 4178 δι,
407 4108 694 4166 Memoria
710 4111 996 4167 δαησηίη
1010 4109 1523 4167 Fasmvariamm
1539 4105 1801 4177 genu-um
1819 4104 1904 4159 di,
1942 4076 1984 4134 C
2015 4076 2197 4133 dariis
2228 4074 2521 4149 plerisque
2559 4076 3008 4148 particularium
3040 4076 3449 4141 ecclesiarum,
3476 4092 3544 4133 ac
3568 4079 3667 4134 de-

372 4149 790 4237 ὺὲῖοᾌέίὲῖὶῖέ
796 4149 1347 4238 ἆῖἰνῖἔῖὑίὲἳξιῗὸἷιᾱ
1376 4149 1572 4247 iam}?
1575 4178 1807 4247 aliaque
1831 4177 1905 4232 de
2018 4182 2183 4229 mum
2226 4166 2283 4220 in
2316 4168 2587 4221 Romano
2620 4166 3031 4237 Martyrologio
3074 4171 3129 4221 et
3162 4166 3475 4230 Breviario,
3509 4172 3565 4222 et
3603 4168 3664 4224 in

370 4260 577 4308 sancto
600 4260 975 4310 monumento
1006 4257 1457 4310 enumerantur.
2014 4255 2295 4312 omnibus
2344 4255 2577 4326 passim
2621 4256 3072 4310 recentioribus.
3111 4255 3311 4323 Elogia
3358 4255 3455 4311 hic
3504 4255 3667 4313 nulla

371 4349 423 4401 1.
444 4350 945 4424 Quandoquidem
962 4349 1241 4424 paucade
1255 4348 1437 4418 gestis
1456 4345 1901 4402 sanctiMalthaai
2014 4343 2221 4408 affero,
2253 4344 2398 4414 quia
2428 4343 2551 4398 suis
2600 4342 2833 4413 singula
2864 4343 3194 4415 producam
3226 4343 3391 4408 locis,
3428 4344 3527 4400 ubi
3560 4362 3664 4401 ex-

301 4439 556 4507 apostoli
588 4447 644 4495 et
679 4440 1053 4512 evangelistaa
1076 4442 1385 4509 comperta
1407 4442 1543 4491 sunt
1574 4440 1629 4489 et
1661 4434 1903 4490 indubi-
2015 4432 2219 4505 pedire
2249 4432 2547 4487 videbitur
2578 4432 2653 4487 ad
2684 4432 3196 4504 prmdicationem,
3262 4440 3534 4500 mortem,
3567 4445 3667 4490 aut

299 4529 443 4592 tata,
468 4544 724 4601 eamque
746 4530 824 4585 ob
846 4545 1091 4585 causam
1114 4528 1285 4599 plura
1308 4526 1381 4581 de
1407 4541 1476 4580 eo
1499 4523 1903 4581 examinanda
2013 4523 2131 4580 alia
2157 4523 2234 4578 ad
2261 4527 2533 4578 sanctum
2565 4524 2891 4594 spectantia
2921 4522 3366 4578 elucidandum.
3394 4527 3667 4596 Martyro-

298 4615 563 4681 veniunt,
587 4634 773 4690 quam
801 4618 1138 4689 simpliciter
1160 4614 1901 4679 enarranda;enumerare
2012 4611 2187 4681 logiis
2241 4615 2538 4666 consonat
2565 4611 2715 4667 liber
2754 4614 3274 4669 Sacramentorum
3316 4628 3351 4667 a
3382 4613 3665 4670 Menardo

301 4702 546 4773 primum
563 4702 1904 4777 placetvetustioraMartyrologia,quibussan-
2013 4701 2223 4766 editus,
2266 4705 2322 4755 et
2351 4702 2406 4755 S.
2452 4700 2731 4769 Gregorio
2772 4701 3107 4765 attributus,
3142 4700 3201 4755 in
3245 4716 3366 4773 quo
3398 4702 3473 4757 ad
3506 4703 3665 4758 hunc

300 4792 376 4847 cti
400 4796 691 4851 memoria
714 4796 925 4865 legitur
948 4794 1280 4856 inserta;et
1302 4808 1435 4847 mox
1456 4806 1574 4847 non
1600 4790 1782 4846 modo
1812 4806 1904 4845 as-
2013 4790 2173 4845 diem
2227 4789 2441 4858 legitur
2489 4789 2661 4845 Missa
2690 4789 2765 4844 de
2793 4795 3002 4845 sancto
3056 4789 3346 4857 Matthseo,
3380 4796 3433 4845 et
3473 4793 3664 4862 pridie

299 4882 667 4953 signare,sed
682 4885 859 4939 etiam
878 4890 1177 4955 utcunque
1196 4882 1529 4953 ponderare
1542 4880 1903 4935 documenta
2015 4884 2255 4933 notatur
2278 4877 2491 4947 vigilia,
2515 4878 3032 4949 quemadmodum
3052 4878 3324 4946 ejusdem
3341 4879 3540 4951 vigilia
3560 4896 3665 4937 an-

297 4974 486 5037 varia,
519 4990 585 5029 ex
627 4973 847 5046 quibus
878 4979 1044 5045 gesta
1069 4970 1259 5027 sancti
1290 4970 1546 5026 Matthmi
1573 4968 1904 5025 haurienda
2014 4966 2324 5022 nuntiatur
2380 4965 2440 5020 in
2501 4966 2697 5021 multis
2752 4966 3121 5021 Kalendariis
3159 4972 3215 5022 et
3242 4968 3666 5039 Martyrologiis

298 5062 725 5118 sunt.Ecclesia
741 5064 946 5119 Latina
958 5068 1237 5117 sanctum
1252 5060 1585 5117 Mattheeum
1604 5060 1903 5129 praecipue
2014 5054 2464 5112 recentioribus.

298 5150 749 5206 celebratdie‘lt
785 5150 1300 5224 Septembris,quo
1318 5148 1598 5203 omnibus
1623 5147 1739 5203 fere
1762 5150 1903 5204 Μαι-ο
2082 5150 2134 5201 2.
2178 5143 2723 5200 Celebraturtamen
2758 5142 2886 5199 aliis
2917 5159 3153 5215 quoque
3183 5144 3390 5199 diebus
3421 5153 3664 5203 sanctus

298 5239 1062 5312 tyrologiisetKalendariis
1081 5237 1303 5293 Latinis
1324 5236 1901 5306 memoriaejusdem
2012 5233 2317 5290 Mattheus
2350 5233 2408 5287 in
2443 5232 2675 5303 aliquot
2712 5232 3137 5303 Martyrologiis
3168 5233 3381 5288 Latinis
3434 5237 3581 5291 Nam
3604 5236 3663 5292 in

298 5329 522 5384 inserta
544 5334 652 5384 est.
688 5332 802 5385 Hac
834 5329 991 5384 enim
1024 5328 1121 5383 die
1148 5326 1361 5395 legitur
1384 5326 1442 5379 in
1476 5323 1901 5394 Martyrologiis
2014 5321 2491 5395 Hieronymianis
2521 5322 2699 5376 etiam
2732 5320 2943 5387 legitur
2968 5321 3043 5375 ad
3078 5322 3101 5374 1
3138 5321 3289 5387 Maii,
3324 5338 3560 5378 rursum
3586 5325 3662 5380 ad

302 5416 797 5490 Hieronymianis,
832 5419 893 5473 in
930 5418 1200 5472 Romano
1232 5415 1443 5478 Parvo,
1467 5412 1625 5483 apud
1658 5412 1896 5477 Bedam,
1935 5428 1980 5483 ι)
2009 5413 2045 5465 6
2077 5411 2233 5477 Maii,
2266 5416 2320 5466 et
2366 5410 2443 5463 ad
2492 5414 2523 5465 9
2556 5408 2843 5465 Octobris.
2880 5409 2942 5463 ln
2976 5409 3199 5480 aliquot
3229 5411 3407 5467 etiam
3440 5412 3665 5468 codici-

301 5504 556 5571 Florum,
622 5506 958 5575 Rabanum,
1036 5503 1557 5571 Wandelbertum,
1606 5500 1895 5565 Adonem,
2010 5500 2145 5566 bus,
2173 5499 2442 5554 videlicet
2468 5499 2523 5552 in
2554 5498 2987 5568 Epternacensi,
3020 5499 3377 5565 Corbeiensi,
3412 5501 3664 5574 aliisque

298 5593 662 5667 Usuardum,
689 5596 1035 5662 Notherum,
1066 5594 1128 5651 in
1159 5589 1584 5665 Martyrologiis
1606 5594 1665 5646 et
1684 5588 1897 5646 Kalen-
2011 5588 2199 5646 sancti
2229 5587 2477 5646 Mattbei
2503 5587 2566 5643 ﬁt
2591 5586 2812 5643 mentio
2842 5586 2921 5644 ad
2944 5591 3004 5645 2t
3035 5587 3191 5654 Maii,
3221 5588 3322 5646 ubi
3348 5591 3509 5662 apud
3540 5592 3665 5649 Flo-
