4096 6220
527 271 628 326 751

1858 259 2112 317 MENSIS
2155 257 2579 320 SEPTEMBEB
2592 311 2604 322 .
3795 276 3881 329 752

523 392 848 451 rentinium
876 389 1093 462 legitur
1121 389 1364 446 Malitia?
1398 405 1411 456 ;
1444 405 1554 446 nec
1591 389 1784 462 potest
1814 391 1971 443 certo
2003 383 2173 448 edici,
2206 384 2248 438 A
2286 387 2667 456 mandarunt,
2724 391 2782 446 in
2838 391 3104 462 plurimis
3154 398 3388 449 exstant
3435 395 3716 451 codicibus
3740 414 3884 464 mss.,

526 481 851 540 utralectio
877 479 1160 548 sitmagis
1194 478 1625 547 genuina,cum
1653 494 1725 533 ne
1757 476 2017 532 sciamus
2050 474 2174 545 qui-

524 571 826 644 dem,qua
854 569 928 624 de
960 584 1144 624 causa
1174 569 1359 623 sancti
1385 567 1631 623 Matthaei
1649 567 1936 621 memoria
1957 565 2016 617 in
2050 561 2177 618 aliis

526 660 714 717 Fastis
747 659 910 715 toties
948 657 1123 713 fuerit
1176 656 1442 728 repetita.
1490 654 1787 727 Suspicari
1835 668 2174 726 possumus,

524 750 748 823 priores
775 747 1043 819 corporis
1079 745 1516 810 translationes,
1547 751 1826 816 ortasque
1853 742 1990 798 inde
2022 740 2178 796 festi-

524 838 729 893 vitates
779 835 1122 905 designari;
1166 833 1268 888 sed
1314 849 1423 889 nec
1472 833 1545 888 de
1597 839 1862 904 tempore
1917 830 2176 901 priorum

523 926 978 984 translationum
994 925 1133 980 satis
1147 927 1399 988 constat,
1437 937 1545 978 nec
1575 922 1649 977 de
1675 920 1973 992 designari
1988 922 2180 988 potest

522 1031 591 1072 ea
619 1015 944 1080 translatio,
979 1029 1102 1085 qua
1127 1013 1316 1068 sancti
1356 1027 1573 1082 corpus
1600 1014 1957 1079 acceperunt
1986 1007 2178 1062 Saler-

523 1106 730 1170 nitani,
773 1120 912 1160 cum
941 1103 1067 1158 haec
1098 1102 1350 1157 laudatis
1405 1097 1842 1172 Martyrologiis
1885 1097 2064 1165 longe
2105 1095 2181 1150 sit

523 1196 834 1267 posterior.
893 1197 1164 1248 Attamen
1219 1189 1592 1247 Salernitana
1648 1187 1951 1244 translatio
1984 1200 2180 1240 recen-

521 1283 772 1340 tioribus
815 1281 1004 1336 Fastis
1057 1281 1276 1335 inserta
1308 1284 1415 1334 est.
1468 1279 1530 1332 In
1585 1293 1694 1332 ms.
1735 1275 1997 1331 Florario
2048 1289 2180 1327 san-

522 1379 752 1429 ctorum
780 1387 850 1427 ea
883 1374 1388 1426 commemoratur
1417 1367 1492 1423 ad
1517 1366 1585 1422 28
1614 1365 1845 1437 Aprilis,
1902 1369 1962 1418 ut
1993 1362 2072 1418 ibi
2100 1362 2180 1418 di.

522 1467 683 1519 ctum
716 1467 803 1516 est
833 1463 893 1515 in
945 1458 1381 1514 Praetermissis.
1431 1456 1495 1510 In
1535 1453 1944 1524 Hagenovensi
1976 1451 2179 1507 codice

521 1549 838 1608 Usuardini
889 1546 1285 1619 Martyrologii
1334 1545 1545 1602 eadem
1596 1543 1900 1599 translatio
1941 1556 2178 1596 annun-

523 1642 701 1697 tiatur
732 1640 805 1694 ad
837 1643 867 1693 6
888 1638 1032 1706 Maii,
1063 1634 1583 1708 quemadmodum
1616 1637 1674 1688 et
1726 1634 1783 1687 in
1804 1631 2007 1686 codice
2033 1630 2180 1685 Vati-

2285 473 2476 547 iisque
2521 478 2689 533 valde
2722 480 2980 552 antiquis
3013 499 3028 550 ;
3067 496 3186 536 non
3221 488 3419 537 tamen
3453 482 3651 538 eodem
3681 501 3887 555 prorsus

2290 570 2468 619 modo
2496 565 2555 620 in
2588 569 2888 623 omnibus.
2929 569 3230 625 Habemus
3262 587 3371 625 nos
3403 589 3471 626 ea
3505 574 3559 626 in
3592 579 3795 644 septem
3821 574 3888 628 di-

2287 653 2468 708 versis
2523 656 2849 726 codicibus,
2899 675 3158 730 quorum
3218 661 3558 715 vetustiores
3606 662 3802 717 saeculo
3850 680 3888 718 ιι

2287 741 2562 797 videntur
2591 748 2929 817 conscripti.
2977 746 3207 803 Contuli
3248 749 3482 804 codices
3516 749 3669 815 istos,
3703 756 3760 806 ut
3785 768 3888 807 exa-

2289 831 2578 886 minarem
2611 850 2685 888 an
2711 837 3013 907 praecipua
3043 837 3199 902 vitia,
3228 838 3441 909 quibus
3466 839 3606 894 Acta
3633 838 3883 905 laborant,

2287 921 2659 989 reperiantur
2689 923 2746 977 in
2801 926 3085 980 omnibus
3123 943 3135 991 ;
3172 942 3276 982 nec
3306 925 3490 982 ullum
3520 929 3702 984 inveni
3728 945 3790 983 ex
3817 945 3887 984 co-

2288 1008 2518 1065 dicibus
2567 1016 2803 1078 nostris,
2838 1015 2896 1068 in
2938 1031 3058 1086 quo
3115 1031 3220 1069 non
3275 1017 3548 1085 legantur
3608 1018 3734 1074 vitia
3780 1035 3887 1074 mox

2291 1101 2700 1170 memoranda,
2729 1119 2863 1174 quae
2889 1104 3152 1160 similiter
3182 1105 3457 1174 leguntur
3482 1107 3539 1161 in
3564 1108 3886 1178 apographo,

2289 1189 2450 1258 quod
2482 1189 2778 1246 habemus
2821 1210 2888 1246 ex
2936 1193 3140 1248 codice
3177 1193 3572 1264 Ultrajectino,
3619 1203 3672 1251 et
3709 1197 3761 1250 in
3788 1196 3888 1251 aliis

2290 1276 2581 1347 pluribus,
2626 1279 2987 1352 quibuscum
3035 1283 3452 1354 apographum
3483 1284 3637 1338 istud
3664 1284 3790 1339 olim
3823 1289 3889 1339 est

2289 1366 2590 1422 collatum.
2622 1376 2837 1425 Auctor
2863 1371 3095 1426 illorum
3117 1377 3417 1438 Actorum,
3441 1374 3655 1428 sicutet
3681 1373 3888 1429 aliorum

2290 1457 2719 1527 apostolorum,
2745 1459 2924 1529 vulgo
2938 1467 3182 1516 vocatur
3198 1461 3444 1526 Abdias,
3479 1464 3578 1534 qui
3602 1480 3661 1518 se
3675 1463 3888 1533 primum

2296 1545 2630 1616 Babylonia:
2665 1547 3022 1620 epiSCOpum
3058 1552 3335 1604 mentitus
3364 1555 3472 1605 est.
3515 1551 3578 1606 In
3609 1553 3663 1606 S.
3697 1551 3888 1607 Barlho-

2288 1632 2504 1692 lomaeo
2534 1643 2676 1693 tom.
2709 1641 2749 1692 V
2789 1639 3055 1709 Augusti,
3098 1653 3237 1710 pag.
3271 1643 3357 1703 32,
3394 1641 3538 1694 satis
3576 1640 3800 1705 ostendi,
3828 1645 3889 1695 to-

521 1745 696 1793 cano,
723 1727 826 1801 qui
853 1727 934 1782 sic
965 1727 1183 1782 habet:
1222 1748 1247 1773 «
1287 1723 1461 1796 Apud
1500 1723 1835 1790 Salernum,
1869 1719 2177 1775 translatio
2213 1726 2256 1781 B
2291 1734 2406 1782 tam
2445 1727 2754 1783 Historiam
2771 1727 3177 1799 apostolorum
3197 1729 3656 1797 pseudo-Abdia‘.
3673 1746 3889 1784 nouesse

521 1818 710 1875 sancti
741 1817 986 1873 Matthaai
1015 1815 1264 1886 apostoli
1313 1821 1369 1869 et
1422 1811 1818 1884 evangelistae.
1855 1832 1881 1860 »
1933 1812 2178 1866 Secutus

520 1915 607 1966 est
648 1908 953 1968 Baronius,
986 1906 1089 1977 qui
1120 1905 1202 1960 sic
1249 1903 1431 1959 habet
1485 1903 1543 1957 in
1598 1900 2024 1972 Martyrologio
2070 1898 2177 1954 Ro-

522 2013 740 2054 mano:
777 2016 804 2048 «
842 1994 1089 2060 Salerni,
1142 1992 1454 2049 translatio
1513 1991 1698 2046 sancti
1745 1990 1994 2045 Matthaei
2037 2003 2178 2059 apo-

523 2087 676 2152 stoli,
712 2086 883 2157 cujus
933 2099 1169 2138 sacrum
1228 2097 1447 2152 corpus
1488 2080 1628 2136 olim
1679 2095 1748 2134 ex
1775 2077 2068 2148 Ethiopia
2100 2076 2179 2132 ad

523 2177 791 2231 diversas
821 2175 1114 2245 regiones,
1151 2177 1205 2226 el
1235 2171 1481 2225 demum
1511 2168 1588 2224 ad
1621 2185 1754 2224 eam
1788 2167 1996 2223 urbem
2022 2165 2180 2221 dela-

525 2269 671 2326 tum,
697 2261 917 2318 ibidem
940 2261 997 2315 in
1020 2259 1273 2315 ecclesia
1298 2260 1348 2328 ej
1363 2275 1428 2313 us
1452 2257 1694 2313 nomine
1725 2257 1922 2312 dicata
1940 2270 2180 2310 summo

523 2353 751 2408 honore
795 2349 1102 2407 conditum
1132 2349 1253 2404 fuit.
1291 2369 1313 2400 υ
1347 2350 1687 2403 Consonant
1715 2346 1908 2401 ofﬁcia
1939 2344 2180 2417 propria

525 2440 796 2497 Ecclesiae
853 2439 1264 2507 Salernitanaa,
1301 2451 1436 2510 quin
1489 2435 1692 2492 seculo
1745 2453 1837 2490 xv:
1890 2436 2181 2506 impressa

521 2531 819 2586 habemus
856 2545 866 2584 :
900 2528 960 2583 in
992 2528 1060 2583 iis
1087 2527 1243 2583 enim
1279 2531 1516 2581 notatur
1542 2525 1815 2582 Ofﬁcium
1840 2523 2181 2579 translatio-

523 2619 616 2676 nis
644 2635 780 2675 cum
816 2623 1029 2674 octava
1056 2616 1132 2671 ad
1160 2621 1190 2672 6
1223 2613 1374 2672 Maii.
1412 2618 1473 2669 ln
1500 2613 1740 2669 laudato
1777 2613 2032 2668 Florario
2066 2628 2175 2666 ms.

523 2709 735 2765 eodem
762 2706 856 2762 die
886 2712 1125 2762 notatur
1172 2705 1483 2762 translatio
1523 2703 1708 2759 sancti
1742 2702 2021 2767 Matthaei,
2076 2700 2177 2754 sed

521 2813 645 2853 non
721 2794 980 2861 additur,
1057 2793 1492 2850 Salernitanam
1570 2808 1716 2859 esse,
1777 2792 1857 2845 uti
1943 2789 2182 2845 additur

524 2886 603 2942 ad
644 2885 711 2942 28
750 2884 977 2957 Aprilis.
1035 2882 1212 2939 Plura
1241 2881 1316 2937 de
1356 2880 1841 2936 translationibus
1886 2880 2177 2934 disseram

526 2990 634 3030 suo
655 2974 808 3029 loco.

2288 1815 2405 1871 ﬁde
2422 1817 2689 1887 dignam,
2734 1816 2930 1888 ibique
2960 1816 3183 1871 adduxi
3213 1817 3396 1873 verba
3430 1818 3760 1883 Bellarmini,
3792 1818 3890 1873 haec

2288 1905 2361 1961 de
2414 1921 2485 1961 eo
2540 1907 3028 1977 pronuntiantis;
3067 1925 3095 1957 (ι
3145 1907 3285 1962 Vitae
3334 1907 3750 1978 apostolorum,
3793 1922 3890 1978 quis

2290 1994 2402 2051 sub
2433 1996 2673 2051 nomine
2687 1995 2810 2066 ejus
2843 1995 3357 2065 circumferuntur,
3391 1996 3606 2052 fabulis
3627 1995 3889 2051 similiores

2290 2089 2441 2142 sunt,
2470 2101 2652 2156 quam
2677 2101 2826 2139 verae
2859 2085 3250 2141 narrationi.»
3274 2087 3620 2142 Communis
3642 2087 3728 2140 hic
3752 2084 3889 2140 modo

2289 2179 2376 2229 est
2399 2174 2765 2229 eruditorum
2799 2190 3130 2229 consensus
3152 2175 3226 2229 de
3260 2174 3359 2230 illa
3379 2175 3626 2230 Historia
3639 2176 3887 2230 universa.

2289 2264 2456 2318 Libet
2511 2269 2703 2318 tamen
2746 2263 2968 2320 addere
3015 2280 3331 2319 censuram
3391 2267 3634 2320 Joannis
3695 2262 3888 2319 Hesselii

2289 2352 2587 2408 Lovanien
2597 2354 2694 2417 sis,
2721 2369 2856 2425 quae
2873 2352 3164 2424 impressa
3179 2354 3436 2409 habetur
3450 2362 3580 2425 post
3609 2354 3885 2411 Usuarduin

2290 2442 2522 2498 Molani.
2560 2462 2588 2493 «
2637 2442 2858 2509 Passio,
2892 2442 3102 2514 inquit,
3153 2443 3340 2498 sancti
3382 2442 3628 2498 Matthaai
3665 2457 3770 2497 non
3798 2439 3888 2510 pla-

2291 2538 2395 2586 cet.
2431 2552 2458 2583 »
2488 2534 2634 2586 Tum
2676 2531 2780 2585 dat
2809 2531 3039 2586 initium
3099 2531 3332 2603 prologi
3362 2547 3374 2585 :
3412 2554 3441 2583 ‹‹
3476 2532 3751 2598 Quoniam
3805 2532 3886 2584 Deo

2290 2635 2431 2674 cura
2480 2626 2570 2675 est
2621 2620 2695 2674 de
2744 2620 3107 2674 hominibus.
3171 2639 3197 2670 »
3250 2622 3314 2674 Et
3394 2637 3533 2676 mox
3586 2627 3827 2675 Actorum
3875 2632 3883 2668 :

2291 2712 2470 2764 Erant
2512 2710 2710 2780 itaque
2760 2709 2880 2763 duo
2935 2710 3095 2778 magi
3139 2712 3351 2764 Zaroes
3391 2716 3447 2765 et
3496 2710 3737 2765 Arfaxat.
3778 2726 3802 2760 ›
3837 2705 3880 2758 lu

2291 2797 2574 2858 omnibus
2631 2798 2937 2853 codicibus
2986 2799 3222 2862 nostris,
3272 2814 3395 2853 uno
3427 2806 3684 2871 excepto,
3723 2798 3770 2851 in
3793 2809 3885 2866 quo

2290 2888 2550 2944 omissus
2581 2891 2669 2941 est
2717 2885 3018 2958 prologus,
3074 2888 3232 2942 idem
3282 2894 3370 2942 est
3403 2888 3580 2960 plane
3621 2893 3884 2956 utrumque

2294 2977 2661 3049 principium.
2739 2979 2798 3030 In
2871 2975 3245 3045 Ultrajectino
3303 2977 3575 3032 similiter
3623 2981 3884 3044 utrumque

598 3066 647 3118 3.
682 3061 885 3125 Grmci,
918 3073 1140 3130 eosque
1170 3057 1399 3128 passim
1452 3061 1764 3128 sequentes
1823 3056 2014 3120 Mosci,
2046 3070 2175 3110 san-

2292 3067 2574 3136 reperitur
2622 3065 2979 3138 principium
3016 3082 3028 3133 ;
3063 3065 3166 3120 sed
3216 3066 3530 3136 praemissa
3574 3071 3701 3120 sunt
3736 3075 3886 3135 pauca

530 3155 692 3208 ctum
719 3148 1061 3205 Mattbaium
1091 3147 1383 3218 praecipue
1411 3145 1714 3201 celebrant
1741 3147 1818 3199 ad
1852 3148 1911 3199 16
1938 3148 2182 3200 Novem-

526 3240 670 3296 bris.
721 3237 808 3294 Ad
835 3238 995 3292 hunc
1038 3236 1200 3291 diem
1255 3236 1310 3290 in
1344 3234 1649 3299 omnibus,
1679 3249 1832 3306 quos
1886 3234 2179 3300 consului,

529 3328 870 3384 Graecorum
915 3326 1097 3382 Fastis
1150 3323 1439 3380 memoria
1485 3323 1670 3378 sancti
1711 3323 1888 3394 hujus
1929 3323 2181 3394 apostoli

526 3416 820 3482 recolitur,
854 3421 909 3470 et
944 3414 1231 3470 festivitas
1262 3412 1547 3468 solemnis
1579 3411 1929 3468 celebratur.
1963 3415 2181 3469 Menaaa

527 3508 820 3579 impressa
845 3503 1309 3578 prolixissimum
1328 3501 1610 3557 exhibent
1639 3501 1920 3572 elogium,
1953 3503 2056 3556 sed
2091 3502 2180 3557 fa-

524 3596 827 3661 bulosum,
863 3609 934 3649 ex
962 3608 1084 3665 quo
1141 3591 1261 3647 suis
1301 3591 1446 3647 locis
1480 3589 1799 3646 aﬂ‘eremus
1829 3607 1899 3646 ea
1929 3607 2063 3662 quae
2105 3592 2181 3647 ad

524 3683 897 3757 propositum
923 3687 1192 3738 nostrum
1221 3679 1553 3736 conducere
1581 3680 2183 3752 videbuntur,quem-

524 3773 846 3831 admodum
869 3770 1048 3826 etiam
1078 3787 1147 3825 ex
1181 3769 1375 3840 elogio
1400 3769 1599 3823 minus
1625 3768 1876 3840 prolixo,
1905 3771 2067 3842 quod
2097 3770 2182 3825 in-

523 3867 745 3919 sertum
794 3864 880 3916 est
922 3858 1252 3929 Menologio
1310 3856 1628 3912 Basiliano.
1672 3858 2010 3913 Matthaaum
2061 3875 2181 3914 una

521 3968 656 4008 cum
681 3949 923 4022 reliquis
947 3945 1430 4020 apostolisGraaci
1457 3947 1635 4001 etiam
1654 3946 1968 4001 coluntdie
1996 3951 2063 4002 3O
2085 3949 2179 4002 Ju-

522 4041 626 4105 nii,
660 4040 761 4094 ubi
793 4045 848 4095 et
877 4037 1083 4093 brevia
1112 4035 1392 4090 exhibent
1420 4034 1612 4104 elogia
1643 4036 1700 4089 in
1725 4034 1954 4090 Menaeis
1989 4041 2045 4090 et
2071 4039 2177 4093 Me-

521 4129 760 4197 nologio
821 4142 956 4181 mox
1009 4125 1275 4179 laudato.
1334 4122 1547 4178 Graecis
1597 4139 1703 4193 pro
1761 4123 2072 4180 festivitate
2113 4125 2173 4190 S,

522 4217 777 4274 Matthaei
803 4213 1154 4271 celebranda
1185 4213 1279 4268 die
1320 4213 1386 4268 16
1427 4213 1772 4268 Novembris
1798 4210 2176 4269 consentiunt

521 4307 699 4362 etiam
741 4304 997 4370 Armeni,
1035 4310 1096 4358 ut
1136 4302 1327 4357 habeo
1360 4318 1431 4357 ex
1467 4301 1682 4356 Ordine
1715 4309 1997 4373 perpetuo
2030 4304 2175 4357 cele-

2293 3157 2367 3210 de
2390 3154 2631 3210 nomine
2663 3154 2936 3220 Matthaai,
2968 3171 3103 3226 quae
3131 3154 3383 3210 alterum
3443 3155 3522 3212 ibi
3557 3154 3760 3210 faciunt
3787 3164 3884 3222 pro-

2291 3244 2517 3316 logum.
2563 3245 2834 3299 Rationes
2865 3243 3106 3299 Hessehi
3135 3243 3314 3299 modo
3347 3245 3684 3301 audiamus.

2365 3339 2414 3389 5.
2475 3353 2503 3385 «
2555 3333 2720 3399 Dicit,
2770 3332 3110 3388 eunuchum
3167 3333 3356 3402 illum,
3413 3350 3593 3406 quem
3636 3331 3882 3400 Philippus

2290 3422 2635 3495 baptizavit,
2681 3427 2956 3478 vocatum
3005 3421 3366 3491 Candacem,
3427 3440 3560 3478 cum
3598 3422 3767 3477 Lucas
3789 3419 3881 3470 Act.

2296 3527 2388 3566 Vlll
2419 3510 2594 3576 dicat,
2626 3510 2892 3582 reginam
2937 3509 3278 3582 rEthiopum
3326 3511 3548 3567 dictam
3581 3508 3882 3564 Candacem.

2293 3603 2388 3655 Est
2418 3602 2574 3655 enim
2629 3599 2905 3656 Candace
2950 3616 3170 3656 nomen
3226 3601 3571 3672 reginarum
3617 3593 3882 3664 Ethiopimi

2292 3690 2442 3745 sicut
2495 3690 2725 3745 Pharao
2788 3706 2998 3762 regum
3057 3691 3312 3762 Egypti.
3373 3690 3595 3746 Dicitur
3622 3689 3676 3742 in
3717 3682 3883 3740 eadem

2288 3779 2555 3844 historia,
2591 3780 2751 3852 quod
2778 3779 3039 3835 Christus
3071 3785 3402 3834 terrestrem
3439 3777 3762 3852 paradisum
3782 3783 3884 3840 ape-

2288 3869 2423 3923 ruiti
2455 3867 2674 3925 latroni
2707 3873 2764 3923 et
2809 3869 3129 3924 animabus
3173 3867 3395 3922 sanctis
3438 3868 3511 3922 de
3551 3877 3774 3935 corpore
3812 3873 3885 3911 ex-

2288 3957 2584 4022 euntibus,
2639 3959 2697 4011 in
2753 3956 2848 4012 die
2880 3964 3079 4013 autem
3133 3956 3460 4011 novissimo
3503 3947 3883 4022 resurgentibus

2285 4062 2471 4115 regna
2499 4050 2780 4101 caelorum
2813 4063 2824 4100 :
2860 4063 2995 4102 cum
3030 4046 3360 4101 secundum
3386 4045 3631 4100 Paulum
3664 4047 3714 4096 et
3742 4037 3882 4093 ﬁdem

2285 4135 2637 4190 catholicam
2655 4135 2870 4190 animae
2887 4142 3231 4190 sanctorum
3251 4135 3376 4205 jam
3394 4135 3569 4189 etiam
3592 4137 3715 4186 ante
3731 4137 3882 4182 resur-

2279 4226 2602 4281 rectionem
2625 4225 2842 4281 adeant
2872 4225 3070 4280 caslos.
3105 4224 3245 4279 Dicit
3271 4230 3324 4279 et
3344 4225 3600 4295 primum
3627 4217 3880 4274 hominem

2282 4314 2547 4387 potuisse
2566 4314 2728 4386 loqui
2742 4314 2796 4368 in
2817 4313 3093 4384 paradiso
3106 4329 3242 4367 cum
3259 4312 3540 4368 omnibus
3553 4304 3878 4365 animalibus-

518 4395 736 4452 brandi
768 4393 1060 4484 Ofﬁf’hft
1088 4390 1620 4484 fesui’itateff’olluq
1653 4397 1957 4484 Ανωθιξοὲν
1991 4408 2171 4484 quem
2206 4431 2250 4484 υ
2285 4404 2559 4476 Ejusdem
2625 4402 2995 4458 auctoritatis
3039 4409 3151 4468 est,
3186 4403 3359 4472 cujus
3394 4401 3525 4456 Vita
3569 4395 3736 4454 sancti
3775 4395 3878 4446 Bar-

519 4485 718 4541 Latine
797 4481 1049 4539 reddidit
1099 4487 1155 4536 et
1229 4481 1284 4534 in
1375 4478 1739 4536 Bibliotheca
1827 4480 2168 4548 Orientalis,

518 4578 663 4630 tom.
701 4573 793 4638 ΙΙΙ,
828 4587 966 4644 pag.
1010 4571 1112 4626 645
1153 4568 1339 4625 edidit
1369 4568 1743 4623 doctissimus
1782 4571 2167 4625 Assemanus.

517 4662 775 4736 Egyptii
827 4661 1073 4717 demum
1129 4664 1183 4714 et
1214 4657 1517 4730 Ethiopes
1555 4657 1836 4713 eumdem
1869 4659 2171 4728 elegerunt

514 4752 675 4808 diem
727 4753 790 4807 16
847 4749 1218 4813 Novembris,
1272 4763 1394 4819 quo
1429 4754 1670 4802 sanctus
1724 4749 2027 4803 Matthasus
2069 4765 2165 4804 an-

513 4841 822 4898 nuntiatur
852 4840 911 4895 in
944 4837 1131 4893 Fastis
1165 4837 1530 4908 Coptitarum
1566 4852 1670 4907 per
1698 4836 2014 4893 Ludolfum
2048 4838 2165 4894 edi-

511 4930 604 5002 tis,
635 4935 691 4985 et
742 4930 800 4984 in
843 4928 1077 4982 duobus
1116 4925 1243 4981 aliis
1298 4924 1635 4994 Menologiis
1675 4927 2023 4982 eorumdem
2064 4933 2165 4984 aut

509 5018 852 5092 Synaxariis
887 5033 1018 5069 mss.
1065 5014 1236 5086 Apud
1267 5013 1586 5068 Ludolfum
1629 5014 1882 5069 Matthaei
1910 5017 2162 5087 apostoli

508 5107 650 5163 item
674 5107 737 5161 fit
766 5104 987 5160 mentio
1005 5103 1077 5158 ad
1102 5107 1132 5159 9
1162 5102 1433 5159 Octobris
1461 5122 1478 5174 ;
1514 5102 1619 5157 sed
1648 5119 1778 5158 eam
1810 5103 1907 5160 illo
1925 5105 2018 5160 die
2043 5123 2161 5161 non

508 5195 738 5269 reperio
765 5195 825 5249 in
856 5192 1113 5248 laudatis
1131 5192 1315 5248 Fastis
1348 5208 1488 5248 mss.
1521 5194 1653 5248 Haec
1679 5192 1911 5249 interim
1929 5195 2002 5250 de
2023 5197 2163 5251 Mar-

509 5283 814 5356 tyrologiis
848 5281 1169 5338 sufficiant.

577 5375 632 5427 4.
665 5375 802 5426 Acta
851 5371 1036 5425 sancti
1071 5369 1324 5425 Matthaai
1353 5369 1625 5442 apostoli,
1654 5387 1788 5443 qua:
1811 5372 1868 5426 in
1905 5375 2159 5432 Ecclesia

506 5461 708 5519 Latina
740 5475 775 5516 a
799 5458 998 5516 multis
1029 5459 1261 5514 smculis
1293 5466 1431 5514 nota
1465 5459 1722 5524 fuerunt,
1759 5466 1812 5515 et
1839 5477 1911 5516 ex
1938 5466 2156 5535 quibus

500 5549 857 5608 recentiores
885 5548 1234 5615 hauserunt,
1266 5564 1402 5620 quae
1433 5549 1507 5604 de
1540 5549 1596 5605 S.
1624 5548 1898 5607 Matthaao
1926 5554 2156 5626 scriptis

2284 4491 2602 4557 tholomsei,
2638 4496 2698 4546 ut
2731 4495 2893 4562 patet
2922 4507 2993 4546 ex
3025 4490 3403 4562 philosophia
3434 4490 3560 4559 ejus
3592 4485 3662 4541 de
3690 4476 3880 4547 virgini-

2283 4587 2397 4636 tate
2439 4586 2626 4647 terrae,
2677 4597 2747 4634 ex
2808 4596 2928 4651 qua
2972 4579 3156 4634 homo
3185 4579 3374 4634 factus
3421 4584 3522 4633 est.
3565 4598 3590 4626 ››
3631 4575 3878 4628 Hactenus

2282 4668 2592 4734 Hesselius,
2637 4671 2740 4740 qui
2789 4669 2948 4724 hisce
2985 4668 3260 4737 adjungit
3284 4666 3681 4723 auctoritatem
3718 4655 3875 4740 Bedaz,

2282 4759 2597 4814 Historiam
2638 4739 2799 4812 illam
2841 4757 3302 4830 pseudo-Abdita
3343 4750 3721 4827 reprobantis.
3753 4739 3876 4798 Beda

2279 4854 2476 4904 autem
2529 4847 2629 4903 lib.
2679 4847 3134 4904 Retractationis
3187 4848 3250 4901 in
3305 4847 3458 4901 Acta
3502 4839 3871 4911 apostolorum,

2277 4955 2409 5009 cap.
2444 4954 2482 5003 1,
2537 4937 2744 4992 laudat
2786 4937 3005 4992 dictam
3056 4937 3371 4991 Historiam
3431 4948 3536 5006 pro
3590 4931 3801 4986 Simone
3833 4923 3874 4971 el

2273 5027 2430 5082 Juda
2462 5027 2764 5098 apostolis,
2809 5031 2986 5098 atque
3031 5026 3109 5080 ita
3158 5025 3421 5097 loquitur
3445 5021 3515 5078 ad
3553 5010 3871 5091 propositum

2274 5122 2544 5172 nostrum
2600 5133 2674 5170 :«
2709 5117 2826 5170 Hos
2895 5116 3155 5170 referunt
3208 5112 3480 5176 historiae,
3552 5110 3609 5164 in
3689 5099 3871 5175 quibus

2272 5204 2675 5276 apostolorum
2723 5207 3023 5276 passiones
3063 5203 3456 5267 continentur,
3489 5205 3540 5255 et
3579 5213 3612 5252 a
3640 5183 3870 5279 plurimis

2270 5273 2616 5365 reputantur
2645 5273 3029 5366 apocrypha,
3066 5293 3422 5366 praedicasse
3442 5291 3498 5344 in
3527 5281 3759 5342 Perside,
3784 5273 3866 5366 Ibl‘

2268 5399 2386 5455 que
2416 5400 2450 5439 a
2487 5385 2849 5455 templorum
2901 5381 3281 5454 pontificibus
3331 5382 3389 5435 in
3437 5377 3657 5434 civitate
3694 5370 3868 5455 Suam!“

2269 5450 2511 5527 occisos.
2559 5450 2851 5542 Leguntur
2881 5450 3008 5527 haec
3035 5469 3192 5543 apud
3224 5469 3497 5532 Abdiam,
3517 5477 3639 5532 cap.
3668 5457 3715 5520 ὁ,
3741 5450 3867 5545 circa

2268 5561 2472 5618 ﬁnem.
2505 5581 2533 5613 »
2580 5539 2711 5618 Post
2765 5577 2958 5634 pauca
2996 5539 3234 5617 rursum
3290 5557 3446 5615 Beda
3497 5554 3618 5609 haec
3657 5539 3864 5607 scribit;
