4144 6184
267 270 376 325 753

1559 265 1724 321 VITA
1767 262 1828 316 S.
1871 255 2235 315 ΜΑΤΤΗΑΞΙ.

3594 258 3701 314 ’154

339 409 364 439 ι
404 393 549 448 Cum
583 389 700 454 ille,
733 390 836 462 qui
861 388 1140 461 prwfatas
1180 389 1584 461 apostolorum
1611 388 1925 462 passiones
1960 383 2001 436 A
2034 384 2365 442 recentiora
2404 387 2540 454 sint,
2579 387 2914 458 eademque
2954 399 3093 440 cum
3136 383 3284 450 aliis,
3329 385 3428 440 sed
3493 388 3700 442 utcun-

269 480 520 552 scripsit,
568 479 694 551 ipse
745 495 806 534 se
861 479 1192 534 certissime
1241 479 1466 535 incerta
1508 486 1565 535 et
1596 479 1745 534 falsa
1792 475 1920 531 scri-

269 570 456 642 psisse
504 568 853 640 prodiderit.
887 567 1034 622 Dicit
1072 568 1251 634 enim,
1309 568 1450 639 quia
1494 566 1784 624 Candacis
1830 581 1927 619 eu-

269 659 502 714 nuchus
545 674 723 729 quem
771 657 1129 728 baptizasset
1169 657 1469 728 Philippus
1505 657 1566 712 in
1611 656 1812 711 Judaaa
1857 669 1926 707 eo

269 755 538 819 tempore
591 747 764 802 fuerit
819 745 878 801 in
951 746 1256 818 Ethiopia,
1307 763 1428 818 quo
1488 746 1792 802 Matthaaus
1849 741 1926 797 ibi

273 837 548 901 docebat,
579 835 751 906 eique
792 834 1025 890 docenti
1065 835 1351 890 auxilium
1392 836 1603 900 tulerit,
1629 849 1767 889 cum
1809 848 1932 886 ma-

273 926 554 980 nifestum
601 924 673 978 sit
701 924 1035 980 Candacem
1095 939 1315 978 nomen
1346 939 1476 979 esse
1510 939 1628 979 non
1658 921 1790 986 viri,
1825 920 1926 975 sed

275 1014 514 1070 feminae
549 1030 562 1078 ;
596 1013 654 1067 id
696 1017 806 1078 est,
855 1028 973 1067 non
1005 1012 1285 1077 eunuchi,
1325 1013 1428 1068 sed
1473 1012 1733 1068 dominae
1780 1011 1926 1081 ejus,

277 1104 501 1172 regine
547 1102 816 1157 videlicet
851 1103 1211 1172 Ethiopum,
1266 1119 1424 1174 quin,
1475 1105 1626 1157 sicut
1663 1117 1733 1156 ex
1781 1104 1932 1154 vete-

277 1209 410 1247 rum
454 1192 859 1247 monumentis
890 1193 1320 1262 comperimus,
1354 1207 1566 1248 omnes
1606 1189 1932 1260 antiquitus

277 1283 361 1336 sic
379 1280 668 1353 appellari
693 1280 988 1335 solebant.
1018 1301 1041 1330 ii
1068 1283 1195 1335 Haec
1225 1281 1394 1348 Beda,
1423 1296 1543 1335 non
1571 1279 1764 1334 solum
1788 1278 1932 1332 Acta

278 1386 387 1441 pro
455 1368 820 1441 apocryphis
904 1369 1153 1435 habens,
1254 1369 1356 1425 sed
1448 1385 1653 1424 eorum
1752 1368 1932 1421 etiam

279 1465 582 1514 auctorem
616 1457 912 1514 mendacii
936 1475 1212 1529 arguens.
1240 1460 1488 1514 Possent
1517 1464 1571 1512 et
1599 1457 1782 1512 multa
1815 1456 1935 1510 alia

279 1564 350 1603 ex
390 1549 548 1603 Actis
577 1547 820 1617 allegari
863 1547 934 1602 ad
960 1548 1140 1603 ﬁdem
1190 1548 1261 1602 iis
1304 1546 1758 1608 detrahendam,
1795 1559 1933 1600 cum

279 1643 483 1691 auctor
507 1637 584 1692 ab
625 1637 787 1692 initio
837 1652 1027 1707 usque
1079 1637 1154 1691 ad
1204 1637 1385 1692 ﬁnem
1418 1635 1712 1691 mirabilia
1746 1633 1934 1702 magis

2035 490 2154 544 que
2189 475 2469 531 emenda.

2107 567 2157 617 7.
2193 564 2621 620 Verumtamen
2647 579 2767 620 non
2786 566 2949 618 tanta
2973 561 3242 617 adhibita
3261 561 3368 616 fuit
3388 564 3694 628 correctio,

2039 657 2102 707 ut
2121 659 2289 723 gesta
2309 654 2367 707 in
2395 653 2464 708 iis
2485 653 2665 709 relata
2688 653 2890 707 ﬁerent
2911 650 3057 705 satis
3075 650 3433 720 probabilia,
3459 653 3702 707 etiamsi

2038 757 2160 796 non
2199 747 2498 798 constaret
2545 744 2620 798 de
2659 742 2884 811 origine
2925 757 2994 796 ex
3037 740 3196 794 fonte
3245 740 3505 810 impuro.
3548 743 3696 796 Nam

2039 831 2233 902 primo
2291 832 2489 888 statim
2519 831 2852 887 advenienti
2911 830 2971 885 in
3020 827 3379 899 Ethiopiam
3434 827 3701 884 Matthmo

2037 919 2252 975 dicitur
2287 922 2619 976 occurrisse
2645 919 2958 975 eunuchus
2991 916 3212 987 regium
3245 916 3559 982 Candacis,
3593 917 3697 988 qui

2040 1008 2372 1080 baptizatus
2411 1016 2536 1064 erat
2568 1026 2604 1064 a
2632 1008 2907 1080 Philippo
2943 1014 3057 1062 Act.
3095 1023 3207 1075 vni,
3242 1012 3303 1061 ut
3339 1009 3547 1062 auctor
3576 1021 3705 1062 om-

2040 1101 2182 1155 nino
2205 1105 2457 1165 asserat,
2483 1101 2817 1156 Matthmum
2847 1099 3090 1154 venisse
3118 1095 3194 1152 ad
3226 1095 3462 1162 urbem,
3489 1096 3547 1151 in
3578 1112 3702 1169 qua

2039 1190 2246 1260 regina
2269 1188 2541 1245 Candace
2563 1189 2873 1259 regnabat,
2901 1186 3148 1259 quando
3170 1185 3364 1240 dictus
3387 1186 3700 1241 eunuchus

2043 1277 2148 1334 fuit
2180 1294 2524 1334 conversus.
2544 1283 2611 1332 At
2642 1277 2723 1332 ibi
2759 1285 2880 1333 tum
2914 1276 3128 1332 dicitur
3159 1275 3340 1330 fuisse
3372 1290 3473 1330 rex
3507 1276 3701 1347 Egyp-

2042 1383 2174 1439 pus,
2218 1368 2424 1436 regina
2473 1365 2806 1420 Eufenissa.
2869 1365 2948 1420 De
2989 1364 3285 1428 Candace,
3329 1378 3462 1434 qua:
3523 1361 3702 1434 paulo

2045 1462 2179 1512 ante
2226 1461 2552 1526 regnasset,
2611 1454 2775 1510 nulla
2819 1454 2882 1508 fit
2935 1455 3172 1509 mentio.
3232 1455 3432 1524 Itaque
3474 1467 3701 1508 nomen

2043 1544 2260 1617 reginae
2289 1544 2602 1600 Eufenissa
2633 1544 2859 1599 videtur
2888 1543 3254 1598 contrarium
3295 1541 3489 1597 verbis
3531 1541 3701 1598 Beda

2042 1651 2184 1690 mox
2210 1635 2390 1699 datis,
2414 1649 2552 1689 cum
2585 1638 2831 1701 asserat,
2859 1632 3145 1687 omnibus
3171 1647 3494 1687 commune
3515 1630 3701 1688 fuisse

281 1730 498 1790 narret.
527 1740 712 1796 quam
753 1723 1058 1779 credibilia
1091 1740 1103 1789 ;
1132 1725 1436 1796 multaque
1469 1722 1640 1795 plura
1680 1725 1936 1788 nusetur
1968 1740 2012 1795 Β
2044 1741 2264 1781 nomen
2320 1724 2611 1780 Candace.
2666 1722 2964 1778 Consentit
3006 1722 3244 1789 Plinius,
3277 1723 3382 1778 lib.
3423 1737 3500 1786 Vl,
3562 1736 3699 1792 cap.

282 1814 357 1870 de
390 1813 670 1883 paradiso
702 1814 980 1877 terrestri,
1013 1829 1198 1884 quam
1223 1813 1565 1868 observavit
1599 1810 1931 1878 Hesselius;

286 1909 343 1959 et
372 1903 817 1973 conceptionem
835 1901 1198 1958 beatissimae
1220 1903 1469 1974 Virginis
1482 1906 1741 1974 exponat
1757 1900 1936 1956 modo

286 1991 608 2062 incongruo
638 1997 693 2047 et
724 1991 1036 2059 indecenti,
1067 1997 1126 2046 ut
1161 1993 1388 2047 mittam
1436 1991 1577 2047 alia.
1616 1993 1826 2045 Verum
1849 1989 1934 2044 di-

284 2087 378 2136 cta
405 2081 702 2135 sumciunt
745 2081 818 2136 ad
847 2096 1089 2135 omnem
1145 2079 1319 2135 fidem
1373 2080 1577 2136 Abdiaa
1619 2083 1936 2152 personato

282 2170 692 2240 abrogandam
724 2187 737 2224 :
767 2175 826 2225 at
851 2185 924 2225 ex
953 2170 1046 2225 his
1091 2170 1207 2224 alia
1239 2170 1380 2224 mihi
1409 2171 1594 2224 oritur
1621 2168 1934 2223 dubitatio.

354 2264 406 2314 6.
435 2265 604 2314 Anno
636 2261 772 2313 1753
802 2259 860 2314 in
899 2259 1257 2314 bibliotheca
1298 2258 1577 2314 Vaticana
1603 2259 1938 2313 invenimus

283 2349 403 2403 alia
441 2348 498 2403 S.
531 2348 782 2404 Matthtei
815 2354 958 2402 Acta
996 2348 1054 2403 in
1083 2348 1287 2403 codice
1312 2348 1514 2403 Latino
1566 2351 1720 2409 H88,
1753 2361 1939 2416 eaque

283 2437 677 2493 exscribenda
714 2437 1077 2501 curavimus,
1133 2441 1189 2491 et
1219 2452 1329 2491 nos
1375 2435 1490 2506 ipsi
1546 2453 1682 2492 cum
1735 2434 1939 2491 codice

285 2525 670 2582 contulimus.
706 2527 837 2580 Haec
862 2530 995 2580 Acta
1028 2530 1230 2580 carent
1256 2525 1541 2580 omnibus
1581 2525 1731 2580 vitiis
1764 2525 1940 2580 modo

284 2615 504 2678 relatis,
540 2614 620 2670 ob
654 2630 790 2686 quae
840 2614 1140 2669 Hesselius
1167 2619 1309 2669 Acta
1341 2614 1808 2685 pseudo-Abditas
1855 2629 1941 2667 re-

285 2704 584 2776 probavit,
619 2705 896 2759 eamdem
933 2705 1003 2758 de
1029 2703 1207 2760 rebus
1249 2705 1426 2772 gestis
1457 2703 1646 2758 sancti
1694 2703 1941 2758 Matthaai

288 2793 594 2850 continent
615 2793 980 2848 relationem.
1009 2793 1472 2858 Quaredubitari
1503 2797 1714 2863 potest,
1740 2797 1938 2846 utrum

289 2883 778 2955 pseudo-Abdias
809 2885 1130 2938 vetustiora
1157 2883 1340 2938 sancti
1377 2883 1638 2953 Apostoli
1671 2885 1812 2938 Acta
1857 2881 1942 2937 in-

289 2973 685 3045 terpolaverit,
707 2978 761 3028 et
787 2971 984 3027 multis
1011 2972 1247 3041 ineptiis
1281 2971 1609 3044 impleverit
1650 2991 1662 3036 ;
1694 2987 1770 3026 an
1801 2987 1942 3027 vero

2045 1814 2113 1869 29
2151 1814 2394 1878 docens,
2439 1831 2468 1864 «
2509 1827 2753 1882 regnare
2795 1811 3078 1866 feminam
3128 1809 3491 1877 Candacem,
3534 1809 3701 1881 quod

2047 1918 2268 1958 nomen
2298 1901 2497 1957 multis
2523 1901 2654 1974 jam
2683 1901 2856 1955 annis
2887 1899 2964 1955 ad
2997 1899 3235 1969 reginas
3277 1898 3526 1963 transiit,
3573 1919 3600 1947 »ι
3640 1897 3701 1953 in

2045 1990 2144 2046 illo
2178 1990 2461 2046 nimirum
2509 1989 2810 2059 Ethiopias
2861 2003 3066 2057 regno,
3126 1989 3296 2057 cujus
3351 1985 3700 2059 metropolis

2047 2085 2174 2136 erat
2203 2082 2407 2135 Meroe.
2444 2079 2664 2134 Asserit
2698 2083 2899 2134 autem
2927 2077 3209 2132 laudatus
3245 2076 3485 2142 Plinius,
3519 2092 3593 2131 ea
3629 2075 3703 2130 de

2047 2170 2245 2240 regnis
2276 2168 2585 2240 Ethiopiae
2611 2173 2667 2223 et
2696 2170 2913 2223 Meroes
2953 2167 3193 2235 cognita
3225 2170 3282 2221 et
3312 2165 3496 2221 relata
3521 2164 3703 2220 fuisse

2047 2275 2153 2332 per
2184 2258 2585 2331 exploratores
2625 2257 2889 2313 Neronis.
2926 2256 3231 2326 Regnabat
3274 2255 3450 2326 igitur
3497 2253 3706 2325 regina

2048 2348 2321 2404 Candace
2367 2350 2591 2402 Nerone
2640 2346 2972 2418 imperante
3013 2351 3066 2400 et
3113 2345 3213 2401 diu
3275 2344 3547 2399 Candace
3601 2343 3706 2398 ali-

2048 2452 2168 2508 qua
2197 2436 2420 2491 ibidem
2452 2441 2823 2506 regnaverat,
2871 2433 3080 2490 saltem
3112 2450 3148 2489 a
3182 2433 3546 2504 temporibus
3589 2437 3704 2487 Au-

2050 2526 2223 2595 gusti,
2262 2530 2324 2579 ut
2353 2524 2644 2592 colligitur
2688 2539 2757 2577 ex
2792 2522 3102 2587 Strabone,
3135 2525 3237 2594 qui
3277 2522 3390 2575 sub
3430 2523 3704 2590 Augusto

2051 2612 2270 2668 ﬂoruit.
2294 2612 2504 2668 Strabo
2536 2612 2716 2674 enim,
2773 2610 2871 2665 lib'
2930 2626 3069 2674 xvu,
3134 2624 3271 2680 pag.
3313 2612 3437 2674 820,
3500 2612 3707 2663 narrat

2050 2701 2295 2767 bellum,
2355 2717 2477 2774 quo
2527 2721 2554 2750 ‹‹
2623 2700 2918 2763 Candace,
2977 2714 3108 2770 quae
3160 2713 3266 2768 per
3322 2702 3545 2762 nostra,
3617 2695 3705 2750 in-

2051 2792 2197 2863 quit,
2261 2797 2532 2861 tempora
2584 2788 2956 2860 Ethiopibus
3013 2785 3346 2858 imperavit,
3409 2807 3433 2836 υ
3483 2787 3702 2840 Roma-

2052 2896 2163 2934 nos
2193 2879 2434 2951 Egypti
2467 2878 2746 2933 dominos
2769 2876 3038 2947 impetiit,
3061 2876 3391 2946 imperante
3414 2877 3701 2943 Augusto.

2055 2972 2249 3041 Itaque
2293 2974 2615 3037 regnarunt
2646 2967 2707 3021 in
2738 2964 3038 3036 Ethiopia
3067 2965 3307 3033 reginae,
3343 2962 3564 3034 quibus
3594 2976 3704 3017 no-

289 3078 411 3118 non
442 3061 1265 3119 nemoAbdiaadeSMatthaao
1288 3061 1759 3117 lucubrationem
1785 3077 1944 3115 cras-
1977 3091 2016 3147 C
2056 3073 2190 3113 men
2222 3063 2342 3147 erat
2394 3056 2686 3119 Candace,
2727 3054 2937 3147 saltem
2966 3052 3050 3147 ab.
3088 3055 3353 3147 Augusto
3400 3065 3588 3147 usque
3625 3048 3702 3147 ad

290 3151 548 3206 sioribus
579 3150 879 3205 erroribus
918 3150 1165 3205 voluerit
1191 3167 1545 3222 expurgare,
1580 3157 1635 3205 et
1675 3150 1761 3204 sic
1801 3156 1943 3205 Acta

289 3241 470 3310 hujus
559 3239 806 3310 apostoli
889 3243 1187 3310 utcunque
1259 3239 1596 3310 probabilia
1680 3239 1939 3294 reddere.

292 3331 618 3400 Utrumque
645 3328 765 3383 ﬁeri
800 3329 1006 3399 potuit,
1040 3329 1142 3384 scd
1192 3329 1520 3384 secundum
1568 3329 1944 3384 verisimilius

287 3423 376 3474 est
416 3418 496 3473 ob
543 3419 738 3473 varias
776 3419 1059 3473 rationes.
1105 3417 1298 3474 Primo
1346 3434 1416 3474 ex
1467 3418 1735 3487 allegatis
1768 3417 1943 3473 Bedaa

292 3509 489 3564 verbis
518 3509 835 3572 habemus,
867 3508 1277 3580 apocrypham
1304 3509 1467 3564 illam
1499 3512 1572 3564 de
1601 3509 1780 3577 gestis
1802 3524 1945 3578 apo-

291 3597 578 3653 stolorum
612 3598 922 3653 Historiam
947 3605 1105 3652 certo
1146 3597 1541 3669 antiquiorem
1574 3614 1700 3652 esse
1729 3597 1942 3652 saeculo

291 3703 414 3751 Vill,
456 3703 588 3742 cum
626 3687 782 3742 Beda
833 3686 1091 3741 ﬂoruerit
1135 3689 1242 3741 sub
1276 3688 1508 3742 initium
1540 3687 1694 3740 illius
1737 3685 1936 3740 saeculi

263 3779 347 3831 'et
393 3775 554 3830 illam
584 3776 894 3830 Historiam
947 3775 1181 3844 alleget,
1237 3791 1357 3830 non
1396 3781 1455 3829 ut
1493 3774 1790 3829 novellam
1845 3776 1948 3828 aut

294 3881 488 3937 nuper
517 3863 853 3928 conﬁctam,
897 3865 1000 3920 sed
1054 3871 1114 3919 ut
1171 3864 1494 3918 multorum
1532 3861 1760 3933 judicio
1800 3879 1945 3934 apo-

294 3953 602 4024 crypham.
641 3956 718 4009 Ex
749 3970 820 4008 eo
865 3953 1106 4008 ulterius
1137 3953 1369 4022 colligo,
1414 3953 1538 4023 jam
1596 3952 1817 4007 saeculo
1870 3969 1942 4017 vr,

293 4056 417 4112 quo
496 4040 748 4096 ﬂorebat
818 4042 1137 4096 Venantius
1208 4043 1583 4105 Fortunatus,
1649 4043 1944 4096 vetustam

293 4131 486 4184 visam
528 4145 656 4184 esse
696 4130 854 4184 illam
897 4131 1232 4196 Historiam,
1267 4146 1402 4184 cum
1449 4129 1837 4185 verisimiliter
1875 4145 1946 4184 ex

295 4219 401 4275 illa
457 4220 633 4290 dicat,
683 4237 901 4292 corpus
928 4224 983 4277 S.
1043 4221 1293 4277 Mattheei
1343 4237 1474 4276 esse
1522 4221 1580 4275 in
1610 4220 1942 4275 Naddaver.

291 4309 477 4364 Tanta
515 4316 666 4364 certo
705 4325 823 4364 non
865 4315 955 4364 est
993 4315 1252 4364 vetustas
1292 4309 1512 4364 codicis
1554 4309 1837 4372 Vaticani,
1885 4308 1945 4362 in

296 4412 418 4468 quo
460 4397 858 4453 tolerabiliora
897 4402 1136 4453 exstant
1176 4401 1230 4454 S.
1275 4398 1524 4453 Matthaai
1564 4401 1726 4453 Acta.
1789 4400 1949 4462 Qua—
1977 4438 2021 4492 Ι)

294 4492 540 4556 prOpter
579 4488 848 4542 videntur
883 4488 939 4541 in
990 4487 1087 4542 illo
1129 4487 1330 4542 codice
1379 4488 1648 4542 nonnihil
1681 4492 1946 4541 correcta

295 4573 498 4641 fuisse,
532 4581 588 4628 et
616 4576 1075 4631 alisurdioribus
1122 4577 1277 4630 vitiis
1326 4581 1676 4644 expurgata,
1711 4591 1944 4646 praeser-

295 4663 401 4719 tim
439 4681 576 4720 cum
618 4664 828 4736 reliqui
870 4665 1095 4737 passim
1137 4665 1370 4720 codices
1400 4667 1541 4720 Acta
1583 4665 1940 4731 contineant,

295 4752 501 4823 qualia
531 4759 668 4808 sunt
700 4754 864 4824 apud
895 4754 1172 4818 Abdiam,
1213 4760 1268 4807 et
1299 4754 1550 4808 necdum
1581 4753 1763 4808 alium
1787 4754 1944 4808 vide-

296 4842 409 4896 rim
463 4842 744 4911 codicem,
789 4843 891 4914 qui
933 4842 1256 4898 consentiat
1307 4859 1445 4897 cum
1487 4843 1584 4896 illo
1641 4843 1938 4898 Vaticano.

297 4929 584 4986 Prmterea
624 4932 680 4985 in
724 4932 837 4986 hoc
876 4931 1077 4986 codice
1110 4930 1369 5002 praefatio
1412 4930 1671 5002 vulgaris
1717 4931 1943 4986 omissa

295 5025 404 5084 est,
451 5024 507 5074 et
547 5021 867 5074 substituta
921 5020 1056 5083 alia,
1119 5035 1253 5092 qua:
1312 5035 1447 5073 cum
1509 5019 1653 5089 ipsis
1714 5024 1943 5089 pugnat

293 5109 469 5162 Actis.
525 5111 670 5164 Nam
702 5109 1032 5164 secundum
1077 5107 1484 5179 praefationem
1534 5109 1588 5163 S.
1643 5109 1943 5162 Matthaeus

291 5212 507 5267 passus
533 5202 620 5252 est
650 5199 705 5250 in
735 5197 993 5264 Perside;
1020 5196 1348 5251 secundum
1384 5196 1940 5268 Acta,in/Ethiopia.

289 5288 447 5341 Actis
479 5285 622 5356 ipsis
653 5294 919 5341 assutum
953 5291 1039 5341 est
1068 5285 1230 5340 aliud
1275 5284 1635 5356 principium
1693 5287 1763 5338 de
1808 5287 1944 5341 scri-

291 5381 395 5445 pto
442 5390 546 5445 per
593 5374 927 5430 Matthaaum
979 5374 1314 5441 Evangelio,
1364 5380 1418 5429 et
1474 5379 1608 5444 post
1662 5374 1805 5428 illud
1859 5391 1941 5429 se-

290 5467 560 5535 quuntur
593 5470 736 5520 Acta
780 5466 1076 5533 personati
1114 5463 1336 5528 AbditB,
1383 5462 1486 5515 sed
1529 5462 1796 5517 nonnihil
1849 5478 1945 5518 ex-

291 5558 567 5624 purgata.
611 5553 814 5626 Itaque
870 5554 966 5608 vix
1021 5553 1292 5607 dubitare
1346 5551 1576 5623 possim
1629 5553 1773 5625 quin
1813 5552 1940 5608 haec

2055 3146 2298 3202 Neronis
2325 3151 2591 3217 tempora
2620 3163 2634 3211 ;
2655 3160 2763 3199 nec
2783 3142 2949 3199 addit
2971 3141 3213 3201 Plinius.
3236 3139 3353 3195 alio
3373 3139 3555 3194 modo
3582 3137 3705 3192 suis

2054 3235 2421 3307 temporibus
2435 3232 2911 3289 administratum
2927 3230 3106 3286 fuisse
3119 3229 3428 3300 Ethiopiaa
3443 3243 3702 3296 regnum.

2053 3326 2226 3396 Atqui
2262 3327 2504 3378 sanctus
2543 3321 2868 3386 Matthteus,
2917 3320 2964 3374 si
3007 3319 3350 3391 prmdicavit
3388 3318 3450 3372 in
3489 3317 3707 3373 [Ειῇἰο-

2053 3414 2174 3486 pia,
2207 3429 2276 3467 eo
2307 3411 2696 3466 verisimiliter
2727 3411 2880 3464 venit
2906 3413 3040 3464 ante
3071 3407 3386 3478 imperium
3436 3407 3702 3472 Neronis,

2053 3508 2155 3557 aut
2184 3505 2336 3556 certe
2380 3503 2605 3556 Nerone
2650 3513 2770 3553 non
2809 3497 2906 3551 diu
2955 3498 3306 3567 imperante.
3342 3495 3556 3551 Omnia
3599 3494 3707 3565 igi-

2055 3596 2167 3656 tur,
2213 3606 2347 3662 quae
2386 3589 2459 3644 de
2513 3592 2667 3642 statu
2716 3587 2881 3655 regni
2929 3584 3234 3655 [Ethiopian
3277 3584 3597 3639 traduntur
3646 3584 3705 3638 in

2053 3680 2226 3744 Actis,
2260 3694 2502 3749 prorsus
2542 3678 2816 3731 videntur
2855 3674 3073 3737 iictitia,
3112 3688 3218 3728 nec
3249 3672 3433 3727 ullam
3477 3686 3706 3727 meren-

2055 3775 2149 3823 tur
2177 3767 2374 3832 ﬁdem.

2127 3861 2176 3912 8.
2199 3860 2321 3913 Non
2343 3855 2539 3911 minus
2567 3854 2763 3909 ﬁctilia
2790 3851 3084 3916 videntur,
3116 3867 3250 3924 quae
3281 3851 3354 3905 de
3385 3864 3704 3922 progressu

2054 3946 2190 4002 ﬁdei
2219 3944 2558 4000 Christiana
2597 3943 2654 3997 in
2689 3941 2983 4013 (Ethiopia
3027 3940 3269 3996 tradunt
3296 3945 3455 3995 Acta.
3492 3939 3546 3995 Si
3572 3939 3708 4010 quis

2055 4037 2212 4091 enim
2241 4035 2393 4089 Actis
2426 4031 2663 4087 credere
2696 4030 2960 4094 voluerit,
2996 4028 3282 4084 convertit
3311 4029 3367 4082 S.
3402 4028 3706 4083 Mattheus

2055 4141 2252 4197 regem
2290 4125 2625 4195 Egyppum,
2657 4121 2923 4190 reginam
2955 4118 3343 4183 Eufenissam,
3375 4131 3706 4189 eorumque

2054 4215 2266 4278 ﬁlium,
2311 4230 2344 4267 a
2392 4218 2576 4266 morte
2620 4211 2782 4282 prius
2834 4208 3206 4272 suscitatum,
3251 4206 3353 4280 qui
3397 4206 3702 4262 Eufranon

2054 4310 2321 4368 vocatur,
2353 4301 2661 4371 ﬁliamque
2691 4297 3104 4369 Ephigeniam,
3132 4296 3313 4351 modo
3333 4295 3704 4367 Iphigeniam

2054 4391 2536 4464 passimdictam.
2560 4386 2822 4443 Ecclesia
2841 4402 3082 4458 quoque
3097 4390 3434 4442 constructa
3463 4383 3702 4447 dicitur,

2055 4482 2116 4537 in
2149 4498 2262 4552 qua
2305 4479 2606 4536 Matthaeus
2651 4476 2868 4531 sederit
2906 4474 3080 4530 annis
3138 4478 3223 4530 23.
3279 4474 3399 4529 Hoc
3440 4478 3705 4545 tempore

2055 4571 2273 4626 multas
2298 4568 2603 4624 fabricavit
2626 4565 2925 4630 ecclesias,
2954 4583 2981 4615 ‹‹
3004 4563 3305 4618 constituit
3328 4563 3706 4634 presbyteros

2055 4665 2110 4715 et
2140 4661 2513 4721 diacones,...
2541 4662 2594 4711 et
2627 4673 2731 4728 per
2758 4655 3022 4712 civitates
3048 4658 3104 4708 et
3133 4652 3376 4708 castella
3409 4652 3706 4708 ordinavit

2053 4750 2384 4823 episcopos.
2421 4769 2448 4800 »
2481 4750 2764 4802 Przeterea
2801 4765 2824 4794 (ι
2858 4743 3062 4799 omnia
3106 4741 3443 4806 simulacra,
3477 4741 3709 4796 omnia-

2051 4855 2168 4911 que
2197 4837 2420 4908 templa
2452 4857 2480 4888 »
2513 4839 2857 4890 asseruntur
2885 4852 2912 4885 ‹‹
2953 4833 3271 4887 destructa.
3320 4852 3340 4879 ι
3381 4829 3520 4885 Filia
3550 4829 3706 4899 regis

2057 4949 2081 4979 α
2126 4927 2448 4999 Ephigenia
2481 4945 2507 4976 ι
2543 4925 2938 4993 virginitatem
2978 4922 3264 4994 professa,
3317 4938 3344 4972 ‹‹
3396 4924 3522 4976 erat
3560 4935 3707 4991 prae-

2053 5017 2248 5088 posita
2277 5015 2576 5083 virginum
2610 5012 2868 5084 amplius
2898 5027 3082 5084 quam
3124 5010 3539 5064 ducentarum.
3572 5008 3706 5063 Haec

2053 5104 2257 5161 omnia
2288 5104 2443 5158 facta
2495 5102 2793 5166 dicuntur,
2851 5100 3082 5154 vivente
3126 5114 3262 5169 rege
3311 5100 3578 5169 Egyppo.
3627 5099 3707 5151 Eo

2053 5195 2354 5257 defuncto,
2389 5192 2706 5262 occisoque
2740 5192 2793 5246 S.
2832 5188 3100 5244 Matthteo
3131 5187 3210 5242 ob
3247 5192 3585 5241 recusatum
3629 5186 3706 5242 ab

2054 5281 2379 5356 Ephigenia
2413 5279 2857 5334 matrimonium
2892 5293 3030 5332 cum
3062 5291 3218 5330 novo
3263 5289 3400 5345 rege
3431 5277 3706 5348 Hyrtaco,

2053 5389 2146 5428 res
2203 5369 2667 5426 Christianorum
2701 5367 2936 5421 modico
2989 5370 3255 5436 tempore
3289 5363 3487 5418 minus
3538 5367 3708 5420 erant

2053 5476 2373 5534 prosperat.
2406 5460 2474 5513 At
2509 5473 2644 5513 cum
2677 5455 2920 5528 punitus
2953 5471 2988 5510 a
3014 5471 3074 5510 se
3103 5460 3254 5509 esset
3300 5456 3605 5526 Hyrtacus,
3653 5459 3710 5510 et

2053 5551 2294 5623 proprio
2322 5565 2382 5604 se
2413 5547 2614 5620 gladio
2635 5545 2960 5612 occidisset,
2993 5543 3172 5602 frater
3205 5543 3539 5616 Ephigeniaa
3569 5543 3711 5600 dici-
