4094 6230
431 259 535 311 755

1766 255 2022 313 MENSIS
2063 253 2516 314 SEP’I‘EMBER.

3745 260 3865 314 756

432 387 523 438 tur
551 398 804 451 regnum
831 383 1102 455 adeptus,
1135 385 1401 458 illudque
1433 387 1689 441 tenuisse
1717 384 1891 440 annis
1921 396 2082 436 sexa-
2114 379 2160 433 A
2192 395 2312 435 non
2345 381 2624 447 facerem,
2653 382 2701 438 si
2729 383 2859 439 hac
2886 386 3028 438 Acta
3066 381 3328 445 ederem,
3377 397 3450 438 ex
3495 383 3856 454 apograpbo

430 472 593 541 ginta
619 473 831 528 tribus.
870 494 895 523 «
930 475 1149 528 Omnes
1173 484 1370 529 autem
1396 476 1714 546 provincia
1741 473 2078 542 Ethiopum

431 561 691 617 ecclesiis
732 561 968 631 repleta
1010 563 1320 618 Catholicis
1367 580 1551 634 usque
1603 565 1662 618 in
1720 563 2076 618 hodiernum

430 649 612 712 diem,
655 651 850 720 inquit
885 657 1112 714 auctor,
1160 668 1264 722 per
1294 653 1684 723 Ephigeniam
1717 649 2082 706 benedicunt

432 739 639 802 Deum,
675 744 732 792 et
759 739 906 793 ﬁunt
933 739 1223 794 mirabilia
1269 757 1490 812 magna
1522 742 1597 796 ad
1644 739 2081 795 confessionem

429 826 584 882 beati
608 827 860 897 apostoli
894 829 1159 882 Matthai.
1197 851 1224 878 »
1251 830 1472 900 Itaque,
1499 830 1548 884 si
1578 831 1732 884 Actis
1756 827 2076 888 credimus,

431 917 588 970 circa
620 915 884 971 medium
914 916 1112 971 saculi
1144 933 1181 971 ιι
1210 919 1401 988 magis
1427 918 1726 974 Catholica
1761 917 1878 971 ﬁde
1912 914 2081 969 ﬂore-

428 1004 533 1060 bat
583 1004 837 1060 Ecclesia
879 1007 1209 1077 lEthiopia,
1261 1023 1446 1078 quam
1513 1007 1630 1062 ulla
1681 1005 1797 1062 alia
1849 1006 1907 1059 in
1961 1008 2082 1058 toto

428 1095 679 1149 mundo.

500 1187 550 1238 9.
594 1187 662 1237 At
683 1199 752 1238 ea
784 1198 1027 1253 prorsus
1057 1184 1420 1240 incredibilia
1446 1190 1582 1240 sunt
1604 1201 1676 1239 ex
1699 1182 1927 1239 silentio
1959 1197 2084 1237 om-

429 1273 595 1326 nium
618 1272 970 1344 scriptorum
997 1272 1400 1343 antiquorum.
1428 1273 1573 1328 Cum
1603 1274 1760 1328 enim
1783 1270 2084 1336 IEthiopia

426 1360 681 1432 Egypto
713 1361 783 1414 sit
813 1361 1199 1426 contermina,
1228 1378 1346 1417 non
1370 1364 1700 1433 potuissent
1721 1363 1920 1417 Patres
1962 1359 2084 1414 alii-

427 1464 542 1520 que
589 1449 902 1519 scriptores
930 1449 1262 1514 Christiani,
1309 1451 1411 1522 qui
1459 1450 1759 1523 prioribus
1814 1448 2084 1504 Ecclesia

427 1537 660 1592 saculis
713 1537 1040 1592 ﬂoruerunt
1087 1540 1146 1593 in
1199 1539 1468 1610 ngypto,
1523 1541 1580 1594 in
1637 1539 1962 1602 Palastina,
2023 1536 2083 1591 in

428 1626 642 1690 Africa,
676 1634 778 1682 aut
807 1628 983 1682 etiam
1024 1627 1080 1682 in
1115 1629 1433 1698 provinciis
1455 1629 1533 1684 ab
1559 1628 1856 1699 Ethiopia
1888 1627 2080 1695 magis

2192 475 2390 524 nostro
2418 471 2836 528 brevissimum
2861 473 3020 527 dabo
3049 472 3496 543 compendium,
3530 472 3693 544 quod
3729 472 3854 528 suf.

2192 559 2346 614 ﬁciet
2366 561 2438 614 ad
2475 560 2651 616 ﬁdem
2681 563 2752 616 iis
2783 561 3238 617 detrahendam.

2272 655 2348 702 tt.
2381 651 2762 706 Constituitur
2781 657 3024 706 sanctus
3044 650 3352 706 Matthaus
3378 652 3552 723 quasi
3571 666 3641 706 ex
3667 650 3851 706 abru-

2193 742 2293 808 pto
2325 737 2484 792 solus
2512 740 2569 794 in
2603 747 2802 795 monte
2834 756 3034 806 orans,
3073 740 3399 811 vidensque
3441 756 3657 811 pueros
3695 740 3850 795 mul-

2193 832 2283 882 tos
2314 844 2451 883 cum
2481 829 2619 884 .lesu
2662 829 2910 901 parvulo
2942 831 3003 885 in
3047 830 3332 900 paradiso
3359 835 3687 885 cantantes.
3723 833 3849 886 Mox

2192 915 2360 970 adest
2401 919 2574 972 Jesus
2622 920 2834 984 oranti,
2878 925 2935 973 et
2983 918 3291 990 apostolus
3331 919 3541 973 videns
3589 935 3850 990 puerum

2193 1005 2684 1075 pulcherrimum,
2710 1007 2965 1063 multum
2980 1006 3397 1062 sollicitudinis
3412 1007 3704 1074 insinuat,
3725 1023 3850 1078 quo

2193 1108 2330 1148 eum
2371 1094 2553 1149 modo
2609 1097 2832 1151 nutrire
2873 1096 3058 1166 possit
3099 1096 3159 1149 in
3205 1095 3336 1150 loco
3377 1094 3630 1160 deserto,
3678 1095 3853 1150 omni

2194 1182 2330 1236 cibo
2359 1188 2416 1236 et
2446 1189 2588 1252 potu
2619 1183 2954 1238 destitutus.
2978 1187 3049 1238 At
3063 1186 3230 1238 Jesus
3255 1183 3508 1254 explicat
3529 1184 3662 1254 quis
3678 1184 3854 1245 sit,et

2194 1275 2329 1339 post
2360 1270 2577 1326 multos
2601 1288 2906 1328 sermones
2950 1272 3191 1328 minime
3224 1270 3594 1335 verisimiles,
3626 1271 3850 1343 quibus

2194 1357 2345 1414 inter
2375 1359 2490 1414 alia
2516 1359 2677 1426 dicit,
2707 1361 2992 1416 Herodem
3025 1361 3083 1414 in
3115 1360 3346 1415 inferno
3377 1375 3509 1415 esse
3540 1359 3619 1414 ob
3649 1359 3853 1416 occisa

2194 1447 2472 1503 undecim
2527 1465 2852 1520 puerorum
2892 1449 3096 1514 millia,
3132 1449 3402 1504 Matthao
3455 1449 3555 1504 dat
3589 1449 3848 1518 virgam,

2193 1553 2377 1609 quam
2414 1537 2584 1606 jubet
2636 1537 2906 1609 plantare
2934 1538 3106 1608 juxta
3139 1545 3371 1609 portam
3403 1537 3668 1593 ecclesia
3722 1535 3856 1591 fun-

2194 1625 2346 1681 data
2374 1627 2451 1681 ab
2478 1626 2608 1697 ipso
2635 1627 2937 1682 etAndrea
2963 1626 3233 1698 apostolo
3251 1628 3309 1682 in
3337 1627 3568 1682 civitate
3597 1626 3857 1681 Anthro-

425 1715 982 1783 remotis,ignorare
1007 1716 1325 1771 Ecclesiam
1354 1718 1518 1787 regni
1546 1716 1902 1789 amplissimi
1930 1716 2081 1772 adeo
2117 1724 2161 1779 Β
2195 1716 2636 1787 pophagorum.
2668 1717 2904 1786 Virgam
2931 1716 3072 1772 dicit
3119 1717 3513 1772 evasuramin
3546 1715 3850 1780 arborem,

426 1803 756 1870 ﬂorentem,
789 1810 844 1860 et
876 1805 948 1860 de
990 1821 1060 1859 ea
1088 1822 1334 1876 prorsus
1361 1811 1573 1861 tacere.
1609 1806 1828 1861 Deinde
1858 1821 1996 1859 vero
2030 1805 2078 1859 si

424 1893 755 1951 Christiana
784 1896 934 1950 ﬁdes
963 1903 1078 1951 tam
1099 1897 1250 1952 bene
1275 1897 1519 1954 fundata
1540 1899 1746 1953 fuisset
1777 1899 1834 1953 in
1865 1897 2082 1953 [Ethio-

425 1982 542 2053 pia,
577 1999 699 2038 non
729 1985 1019 2052 potuisset
1048 1985 1362 2046 eliminari.
1410 1987 1519 2041 nisi
1556 1987 1918 2056 gravissimis
1950 2002 2079 2057 per-

425 2073 829 2127 secutionibus
865 2080 918 2127 et
951 2074 1126 2142 longo
1159 2079 1448 2146 tempore.
1487 2079 1562 2130 De
1595 2076 1686 2131 his
1718 2082 1917 2131 autem
1951 2091 2078 2146 per-

425 2161 832 2217 secutionibus
865 2162 1074 2217 saltem
1095 2164 1449 2219 innotuisset
1475 2165 1708 2220 illorum
1738 2170 2079 2236 temporum

426 2248 834 2318 scriptoribus,
858 2251 960 2320 qui
984 2251 1057 2305 de
1088 2251 1202 2305 illis
1231 2267 1349 2307 non
1380 2253 1720 2322 tacuissent,
1758 2259 1934 2323 prout
1960 2268 2077 2308 non

426 2352 636 2390 omnes
652 2342 960 2392 tacuerunt
986 2339 1059 2392 de
1082 2341 1595 2410 persecutionibus
1613 2342 2080 2396 Christianorum

425 2425 485 2480 in
504 2425 755 2489 Perside,
769 2426 865 2480 ubi
885 2427 1029 2482 ﬁdes
1048 2444 1360 2500 nunquam
1378 2435 1496 2485 tam
1515 2430 1666 2485 bene
1684 2430 1791 2485 fuit
1808 2429 2078 2497 stabilita,

423 2530 609 2586 quam
637 2515 956 2571 stabilitam
985 2516 1163 2572 fuisse
1182 2519 1237 2572 in
1254 2518 1549 2590 Ethiopia
1573 2525 1778 2575 auctor
1799 2521 2079 2575 Actorum

425 2603 725 2659 conﬁnxit.
750 2607 864 2659 Hoc
898 2610 1100 2662 tamen
1117 2614 1540 2676 argumentum
1557 2607 1740 2663 nolim
1757 2609 1938 2664 lector
1961 2625 2080 2664 ver-

426 2695 509 2747 tat
537 2699 742 2748 contra
773 2694 1258 2764 pradicationem
1303 2696 1494 2767 ipsam
1525 2699 1710 2752 sancti
1743 2698 1992 2753 Matthai
2019 2700 2079 2752 in

425 2781 741 2853 lEthiopia,
781 2782 852 2837 de
896 2799 1017 2854 qua
1064 2801 1171 2839 suo
1213 2785 1343 2839 loco
1393 2802 1570 2857 agam
1607 2803 1618 2840 :
1665 2802 1884 2857 magna
1921 2788 2077 2841 enim

425 2874 515 2925 est
545 2869 950 2941 discrepantia
987 2872 1136 2926 inter
1183 2873 1511 2944 simplicem
1544 2874 1680 2929 ﬁdei
1709 2875 2080 2945 pradicatio-

423 2973 562 3012 nem
586 2975 722 3013 cum
753 2960 1039 3014 nonnullo
1072 2961 1247 3016 etiam
1293 2963 1505 3025 fructu,
1542 2967 1598 3017 et
1624 2964 2078 3018 conversionem

423 3047 603 3103 totius
635 3049 822 3114 regni,
855 3064 986 3118 qua
1017 3049 1092 3104 ad
1127 3049 1419 3117 integrum
1467 3051 1584 3105 fere
1625 3052 1913 3107 saculum
1953 3054 2078 3108 sine

426 3136 939 3205 persecutionibus
959 3136 1159 3192 fuisset
1187 3140 1532 3195 continuata
1555 3139 1886 3196 secundum
1915 3144 2074 3212 Acta,

425 3230 481 3279 et
512 3225 594 3278 sic
624 3225 842 3294 optime
875 3225 1126 3281 ﬁrmata.
1156 3229 1446 3282 Caterum
1485 3228 1667 3285 multa
1697 3246 1937 3302 quoque
1962 3232 2080 3288 alia

425 3311 484 3367 in
520 3313 675 3368 Actis
715 3319 852 3368 sunt
897 3314 1337 3384 improbabilia.
1369 3333 1500 3387 qua
1533 3317 1782 3373 breviter
1810 3319 1869 3373 in
1896 3320 2077 3374 adno-

425 3402 563 3456 tatis
596 3402 924 3471 assignabo
951 3420 962 3456 :
991 3419 1132 3458 nam
1166 3405 1290 3460 hac
1315 3407 1480 3472 Acta,
1505 3408 1782 3477 quamvis
1810 3408 2082 3466 fabulosa

425 3489 561 3551 sint,
622 3490 796 3546 edere
842 3493 1038 3560 statui,
1092 3494 1236 3564 quia
1291 3497 1476 3550 Latini
1531 3497 1906 3562 recentiores,
1977 3496 2082 3568 qui

424 3586 612 3649 agunt
652 3581 725 3636 de
763 3588 964 3637 sancto
998 3583 1290 3650 Mattbao,
1325 3585 1530 3642 omnia
1555 3585 1674 3641 fere
1710 3603 1818 3642 sua
1864 3604 1934 3642 ex
1967 3588 2082 3645 illis

425 3668 780 3728 hauserunt.

504 3763 584 3814 10.
629 3761 773 3815 Acta
803 3761 1024 3828 Graca,
1057 3778 1128 3817 ex
1182 3762 1402 3833 quibus
1447 3765 1798 3820 recentiores
1830 3765 2083 3837 quidam

424 3847 499 3904 de
551 3855 752 3905 sancto
813 3851 1084 3906 Matthao
1139 3857 1406 3922 egerunt,
1464 3854 1638 3908 nobis
1688 3854 1954 3910 similiter
2006 3855 2082 3910 ad

427 3953 676 3992 manum
729 3944 889 4004 sunt,
933 3941 1230 4012 descripta
1279 3957 1346 3994 ex
1403 3941 1608 3997 codice
1653 3944 1936 3999 Vaticano
1980 3947 2082 4000 808

425 4026 578 4082 inter
602 4027 859 4082 Gracos.
888 4028 1036 4082 Nihil
1072 4029 1196 4084 hac
1224 4029 1448 4085 habent
1471 4047 1790 4087 commune
1812 4050 1950 4088 cum
1985 4035 2085 4090 La-

428 4116 564 4171 tinis
584 4116 764 4172 modo
798 4116 1153 4188 improbatis
1179 4135 1191 4184 ;
1213 4118 1314 4173 sed
1345 4120 1508 4175 hisce
1530 4121 1709 4176 etiam
1737 4123 1925 4190 magis
1948 4128 2086 4178 sunt

430 4203 728 4266 informia,
761 4208 1071 4278 magisque
1101 4207 1372 4270 ridicula,
1407 4225 1544 4264 cum
1577 4226 1696 4265 non
1729 4211 1837 4265 nisi
1869 4227 2087 4282 pauco-

429 4309 562 4350 rum
607 4293 837 4349 dierum
880 4303 1045 4363 gesta
1087 4296 1206 4352 fere
1247 4300 1610 4364 contineant,
1651 4303 1707 4354 et
1758 4299 1899 4355 nihil
1940 4301 2085 4355 refe-

429 4389 565 4439 rant
591 4389 797 4452 prater
827 4384 1053 4456 aliquot
1091 4387 1251 4442 facta
1285 4392 1340 4440 et
1372 4385 1646 4458 prodigia
1685 4387 1859 4460 plane
1903 4393 2086 4444 incre-

2193 1805 2450 1876 indeque
2469 1805 2757 1860 oriturum
2789 1805 3037 1869 fontem,
3069 1807 3142 1861 de
3171 1822 3288 1877 quo
3331 1806 3410 1860 uti
3441 1811 3497 1860 et
3521 1805 3594 1859 de
3635 1806 3853 1860 arbore

2192 1896 2600 1965 adjunguntur
2616 1894 2844 1950 fabella
2859 1894 3134 1966 plurima
3151 1911 3165 1961 ;
3185 1896 3586 1967 pradictoque
3599 1895 3854 1949 demum

2195 1984 2477 2054 martyrio
2508 1984 2760 2039 Matthai
2793 2000 2896 2055 per
2943 1985 3165 2054 ignem,
3213 2001 3358 2055 puer
3383 1983 3580 2038 subito
3615 1983 3693 2038 ad
3735 1999 3855 2039 cce-

2191 2071 2316 2127 lum
2349 2074 2676 2128 revertitur.
2704 2074 3009 2129 Matthaus
3036 2089 3174 2128 vero
3201 2073 3278 2129 ad
3303 2071 3512 2128 urbem
3543 2078 3854 2143 prOperat,

2190 2162 2438 2232 quando
2450 2169 2769 2218 occurrunt
2785 2162 3093 2218 Phulbana
3109 2163 3330 2235 regina,
3354 2162 3697 2218 Phulbanus
3718 2163 3853 2232 ejus

2193 2249 2369 2316 ﬁlius,
2415 2255 2474 2305 et
2524 2250 2702 2320 hujus
2753 2267 2896 2306 uxor
2946 2252 3118 2316 Erba,
3179 2267 3387 2306 omnes
3434 2249 3850 2319 energumeni,

2191 2345 2247 2393 et
2295 2339 2568 2394 Matthao
2613 2339 2972 2404 minitantes,
3020 2355 3094 2394 ne
3144 2339 3440 2411 plantaret
3476 2339 3731 2409 virgam.
3777 2345 3854 2394 At

2190 2427 2284 2482 his
2326 2427 2576 2496 singulis
2619 2443 2834 2483 manus
2884 2429 3222 2499 imponens,
3286 2427 3459 2499 ejecit
3512 2428 3852 2495 damones,

2190 2521 2245 2570 et
2277 2531 2414 2570 mox
2442 2515 2687 2570 obvium
2721 2515 2928 2571 habuit
2969 2516 3272 2573 Platonem
3316 2517 3665 2588 episcopum
3707 2532 3852 2571 cum

2191 2609 2312 2659 toto
2343 2604 2518 2660 clero.
2556 2606 2924 2673 Congregato
2955 2605 3171 2661 deinde
3204 2605 3448 2676 populo,
3506 2620 3848 2660 sermonem

2191 2693 2453 2758 instituit,
2497 2699 2553 2748 et
2593 2694 2822 2761 virgam
2855 2694 3107 2764 plantat,
3149 2705 3227 2760 et,
3265 2695 3512 2764 jubente
3541 2693 3844 2765 apostolo,

2192 2783 2350 2837 Plato
2380 2784 2646 2852 reginam
2679 2783 2924 2855 ejusque
2965 2783 3154 2838 ﬁlium
3197 2791 3252 2838 et
3294 2799 3510 2838 nurum
3559 2783 3847 2851 baptizat.

2191 2871 2471 2926 Postridie
2509 2873 2672 2934 virga
2712 2873 2769 2926 in
2810 2872 3086 2928 arborem
3128 2879 3390 2928 creverat
3418 2879 3471 2927 et
3511 2872 3732 2928 ﬂuvius
3773 2889 3847 2928 ex

2189 2960 2400 3016 arbore
2459 2961 2896 3029 egrediebatur.
2955 2961 3214 3033 Populus
3273 2977 3411 3016 vero
3465 2961 3850 3017 manducans

2191 3049 2444 3104 fructum
2481 3051 2710 3104 arboris
2744 3050 3023 3118 cognovit
3063 3066 3125 3106 se
3164 3050 3394 3105 nudum
3432 3066 3580 3115 esse,
3632 3051 3849 3104 erube-

2191 3145 2540 3210 scentesque
2593 3139 2807 3207 singuli
2842 3140 3090 3194 domum
3123 3143 3510 3194 cucurrerunt
3547 3140 3618 3193 ad
3651 3144 3848 3193 vestes

2189 3228 2652 3297 comparandas.
2705 3228 2865 3284 Mitto
2897 3244 3089 3298 nugas
3135 3229 3380 3294 similes,
3443 3235 3503 3284 ut
3550 3228 3720 3284 citius
3768 3228 3847 3283 ad

2189 3315 2407 3371 fabula
2438 3317 2850 3388 catastrOphen
2877 3318 3306 3388 perveniamus.

2264 3409 2344 3458 l2.
2394 3405 2739 3460 Phulbanus
2792 3423 2913 3472 rex,
2973 3406 3261 3462 excitatus
3316 3422 3352 3461 a
3395 3405 3696 3469 damone,
3745 3406 3851 3460 diu

2189 3495 2404 3548 frustra
2432 3495 2767 3550 Matthaum
2809 3495 3315 3566 comprehendere
3347 3503 3616 3559 conatur,
3653 3511 3723 3550 ac
3751 3494 3852 3550 de-

2192 3598 2378 3646 mum,
2416 3583 2515 3638 ubi
2548 3584 2745 3653 ipsum
2765 3584 3178 3652 advocaverat,
3211 3584 3471 3640 cacitate
3503 3585 3848 3652 percutitur.

2191 3673 2447 3728 Sanatus
2484 3674 2558 3728 ab
2596 3673 2886 3744 apostolo;
2934 3673 3094 3729 hunc
3121 3674 3208 3728 vel
3242 3674 3327 3728 sic
3370 3675 3853 3747 comprehendit.

2191 3767 2245 3816 et
2297 3761 2491 3831 longis
2530 3762 2715 3817 clavis
2765 3768 2933 3818 terra
2984 3762 3140 3833 afﬁgi
3179 3763 3370 3834 jubet,
3416 3765 3854 3837 materiemque

2195 3849 2443 3906 multam
2474 3850 2642 3906 facile
2684 3852 3162 3908 combustibilem
3188 3853 3345 3909 circa
3371 3854 3571 3924 ipsum
3604 3869 3854 3924 congre-

2194 3938 2342 4010 gari,
2386 3946 2439 3994 et
2487 3938 2570 3994 sic
2614 3941 2906 3997 comburi.
2967 3943 3177 3997 Verum
3236 3943 3551 3998 combusta
3599 3943 3852 4015 quidem

2195 4028 2444 4083 materia
2483 4030 2924 4102 circumposita,
2959 4047 3074 4087 non
3117 4031 3254 4087 item
3295 4031 3472 4086 lasus
3509 4031 3850 4104 apostolus.

2191 4117 2559 4187 Jussitigitur
2580 4135 2679 4174 rex
2702 4119 3020 4174 duodecim
3039 4120 3186 4174 deos
3213 4135 3426 4175 aureos
3447 4127 3502 4176 et
3527 4126 3852 4189 argenteos

2195 4206 2414 4261 circum
2446 4223 2656 4279 pyram
2694 4209 2854 4279 poni,
2899 4224 2971 4262 ne
3009 4211 3092 4263 vis
3124 4208 3385 4264 ﬂamma
3415 4209 3805 4281 impediretur
3834 4228 3850 4276 ;

2195 4297 2530 4368 ipsequead
2563 4297 2761 4352 locum
2793 4299 3148 4352 accessit.At
3180 4299 3279 4353 ubi
3316 4298 3848 4370 incensaestpyra,

2197 4400 2334 4439 mox
2375 4385 2526 4455 ignis
2559 4385 2796 4440 recessit
2831 4402 2864 4440 a
2911 4387 3200 4452 Matthao,
3235 4388 3677 4460 combussitque
3723 4404 3855 4444 om-

431 4471 660 4528 dibilia.
688 4475 905 4529 Horum
931 4481 1212 4530 Actorum
1234 4476 1660 4547 compendium
1681 4478 1783 4533 dat
1803 4478 2087 4549 Nicepho-
2121 4483 2163 4536 D
2199 4490 2300 4528 nes
2318 4475 2462 4529 deos
2489 4491 2699 4529 aureos
2713 4481 2768 4529 et
2789 4483 3124 4544 argenteos,
3157 4475 3602 4548 fugientemque
3645 4493 3852 4548 regem

431 4577 531 4617 rus
581 4561 872 4627 Callistus,
917 4562 1018 4618 lib.
1078 4581 1114 4618 u
1167 4565 1452 4629 Historia,
1507 4581 1639 4637 cap.
1691 4569 1779 4621 41.
1845 4569 1921 4621 De
1973 4567 2085 4622 hoc

433 4651 793 4721 compendio
811 4652 1165 4708 Baroniusin
1180 4653 1481 4709 adnotatis
1498 4654 1573 4708 ad
1599 4655 2082 4726 Martyrologium

432 4741 515 4796 ita
560 4741 839 4812 loquitur.
878 4764 905 4790 «
947 4742 1242 4798 Nonnulla
1281 4742 1354 4797 de
1389 4743 1659 4799 Matthao
1699 4745 1898 4800 scribit
1926 4745 2087 4802 Nice-

433 4829 677 4902 phorus,
707 4829 808 4884 lib.
844 4846 903 4893 ιι,
943 4847 1068 4902 cap.
1116 4832 1176 4886 41
1206 4850 1221 4900 ;
1265 4831 1367 4886 sed
1401 4848 1534 4903 qua
1567 4832 1786 4888 nullius
1844 4851 2086 4905 prorsus

435 4924 574 4973 sunt
617 4919 954 4975 testimonio
1002 4920 1414 4992 comprobata.
1447 4941 1469 4971 ι)
1507 4921 1602 4976 Vel
1636 4922 1718 4977 sic
1754 4927 1951 4978 tamen
2000 4925 2087 4980 Ni-

435 5009 676 5078 cephori
720 5009 1145 5078 compendium
1177 5010 1333 5064 Actis
1357 5011 1500 5080 ipsis
1534 5011 1730 5066 minus
1763 5013 1974 5069 saltem
2003 5019 2088 5070 est

435 5097 791 5163 ridiculum;
827 5114 963 5153 cum
1013 5098 1198 5154 multa
1241 5100 1508 5157 omiserit
1555 5102 1841 5170 adjuncta
1890 5103 2085 5172 magis

437 5191 638 5256 aperte
668 5184 965 5252 fabulosa,
989 5193 1046 5242 et
1073 5188 1235 5243 initio
1268 5205 1461 5259 pauca
1496 5191 1933 5260 prtemiseritde
1951 5209 2085 5248 san-

437 5279 532 5330 cto
569 5277 838 5330 Matthao
857 5275 1096 5332 aliunde
1128 5283 1285 5333 nota.
1313 5281 1389 5334 Ex
1433 5279 1641 5334 iisdem
1676 5281 1830 5335 Actis
1856 5287 2086 5336 contra-

437 5367 596 5420 ctum
626 5369 714 5420 est
738 5364 1016 5433 elogium,
1040 5368 1201 5439 quod
1233 5369 1512 5424 exhibent
1551 5372 1766 5425 Meuaa
1797 5371 2088 5441 impressa

438 5452 512 5509 ad
548 5470 641 5508 xvr
664 5453 1008 5511 Novembris
1043 5480 1053 5520 ;
1086 5457 1186 5512 sed
1211 5464 1266 5512 et
1289 5457 1367 5513 ibi
1395 5458 1600 5530 aliqua
1623 5459 1787 5513 initio
1809 5459 2087 5515 dicuntur

439 5557 510 5598 ex
541 5541 670 5598 aliis
700 5543 1074 5602 documentis
1116 5552 1374 5618 accepta.
1409 5550 1553 5602 Cum
1595 5563 1786 5618 opera
1829 5550 2082 5620 pretium

2199 4565 2486 4635 serpentis
2511 4564 2708 4635 specie
2739 4563 3063 4630 insecutus,
3090 4565 3439 4634 prohibebat
3467 4566 3544 4622 ab
3576 4568 3852 4635 ingressu

2199 4651 2399 4724 palatii
2431 4653 2542 4719 sui,
2572 4655 2763 4708 donec
2805 4659 3192 4709 reverteretur
3235 4654 3310 4709 ad
3363 4656 3715 4717 Mattbaum,
3771 4656 3855 4711 ab

2199 4757 2388 4813 eoque
2431 4742 2904 4797 misericordiam
2953 4749 3191 4813 peteret.
3243 4746 3411 4810 Tum,
3454 4750 3662 4800 orante
3711 4746 3856 4800 Mat-

2199 4836 2372 4896 thao,
2400 4835 2608 4904 igneus
2637 4833 2813 4889 draco
2844 4835 3085 4888 evanuit
3111 4849 3124 4899 ;
3157 4834 3468 4906 apostolus
3497 4850 3637 4889 vero
3671 4850 3856 4890 orans

2198 4924 2460 4993 spiritum
2486 4925 2603 4978 Deo
2630 4923 2888 4988 tradidit,
2923 4929 2977 4978 et
2999 4923 3242 4994 quidem
3265 4923 3362 4978 die
3395 4929 3454 4981 l6
3479 4923 3854 4990 Novembris,

2200 5013 2246 5067 si
2292 5013 2605 5068 fabulatori
2639 5011 2963 5068 credimus.
2993 5016 3061 5068 At
3106 5012 3360 5068 necdum
3403 5012 3744 5068 fabularum
3787 5013 3857 5068 ﬁ-

2198 5104 2310 5160 nis.
2347 5104 2523 5157 Jubet
2569 5119 2667 5157 rex
2699 5102 2958 5158 defuncti
3000 5117 3236 5173 corpus,
3282 5118 3464 5158 aureo
3494 5103 3853 5172 impositum

2198 5194 2367 5257 lecto,
2397 5191 2473 5248 ad
2499 5191 2784 5262 palatium
2817 5208 2994 5246 suum
3019 5191 3292 5262 perferri:
3319 5191 3852 5248 deindeinclusum

2199 5299 2351 5338 arca
2377 5284 2596 5347 ferrea;
2629 5281 2879 5351 plumbo
2911 5283 3089 5336 etiam
3113 5287 3394 5350 gravata,
3430 5281 3486 5334 in
3522 5297 3685 5336 mare
3719 5297 3852 5352 pro-

2193 5372 2315 5443 jici,
2357 5378 2417 5426 ut
2459 5371 2740 5434 crederet,
2784 5371 2826 5424 si
2874 5385 3091 5440 corpus
3132 5385 3203 5424 ex
3245 5371 3393 5426 mari
3433 5369 3650 5425 rediret
3692 5370 3853 5426 inco-

2197 5462 2375 5517 lume.
2424 5461 2520 5514 His
2553 5461 2822 5530 peractis,
2857 5465 3102 5531 apparet
3128 5466 3370 5513 sanctus
3397 5458 3701 5514 Matthaus
3723 5459 3850 5517 Plao

2197 5551 2318 5609 toni
2341 5550 2644 5622 episcopo,
2676 5555 3016 5620 monetque,
3050 5553 3110 5604 ut
3139 5547 3214 5604 ad
3238 5563 3402 5604 mare
3424 5547 3707 5620 procedat
3737 5551 3848 5606 ritu
