4144 6184
279 278 388 332 757

1657 274 1822 331 VITA
1862 274 1922 330 S.
1965 273 2334 331 ΜΛΤΤΗᾹΞΙ.

3598 282 3703 339 758

277 400 531 457 solemni
562 415 698 455 cum
720 397 874 455 clero
906 414 1037 455 suo.
1071 398 1221 455 Cum
1260 398 1338 455 ibi
1369 403 1588 465 essent,
1629 398 1784 456 circa
1811 414 1941 455 sex-
1972 400 2019 455 A
2050 405 2104 455 et
2132 400 2195 455 in
2214 399 2374 457 idem
2402 401 2627 469 recidit,
2658 404 2809 459 sicut
2836 407 2895 459 et
2924 403 3154 477 reliqua
3182 407 3406 471 omnia,
3461 406 3703 465 duobus

275 497 394 547 tam
411 488 528 545 diei
542 490 749 545 horam
767 487 1314 561 videtelonginquo
1327 489 1648 561 episcopus
1666 496 1939 545 sanctum

276 578 612 635 Matthmum
630 578 781 633 inter
805 577 958 632 duos
988 577 1147 632 viros
1165 576 1576 633 ambulantem
1599 593 1704 648 per
1726 592 1890 633 mare
1914 594 1926 631 :

276 672 413 741 post
432 668 644 723 horam
673 666 829 722 videt
856 681 1095 721 crucem
1140 681 1171 720 e
1218 669 1367 722 mari
1426 672 1850 735 emergentem,
1881 671 1939 721 et

274 756 353 811 ad
384 755 566 811 ﬁnem
589 754 781 811 crucis
807 771 1029 821 arcam,
1062 755 1121 810 in
1152 770 1275 827 qua
1305 760 1429 810 erat
1457 755 1656 811 Sancti
1696 770 1938 826 corpus.

272 846 411 900 Haac
440 850 641 900 autem
674 860 908 900 crucem
933 844 1294 917 sequebatur
1334 860 1527 917 usque
1567 845 1644 901 ad
1696 850 1934 900 terram.

344 938 433 991 13.
468 935 546 989 Re
584 933 901 999 intellecta,
944 933 1193 990 accurrit
1217 934 1499 1005 populus,
1542 938 1600 990 et
1634 950 1737 990 rex
1784 934 1933 1004 ipse,

269 1023 545 1095 deposita
566 1024 727 1078 omni
756 1022 1187 1088 incredulitate,
1215 1025 1462 1090 accedit,
1482 1028 1812 1096 prostratus
1843 1038 1935 1077 ve-

270 1112 437 1168 niam
456 1112 616 1184 petit,
650 1120 705 1168 et
726 1111 908 1168 ﬁdem
948 1113 1343 1184 amplectitur.
1379 1114 1572 1178 Quare
1610 1112 1937 1169 honoriﬁce

270 1200 351 1257 ad
380 1200 691 1256 ecclesiam
723 1208 992 1274 portatur
1030 1217 1250 1273 corpus
1284 1201 1475 1257 sancti
1506 1202 1782 1257 Matthaei.
1830 1202 1936 1259 Ba-

270 1290 483 1361 ptizato
521 1291 641 1361 regi
674 1296 852 1346 noctu
879 1297 1121 1346 sanctus
1184 1291 1491 1347 Matthreus
1554 1292 1851 1364 apparuit,
1878 1297 1935 1348 et

270 1379 613 1435 Matthmum
644 1380 838 1435 vocari
859 1380 1057 1452 jussit,
1092 1386 1148 1436 et
1168 1381 1589 1452 presbyterum
1612 1381 1933 1450 ordinavit,

270 1468 457 1525 ﬁlium
488 1485 625 1524 vero
665 1469 794 1540 ejus
823 1470 1170 1533 diaconum,
1208 1470 1515 1541 utriusque
1559 1486 1771 1525 uxores
1806 1471 1932 1525 dia-

270 1559 564 1624 conissas,
592 1558 865 1614 omnium
894 1574 1138 1631 quoque
1170 1559 1410 1614 mutatis
1424 1558 1787 1614 nominibus.
1816 1562 1933 1615 Rex

269 1647 447 1718 igitur
473 1664 684 1703 omnes
714 1649 773 1703 in
812 1662 1000 1718 regno
1031 1664 1140 1702 suo
1164 1647 1345 1720 jussit
1381 1663 1509 1704 esse
1547 1649 1932 1715 Christianos,

2049 490 2304 561 exceptis
2333 490 2498 557 locis,
2531 492 2591 546 in
2620 492 2844 564 quibus
2878 492 3170 563 interpres
3222 495 3499 552 alteruter
3531 498 3700 553 aber-

2049 578 2220 643 ravit,
2254 583 2359 635 aut
2387 580 2656 637 codicem
2679 580 3280 653 habuitcorruptum,
3318 588 3377 639 ut
3409 585 3584 640 latius
3615 585 3703 641 di-

2049 683 2207 736 cam,
2236 668 2335 723 ubi
2361 674 2571 740 agetur
2599 670 2673 725 de
2707 670 3125 741 praedicatione
3184 674 3374 727 sancti
3428 675 3700 743 Matthaei,

2048 756 2126 812 ad
2157 772 2341 828 quam
2367 758 2534 813 locus
2561 766 2808 831 uterque
2832 764 3080 830 spectat,
3124 764 3229 816 aut
3260 759 3322 815 in
3355 761 3699 818 Adnotatis.

2051 845 2217 901 Dabo
2236 845 2365 902 haic
2387 848 2552 912 Acta,
2583 848 2818 904 etiamsi
2849 864 2971 904 non
2992 848 3111 903 sint
3140 851 3509 905 auctoritatis
3543 866 3706 906 sum-

2048 936 2464 1006 maa,quianon
2483 937 2782 992 habemus
2800 937 3047 993 meliora
3066 937 3141 994 de
3161 943 3367 995 sancto
3396 940 3667 996 Matthaao
3680 955 3701 1007 ;

2049 1040 2387 1096 sequarque
2408 1025 2729 1082 editionem
2758 1028 2926 1095 Surii,
2962 1027 3147 1083 altera
3178 1028 3530 1099 planiorem,
3585 1046 3705 1085 me-

2046 1113 2394 1186 lioremque,
2437 1122 2500 1170 ut
2524 1115 2817 1181 existimo,
2849 1117 2971 1172 imo
2998 1117 3076 1173 ab
3115 1118 3247 1189 ipso
3307 1118 3485 1175 etiam
3536 1119 3705 1190 Lipo-

2047 1218 2222 1257 mano
2251 1204 2476 1268 datam,
2509 1210 2652 1259 tom.
2688 1207 2801 1271 νη,
2849 1206 2951 1261 ubi
2993 1206 3092 1261 fol.
3142 1210 3247 1262 256
3288 1207 3482 1271 docet,
3521 1209 3703 1263 inter-

2044 1292 2226 1363 pretis
2258 1292 2613 1348 esseSirleti.
2669 1297 2744 1349 Ex
2803 1295 2896 1350 his
2957 1300 3158 1351 autem
3218 1297 3380 1351 Actis
3437 1297 3703 1368 prudens

2041 1380 2224 1436 lector
2253 1382 2520 1451 colligere
2560 1384 2790 1455 poterit,
2819 1384 3247 1455 Metaphrasten
3289 1402 3407 1441 non
3440 1402 3568 1441 esse
3622 1386 3705 1443 fa-

2042 1469 2323 1526 bularum
2354 1472 2745 1538 inventorem,
2790 1473 3200 1545 utfrequenter
3226 1475 3704 1548 asseruntaliqui

2043 1559 2241 1624 critici,
2278 1561 2540 1616 maxime
2565 1561 2854 1617 Bailletus.
2876 1563 2931 1617 Si
2962 1562 3121 1617 enim
3151 1563 3370 1633 ﬁngere
3396 1563 3700 1630 voluisset,

2042 1648 2102 1704 id
2122 1649 2315 1704 facere
2337 1649 2626 1720 potuisset
2654 1666 2775 1706 non
2813 1651 3011 1707 minus
3040 1651 3115 1707 de
3171 1660 3376 1708 sancto
3430 1653 3700 1710 Matthaao

274 1735 506 1808 alioque
536 1752 675 1807 rege
692 1737 1037 1801 constituto,
1079 1743 1135 1792 et
1158 1745 1394 1792 mortuo
1427 1744 1557 1809 post
1613 1739 1932 1794 triennium
1966 1750 2011 1807 Β
2042 1743 2100 1793 et
2129 1738 2256 1793 aliis
2286 1739 2595 1809 apostolis,
2626 1740 2699 1795 de
2729 1756 2990 1811 quorum
3044 1743 3222 1810 gestis
3260 1759 3459 1813 pauca
3504 1743 3701 1799 solum

272 1826 535 1891 Platone,
569 1826 760 1882 factus
784 1832 874 1881 est
895 1826 1233 1897 episcopus,
1269 1827 1349 1881 uti
1378 1833 1433 1881 et
1457 1826 1616 1881 ﬁlius
1650 1828 1777 1897 ejus
1805 1831 1934 1898 post

275 1914 494 1987 ipsum.
518 1916 811 1970 Hactenus
839 1921 983 1971 Acta
1007 1916 1149 1971 satis
1171 1915 1418 1986 prolixa,
1449 1915 1553 1971 sed
1586 1916 1773 1971 multo
1806 1933 1934 1972 ma-

275 2005 368 2074 gis
407 2003 702 2072 fabulosa,
730 2020 866 2077 quae
896 2004 1187 2075 patienter
1207 2004 1423 2075 perlegi
1459 2011 1515 2060 et
1544 2005 1602 2059 in
1648 2020 1934 2077 compen-

271 2095 437 2149 dium
469 2095 756 2160 contraxi,
791 2094 1036 2151 omissis
1086 2099 1285 2150 tamen
1320 2095 1651 2151 visionibus
1691 2101 1746 2150 et
1803 2095 1937 2151 aliis

272 2183 649 2239 mirabilibus
688 2200 809 2239 non
841 2185 1071 2254 paucis,
1107 2189 1169 2240 ut
1194 2184 1447 2256 quilibet
1484 2185 1682 2240 videre
1718 2186 1929 2257 possit,

269 2273 489 2327 nullius
513 2287 751 2346 quoque
782 2272 921 2327 ﬁdei
951 2289 1080 2328 esse
1107 2273 1314 2329 tradita
1332 2274 1494 2345 apud
1508 2275 1936 2345 Nicephorum,

268 2360 329 2415 in
362 2361 614 2427 Meneeis,
647 2367 701 2416 et
729 2361 975 2417 fortasse
1008 2360 1173 2417 alibi.
1208 2362 1427 2417 Civitas
1451 2364 1770 2432 Myrmene,
1808 2378 1939 2435 quae

272 2465 393 2505 uno
415 2454 645 2506 tantum
678 2456 959 2506 Actorum
994 2449 1121 2505 loco
1160 2452 1523 2514 nominatur,
1555 2467 1727 2524 aeque
1785 2451 1938 2506 ﬁcti-

269 2538 353 2594 tia
386 2545 496 2604 est,
532 2540 767 2612 opinor,
794 2555 978 2613 quam
1014 2539 1241 2611 reliqua
1270 2540 1514 2605 omnia;
1550 2546 1605 2595 et
1630 2540 1795 2610 regio
1825 2543 1940 2595 An-

270 2628 851 2699 thropophagorum,
879 2629 1112 2684 etiamsi
1136 2644 1258 2684 non
1280 2628 1574 2684 defuerint
1602 2630 1939 2701 Anthropo-

270 2717 476 2790 phagi,
509 2719 632 2773 sive
650 2719 917 2773 humana
943 2723 1250 2773 vescentes
1289 2733 1486 2785 carne,
1538 2718 1808 2774 similiter
1858 2718 1936 2774 ab

266 2812 511 2862 auctore
544 2807 768 2862 videtur
799 2806 1073 2863 conﬁcta.
1106 2807 1269 2862 Plato
1294 2808 1635 2879 episcopus,
1680 2809 1931 2881 ejusque

267 2910 585 2950 successor
624 2895 987 2962 Pbulbanus,
1019 2899 1079 2950 et
1108 2896 1288 2965 hujus
1338 2895 1495 2951 ﬁlius
1555 2910 1677 2951 non
1734 2897 1932 2953 minus

267 3000 545 3056 personis
574 2984 846 3041 videntur
876 2985 1309 3041 commentitiae.
1344 2988 1507 3042 Certe
1554 2985 1628 3040 de
1684 2986 1930 3043 Platone

2044 1828 2552 1890 commemoravit,
2593 1829 2759 1901 quod
2819 1845 2941 1885 non
2981 1831 3262 1902 reperiret
3315 1830 3486 1902 plura
3536 1832 3700 1901 apud

2044 1917 2426 1989 antiquiores.
2454 1921 2577 1973 Non
2621 1917 2907 1973 conﬁnxit
2952 1918 3130 1988 igitur
3170 1919 3330 1974 Vitas
3389 1919 3700 1975 fabulosas

2047 2004 2494 2076 Metaphrastes,
2548 2005 2654 2061 sed
2698 2006 3019 2062 nonnullas
3078 2007 3409 2078 adoptavit,
3470 2017 3523 2063 et
3586 2023 3698 2063 suo

2048 2092 2199 2164 stylo
2222 2095 2520 2164 exposuit.

2124 2183 2206 2237 15.
2240 2183 2579 2238 Orationem
2628 2184 3124 2240 encomiasticam
3176 2184 3250 2239 de
3292 2189 3499 2241 sancto
3563 2187 3701 2240 Mat-

2048 2272 2204 2327 thaeo
2235 2272 2505 2343 ap05tolo
2531 2272 2896 2343 evangelista
2946 2274 3124 2329 etiam
3180 2274 3417 2345 scripsit
3473 2273 3699 2329 Nicetas

2051 2360 2257 2428 David,
2289 2368 2390 2416 aut
2416 2362 2736 2432 Paphlago,
2764 2362 2864 2433 qui
2906 2362 3118 2418 eodem
3158 2362 3276 2417 fere
3331 2379 3468 2417 cum
3522 2365 3697 2419 Meta—

2052 2450 2293 2520 phraste
2322 2450 2463 2505 vixit
2495 2457 2777 2521 tempore,
2810 2452 2989 2522 paulo
3021 2458 3220 2506 tamen
3271 2451 3503 2507 videtur
3552 2452 3701 2506 anti-

2048 2538 2241 2610 quior.
2278 2541 2437 2594 Hanc
2461 2538 2675 2594 Nicette
2693 2543 3022 2594 orationem
3047 2539 3549 2595 Graeco-Latinam
3579 2539 3702 2595 edi-

2048 2626 2134 2681 dit
2160 2626 2553 2682 Combeﬁsius
2597 2628 2656 2683 in
2706 2629 2994 2684 Auctario
3024 2630 3355 2694 novissimo,
3398 2644 3535 2699 pag.
3572 2630 3698 2685 401.

2049 2714 2211 2770 lllam
2242 2715 2523 2770 recudere
2569 2732 2956 2788 nequaquam
2995 2717 3153 2781 libet,
3188 2717 3333 2789 quia
3377 2717 3522 2772 nihil
3579 2717 3700 2773 fere

2044 2804 2224 2860 habet
2248 2804 2321 2859 de
2342 2804 2519 2876 gestis
2533 2806 2717 2860 sancti
2743 2805 2995 2861 Matthaai
3013 2814 3224 2877 praeter
3248 2806 3622 2862 vocationem
3642 2811 3700 2862 et

2044 2893 2433 2963 Evangelium
2464 2895 2770 2965 scriptum.
2806 2897 2884 2949 De
2925 2894 3346 2966 praedicatione
3378 2911 3514 2951 vero
3556 2911 3700 2968 pau-

2041 2982 2204 3038 ciora
2243 2983 2526 3048 narravit,
2576 2999 2762 3055 quam
2821 2984 3265 3055 Metaphrastes,
3306 3000 3444 3040 cum
3494 2991 3699 3041 tamen

266 3072 371 3128 illo
401 3073 640 3128 aliunde
670 3074 813 3128 nihil
846 3073 1103 3135 invenio,
1136 3074 1363 3129 nedum
1394 3074 1466 3129 de
1484 3074 1632 3139 aliis,
1684 3080 1750 3130 ut
1804 3091 1930 3130 om-
1965 3113 2005 3172 α
2040 3071 2229 3128 oratio
2268 3072 2455 3128 multo
2485 3073 2558 3129 sit
2617 3073 2903 3145 prolixior
2939 3074 3019 3129 ob
3064 3088 3246 3143 vagas
3298 3072 3694 3130 laudationes.

266 3162 412 3217 nino
441 3162 545 3218 ﬁat
572 3162 901 3230 verisimile,
931 3163 1235 3219 Platonem
1268 3178 1339 3218 ex
1374 3163 1466 3218 his
1492 3178 1734 3236 quoque
1768 3165 1926 3220 Actis

267 3251 591 3307 memorari
624 3253 683 3307 in
713 3251 906 3323 elogio
950 3254 1006 3307 S.
1040 3251 1313 3315 Matthaai,
1345 3253 1512 3325 quod
1542 3253 1835 3323 reperitur
1864 3255 1925 3309 in

263 3341 595 3411 Menologio
629 3340 945 3410 Basiliano,
982 3348 1037 3397 et
1068 3342 1240 3413 plura
1260 3343 1320 3398 in
1343 3343 1454 3399 isto
1486 3343 1681 3413 elogio
1707 3359 1778 3399 ex
1837 3344 1925 3399 his

262 3431 423 3485 Actis
451 3429 812 3501 deprompta
836 3445 986 3500 esse,
1029 3430 1165 3486 licet
1188 3446 1308 3486 non
1347 3433 1552 3488 omnia
1569 3437 1923 3501 congruant.

339 3519 425 3573 14.
458 3519 585 3574 Alia
609 3535 847 3575 rursum
879 3519 1068 3575 sancti
1094 3519 1346 3575 Matthmi
1402 3526 1541 3576 Acta
1571 3522 1927 3593 conscripsit

265 3610 505 3666 Simeon
538 3609 973 3681 Metaphrastes,
1004 3624 1137 3682 quae
1166 3610 1369 3665 Grmca
1394 3609 1473 3664 ad
1506 3626 1754 3665 manum
1803 3627 1923 3666 non

259 3698 481 3763 habeo,
510 3712 620 3752 nec
648 3698 791 3753 tanti
822 3697 1097 3753 facienda
1129 3704 1287 3763 sunt,
1334 3702 1395 3752 ut
1435 3698 1703 3753 studiose
1738 3700 1923 3755 modo

261 3786 593 3858 quaerenda
630 3786 997 3842 existimem:
1034 3802 1175 3841 nam
1193 3801 1265 3841 ea
1289 3786 1490 3841 Latine
1531 3786 1715 3841 edidit
1748 3788 1924 3859 Lipo-

262 3890 504 3939 manus,
536 3880 679 3930 tom.
725 3874 792 3943 V,
812 3875 911 3930 fol.
959 3879 1053 3931 137
1087 3882 1143 3930 et
1178 3875 1297 3939 138,
1331 3879 1388 3931 et
1420 3875 1625 3930 Surius
1658 3876 1735 3931 ad
1761 3876 1922 3933 hunc

260 3963 443 4018 diem.
466 3966 592 4019 Haec
617 3965 813 4018 minus
840 3964 1116 4020 fabulosa
1142 3970 1298 4027 sunt,
1319 3963 1425 4019 sed
1455 3964 1921 4021 breviaomnino

259 4057 319 4106 et
331 4052 561 4123 jejuna,
589 4056 646 4108 ut
678 4053 771 4107 vix
792 4053 1120 4125 quidquam
1146 4051 1399 4108 afferant
1418 4052 1492 4108 de
1510 4053 1920 4127 Sancto,quod

259 4141 505 4197 aliunde
544 4156 665 4197 non
696 4142 769 4196 sit
800 4148 1030 4197 notum.
1066 4143 1257 4198 Pauca
1286 4148 1487 4197 autem
1518 4142 1635 4206 illa,
1670 4159 1805 4212 quea
1846 4144 1920 4200 de

258 4230 683 4303 praedicatione
715 4231 912 4287 Sancti
942 4231 1243 4295 dicuntur,
1277 4246 1399 4286 non
1436 4236 1576 4287 sunt
1596 4231 1923 4288 ﬁdeiindu-

260 4319 463 4375 bitatae
488 4336 502 4385 ;
532 4319 638 4375 sed
662 4326 837 4375 tantm
867 4320 1063 4375 solum
1092 4320 1478 4385 auctoritatis,
1507 4327 1735 4392 quanta
1775 4322 1922 4378 solet

258 4409 321 4465 in
337 4408 468 4464 aliis
483 4424 615 4463 esse
628 4410 949 4464 auctoritas
962 4410 1398 4479 Metaphrastis.
1421 4410 1625 4467 Surius
1639 4411 1915 4467 eamdem

258 4497 446 4553 edidit
477 4498 879 4569 Metaphrastis
910 4497 1407 4561 lucubrationem,
1442 4499 1544 4553 sed
1578 4499 1693 4554 alio
1733 4500 1915 4556 modo

260 4586 465 4641 Latine
506 4585 820 4650 redditam,
859 4602 981 4659 quo
1028 4586 1253 4642 factum
1285 4594 1390 4653 est,
1422 4594 1482 4643 ut
1512 4588 1801 4643 Baronius
1831 4589 1916 4643 di-

260 4690 466 4729 versas
486 4674 800 4730 crediderit
836 4674 1297 4743 lucubrationes,
1340 4693 1479 4732 cum
1510 4692 1630 4731 non
1695 4678 1767 4731 sit
1804 4677 1915 4732 nisi

258 4779 383 4818 una
421 4764 753 4836 eademque
787 4766 1008 4828 Graeca,
1042 4781 1225 4837 quam
1271 4766 1420 4821 inter
1467 4766 1626 4821 Vitas
1678 4782 1713 4821 a
1742 4767 1916 4821 Meta-

256 4853 499 4925 phraste
527 4855 781 4924 scriptas
814 4855 1170 4909 memoravit
1200 4854 1439 4909 Allatius
1466 4853 1539 4909 de
1565 4854 1911 4910 Simeonum

256 4942 509 5013 scriptis,
530 4956 663 5012 pag.
700 4943 821 5003 l26,
854 4942 1105 4998 recitans
1140 4943 1371 4998 initium
1434 4944 1717 4999 Actorum
1764 4942 1913 4999 Grie-

256 5046 487 5094 corum,
546 5027 653 5089 ἤὸή
713 5034 802 5102 μὲν
858 5035 945 5083 τὸν
993 5034 1138 5105 παρὰ
1175 5039 1265 5085 τοῦ
1314 5032 1602 5092 πλάσαντος
1646 5034 1787 5104 ἡμᾶς
1826 5029 1913 5084 δο-

256 5119 434 5171 θεῖσαν
470 5118 807 5191 φυλάττοντας
837 5118 1061 5183 ἐντολὴν,
1109 5120 1273 5191 quod
1308 5123 1389 5174 ita
1420 5136 1772 5190 expressum
1826 5126 1912 5175 est

255 5207 421 5277 apud
456 5210 849 5279 Lipomanum
876 5225 887 5262 :
919 5226 948 5259 ‹‹
978 5211 1108 5263 Jam
1138 5209 1380 5279 quidem
1399 5208 1702 5281 nos,quod
1720 5210 1796 5263 ab
1816 5224 1906 5273 eo,

252 5294 357 5367 qui
386 5311 495 5351 nos
526 5296 1013 5363 ﬁnxerat,datum
1044 5297 1233 5353 fuerat
1257 5304 1638 5368 praeceptum,
1674 5313 1910 5352 servan-

255 5390 362 5440 tes.
404 5407 424 5433 ι
483 5386 655 5457 Apud
710 5386 947 5441 Surium
996 5402 1168 5441 vero:
1196 5407 1217 5436 ‹
1252 5387 1307 5441 Si
1337 5393 1695 5457 praeceptum
1740 5385 1905 5451 illud,

253 5473 416 5545 quod
444 5475 521 5529 ab
561 5490 653 5542 eo,
681 5477 781 5547 qui
832 5474 1127 5540 formavit,
1162 5475 1497 5546 injunctum
1553 5474 1727 5531 nobis
1778 5474 1905 5542 fuit,

257 5578 494 5620 servare
524 5563 940 5621 voluissemus.
978 5566 1235 5637 Utraque
1264 5565 1556 5636 expositio
1602 5569 1745 5636 apta
1792 5571 1902 5628 est,

2036 3161 2296 3218 Aﬁ‘eram
2323 3163 2520 3234 itaque
2551 3179 2619 3217 ex
2677 3177 2747 3219 ea
2778 3162 2837 3218 in
2891 3163 3352 3227 Commentario,
3410 3163 3697 3235 quidquid

2039 3251 2174 3306 utile
2203 3251 2501 3308 videbitur
2526 3252 2602 3307 ad
2632 3252 3005 3324 propositum
3058 3258 3352 3307 nostrum.
3396 3252 3697 3308 Laudatus

2035 3340 2279 3396 Allatius
2297 3355 2432 3412 pag.
2465 3343 2580 3405 122,
2616 3341 2769 3397 inter
2793 3342 2945 3396 Vitas
2988 3343 3363 3406 Sanctorum,
3397 3357 3534 3413 quia
3575 3357 3695 3398 non

2036 3435 2173 3485 sunt
2202 3431 2630 3500 Metaphrastm,
2654 3435 2938 3485 recenset.
2975 3449 2998 3480 α
3036 3431 3177 3485 Acta
3210 3432 3394 3485 sancti
3436 3430 3695 3501 apostoli

2035 3524 2090 3573 et
2138 3517 2513 3587 evangelistae
2564 3518 2832 3585 Matthaei,
2878 3534 3136 3590 quorum
3188 3519 3301 3573 tale
3344 3519 3449 3573 dat
3482 3520 3696 3590 princi-

2036 3608 2244 3678 pium:
2278 3610 2545 3667 Mai-Gaio;
2572 3605 2859 3668 ἀπόστολος
2905 3613 2995 3659 καὶ
3053 3607 3427 3679 εὐαγγελιστὴς
3480 3604 3541 3665 ἧν
3600 3612 3689 3680 μὲν

2034 3695 2089 3748 ἐκ
2154 3704 2344 3758 πόλεως
2398 3695 2756 3770 Ἰερουσαλήμ.
2818 3715 2845 3747 (ι
2902 3697 3206 3751 Matthasus
3259 3696 3569 3767 apostolus
3636 3702 3696 3751 et

2034 3785 2397 3855 evangelista
2454 3790 2580 3839 erat
2631 3800 2703 3840 ex
2753 3784 2985 3839 civitate
3044 3784 3598 3855 Hierosolymitana.
3662 3803 3690 3834 »

2033 3875 2303 3929 Auctoris
2356 3878 2443 3928 est
2491 3873 2697 3943 ignoti,
2760 3877 2815 3929 et
2876 3873 3275 3928 verisimiliter
3344 3872 3691 3944 posterioris

2032 3963 2234 4018 Niceta
2264 3969 2319 4018 et
2367 3962 2775 4033 Metaphraste.
2846 3961 3046 4017 Prodit
3098 3962 3191 4017 ille
3244 3962 3375 4033 jam
3421 3961 3690 4031 allegatis

2029 4052 2245 4117 verbis,
2272 4068 2456 4123 quam
2497 4051 2660 4106 nihili
2714 4051 2788 4105 sit
2820 4050 3147 4115 faciendus,
3210 4052 3355 4105 dum
3418 4056 3690 4105 sanctum

2030 4141 2364 4198 Mattheeum
2404 4140 2542 4197 facit
2569 4141 3192 4213 Hierosolymitanum,
3215 4156 3350 4195 cum
3382 4140 3477 4194 vix
3503 4139 3689 4195 ullum

2031 4232 2101 4286 sit
2121 4231 2394 4296 dubium,
2424 4232 2567 4303 quin
2588 4230 2974 4294 sitGalilaeus,
3013 4235 3075 4284 ut
3115 4245 3223 4284 suo
3263 4230 3394 4286 loco
3425 4230 3685 4295 dicetur;

2029 4325 2265 4375 utcerte
2297 4320 2459 4375 nulla
2525 4321 2598 4375 sit
2655 4319 2807 4373 ratio
2873 4333 3009 4390 quae
3071 4319 3433 4391 persuadere
3500 4318 3690 4390 possit

2031 4408 2632 4479 Hierosolymitanum
2683 4408 2886 4463 fuisse.
2922 4410 3047 4463 Non
3078 4406 3273 4463 habeo
3312 4410 3386 4463 ad
3435 4423 3686 4464 manum

1949 4468 1996 4523 Β
2027 4499 2155 4553 haec
2181 4468 2339 4563 Acta,
2374 4497 2632 4568 facitque
2663 4496 2984 4566 allegatum
3014 4496 3270 4562 initium,
3325 4502 3387 4551 ut
3435 4513 3507 4551 ea
3564 4499 3687 4550 stu-

2026 4588 2191 4642 diose
2219 4586 2544 4658 quaerenda
2572 4600 2689 4641 non
2720 4588 3273 4640 censeamExstant
3303 4590 3362 4640 et
3387 4584 3589 4657 plures
3612 4586 3685 4642 de

2028 4684 2236 4732 sancto
2266 4676 2539 4731 Matthaeo
2571 4690 2897 4739 sermones,
2926 4674 3029 4729 sed
3051 4675 3149 4745 qui
3180 4674 3257 4730 ad
3278 4681 3442 4743 gesta
3498 4673 3686 4745 ipsius

2027 4764 2425 4821 examinanda
2440 4770 2541 4819 aut
2556 4764 2896 4819 enarranda
2913 4763 3063 4820 nihil
3084 4764 3448 4819 conducunt.
3467 4764 3605 4829 Tres
3624 4764 3685 4819 id

2026 4869 2215 4923 genus
2244 4868 2548 4909 sermones
2582 4852 2755 4907 habet
2784 4855 2841 4908 S.
2873 4853 3078 4907 Petrus
3105 4853 3433 4907 Damianus
3469 4857 3613 4908 tom.
3638 4853 3682 4907 ll

2025 4943 2308 5013 Operum.

2095 5033 2183 5086 16.
2217 5032 2540 5103 Scriptores
2592 5030 2991 5102 posteriorum
3048 5029 3401 5085 saeculorum
3464 5029 3680 5097 Latini,

2023 5120 2127 5192 qui
2167 5126 2331 5189 gesta
2359 5122 2412 5175 S.
2457 5119 2706 5175 Matthaai
2747 5134 3029 5173 enarrare
3076 5120 3413 5182 voluerunt,
3478 5119 3684 5175 omnia

2022 5210 2140 5264 fere
2170 5210 2497 5264 hauserunt
2525 5224 2595 5264 ex
2630 5208 2783 5263 Actis
2823 5208 3017 5279 primo
3060 5208 3195 5262 loco
3236 5206 3505 5273 edendis,
3539 5223 3675 5279 quin

2020 5303 2179 5353 certo
2227 5297 2473 5369 antiqua
2521 5297 2712 5368 magis
2758 5302 2913 5361 sunt,
2958 5312 3145 5369 quam
3190 5295 3546 5368 probabilia.
3582 5295 3683 5352 Illa

2018 5388 2137 5441 fere
2168 5388 2397 5456 integra
2428 5386 2530 5441 dat
2574 5385 2910 5441 Vincentius
2946 5384 3397 5454 Bellovacensis,
3437 5385 3497 5441 in
3538 5385 3687 5452 Spe-

2019 5477 2173 5543 culo,
2202 5476 2301 5530 lib.
2340 5491 2416 5530 1x.
2483 5490 2615 5547 cap.
2650 5478 2718 5531 74
2771 5483 2827 5529 et
2874 5490 3033 5546 seqq.
3077 5475 3330 5530 Jacobus
3359 5474 3679 5530 Januensis

2018 5558 2159 5637 cap.
2188 5565 2287 5619 135
2304 5580 2375 5620 ex
2407 5564 2615 5620 iisdem
2648 5565 2803 5620 Actis
2830 5564 3037 5620 omnia
3064 5563 3439 5636 deprompsit
3468 5568 3683 5637 praeter
