4144 6184
430 233 537 288 759

433 373 504 414 ea
531 373 668 428 qua
710 354 1123 412 ratiocinando
1153 355 1227 410 de
1257 357 1572 414 virtutibus
1602 357 1800 413 Sancti
1831 347 2080 410 addidit.

436 447 658 502 Eadem
691 461 928 501 rursum
962 447 1103 499 Acta
1127 444 1242 500 fere
1264 448 1530 517 sequitur
1566 447 1768 503 Petrus
1798 444 1872 499 de
1913 444 2085 497 Nata-

434 534 613 598 libus,
648 534 747 589 lib.
785 551 904 597 Vlll,
937 547 1070 604 cap.
1112 533 1207 588 lOO
1237 550 1250 600 ;
1281 542 1400 590 tam
1433 552 1633 608 presse
1675 541 1872 592 tamen
1926 528 2081 584 Actis

436 640 558 680 non
591 623 853 687 inharet,
893 627 954 677 ut
982 622 1236 677 subinde
1289 640 1408 679 non
1469 625 1654 680 addat
1705 619 1931 694 aliquid
1987 620 2086 672 aut

437 716 620 768 mutet
651 717 984 767 secundum
1011 727 1080 766 ea
1111 727 1247 783 qua
1278 713 1412 768 alibi
1445 714 1682 783 legerat.
1712 709 1995 768 Baronius
2025 707 2086 760 in

436 800 745 857 Adnotatis
765 800 840 855 ad
863 800 1345 872 Martyrologium
1369 803 1524 857 duos
1553 803 1642 857 sui
1674 799 1957 872 temporis
2013 795 2086 850 de

436 892 495 947 S.
538 890 806 946 Matthao
845 889 1160 960 scriptores
1188 899 1455 947 recenset
1481 892 1570 947 his
1611 891 1806 947 verbis
1837 908 1850 947 :
1882 908 1910 940 (ι
1941 885 2085 940 Peri-

434 979 615 1035 onius
654 978 772 1034 alia
809 994 1001 1051 nuper
1069 981 1441 1051 conscripsit,
1491 1002 1514 1031 υ
1559 985 1701 1036 Acta
1763 976 2029 1033 videlicet
2071 988 2083 1026 :

437 1088 467 1118 «
496 1067 816 1124 Novissime
840 1083 978 1123 vero
1004 1084 1074 1123 ex
1101 1069 1361 1140 antiquis
1397 1068 1818 1132 monumentis,
1852 1070 1906 1122 et
1954 1079 2089 1119 san-

437 1161 670 1212 ctorum
699 1160 936 1212 Patrum
965 1156 1198 1227 scriptis
1230 1157 1597 1229 collegitrev.
1626 1156 1909 1212 dominus
1943 1156 2090 1209 Mar-

436 1260 543 1301 cus
557 1246 842 1301 Antonius
857 1244 1645 1318 Columna,archiepiscopus
1661 1244 1987 1302 Salernitan
1997 1259 2082 1306 us,

436 1338 496 1390 et
544 1349 688 1389 sane
738 1333 982 1406 quidem
1033 1334 1281 1390 erudite.
1320 1356 1340 1384 ι
1397 1337 1647 1407 Uterque
1699 1339 1843 1389 Acta
1894 1332 2087 1403 prima

439 1437 562 1494 pra
592 1421 780 1478 oculis
812 1422 1040 1488 habuit,
1068 1429 1125 1478 et
1156 1423 1284 1478 sine
1327 1423 1610 1495 scrupulo
1655 1427 1892 1478 secutus
1942 1426 2028 1475 est
2069 1436 2082 1474 ε

439 1516 546 1568 aut
566 1511 762 1583 potius
778 1510 910 1584 ipsa
941 1513 1082 1567 Acta
1096 1511 1554 1583 pseudo-Abdia
1571 1512 1733 1567 dedit
1760 1508 2082 1572 Pcrionius,

437 1601 672 1657 omissis
703 1601 992 1656 duntaxat
1020 1600 1724 1672 paucissimis,etadditis
1755 1601 1919 1655 initio
1945 1613 2086 1670 pau-

1759 222 2019 284 MENSIS
2059 215 2508 276 SEPTEMBER.

3735 215 3851 271 760

2189 358 2360 402 num.
2395 344 2501 401 nIn
2530 345 2833 418 prolixiori
2881 345 3096 402 unicus
3155 342 3318 400 initio
3366 347 3452 397 est
3496 341 3702 398 titulus
3761 341 3852 398 ita.

2189 448 2545 504 expressus:
2580 454 2609 486 «
2643 437 2852 508 Incipit
2874 433 3180 492 translatio
3211 435 3266 488 Β.
3304 430 3558 487 Matthai
3584 428 3850 504 apostoli

2191 527 2246 577 et
2275 525 2668 593 evangelista.
2701 547 2724 578 ιο
2768 525 2832 580 In
2868 531 3113 595 utroque
3160 521 3533 593 pramittitur
3562 527 3851 575 Actorum

2191 614 2617 682 compendium
2647 630 2720 670 ex
2748 611 3208 686 pseudo-Abdia
3236 608 3488 666 Historia
3509 609 3849 665 itadesum-

2191 706 2361 771 ptum
2394 706 2455 756 ut
2483 702 2849 772 paucissima
2877 711 3095 764 tamen,
3126 715 3316 772 eaque
3346 697 3531 753 nihilo
3575 697 3845 762 meliora,

2192 789 2396 845 addita
2427 791 2545 846 sint
2575 799 2674 847 aut
2705 796 2950 847 mutata.

2270 881 2350 932 18.
2384 878 2605 935 Deinde
2631 881 2896 952 sequitur
2925 876 3232 934 translatio
3263 881 3386 931 tam
3418 873 3664 930 ridicule
3700 890 3849 930 con-

2194 966 2329 1022 ﬁcta
2371 983 2443 1022 ex
2473 969 2759 1040 Ethiopia
2790 969 2848 1024 in
2895 966 3282 1030 Britanniam,
3324 969 3388 1019 ut
3433 963 3526 1019 vel
3557 980 3623 1020 ex
3673 980 3745 1019 ea
3776 963 3851 1018 li-

2192 1062 2392 1128 queat,
2424 1063 2729 1113 auctorem
2747 1058 2879 1113 crisi
2898 1056 3179 1113 historica
3196 1070 3441 1127 prorsus
3471 1053 3652 1108 fuisse
3669 1053 3850 1108 desti-

2195 1150 2410 1200 tutum.
2438 1149 2608 1214 Nam,
2639 1153 2700 1202 ut
2729 1147 2846 1202 alia
2871 1147 3100 1202 mittam
3126 1142 3570 1214 improbabilia,
3619 1157 3850 1197 merca-

2195 1238 2348 1290 tores
2404 1236 2713 1292 Britannos
2761 1241 2966 1291 auctor
3023 1233 3295 1305 perducit
3347 1233 3406 1287 in
3466 1230 3846 1302 Ethiopiam,

2192 1324 2522 1396 paucisque
2553 1324 2763 1380 diebus
2778 1325 3004 1380 reducit
3029 1325 3088 1379 in
3121 1321 3503 1378 Britanniam.
3532 1321 3686 1376 Inter
3709 1335 3852 1390 gen-

2193 1417 2281 1468 tes
2321 1428 2480 1485 vero,
2536 1430 2572 1470 a
2639 1413 2862 1486 quibus
2912 1420 3209 1469 vastatam
3257 1411 3411 1466 circa
3460 1409 3742 1464 saculum
3794 1424 3852 1463 tv

2193 1501 2549 1573 lEthiopiam
2589 1503 2779 1576 ﬁngit,
2830 1505 3103 1559 nominat
3151 1502 3478 1557 Sarmatas.
3524 1501 3852 1570 Utrumque

2195 1597 2353 1648 certo
2381 1597 2498 1647 tam
2534 1591 2917 1664 improbabile
2943 1591 3242 1647 videbitur
3271 1588 3549 1645 historico
3605 1588 3850 1644 cuilibet

439 1690 546 1755 cis,
589 1696 760 1760 prout
785 1696 926 1746 Acta
957 1690 1013 1745 in
1049 1690 1250 1746 codice
1306 1691 1503 1763 aliquo
1558 1692 1756 1746 forsan
1808 1689 2028 1744 invenit
2068 1702 2080 1742 :
2122 1712 2162 1766 Β
2195 1680 2574 1752 geographiae
2608 1687 2904 1753 utcunque
2938 1681 3142 1751 Petito,
3188 1683 3252 1734 ut
3307 1692 3546 1766 0896886
3603 1691 3723 1766 n9!)
3773 1675 3852 1766 _8it

438 1793 580 1834 nam
602 1784 658 1834 et
695 1780 753 1834 in
793 1778 1050 1834 editione
1108 1780 1372 1835 Historia
1417 1779 1846 1852 apostolorum,
1899 1791 2086 1849 quam

438 1882 599 1924 anno
629 1871 757 1923 1571
803 1867 962 1923 dedit
990 1870 1247 1924 Joannes
1279 1868 1482 1935 Faber,
1515 1884 1633 1924 non
1696 1883 1891 1940 pauca
1947 1869 2087 1920 sunt

438 1957 681 2021 omissa,
711 1971 848 2028 qua
871 1956 930 2011 in
958 1955 1251 2029 plerisque
1291 1957 1597 2012 codicibus
1629 1955 1923 2024 leguntur.
1959 1952 2085 2008 Illu-

438 2044 762 2101 strissimus
793 2044 1082 2100 Columna
1115 2045 1378 2117 undique
1406 2063 1514 2102 sua
1544 2045 1772 2115 collegit
1806 2043 1932 2099 sine
1955 2041 2088 2097 crisi

437 2133 966 2204 sufﬁciente,quod
998 2134 1150 2188 atati
1177 2134 1369 2204 ipsius
1386 2134 1713 2190 condonari
1737 2136 1952 2205 potest.
1983 2130 2090 2186 Re-

435 2221 616 2294 liquis
667 2227 866 2276 tamen
897 2221 1055 2278 Actis
1121 2223 1448 2295 pratulisse
1505 2222 1739 2278 videtur
1786 2219 2091 2293 personati

436 2310 643 2366 Abdia
675 2309 1010 2374 Historiam,
1040 2312 1132 2366 cui
1169 2310 1460 2367 nonnulla
1495 2328 1566 2368 ex
1600 2311 2006 2382 Metaphraste,
2037 2316 2093 2367 et

437 2399 611 2472 plura
633 2415 702 2454 ex
732 2400 882 2454 Actis
937 2400 1169 2466 Gracis,
1231 2400 1352 2455 sive
1403 2416 1473 2456 ex
1524 2399 1880 2472 compendio
1930 2398 2086 2454 Nice-

438 2488 610 2562 phori
637 2488 1179 2560 adjunxit.Meliora
1197 2496 1394 2545 tamen
1407 2490 1589 2545 etiam
1615 2490 1778 2545 dedit
1803 2505 1870 2544 ex
1897 2487 2089 2544 sacris

439 2577 665 2635 Litteris
697 2581 756 2632 et
787 2577 1076 2634 Patribus.
1106 2578 1478 2634 Examinabo
1509 2577 1690 2649 igitur
1734 2582 1789 2634 et
1836 2577 2089 2632 subinde

435 2666 701 2723 laudabo
727 2672 950 2723 asserta
981 2666 1306 2733 Columna,
1357 2667 1437 2723 uti
1481 2673 1537 2723 et
1593 2667 1821 2724 Baronii
1872 2667 1932 2722 in
1979 2669 2091 2721 An-

438 2756 697 2822 nalibus,
719 2755 1071 2812 Tillemontii
1092 2757 1151 2812 in
1166 2757 1564 2813 Monumentis
1584 2756 2029 2819 Ecclesia,tom.
2049 2757 2089 2824 Ι,

439 2842 812 2916 aliorumque
867 2846 1213 2909 recentium,
1255 2846 1358 2917 qui
1414 2846 1842 2901 accuratiorem
1889 2844 2089 2899 crisim

441 2931 814 3006 proﬁtentur.

511 3018 918 3116 l7.Laudatus
935 3019 1224 3118 Columna
1238 3021 1718 3118 archiepiscopus
1744 3036 1866 3076 non
1893 3019 2088 3076 solum
2130 3058 2171 3118 ε

441 3107 516 3164 de
541 3107 718 3179 gestis
745 3113 802 3162 et
839 3108 1124 3179 martyrio
1167 3109 1357 3163 sancti
1410 3109 1663 3164 Matthai
1722 3110 2092 3165 Commenta-

441 3197 598 3254 rium
620 3195 821 3262 edidit,
855 3195 954 3250 sed
1013 3196 1208 3252 varias
1249 3212 1491 3269 quoque
1545 3198 1806 3268 corporis
1852 3197 2093 3254 transla-

445 3286 633 3343 tiones
683 3299 953 3340 ermone
999 3284 1228 3356 prolixo
1283 3285 1492 3357 magis,
1544 3302 1728 3358 quam
1774 3287 2093 3359 probabili,

443 3373 762 3432 enarravit.
795 3373 944 3428 Vidit
974 3374 1175 3444 procul
1204 3374 1391 3430 dubio
1419 3376 1703 3432 Baronius
1751 3391 1872 3432 non
1904 3377 2093 3432 coha-

446 3477 574 3520 rere
596 3461 946 3518 relationem
985 3461 1312 3527 Columna,
1342 3480 1479 3519 cum
1512 3463 1671 3520 illam
1711 3481 1831 3520 non
1861 3465 2094 3535 ignora-

447 3551 607 3617 verit,
639 3566 747 3606 nec
774 3556 971 3606 tamen
1002 3551 1337 3624 quidquam
1374 3569 1444 3608 ex
1477 3569 1546 3609 ea
1592 3553 1924 3609 Annalibus
1974 3555 2096 3609 suis

446 3639 758 3697 inseruerit
799 3657 816 3709 ;
875 3640 1156 3711 quamvis
1216 3641 1294 3696 ad
1351 3656 1579 3697 annum
1627 3643 1730 3697 954
1782 3658 1852 3698 ex
1905 3643 2096 3698 Leone

447 3727 720 3798 Ostiensi,
753 3732 811 3783 et
831 3729 906 3784 ad
934 3744 1163 3785 annum
1191 3731 1327 3786 1080
1366 3746 1432 3786 ex
1477 3731 1737 3800 Gregorii
1792 3732 1963 3802 Papa
2004 3731 2097 3787 VII

451 3817 709 3888 Epistola
731 3817 804 3872 de
831 3816 1173 3874 inventione
1184 3819 1638 3876 ettranslatione
1652 3821 1915 3891 corporis
1937 3827 2096 3892 agat.

453 3907 827 3979 Quapropter
847 3906 938 3961 vel
983 3908 1109 3962 solo
1145 3907 1374 3964 silentio
1430 3925 1538 3964 suo
1595 3909 2102 3965 eminentissimus

455 3995 705 4067 scriptor
733 3994 1075 4061 declaravit,
1146 4003 1422 4068 suspecta
1479 3996 1588 4052 sibi
1646 3998 1914 4053 falsitatis
1972 4013 2103 4054 esse

456 4084 740 4154 adjuncta
760 4083 1050 4148 locorum,
1081 4100 1479 4154 personarum
1499 4092 1554 4141 et
1571 4091 1932 4157 temporum,
1969 4102 2105 4159 qua

456 4174 518 4230 in
550 4171 804 4228 Historia
835 4174 1295 4229 translationum
1323 4175 1484 4246 apud
1518 4176 1871 4231 Columnam
1897 4174 2108 4246 reperi.

462 4267 659 4317 untur.
695 4261 897 4317 Habeo
919 4267 1061 4318 Acta
1101 4279 1236 4329 ms.,
1269 4261 1514 4319 Salerno
1540 4263 1679 4318 olim
1725 4267 1804 4319 ad
1854 4264 2110 4336 majores

463 4353 701 4406 nostros
732 4350 1102 4414 transmissa,
1122 4366 1192 4406 ex
1220 4351 1441 4423 quibus
1473 4351 1642 4408 video
1674 4369 1784 4407 sua
1835 4352 2112 4408 hausisse

2195 1770 2492 1838 exagitare
2518 1769 2632 1826 alia
2671 1770 2752 1825 rei
2778 1775 3032 1840 peracta
3063 1768 3349 1839 adjuncta
3366 1764 3540 1836 plane
3570 1764 3846 1829 ridicula,

2198 1859 2527 1930 prasertim
2553 1874 2686 1914 cum
2714 1865 2921 1914 auctor
2941 1863 3099 1914 certo
3123 1873 3242 1912 non
3275 1854 3485 1911 vixerit
3510 1860 3646 1910 ante
3665 1869 3851 1909 sacu-

2198 1947 2323 2002 lum
2337 1964 2392 2012 x,
2418 1963 2526 2003 nec
2546 1947 2693 2003 ullos
2720 1948 2987 2003 nominet
3010 1950 3184 2002 testes
3209 1950 3566 2009 vetustos,ex
3587 1958 3848 2015 quorum

2199 2036 2430 2107 scriptis
2465 2053 2576 2092 sua
2629 2036 2948 2092 hausisset.
2999 2035 3149 2104 Quin
3197 2035 3318 2090 imo
3368 2034 3494 2104 ipse
3544 2031 3848 2097 Paulinus,

2201 2124 2583 2194 Legionensis
2606 2130 2709 2181 aut
2734 2123 3052 2180 Leonensis
3080 2125 3140 2179 in
3193 2122 3493 2178 Britannia
3545 2121 3855 2176 Armorica

2201 2215 2542 2285 episcopus,
2575 2214 2669 2268 cui
2701 2214 2986 2285 scriptum
3007 2212 3152 2268 illud
3180 2211 3538 2277 attribuitur,
3596 2224 3851 2281 persona

2201 2303 2436 2358 videtur
2461 2302 2681 2368 ﬁctitia,
2714 2319 2850 2358 cum
2881 2301 3315 2359 Sammarthani
3369 2306 3510 2356 tom.
3566 2300 3612 2353 lI
3644 2297 3853 2354 Gallia

2204 2391 2564 2459 Christiana,
2599 2391 3211 2461 ubidantcatalogum
3239 2392 3658 2462 episcoporum
3703 2389 3852 2443 Leo-

2203 2481 2499 2548 nensium,
2533 2481 2762 2537 nullum
2797 2482 2946 2537 inter
2967 2481 3097 2537 illos
3153 2479 3473 2536 exhibeant
3512 2476 3852 2546 Paulinum,

2200 2585 2396 2640 neque
2427 2570 2586 2625 hunc
2615 2569 2757 2626 alibi
2783 2570 3106 2625 inveniam.
3141 2567 3527 2625 Chronotaxis
3592 2581 3713 2622 non
3763 2571 3853 2620 est

2202 2658 2430 2728 melior,
2461 2675 2647 2731 quam
2688 2659 2858 2715 crisis
2888 2659 3204 2715 historica:
3244 2674 3380 2714 nam
3408 2661 3679 2712 mortuus
3727 2659 3850 2709 sta-

2202 2749 2382 2803 tuitur
2421 2748 2533 2802 sub
2559 2747 2760 2814 Galba,
2790 2749 2849 2803 id
2880 2755 2984 2814 est,
3018 2765 3178 2804 anno
3217 2763 3350 2802 ara
3381 2745 3727 2802 Christiana
3787 2746 3856 2800 68

2200 2842 2304 2892 aut
2333 2837 2421 2892 69.
2454 2838 2600 2892 Tum
2641 2837 2854 2893 dicitur
2886 2837 3158 2893 trecentis
3191 2836 3439 2892 anniset
3469 2833 3622 2889 ultra
3647 2831 3856 2903 religio

2202 2925 2535 2982 Christiana
2566 2926 2839 2982 ﬂoruisse
2878 2926 2940 2981 in
2996 2925 3320 2997 IEthiopia.
3381 2925 3515 2980 Mox
3583 2921 3857 2995 sequitur

2200 3015 2366 3085 regni
2389 3017 2643 3072 vastatio
2665 3023 2722 3072 et
2754 3014 3078 3085 translatio,
3132 3022 3195 3072 ut
3241 3016 3368 3072 hac
3422 3012 3661 3082 ﬁgenda
3702 3017 3860 3067 esset

2204 3105 2422 3161 saculo
2449 3121 2504 3161 tv
2535 3110 2785 3162 exeunte
2815 3106 3160 3162 autsaculo
3215 3121 3273 3161 v.
3332 3110 3604 3160 Attamen
3649 3101 3862 3158 asserit

2205 3201 2429 3263 auctor,
2463 3211 2680 3266 corpus
2711 3195 2769 3250 in
2803 3195 3159 3251 Britanniam
3195 3191 3566 3250 Armoricam
3597 3190 3857 3257 venisse,

2205 3285 2352 3340 dum
2379 3283 2668 3354 regnabat
2708 3283 2928 3340 ibidem
2955 3283 3260 3349 Salomon,
3290 3282 3391 3354 qui
3425 3286 3559 3354 post
3585 3279 3856 3336 medium

2207 3371 2406 3429 saculi
2438 3388 2495 3428 rx
2550 3387 2797 3442 regnare
2837 3374 3016 3445 capit
3071 3373 3403 3429 secundum
3439 3369 3857 3427 chronotaxim

2211 3461 2512 3518 Lobineau
2557 3460 2614 3515 in
2645 3461 2908 3518 Historia
2950 3461 3278 3518 Armoricae
3317 3459 3395 3515 ad
3442 3473 3670 3515 annum
3730 3459 3856 3516 857.

2208 3553 2464 3606 Rursum
2497 3549 2893 3622 quadraginta
2932 3557 2989 3606 et
3019 3566 3237 3606 novem
3291 3564 3484 3604 annos
3516 3551 3792 3602 numerat
3824 3562 3862 3602 a

2208 3638 2873 3712 corporistranslatione
2904 3639 2963 3694 in
2998 3638 3387 3702 Britanniam,
3420 3635 3664 3707 quando
3692 3634 3867 3692 Salo-

2211 3745 2351 3785 mon
2378 3745 2477 3783 rex
2507 3745 2543 3785 a
2573 3729 2694 3784 suis
2723 3729 2833 3784 fuit
2857 3729 3109 3784 occisus.
3148 3731 3217 3784 At
3245 3727 3522 3784 laudatus
3558 3724 3866 3780 Lobineau

2211 3834 2333 3874 non
2365 3823 2516 3873 totos
2533 3817 2738 3887 viginti
2765 3833 2956 3873 annos
2986 3833 3168 3888 regno
3202 3815 3536 3873 Salomonis
3571 3812 3863 3869 attribuit.

2290 3911 2372 3964 19.
2413 3909 2538 3963 Mox
2596 3906 2834 3978 ineptus
2875 3913 3355 3962 commentorum
3415 3904 3869 3959 consarcinator

2215 3995 2442 4051 inducit
2456 3995 2720 4050 Flavium
2734 3997 3141 4051 Romanorum
3170 3992 3506 4066 patricium,
3526 3990 3870 4049 Salomonis

2216 4084 2394 4140 occisi
2414 4100 2705 4148 socerum,
2730 4084 2804 4140 de
2821 4085 2947 4155 ejus
2977 4091 3164 4140 morte
3196 4081 3484 4139 scribente
3506 4081 3584 4138 ad
3609 4079 3872 4136 Valenti-

2218 4174 2465 4230 nianum
2482 4173 2890 4244 imperatorem
2903 4173 3558 4239 ;Valentinianum‘vero
3573 4171 3870 4238 ingentem

2221 4264 2279 4319 in
2312 4262 2474 4318 Italia
2491 4262 2743 4317 classem
2766 4262 3073 4331 collegisse
3099 4260 3512 4334 asserit,eique
3544 4257 3873 4314 exercitum

2225 4351 2606 4424 imposuisse,
2640 4357 2695 4407 et
2725 4353 2806 4406 sic
2836 4365 3219 4422 expugnasse
3246 4365 3500 4419 regnum
3530 4346 3871 4411 Britannia,

462 4436 1045 4496 laudatumMarcum
1062 4439 1382 4494 Antonium
1401 4438 1750 4494 Columnam
1767 4439 2110 4495 Marsilium.
2147 4412 2192 4468 D
2226 4447 2280 4496 et
2319 4458 2390 4496 ea
2436 4441 2751 4496 occasione
2777 4456 2993 4508 corpus
3027 4441 3084 4495 in
3117 4440 3345 4495 Italiam
3380 4436 3749 4495 translatum.
3801 4437 3880 4488 At

466 4525 682 4582 Vellem
712 4541 875 4592 sane,
902 4531 963 4582 ut
993 4542 1064 4582 ea
1092 4526 1291 4598 potius
1325 4543 1532 4583 severa
1575 4527 1711 4583 crisi
1744 4529 2112 4598 castigasset,

468 4618 572 4671 aut
619 4614 867 4670 omnino
898 4614 1077 4670 etiam
1129 4615 1459 4686 abjecisset,
1494 4620 1780 4689 tanquam
1820 4618 2116 4689 improba-

469 4703 628 4760 bilia.
662 4711 750 4768 At,
781 4721 918 4758 cum
953 4703 1111 4758 istud
1142 4720 1262 4759 non
1291 4702 1507 4767 fecerit,
1538 4721 1645 4776 pro
1679 4707 1946 4763 instituto
1972 4710 2119 4780 Ope-

469 4794 548 4849 ris
591 4793 776 4848 nostri
813 4792 870 4847 id
901 4790 1046 4847 mihi
1077 4792 1413 4848 faciendum
1456 4794 1644 4849 video.
1679 4794 1994 4851 Geminum
2034 4802 2122 4852 est

471 4882 1032 4954 scriptum,alterum
1051 4880 1229 4936 altero
1252 4882 1432 4953 paulo
1449 4882 1768 4953 prolixius;
1790 4885 1891 4940 sed
1909 4886 2119 4941 eadem

471 4971 532 5027 in
561 4977 802 5041 utroque
822 4970 1155 5025 referuntur
1177 4970 1353 5027 facta.
1383 4971 1546 5037 Quod
1575 4971 1811 5027 brevius
1826 4980 1930 5041 est,
1963 4975 2124 5029 hunc

472 5059 650 5116 habet
681 5059 954 5114 titulum:
999 5061 1263 5116 «Sermo
1315 5059 1669 5115 venerabilis
1724 5061 1973 5132 Paulini,
2028 5063 2123 5118 Le.

473 5147 774 5219 gionensis
808 5149 1116 5203 Britannia
1145 5148 1306 5203 urbis
1337 5148 1617 5221 episcopi,
1638 5151 1709 5204 de
1742 5152 2127 5206 translatione

474 5239 659 5293 sancti
679 5238 927 5294 Matthai
946 5238 1198 5309 apostoli
1226 5237 1303 5293 ab
1330 5236 1623 5308 IElthpla
1650 5239 1706 5293 in
1735 5238 2126 5304 Britanniam,

456 5325 731 5396 itemque
760 5326 833 5381 de
865 5327 1168 5382 Britannia
1215 5327 1274 5382 in
1305 5325 1555 5382 Italiam.
1589 5347 1617 5379 »
1669 5327 1809 5382 Post
1862 5329 2126 5384 medium

475 5429 713 5470 rursum
744 5415 839 5469 hic
862 5415 1073 5485 legitur
1121 5414 1368 5472 titulus:
1426 5415 1705 5473 Miracula
1756 5418 1941 5473 sancti
1985 5435 2125 5490 apo-

476 5502 608 5558 stoli
658 5508 713 5559 et
743 5504 1122 5574 evangelista
1170 5505 1418 5561 Matthai
1463 5521 1567 5577 per
1613 5505 1892 5561 eumdem
1938 5507 2129 5563 Pauli-

2224 4546 2410 4602 quam
2447 4529 2544 4584 illa
2575 4530 2692 4584 sint
2721 4530 2942 4601 inepta,
2979 4545 3156 4586 nemo
3219 4544 3338 4584 non
3395 4527 3634 4590 videbit.
3690 4523 3876 4579 modo

2227 4618 2709 4683 consideraverit,
2753 4618 3027 4673 ultimum
3075 4634 3145 4673 ex
3207 4617 3392 4673 tribus
3450 4610 3878 4670 Valentinianis

2231 4709 2362 4780 plus
2398 4724 2584 4778 quam
2626 4713 2884 4778 quatuor
2936 4708 3168 4763 saculis
3219 4711 3520 4761 mortuum
3551 4719 3680 4760 esse
3736 4705 3880 4757 ante

2233 4799 2614 4855 Salomonem
2637 4797 2944 4852 Britannia
2968 4812 3188 4865 regem.
3207 4796 3365 4851 Mitto
3381 4795 3660 4866 adjuncta
3678 4806 3881 4847 rerum

2233 4888 2489 4960 plurima
2514 4902 2683 4958 aque
2721 4888 2935 4957 inepta,
2968 4892 3023 4942 et
3053 4901 3236 4959 pergo
3267 4885 3342 4941 ad
3385 4885 3784 4939 inventionem
3819 4880 3884 4935 in

2235 4975 2532 5048 prolixiori
2563 4975 2758 5030 solum
2791 4977 3005 5046 scripto
3037 4975 3303 5030 relatam.
3334 4973 3554 5028 Dicitur
3584 4971 3683 5027 illa
3728 4984 3884 5026 con-

2236 5065 2434 5135 tigisse
2450 5079 2608 5119 anno
2621 5063 2994 5136 954,quando
3016 5065 3411 5136 principatum
3439 5061 3884 5118 Salernitanum

2236 5153 2543 5210 obtinebat
2569 5153 2910 5224 Gisulphus.
2955 5156 3086 5208 Hac
3107 5153 3336 5224 epocha
3365 5167 3473 5207 suo
3499 5150 3630 5206 loco
3660 5147 3890 5204 confir-

2241 5242 2456 5298 manda
2492 5243 2704 5298 veniet.
2730 5242 2962 5297 Interim
2996 5241 3435 5307 moneo,multa
3475 5255 3712 5295 rursum
3773 5237 3892 5292 im-

2240 5330 2575 5403 probabilia
2601 5336 2656 5386 et
2670 5330 2873 5402 inepta
2889 5330 3146 5386 historia
3166 5329 3521 5385 inventionis
3541 5326 3888 5384 admisceri.

2243 5423 2356 5476 Has
2379 5420 2458 5475 ob
2484 5436 2699 5475 causas
2727 5426 2907 5475 totam
2933 5419 3092 5475 illam
3119 5418 3524 5474 translationis
3553 5416 3890 5479 historiam,

2245 5514 2445 5582 utpote
2476 5509 2763 5565 sexcentis
2784 5509 2998 5566 fabulis
3027 5514 3130 5565 aut
3149 5508 3383 5581 ineptiis
3405 5509 3714 5572 fadatam,
3743 5506 3895 5563 omit
