4144 6184
260 293 358 347 761

1650 291 1820 349 VITA
1858 290 1918 345 S.
1963 289 2325 349 MATTHEI.

3571 305 3677 360 762

259 419 377 471 tere
418 416 614 471 statui.
662 416 809 472 Cum
850 422 1048 473 tamen
1091 419 1419 491 posteriora
1457 419 1653 474 minus
1709 416 1918 472 saltem
1952 414 1998 470 Α
2031 415 2209 479 venit,
2251 424 2307 473 et
2345 419 2637 477 habitavit
2687 422 2744 476 in
2785 422 3208 494 Capharnaum
3255 426 3573 493 maritima,
3616 427 3675 482 in

257 504 469 560 vitiosa
502 513 856 577 appareant,
886 511 1048 579 quod
1084 509 1506 580 scriptorhisce
1529 505 1920 580 propinquior
2029 503 2250 561 ﬁnibus
2289 506 2553 564 Zabulon
2585 517 2640 565 et
2682 510 3081 582 Nephthalim,
3137 518 3199 566 ut
3252 514 3677 587 adimpleretur

257 593 433 650 fuerit
451 611 465 660 ;
485 594 586 651 illa
599 595 854 651 subinde
871 596 1175 652 conferam
1198 614 1333 653 cum
1364 597 1491 653 aliis
1520 595 1913 664 documentis,

256 689 311 740 et
337 700 476 739 cum
518 684 715 740 relatis
746 686 824 741 ab
862 685 1255 742 illustrissimi)
1307 687 1592 743 Columna
1639 684 1913 752 Marsilio,

257 781 318 829 ut
343 774 401 829 in
425 775 867 831 Commentario
899 775 1202 831 studiosus
1230 776 1411 832 lector
1443 777 1514 831 sit
1540 778 1912 839 inventurus,

255 862 552 934 quidquid
582 862 885 919 tolerabile
917 865 974 920 in
1006 864 1118 919 illis
1153 866 1386 937 scriptis
1422 870 1671 936 apparet
1702 862 1916 932 Ughel—

251 951 367 1015 lus,
397 957 539 1007 tom.
570 951 669 1005 VII
703 953 898 1009 Italic
926 968 1114 1010 sacrz
1144 953 1203 1008 in
1231 953 1699 1025 archiepiscOpis
1729 952 1915 1007 Saler-

252 1040 474 1095 nitauis
528 1040 704 1095 variis
738 1040 885 1095 locis
929 1042 1002 1097 de
1049 1042 1424 1098 translatione
1472 1047 1529 1097 et
1575 1041 1914 1096 inventione

252 1129 440 1184 sancti
464 1128 720 1186 Matthtei
753 1131 894 1199 agit,
930 1137 986 1186 et
1016 1131 1268 1186 multum
1301 1131 1506 1187 laudat
1546 1130 1913 1202 Opusculum

250 1218 510 1285 Marsilii,
546 1219 711 1291 quod
743 1237 812 1275 ex
845 1237 1015 1284 mss.,
1047 1221 1119 1276 de
1144 1221 1364 1292 quibus
1395 1221 1653 1290 agimus,
1678 1219 1913 1275 concin-

250 1313 460 1363 natum
516 1313 624 1363 est.
689 1309 1062 1382 Quapropter
1116 1310 1378 1366 studiose
1421 1325 1493 1365 ex
1525 1308 1914 1379 scriptoribus

249 1395 433 1453 medii
459 1397 570 1452 aevi
585 1397 814 1467 singula
850 1399 973 1453 suis
993 1398 1137 1455 locis
1170 1399 1518 1455 examinare
1537 1397 1912 1453 conabimur.

248 1503 276 1576 ς
305 1503 373 1557 II.
407 1503 466 1560 S.
497 1503 806 1560 Matt/taeta
827 1506 1018 1561 ocatio
1040 1521 1115 1562 ea:
1145 1505 1478 1575 Evangelia
1501 1521 1632 1560 cum
1647 1505 1918 1576 observa.

320 1577 572 1631 tionibus
601 1577 858 1632 Patrum
890 1593 902 1630 :
946 1577 1174 1649 aliquot
1212 1579 1620 1634 controversiae
1658 1576 1738 1632 ad
1773 1575 1916 1631 San-

320 1654 478 1702 ctum
501 1651 849 1719 spectantes.

2026 594 2191 664 quod
2244 595 2465 652 dictum
2517 605 2606 654 est
2648 616 2754 671 per
2799 601 3014 654 Isaiam
3064 602 3416 672 prophetam
3452 621 3471 662 :
3501 606 3678 660 Terra

2027 682 2290 739 Zabulon
2357 693 2414 742 et
2468 692 2620 744 terra
2685 689 3082 760 Nephthalim,
3127 691 3218 745 via
3276 692 3458 747 maris
3515 699 3676 747 trans

2023 770 2368 840 Iordanem,
2411 776 2647 834 Galilaia
2673 781 2958 848 gentium,
2987 780 3268 851 populus,
3297 781 3399 852 qui
3432 781 3679 836 sedebat

2024 860 2084 915 in
2115 863 2394 928 tenebris,
2429 865 2576 921 vidit
2625 867 2816 923 lucem
2851 884 3137 937 magnam
3185 886 3198 935 ;
3233 878 3286 924 et
3334 869 3678 925 sedentibus

2023 950 2083 1005 in
2110 953 2352 1022 regione
2384 955 2605 1011 umbrae
2636 958 2839 1011 mortis
2870 957 2971 1012 lux
3001 963 3130 1012 orta
3161 962 3246 1012 est
3292 959 3395 1012 eis.
3437 980 3464 1007 ››
3507 961 3677 1014 Recte

2025 1040 2498 1111 Chrysostomus,
2531 1045 2790 1114 hom.29,
2831 1054 2932 1101 aut
2977 1047 3047 1102 30
3080 1047 3134 1100 in
3187 1047 3546 1112 Matthaaum,
3603 1045 3677 1101 de

2025 1129 2218 1184 verbis
2265 1131 2532 1201 allegatis
2562 1133 2706 1188 dicit
2745 1150 2758 1186 :
2797 1155 2821 1185 ‹‹
2863 1134 3162 1190 Civitatem
3197 1152 3370 1190 suam
3426 1136 3519 1190 hic
3569 1137 3675 1191 Ca-

2025 1234 2317 1289 pernaum
2351 1222 2612 1293 appellat
2643 1239 2840 1291 :nam,
2862 1223 3354 1295 quaatulitipsum
3381 1224 3674 1279 Bethleem

2026 1305 2134 1362 fuit
2167 1323 2178 1362 :
2209 1323 2345 1378 quas
2385 1311 2679 1366 educavit.
2714 1312 3035 1378 Nazareth;
3068 1329 3201 1382 quas
3243 1313 3673 1369 inhabitantem

2025 1393 2254 1462 habuit,
2288 1396 2686 1470 Capernaum.
2724 1423 2751 1450 ››
2787 1401 3101 1456 Habitabat
3131 1401 3308 1470 igitur
3341 1401 3677 1473 Capharnai

2024 1485 2214 1550 Jesus,
2247 1486 2345 1542 ubi
2377 1489 2680 1544 Matthaaus
2724 1491 2928 1562 procul
2960 1491 3145 1545 dubio
3171 1507 3310 1546 eum
3338 1491 3677 1563 frequenter

2027 1573 2273 1639 viderat,
2310 1577 2614 1650 multaque
2636 1579 2903 1635 audierat
2952 1579 3260 1646 miracula,
3293 1596 3425 1651 quae
3461 1581 3675 1651 partim

2026 1663 2381 1734 Capharuai,
2419 1666 2634 1736 partim
2667 1668 2725 1722 in
2754 1667 2900 1723 locis
2929 1668 3136 1723 vicinis
3176 1674 3409 1740 patrata
3439 1668 3677 1724 fuerant

318 1753 932 1810 20.Paucaadmodum
949 1754 1022 1810 de
1037 1759 1237 1810 sancto
1256 1753 1912 1810 Matthasoinnotuerunt
1946 1768 1989 1824 Β
2025 1765 2061 1805 a
2090 1749 2247 1816 Jesu,
2269 1760 2594 1825 antequam
2617 1755 2816 1826 ipsum
2839 1756 3106 1823 vocabat,
3134 1763 3448 1812 utrursum
3476 1756 3676 1812 obser-

248 1858 322 1898 ex
338 1843 676 1914 Evangelio,
697 1844 754 1898 in
781 1859 902 1915 quo
923 1843 1048 1898 sola
1066 1844 1259 1899 Sancti
1279 1843 1511 1898 vocatio
1538 1859 1674 1897 cum
1705 1848 1911 1898 secuto

251 1931 542 1999 convivio,
575 1937 633 1988 et
660 1933 876 1988 deinde
898 1933 1104 1988 electio
1144 1932 1220 1987 ad
1241 1930 1642 2004 apostolatum
1669 1946 1908 1986 enarra-

251 2025 364 2087 tur,
406 2022 665 2093 exceptis
705 2027 905 2078 tamen
946 2022 1271 2083 nonnullis.
1305 2038 1434 2092 quae
1475 2020 1799 2090 generatim
1833 2020 1907 2075 de

245 2109 530 2165 omnibus
561 2110 845 2182 apostolis
881 2111 1214 2166 referuntur
1264 2110 1573 2165 Matthaeus
1614 2108 1738 2180 ipse
1769 2124 1904 2180 cap.

245 2216 321 2263 ix,
355 2199 541 2255 relata
581 2199 913 2271 Capharnai
945 2198 1602 2272 sanationeparalytici,
1626 2197 1714 2259 ΨΩ
1739 2214 1904 2254 voca-

243 2289 468 2345 tionem
495 2305 668 2344 suam
709 2295 909 2344 narrat
939 2290 1032 2344 his
1055 2289 1248 2345 verbis
1275 2306 1288 2344 :
1319 2308 1347 2338 «
1379 2296 1601 2343 Etcum
1636 2288 1908 2343 transiret

241 2376 382 2433 inde
428 2380 616 2446 Jesus,
661 2378 804 2432 vidit
846 2379 1151 2433 hominem
1201 2378 1505 2433 sedentem
1555 2376 1611 2431 in
1663 2376 1902 2443 telonio,

241 2467 584 2523 Matthmum
636 2468 897 2532 nomine,
940 2475 994 2522 et
1031 2468 1110 2522 ait
1154 2466 1280 2522 illi:
1331 2468 1588 2539 Sequere
1639 2481 1735 2521 me
1787 2481 1802 2532 ;
1851 2472 1909 2522 et

237 2571 496 2624 surgens
519 2561 758 2611 secutus
787 2561 1048 2612 esteum.
1076 2575 1103 2608 »
1125 2558 1347 2612 Marcus
1362 2571 1492 2627 cap.
1515 2571 1573 2622 ιι,
1595 2553 1638 2616 ν
1664 2558 1722 2610 13
1747 2554 1904 2610 idem

240 2649 484 2700 enarrat
510 2645 626 2699 hoc
653 2645 836 2700 modo
869 2661 881 2699 :
909 2667 936 2696 «
970 2647 1030 2700 Et
1053 2661 1327 2714 egressus
1351 2650 1658 2700 estrursus
1687 2644 1904 2716 (Jesus)

240 2733 319 2790 ad
363 2749 528 2788 mare
567 2750 580 2789 :
614 2735 932 2805 omnisque
980 2734 1158 2790 turba
1214 2733 1492 2790 veniebat
1531 2732 1610 2787 ad
1658 2749 1819 2799 eum,
1852 2739 1908 2788 et

241 2822 505 2878 docebat
532 2838 654 2878 eos.
692 2825 757 2877 Et
786 2839 923 2878 cum
967 2823 1315 2895 praeteriret,
1351 2823 1496 2877 vidit
1527 2821 1652 2877 Levi
1679 2820 1904 2892 Alphaii

238 2911 548 2968 sedentem
588 2913 663 2968 ad
707 2912 1016 2977 telonium,
1050 2919 1105 2968 et
1135 2914 1217 2967 ait
1246 2912 1322 2967 illi
1352 2931 1363 2970 :
1404 2913 1660 2984 Sequere
1701 2926 1818 2976 me,
1848 2917 1906 2967 et

237 3016 502 3070 surgens
536 3007 776 3057 secutus
804 3005 893 3057 est
915 3017 1073 3056 eum.
1106 3022 1134 3052 »
1168 3003 1416 3074 Uterque
1447 2999 1757 3070 subjungit
1785 2999 1902 3070 illa,

2024 1847 2121 1895 vat
2152 1841 2633 1912 Chrysostomus,
2677 1844 2842 1900 hom.
2875 1846 2964 1912 30,
2998 1851 3101 1900 aut
3151 1850 3238 1902 3t.
3270 1849 3426 1901 Data:
3473 1851 3671 1900 autem

2019 1929 2466 1987 observationes
2523 1935 2872 2006 sanatioque
2935 1935 3245 2007 paralytici
3305 1935 3484 2008 paulo
3537 1940 3674 1989 ante

2018 2017 2175 2075 facta
2204 2020 2544 2086 ostendunt,
2579 2039 2763 2094 quam
2798 2025 2992 2095 inepte
3023 2024 3291 2079 Julianus
3323 2029 3379 2079 et
3409 2023 3676 2094 Porphy-

2018 2106 2141 2162 rius
2203 2109 2578 2165 vocationem
2646 2112 2894 2167 Matthaai
2949 2112 3297 2169 Christianis
3351 2112 3676 2183 objecerint

2016 2204 2304 2270 tanquam
2345 2199 2777 2268 incredibilem,
2829 2207 2891 2256 ut
2919 2209 3074 2257 recte
3113 2202 3362 2257 advertit
3393 2203 3448 2258 S.
3484 2202 3676 2256 Hiero-

2016 2301 2237 2358 nymus
2268 2289 2327 2344 in
2359 2295 2538 2360 caput
2558 2307 2615 2345 1x
2647 2290 2918 2356 Matthaai,
2952 2291 3056 2346 ubi
3088 2291 3197 2346 illis
3224 2290 3396 2362 plura
3434 2304 3664 2363 respon-

2017 2380 2135 2434 det.

2088 2471 2174 2522 22.
2210 2465 2304 2521 Vel
2335 2467 2417 2522 sic
2449 2472 2646 2522 tamen
2693 2466 2840 2522 nihil
2878 2468 3316 2524 detrahendum
3349 2471 3436 2524 est
3479 2483 3676 2540 prom-

2019 2561 2132 2628 ptae
2155 2556 2505 2612 obedientiae
2520 2556 2792 2619 Matthaai,
2808 2557 2882 2612 de
2895 2573 3018 2628 qua
3034 2557 3312 2613 laudatus
3330 2557 3676 2629 Chrysosto-

2019 2662 2151 2699 mus
2190 2644 2270 2699 ita
2301 2645 2688 2700 ratiocinatur
2722 2666 2732 2698 :
2764 2668 2790 2694 ‹‹
2825 2647 2891 2700 Ut
2920 2645 3172 2700 didicisti
3208 2645 3472 2700 vocantis
3502 2649 3673 2717 pote-

2017 2739 2252 2798 statem,
2283 2734 2366 2788 sic
2396 2734 2557 2789 disce
2590 2734 2779 2790 vocati
2810 2733 3237 2790 obedientiam.
3277 2734 3480 2805 Neque
3511 2734 3672 2788 enim

2014 2822 2394 2895 repugnavit,
2423 2839 2617 2895 neque
2645 2823 2930 2879 dubitans
2964 2824 3111 2878 dixit
3145 2840 3158 2877 :
3195 2823 3346 2888 Quid
3378 2823 3492 2877 hoc
3532 2827 3620 2876 est
3646 2824 3674 2880 ?

2016 2915 2168 2968 Num
2195 2927 2289 2966 me
2310 2911 2621 2967 hominem
2647 2912 2996 2982 hujusmodi
3022 2911 3427 2967 fraudulenter
3454 2908 3674 2966 vocat?

2017 3003 2163 3056 Nam
2191 3007 2344 3056 certe
2378 3001 2793 3073 intempestiva
2839 3002 3042 3056 fuisset
3079 3000 3426 3072 hujusmodi
3475 2999 3672 3055 humi-

228 3105 373 3162 qum
415 3089 576 3146 facta
601 3096 758 3155 sunt,
791 3090 1039 3162 quando
1069 3091 1128 3145 in
1158 3090 1342 3146 domo
1383 3088 1635 3144 Matthmi
1665 3104 1902 3144 accum-
1938 3126 1978 3185 α
2013 3088 2168 3146 litas.
2209 3090 2323 3146 Sed
2351 3090 2548 3145 statim
2587 3090 2888 3146 obedivit:
2915 3106 3110 3162 neque
3141 3088 3304 3161 petiit
3330 3094 3393 3143 ut
3416 3089 3668 3144 domum

230 3179 421 3236 bebat
455 3182 646 3236 Jesus.
680 3185 747 3235 At
777 3180 918 3235 satis
947 3181 1072 3246 erit,
1108 3179 1155 3234 si
1182 3179 1256 3235 de
1286 3179 1386 3234 illo
1418 3178 1690 3234 convivio
1727 3178 1906 3233 dede.
1945 3178 1978 3185 '
2014 3179 2097 3236 ire
2135 3179 2353 3248 liceret,
2397 3187 2458 3235 ut
2480 3196 2602 3235 rem
2631 3196 2766 3236 cum
2797 3179 2918 3234 suis
2940 3180 3433 3243 communicaret,
3465 3194 3676 3250 quem-

229 3269 427 3324 rimus
463 3268 646 3324 verba
675 3269 869 3332 Lucae,
893 3268 998 3341 qui
1030 3284 1160 3340 cap.
1193 3285 1227 3320 v
1258 3284 1293 3324 a
1317 3267 1361 3329 ir
1387 3268 1452 3322 27
1484 3266 1558 3322 de
1594 3267 1903 3322 vocatione

229 3363 289 3413 et
327 3363 532 3412 secuto
557 3357 826 3413 convivio
851 3357 932 3413 ita
962 3356 1222 3428 loquitur
1253 3374 1270 3411 :
1297 3377 1323 3409 «
1348 3359 1409 3412 Et
1433 3360 1566 3427 post
1591 3355 1717 3411 haec
1739 3355 1900 3420 exiit,

237 3452 298 3502 et
351 3446 497 3501 vidit
539 3445 927 3517 publicanum
997 3448 1240 3501 nomine
1285 3446 1435 3507 Levi.
1479 3444 1779 3500 sedentem
1827 3444 1905 3500 ad

232 3533 546 3597 telonium,
585 3541 641 3590 et
668 3536 750 3590 ait
779 3534 862 3590 illi
908 3551 920 3591 :
956 3536 1210 3606 Sequere
1245 3550 1358 3590 me.
1399 3537 1463 3589 Et
1505 3533 1722 3589 relictis
1777 3549 1909 3589 om-

235 3624 439 3684 nibus.
475 3638 725 3692 surgens
769 3629 1006 3679 secutus
1054 3629 1141 3678 est
1185 3639 1344 3677 eum.
1377 3625 1442 3678 Et
1492 3622 1628 3678 fecit
1667 3621 1716 3677 ei
1765 3637 1910 3678 con-

237 3713 464 3767 vivium
518 3728 809 3782 magnum
851 3713 980 3767 Levi
1010 3712 1068 3767 in
1101 3712 1284 3767 domo
1315 3728 1446 3776 sua,
1479 3717 1534 3766 et
1577 3717 1704 3766 erat
1734 3711 1909 3766 turba

240 3800 432 3856 multa
451 3801 930 3872 publicanorum.
949 3806 1004 3856 et
1024 3800 1298 3865 aliorum,
1316 3801 1418 3872 qui
1441 3816 1576 3855 cum
1595 3799 1709 3854 illis
1742 3806 1912 3856 erant

239 3890 713 3947 discumbentes.
742 3892 801 3945 Et
825 3906 1019 3944 murm
1031 3889 1286 3945 urabant
1317 3889 1595 3944 Pharisaei
1617 3896 1672 3944 et
1694 3888 1911 3944 Scrist

237 3994 473 4043 eorum,
510 3979 771 4034 dicentes
811 3978 888 4034 ad
935 3977 1264 4049 discipulos
1306 3977 1434 4048 ejus
1471 3997 1484 4036 :
1532 3978 1722 4042 Quare
1775 3993 1914 4033 cum

243 4067 584 4140 publicanis
619 4075 675 4123 et
705 4068 1124 4140 peccatoribus
1167 4066 1545 4123 manducatis
1572 4072 1628 4123 et
1667 4066 1862 4122 bibitis
1887 4067 1916 4124 ?

248 4159 316 4212 Et
346 4158 718 4227 respondens
749 4159 942 4220 Jesus,
965 4155 1112 4211 dixit
1144 4156 1220 4211 ad
1246 4155 1410 4211 illos:
1439 4159 1563 4211 Non
1594 4161 1785 4225 egent,
1809 4158 1912 4227 qui

249 4246 382 4300 sani
417 4251 568 4309 sunt,
606 4245 860 4312 medico,
895 4245 994 4300 sed
1035 4239 1139 4318 qui
1169 4244 1322 4300 male
1355 4244 1597 4300 habent.
1627 4248 1748 4300 Non
1784 4245 1912 4299 veni

241 4350 462 4390 vocare
501 4333 715 4404 justos,
770 4336 872 4389 sed
911 4339 1250 4403 peccatores
1287 4333 1364 4389 ad
1407 4333 1837 4405 pwnitentiam.
1881 4355 1910 4383 »

245 4426 548 4479 Hactenus
580 4423 953 4492 evangelista:
980 4423 1054 4478 de
1085 4424 1411 4479 vocatione.

315 4516 406 4567 2t.
463 4513 546 4567 Ad
603 4511 858 4584 allegata
906 4518 1104 4567 autem
1167 4512 1669 4581 evangelistarum
1730 4511 1911 4567 verba

242 4603 561 4657 observare
618 4618 957 4672 possumus,
1028 4607 1302 4656 sanctum
1346 4601 1682 4657 Matthaaum
1731 4601 1908 4657 fuisse

243 4695 526 4747 vocatum
579 4706 763 4762 prope
808 4690 1103 4746 civitatem
1156 4691 1578 4762 Capharnaum
1625 4692 1701 4746 ad
1745 4707 1908 4747 mare

245 4779 529 4846 Galilme,
556 4781 678 4836 sive
699 4780 1047 4846 Tiberiadis,
1069 4779 1219 4837 alias
1243 4780 1441 4836 lacum
1462 4781 1825 4836 Genesareth
1848 4783 1908 4836 in

248 4871 562 4940 Scripturis
603 4869 851 4937 dictum,
898 4869 996 4924 ubi
1042 4875 1210 4924 erant
1248 4868 1532 4924 solvenda
1573 4869 1903 4940 vectigalia.

250 4962 399 5016 Nam
435 4961 664 5014 Marcus
696 4958 851 5013 clare
891 4958 973 5013 ait
1007 4957 1050 5018 ir
1081 4974 1117 5023 ι,
1145 4960 1347 5012 Iesum
1390 4959 1618 5012 venisse
1651 4959 1906 5030 Caphar-

251 5065 459 5112 naum,
501 5045 702 5117 ibique
744 5063 987 5102 sanasse
1036 5045 1454 5118 paralyticum,
1499 5052 1621 5102 tum
1671 5063 1906 5103 rursum

252 5137 427 5193 fuisse
459 5151 787 5205 egressum,
831 5141 888 5190 et
928 5135 1262 5191 Matthmum
1303 5136 1424 5190 sive
1472 5136 1602 5189 Levi
1637 5151 1906 5192 vocasse.

251 5226 555 5282 Malthteus
609 5241 748 5279 vero
788 5223 951 5287 dicit,
989 5226 1180 5279 Jesum
1229 5225 1463 5279 venisse
1502 5224 1560 5278 in
1610 5226 1906 5282 civitatem

252 5331 448 5380 suam,
493 5313 595 5369 ubi
627 5314 906 5368 nimirum
942 5321 1078 5367 tunc
1112 5313 1444 5378 habitabat,
1486 5319 1546 5368 ut
1583 5313 1741 5369 idem
1773 5315 1906 5370 Mat-

253 5403 439 5459 thaaus
482 5418 612 5474 cap.
664 5419 722 5458 iv
759 5401 802 5464 ἡ
846 5406 904 5458 t3
960 5407 1204 5458 testatur
1251 5402 1341 5457 his
1384 5402 1576 5457 verbis
1615 5425 1626 5454 :
1687 5423 1710 5453 ι
1758 5405 1906 5460 Cum

247 5499 451 5549 autem
484 5491 748 5548 audisset
773 5491 960 5557 Jesus,
987 5491 1424 5562 quodJoannes
1449 5490 1701 5546 traditus
1731 5499 1903 5557 esset,

251 5581 494 5639 secessit
525 5581 586 5636 in
615 5579 924 5637 Galilzeam
967 5595 979 5634 :
1014 5587 1070 5636 et
1108 5579 1308 5636 relicta
1337 5579 1570 5636 civitate
1601 5581 1902 5648 Nazareth,

2015 3269 2347 3326 admodum
2403 3270 2580 3324 etiam
2630 3270 2951 3340 piscatores
2983 3268 3267 3324 fecerunt.
3301 3268 3373 3324 Ut
3403 3267 3560 3323 enim
3594 3266 3675 3323 illi

2015 3361 2180 3424 retia,
2220 3357 2582 3426 naviculam,
2615 3363 2670 3413 et
2701 3364 2950 3430 patrem,
2984 3358 3064 3414 ita
3097 3365 3150 3412 et
3178 3357 3275 3413 hic
3303 3356 3676 3413 teloniariam

2019 3462 2290 3502 mensam
2307 3451 2362 3501 et
2383 3446 2612 3500 lucrum
2639 3446 2890 3517 reliquit,
2909 3451 2971 3501 ut
2988 3452 3352 3518 sequeretur,
3373 3444 3451 3501 ad
3472 3444 3676 3500 omnia

2018 3540 2298 3606 paratum
2349 3534 2618 3589 animum
2653 3534 2940 3590 exhibens
2985 3551 2998 3589 :
3033 3540 3085 3589 et
3112 3551 3148 3589 a
3173 3534 3351 3588 rebus
3395 3533 3676 3588 omnibus

2021 3622 2407 3680 saecularibus
2429 3639 2490 3678 se
2513 3622 2710 3677 statim
2739 3623 3123 3690 abscindens,
3149 3638 3253 3693 per
3272 3621 3673 3678 obedientiam

2021 3712 2341 3785 perfectam
2360 3711 2810 3778 testificabatur,
2842 3727 3022 3782 quam
3050 3712 3397 3782 tempestive
3428 3715 3674 3765 vocatus

2022 3801 2308 3857 fuisset».
2351 3800 2406 3856 S.
2461 3799 2706 3855 Basilius
2758 3801 2819 3854 in
2869 3799 3102 3868 Regulis
3145 3799 3336 3853 fusius
3390 3799 3671 3865 tractatis,

2024 3890 2222 3944 interr.
2244 3892 2296 3954 8,
2318 3890 2507 3959 magis
2531 3889 2706 3944 etiam
2724 3895 3044 3958 exaggerat
3067 3893 3408 3959 promptam
3425 3901 3676 3958 sequen-

2024 3979 2096 4035 tis
2144 3977 2567 4042 obedientiam,
2603 3977 2683 4032 ita
2736 3977 3002 4033 scribens
3041 3998 3052 4028 :
3088 3997 3114 4027 «
3177 3977 3480 4032 Mattheeus
3510 3991 3673 4037 vero,

2025 4083 2160 4122 cum
2184 4066 2257 4122 ab
2289 4066 2420 4138 ipso
2444 4065 2658 4122 telonio
2682 4066 2952 4132 surrexit,
2977 4065 3414 4137 Dominumque
3437 4069 3675 4119 secutus

2023 4162 2128 4221 est,
2162 4156 2296 4228 (nos
2325 4155 2526 4211 docuit
2555 4156 2592 4224 :)
2625 4155 2726 4227 qui
2771 4170 2891 4209 non
2941 4154 3139 4210 telonii
3193 4154 3385 4209 solum
3436 4152 3668 4210 emolu-

2027 4251 2224 4300 menta
2249 4244 2504 4316 reliquit,
2525 4245 2626 4300 sed
2654 4243 2916 4315 pericula
2936 4245 3116 4298 etiam
3137 4243 3508 4315 contempsit,
3538 4255 3675 4313 quas

2022 4350 2058 4390 a
2090 4333 2531 4402 magistratibus
2559 4339 2681 4388 tum
2715 4332 2827 4388 sibi
2869 4337 2998 4387 tum
3051 4331 3520 4402 consanguineis
3551 4330 3674 4386 suis

2020 4422 2472 4496 impendebant,
2488 4423 2652 4493 quod
2669 4421 3045 4491 vectigalium
3064 4422 3323 4476 rationes
3338 4419 3676 4492 reliquisset

2021 4511 2287 4566 intectas.
2316 4509 2608 4582 Antiquus
2638 4526 2979 4581 anonymus
3011 4510 3087 4564 ad
3113 4509 3480 4580 prasidium,
3505 4508 3676 4578 cujus

2024 4600 2280 4672 Epistola
2310 4599 2458 4654 inter
2513 4601 2698 4671 Opera
2737 4600 2793 4654 S.
2839 4597 3175 4670 Hieronymi
3229 4598 3500 4653 editionis
3531 4599 3677 4654 Mar-

2020 4691 2230 4745 tianea:
2256 4689 2506 4744 habetur
2537 4696 2681 4744 tom.
2731 4691 2788 4753 V,
2823 4689 2938 4745 col.
2998 4691 3114 4754 I46,
3169 4687 3449 4743 observat
3499 4687 3673 4742 etiam

2020 4779 2155 4845 alia,
2179 4779 2260 4832 ita
2292 4777 2543 4850 loquens
2576 4795 2587 4831 :
2619 4799 2642 4827 ‹ι
2680 4777 2989 4832 Μᾶιῐῒιωυε
3022 4775 3237 4832 sedens
3270 4774 3346 4831 ad
3374 4774 3668 4830 teloneum

2021 4867 2187 4923 audit
2229 4882 2240 4919 :
2276 4867 2532 4939 Sequere
2549 4881 2663 4920 me.
2682 4866 2982 4936 Numquid
3005 4865 3192 4936 prius,
3214 4863 3524 4920 ratiocinia
3542 4879 3677 4935 sup-

2019 4957 2270 5028 putavit,
2311 4963 2366 5010 et
2417 4971 2688 5010 reversus
2745 4954 2996 5010 domum
3043 4970 3289 5009 suorum
3333 4968 3542 5024 passus
3590 4957 3675 5007 est

2018 5045 2330 5116 lacrymas,
2346 5044 2645 5116 prmdioru
2655 5060 2831 5115 mque
2845 5043 3118 5098 auctione
3131 5043 3434 5106 sollicitus,
3450 5057 3672 5113 nequa-

2018 5150 2203 5207 quam
2237 5135 2426 5204 potuit
2460 5133 2686 5189 Domini
2729 5134 2894 5204 sequi
2926 5131 3192 5202 vestigia,
3225 5131 3334 5186 nisi
3369 5130 3578 5186 mundi
3613 5145 3676 5184 se

2019 5223 2184 5295 prius
2217 5238 2395 5277 onere
2424 5221 2701 5278 liberaret
2730 5222 2757 5278 ?
2780 5241 2809 5274 »
2840 5222 2924 5276 Ita
2954 5221 3196 5292 quidem
3223 5235 3565 5290 anonymus
3581 5219 3677 5274 hic

2019 5328 2157 5368 cum
2191 5314 2246 5368 S.
2280 5311 2497 5367 Basilio
2555 5312 2786 5367 videtur
2831 5312 3152 5374 insinuare,
3188 5310 3446 5365 rationes
3496 5308 3676 5365 fuisse

2018 5399 2357 5456 reddendas
2386 5408 2592 5456 sancto
2621 5403 2889 5456 Matthaao
2925 5401 2999 5454 de
3022 5403 3267 5469 accepta
3285 5413 3356 5453 ex
3378 5397 3678 5468 vectigali-

2019 5491 2131 5546 bus
2172 5488 2446 5560 pecunia,
2483 5505 2588 5544 nec
2642 5497 2843 5544 tamen
2891 5488 2965 5542 de
3013 5487 3081 5542 iis
3130 5486 3450 5543 reddendis
3500 5487 3675 5543 fuisse

2021 5579 2356 5637 sollicitum.
2410 5580 2623 5635 Verum
2671 5595 2740 5635 ea
2787 5576 3128 5634 observatio
3189 5591 3360 5650 teque
3399 5577 3546 5633 mihi
3589 5576 3669 5632 in-
