4094 6230
500 278 608 333 763

1835 272 2098 330 MENSIS
2139 272 2420 330 SEPTEM
2427 274 2590 330 BER.
3827 280 3911 333 764

499 407 659 460 certa
696 407 751 458 et
797 418 1005 473 parum
1050 400 1379 472 probabilis
1424 404 1691 472 apparet,
1737 417 1805 456 ac
1843 399 1972 455 aliis
2024 400 2151 470 jam
2187 399 2226 452 A
2264 398 2458 454 telonii
2494 400 2701 456 usibus
2727 402 3077 458 serviebat?
3109 401 3219 458 Sed
3254 403 3327 456 de
3357 406 3523 458 terra
3552 401 3838 464 sublatus,
3865 403 3912 458 in

498 493 623 547 visa
651 499 755 556 est,
786 492 896 545 nisi
925 507 1054 545 eam
1084 491 1275 544 solum
1316 490 1717 559 intelligamus
1759 489 1832 543 de
1876 493 2153 560 prompta

499 583 798 637 voluntate
821 581 898 635 ad
924 580 1266 635 faciendum
1283 580 1824 651 quidquidjubcret
1845 579 2149 633 Dominus.

502 688 634 726 cum
657 671 796 724 satis
825 686 1003 725 nosse
1035 675 1233 740 posset
1264 670 1406 724 nihil
1454 669 1592 725 mali
1617 670 1950 739 jussurum.
1982 668 2153 733 Quod

499 776 639 815 vero
669 765 893 829 spectat
922 759 996 813 ad
1039 759 1297 813 rationes
1327 758 1504 815 ofﬁcii
1536 757 1983 827 magistratibus
2027 757 2153 811 red-

501 849 752 913 dendas,
783 849 1071 917 conjicere
1107 863 1450 918 possumus,
1499 854 1600 902 aut
1647 847 1980 914 obligatum
2033 862 2154 903 non

503 937 680 993 fuisse
712 937 1047 993 Matthaum
1080 936 1155 992 ad
1188 953 1287 991 eas
1319 936 1676 1002 reddendas,
1710 937 1874 1008 quod
1907 937 2156 992 fortasse

503 1033 672 1100 pater
715 1027 900 1097 ipsius
945 1025 1220 1096 Alphaus
1275 1027 1454 1081 etiam
1506 1032 1628 1081 tum
1683 1026 1925 1090 viveret,
1955 1031 2074 1093 aut,
2109 1026 2156 1080 si

507 1116 808 1170 Matthaus
861 1114 1106 1169 omnino
1151 1120 1332 1184 caput
1386 1114 1622 1170 familia
1673 1131 1797 1170 sua
1867 1119 2040 1181 esset,
2101 1120 2158 1170 et

512 1203 895 1272 vectigalibus
926 1203 1256 1274 prafectus,
1289 1203 1609 1258 Dominum
1655 1204 1849 1258 eidem
1881 1209 2010 1274 post
2035 1204 2153 1275 pri-

507 1309 669 1348 mam
696 1292 1096 1347 obedientiam
1130 1292 1472 1360 mandasse,
1508 1298 1565 1347 ut
1599 1293 1690 1346 vel
1741 1295 2001 1347 rationes
2041 1293 2156 1348 cito

507 1383 796 1447 redderet,
833 1382 922 1435 vel
948 1397 1082 1436 eam
1114 1397 1318 1435 curam
1352 1380 1512 1435 alteri
1544 1380 1954 1436 demandaret.
1991 1380 2156 1436 Certe

509 1471 867 1535 convivium,
901 1471 1064 1541 quod
1103 1471 1158 1524 in
1203 1470 1386 1524 domo
1418 1486 1529 1524 sua
1582 1470 1804 1525 Christo
1835 1470 2158 1542 multisque

506 1560 841 1633 publicanis
890 1560 1173 1614 exstruxit
1217 1559 1543 1623 Matthaus,
1579 1560 1818 1614 abunde
1877 1560 2156 1623 insinuat,

510 1651 708 1720 ipsum
741 1648 911 1703 facile
952 1649 1008 1702 in
1049 1647 1194 1703 alios
1227 1648 1642 1702 transfundere
1675 1649 1961 1719 potuisse,
1992 1648 2160 1719 quid-

508 1739 654 1810 quid
685 1736 1062 1805 obligationis
1094 1753 1158 1790 ex
1189 1736 1385 1791 officio
1425 1742 1821 1792 contraxerat.

576 1827 664 1881 23.
698 1827 877 1881 Porro
906 1824 1132 1880 laudati
1179 1825 1633 1896 Chrysostomus
1682 1832 1737 1880 et
1766 1827 2161 1898 Hieronymus

509 1929 645 1968 cum
680 1914 855 1969 laude
905 1914 1226 1970 observant
1277 1915 1601 1969 candorem
1655 1920 1708 1970 et
1761 1915 2160 1969 humilitatem

508 2003 563 2058 S.
595 2003 874 2072 Matthai,
906 2005 1070 2074 quod
1103 2005 1231 2075 ipse
1258 2005 1316 2058 in
1369 2003 1682 2068 Evangelio
1723 2003 2033 2074 professus
2066 2003 2160 2067 sit,

507 2093 897 2164 publicanum
950 2110 1012 2147 se
1054 2093 1260 2160 fuisse,
1307 2109 1567 2164 ususque
1627 2093 1704 2147 sit
1748 2094 1989 2148 nomine
2053 2109 2162 2148 suo

510 2181 702 2250 magis
749 2181 1013 2250 vulgato,
1066 2197 1204 2236 cum
1239 2184 1464 2236 Marcus
1495 2188 1549 2236 et
1578 2184 1758 2236 Lucas
1803 2181 1929 2237 Levi
1959 2182 2159 2252 ipsum

513 2272 840 2333 nominent,
871 2271 1017 2326 dum
1044 2271 1309 2326 scribunt
1349 2272 1720 2326 vocationem
1766 2290 1778 2334 ;
1829 2271 2159 2325 Matthaum

511 2375 665 2423 vero,
699 2361 844 2414 dum
867 2361 1145 2414 eumdem
1164 2359 1448 2430 apostolis
1467 2365 1879 2415 annumerant.
1911 2359 1968 2415 Si
2001 2359 2156 2415 idem

513 2446 742 2503 fecisset
792 2450 1094 2504 Matthaus
1145 2450 1294 2520 ipse,
1343 2455 1398 2503 et
1448 2448 1714 2503 similiter
1771 2451 1830 2504 in
1888 2448 2160 2517 catalogo

496 2537 917 2608 apostolorum
934 2538 1313 2608 publicanum
1329 2555 1389 2593 se
1409 2553 1526 2596 non
1551 2537 1939 2594 nominasset.
1963 2538 2160 2592 nullus

512 2626 726 2680 deinde
757 2643 824 2680 ex
847 2627 1158 2696 Evangelio
1187 2629 1408 2682 nescire
1433 2629 1734 2698 potuisset,
1770 2627 2158 2698 publicanum

507 2715 689 2770 fuisse
720 2716 1082 2778 Matthaum,
1116 2723 1217 2770 aut
1248 2716 1527 2771 eumdem
1576 2733 1714 2770 cum
1762 2717 1916 2771 Levi.
1946 2717 2160 2771 Audia-

511 2820 644 2858 mus
662 2805 842 2859 verba
864 2804 1045 2859 sancti
1067 2805 1404 2876 Hieronymi
1439 2821 1453 2859 :
1483 2827 1504 2855 ι
1535 2805 1730 2859 Cateri
1756 2804 2154 2875 evangelista,

508 2893 719 2964 inquit,
750 2899 988 2964 propter
1017 2894 1438 2949 verecundiam
1479 2897 1536 2949 et
1565 2895 1854 2950 honorem
1881 2893 2152 2961 Matthai,

509 2983 831 3037 noluerunt
882 2999 1018 3037 eum
1087 2985 1330 3037 nomine
1389 2983 1691 3054 appellare
1746 2984 2005 3052 vulgato,
2054 2982 2159 3037 sed

511 3071 803 3134 dixerunt,
843 3071 1008 3134 Levi;
1053 3071 1272 3142 duplici
1322 3074 1546 3143 quippe
1601 3073 1891 3125 vocabulo
1949 3069 2077 3126 fuit.
2130 3091 2153 3123 io
2189 3099 2229 3157 ρ

509 3161 639 3229 Ipse
670 3164 867 3213 autem
901 3160 1205 3214 Matthaus
1238 3159 1565 3213 secundum
1590 3158 1757 3224 illud,
1787 3159 1950 3230 quod
1989 3177 2020 3213 a
2060 3161 2160 3215 Sa-

510 3248 750 3303 lomone
793 3247 1130 3318 pracipitur
1165 3265 1176 3302 :
1218 3269 1235 3296 ε
1285 3251 1456 3302 Jesus
1487 3252 1799 3303 accusator
1842 3254 1930 3303 est
1982 3248 2071 3303 sui
2100 3248 2159 3303 in

510 3336 804 3409 principio
848 3337 1157 3392 sermonis.
1194 3360 1221 3386 »
1256 3340 1320 3392 Et
1367 3337 1426 3392 in
1471 3337 1590 3392 alio
1630 3336 1761 3392 loco
1808 3355 1819 3392 :
1871 3357 1895 3388 «
1945 3337 2048 3392 Dic
2097 3342 2161 3392 tu

509 3433 752 3498 peccata
784 3432 900 3494 tua,
964 3432 1023 3480 ut
1048 3426 1386 3495 justiﬁceris
1434 3443 1446 3491 ;
1480 3427 1812 3483 Matthaum
1861 3443 1920 3482 se
1971 3432 2026 3481 et
2056 3441 2162 3497 pu-

508 3513 815 3569 blicanum
842 3515 1132 3579 nominat,
1161 3515 1508 3571 utostendat
1539 3515 1900 3587 legentibus,
1931 3515 2161 3570 nullum

509 3603 726 3658 debere
766 3604 1016 3659 salutem
1035 3605 1372 3676 desperare,
1395 3605 1444 3660 si
1467 3605 1544 3660 ad
1573 3605 1817 3660 meliora
1837 3620 2162 3660 conversus

513 3693 605 3758 sit,
626 3709 762 3747 cum
783 3695 909 3764 ipse
932 3694 1004 3747 de
1025 3694 1347 3763 publicano
1380 3695 1437 3748 in
1457 3694 1798 3765 apostolum
1826 3695 1898 3748 sit
1922 3699 2162 3764 repente

511 3786 794 3837 mutatus.
835 3804 852 3830 ι
901 3783 1119 3838 Eadem
1146 3782 1265 3839 fere
1277 3783 1949 3854 observatChrysostom
1962 3783 2159 3853 us,qui

510 3870 778 3940 adjungit
807 3871 983 3926 etiam
1016 3872 1355 3944 sequentia:
1391 3895 1411 3922 ι
1438 3875 1550 3928 Cur
1575 3888 1752 3944 porro
1770 3871 1938 3940 dixit,
1963 3871 2161 3943 ipsum

513 3960 734 4015 sedisse
760 3961 818 4014 in
850 3961 1065 4015 telonio
1097 3961 1124 4015 ?
1157 3961 1428 4015 Vocantis
1472 3961 1590 4017 vim
1632 3961 1972 4030 ostendens,
1997 3959 2161 4032 quod

510 4065 646 4104 cum
675 4049 945 4104 nondum
977 4049 1313 4113 destitisset,
1347 4055 1400 4104 et
1426 4049 1704 4120 improbo
1737 4050 1951 4104 telonio
1979 4050 2161 4104 hare-

512 4145 614 4201 ret,
647 4155 713 4193 ex
747 4139 956 4193 mediis
984 4141 1181 4208 ipsum
1216 4138 1389 4193 malis
1413 4139 1747 4193 extraxerit.
1779 4159 1805 4186 »
1842 4141 1903 4193 Et
1935 4138 2160 4193 moxde

509 4228 702 4283 officio
732 4228 1187 4298 publicanorum
1221 4230 1298 4283 ita
1329 4233 1587 4282 mentem
1624 4243 1797 4282 suam
1838 4227 2099 4282 declarat
2143 4244 2154 4280 :

515 4339 541 4365 ‹‹
571 4317 700 4370 Hac
741 4322 938 4370 autem
966 4316 1234 4373 lucrandi
1264 4319 1408 4371 ratio
1428 4316 1797 4387 impudentia
1831 4316 2007 4387 plena
2038 4320 2162 4371 erat

513 4422 580 4459 ac
610 4405 952 4475 petulantia,
975 4413 1240 4478 quastus
1271 4407 1512 4478 iniquus
1531 4422 1600 4460 ac
1621 4411 1954 4461 mercatura
1979 4403 2161 4459 illibe-
2193 4443 2239 4498 D

515 4493 674 4548 ralis.
707 4517 725 4543 ι
774 4495 916 4549 Hinc
950 4499 1004 4550 S.
1050 4495 1388 4563 Gregorius,
1423 4495 1586 4549 hom.
1625 4495 1694 4548 24
1742 4493 1799 4548 in
1849 4493 2161 4562 Evangelia

514 4584 780 4646 advertit,
842 4588 1070 4639 Petrum
1112 4584 1355 4656 quidem
1403 4582 1730 4655 aliquando
1789 4582 2036 4638 rediisse
2082 4583 2161 4638 ad

514 4674 924 4746 piscationem,
955 4675 1055 4728 sed
1080 4673 1415 4729 Matthaum
1448 4688 1762 4743 nunquam
1793 4672 1869 4727 ad
1901 4671 2162 4728 ofﬁcium

518 4762 821 4833 publicani
856 4763 1117 4834 periculo
1157 4763 1421 4834 plenum.
1476 4784 1495 4812 ι
1539 4761 1688 4827 Quia
1739 4760 1900 4816 aliud
1948 4765 2039 4815 est
2078 4761 2162 4817 in-

513 4852 661 4924 quit,
684 4852 903 4906 victum
922 4868 1024 4922 per
1048 4852 1431 4922 piscationem
1473 4866 1758 4923 quarere,
1775 4850 1936 4906 aliud
1964 4856 2158 4906 autem

516 4940 717 4996 telonii
742 4940 918 4995 lucris
948 4942 1228 5011 pecunias
1255 4955 1493 5008 augere.
1530 4942 1676 4996 Sunt
1701 4940 1859 4994 enim
1879 4939 2162 5010 pleraque

517 5031 773 5099 negotia,
807 5046 941 5102 qua
973 5029 1098 5083 sine
1148 5030 1408 5099 peccatis
1462 5028 1722 5084 exhiberi
1770 5033 1870 5082 aut
1917 5027 2012 5082 vix
2062 5033 2165 5084 aut

515 5120 856 5176 nullatenus
889 5125 1156 5191 possunt.
1191 5120 1331 5184 Qua
1364 5134 1504 5189 ergo
1536 5118 1610 5172 ad
1643 5121 1951 5188 peccatum
1973 5117 2164 5188 impli-

519 5216 676 5275 cant,
726 5209 799 5263 ad
845 5209 972 5263 hac
1016 5223 1259 5263 necesse
1313 5213 1397 5262 est
1445 5210 1508 5261 ut
1538 5211 1670 5278 post
1711 5207 2163 5261 conversionem

519 5300 758 5355 animus
782 5314 898 5353 non
922 5303 1202 5352 recurrat.
1230 5296 1532 5351 Laudatus
1551 5294 1887 5363 Gregorius,
1909 5295 2007 5349 lib.
2026 5311 2164 5350 xvni

521 5389 826 5444 Moralium
853 5388 909 5442 in
936 5389 1040 5443 Job
1071 5404 1201 5458 cap.
1232 5392 1296 5441 27
1338 5387 1406 5441 de
1450 5402 1672 5453 magna
1699 5385 1884 5440 sancti
1916 5386 2165 5440 Matthai

521 5478 848 5534 mutatione
899 5478 977 5532 ita
1016 5477 1278 5549 loquitur
1328 5496 1339 5535 :
1407 5499 1428 5526 ι
1481 5481 1694 5529 Annon
1753 5475 2050 5530 Matthaus
2107 5475 2166 5529 in

520 5573 675 5625 terra
703 5568 979 5624 inventus
1004 5573 1114 5632 est,
1135 5566 1252 5638 qui,
1271 5566 1513 5622 terrenis
1539 5564 1787 5635 negotiis
1805 5563 2162 5636 implicatus,

2262 488 2666 546 fortitudinem
2693 492 2826 546 ferri
2848 491 3176 546 convaluit:
3199 491 3369 560 cujus
3407 490 3911 560 videlicetlingua.

2260 579 2432 649 quasi
2467 580 2811 635 acutissimo
2834 579 3053 649 gladio,
3079 580 3373 648 Evangelii
3405 579 3913 636 administratione

2266 669 2552 723 Dominus
2588 669 2916 725 infidelium
2952 670 3134 726 corda
3173 669 3472 725 transﬁxit
3509 685 3523 722 :
3560 674 3620 724 et
3648 670 3751 741 qui
3779 672 3915 724 inﬁr-

2264 773 2398 812 mus
2433 759 2594 827 prius
2615 760 3052 830 despectusque
3069 759 3260 814 fuerat
3278 775 3381 830 per
3402 764 3651 814 terrena
3682 760 3911 828 negotia,

2263 845 2426 901 fortis
2471 848 2860 917 postmodum
2893 849 3082 904 factus
3112 854 3199 903 est
3227 847 3305 903 ad
3335 848 3612 903 caelestia
3649 849 3914 919 pradica-

2270 941 2496 990 menta.

2336 1027 2424 1080 24.
2467 1022 2638 1092 Quod
2675 1025 2753 1080 ab
2810 1025 3168 1097 Hieronymo
3219 1041 3399 1096 supra
3451 1025 3688 1080 dictum
3737 1032 3819 1080 est
3859 1029 3914 1080 de

2262 1114 2502 1183 gemino
2539 1113 2782 1169 nomine
2825 1114 3101 1185 apostoli,
3130 1115 3228 1185 qui
3264 1115 3583 1170 Matthaus
3617 1115 3918 1169 vocabatur

2264 1206 2322 1257 et
2370 1202 2501 1256 Levi
2551 1246 2566 1272 ,
2612 1209 2672 1258 ut
2710 1219 2922 1259 omnes
2985 1204 3203 1275 passim
3249 1202 3830 1268 animadverterunt,
3872 1208 3915 1258 et

2266 1291 2586 1359 Evangelia
2629 1292 2958 1347 clarissime
3018 1294 3348 1358 insinuant,
3399 1293 3644 1347 videtur
3697 1307 3915 1360 negasse

2266 1380 2565 1449 Origenes,
2596 1381 2696 1435 lib.
2731 1397 2750 1435 1
2783 1383 3004 1437 Contra
3047 1383 3303 1448 Celsum,
3342 1398 3518 1436 num.
3551 1381 3646 1451 62,
3685 1381 3779 1436 ubi
3812 1381 3914 1436 hac

2265 1470 2472 1526 habet:
2496 1491 2524 1521 α
2558 1469 2642 1525 Sit
2670 1475 2726 1525 et
2753 1471 2882 1526 Levi
2919 1471 3300 1541 publicanus,
3332 1471 3429 1542 qui
3453 1473 3674 1526 Jesum
3706 1475 3912 1525 secutus

2266 1560 2356 1613 sit.
2391 1565 2460 1614 At
2491 1576 2610 1615 non
2642 1560 2747 1615 fuit
2795 1560 2888 1615 ille
2917 1576 2990 1616 ex
3032 1561 3445 1632 apostolorum
3494 1575 3773 1625 numero,
3824 1560 3911 1613 nisi

2261 1648 2433 1719 juxta
2471 1649 2748 1721 quadam
2778 1649 3425 1721 Evangeliisecundum
3454 1652 3724 1705 Marcum
3745 1664 3912 1702 exem-

2189 1747 2232 1802 Β
2273 1735 2481 1807 plaria.
2521 1759 2541 1786 ι
2580 1738 2950 1793 Novissimus
2991 1739 3181 1792 editor
3211 1739 3476 1809 Operum
3518 1737 3803 1807 Origenis,
3832 1734 3910 1790 Ca-

2269 1826 2432 1882 rolus
2473 1826 2742 1892 Delarue,
2776 1832 2920 1882 tom.
2954 1828 2992 1890 l,
3017 1844 3156 1898 pag.
3192 1830 3295 1885 376
3325 1829 3384 1883 in
3418 1828 3745 1883 Adnotatis
3776 1823 3915 1879 addit

2271 1916 2440 1980 alios,
2473 1917 2552 1970 ita
2583 1916 2849 1970 scribens
2890 1933 2904 1972 :
2953 1940 2972 1965 ι
3028 1917 3211 1972 Levin
3239 1934 3273 1972 a
3309 1918 3594 1972 Matthao
3643 1912 3913 1979 distinguit

2271 2004 2448 2059 etiam
2510 2004 2837 2060 Heracleon
2887 2005 3200 2060 hareticus
3259 2004 3725 2060 Valentinianus
3777 2000 3913 2071 apud

2271 2094 2629 2149 Clementem
2668 2093 3135 2150 Alexandrinum
3168 2111 3223 2149 iv
3250 2095 3545 2151 Slromat.
3581 2109 3714 2164 pag.
3744 2094 3850 2153 502,
3871 2094 3913 2142 et

2272 2183 2422 2238 inter
2469 2182 2823 2238 recentiores
2885 2186 3055 2252 Hugo
3105 2185 3360 2252 Grotius,
3437 2197 3736 2251 magnum
3777 2176 3911 2250 apud

2271 2271 2649 2328 Calvinianos
2663 2272 2932 2344 aliosque
2948 2272 3342 2328 heterodoxos
3361 2288 3615 2328 nomen.
3644 2267 3913 2325 Pramittit

2269 2360 2342 2415 de
2374 2361 2642 2426 Origene.
2690 2361 2853 2433 quod
2907 2379 2938 2415 ‹
2980 2361 3116 2416 Levi
3159 2377 3294 2417 cum
3339 2361 3622 2417 Matthao
3661 2356 3905 2414 eumdem

2269 2465 2519 2519 prorsus
2557 2449 2863 2504 hominem
2905 2465 3037 2504 esse
3083 2449 3354 2505 videatur
3387 2449 3612 2504 sentire
3647 2449 3704 2502 in
3737 2443 3909 2499 Prata-

2270 2539 2425 2593 tione
2467 2538 2902 2610 explanationis
2946 2538 3004 2593 in
3059 2539 3381 2609 Epistolam
3412 2539 3495 2594 ad
3543 2540 3848 2593 Romanos.
3884 2551 3904 2577 υ

2270 2628 2456 2683 Verba
2485 2628 2617 2698 ipsa
2648 2629 2916 2696 Origenis
2962 2644 3034 2682 ex
3065 2629 3312 2700 antiqua
3345 2627 3610 2683 editione
3651 2627 3805 2696 (nam
3843 2626 3908 2674 to-

2267 2732 2433 2771 mum
2459 2717 2524 2771 IV
2552 2731 2715 2772 nova
2734 2716 2988 2771 necdum
3023 2717 3337 2786 habemus)
3365 2716 3697 2787 subjungo.
3727 2710 3907 2766 Obser-

2271 2810 2365 2860 vat
2398 2806 2698 2874 Origenes,
2741 2805 2942 2860 multis
2975 2805 3097 2860 duo
3134 2811 3238 2861 aut
3283 2807 3391 2861 tria
3438 2806 3630 2860 fuisse
3675 2798 3903 2860 nomine,

2267 2893 2536 2965 interque
2585 2909 2688 2949 eos
2747 2895 3015 2950 nominat
3077 2895 3435 2959 Matthaum,
3486 2896 3570 2951 ita
3628 2889 3899 2945 scribens:

2269 3004 2296 3031 ιι
2325 2985 2471 3038 Nam
2512 2988 2568 3038 et
2598 2983 2901 3039 Mattbaus
2945 2983 3074 3054 ipse
3113 2982 3289 3039 refert
3334 2984 3408 3039 de
3459 2999 3542 3046 se,
3589 2977 3746 3053 quod
3788 2987 3898 3030 cum

2269 3072 2538 3127 transiret
2577 3073 2771 3138 Jesus,
2824 3073 3050 3128 invenit
3097 3073 3426 3144 quemdam
3477 3071 3774 3127 sedentem
3837 3060 3896 3115 ad

2269 3161 2574 3226 telonium,
2592 3162 2833 3217 nomine
2865 3162 3228 3217 Matthaum.
3250 3163 3435 3217 Lucas
3461 3176 3602 3217 vero
3628 3157 3698 3212 de
3721 3153 3896 3208 eodem

2268 3251 2426 3314 dicit,
2469 3253 2613 3323 quia
2651 3267 2788 3306 cum
2845 3251 3119 3307 transiret
3163 3252 3350 3313 Jesus,
3407 3248 3736 3322 quemdam
3785 3237 3897 3294 vidit

2272 3340 2679 3412 publicanum,
2714 3341 2959 3396 nomine
3012 3340 3162 3405 Levi,
3197 3345 3252 3396 et
3281 3339 3444 3404 dixit,
3486 3342 3737 3410 Sequere
3759 3345 3892 3384 me...

2272 3432 2506 3485 Certum
2538 3433 2629 3484 est
2649 3436 2867 3497 autem,
2901 3429 3294 3498 evangelistas
3336 3443 3458 3482 non
3490 3437 3714 3482 errasse
3745 3421 3792 3473 in
3818 3428 3895 3468 no-

2273 3517 2534 3572 minibus
2580 3517 3022 3588 apostolorum;
3059 3517 3162 3572 sed
3211 3518 3353 3589 quia
3388 3517 3571 3572 moris
3615 3515 3734 3568 erat
3768 3502 3893 3561 binis

2270 3606 2356 3661 vel
2391 3608 2566 3661 ternis
2593 3605 2935 3661 nominibus
2971 3607 3048 3661 uti
3092 3607 3387 3672 Hebraeos,
3423 3606 3604 3660 unius
3638 3594 3893 3670 ejusdem-

2269 3710 2386 3767 que
2430 3695 2536 3750 viri
2569 3695 2802 3750 diversa
2847 3694 3065 3764 singuli
3122 3695 3434 3750 nominum
3497 3687 3768 3748 vocabula
3811 3693 3894 3752 p0-

2271 3800 2460 3839 suere.
2489 3804 2519 3836 »
2551 3787 2649 3838 Hic
2681 3799 2801 3839 non
2827 3785 3006 3840 modo
3037 3785 3367 3840 Matthaum
3401 3788 3457 3838 et
3490 3781 3624 3837 Levi
3650 3770 3888 3831 eumdem

2269 3871 2575 3928 declarant
2615 3872 2894 3940 Origenes
2926 3890 2940 3941 ;
2978 3871 3080 3927 sed
3121 3873 3300 3926 etiam
3351 3870 3613 3926 ostendit
3652 3859 3888 3920 eumdem

2270 3977 2421 4027 esse,
2455 3977 2593 4016 cum
2628 3963 2831 4027 Lucas,
2891 3962 2970 4016 uti
3026 3966 3081 4014 et
3130 3963 3377 4025 Marcus,
3432 3960 3593 4014 idem
3640 3954 3792 4024 plane
3834 3942 3890 3995 de

2268 4051 2403 4104 Levi
2425 4051 2768 4107 narraverit.
2795 4049 2959 4120 quod
2991 4050 3294 4106 Matthaus
3323 4048 3396 4103 de
3416 4064 3498 4102 se.
3531 4039 3887 4122 Quapropter.

2271 4141 2321 4194 si
2354 4139 2660 4210 Origenes,
2699 4144 2908 4193 contra
2955 4137 3187 4192 Celsum
3222 4137 3513 4201 scribens,
3558 4144 3749 4189 revera
3781 4123 3889 4214 Levi

2271 4229 2453 4284 alium
2505 4245 2540 4284 a
2596 4229 2862 4284 Mattliao
2918 4227 3248 4293 crediderit,
3282 4233 3490 4296 postea
3549 4211 3884 4292 frequentiori

2270 4335 2379 4372 usu
2414 4333 2597 4373 sacra
2630 4317 2945 4388 Scriptura
2977 4331 3237 4371 errorem
3268 4317 3540 4370 correxit.
3571 4315 3638 4367 At
3683 4307 3889 4361 fortasse

2271 4407 2552 4477 Origenes
2584 4407 2836 4476 allegata
2883 4406 3058 4461 verba
3105 4404 3295 4460 solum
3341 4405 3585 4475 protulit
3613 4413 3679 4454 ex
3727 4390 3885 4481 Ineunte

2270 4475 2590 4552 aut—dictis
2622 4475 2792 4558 Celsi,
2825 4500 3032 4550 contra
3071 4510 3250 4565 quem
3295 4493 3368 4548 de
3415 4508 3476 4548 re
3524 4487 3753 4548 omnino
3796 4475 3886 4529 alia

2271 4585 2616 4641 disserebat.
2663 4584 2833 4648 Quod
2866 4587 3093 4653 spectat
3123 4583 3198 4638 ad
3233 4582 3647 4637 Heracleonem
3679 4578 3728 4626 et
3771 4566 3882 4618 Gro-

2271 4677 2438 4737 tium,
2476 4674 2878 4744 relinquemus
2905 4672 3018 4726 illis
3047 4671 3392 4742 opinionem
3421 4685 3592 4726 suam
3625 4652 3886 4744 ίωρνοδδς

2271 4733 2473 4827 bilem,
2505 4779 2540 4818 a
2597 4733 2772 4817 variis
2805 4762 2931 4830 jam
2974 4733 3313 4825 refutatam,
3359 4765 3416 4814 et
3475 4762 3771 4830 pergemus
3822 4733 3881 4792 δά

2273 4853 2452 4908 aliam
2477 4850 2946 4906 controversiam
2978 4850 3170 4918 magis
3199 4849 3570 4917 ambiguam.

2343 4947 2430 4996 25.
2461 4939 2833 4995 Recentiores
2864 4938 3068 5003 Graci,
3106 4938 3230 4992 sive
3265 4936 3368 5004 illi,
3411 4937 3510 5005 qui
3558 4925 3737 4988 medio
3778 4925 3880 4972 εενο

2274 5030 2616 5097 ﬂoruerunt,
2668 5028 2725 5082 S.
2771 5026 3102 5083 Matthaum
3150 5025 3489 5081 existimant
3520 5024 3739 5079 fratrem
3773 5012 3881 5097 esse.

2277 5120 2330 5175 S.
2362 5117 2564 5174 Jacobi
2592 5093 2814 5187 Alpliai
2848 5115 3126 5184 apostoli,
3157 5113 3392 5186 sibique
3423 5113 3671 5169 faventes
3698 5093 3882 5187 habent

2277 5206 2594 5262 nonnullos
2635 5177 2678 5260 e.
2700 5177 2971 5259 Patrib-us
2997 5221 3010 5270 ;
3039 5177 3144 5258 sed
3173 5177 3356 5275 aliqui
3386 5201 3657 5256 resistunt
3705 5177 3876 5275 eruditi

2277 5295 2577 5351 neoterici.
2604 5293 3006 5350 Henschenius
3033 5300 3232 5347 noster
3273 5292 3345 5347 ad
3371 5292 3390 5344 Ι
3416 5290 3541 5346 Maii
3570 5265 3880 5351 examinavtt

2277 5385 2629 5440 sententiam
2680 5383 3019 5437 Gracorum
3060 5381 3120 5436 in
3167 5382 3223 5435 S.
3283 5380 3529 5445 Jacobo,
3561 5377 3670 5431 sive
3719 5347 3873 5445 tom.‘

2281 5472 2434 5542 Maii,
2461 5488 2597 5545 pag.
2633 5474 2717 5539 l9,
2742 5471 2838 5526 ubi
2867 5486 2974 5542 pro
3017 5470 3115 5525 illa
3139 5469 3426 5525 sententia
3457 5441 3647 5524 laudat
3676 5441 3876 5545 MODAOI?’

2282 5537 2884 5634 giumbasilianum,
2921 5560 3316 5632 Synaxarium
3351 5556 3730 5631 pervetustum
3759 5537 3872 5589 Con’
