4094 6230
161 295 279 349 765

1544 283 1716 342 VITA
1753 279 1812 334 S.
1857 277 2222 343 ΜΑΤΤΗᾹΞῙ.

3483 295 3590 349 766

163 416 799 488 stantinopolitanum,
870 415 1092 471 Menam
1160 417 1452 487 impressa
1525 417 1580 469 et
1633 406 1831 464 varios
1866 405 1910 460 A
1941 407 2307 479 tinguentem
2336 417 2485 472 inter
2517 421 2788 473 sanctum
2816 416 3032 474 Judam
3065 419 3428 474 Thaddaaum
3458 434 3599 490 apo-

166 508 413 563 codices
443 523 589 561 mss.
611 507 971 570 Graecorum,
1000 507 1257 560 Nicetam
1283 504 1564 560 Davidem
1590 497 1835 570 Paphla-

166 613 418 669 gonem,
458 595 657 650 saeculi
697 610 754 649 1x
802 594 1174 664 scriptorem,
1223 593 1509 665 aliosque.
1567 587 1834 646 Ostendit

171 693 464 757 prmterea
495 684 987 753 Chrysostomum
1022 688 1076 736 et
1098 682 1533 737 Theodoretum
1564 677 1832 750 ejusdem

166 775 348 846 plane
376 773 561 828 videri
603 771 925 835 sententiae,
959 771 1101 842 quia
1143 772 1301 842 prior
1338 771 1484 825 inter
1523 765 1830 840 apostolos

169 869 454 918 numerat
486 861 638 916 duos
671 859 1025 931 publicanos
1064 861 1403 916 Matthaeum
1434 865 1487 913 et
1516 855 1828 916 Jacobum,

170 968 312 1007 cum
343 958 543 1006 tamen
575 949 741 1004 nulla
772 948 844 1004 sit
881 949 1030 1003 ratio
1071 965 1175 1003 cur
1217 949 1490 1003 dicamus
1537 944 1830 1000 Jacobum

169 1039 394 1111 Alphaei
455 1038 639 1093 fuisse
698 1037 1108 1108 publicanum,
1172 1035 1284 1091 nisi
1346 1036 1507 1108 quod
1567 1034 1831 1088 videatur

167 1129 352 1185 fuisse
403 1129 581 1184 frater
635 1127 906 1193 Matthaai,
964 1126 1110 1181 alter
1160 1142 1301 1182 vero
1357 1133 1640 1196 utrosque
1690 1121 1831 1176 dicit

170 1219 628 1289 Capharnaitas,
662 1216 826 1288 quod
857 1217 1124 1270 similiter
1171 1215 1336 1270 nulla
1369 1215 1594 1268 ratione
1632 1212 1827 1266 dicere

165 1313 425 1377 poterat,
460 1306 570 1360 nisi
600 1305 943 1359 credidisset
973 1305 1212 1358 fratrem
1239 1304 1507 1371 Matthaai,
1532 1303 1632 1374 qui
1663 1299 1827 1354 habi-

165 1396 336 1452 tabat
361 1393 742 1465 Capharnai:
779 1409 972 1464 neque
1005 1393 1163 1447 enim
1204 1392 1368 1447 ullibi
1409 1393 1466 1446 in
1513 1389 1827 1462 Scripturis

161 1486 404 1548 dicitur,
446 1484 543 1538 ubi
571 1493 745 1538 natus
769 1482 944 1537 fuerit
973 1482 1231 1536 Jacobus
1252 1481 1496 1551 Alphaei,
1525 1486 1626 1535 aut
1651 1479 1826 1549 quale

160 1572 433 1630 omcium
463 1577 599 1627 ante
639 1571 1046 1642 apostolatum
1081 1571 1345 1638 gesserit.
1392 1568 1826 1640 Papebrochius

161 1670 390 1727 noster,
421 1668 564 1717 tom.
607 1661 676 1716 VI
717 1661 845 1715 Maii
890 1662 945 1712 in
978 1659 1243 1730 Alphaeo,
1291 1675 1470 1730 quem
1519 1656 1826 1726 utriusque

1945 499 2181 565 stolum,
2211 511 2266 558 et
2290 507 2507 562 Judam
2541 507 2778 563 fratrem
2805 509 3011 563 Jacobi
3046 509 3311 563 minoris.
3341 509 3395 564 Si
3439 524 3508 563 eo
3541 509 3600 562 in

1942 589 2073 644 loco
2115 591 2310 650 visum
2341 604 2426 651 est
2471 604 2890 665 argumentum
2943 599 3226 653 idoneum
3282 604 3337 653 et
3377 597 3598 652 summi

1946 683 2249 747 momenti,
2275 685 2372 739 ubi
2388 690 2584 740 tamen
2603 701 2721 740 non
2748 686 3006 750 valebat,
3029 687 3172 759 quia
3195 687 3600 742 adhibebatur

1943 767 2019 821 ad
2055 769 2294 827 fratrem
2328 773 2775 844 inquirendum,
2815 792 2932 830 non
2979 776 3230 831 debebat
3275 776 3370 831 hic
3416 775 3600 830 videri

1940 871 2148 912 carens
2179 862 2372 932 specie
2409 865 2547 930 veri,
2582 881 2719 918 cum
2751 865 3065 919 adhibetur
3095 866 3169 920 ad
3211 880 3594 919 communem

1940 947 2245 1019 utriusque
2279 956 2502 1021 patrem
2540 954 3017 1022 investigandum
3053 970 3065 1008 :
3097 960 3261 1025 pater
3287 954 3443 1008 enim
3473 953 3599 1008 istis

1939 1040 2352 1105 cognomentis
2379 1042 2436 1095 in
2473 1043 2733 1111 genitivo
2759 1043 2963 1113 positis
2983 1043 3129 1098 solet
3155 1042 3499 1111 signiﬁcari,
3535 1046 3602 1097 ut

1941 1124 2143 1179 Simon
2202 1129 2466 1193 Joannis,
2539 1130 2600 1184 id
2654 1136 2746 1185 est
2800 1131 2957 1184 ﬁlius
3006 1132 3275 1195 Joannis,
3337 1129 3599 1186 Jacobus

1937 1213 2224 1281 Zebedaai,
2281 1216 2340 1271 id
2395 1223 2480 1272 est
2533 1219 2688 1273 filius
2720 1220 3005 1282 Zebedaai,
3057 1236 3177 1274 non
3220 1220 3398 1274 frater
3450 1224 3599 1285 ;aut

1939 1308 2092 1357 certe
2125 1319 2245 1358 non
2274 1306 2554 1376 produxit
2594 1307 3001 1362 Tillemontius
3036 1308 3221 1363 ullum
3255 1309 3596 1379 exemplum
3699 1367 3704 1374 ,

1939 1390 2132 1446 fratris
2161 1411 2264 1464 per
2293 1395 2401 1449 tale
2429 1411 2764 1466 cognomen
2797 1397 3057 1452 indicati.

2009 1482 2096 1535 27.
2133 1482 2335 1554 Itaque
2387 1485 2630 1539 minime
2661 1487 3168 1541 contemnendum
3197 1487 3382 1541 videri
3425 1486 3602 1542 debet

1938 1580 2406 1638 argumentum:
2459 1589 2567 1628 nec
2599 1574 2796 1640 credo,
2846 1575 2958 1629 tale
3003 1577 3192 1630 visum
3251 1592 3383 1630 esse
3430 1575 3598 1630 Tille-

1939 1660 2188 1714 montio.
2217 1665 2288 1715 At
2314 1661 2525 1716 habuit
2550 1662 2732 1717 aliam
2756 1664 3047 1718 rationem
3073 1664 3355 1732 negandi,
3387 1664 3597 1718 fratres

159 1759 398 1824 patrem
432 1750 653 1816 statuit,
680 1765 819 1820 pag.
849 1750 972 1813 354,
1007 1749 1283 1802 eamdem
1313 1747 1626 1816 amplexus
1657 1751 1744 1799 est
1773 1749 1828 1799 et
1861 1756 1902 1812 Β
1941 1746 2128 1800 fuisse
2162 1749 2502 1805 Matthaaum
2537 1756 2592 1805 et
2620 1752 2910 1806 Jacobum
2945 1751 3196 1822 Alphmi,
3224 1767 3500 1824 eamque,
3537 1757 3598 1807 ut

159 1841 547 1897 conﬁrmavit
574 1840 946 1894 sententiam.
970 1837 1137 1892 Ratio
1167 1840 1503 1890 Graecorum
1534 1834 1695 1890 haud
1717 1833 1825 1887 du—

162 1931 258 1984 bie
290 1936 398 1992 est,
432 1928 595 2000 quod
630 1926 892 1982 Jacobus
936 1941 1108 1998 mque
1137 1941 1204 1981 ac
1256 1926 1562 1980 Mattheeus
1595 1929 1824 1994 patrem

159 2018 444 2074 habuerit
494 2017 825 2087 Alphzeum,
888 2031 996 2070 nec
1049 2015 1166 2069 ulla
1232 2013 1307 2069 sit
1361 2015 1511 2068 ratio
1567 2010 1824 2076 dicendi,

163 2108 362 2163 alium
394 2106 572 2162 fuisse
601 2106 911 2175 Alphaaum
957 2110 1186 2175 patrem
1217 2103 1488 2167 Mattheei,
1514 2101 1698 2156 alium
1728 2116 1827 2171 pa-

163 2203 322 2252 trem
375 2195 601 2251 Jacobi.
659 2194 1066 2250 Tillemontius
1122 2193 1179 2247 in
1214 2192 1482 2247 Matthan
1531 2190 1824 2260 agnoscit,

161 2289 689 2357 Chrysostomum,
708 2282 1167 2346 Theodoretum,
1183 2283 1658 2352 recentioresque
1677 2281 1828 2335 Gree-

160 2392 271 2431 cos
333 2390 542 2429 omnes
598 2374 654 2427 in
715 2388 848 2427 eam
919 2374 1296 2442 conspirasse
1341 2371 1711 2433 sententiam,
1765 2371 1828 2423 ut

161 2465 265 2520 SS.
313 2463 649 2518 Matthaaum
687 2467 740 2516 et
782 2461 1072 2515 Jacobum
1119 2459 1337 2530 Alphmi
1385 2458 1594 2513 fratres
1627 2457 1821 2512 crede-

162 2558 321 2615 rent,
346 2551 489 2622 quia
510 2551 692 2604 ambo
718 2548 998 2603 dicuntur
1025 2547 1248 2619 Alphmi
1277 2548 1476 2618 utique
1498 2546 1622 2601 ﬁlii.
1656 2552 1826 2601 Asse-

159 2642 235 2696 rit
265 2647 465 2694 tamen
503 2640 787 2694 Laconica
819 2639 1122 2700 brevitate,
1155 2636 1381 2691 nullam
1414 2653 1482 2691 ea
1514 2635 1574 2690 in
1607 2652 1666 2690 re
1698 2651 1824 2689 esse

159 2730 292 2784 veri
333 2729 615 2798 speciem.
657 2727 1007 2782 Tillemontii
1051 2726 1476 2781 Laconismum
1521 2724 1828 2794 adOptavit

163 2818 468 2875 Calmetus
522 2816 688 2871 initio
742 2814 1105 2888 praefationis
1170 2830 1292 2869 sum
1347 2816 1405 2869 in
1464 2815 1822 2878 Mattheeum,

159 2910 381 2963 eadem
417 2906 592 2976 plane
623 2906 918 2970 dicens,et
944 2905 1142 2959 locum
1171 2905 1375 2975 Operis
1401 2904 1584 2958 nostri
1615 2902 1824 2956 vitiose

160 2996 544 3064 assignatum
566 2995 726 3064 apud
740 2994 1110 3050 Tillemontiu
1123 3010 1199 3057 m,
1215 2992 1430 3047 eodem
1446 2994 1620 3062 plane
1644 2990 1825 3046 modo

1938 1837 2233 1902 existimo,
2253 1839 2437 1893 noluit
2453 1840 2736 1896 indicare.
2758 1842 3150 1904 Sustinuerat,
3167 1848 3376 1895 contra
3398 1846 3598 1895 aucto-

1937 1925 2172 1982 ritatem
2199 1927 2621 1999 plerorumque
2650 1932 2907 1994 Patrum,
2938 1935 2992 1984 et
3013 1935 3220 1984 contra
3246 1930 3387 1984 satis
3415 1929 3597 1993 clara,

1940 2020 1997 2069 ut
2026 2015 2276 2078 videtur,
2311 2033 2495 2072 sacras
2529 2018 2850 2088 Scriptura;
2890 2023 3264 2087 argumenta,
3307 2017 3597 2073 Jacobum

1941 2101 2160 2174 Alphasi
2192 2106 2471 2161 eumdem
2505 2122 2633 2161 esse
2667 2123 2804 2161 cum
2844 2107 3068 2162 Jacobo
3118 2107 3294 2162 fratre
3339 2106 3595 2162 Domini.

1939 2194 2127 2258 Quare
2154 2209 2290 2249 cum
2314 2200 2540 2250 certum
2555 2198 2648 2265 sit,
2679 2197 3016 2252 Matthaaum
3047 2212 3166 2250 non
3190 2212 3320 2251 esse
3350 2196 3589 2250 fratrem

1934 2282 2138 2337 Jacobi
2170 2283 2363 2338 fratris
2392 2284 2647 2349 Domini,
2675 2301 2796 2340 non
2823 2290 3053 2356 poterat
3080 2285 3342 2356 amplius
3374 2285 3591 2343 dicere.

1938 2370 2176 2427 fratrem
2202 2389 2333 2427 esse
2363 2373 2569 2429 Jacobi
2603 2373 2826 2444 Alphasi
2857 2393 2870 2442 ;
2897 2374 3152 2448 ideoque
3186 2374 3394 2430 maluit
3424 2388 3600 2443 argu-

1943 2467 2143 2514 menta
2199 2461 2550 2517 Henschenii
2606 2464 2998 2534 contemptim
3070 2464 3349 2534 abjicere,
3412 2478 3600 2535 quam

1938 2548 2165 2603 difﬁcili
2196 2565 2485 2620 responso
2515 2551 2588 2605 iis
2611 2551 2972 2607 satisfacere.
3000 2555 3210 2606 Verum
3247 2552 3406 2606 illam
3435 2567 3602 2622 qum-

1940 2638 2195 2692 stionem
2229 2647 2355 2694 tum
2397 2640 2508 2694 hac
2547 2639 2620 2694 de
2668 2655 2870 2702 causa,
2909 2646 3032 2694 tum
3066 2644 3143 2694 ob
3178 2643 3234 2696 S.
3276 2640 3601 2709 CleOpham

1937 2741 2074 2781 cum
2106 2728 2316 2782 eadem
2338 2743 2696 2793 connexum,
2730 2729 3068 2784 examinavi
3098 2729 3154 2783 in
3184 2728 3603 2783 Dissertatione

1936 2817 2180 2887 prmvia,
2214 2816 2511 2890 credoque
2544 2834 2635 2872 me
2682 2818 2822 2872 satis
2867 2817 3197 2872 ostendisse
3249 2818 3602 2872 sententiam

1935 2904 2284 2960 Tillemontii
2308 2922 2413 2960 nec
2438 2923 2576 2961 cum
2601 2907 2782 2961 sacris
2807 2905 3039 2961 Litteris
3064 2906 3365 2960 conciliari
3396 2920 3599 2975 posse,

1937 3001 1992 3049 et
2022 2995 2288 3049 Patribus
2340 3000 2500 3050 certo
2532 2994 2892 3050 contrariam
2935 3011 3082 3058 esse,
3112 3011 3184 3048 ne
3237 2993 3381 3048 nihil
3432 2993 3604 3064 plane

160 3083 910 3154 assignans.utnelegisse
927 3084 1168 3154 quidem
1188 3082 1825 3150 videaturargumenta
1864 3109 1904 3166 ο
1938 3097 2008 3138 ex
2040 3083 2140 3138 illa
2167 3083 2369 3138 haberi
2404 3085 2596 3155 possit
2631 3091 2837 3140 contra
2864 3085 3317 3152 germanitatem
3353 3082 3603 3138 Matthmi

167 3172 526 3229 Henschenii
559 3173 617 3227 in
650 3174 838 3242 Opere
871 3177 1094 3227 nostro.

239 3267 330 3318 26.
379 3261 434 3316 Si
493 3261 702 3317 eadem
764 3261 1048 3317 brevitate
1099 3260 1320 3323 dixero,
1363 3260 1631 3330 ineptam
1696 3274 1828 3313 esse

167 3355 355 3408 istam
371 3350 721 3406 Tillemontii
745 3351 966 3416 crisim,
987 3366 1174 3423 quam
1192 3349 1824 3420 adoptavitCalmetus,

171 3443 378 3497 nullus
401 3440 459 3494 id
477 3456 632 3509 aegre
647 3439 794 3494 ferre
811 3440 1040 3511 poterit,
1067 3440 1227 3510 quia,
1250 3440 1398 3493 sicut
1415 3437 1620 3509 opinio
1642 3439 1829 3509 majo-

169 3546 312 3585 rum
333 3534 670 3583 nostrorum
693 3529 818 3582 visa
841 3534 928 3582 est
959 3528 1068 3598 ipsi
1089 3543 1285 3582 carere
1307 3527 1422 3581 veri
1443 3529 1660 3597 specie,
1681 3528 1832 3582 itaet

172 3619 325 3674 mihi
347 3625 642 3672 assertum
676 3617 841 3674 istud
871 3619 1034 3671 omni
1061 3616 1290 3670 videtur
1330 3614 1559 3670 ratione
1590 3616 1830 3670 destitu-

172 3715 326 3770 tum,
365 3706 619 3778 ideoque
658 3706 1116 3776 ineptissimum.
1175 3705 1368 3760 Nolim
1405 3713 1600 3758 tamen
1635 3704 1828 3759 solum

172 3797 396 3858 dicere.
428 3801 483 3850 et
521 3795 666 3849 nihil
699 3795 971 3864 probare.
1011 3795 1203 3859 Quare
1232 3794 1491 3848 rationes
1531 3793 1702 3846 latius
1743 3792 1828 3845 vi-

172 3886 409 3940 dendas
431 3883 573 3938 locis
603 3898 787 3953 supra
816 3884 985 3938 dictis
1013 3883 1271 3937 breviter
1292 3881 1540 3952 explico.
1565 3881 1832 3935 Admittit

173 3973 600 4034 Tillemontius,
661 3978 868 4028 sancto
921 3972 1180 4027 Matthaao
1230 3987 1564 4042 cognomen
1612 3968 1832 4040 Alphmi

172 4078 308 4118 esse
343 4061 735 4116 verisimiliter
767 4078 800 4116 a
832 4059 1293 4133 patre.Jacobus
1325 4067 1524 4115 autem
1554 4060 1612 4113 in
1645 4060 1832 4114 omni-

172 4156 287 4207 bus
319 4158 579 4223 quatuor
618 4151 1025 4221 apostolorum
1051 4150 1357 4218 catalogis.
1394 4149 1455 4203 id
1495 4156 1601 4214 est,
1634 4148 1827 4205 Matth.

172 4257 225 4305 ι,
261 4241 441 4304 Marc,
475 4255 556 4304 Ill,
591 4241 724 4294 Luc.
750 4255 823 4298 v1.
857 4246 911 4293 et
933 4243 1058 4295 Act.
1090 4243 1471 4294 [constanter
1490 4238 1833 4294 nominatur

171 4328 433 4384 Jacobus
473 4328 720 4399 Alphaai,
773 4343 880 4382 nec
923 4343 1190 4399 unquam
1262 4327 1320 4380 in
1375 4327 1558 4381 sacris
1610 4326 1832 4381 Litteris

1939 3177 1996 3227 et
2032 3173 2257 3227 Jacobi.
2311 3175 2522 3238 Quaero
2568 3174 2768 3244 itaque
2822 3173 3117 3229 rationem
3163 3173 3442 3227 idoneam
3502 3187 3606 3226 cur

1939 3261 2145 3317 fratres
2166 3277 2292 3316 esse
2332 3261 2950 3333 nequeantMatthaaus
2982 3268 3038 3316 et
3064 3261 3326 3317 Jacobus
3356 3260 3603 3332 Alpheei,

1937 3356 1994 3406 et
2024 3351 2244 3405 nullam
2306 3352 2479 3420 plane
2536 3351 2794 3406 invenio.
2841 3353 3066 3406 Etenim
3124 3367 3262 3405 cum
3295 3350 3607 3405 Matthaaus

1939 3440 2281 3494 convivium
2313 3438 2544 3494 Christo
2575 3440 2949 3506 exstruxerit,
2981 3441 3075 3494 cui
3106 3456 3241 3494 cum
3276 3441 3475 3494 multis
3504 3455 3610 3510 pu-

1939 3528 2189 3584 blicanis
2224 3530 2510 3583 interesse
2543 3528 2825 3596 dignatus
2867 3535 2957 3584 est
2987 3529 3276 3583 Dominus
3311 3546 3323 3595 ;
3360 3529 3500 3582 satis
3525 3536 3611 3582 est

1942 3616 2272 3684 verisimile,
2315 3617 2615 3688 quosdam
2647 3633 2717 3671 ex
2749 3617 3018 3672 convivis
3051 3617 3234 3671 fuisse
3267 3632 3607 3682 conversos,

1941 3712 1994 3760 et
2025 3706 2098 3760 ad
2134 3705 2344 3760 Christi
2393 3705 2828 3774 discipulatum
2862 3713 3210 3776 pertractos,
3243 3711 3298 3759 et
3339 3706 3610 3760 nomina-

1941 3795 2044 3850 tim
2072 3795 2366 3850 Jacobum
2395 3794 2614 3864 Alphaai
2670 3810 2741 3849 ea
2773 3793 3088 3849 occasione
3131 3798 3428 3848 secutum.
3458 3795 3608 3849 Mur-

1943 3882 2316 3939 murantibus
2368 3883 2441 3938 de
2474 3883 2574 3937 illo
2617 3883 2889 3938 convivio
2950 3883 3260 3938 Pharisaais
3301 3881 3611 3951 respondit

1942 3973 2238 4029 Christus:
2263 3975 2433 4028 «Non
2454 3973 2588 4027 veni
2609 3987 2819 4026 vocare
2838 3973 3054 4040 justos,
3076 3972 3176 4026 sed
3201 3977 3610 4043 peccatores.»

1943 4064 2058 4118 Cur
2089 4061 2265 4129 igitur
2297 4061 2598 4132 suspicari
2630 4078 2748 4116 non
2797 4078 3144 4132 possumus,
3178 4062 3234 4115 in
3280 4059 3375 4115 illo
3407 4059 3612 4114 couvi-

1943 4151 2034 4206 vio
2058 4156 2162 4206 aut
2193 4150 2345 4205 illius
2374 4152 2690 4206 occasione
2716 4155 2995 4206 vocatum
3036 4167 3172 4205 esse
3204 4150 3493 4205 Jacobum
3521 4148 3610 4203 Al-

1943 4241 2115 4314 phaei,
2156 4241 2258 4311 qui
2299 4241 2356 4295 in
2412 4241 2683 4309 catalogo
2737 4241 3147 4312 apostolorum
3179 4240 3377 4296 Matth.
3420 4257 3455 4294 χ
3499 4245 3610 4295 sta-

1941 4332 2045 4387 tim
2073 4331 2554 4401 postMatthaeum
2579 4330 3398 4403 sequitur,quemadmodum
3422 4329 3602 4384 etiam

175 4418 294 4473 alio
323 4419 566 4472 nomine
609 4418 978 4485 designatur.
1029 4416 1211 4515 Velim
1258 4414 1446 4515 modo
1495 4416 1639 4470 scire
1675 4416 1832 4514 unde
1868 4460 1911 4515 ο
1944 4421 2008 4476 ﬁt
2038 4426 2167 4475 Act.
2210 4420 2281 4474 i?
2314 4423 2373 4474 In
2390 4419 2628 4474 duobus
2651 4419 2802 4476 alliis
2828 4419 3114 4488 catalogis
3135 4419 3392 4474 Thomas
3422 4419 3492 4472 iis
3527 4419 3612 4472 in-

175 4507 406 4578 Δὶς)ὺωί
435 4521 655 4562 nomen
684 4512 801 4561 tam
817 4505 1395 4560 constanterhabeat
1418 4505 1700 4567 Jacobus,
1720 4503 1831 4558 nisi

182 4612 217 4652 a
251 4602 446 4668 patre.
484 4598 646 4652 Certe
679 4596 843 4652 nulla
893 4596 1040 4650 ratio
1072 4594 1315 4650 dabitur
1358 4594 1578 4649 idonea
1625 4600 1836 4666 praeter

181 4685 359 4741 hanc.
392 4687 521 4740 Jam
552 4700 694 4740 vero
725 4685 989 4747 adverto,
1027 4683 1247 4754 Alphrei
1282 4699 1502 4738 nomen
1535 4683 1740 4738 nullibi
1777 4684 1835 4737 in

184 4775 371 4829 sacris
404 4773 633 4828 Litteris
661 4774 923 4844 reperiri,
965 4773 1078 4828 nisi
1117 4773 1214 4827 ubi
1241 4772 1438 4840 agitur
1465 4772 1539 4827 de
1567 4773 1835 4828 Matthteo

187 4869 287 4918 aut
325 4862 570 4927 Jacobo,
609 4867 669 4917 ut
709 4862 953 4917 minime
1001 4862 1193 4916 dicere
1246 4861 1566 4933 possimus,
1618 4877 1837 4916 nomen

187 4951 372 5007 fuisse
401 4952 600 5007 multis
646 4966 966 5006 commune
1008 4969 1021 5004 :
1074 4956 1132 5006 et
1170 4952 1280 5006 hac
1324 4949 1397 5005 de
1446 4966 1629 5007 causa
1674 4956 1837 5006 tanto

187 5039 566 5095 verisimilius
580 5045 686 5105 est,
702 5040 984 5095 eumdem
1001 5040 1182 5094 fuisse
1203 5039 1539 5111 Alpheum,
1554 5040 1655 5111 qui
1675 5047 1840 5112 pater

186 5137 312 5186 erat
346 5131 594 5186 Matthaai
627 5136 680 5184 et
705 5127 934 5193 Jacobi,
986 5136 1158 5200 prout
1190 5128 1369 5184 Graeci
1400 5143 1608 5184 omnes
1645 5129 1839 5184 existi-

191 5226 356 5275 mant
387 5226 519 5291 post
559 5221 1052 5288 Chrysostomum
1081 5223 1136 5273 et
1175 5218 1631 5273 Theodoretum.
1677 5219 1838 5273 Ratio

189 5307 283 5365 illa
318 5326 386 5362 ex
438 5309 745 5378 utriusque
797 5309 1154 5379 cognomine
1204 5313 1387 5378 petita
1426 5323 1546 5362 non
1583 5307 1841 5363 debebat

188 5405 338 5453 certe
368 5404 488 5453 tam
519 5397 832 5452 imbecillis
859 5397 1043 5451 videri
1070 5396 1461 5460 Tillemontio,
1493 5397 1596 5468 qui
1629 5398 1839 5452 eadem

196 5488 272 5541 uti
322 5487 505 5542 voluit
547 5493 686 5541 nota
714 5491 744 5540 2
787 5485 844 5541 in
878 5492 1151 5541 sanctum
1199 5487 1414 5540 Judam
1444 5485 1666 5554 Jacobi,
1716 5490 1840 5541 aut-

190 5575 553 5633 Thaddamm
576 5617 589 5642 ,
607 5576 706 5631 ubi
724 5575 1177 5631 disseritcontra
1190 5576 1703 5646 Chrysostomum,
1720 5575 1841 5630 dis-

1945 4510 2271 4579 terponitur
2292 4513 2474 4562 solus.
2498 4509 2702 4581 Itaque
2719 4509 2942 4581 ubique
2979 4509 3038 4562 in
3062 4509 3345 4578 catalogis
3369 4513 3612 4579 aposto-

1944 4598 2139 4652 lorum
2185 4597 2442 4653 Jacobus
2490 4597 2718 4668 Alphfﬁi
2762 4599 3032 4669 sequitur
3082 4613 3199 4652 non
3253 4597 3428 4665 longe
3480 4600 3615 4667 post

1947 4687 2302 4751 Matthteum,
2354 4692 2414 4740 ut
2462 4686 2967 4740 verisimillimum
3014 4686 3111 4741 fiat
3143 4686 3433 4741 Jacobum
3493 4699 3612 4738 non

1948 4774 2048 4829 diu
2080 4780 2216 4847 post
2245 4774 2584 4830 Matthaaum
2609 4792 2644 4831 a
2669 4775 2902 4830 Christo
2927 4776 3002 4830 ad
3018 4775 3400 4847 sequendum
3433 4772 3612 4827 fuisse

1952 4869 2255 4919 vocatum.

2020 4957 2106 5007 '28.
2144 4952 2300 5007 Dicet
2328 4953 2579 5008 fortasse
2609 4968 2932 5018 nonnemo,
2976 4952 3312 5007 Matthteum
3342 4957 3397 5006 et
3437 4951 3612 5006 Jaco-

1949 5042 2094 5096 bum
2139 5041 2370 5113 Alphaai
2421 5043 2626 5097 nullibi
2661 5043 2719 5096 in
2766 5042 3086 5109 Evangelio
3133 5041 3340 5096 fratres
3389 5040 3610 5105 vocari,

1949 5137 2122 5203 prout
2155 5131 2362 5185 fratres
2381 5131 2636 5185 subinde
2669 5137 2956 5186 vocantur
2989 5134 3192 5185 Petrus
3231 5136 3286 5184 et
3322 5128 3612 5196 Andreas,

1947 5223 2203 5276 Joannes
2235 5225 2289 5274 et
2311 5219 2590 5274 Jacobus.
2629 5222 2841 5275 Verum
2875 5220 2932 5274 id
2975 5219 3180 5290 nequit
3228 5219 3403 5289 objici
3439 5235 3473 5272 a
3502 5217 3611 5272 Til-

1951 5309 2234 5364 lemontio
2274 5315 2331 5364 et
2379 5309 2659 5375 Calmeto,
2710 5324 2812 5364 nec
2860 5310 2936 5362 ab
2994 5308 3124 5363 ullis
3186 5308 3288 5378 qui
3319 5307 3610 5363 Jacobum

1949 5398 2172 5468 Αἱρῠεθὶ
2213 5399 2421 5454 dicunt
2478 5399 2717 5453 fratrem
2773 5399 2939 5452 Judaa
2989 5398 3288 5454 Thaddaei.
3349 5398 3403 5453 Si
3445 5397 3608 5452 enim

1952 5490 2212 5553 credant,
2246 5488 2354 5542 hos
2406 5486 2611 5542 fratres
2661 5503 2790 5542 esse
2843 5486 3130 5556 potuisse,
3165 5485 3394 5540 etiamsi
3423 5487 3478 5540 in
3520 5501 3617 5540 ea-

1949 5575 2164 5646 talogis
2197 5576 2606 5649 apostolorum
2652 5591 2964 5648 nunquam
3008 5574 3217 5631 fratres
3260 5579 3553 5631 vocantur
3598 5591 3610 5628 :
