4144 6184
502 247 609 304 767

1823 242 2082 302 MENSIS
2127 239 2580 300 SEPTEMBER.

3810 245 3919 300 768

502 369 802 426 immerito
826 369 986 425 idem
1016 369 1410 439 negabuntde
1435 370 1704 426 Matthan
1731 375 1786 426 et
1813 370 2035 426 Jacobo
2062 368 2153 423 Al-
2188 365 2232 420 A
2266 369 2377 422 bus
2433 370 2866 440 apostolorum.
2938 369 3116 426 Varia
3183 374 3386 425 tamen
3438 370 3773 424 referuntur
3843 369 3917 423 de

503 460 677 531 phmi.
709 463 833 515 lmo
866 474 983 514 non
1024 458 1212 513 deerit
1242 460 1412 524 ratio,
1450 476 1571 532 qua
1607 460 1821 515 horum
1856 458 2154 531 germani-

503 554 684 604 tatem
714 549 984 603 omittere
1037 549 1335 619 potuerint
1377 549 1772 620 evangelista}.
1819 552 1963 605 Nam
2015 549 2156 603 Mat-

503 639 694 693 thaaus
722 654 791 692 ex
833 637 1073 709 proprio
1106 637 1424 707 Evangelio
1478 645 1654 693 notus
1689 644 1834 704 erat,
1878 644 1936 694 ut
1965 638 2150 709 publi-

505 742 712 782 canus.
774 727 968 792 Quare
1023 727 1068 781 si
1136 728 1515 795 evangelistee
1576 728 1868 784 Jacobum
1925 727 2151 799 Alphaei

505 816 802 870 dixissent
858 816 1105 871 Matthaai
1167 816 1428 881 fratrem,
1511 818 1915 873 insinuassent
1975 816 2150 871 simul

504 905 896 976 publicanum
953 904 1156 973 fuisse,
1191 911 1293 960 aut
1336 912 1488 961 certe
1545 906 1854 977 publicani
1890 906 2147 962 fratrem.

505 994 706 1065 Atqui,
728 1000 785 1048 ut
805 993 1199 1049 observarunt
1214 995 1676 1066 Chrysostomus
1691 1002 1744 1050 et
1760 999 2152 1068 Hieronymus

505 1085 732 1138 Marcus
763 1087 820 1137 et
868 1085 1072 1148 Lucas,
1106 1083 1351 1154 quando
1392 1089 1634 1139 narrant
1687 1085 1928 1140 Matlhaai
1982 1099 2151 1139 voca-

503 1171 745 1234 tionem,
781 1171 977 1241 ipsum
1000 1171 1130 1225 Levi
1150 1177 1383 1237 vocant,
1406 1171 1775 1233 neindicent,
1812 1172 2151 1228 Matthaaum

505 1258 688 1315 fuisse
757 1259 1160 1329 publicanum.
1223 1262 1337 1315 Cur
1403 1261 1579 1328 igitur
1642 1277 1758 1316 non
1832 1265 2154 1331 potuerunt

505 1363 718 1403 omnes
749 1350 822 1402 de
845 1347 1070 1402 honore
1089 1349 1274 1403 sancti
1295 1349 1500 1404 Jacobi
1529 1349 1748 1421 Alphaei
1779 1366 1948 1421 aeque
1975 1350 2152 1404 fuisse

508 1436 759 1502 solliciti,
795 1437 1047 1508 ideoque
1079 1437 1246 1493 silere
1299 1438 1534 1492 fratrem
1571 1438 1749 1492 fuisse
1795 1436 2154 1509 publicani?

507 1526 801 1581 Sententia
838 1525 1018 1593 igitur
1050 1526 1472 1598 Chrysostomi,
1506 1527 1853 1582 Theodoreti
1887 1533 1942 1582 et
1972 1529 2150 1582 totius

505 1616 839 1671 Graecorum
896 1615 1184 1682 Ecclesiae,
1238 1616 1378 1670 mihi
1429 1617 1758 1672 admodum
1813 1617 2150 1672 verisimilis

2265 458 2844 528 apostolisomnibus
2875 460 3222 529 generatim,
3258 457 3524 513 videlicet
3563 458 3726 530 quod
3755 457 3915 514 Chri-

2264 552 2389 601 stus
2414 547 2577 619 ipsos
2609 549 2917 604 donaverit
2942 555 3228 621 potestate
3249 547 3578 619 expellendi
3606 547 3916 602 daemones

2263 635 2652 709 inﬁrmosque
2671 639 2945 705 sanandi,
2971 655 3039 694 ac
3062 638 3363 710 praeclaris
3381 638 3698 692 instructos
3725 639 3916 692 moni-

2263 726 2357 788 tis,
2387 727 2461 781 ad
2505 727 2956 797 praedicandum
2987 744 3090 799 per
3130 728 3402 782 Iudaeam
3436 728 3663 782 miserit
3697 743 3711 792 ;
3747 727 3912 798 quod

2262 815 2326 869 in
2353 814 2558 870 ultima
2588 832 2760 872 coena
2798 832 2935 872 cum
2968 816 3194 872 Christo
3225 815 3464 880 fuerint,
3498 815 3914 886 exiverintque

2261 903 2338 958 ad
2370 903 2572 958 villam
2600 905 2999 972 Gethsemani,
3041 911 3097 959 et
3135 903 3374 967 deinde,
3406 919 3476 959 eo
3519 909 3714 974 capto.
3750 903 3915 971 fuge-

2261 993 2393 1057 rint,
2427 993 2590 1061 quod
2625 993 2916 1048 Christum
2968 993 3148 1048 variis
3195 991 3422 1047 vicibus
3472 992 3728 1046 viderint
3781 996 3917 1062 post

2261 1081 2772 1144 resurrectionem,
2800 1088 2854 1136 et
2879 1081 3121 1137 demum
3153 1081 3210 1135 in
3239 1081 3455 1135 cmlum
3485 1080 3914 1135 ascendentem

2261 1169 2698 1240 conspexerint,
2729 1169 2893 1241 quod
2924 1172 3281 1224 unanimiter
3309 1171 3366 1222 in
3407 1169 3677 1224 oratione
3709 1184 3916 1240 perse-

2262 1259 2590 1314 veraverint
2611 1275 2747 1314 cum
2769 1261 2948 1315 Maria
2970 1259 3147 1314 Matre
3177 1261 3270 1314 Dei
3295 1265 3351 1314 et
3373 1259 3503 1314 aliis
3528 1258 3916 1330 quibusdam,

2265 1348 2363 1402 ubi
2397 1354 2452 1403 et
2504 1348 2753 1404 Mathias
2809 1348 2978 1403 Judm
3031 1349 3402 1411 substitutus,
3466 1348 3658 1403 donec
3690 1347 3915 1403 ibidem

2265 1438 2544 1508 Spiritum
2578 1444 2851 1493 sanctum
2901 1439 3256 1508 acceperint.
3304 1439 3436 1493 Haec
3460 1445 3617 1492 certo
3647 1437 3721 1492 de
3767 1450 3918 1507 apo-

2265 1526 2432 1581 stolis
2465 1529 2789 1596 generatim
2826 1531 3162 1592 narrantur,
3197 1531 3252 1582 et
3300 1527 3373 1580 de
3401 1531 3605 1580 sancto
3646 1525 3916 1582 Matthaao

2265 1632 2400 1669 vera
2430 1621 2584 1670 sunt.
2623 1616 2715 1672 Sic
2746 1615 2973 1672 videtur
2997 1615 3070 1670 de
3097 1615 3379 1670 omnibus
3413 1614 3697 1686 apostolis
3728 1617 3855 1668 Act.
3886 1630 3919 1665 v

505 1712 748 1775 apparet
777 1710 832 1759 et
864 1704 1210 1774 probabilis,
1245 1721 1380 1759 cum
1424 1707 1568 1776 quia
1601 1706 1792 1762 solido
1834 1707 2031 1761 nititur
2057 1724 2152 1762 ar-
2191 1716 2235 1773 Β
2267 1705 2520 1768 narrari,
2544 1705 2762 1760 carceri
2798 1705 3047 1760 infectos
3078 1705 3254 1760 fuisse
3286 1720 3322 1760 a
3350 1703 3615 1774 principe
3643 1703 3919 1757 sacerdo-

507 1799 792 1862 gumento
821 1810 890 1848 ex
917 1795 1220 1866 utriusque
1252 1794 1505 1866 apostoli
1538 1796 1894 1864 cognomine
1928 1796 2154 1867 Alphaai

507 1881 785 1948 deducto,
816 1888 939 1937 tum
973 1883 1115 1956 quia
1147 1883 1339 1938 nullas
1367 1885 1586 1954 patitur
1606 1883 2003 1940 difﬁcultates.
2035 1885 2157 1941 Cal-

505 1976 693 2026 metus
725 1971 972 2043 quidem
1004 1973 1062 2026 in
1114 1973 1470 2027 Dictionario
1517 1973 1735 2027 Biblico
1767 1973 1918 2027 duos
1952 1974 2157 2029 statuit

504 2060 802 2132 Alpheos.
835 2060 1082 2116 alterum
1120 2063 1306 2116 sancti
1340 2062 1593 2118 Μελιὴωὶ
1624 2068 1870 2132 patrem.
1903 2063 2154 2118 alterum

505 2155 734 2221 patrem
769 2153 824 2206 S.
855 2149 1320 2222 JacobiAlphaai,
1343 2167 1601 2223 eumque
1626 2152 1748 2206 vult
1774 2151 1890 2207 alio
1916 2153 2155 2207 nomine

505 2237 826 2309 Cleopham
857 2238 1102 2293 dictum.
1136 2244 1205 2294 At
1244 2239 1598 2309 respondeo,
1629 2239 1854 2296 nullam
1898 2256 2026 2296 esse
2059 2256 2156 2296 ne-

503 2327 836 2382 cessitatem
868 2327 1162 2383 statuendi
1215 2328 1368 2383 duos
1418 2328 1713 2399 Alphmos,
1748 2334 1849 2385 aut
1894 2330 2152 2401 dicendi,

505 2415 825 2487 Cleopham
858 2416 974 2471 alio
1006 2417 1247 2472 nomine
1275 2417 1582 2489 Alphasum
1605 2418 1850 2481 dictum.
1885 2419 1994 2473 nisi
2017 2419 2150 2485 illis,

501 2505 604 2576 qui
626 2511 831 2561 contra
866 2510 1103 2561 sanctos
1134 2507 1356 2563 Patres
1383 2508 1675 2563 Jacobum
1733 2508 1960 2578 Alphea,
2013 2525 2152 2565 cum

498 2593 723 2650 Jacobo
756 2594 931 2650 fratre
960 2595 1193 2650 Domini
1217 2596 1612 2662 confundunt,
1650 2597 2018 2669 minimeque
2048 2599 2154 2652 du-

500 2682 688 2739 bitare
723 2701 836 2753 me,
869 2686 1014 2757 quin
1047 2685 1239 2741 statim
1273 2695 1682 2755 agnoscerent,
1726 2688 1930 2742 fratres
1968 2688 2153 2743 videri

503 2775 834 2830 Matthmum
875 2780 931 2830 et
954 2775 1242 2830 Jacobum
1273 2775 1518 2846 Alphaai,
1556 2777 1667 2830 nisi
1709 2777 1869 2832 hunc
1913 2777 2150 2832 fratrem

506 2864 738 2918 Domini
769 2879 898 2918 esse
927 2864 1164 2918 vellent.

574 2956 660 3007 29.
695 2957 929 3006 Annum
968 2959 1021 3007 et
1063 2968 1350 3016 mensem,
1383 2969 1505 3024 quo
1546 2953 1795 3020 contigit
1830 2955 2063 3009 vocatio
2095 2956 2148 3009 S.

504 3039 774 3107 Matthaai,
803 3056 922 3095 non
969 3041 1223 3112 inquiro,
1259 3056 1330 3095 ne
1372 3056 1555 3106 cogar
1602 3043 1969 3112 qutestiones
2003 3042 2152 3097 alias

503 3132 882 3197 pertractare.
919 3128 997 3181 De
1023 3129 1232 3183 ordine
1265 3128 1481 3196 solum,
1502 3145 1624 3201 quo
1653 3130 1801 3185 inter
1831 3131 2150 3186 duodecim

504 3221 750 3270 vocatus
780 3222 884 3280 est,
920 3233 1108 3289 pauca
1135 3217 1273 3272 libet
1299 3217 1519 3274 dicere.
1553 3221 1679 3274 Non
1721 3218 1826 3274 fuit
1857 3222 2006 3274 inter
2037 3219 2150 3290 pri-

506 3320 635 3360 mos
685 3312 924 3361 vocatus
973 3314 1212 3361 sanctus
1252 3306 1554 3363 Matthaeus
1589 3325 1600 3362 :
1636 3325 1777 3363 nam
1806 3315 1966 3364 certo
2000 3325 2154 3380 prai—

503 3403 804 3450 cesserant
868 3396 1156 3461 Andreas,
1237 3398 1460 3458 Petrus,
1536 3398 1812 3462 Jacobus,
1867 3398 2149 3465 Joannes,

507 3483 806 3556 Philippus
832 3491 886 3540 et
919 3485 1241 3541 Nathanael
1275 3487 1394 3540 sive
1428 3487 1915 3551 Bartholomaaus,
1948 3489 2048 3559 qui
2094 3489 2152 3544 in

503 3574 784 3629 omnibus
798 3589 1040 3646 quoque
1054 3575 1449 3645 apostolorum
1464 3576 1750 3645 catalogis
1765 3585 2154 3632 numerantur

505 3668 640 3718 ante
671 3663 1025 3718 Matthaaum.
1072 3664 1149 3718 De
1194 3665 1420 3719 Thoma
1468 3665 1726 3720 dubitari
1777 3673 1985 3736 potest,
2035 3666 2151 3722 fue-

504 3751 650 3808 ritne
677 3758 836 3818 ante,
878 3769 952 3808 an
1008 3759 1142 3824 post
1183 3754 1542 3818 Matthaeum,
1593 3755 1901 3826 discipulis
1944 3754 2151 3810 Christi

501 3846 954 3897 annumeratus.
987 3842 1291 3898 Matthieus
1319 3843 1443 3914 ipse
1468 3844 1754 3899 Thomam
1781 3843 1892 3899 sibi
1925 3860 2142 3914 praepo-

503 3931 606 3995 nit,
662 3937 717 3984 et
748 3933 869 3985 Act.
900 3947 936 3998 ι,
986 3931 1242 3986 Thomas
1288 3947 1406 3986 non
1454 3932 1647 3987 solum
1699 3933 1985 3996 Matthmo,
2047 3933 2150 3988 sed

501 4019 678 4073 etiam
698 4019 1131 4074 Bartholommo
1149 4021 1535 4090 prteponitur.
1554 4021 1720 4089 Apud
1738 4021 1996 4076 Marcum
2015 4037 2151 4077 vero

502 4111 557 4162 et
589 4109 802 4162 Lucam
837 4108 891 4161 in
927 4107 1254 4178 Evangeliis
1297 4109 1553 4163 Thomas
1585 4108 1916 4164 Matthzeum
1952 4111 2153 4181 sequi-

503 4199 612 4248 tur.
648 4195 874 4266 Itaque,
906 4212 1043 4251 cum
1077 4197 1304 4252 vocatio
1334 4197 1575 4251 Thomea
1608 4213 1726 4251 non
1769 4197 1842 4252 sit
1880 4199 2152 4269 exposita

504 4283 562 4337 in
601 4284 953 4351 Evangeliis,
988 4292 1044 4340 et
1071 4286 1249 4340 modo
1277 4291 1661 4356 przeponatur
1701 4285 1880 4340 modo
1913 4293 2152 4358 postpo-

2268 1798 2414 1856 tum,
2439 1810 2542 1864 per
2564 1794 2844 1863 angelum
2870 1810 3008 1849 vero
3026 1794 3308 1858 eductos;
3337 1793 3668 1864 iterumque
3703 1797 3918 1864 captos

2267 1889 2323 1937 et
2360 1900 2564 1948 caesos,
2600 1891 2778 1956 atque
2811 1886 2888 1939 ita
2918 1885 3215 1939 dimissos.
3254 1883 3392 1939 Post
3425 1899 3562 1954 qum
3593 1883 3706 1936 sub
3750 1883 3922 1952 ungi-

2267 1980 2379 2036 tur,
2411 1989 2459 2026 v.
2488 1973 2547 2027 41
2591 1991 2602 2027 :
2643 1995 2663 2021 ι
2700 1971 3629 2044 Etilliquidem(apostoli)ibant
3654 1971 3923 2039 gauden-

2269 2067 2353 2116 tes
2385 2078 2420 2116 a
2449 2066 2771 2133 conspectu
2802 2061 3362 2134 concilii,quoniam
3383 2059 3753 2129 dignihabiti
3780 2064 3923 2114 sunt

2265 2166 2374 2222 pro
2407 2151 2647 2206 nomine
2676 2149 2814 2206 Jesu
2845 2150 3269 2206 contumeliam
3314 2150 3456 2221 pati.
3502 2149 3674 2204 Omni
3716 2153 3921 2203 autem

2265 2239 2358 2294 die
2386 2255 2506 2294 non
2539 2239 2852 2294 cessabant
2880 2240 2935 2293 in
2959 2239 3180 2309 templo
3195 2246 3248 2294 et
3274 2239 3432 2294 circa
3458 2239 3672 2292 domos
3695 2237 3916 2291 docen-

2265 2333 2350 2384 tes
2380 2333 2437 2384 et
2463 2328 2940 2397 evangelizantes
2969 2328 3262 2384 Christum
3280 2329 3506 2383 Jesum.
3542 2348 3570 2379 ι)
3603 2328 3759 2382 Mitto
3803 2326 3923 2381 alia

2265 2433 2385 2472 non
2417 2433 2588 2489 aeque
2615 2424 2773 2472 certo
2799 2417 2872 2471 de
2900 2418 3181 2472 omnibus
3211 2417 3392 2472 dicta.

2263 2515 2290 2588 §
2329 2515 2418 2570 IlI.
2449 2516 2840 2586 Evangelium
2881 2514 3162 2597 scriptum
3200 2532 3211 2597 ς
3273 2513 3606 2581 spectantia
3633 2513 3713 2569 ad
3748 2513 3918 2570 illud

2859 2593 3310 2642 examinantur.

2335 2684 2422 2740 30.
2460 2687 2536 2740 De
2549 2685 2865 2752 Evangelio
2881 2701 2984 2754 per
2996 2689 3272 2740 sanctum
3290 2685 3625 2740 Matthmum
3650 2683 3891 2738 conseri
3906 2713 3920 2724 -

2265 2779 2384 2845 pto,
2403 2774 2755 2845 priusquam
2778 2774 2987 2829 Judaaa
3007 2774 3333 2841 excederet,
3359 2773 3489 2828 aliis
3503 2788 3742 2845 quoque
3779 2787 3925 2843 gen-

2265 2864 2421 2918 tibus
2453 2863 2907 2935 praedicaturus,
2951 2862 3256 2930 Eusebius,
3291 2862 3393 2916 lib.
3438 2879 3514 2926 ιιι,
3564 2878 3694 2932 cap.
3731 2864 3802 2916 24
3842 2861 3926 2915 ita

2263 2951 2559 3023 loquitur:
2597 2974 2625 3001 «
2658 2952 2962 3008 Mattheus
2986 2968 3122 3007 cum
3152 2951 3409 3007 Hebraeis
3445 2951 3699 3022 primum
3737 2949 3924 3004 fidem

2191 3069 2231 3127 ο
2263 3040 2807 3112 ριωάίοθεςθῌηόθ
2822 3041 2896 3096 ad
2913 3040 3059 3096 alias
3072 3057 3302 3112 quoque
3319 3045 3519 3110 gentes
3533 3040 3922 3111 profecturus,

2269 3128 2651 3198 Evangelium
2675 3145 2850 3184 suum
2879 3130 3066 3199 patrio
3100 3146 3376 3184 sermone
3399 3129 3800 3193 conscribens,
3838 3129 3922 3194 id,

2263 3219 2426 3290 quod
2461 3219 2786 3288 praesentia:
2815 3235 2938 3272 sua;
2980 3219 3178 3274 adhuc
3218 3234 3535 3290 superesse
3579 3217 3920 3282 videbatur,

2266 3307 2484 3378 scripto
2515 3306 2646 3371 illis,
2698 3323 2854 3378 quos
2907 3307 3302 3379 relinquebat,
3351 3307 3670 3377 supplevit.
3705 3326 3733 3357 »
3771 3306 3925 3360 Insi-

2266 3401 2411 3450 nuat
2430 3395 2692 3463 allegatis
2719 3397 2912 3451 verbis
2929 3396 3579 3461 Eusebius,Matthaaum
3610 3395 3922 3466 scripsisse

2265 3499 2535 3539 sermone
2570 3483 2873 3548 Hebraico,
2907 3484 3103 3555 qualis
3140 3491 3280 3539 tunc
3308 3493 3436 3540 erat
3469 3486 3722 3540 usitatus
3754 3483 3921 3554 apud

2262 3572 2522 3637 Judaeos,
2566 3589 2684 3628 non
2716 3574 2961 3645 quidem
2995 3589 3146 3645 puro
3178 3579 3233 3628 et
3263 3580 3514 3638 vetusto,
3559 3574 3661 3628 sed
3703 3574 3924 3627 nonni-

2266 3660 2344 3717 hil
2377 3668 2652 3732 corrupto
2679 3678 2747 3717 ex
2797 3662 3115 3718 Chaldaico
3168 3669 3220 3716 et
3253 3663 3514 3732 Syriaco,
3570 3668 3631 3716 ut
3661 3661 3758 3716 alii
3787 3661 3920 3731 jam

2263 3751 2671 3806 observarunt.
2698 3751 2892 3806 Innuit
2928 3759 3225 3820 praeterea,
3255 3750 3513 3822 primum
3542 3751 3815 3805 omnium
3847 3765 3922 3805 ex

2261 3840 2642 3907 evangelistis
2669 3841 2974 3909 scripsisse
2995 3842 3351 3906 Matthteum;
3376 3856 3512 3895 mox
3535 3839 3696 3894 enim
3722 3839 3914 3901 addit,

2262 3935 2473 3999 p0stea
2517 3929 2817 3999 scripsisse
2862 3931 3118 3985 Marcum
3173 3933 3231 3984 et
3275 3931 3513 3996 Lucam,
3555 3944 3625 3984 ac
3668 3929 3921 3983 demum

2261 4018 2576 4072 Joannem.
2621 4017 2840 4072 Deinde
2872 4034 3004 4088 cap.
3035 4018 3103 4073 38
3130 4017 3258 4073 haec
3298 4016 3512 4087 allegat
3565 4017 3779 4088 Papiae,
3813 4018 3922 4088 qui

2262 4123 2399 4162 cum
2431 4106 2736 4178 discipulis
2762 4110 3171 4179 apostolorum
3197 4109 3423 4163 vixerat
3449 4109 3520 4162 de
3547 4113 3758 4162 sancto
3783 4108 3925 4161 Mat-

2262 4196 2418 4251 thaao
2451 4197 2630 4253 verba
2660 4215 2672 4249 :
2707 4219 2732 4246 ‹‹
2769 4197 3072 4252 Matthmus
3099 4196 3362 4269 quidem,
3391 4197 3603 4268 inquit,
3632 4194 3920 4250 llebraico

2263 4301 2536 4341 sermone
2566 4285 2768 4340 divina
2800 4285 3152 4356 conscripsit
3181 4285 3425 4340 oracula
3452 4301 3464 4339 :
3498 4285 3923 4354 interpretatus

505 4377 680 4426 natur
738 4373 1028 4439 Mattheeo,
1063 4375 1237 4445 plane
1291 4374 1542 4429 dubium
1601 4383 1687 4428 est
1731 4381 1784 4429 et
1840 4376 2147 4441 incertum,
2184 4383 2230 4439 Ι)
2261 4381 2350 4429 est
2381 4381 2578 4428 autem
2626 4375 3030 4444 unusquisque
3081 4373 3196 4440 illa,
3245 4380 3418 4444 prout
3463 4373 3669 4444 potuit.
3725 4371 3926 4428 Verba

504 4467 632 4515 uter
662 4478 728 4516 ex
756 4461 863 4516 illis
887 4469 1131 4518 vocatus
1151 4466 1224 4517 sit
1245 4463 1422 4534 prior.
1451 4463 1674 4534 Reliqui
1709 4479 1847 4518 vero
1868 4470 2148 4536 quatuor,

505 4549 1342 4622 uimirumJacobusAlpheazi,
1362 4552 1546 4605 Judas
1565 4551 1924 4618 Tliaddaaus,
1942 4554 2150 4609 Simon

505 4637 896 4700 Chananmus,
921 4647 974 4695 et
994 4640 1179 4694 Judas
1204 4639 1512 4696 Iscariotes
1542 4642 1825 4712 proditor,
1853 4658 1990 4698 cum
2014 4659 2149 4698 con-

503 4733 724 4782 stanter
756 4729 812 4782 in
846 4729 1129 4783 omnibus
1162 4728 1449 4796 catalogis
1500 4735 1634 4800 post
1691 4730 2026 4786 Matthaaum
2057 4748 2148 4787 re-

504 4822 874 4883 censeantur,
926 4818 1103 4871 etiam
1157 4816 1538 4872 verisimiliter
1583 4823 1719 4888 post
1769 4820 1964 4890 ipsum
2013 4826 2151 4874 sunt

503 4906 716 4974 vocati,
769 4906 846 4961 ita
903 4911 962 4960 ut
1015 4906 1317 4961 Mattheus
1371 4907 1641 4962 videatur
1707 4908 1994 4978 septimus
2049 4915 2150 4964 aut

502 4999 747 5049 octavus
773 4994 954 5049 fuisse
995 4995 1145 5048 inter
1186 4994 1500 5050 duodecim
1544 4996 1886 5067 apostolos:
1919 4997 1974 5051 in
2004 4998 2150 5053 duo-

505 5082 616 5136 bus
643 5083 800 5138 enim
837 5084 1124 5152 catalogis
1158 5101 1236 5137 seu
1269 5084 1444 5139 timus
1480 5086 1734 5154 ponitur,
1763 5085 1820 5139 in
1849 5085 1980 5140 aliis
2008 5087 2148 5142 duo-

505 5171 609 5225 bus
639 5178 908 5226 octavus.
941 5173 1115 5227 Porro
1145 5173 1354 5227 electio
1384 5173 1703 5228 duodecim
1735 5175 2148 5244 apostolorum

503 5275 539 5314 a
573 5260 754 5315 tribus
780 5262 1157 5331 evangelistis
1191 5261 1433 5316 refertur
1459 5278 1577 5317 non
1601 5263 1700 5316 diu
1731 5269 1862 5332 post
1894 5264 2148 5318 vocatio-

504 5362 640 5402 nem
678 5351 948 5413 Matthaei,
982 5352 1380 5420 praetermissa
1415 5351 1719 5406 vocatione
1760 5357 2018 5422 quatuor
2051 5367 2152 5422 po-

505 5437 834 5502 steriorum,
873 5440 951 5494 uti
994 5445 1048 5494 et
1075 5440 1335 5495 Thomaa.
1371 5439 1587 5495 Deinde
1628 5439 1769 5493 nihil
1803 5440 2150 5509 particulare

505 5523 579 5579 de
609 5525 662 5580 S.
698 5528 968 5584 Matthaao
1002 5535 1274 5586 narratur
1313 5529 1373 5584 in
1401 5528 1730 5597 Evangeliis
1771 5533 1873 5584 aut
1901 5527 1958 5583 in
2000 5530 2148 5584 Acti-

2261 4464 2446 4518 sancti
2476 4464 2677 4518 lreneei
2726 4463 3004 4518 laudatus
3036 4463 3348 4526 Eusebius,
3384 4462 3484 4518 lib.
3527 4479 3584 4527 v,
3618 4478 3751 4530 cap.
3783 4465 3816 4516 8
3844 4463 3923 4518 de

2262 4553 2524 4607 Matthzeo
2570 4551 2814 4606 adducit
2869 4553 2978 4607 hoc
3032 4553 3211 4606 modo
3261 4553 3633 4620 :Matthmus,
3697 4550 3918 4623 inquit,

2259 4639 2422 4711 apud
2453 4639 2721 4694 Hebraeos
2753 4640 2995 4710 propria
3021 4655 3226 4694 eorum
3259 4639 3465 4709 lingua
3497 4639 3917 4710 conscriptum

2263 4727 2646 4797 Evangelium
2695 4728 2902 4791 edidit,
2931 4729 3077 4784 dum
3111 4731 3312 4784 Petrus
3341 4745 3409 4784 ac
3446 4728 3664 4784 Paulus
3714 4730 3920 4783 Romae

2259 4818 2554 4872 Christum
2614 4817 3003 4888 prmdicarent
3072 4823 3127 4871 et
3179 4818 3451 4872 Ecclesiaa
3520 4816 3921 4872 fundamenta

2255 4909 2536 4977 jacerent.
2575 4928 2600 4954 »ι
2647 4905 2795 4960 Data
2841 4906 3019 4961 verba
3068 4906 3345 4976 leguntur
3384 4905 3545 4976 apud
3594 4904 3916 4969 lrenaeum,

2259 4995 2358 5050 lib.
2390 5011 2444 5048 ιιι
2465 4994 2684 5050 Contra
2707 4994 2966 5058 haereses,
2994 5011 3120 5065 cap.
3147 5011 3182 5057 ι,
3213 4995 3307 5050 ubi
3331 4993 3600 5048 similiter
3623 4993 3917 5054 innuitur,

2262 5083 2522 5154 primum
2552 5083 2699 5138 inter
2729 5083 3125 5152 evangelistas
3161 5083 3336 5138 fuisse
3367 5082 3706 5139 Matthmum
3744 5098 3757 5145 ;
3787 5081 3925 5136 licet

2260 5172 2405 5227 alias
2440 5187 2558 5227 non
2591 5177 2832 5226 careant
2870 5172 3071 5243 aliqua
3101 5170 3450 5226 difﬁcultate
3502 5187 3609 5243 pro
3654 5176 3922 5240 tempore

2260 5261 2561 5331 Evangelii
2594 5278 2629 5315 a
2663 5260 2934 5316 Matthaao
2964 5262 3186 5333 scripti,
3218 5267 3278 5316 ut
3314 5266 3521 5331 postea
3550 5259 3918 5314 videbimus.

2261 5350 2518 5405 Adducit
2559 5349 2866 5415 Eusebius,
2898 5351 2993 5404 lib.
3020 5366 3097 5415 vr,
3127 5366 3234 5421 cap
3265 5351 3334 5403 25
3372 5351 3552 5406 etiam
3579 5348 3762 5404 verba
3789 5347 3926 5402 Ori-

2260 5441 2444 5510 genis,
2503 5441 2755 5496 dicentis
2811 5456 2877 5496 ex
2927 5441 3262 5506 traditione,
3309 5461 3331 5490 (ι
3379 5443 3643 5511 primum
3692 5438 3924 5495 scilicet

2262 5530 2646 5600 Evangelium
2686 5529 2975 5601 scriptum
3005 5546 3133 5586 esse
3172 5546 3208 5584 a
3241 5529 3600 5595 Matthaeo,...
3625 5527 3728 5602 qui
3769 5527 3922 5583 illud
