4144 6184
241 288 361 342 769

1633 284 1800 340 VlTA
1839 284 1897 339 S.
1940 284 2296 342 MA'l‘TH/EI.

3565 292 3672 347 770

235 414 536 470 Hebraico
581 428 857 468 sermone
889 413 1296 485 conscriptum
1339 411 1558 467 Iudaeis
1612 410 1688 465 ad
1725 408 1906 464 ﬁdem
1939 409 1983 462 A
2020 408 2232 466 fatetur
2251 427 2606 466 consensum
2631 412 3013 483 antiquorum
3039 413 3129 468 his
3151 414 3344 470 verbis
3371 437 3382 468 :
3407 415 3672 484 «Magna

237 504 551 559 conversis
580 501 920 573 publicavit.
968 523 991 552 ι

317 598 404 648 3t.
441 595 497 647 S.
534 592 929 662 Hieronymus
959 590 1019 644 in
1087 589 1366 659 Catalogo
1419 588 1768 659 scriptorum
1820 603 1909 642 ec-

240 681 721 738 clesiasticorum
751 679 824 733 de
852 688 1057 734 sancto
1089 679 1357 735 Matthteo
1385 680 1462 733 ita
1475 677 1656 733 habet
1684 697 1695 735 :
1723 700 1742 726 ι
1767 677 1908 730 Mat-

247 772 462 833 thseus,
497 770 600 840 qui
633 775 689 823 et
724 769 959 833 Levi,ex
987 767 1299 838 publicano
1326 766 1652 838 apostolus,
1684 767 1910 838 primus

248 861 312 914 in
342 858 548 914 Judaea
597 863 834 928 pi-Opter
875 873 996 921 eos,
1032 858 1134 929 qui
1189 873 1260 912 ex
1317 855 1771 912 Circumcisione
1825 854 1911 922 (id

251 955 359 1013 est,
411 963 480 1002 ex
533 946 770 1017 Judaeis)
810 946 1206 1011 crediderant,
1268 946 1650 1015 Evangelium
1704 943 1911 1000 Christi

251 1036 560 1091 Hebraicis
593 1035 795 1089 litteris
821 1034 1137 1106 verbisque
1170 1036 1526 1106 composuit.
1557 1034 1726 1097 Quod
1776 1035 1912 1105 quis

255 1131 464 1197 postea
492 1127 551 1179 in
592 1124 865 1179 Graecum
909 1123 1292 1189 transtulerit,
1345 1140 1465 1178 non
1496 1123 1637 1178 satis
1687 1128 1914 1177 certum

251 1220 360 1269 est.
398 1214 578 1269 Porro
610 1213 808 1284 ipsum
843 1213 1192 1268 Hebraicum
1227 1212 1484 1268 habetur
1515 1227 1706 1282 usque
1738 1211 1914 1266 hodie

253 1303 313 1357 in
350 1302 695 1358 Caesariensi
720 1301 1101 1365 bibliotheca,
1120 1318 1304 1373 quam
1320 1300 1666 1371 Pamphilus
1691 1305 1915 1371 martyr

252 1392 692 1446 studiosissime
724 1390 994 1445 confecit.
1030 1391 1161 1446 Mihi
1207 1405 1446 1461 quoque
1506 1406 1541 1444 a
1597 1389 1912 1454 Nazarteis,

252 1482 439 1553 quiin
470 1480 674 1534 Bertea
698 1479 841 1532 urbe
892 1480 1075 1550 Syriae
1124 1479 1237 1533 hoc
1298 1477 1598 1534 volumine
1647 1483 1910 1543 utuntur,

253 1568 629 1623 describendi
659 1567 908 1622 facultas
929 1567 1126 1622 fuit.ln
1151 1583 1271 1638 quo
1286 1567 1910 1632 animadvertendum,

251 1657 440 1730 quod,
475 1657 818 1728 ubicunque
845 1656 1226 1725 evangelista,
1257 1656 1373 1710 sive
1405 1672 1476 1710 ex
1500 1671 1751 1726 persona
1783 1671 1907 1724 sua,

2019 500 2403 572 antiquorum
2464 501 2734 556 omnium
2789 502 3156 572 conspiratio
3210 508 3315 570 est,
3380 505 3670 560 Hebraico

2018 604 2292 643 sermone
2335 590 2717 659 Evangelium
2769 589 3021 646 Matthaei
3054 590 3235 646 fuisse
3276 591 3602 662 vulgatum.
3639 613 3668 641 ››

2017 680 2161 733 Tum
2185 679 2417 734 subdit:
2450 701 2472 730 α
2495 682 2632 744 Quae
2657 680 2901 733 eruditis
2929 679 3081 734 bene
3108 680 3306 735 multis
3336 682 3666 737 etiamnum

2019 768 2287 822 arridens
2319 768 2578 832 traditio,
2602 784 2721 823 non
2750 769 2934 838 aequis
2965 785 3111 823 sane
3139 770 3386 824 auribus
3415 787 3451 825 a
3497 769 3670 825 nobis

2021 856 2272 912 auditur.
2309 880 2335 906 ››
2372 860 2603 913 Fatetur
2631 857 2805 928 igitur
2837 859 3182 925 Basnagius,
3218 874 3290 912 ne
3321 860 3509 931 aequis
3538 858 3670 930 qui-

2019 946 2151 1000 dem
2181 945 2428 1000 auribus
2465 962 2500 1001 a
2531 963 2591 1000 se
2620 946 2826 1012 audiri,
2857 947 3012 1017 quod
3047 948 3144 1001 toti
3173 946 3395 1018 placuit
3415 947 3670 1018 antiqui-

2021 1033 2142 1089 tati.
2186 1033 2514 1089 Audiamus
2543 1051 2612 1091 ac
2644 1036 2716 1089 de
2757 1051 2817 1090 re
2844 1035 3136 1105 judicium
3177 1037 3415 1090 alterius
3444 1036 3672 1092 hetero-

2021 1122 2182 1188 doxi,
2201 1122 2468 1178 videlicet
2493 1123 2764 1179 Guilelmi
2793 1125 2944 1180 Cave
2975 1125 3034 1179 in
3057 1125 3321 1180 Historia
3349 1125 3669 1190 lilteraria,

2023 1228 2156 1266 saec.
2194 1228 2232 1276 ι,
2276 1227 2408 1282 pag.
2446 1216 2497 1276 6,
2527 1213 2586 1266 in
2615 1214 2670 1267 S.
2701 1214 3003 1268 Matthaao:
3047 1235 3074 1263 «
3114 1215 3175 1268 Et
3199 1214 3445 1285 quidem
3481 1213 3672 1270 Histo-

2022 1300 2170 1355 riam
2191 1318 2362 1355 suam
2384 1302 2786 1370 evangelicam
2810 1302 3093 1358 Hebraice
3117 1303 3444 1374 scripsisse,
3463 1303 3668 1374 inquit,

2025 1389 2174 1444 miro
2199 1405 2341 1444 sane
2355 1406 2650 1446 consensu
2685 1391 2924 1446 tradunt
2950 1396 3195 1456 veteres,
3231 1391 3382 1448 adeo
3405 1397 3466 1447 ut
3492 1391 3670 1447 totius

2023 1494 2172 1549 pene
2227 1479 2595 1550 antiquitatis
2654 1480 2994 1536 testimonio
3034 1481 3316 1550 refragari
3353 1481 3480 1536 haec
3520 1482 3579 1536 in
3611 1497 3671 1536 re

2021 1567 2185 1622 nefas
2211 1568 2302 1622 sit.
2347 1590 2370 1618 υ
2405 1574 2472 1623 At
2502 1584 2609 1637 ego
2640 1585 2759 1624 non
2799 1570 3160 1641 expendam,
3207 1576 3448 1642 quanta)
3490 1571 3562 1624 sit
3592 1575 3672 1624 te-

2022 1658 2307 1711 meritatis
2359 1673 2395 1712 a
2427 1663 2547 1712 tota
2603 1659 2950 1729 antiquitate
3007 1675 3178 1714 sacra
3207 1658 3498 1726 recedere,
3532 1675 3671 1714 cum

253 1747 377 1802 sive
419 1762 490 1800 ex
522 1761 778 1817 persona
821 1744 1055 1799 Domini
1114 1743 1454 1812 Salvatoris,
1499 1744 1706 1799 veteris
1763 1744 1912 1798 Scri-
1945 1750 1988 1805 Β
2021 1745 2288 1800 noverim
2336 1746 2731 1802 heterodoxos
2772 1746 2833 1801 id
2877 1747 3067 1803 facere
3121 1748 3321 1802 solitos
3379 1749 3436 1802 in
3493 1748 3672 1802 rebus

255 1842 447 1908 pturaa
477 1835 831 1889 testimoniis
865 1833 1147 1902 abutitur,
1177 1849 1298 1888 non
1341 1838 1627 1904 sequatur
1672 1835 1911 1904 Septua-

260 1924 426 1994 ginta
449 1923 864 1978 translatorum
892 1923 1323 1984 auctoritatem,
1347 1922 1442 1976 sed
1476 1921 1846 1977 Hebraicam.
1872 1924 1910 1976 E

258 2012 480 2083 quibus
496 2011 591 2065 illa
606 2018 794 2066 suntm
807 2013 884 2065 Ex
899 2009 1151 2082 Egypto
1177 2010 1384 2066 vocavi
1403 2011 1607 2064 Filium
1640 2026 1905 2065 meum.»

256 2101 324 2156 Et
357 2117 370 2156 :
404 2123 425 2150 ι
454 2100 748 2167 Quoniam
790 2103 1100 2155 Nazaraeus
1130 2099 1460 2155 vocabitur.
1503 2121 1530 2152 »
1567 2099 1912 2170 Chrysosto-

258 2207 412 2254 mus,
447 2191 610 2244 hom.
641 2208 680 2257 ι,
704 2189 759 2243 in
786 2189 1120 2244 Matthteum
1161 2190 1234 2243 de
1258 2188 1471 2244 iisdem
1503 2188 1626 2243 haec
1660 2189 1865 2245 scribit
1893 2206 1905 2244 :

255 2297 284 2328 «
335 2282 617 2334 Narratur
672 2294 872 2350 porro.
932 2277 1289 2344 Matthaaum,
1341 2277 1761 2333 accedentibus
1821 2295 1911 2333 ro-

253 2367 660 2438 gantibusque
688 2366 1037 2436 Judaeis,qui
1062 2365 1457 2430 crediderant,
1479 2381 1697 2438 eaquae
1721 2367 1910 2421 verbis

250 2456 599 2527 protulerat,
633 2454 838 2510 litteris
868 2454 1167 2525 descripta
1216 2454 1423 2509 iisdem
1464 2454 1795 2525 reliquisse,
1856 2460 1911 2510 et

250 2545 534 2600 Hebraice
587 2543 972 2614 Evangelium
1029 2544 1358 2614 scripsisse.
1405 2543 1585 2610 Idem,
1648 2544 1810 2599 hom.
1854 2548 1906 2610 4,

253 2633 519 2696 advertit,
554 2632 813 2705 primum
864 2648 931 2687 ex
977 2631 1353 2702 evangelistis
1413 2631 1724 2702 scripsisse
1770 2635 1910 2688 Mat-

251 2723 496 2778 thaaum.
539 2723 792 2776 Sanctus
833 2722 1216 2792 Augustinus,
1273 2720 1426 2775 lib.1
1487 2723 1571 2777 De
1623 2737 1909 2777 consensu

250 2811 771 2882 evangelislarum,
805 2812 1250 2881 cap.2,casteris
1269 2811 1559 2865 consentit
1584 2810 1657 2865 de
1691 2812 1908 2881 scripto

248 2902 511 2974 primum
547 2916 582 2972 a
619 2901 887 2955 Matthzeo
931 2899 1269 2968 Evangelio,
1305 2906 1360 2954 et
1389 2899 1462 2954 de
1479 2915 1907 2972 sermone,quo

247 2989 392 3044 illud
434 2990 807 3060 conscripsit,
849 2990 931 3044 ait
959 3005 970 3043 :
1002 3011 1028 3037 «
1052 2991 1269 3044 Horum
1306 3005 1448 3044 sane
1474 2994 1726 3058 quatuor
1747 2990 1907 3044 solus

251 3077 554 3133 Matthaaus
588 3078 827 3132 Hebrzeo
860 3076 1168 3148 scripsisse
1219 3076 1562 3147 perhibetur
1588 3076 1847 3148 eloquio.
1879 3097 1907 3127 »

252 3166 440 3222 Missis
470 3166 729 3238 aliis,qui
753 3167 912 3221 idem
944 3163 1270 3233 afﬁrmant,
1299 3169 1497 3221 solum
1528 3165 1683 3221 addo
1724 3166 1908 3222 verba

254 3257 310 3311 S.
343 3255 890 3326 EpiphaniiHaares.
953 3256 1042 3318 51,
1084 3270 1215 3325 cap.
1274 3254 1328 3320 5,
1401 3256 1478 3310 ita
1537 3254 1848 3310 scribentis
1889 3271 1902 3310 :

251 3363 280 3394 α
321 3345 632 3398 Matthaaus
661 3344 837 3412 igitur
859 3343 1082 3414 primus
1112 3343 1411 3413 Evangelii
1436 3343 1734 3398 scribendi
1768 3359 1904 3415 pro-

251 3433 511 3488 vinciam
572 3440 780 3488 nactus
818 3437 926 3497 est,
989 3435 1053 3487 ut
1105 3431 1400 3499 diximus;
1461 3432 1640 3505 idque
1675 3433 1726 3488 ei
1777 3434 1905 3503 jure

252 3524 462 3578 merito
494 3522 759 3590 contigit.
796 3521 1117 3592 Oportebat
1149 3522 1330 3586 enim,
1364 3538 1499 3576 eum
1543 3523 1766 3593 ipsum,
1810 3523 1905 3592 qui

249 3611 329 3667 ad
359 3611 795 3666 conciliandam
826 3610 1091 3665 humano
1122 3611 1324 3679 generi
1364 3611 1613 3666 salutem
1649 3612 1904 3666 advene-

249 3704 360 3763 rat,
391 3700 612 3771 quique
644 3699 724 3754 ita
753 3699 1016 3754 dixerat:
1051 3719 1080 3751 ‹
1108 3702 1234 3754 Non
1274 3699 1408 3754 veni
1447 3716 1656 3754 vocare
1682 3700 1900 3770 justos,

252 3789 358 3843 sed
392 3793 731 3859 peccatores
763 3787 840 3842 ad
881 3786 1323 3858 paenitentiam:
1359 3807 1388 3839 ‹‹
1430 3788 1494 3842 ad
1540 3804 1770 3850 eorum,
1800 3787 1904 3860 qui

253 3877 529 3932 servandi
571 3883 737 3932 erant
767 3877 1132 3947 exemplum,
1169 3877 1220 3931 ei
1249 3876 1482 3931 homini
1521 3878 1902 3948 potissimum

254 3966 640 4037 praedicanda
672 3965 878 4020 salutis
909 3982 1130 4020 munus
1161 3966 1491 4035 injungere,
1515 3967 1616 4037 qui
1640 3966 1906 4021 abinnu-

249 4056 432 4111 meris
463 4057 1141 4126 peccatisconversus,et
1168 4071 1203 4110 a
1235 4054 1448 4110 telonio
1476 4056 1904 4111 suscitansfue-

252 4150 363 4209 rat,
400 4160 467 4198 ac
501 4160 564 4198 se
596 4143 673 4198 ab
717 4144 880 4198 omni
909 4143 1125 4198 scelere
1157 4148 1213 4198 et
1237 4143 1526 4213 injustitia
1562 4153 1898 4213 revocarat;

256 4239 318 4287 ut
340 4235 414 4286 ab
438 4232 553 4295 illo,
589 4239 815 4303 quanta
849 4232 954 4286 sibi
988 4236 1143 4287 esset
1167 4234 1425 4288 adventu
1454 4233 1660 4288 Christi
1693 4235 1903 4290 huma-

255 4321 411 4377 nitas
455 4322 688 4387 collata,
717 4321 996 4376 mortales
1028 4323 1391 4377 discerent...
1430 4323 1527 4377 Hic
1568 4323 1741 4392 igitur
1769 4327 1903 4380 Mat-

2022 1833 2209 1890 multo
2241 1835 2612 1904 gravioribus
2643 1854 2656 1903 ;
2682 1835 2785 1890 sed
2806 1836 3000 1890 solum
3028 1835 3406 1900 examinabo,
3427 1851 3501 1890 an
3517 1837 3674 1905 ejus-

2023 1924 2180 1978 modi
2207 1923 2322 1979 sint
2348 1927 2606 1980 rationes
2636 1925 2929 1995 Basnagii,
2975 1931 3036 1979 ut
3064 1931 3217 1980 natae
3259 1924 3374 1979 sint
3406 1923 3669 1996 prudens

2020 2011 2286 2081 ingerere
2339 2011 2628 2069 dubium:
2670 2013 2818 2069 alios
2862 2029 3021 2078 vero,
3062 2013 3166 2084 qui
3219 2017 3357 2069 ante
3397 2019 3498 2068 aut
3536 2016 3671 2084 post

2023 2101 2386 2171 Basnagium
2416 2101 2600 2156 simili
2640 2102 2821 2157 modo
2853 2101 3164 2173 antiquam
3194 2106 3531 2156 sanctorum
3570 2101 3673 2155 Pa-

2022 2195 2176 2243 trum
2232 2189 2584 2245 sententiam
2646 2190 2996 2260 rejecerunt,
3033 2205 3277 2260 prorsus
3335 2188 3672 2260 relinquam

2019 2279 2294 2347 indictos,
2336 2296 2410 2334 ne
2471 2280 2797 2352 disputatio
2850 2279 2955 2335 ﬁat
3016 2279 3302 2352 prolixior
3352 2294 3538 2350 quam
3599 2277 3674 2332 sit

2021 2384 2283 2433 necesse,
2313 2375 2367 2424 et
2395 2370 2540 2440 quia
2599 2370 2866 2425 omnium
2906 2384 3090 2440 opera
3136 2368 3211 2424 ad
3267 2383 3518 2424 manum
3551 2381 3672 2422 non

2020 2457 2234 2513 habeo.

2089 2551 2176 2601 33.
2228 2547 2440 2616 Accipe
2471 2547 2666 2616 igitur,
2699 2547 2900 2611 lector,
2935 2545 3302 2616 objectiones
3357 2544 3665 2615 Basnagii:

2021 2634 2197 2699 Fons,
2231 2635 2442 2706 inquit,
2483 2636 2812 2691 traditionis
2844 2635 3018 2704 hujus
3070 2634 3307 2704 Papias,
3366 2632 3670 2704 pertenuis

2018 2723 2239 2794 ingenii
2303 2723 2696 2794 credulusque
2753 2723 3094 2793 scriptor....
3174 2725 3351 2777 Tenet
3406 2727 3463 2776 et
3508 2721 3671 2776 fama

2020 2813 2362 2868 Pantaenum
2389 2813 2446 2867 in
2468 2813 2630 2868 India
2661 2811 3047 2880 Evangelium
3071 2810 3323 2867 Matthaei
3356 2811 3670 2881 reperisse,

2019 2904 2176 2975 quod
2210 2901 2676 2958 Bartholommus
2706 2900 3230 2957 Hebraicislitteris
3259 2899 3670 2972 conscriptum

2017 2993 2354 3065 reliquerat,
2385 2993 2544 3063 quod
2598 2993 2673 3046 ad
2716 2990 2989 3063 praedicta
3023 3005 3212 3062 usque
3258 2995 3528 3060 tempora
3555 3004 3671 3044 ser-

1945 3106 1985 3160 C
2019 3087 2222 3138 vatum
2252 3098 2377 3137 esse
2417 3093 2802 3136 memoratur.
2851 3078 3174 3147 Pigmentis
3228 3078 3480 3134 Eusebio
3512 3078 3670 3133 inco-

2020 3172 2197 3241 gnitis
2213 3170 2588 3226 traditionem
2604 3168 2778 3226 istam
2800 3168 3164 3240 Hieronymo
3179 3167 3396 3222 armari
3413 3165 3631 3237 placuit
3657 3182 3671 3220 ε

2019 3261 2356 3326 Pantaenus,
2390 3261 2602 3328 inquit,
2644 3259 2886 3314 Matthaei
2923 3256 3331 3327 Evangelium,
3368 3255 3670 3311 Hebraicis

2018 3350 2222 3406 litteris
2255 3350 2564 3420 scriptum,
2585 3353 2883 3402 revertens
2910 3345 3327 3401 Alexandriam
3352 3359 3554 3399 secum
3586 3359 3671 3399 re-

2020 3440 2166 3495 tulit.
2203 3442 2334 3494 Heec
2378 3439 2695 3504 Basnagius
2738 3451 2844 3507 pro
2903 3451 3011 3490 sua
3063 3434 3121 3488 in
3183 3439 3422 3489 sanctos
3474 3437 3669 3488 Patres

2018 3529 2366 3594 reverentia,
2421 3544 2491 3581 ne
2550 3525 2770 3589 dicam,
2813 3525 2990 3579 stulta
3031 3523 3412 3579 conﬁdentia.
3450 3524 3668 3579 Omnes

2021 3621 2214 3673 Patres
2234 3618 2294 3672 in
2321 3632 2581 3671 errorem
2615 3619 2998 3684 pertrectatos
3031 3628 3066 3665 a
3090 3612 3270 3682 Papia
3301 3611 3514 3677 innuit,
3563 3611 3664 3667 Pa-

2017 3707 2304 3779 piamque
2337 3705 2633 3777 pertenuis
2661 3703 2878 3773 ingenii
2912 3702 3257 3772 scriptorem
3290 3700 3450 3763 dicit,
3486 3705 3545 3754 ut
3583 3700 3670 3754 in-

2019 3798 2233 3860 sinuet,
2253 3796 2448 3866 ipsum
2472 3809 2714 3864 quoque
2737 3789 2907 3846 facile
2926 3807 2996 3844 ea
3013 3790 3070 3843 in
3096 3806 3156 3843 re
3173 3805 3368 3844 errare
3383 3794 3661 3859 potuisse.

2016 3890 2086 3940 At
2115 3885 2344 3955 Papias,
2373 3883 2476 3954 qui
2512 3898 2647 3935 cum
2702 3878 3018 3949 discipulis
3056 3877 3465 3948 apostolorum
3501 3875 3662 3940 vixit,

2016 3973 2092 4028 ab
2125 3973 2313 4044 iisque
2363 3977 2555 4042 petere
2599 3969 2822 4024 solebat
2861 3967 3006 4040 quid
3062 3966 3358 4030 Andreas,
3391 3965 3534 4036 quid
3570 3967 3666 4020 Pe-

2017 4067 2162 4127 trus,
2195 4061 2340 4134 quid
2372 4060 2700 4131 Philippus,
2734 4057 2876 4130 quid
2911 4057 3191 4118 Thomas,
3216 4055 3361 4126 quid
3387 4054 3662 4119 Iacobus,

2015 4152 2162 4224 quid
2193 4152 2478 4214 Joannes,
2499 4149 2643 4221 quid
2671 4147 2999 4213 Matthaeus,
3032 4145 3175 4217 quid
3204 4145 3398 4199 caeteri
3433 4143 3666 4198 Domini

2016 4239 2292 4311 discipuli
2339 4240 2532 4294 dicere
2579 4237 2867 4300 solebant,
2907 4241 2966 4289 ut
3020 4234 3147 4305 ipse
3203 4233 3467 4303 loquitur
3499 4231 3664 4303 apud

2017 4329 2337 4383 Eusebium
2370 4328 2471 4382 lib.
2500 4344 2581 4391 ιιι,
2608 4341 2741 4396 cap.
2772 4328 2859 4388 38,
2886 4322 3096 4377 saltem
3123 4321 3270 4377 satis
3286 4321 3547 4376 habebat
3573 4320 3668 4375 in-

253 4410 442 4467 thaaus
471 4410 976 4478 Hebraicalingua
998 4411 1231 4482 scripsit
1258 4427 1327 4466 ac
1359 4411 1897 4483 praedicavitEvan-
1938 4462 1982 4516 D
2015 4417 2266 4487 geniiad
2298 4415 2802 4485 interrogandum,
2835 4428 2956 4484 quo
2980 4426 3252 4466 sermone
3282 4409 3662 4482 Evangelium

252 4501 495 4570 gelium,
542 4519 568 4550 ››
599 4503 712 4555 etc.

324 4593 414 4645 32.
446 4593 521 4644 De
555 4589 778 4659 scripto
813 4605 915 4660 per
953 4589 1283 4645 Matthaaum
1319 4590 1655 4660 Evangelio,
1691 4596 1744 4647 et
1775 4594 1903 4664 qui-

251 4678 380 4732 dem
432 4685 756 4750 antequam
817 4676 912 4732 alii
974 4677 1354 4746 evangelista}
1387 4679 1733 4746 scriberent,
1766 4696 1904 4736 con-

253 4772 565 4821 senserunt
603 4766 1030 4838 posterioribus
1063 4766 1269 4822 saltem
1301 4769 1531 4822 saeculis
1557 4769 1637 4823 ita
1667 4785 1902 4840 omnes,

257 4860 321 4910 ut
385 4872 626 4910 necesse
679 4873 795 4911 non
852 4857 924 4910 sit
974 4855 1145 4926 plura
1191 4857 1264 4911 de
1307 4857 1376 4910 iis
1415 4857 1633 4912 dicere.
1666 4861 1899 4926 Verum,

253 4951 723 5017 quantacunque
780 4944 958 5000 etiam
1001 4946 1074 4998 sit
1111 4947 1430 5000 auctoritas
1474 4953 1530 5001 et
1582 4948 1904 5020 antiquitas

254 5031 494 5089 Patrum
528 5033 1043 5097 consentientium,
1091 5035 1376 5104 scriptum
1411 5033 1595 5089 fuisse
1629 5053 1902 5092 sermone

257 5123 565 5192 Hebraico,
603 5123 842 5178 fuerunt
880 5121 1226 5176 heterodoxi
1269 5123 1559 5187 nonnulli,
1592 5125 1693 5196 qui
1736 5125 1898 5181 illam

252 5211 404 5266 adeo
443 5227 828 5266 communem
870 5211 1112 5265 Patrum
1160 5210 1516 5266 sententiam
1550 5229 1902 5284 oppugnare

253 5315 373 5354 non
410 5299 777 5368 dubitarunt,
822 5306 878 5355 et
908 5300 1247 5354 existimare
1301 5299 1657 5364 maluerunt,
1702 5302 1901 5360 Graece

250 5389 450 5460 potius
473 5390 758 5460 scriptum
791 5389 970 5444 fuisse
998 5388 1384 5457 Evangelium
1415 5406 1444 5445 a
1493 5393 1781 5447 Matthaso.
1812 5393 1901 5449 In-

251 5482 334 5532 ter
368 5478 478 5532 hos
518 5487 602 5532 est
655 5478 889 5534 Samuel
932 5478 1286 5545 Basnagius,
1320 5479 1423 5549 qui
1456 5479 1516 5534 in
1561 5482 1900 5538 Annalibus

247 5567 922 5635 pola'tico-ecclesiasticis
942 5568 1018 5623 ad
1045 5584 1272 5622 annum
1291 5567 1520 5624 Domini
1537 5570 1628 5635 64,
1651 5587 1815 5626 num.
1839 5573 1900 5628 t3

2015 4523 2188 4562 suum
2217 4505 2547 4577 scripsisset
2601 4504 2928 4566 Mattheus,
2963 4505 3020 4555 et
3064 4501 3206 4556 satis
3234 4499 3409 4555 bonae
3437 4499 3576 4554 ﬁdei
3611 4503 3667 4554 et

2009 4597 2214 4667 judicii
2247 4595 2315 4650 ad
2347 4595 2490 4649 illud
2518 4591 2940 4659 enarrandum,
2971 4591 3118 4644 sicut
3157 4589 3231 4645 ab
3253 4587 3664 4660 apostolorum

2013 4684 2321 4755 discipulis
2353 4700 2472 4739 non
2504 4699 2659 4750 raro,
2683 4688 2736 4737 et
2767 4679 3017 4735 subinde
3050 4679 3226 4734 etiam
3259 4694 3396 4732 cum
3422 4675 3662 4731 ﬁliabus

2015 4773 2270 4844 Philippi
2301 4778 2709 4834 conversatus,
2739 4783 3102 4839 cognoscere
3144 4772 3366 4838 posset,
3396 4781 3512 4837 quo
3545 4780 3664 4819 ser-

2016 4879 2192 4917 mone
2219 4864 2278 4916 in
2312 4861 2628 4916 scribendo
2670 4875 2813 4913 usus
2841 4857 3069 4911 fuisset.
3097 4858 3157 4912 S.
3192 4856 3518 4924 Mattheus,
3550 4852 3665 4907 He—

2013 4951 2288 5006 braicone
2335 4966 2410 5004 an
2471 4948 2692 5012 Graeco,
2763 4962 2882 5018 quo
2935 4945 3142 5016 Papias
3192 4944 3312 5014 ipse
3367 4941 3659 5006 utebatur,

2013 5040 2202 5096 multo
2239 5038 2519 5094 tenuioris
2572 5034 2773 5108 judicii
2839 5033 3047 5088 merito
3109 5031 3422 5100 videbitur,
3475 5045 3662 5098 quam

2012 5129 2232 5200 ingenii
2256 5128 2428 5183 fuerit
2452 5126 2681 5198 Papias.
2717 5126 3092 5195 QuaprOpter
3118 5121 3438 5176 auctoritas
3468 5117 3661 5188 Papias

2013 5233 2399 5290 nequaquam
2456 5213 2894 5270 contemnenda
2931 5216 3014 5266 est
3067 5211 3124 5265 in
3179 5226 3240 5264 re
3292 5216 3415 5264 tam
3473 5206 3661 5263 facilis

2012 5305 2389 5376 cognitionis,
2423 5304 2525 5359 sed
2567 5303 2762 5374 potius
2815 5300 3056 5355 maximi
3112 5298 3384 5353 facienda
3433 5296 3512 5352 ob
3557 5295 3661 5351 viri

2013 5395 2443 5468 antiquitatem,
2499 5391 2828 5464 praesertim
2869 5405 3004 5445 cum
3056 5388 3246 5444 eidem
3281 5386 3478 5442 nullus
3523 5401 3661 5440 con-

2014 5485 2350 5540 tradixerit:
2406 5497 2602 5554 neque
2662 5481 2820 5535 enim
2881 5478 3120 5533 deerant
3195 5475 3292 5532 alii
3347 5477 3660 5546 scriptores

2011 5572 2418 5636 ecclesiastici,
2456 5571 2557 5644 qui
2606 5568 3006 5625 contradicere
3040 5571 3332 5639 poterant,
3374 5565 3424 5620 si
3447 5565 3659 5620 falsum
