4144 6184
500 265 602 319 771

1838 256 2100 314 MENSIS
2141 256 2592 315 SEPTEMBEB.

3815 256 3922 311 772

498 388 760 444 dixisset.
789 387 891 442 Vel
917 386 1002 441 sic
1028 391 1230 442 tamen
1270 385 1607 441 existimare
1663 401 1784 441 non
1829 384 2145 448 debemus,
2183 381 2229 436 A
2268 387 2397 453 ptos
2422 382 2601 440 fuisse
2644 386 2863 447 Patres,
2886 382 3062 455 idque
3092 381 3170 439 ab
3197 381 3308 438 illis
3336 386 3640 454 sumptum
3666 397 3775 452 pro
3815 397 3926 437 au-

497 494 563 533 ex
594 476 720 532 solo
752 478 950 549 Papie
978 476 1318 529 testimonio
1376 474 1734 545 proﬂuxisse
1765 475 1965 531 omnia
2016 488 2151 545 que

498 568 572 622 de
606 566 889 621 Hebraico
921 564 1170 620 Matthei
1194 564 1516 634 Evangelio
1536 564 1737 620 Patres
1756 563 2146 627 tradiderunt,

502 661 563 711 ut
585 655 737 709 infra
771 653 1108 709 ostendam.

572 748 659 800 34.
702 747 771 798 At
800 743 965 814 prius
1022 740 1337 797 elucidabo
1397 746 1839 813 argumentum,
1882 741 2047 813 quod
2078 756 2152 795 ex

501 835 742 889 invento
774 847 879 903 per
912 834 1253 886 Pantenum
1282 831 1602 900 Evangelio
1631 831 1903 886 habetur.
1934 828 2152 886 Floruit

503 923 821 977 Pantenus
894 919 1113 988 insigni
1191 919 1534 974 eruditionis
1602 919 1781 985 fama,
1839 925 1894 975 et
1939 919 2151 975 schole

503 1010 912 1066 Alexandrinae
944 1009 1177 1080 prefuit
1206 1008 1449 1063 ineunte
1509 1009 1728 1063 seculo
1760 1025 1840 1064 ur.
1886 1011 2049 1064 Hunc
2079 1008 2150 1064 ad

502 1100 678 1155 ludos
734 1097 1062 1170 profectum
1115 1098 1199 1153 ait
1266 1098 1566 1161 Eusebius,
1627 1098 1729 1152 lib.
1788 1115 1842 1162 v,
1876 1115 2004 1169 cap.
2068 1102 2145 1163 l0,

500 1186 703 1256 ibique
751 1184 1044 1238 invenisse
1076 1182 1339 1238 relictum
1374 1201 1406 1237 a
1435 1183 1495 1237 S.
1536 1184 1971 1239 Bartholomeo
2008 1199 2148 1254 apo-

502 1273 653 1328 stolo
712 1293 739 1324 (ι
774 1272 1020 1328 Matthei
1075 1271 1485 1341 Evangelium,
1542 1272 1841 1327 Hebraicis
1895 1272 2153 1327 conscri-

500 1368 670 1433 ptum
725 1361 949 1416 litteris.
988 1384 1013 1408 »ι
1045 1366 1113 1415 At
1168 1377 1286 1416 non
1345 1361 1531 1423 addit,
1593 1361 1751 1416 istud
1783 1378 1816 1417 a
1868 1362 2151 1416 redeunte

504 1453 781 1507 Panteno
823 1450 1234 1505 Alexandriam
1262 1456 1583 1521 portatum,
1618 1451 1718 1505 sed
1753 1449 1949 1505 solum
1978 1450 2148 1506 dicit:

504 1540 721 1605 «Quod
756 1539 998 1610 quidem
1043 1538 1122 1593 ad
1140 1539 1425 1610 predicta
1444 1556 1628 1612 usque
1672 1546 2153 1609 temporaserva-

502 1634 628 1685 tum
660 1644 787 1683 esse
817 1634 1199 1692 memoratur,
1226 1648 1252 1678 ιι
1308 1628 1364 1682 id
1413 1634 1519 1693 est,
1556 1645 1745 1700 usque
1773 1630 1847 1684 ad
1880 1632 2155 1699 tempora

2260 473 2520 529 thentico
2571 474 2844 530 Matthei.
2880 474 3054 529 Sexto
3086 473 3329 527 demum
3391 472 3473 527 ait
3515 471 3767 528 Matthei
3822 486 3927 525 au-

2260 563 2624 633 tographum
2656 562 3108 632 diligentissime
3140 561 3321 616 fuisse
3347 560 3809 616 custodiendum
3844 559 3923 613 ab

2260 651 2512 707 Ecclesia
2545 650 3100 723 Hierosolymitana,
3137 649 3183 705 si
3206 650 3267 705 in
3298 651 3549 719 gratiam
3575 649 3921 704 Judeorum

2261 742 2545 797 Hebraice
2585 740 2924 813 scripsisset
2942 739 3283 808 Mattheus;
3316 754 3434 794 non
3481 738 3664 794 fuisse
3715 744 3917 792 autem

2260 835 2696 894 conservatum,
2742 828 2853 884 nisi
2887 828 3272 897 Evangelium
3302 831 3742 893 Nazareorum,
3785 826 3921 882 hoc-

2260 935 2376 991 que
2405 920 2743 989 suspicatur
2763 917 2945 973 fuisse
2963 918 3211 973 nonnisi
3234 918 3547 989 antiquam
3580 916 3918 971 versionem

2262 1023 2335 1063 ex
2372 1014 2531 1063 textu
2561 1007 2765 1064 Greco
2803 1006 3058 1063 Matthei
3093 1006 3333 1062 factam.
3369 1008 3466 1061 He
3487 1011 3625 1060 sunt
3654 1004 3919 1059 rationes

2261 1103 2363 1153 aut
2383 1098 2839 1168 imaginationes
2864 1096 3161 1165 Basnagii,
3186 1096 3285 1167 qui
3312 1112 3433 1151 non
3455 1094 3691 1150 dubitat
3714 1095 3920 1149 Patres

2263 1186 2600 1259 frequenter
2627 1187 2841 1241 erroris
2874 1200 3142 1255 arguere,
3178 1190 3239 1239 ut
3272 1184 3519 1239 somniis
3548 1184 3669 1238 suis
3697 1183 3920 1256 proba-

2260 1275 2544 1331 bilitatem
2587 1274 2852 1346 aliquam
2889 1274 3177 1330 conciliet.
3218 1278 3420 1344 Itaque
3465 1272 3803 1337 videamus,
3840 1286 3918 1325 an

2262 1370 2492 1421 tantum
2546 1363 2720 1420 fuerit
2779 1362 3056 1431 Basnagii
3095 1378 3371 1427 acumen,
3431 1366 3494 1417 ut
3549 1361 3676 1431 ipse
3727 1360 3924 1415 multa

2260 1455 2594 1527 perspicere
2616 1451 2887 1525 potuerit,
2912 1468 3048 1524 que
3078 1449 3437 1507 doctissimis
3463 1450 3754 1515 Patribus,
3785 1448 3923 1503 loco

2263 1549 2319 1598 et
2347 1549 2612 1610 tempore
2632 1542 2808 1597 rebus
2825 1541 3144 1613 disputatis
3158 1540 3333 1609 longe
3356 1537 3921 1611 propinquioribus,

2264 1632 2323 1687 in
2357 1637 2616 1687 mentem
2639 1646 2759 1686 non
2784 1634 3112 1695 venerunt;
3143 1635 3198 1684 et
3219 1629 3296 1684 ad
3324 1632 3681 1697 argumenta
3702 1626 3923 1698 ipsius,

503 1718 783 1774 Panteni.
820 1718 875 1772 S.
913 1719 1302 1788 Hieronymus
1351 1718 1408 1772 in
1442 1718 1722 1788 Catalogo
1772 1718 2152 1786 scriptorum,
2189 1736 2234 1792 Β
2264 1737 2399 1794 que
2433 1719 2732 1776 brevitatis
2759 1735 2944 1775 causa
2970 1718 3573 1774 summatimtantum
3608 1715 3923 1788 proposui,

502 1824 627 1878 cap.
677 1806 763 1875 36,
809 1804 1148 1877 plusculum
1196 1807 1468 1871 asseruit,
1515 1807 1763 1878 quando
1808 1806 2042 1877 scripsit
2080 1806 2154 1863 de

502 1899 804 1959 Panteno,
834 1913 863 1944 ‹‹
898 1894 1067 1961 Quod
1120 1895 1419 1950 Hebraicis
1466 1895 1670 1950 litteris
1728 1896 2028 1967 scriptum.
2069 1911 2155 1950 re-

503 1990 736 2039 vertens
793 1983 1232 2053 Alexandriam,
1290 2000 1491 2038 secum
1532 1984 1759 2039 detulit.
1788 2005 1816 2036 »
1853 1988 1980 2040 Hec
2027 1984 2152 2039 Hie-

502 2073 740 2145 ronymi
773 2072 1079 2143 pigmenta
1115 2072 1369 2127 Eusebio
1400 2074 1702 2141 incognita
1731 2080 1901 2129 vocat
1946 2073 2152 2128 mode-

505 2161 801 2216 stissimus
822 2161 1163 2227 Basnagius.
1193 2162 1259 2214 At
1277 2176 1388 2230 ego
1412 2177 1527 2216 non
1559 2162 1727 2217 video
1754 2178 1858 2217 cur
1879 2162 2155 2234 pluscula

505 2250 579 2304 de
611 2250 696 2303 his
724 2264 1083 2317 cognoscere
1117 2265 1233 2304 non
1259 2251 1943 2323 potueritHieronymus,
1967 2267 2153 2323 quam

508 2337 731 2409 scripta
761 2342 927 2392 erant
953 2337 1026 2392 ab
1060 2337 1333 2393 Eusebio.
1369 2341 1533 2395 Certe
1567 2342 1896 2395 admodum
1955 2340 2157 2394 verisi-

507 2427 643 2481 mile
693 2432 801 2490 est,
835 2442 955 2481 non
986 2426 1256 2481 relictum
1284 2428 1343 2481 in
1374 2428 1542 2483 India
1585 2445 1619 2483 a
1651 2429 1931 2484 Panteno
1967 2431 2158 2483 Evan-

507 2514 727 2584 gelium
770 2514 1151 2579 Hebraicum,
1207 2516 1312 2570 sed
1365 2516 1785 2572 Alexandriam
1844 2517 2153 2583 delatum;

505 2604 685 2675 idque
718 2604 806 2659 vel
863 2620 931 2658 ex
976 2605 1431 2660 Commentariis
1485 2606 1742 2661 Panteni
1800 2606 2005 2677 ipsius,
2065 2604 2157 2661 vel

503 2693 743 2749 aliunde
760 2693 1035 2749 didicisse
1067 2694 1511 2766 Hieronymum.
1532 2695 1937 2768 Undecunque
1958 2700 2157 2751 autem

503 2782 561 2837 id
596 2788 836 2838 sanctus
889 2783 1093 2838 doctor
1146 2783 1515 2849 intellexerit,
1571 2790 1747 2840 tante
1788 2785 1895 2839 fuit
1922 2784 2159 2855 integri-

506 2872 659 2937 tatis,
706 2876 769 2926 ut
818 2871 1029 2926 dicenti
1086 2871 1266 2926 ﬁdem
1322 2872 1545 2928 habere
1593 2879 1882 2944 Oporteat,
1932 2878 1989 2927 et
2040 2888 2159 2928 non

507 2960 618 3015 nisi
643 2976 1061 3030 persummam
1078 2960 1510 3030 impudentiam
1526 2960 1721 3016 dicere
1739 2961 2062 3031 possimus,
2081 2962 2159 3016 ab

507 3048 862 3118 Hieronymo
904 3047 964 3100 id
997 3046 1175 3102 fuisse
1224 3048 1566 3103 conﬁctam.
1594 3050 1725 3103 Jam
1767 3065 1907 3104 vero
1937 3049 1983 3104 si
2016 3053 2160 3104 Pan-

507 3140 699 3191 tenus
744 3134 801 3189 in
848 3135 1014 3190 India
1076 3135 1409 3190 invenerit:
1448 3135 1827 3205 Evangelium
1887 3137 2156 3196 Matthei,

506 3223 810 3279 Hebraicis
834 3222 1039 3278 litteris
1059 3224 1369 3295 scriptum.
1389 3243 1413 3275 ο
1440 3224 1497 3279 in
1519 3224 1631 3280 hoc
1655 3224 1941 3280 Eusebius
1966 3226 2155 3281 Hiero-

504 3328 848 3384 nymusque
906 3314 1315 3378 consentiunt;
1350 3313 1542 3369 fuerat
1594 3314 1774 3383 igitur
1802 3314 2085 3370 Hebraice
2125 3331 2161 3371 a

504 3400 777 3457 Mattheo
814 3401 1123 3473 scriptum,
1167 3405 1228 3457 ut
1267 3402 1576 3459 communi
1615 3418 1918 3459 consensu
1959 3404 2161 3460 Patres

505 3488 832 3545 afﬁrmant.

579 3582 672 3635 35.
709 3578 955 3633 «Multis
993 3593 1130 3634 vero
1161 3578 1233 3634 de
1280 3579 1497 3645 causis,
1547 3581 1779 3651 reponit
1804 3580 2156 3653 Basnagius,

503 3672 769 3723 veterum
800 3683 871 3723 ea
902 3668 1139 3723 traditio
1166 3667 1349 3723 ﬁdem
1385 3684 1421 3723 a
1447 3670 1617 3724 nobis
1657 3684 1779 3725 non
1808 3669 2106 3741 impetrat.
2133 3691 2157 3723 ι

504 3757 725 3812 Causas
780 3756 958 3825 igitur
1007 3758 1442 3813 examinemus.
1512 3780 1532 3807 ι
1571 3759 1830 3814 Primum
1864 3758 2160 3825 omnium,

503 3845 711 3917 inquit,
742 3846 979 3901 Patrum
1011 3846 1211 3902 nullus
1261 3852 1365 3912 est,
1413 3848 1515 3918 qui
1567 3853 1722 3904 certe
1776 3854 2054 3922 certoque
2085 3855 2167 3906 te-

518 3940 719 3999 stetur,
754 3950 817 3989 se
846 3935 1125 3991 manibus
1182 3936 1438 3991 oculisve
1492 3936 1718 3993 trivisse
1776 3939 2028 3995 Matthei
2060 3940 2167 3995 He-

504 4023 777 4079 braicum
801 4023 944 4078 illud
978 4023 1389 4094 Evangelium,
1423 4025 1583 4096 quod
1611 4032 1808 4081 tamen
1838 4027 2167 4085 aChristia-

504 4113 596 4166 nis
658 4112 910 4166 Hebreis
963 4112 1328 4184 descriptum
1384 4112 1460 4167 ad
1543 4114 1886 4183 legendum,
1944 4116 2167 4189 ubique

503 4215 793 4270 locorum,
826 4202 927 4272 qui
988 4200 1273 4255 Hebraice
1327 4200 1619 4267 sciebant,
1653 4203 1989 4275 dispersum
2020 4204 2162 4259 fuis-

505 4294 609 4343 set.
637 4309 664 4339 »
720 4292 837 4344 Hoc
868 4290 1127 4360 primum
1161 4290 1435 4359 Basnagii
1469 4298 1912 4359 argumenlum.
1948 4294 2167 4362 Objicit

507 4379 793 4443 secundo,
836 4384 1044 4434 sancto
1086 4380 1449 4451 Hieronymo
1479 4378 1537 4434 in
1566 4381 1948 4437 emendando
1982 4384 2163 4439 Evan-

504 4466 792 4539 geliorum
819 4473 981 4522 textu
1013 4467 1218 4523 Latino
1267 4484 1388 4523 non
1433 4468 1771 4540 preluxisse
1805 4470 2162 4528 Hebraicum

500 4557 754 4613 Matthei
785 4557 1111 4627 exemplar,
1150 4557 1253 4612 sed
1281 4560 1568 4613 Graecum.
1602 4562 1793 4615 Tertio
1817 4560 1931 4615 late
1951 4560 2161 4631 probat

501 4645 769 4714 linguam
806 4647 1071 4701 Grecam
1103 4646 1279 4700 fuisse
1334 4648 1526 4718 magis
1567 4648 1870 4716 vulgarem
1900 4654 1958 4704 et
1984 4649 2160 4719 longe

503 4732 775 4805 pluribus
807 4734 1086 4804 gentibus
1119 4736 1420 4802 usitatam,
1453 4752 1637 4807 quam
1671 4737 2040 4803 Hebraicam,
2075 4740 2157 4794 in-

502 4822 699 4895 deque
738 4822 951 4878 inferre
1004 4824 1207 4877 nititur
1254 4824 1592 4880 Mattheum
1642 4825 1924 4881 debuisse
1964 4828 2158 4897 potius

504 4914 701 4969 Grece
745 4928 928 4984 quam
1009 4912 1293 4968 Hebraice
1351 4914 1629 4977 scribere,
1698 4932 1836 4971 cum
1902 4917 2156 4987 apostoli

504 5009 705 5058 essent
730 5003 883 5073 jussi
906 5004 1119 5057 docere
1146 5018 1359 5058 omnes
1393 5010 1617 5072 gentes.
1650 5006 2161 5070 Quartoobservat

503 5108 677 5147 usum
707 5092 889 5146 videri
915 5092 1249 5147 Mattheum
1284 5090 1487 5165 lingua
1511 5100 1647 5149 tunc
1675 5095 1891 5150 Judeis
1918 5097 2157 5162 usitata,

500 5197 616 5235 non
650 5180 826 5235 veteri
891 5196 1160 5252 puraque
1211 5180 1434 5250 lingua,
1486 5183 1533 5236 si
1566 5184 1858 5239 Hebraice
1905 5184 2156 5256 scripsit.

503 5269 848 5341 Suspicatur
880 5276 1077 5325 tamen
1111 5273 1305 5325 Patres
1331 5272 1629 5340 cogitasse
1651 5272 1724 5327 de
1754 5273 1959 5341 lingua
2008 5290 2159 5344 pura

497 5356 813 5412 Hebraice:
851 5377 879 5409 «
915 5360 989 5412 Ex
1014 5374 1135 5430 quo
1167 5358 1527 5428 intelligitur,
1554 5361 1765 5432 inquit,
1800 5362 1857 5415 in
1889 5367 2154 5417 veterum

500 5459 570 5497 ea
600 5445 673 5497 de
705 5461 763 5499 re
792 5446 1127 5501 testimonio
1160 5464 1275 5502 non
1311 5448 1562 5504 multum
1618 5465 1744 5504 esse
1806 5451 2086 5521 praesidii.
2122 5472 2150 5504 »

502 5533 717 5597 Quinto
744 5536 1078 5606 suspicatur
1136 5536 1456 5606 Evangelia
1510 5540 1925 5595 Nazareorum
1975 5540 2151 5597 dece-

2264 1809 2639 1865 discutienda
2670 1808 3119 1877 aggrediamur.

2334 1899 2431 1954 36.
2472 1898 2828 1969 Respondeo
2879 1898 3058 1966 igitur
3111 1896 3374 1967 primum
3418 1893 3690 1963 Basnagii
3745 1909 3923 1964 argu-

2266 1995 2531 2043 mentum
2551 1985 3052 2042 absolutefalsum
3078 2001 3238 2056 esse;
3263 2001 3405 2039 nam
3426 1986 3482 2041 S.
3500 1984 3922 2055 Hieronymus,

2265 2093 2430 2131 num.
2485 2076 2547 2130 3t
2602 2075 2896 2139 laudatus,
2944 2080 2997 2130 et
3049 2090 3188 2129 mox
3254 2072 3493 2128 uberius
3552 2071 3921 2138 laudandus,

2264 2169 2511 2221 testatur
2552 2164 2897 2220 Hebraicum
2930 2163 2989 2218 S.
3020 2162 3276 2218 Matthei
3312 2161 3697 2230 Evangelium
3727 2176 3789 2215 se
3839 2160 3924 2215 vi-

2264 2255 2418 2309 disse
2446 2253 2896 2324 interpretatnm
2935 2268 3084 2314 esse,
3139 2251 3419 2323 idemque
3473 2249 3755 2311 afﬁrmat,
3791 2249 3923 2302 usui

2264 2343 2403 2399 illud
2438 2342 2619 2397 fuisse
2649 2341 2907 2413 Origeni,
2942 2346 2997 2397 et
3032 2340 3227 2395 visum
3267 2356 3302 2394 a
3347 2343 3644 2394 Panteno.
3683 2339 3921 2408 Accipe,

2268 2432 2531 2487 studiose
2574 2431 2776 2496 lector,
2821 2429 3004 2485 alium
3037 2445 3109 2485 ex
3178 2431 3233 2485 S.
3291 2428 3650 2498 Hieronymo
3719 2426 3922 2481 locum

2266 2538 2336 2577 ex
2379 2520 2638 2591 Epistola
2669 2519 2747 2574 ad
2806 2519 3126 2574 Damasum
3162 2517 3236 2573 de
3280 2516 3520 2572 duobus
3574 2514 3710 2570 ﬁliis
3758 2514 3922 2585 (que

2268 2609 2409 2665 olim
2436 2614 2557 2663 erat
2588 2611 2704 2673 149,
2738 2606 2799 2662 in
2828 2606 3087 2662 editione
3119 2604 3442 2661 Veronensi
3467 2609 3553 2660 est
3592 2608 3683 2669 2t)
3712 2623 3726 2674 ;
3764 2622 3791 2653 α
3814 2603 3923 2658 De-

2267 2698 2449 2769 nique
2501 2696 2825 2761 Mattheus,
2864 2695 3077 2767 inquit,
3118 2696 3221 2766 qui
3240 2692 3629 2763 Evangelium
3666 2692 3917 2746 Hebreo

2269 2802 2546 2842 sermone
2576 2785 2950 2856 conscripsit,
2971 2783 3051 2839 ita
3082 2782 3312 2855 posuit:
3350 2785 3630 2838 Hosanna
3646 2780 3921 2845 barama,

2268 2876 2328 2931 id
2359 2882 2466 2939 est,
2500 2878 2781 2930 Hosanna
2808 2873 2865 2928 in
2898 2872 3164 2929 excelsis.
3198 2895 3225 2921 »
3253 2872 3569 2938 Quomodo
3596 2869 3779 2925 verba
3813 2868 3925 2923 He-

2268 2965 2473 3021 braica
2503 2963 2752 3020 Matthei
2786 2962 3012 3027 recitat,
3057 2963 3106 3017 si
3141 2961 3525 3031 Evangelium
3576 2959 3764 3031 ipsius
3816 2958 3926 3012 He-

2268 3053 2539 3110 braicum
2589 3068 2708 3108 non
2752 3050 3012 3108 viderit?
3072 3050 3159 3106 Ad
3204 3050 3534 3105 secundum
3588 3046 3927 3118 respondeo

2268 3148 2540 3197 sanctum
2566 3140 2990 3212 Hieronymum
3032 3155 3150 3195 non
3182 3139 3507 3195 correxisse
3542 3141 3762 3193 textum
3818 3134 3930 3191 La-

2268 3231 2460 3286 tinum
2482 3246 2552 3285 ex
2582 3230 2890 3292 Hebraico,
2922 3228 3022 3284 sed
3045 3245 3115 3284 ex
3150 3228 3373 3296 Greco,
3394 3226 3534 3299 quia
3566 3226 3766 3281 minus
3798 3228 3929 3279 erat

2269 3325 2456 3375 certus
2478 3319 2551 3374 de
2581 3317 2911 3387 integritate
2964 3324 3021 3374 et
3074 3318 3327 3389 puritate
3390 3322 3582 3372 textus
3624 3312 3923 3382 Hebraici,

2268 3424 2448 3481 quam
2512 3406 2720 3463 Graeci.
2780 3407 2863 3461 Ad
2914 3407 3153 3462 tertium
3201 3405 3336 3461 dico
3383 3404 3667 3460 usitatam
3721 3416 3931 3457 revera

2270 3498 2467 3567 magis
2496 3496 2679 3553 fuisse
2721 3496 2976 3552 Matthei
3002 3501 3270 3569 tempore
3329 3494 3599 3566 linguam
3630 3493 3927 3554 Grecam,

2269 3602 2453 3659 quam
2511 3585 2885 3651 Hebraicam,
2938 3584 2998 3640 in
3047 3584 3312 3640 mundo:
3356 3583 3461 3638 sed
3491 3583 3761 3653 linguam
3820 3582 3933 3636 He-

2269 3676 2535 3732 braicam
2573 3674 2755 3731 fuisse
2771 3674 3140 3732 Judeorum.
3174 3675 3565 3744 Quapropter,
3599 3687 3735 3726 cum
3769 3669 3933 3724 Chri-

2272 3771 2401 3822 stus
2446 3764 2730 3820 Dominus
2784 3764 3044 3819 voluerit
3083 3769 3147 3818 ut
3186 3761 3448 3834 apostoli
3494 3760 3755 3833 primum
3784 3773 3929 3829 prec

2273 3854 2541 3909 dicarent
2568 3852 2750 3909 ﬁdem
2779 3852 3021 3918 Judeis,
3041 3851 3257 3907 deinde
3287 3850 3585 3921 gentibus,
3614 3847 3701 3903 uti
3722 3862 3933 3902 revera

2278 3942 2582 4001 fecerunt:
2615 3942 2697 3998 sic
2732 3948 2854 3998 erat
2887 3957 3219 4011 congruum
3262 3946 3325 3995 ut
3364 3940 3627 4011 primum
3662 3939 3929 4007 Evange-

2276 4032 2419 4088 lium
2448 4034 2506 4087 in
2534 4031 2785 4102 gratiam
2825 4031 3166 4086 Judeorum
3216 4029 3591 4091 scriberetur,
3626 4031 3682 4081 et
3712 4041 3927 4081 conse-

2275 4128 2523 4195 quenter
2564 4137 2634 4176 eo
2684 4136 2959 4176 sermone
3016 4135 3195 4191 quem
3236 4133 3447 4173 omnes
3486 4114 3930 4183 intelligebant,

2277 4216 2430 4266 certe
2458 4211 2514 4265 in
2542 4210 2764 4265 Judea.
2799 4209 2967 4275 Quod
2996 4214 3212 4281 quarto
3271 4208 3658 4271 irreverenter
3688 4204 3837 4259 dicit
3866 4203 3930 4257 in

2278 4303 2495 4364 Patres,
2539 4304 2696 4354 certo
2746 4298 2961 4353 falsum
3016 4304 3107 4352 est
3137 4296 3210 4351 de
3252 4296 3633 4366 Hieronymo,
3670 4291 3932 4363 Epipha-

2277 4390 2396 4455 nio,
2431 4386 2703 4457 Origene,
2746 4387 3046 4451 Panteno,
3098 4384 3299 4456 Papia,
3335 4383 3606 4447 Eusebio,
3638 4382 3745 4453 qui
3801 4396 3930 4436 non

2274 4478 2653 4548 ignorabant,
2686 4482 2788 4531 aut
2815 4475 3087 4543 ignorare
3120 4479 3411 4545 poterant,
3444 4470 3785 4544 qualingua
3804 4475 3934 4525 ute—

2273 4571 2474 4621 rentur
2517 4564 2983 4636 Judei,quando
3006 4561 3394 4633 Evangelium
3425 4560 3657 4631 scripsit
3678 4567 3927 4613 sanctus

2272 4654 2599 4710 Mattheus.
2643 4657 2763 4708 lmo
2794 4652 3016 4716 nullus,
3058 4653 3293 4723 opinor,
3351 4649 3586 4704 Patrum
3618 4647 3930 4703 existima-

2274 4743 2373 4807 vit,
2405 4742 2523 4798 alia
2569 4741 2775 4811 lingua
2828 4739 3106 4796 Hebraice
3156 4756 3331 4794 usum
3391 4753 3523 4793 esse
3555 4736 3923 4801 Mattheum,

2270 4847 2450 4903 quam
2510 4831 2724 4887 usitata
2775 4846 2882 4885 suo
2941 4836 3228 4900 tempore.
3291 4827 3461 4893 Quod
3514 4842 3652 4881 vero
3707 4824 3925 4881 deinde

2270 4920 2477 4992 quinto
2528 4924 2585 4975 et
2642 4924 2805 4974 sexto
2866 4918 3075 4991 objicit
3144 4920 3467 4985 ltasnagius
3498 4915 3572 4971 de
3607 4915 3924 4984 Evangelia

2272 5012 2707 5075 Nazareorum,
2768 5007 2949 5079 paulo
2999 5006 3281 5078 prolixius
3339 5004 3766 5077 explicandum
3807 5008 3920 5068 est,

2271 5098 2415 5169 quia
2482 5097 2559 5152 ad
2615 5097 2989 5168 propositum
3074 5102 3345 5151 nostrum
3417 5098 3665 5165 spectat,
3728 5098 3785 5149 et
3854 5109 3923 5148 ea

2269 5186 2635 5257 expositione
2660 5184 2735 5241 ad
2767 5184 2915 5241 alias
2948 5200 3190 5257 quoque
3230 5181 3641 5238 dubitationes
3675 5196 3927 5252 respon-

2268 5274 2446 5330 debo.

2335 5365 2428 5421 37.
2492 5367 2567 5418 De
2629 5362 2945 5431 Evangelio
3013 5364 3450 5427 Nazareorum,
3540 5358 3706 5430 quod
3771 5357 3924 5414 alias

2269 5458 2437 5507 vocat
2462 5452 2633 5522 juxta
2673 5450 2969 5517 Hebreos,
3026 5465 3146 5503 non
3196 5464 3331 5503 raro
3368 5448 3625 5519 loquitur
3678 5453 3923 5502 sanctus

2269 5542 2689 5613 Hieronymus,
2725 5544 2781 5596 et
2812 5538 2981 5595 varia
3008 5554 3080 5595 ex
3110 5537 3206 5594 illo
3236 5536 3478 5594 adducit
3533 5534 3677 5593 locis
3718 5535 3921 5601 variis,
