4144 6184
220 267 328 325 7'13

1593 277 1761 335 VlTA
1805 274 1865 331 S.
1905 269 2276 330 ΜΑΤΤΗΕΙ.

3540 278 3647 333 774

202 408 343 465 qum
374 409 497 449 non
543 394 820 464 leguntur
854 397 916 452 in
960 401 1279 471 Evangelia
1308 402 1549 474 vulgato
1594 400 1867 459 Matthaai.
1904 401 1952 455 A
1982 398 2069 454 Ad
2109 399 2238 455 hmo
2275 397 2457 455 verba
2482 399 2836 468 notandum,
2870 400 2928 455 8.
2962 398 3367 469 Epiphanium
3395 415 3515 457 non
3543 418 3647 458 va-

202 484 484 539 Attamen
543 483 775 540 nullum
827 486 1059 544 videtur
1111 506 1241 546 esse
1301 493 1569 559 dubium,
1625 493 1766 563 quin
1813 493 1867 547 S.

206 572 603 645 Hieronymus
644 575 1089 643 existimaverit,
1136 580 1553 638 Nazaraaarum
1605 582 1729 635 sive
1773 582 1873 634 He-

206 660 511 716 braeorum
568 662 957 732 Evangelium
1015 683 1050 721 ει
1100 675 1308 724 sancta
1366 672 1637 726 Mattheeo
1691 669 1870 724 fuisse

206 749 520 820 scriptum,
577 751 682 806 sed
736 752 811 807 ab
867 754 979 809 illis
1032 762 1331 830 utcunque
1379 764 1748 831 corruptum.
1806 757 1870 813 In

208 838 495 909 Cataloga
567 842 944 911 scriptorum,
1014 861 1141 916 cap.
1204 863 1263 913 ιι,
1324 847 1471 904 illud
1526 848 1731 904 laudat
1782 847 1873 902 his

207 928 451 984 verbis:
491 950 515 979 (ι
552 930 941 999 Evangelium
1000 950 1263 1007 quoque,
1316 937 1480 1009 quod
1539 936 1875 1009 appellatur

208 1017 546 1073 secundum
598 1019 895 1089 Hebraeos,
952 1029 1006 1077 et
1047 1039 1083 1078 a
1133 1040 1227 1079 me
1276 1041 1466 1096 nuper
1501 1025 1561 1081 in
1603 1028 1871 1082 Graecum

212 1106 603 1177 Latinumque
660 1123 1001 1165 sermonem
1057 1113 1412 1170 translatum
1470 1120 1578 1183 est,
1637 1130 1760 1186 qua
1818 1119 1874 1169 et

210 1210 366 1264 saepe
421 1197 618 1260 utitur,
649 1202 757 1251 etc.
794 1216 822 1249 ››
874 1200 997 1254 Νοιι
1058 1206 1289 1273 poterat
1321 1218 1440 1259 non
1478 1205 1699 1275 optime
1731 1201 1874 1256 illud

208 1298 389 1338 nasse
442 1284 859 1357 Hieronymus,
914 1288 961 1342 si
1019 1290 1076 1343 in
1150 1290 1417 1347 Graecum
1481 1293 1875 1363 Latinumque

209 1386 571 1436 sermonem,
630 1379 690 1428 ut
738 1374 1015 1442 afﬁrmat,
1067 1377 1206 1433 illud
1255 1385 1644 1435 converterat.
1696 1382 1870 1451 Atqui

214 1476 356 1515 mox
386 1476 520 1531 cap.
552 1461 605 1525 3,
636 1461 692 1516 in
725 1464 993 1520 Matthteo
1021 1482 1139 1522 non
1166 1468 1426 1540 loquitur
1445 1469 1519 1524 de
1544 1468 1660 1524 alia
1689 1468 1874 1523 Evan-

212 1548 387 1621 gelia,
441 1551 688 1621 quando
738 1552 922 1609 dicit:
957 1574 985 1607 (ι
1039 1556 1220 1613 Porro
1268 1558 1465 1628 ipsum
1515 1558 1866 1613 Hebraicum

214 1638 524 1710 (Mattluei)
573 1639 830 1697 habet.1r
873 1659 1062 1716 usque
1094 1645 1267 1701 hodie
1311 1648 1369 1702 in
1414 1648 1758 1702 Cinsariensi
1789 1646 1877 1701 bi-

1984 504 2118 544 care
2151 487 2535 557 Evangelium
2594 487 2751 543 istud
2792 486 3337 554 absolutissimum,
3371 490 3493 546 sive
3527 492 3645 563 ple-

1984 577 2299 632 nissimum
2343 578 2429 648 (ut
2480 582 2697 631 sanant
2757 576 2937 631 verba
2996 576 3185 646 ipsius
3232 577 3449 647 Graeca)
3500 580 3647 650 quia

1982 666 2384 731 existimabat,
2445 664 2589 721 nihil
2648 664 2821 736 plane
2894 664 3293 735 corruptionis
3354 667 3412 720 in
3498 668 3639 722 illud

1981 755 2309 825 irrepsisse,
2353 755 2455 809 sed
2514 754 2656 821 quia
2694 753 2992 815 credebat,
3042 754 3403 825 exemplaria
3468 758 3647 811 Naza-

1982 859 2240 899 raearum
2270 843 2467 898 minus
2492 858 2619 898 esse
2651 847 2945 913 corrupta,
2988 858 3169 913 quam
3225 842 3480 899 aliorum
3529 844 3650 900 hae-

1984 932 2320 988 reticorum.
2365 935 2487 988 Max
2517 932 2677 987 enim
2727 931 3037 1002 subjungit
3066 931 3192 987 haec
3222 932 3403 989 verba
3437 950 3449 988 :
3482 955 3509 982 «
3541 935 3649 989 Ve-

1982 1038 2116 1076 rum
2148 1020 2291 1076 illud
2330 1021 2554 1089 nescio,
2607 1036 2748 1076 num
2782 1020 3158 1091 genealogias
3194 1020 3323 1075 illas
3373 1028 3649 1095 amputa-

1983 1112 2116 1177 rint,
2144 1126 2279 1182 quas
2310 1110 2382 1165 ab
2415 1109 2750 1166 Abrahamo
2773 1110 2850 1165 ad
2873 1108 3173 1166 Christum
3209 1128 3397 1183 usque
3430 1112 3649 1183 perdu-

1985 1208 2090 1255 ctae
2122 1205 2277 1254 sunt.
2312 1219 2341 1251 ι)
2380 1199 2534 1255 Talis
2576 1204 2776 1255 autem
2816 1198 3110 1254 dubitatio
3141 1201 3299 1255 clare
3352 1199 3646 1267 insinuat,

1984 1289 2294 1344 Nazaraeas
2354 1304 2595 1361 quoque
2676 1295 2984 1359 suspectos
3063 1290 3392 1359 Epiphanio
3466 1292 3648 1348 fuisse

1987 1380 2382 1450 corruptionis
2432 1379 2491 1433 in
2550 1376 2935 1447 Evangelium
3021 1378 3270 1433 Matthaai
3338 1379 3646 1452 inductae;

1987 1467 2185 1523 minus
2220 1473 2438 1532 tamen,
2470 1483 2655 1537 quam
2685 1467 3009 1531 Ebionitas,
3054 1466 3278 1521 aliosve
3310 1469 3638 1535 haereticos,

1985 1557 2085 1628 qui
2107 1557 2264 1611 idem
2290 1556 2481 1625 magis
2506 1561 2915 1625 corruperant.
2944 1557 3246 1612 Laudatus
3282 1557 3649 1628 Epiphanius

1985 1661 2117 1717 cap.
2152 1651 2183 1701 7
2229 1645 2473 1712 dixerat,
2522 1645 2935 1700 Nazarasorum
2972 1652 3199 1701 sectam
3256 1645 3315 1700 in
3356 1646 3649 1702 Beroeensi

218 1727 582 1784 bliotheca...
614 1730 751 1785 Mihi
782 1747 1019 1804 quoque
1050 1751 1085 1790 a
1116 1738 1421 1806 Nazarseis,
1458 1738 1560 1809 qui
1588 1738 1645 1791 in
1676 1739 1875 1792 Bercea
1912 1755 1955 1809 Β
1986 1733 2219 1790 civitate
2279 1734 2653 1805 potissimum
2712 1735 2929 1802 vigere.
2992 1734 3155 1789 Unde
3209 1734 3443 1806 colliga,
3502 1735 3649 1791 illud

216 1816 363 1873 urbe
396 1817 579 1888 Syriae
606 1819 720 1874 hoc
752 1820 1049 1878 volumine
1082 1829 1348 1891 utuntur,
1378 1825 1753 1880 describendi
1784 1826 1866 1881 fa-

216 1905 402 1960 cultas
436 1906 558 1962 fuit.
591 1929 617 1956 ι)
653 1909 751 1964 Hic
785 1919 974 1977 vacat,
1009 1912 1369 1971 Hebraicum
1396 1915 1685 1979 Matthxi,
1708 1914 1872 1987 quod

220 2010 404 2065 supra
453 1997 772 2052 secundum
818 2000 1109 2065 Hehrwos,
1150 2018 1391 2074 quoque
1446 2004 1521 2058 uti
1569 2006 1875 2058 Nazarteos

217 2082 497 2139 afﬁrmat.
551 2086 756 2157 Liquet
801 2087 915 2143 hoc
947 2104 1018 2144 ex
1049 2090 1138 2152 iis,
1176 2106 1310 2163 quas
1342 2091 1522 2147 habet
1549 2092 1679 2146 aliis
1705 2091 1871 2146 locis.

214 2174 385 2237 Nam,
418 2171 521 2228 lib.
548 2189 605 2228 ιιι
632 2176 933 2233 Adversus
953 2178 1318 2250 Pelagianos,
1344 2181 1500 2235 circa
1530 2181 1763 2235 initium
1792 2180 1874 2234 sic

216 2258 524 2331 loquitur:
570 2281 597 2314 ‹‹
646 2262 707 2316 lu
768 2266 1089 2333 Evangelia
1132 2267 1304 2339 juxta
1357 2268 1656 2337 Hebraeos,
1709 2266 1873 2340 quod

220 2347 540 2405 Chaldaica
569 2351 809 2423 quidem
842 2355 1102 2426 Syroque
1124 2372 1418 2421 sermone,
1453 2356 1556 2412 sed
1581 2356 1876 2412 Hebraicis

218 2436 425 2493 litteris
452 2440 736 2511 scriptum
776 2450 883 2508 est,
916 2459 1038 2515 quo
1066 2449 1314 2500 utuntur
1343 2462 1530 2517 usque
1561 2445 1738 2500 hodie
1768 2448 1878 2501 Na-

221 2530 459 2592 zaraeni,
490 2530 824 2586 secundum
851 2533 1182 2604 apostolos,
1216 2534 1356 2599 sive,
1388 2540 1449 2589 ut
1479 2535 1745 2607 plerique
1776 2550 1877 2589 au-

224 2622 479 2680 tumant,
505 2617 673 2688 juxta
711 2621 1046 2676 Matthasum
1081 2638 1096 2689 ;
1146 2624 1310 2694 quod
1341 2629 1397 2678 et
1436 2624 1493 2678 in
1537 2622 1877 2678 Caesariensi

222 2704 478 2760 habetur
499 2706 879 2773 bibliotheca,
902 2730 929 2760 »
956 2716 1064 2765 etc.
1096 2716 1404 2767 Assertum
1426 2711 1501 2766 de
1533 2710 1879 2767 Caesariensi

223 2792 583 2849 bibliotheca
613 2795 771 2852 clare
802 2800 1084 2863 insinuat,
1126 2800 1270 2855 illud
1306 2801 1505 2872 ipsum
1546 2816 1694 2866 esse,
1721 2799 1880 2873 quod

224 2898 407 2954 supra
440 2891 612 2939 vocat
640 2885 1001 2943 Hebraicum
1035 2888 1324 2945 Matthzi.

294 2975 383 3027 38.
422 2974 674 3028 Rursum
704 2974 762 3029 in
795 2977 1047 3032 Matthaai
1098 2994 1230 3051 cap.
1279 2993 1378 3047 xu,
1410 2977 1567 3033 idem
1621 2980 1884 3047 Evange-

221 3060 369 3117 lium
406 3062 489 3159 sic
515 3061 717 3159 laudat
754 3079 835 3159 :-«
872 3069 932 3159 In
978 3068 1318 3159 Evangelia,
1351 3082 1472 3139 qua
1500 3070 1747 3122 utuntur
1775 3070 1880 3123 Na-
1918 3103 1959 3159 ρ

218 3150 435 3205 zarteni
483 3157 539 3206 et
587 3151 869 3208 Ebionitaa
914 3154 1102 3226 (quod
1153 3171 1339 3227 nuper
1390 3158 1447 3211 in
1503 3158 1765 3213 Grazcum
1810 3156 1883 3210 de

223 3239 472 3295 Hebraeo
502 3257 778 3297 sermone
822 3243 1253 3309 transtulimus,
1288 3249 1345 3299 et
1373 3245 1538 3317 quod
1578 3252 1821 3301 vocatur
1850 3260 1887 3300 a

226 3328 523 3401 plerisque
578 3330 832 3387 Matthaai
881 3333 1311 3399 authenticum,
1346 3356 1373 3385 »
1406 3336 1541 3407 etc).
1598 3335 1743 3390 Cum
1791 3335 1887 3389 hic

224 3417 301 3473 de
352 3418 737 3475 translatione
788 3437 897 3476 sua
940 3428 1197 3488 testetur,
1258 3422 1486 3478 clarum
1524 3430 1631 3490 est,
1689 3426 1887 3495 ipsum

229 3507 440 3562 iterum
493 3507 567 3563 de
611 3509 826 3565 eodem
876 3509 1042 3582 loqui
1094 3512 1427 3581 Evangelia,
1490 3512 1633 3568 illud
1688 3512 1887 3584 ipsum

229 3612 290 3651 se
318 3597 696 3651 transtulisse
728 3598 872 3653 dicit
899 3600 957 3653 in
991 3615 1122 3671 cap.
1157 3617 1230 3655 vn
1263 3601 1541 3665 Michaeaa,
1580 3601 1680 3656 ubi
1719 3606 1890 3657 vocat

230 3684 616 3755 Evangelium
639 3688 965 3744 secundum
984 3688 1515 3745 Hebraeaseditum.
1545 3692 1795 3745 Demum
1828 3690 1887 3745 in

230 3788 362 3845 cap.
380 3789 457 3828 vn
472 3773 639 3829 Isaiae
654 3775 865 3830 eodem
884 3775 1011 3831 loco
1040 3776 1195 3832 clare
1209 3777 1471 3833 insinuat
1493 3778 1891 3849 Hieronymus

232 3865 493 3917 mentem
535 3880 730 3927 suam,
775 3864 921 3919 dum
965 3865 1045 3921 ita
1077 3865 1272 3921 scribit
1306 3881 1318 3919 :
1370 3886 1392 3917 ι
1425 3867 1595 3922 Juxta
1628 3866 1894 3938 Evange-

231 3950 398 4017 lium,
430 3952 594 4023 quod
638 3953 877 4009 Hebraeo
910 3970 1184 4011 sermone
1234 3956 1637 4028 conscriptum
1687 3956 1894 4026 legunt

235 4042 489 4095 Nazaraai
516 4057 529 4095 :
562 4062 589 4090 »
618 4043 911 4099 Descende
938 4060 1114 4114 super
1151 4060 1282 4100 eum
1322 4045 1668 4117 (Christum)
1703 4045 1893 4101 omnis

226 4130 367 4197 fons
396 4130 661 4197 Spiritus
682 4132 897 4189 sancti.
933 4136 994 4187 Et
1022 4150 1159 4188 mox
1193 4150 1206 4188 :
1245 4154 1268 4183 α
1302 4138 1362 4189 In
1394 4133 1605 4189 eadem
1641 4134 1890 4190 Matthei

233 4216 537 4273 volumine
580 4218 835 4287 legimus
892 4219 1059 4290 illud,
1099 4222 1355 4293 quodin
1386 4223 1891 4294 consequentibus

233 4304 550 4360 scribitur:
600 4307 749 4363 Ecce
796 4308 947 4364 Puer
984 4325 1164 4374 meus,
1194 4326 1364 4381 quem
1419 4310 1580 4382 elegi,
1628 4317 1736 4366 etc.
1791 4312 1891 4368 Hic

234 4391 384 4447 idem
440 4396 1034 4467 Evangelium,quad
1091 4397 1293 4467 legunt
1324 4400 1601 4465 Nazareni,
1651 4401 1891 4471 apertis-

235 4482 382 4536 sime
424 4489 596 4537 vocat
642 4484 890 4539 Matthaei
941 4487 1244 4542 volumen.
1305 4492 1503 4560 Itaque
1543 4496 1769 4545 constat
1815 4490 1889 4545 de

238 4578 433 4626 mente
466 4574 521 4627 8.
558 4573 1039 4645 Hieranymi,qui
1073 4576 1618 4648 Evangelium,qua
1648 4578 1891 4634 uteban-

234 4664 330 4716 tur
389 4662 661 4725 Nazaraei,
740 4668 796 4717 et
850 4662 1017 4734 quod
1090 4663 1236 4719 alias
1316 4672 1486 4721 vacat
1558 4668 1889 4722 secundum

238 4750 535 4816 Hebraeos,
592 4766 699 4821 pro
763 4751 893 4822 ipsa
946 4753 1001 4807 S.
1061 4754 1310 4809 Matthaei
1367 4753 1650 4810 Hebraica
1706 4756 1887 4812 Evan-

236 4836 391 4909 gelia
430 4838 661 4903 habuit,
705 4855 824 4895 non
865 4846 1065 4897 autem
1112 4857 1221 4912 pra
1265 4858 1439 4912 puro,
1474 4848 1537 4898 ut
1568 4859 1701 4899 mox
1731 4845 1891 4900 vide-

236 4926 461 4981 bimus.

308 5016 394 5071 39.
431 5018 731 5073 Sententia
761 5017 818 5073 S.
872 5017 1177 5089 Epiphanii
1223 5034 1343 5074 non
1395 5019 1510 5076 alia
1551 5027 1659 5088 est,
1706 5038 1893 5095 quam

233 5104 597 5175 Hieronymi.
646 5109 791 5162 Nam
852 5107 1060 5161 haeresi
1118 5111 1207 5171 29,
1260 5124 1393 5180 quas
1447 5114 1536 5165 est
1593 5113 1897 5167 Nazarena-

234 5211 390 5259 rum,
424 5210 554 5265 cap.
586 5195 618 5249 9
648 5196 727 5249 ita
753 5195 932 5250 habet
964 5211 976 5250 :
1012 5215 1040 5247 «
1087 5196 1181 5251 Est
1209 5213 1347 5252 vero
1376 5214 1558 5269 penes
1605 5200 1734 5255 illos
1765 5201 1897 5271 (Na-

232 5284 478 5353 zaraaas)
503 5283 882 5352 Evangelium
903 5285 1237 5340 secundum
1263 5287 1595 5342 Matthteum
1618 5288 1897 5345 Hebraice

236 5375 545 5443 scriptum,
594 5378 649 5427 et
692 5372 938 5444 quidem
993 5374 1527 5431 absolutissimum.
1581 5379 1695 5433 Hoc
1735 5378 1894 5433 enim

235 5459 582 5525 certissime,
622 5468 798 5531 prout
830 5462 1120 5517 Hebraicis
1161 5463 1367 5520 litteris
1398 5464 1566 5521 initio
1608 5467 1894 5535 scriptum

238 5554 351 5613 est,
410 5548 469 5605 in
524 5549 882 5606 hodiernum
924 5567 1107 5624 usque
1160 5556 1398 5626 tempus
1445 5561 1818 5613 conservant.
1871 5576 1900 5605 ››

1988 1826 2187 1895 ipsum
2241 1822 2545 1895 exemplar
2591 1822 2972 1886 Hebraicum,
3005 1823 3078 1877 de
3109 1840 3230 1895 quo
3257 1823 3538 1895 loquitur,
3571 1824 3648 1880 ab

1988 1915 2345 1985 Hieronymo
2387 1912 2567 1966 fuisse
2594 1913 2971 1983 exscriptum,
3008 1912 3331 1984 Graecaque
3360 1918 3415 1967 et
3448 1913 3650 1969 Latino

1985 2018 2259 2057 sermone
2290 2002 2579 2057 donatum
2611 2018 2622 2057 :
2652 2018 2828 2056 suum
2861 2003 3016 2056 enim
3056 2004 3268 2057 Hermae
3301 2018 3335 2057 a
3364 2004 3651 2058 Nazarasis

1986 2091 2717 2164 acceperatHieranymus.
2734 2091 2985 2145 Rursum
3006 2090 3391 2163 Epiphanius,
3407 2091 3542 2147 haer.
3560 2096 3647 2156 30,

1986 2198 2121 2255 quae
2161 2187 2251 2237 est
2280 2180 2709 2245 Ebionitarum,
2743 2195 2876 2250 cap.
2921 2180 2953 2233 3
2986 2178 3267 2244 afﬁrmat,
3297 2180 3479 2235 hosce
3508 2197 3655 2252 quo-

1986 2287 2103 2343 que
2130 2270 2416 2326 Hebraica
2444 2268 2705 2324 Matthaei
2738 2268 3055 2338 Evangelia
3086 2285 3223 2324 usas
3249 2285 3403 2337 esse,
3433 2277 3489 2324 et
3526 2270 3654 2341 qui-

1988 2361 2126 2416 dem
2198 2357 2326 2415 sola
2379 2359 2893 2415 Cerinthianorum
2954 2357 3041 2413 vel
3121 2357 3651 2414 Mermthianorum

1989 2450 2196 2513 instar,
2250 2453 2427 2519 atque
2481 2447 2625 2501 illud
2683 2462 2926 2502 vocasse
2994 2448 3311 2502 secundum
3374 2447 3649 2503 Hebrwos.

1989 2538 2209 2593 Deinde
2241 2552 2371 2606 cap.
2412 2537 2472 2593 l3
2499 2536 2573 2590 de
2616 2536 2838 2606 majore
2871 2535 3032 2605 apud
3064 2536 3226 2605 ipsas
3276 2536 3654 2606 corruptione

1991 2626 2146 2683 illius
2181 2624 2476 2695 Evangelii
2511 2624 2594 2679 sic
2642 2623 2904 2695 loquitur
2938 2641 2950 2678 :
2989 2645 3011 2672 ε
3042 2625 3219 2694 Igitur
3250 2626 3307 2678 in
3342 2641 3431 2689 ea,
3492 2624 3656 2697 quod

1995 2732 2176 2789 penes
2204 2714 2334 2769 illas
2365 2718 2472 2777 est,
2526 2712 2773 2769 Mattheei
2810 2712 3127 2784 Evangelia
3177 2728 3528 2784 quanquam
3582 2730 3655 2768 ne

1994 2806 2292 2874 integrum
2315 2801 2559 2874 quidem
2591 2801 2735 2856 illud
2756 2801 3002 2865 habent,
3028 2801 3131 2855 sed
3166 2801 3564 2856 adulteratum
3598 2806 3656 2855 et

1995 2893 2290 2957 mutilum,
2326 2890 2505 2963 idque
2535 2890 2732 2962 ipsum
2766 2889 3118 2945 Hebraicum
3146 2895 3381 2957 vacant,
3404 2890 3483 2944 ita
3516 2888 3658 2945 scri-

1995 2988 2160 3053 ptum
2187 2984 2276 3036 est
2309 3002 2329 3029 ι
2362 2987 2467 3036 etc.
2503 2981 2793 3035 Hactenus
2834 2977 3225 3050 Epiphanius,
3255 2994 3285 3032 e
3324 2978 3498 3050 cujus
3526 2994 3659 3033 ver-

1996 3070 2086 3126 bis
2122 3068 2506 3124 manifestum
2549 3071 2654 3131 est,
2692 3082 2811 3122 non
2843 3066 3177 3131 dubitasse,
3211 3067 3357 3138 quin
3402 3069 3657 3135 Evange-

1995 3159 2137 3214 lium
2172 3158 2524 3213 Hebraicum
2566 3156 2815 3212 Matthaai
2846 3162 3004 3211 esset
3048 3160 3462 3211 conservatum
3496 3155 3658 3227 apud

1997 3250 2328 3312 Nazaraaos,
2364 3246 2469 3301 sed
2510 3250 2859 3317 suspectum
2917 3244 3201 3299 habuisse
3241 3243 3314 3298 de
3367 3243 3659 3298 nonnulla

1999 3335 2399 3407 corruptione,
2464 3339 2639 3405 prout
2680 3333 3085 3388 Ebionitarum
3134 3332 3658 3404 corruptissimum

2000 3441 2125 3480 esse
2149 3430 2311 3481 certo
2342 3427 2607 3478 noverat.

2071 3517 2156 3568 40.
2190 3513 2465 3568 Similiter
2504 3517 2743 3566 sanctus
2772 3510 3193 3581 Hieronymus,
3225 3510 3332 3565 etsi
3360 3513 3661 3565 Nazaraao-

2000 3616 2133 3656 rum
2159 3600 2543 3670 Evangelium
2564 3613 2682 3653 non
2712 3614 2845 3652 raro
2864 3597 3095 3667 alleget,
3116 3613 3427 3668 nunquam
3457 3603 3659 3653 tamen

2003 3694 2229 3745 tantam
2276 3690 2391 3761 ipsi
2431 3687 2843 3744 auctoritatem
2877 3685 3092 3753 tribuit,
3142 3692 3432 3757 quantam
3470 3684 3661 3740 textui

2003 3779 2201 3834 Graeca
2228 3777 2321 3832 vel
2366 3778 2566 3832 Latino
2599 3776 2677 3832 ab
2722 3773 2979 3830 Ecclesia
3023 3778 3281 3845 recepto.
3318 3773 3379 3828 ld
3413 3774 3542 3844 ipse
3574 3772 3661 3827 in-

2003 3868 2220 3929 sinuat,
2240 3866 2341 3920 lib.
2376 3881 2457 3932 III,
2489 3866 2707 3921 Contra
2739 3863 3117 3933 Pelagianos,
3145 3862 3245 3917 ubi
3274 3862 3558 3917 nonnulla
3589 3876 3659 3916 ex

2002 3954 2103 4010 illo
2136 3953 2474 4023 Evangelia,
2529 3960 2583 4009 et
2628 3953 2823 4008 locum
2873 3951 3138 4024 aliquem
3168 3952 3225 4007 S.
3262 3950 3471 4021 lgnatii
3502 3965 3657 4005 mar-

2003 4044 2145 4115 tyris
2194 4042 2425 4115 allegat,
2474 4047 2530 4096 et
2568 4058 2707 4095 mox
2736 4040 2973 4111 subjicit
3009 4062 3020 4095 :
3052 4061 3079 4089 «
3129 4040 3359 4105 Quibus
3390 4039 3660 4094 testimo-

2001 4133 2113 4187 niis
2170 4132 2369 4186 sinon
2405 4131 2580 4185 uteris
2634 4129 2704 4185 ad
2743 4131 3174 4192 auctoritatem,
3240 4136 3395 4183 utere
3447 4128 3658 4183 saltem

2000 4223 2077 4276 ad
2135 4222 2571 4292 antiquitatem,
2629 4219 2774 4291 quid
2840 4233 3051 4273 omnes
3111 4218 3494 4273 ecclesiastici
3554 4217 3659 4272 viri

2000 4309 2370 4365 senserint.»
2426 4310 2543 4363 Hac
2588 4307 2660 4361 de
2712 4322 2896 4361 causa
2942 4310 3184 4361 sanctus
3237 4306 3653 4378 Hieronymus,

1999 4397 2511 4471 quandojubente
2539 4399 2742 4451 sancto
2769 4395 3027 4450 Damasa
3051 4394 3230 4465 Papa,
3261 4401 3484 4450 textum
3520 4394 3662 4449 Lati-

2000 4503 2144 4542 num
2166 4494 2425 4559 quatuor
2458 4482 2906 4555 Evangeliarum
2932 4483 3354 4553 corrigendum
3379 4482 3659 4554 suscepit,

1998 4591 2121 4631 non
2142 4580 2227 4630 est
2261 4591 2404 4629 usus
2427 4574 2751 4644 exemplari
2776 4571 3060 4628 Hebraica
3085 4572 3223 4637 ullo,
3247 4572 3411 4643 quod
3433 4571 3658 4626 nullum

2000 4664 2171 4719 sciret
2197 4663 2337 4718 satis
2393 4663 2802 4733 incorruptum
2840 4678 2851 4715 :
2896 4660 3000 4716 sed
3056 4659 3300 4715 vetustis
3353 4660 3662 4714 codicibus

2001 4755 2235 4822 Graecis,
2271 4758 2333 4808 ut
2360 4753 2481 4824 ipse
2511 4752 2712 4807 scribit
2747 4751 2820 4806 ad
2853 4754 3198 4805 Damasum.
3236 4752 3293 4803 ln
3326 4749 3538 4803 eadem
3571 4754 3661 4803 ta-

2002 4857 2141 4897 men
2173 4842 2248 4897 ad
2274 4844 2600 4897 Damasum
2634 4840 2979 4911 praefatione
3008 4838 3200 4902 docet,
3242 4838 3540 4893 Hebraicis
3568 4837 3663 4891 lit-

2004 4931 2141 4986 teris
2169 4947 2347 4985 usum
2374 4946 2501 4985 esse
2527 4928 2881 4993 Matthmum,
2916 4928 2997 4983 ita
3028 4927 3293 4982 scribens
3329 4943 3341 4981 :
3390 4926 3466 4980 De
3498 4929 3661 4981 Novo

2002 5035 2164 5075 nunc
2188 5018 2402 5091 loquar
2431 5022 2804 5073 Testamenta
2839 5032 2850 5070 :
2885 5016 3047 5089 quod
3090 5016 3359 5070 Graecum
3388 5031 3516 5069 esse
3542 5030 3664 5069 non

2003 5108 2256 5164 dubium
2278 5111 2385 5172 est,
2416 5112 2661 5178 excepto
2679 5105 2951 5178 apostolo
2977 5105 3270 5169 Matthaaa,
3296 5104 3399 5175 qui
3433 5105 3663 5175 primus

2004 5199 2064 5255 in
2130 5198 2332 5253 Judaaa
2384 5196 2772 5265 Evangelium
2847 5194 3054 5250 Christi
3106 5194 3409 5249 Hebraicis
3462 5193 3665 5248 litteris

2005 5287 2208 5343 edidit.
2252 5306 2279 5338 »
2314 5289 2477 5342 Nunc
2507 5286 2686 5340 lector
2712 5284 3017 5338 studiosus
3042 5282 3270 5355 judicet
3323 5282 3396 5336 de
3426 5282 3663 5337 ratioci-

2008 5376 2117 5431 niis
2177 5374 2470 5443 Basnagii,
2502 5374 2748 5446 ejusque
2820 5372 2881 5426 in
2938 5372 3345 5426 ratiocinanda
3400 5370 3661 5425 assertis.

2012 5466 2163 5519 Vidit
2194 5470 2436 5520 sanctus
2468 5464 2863 5534 Hieronymus
2890 5459 3244 5515 Hebraicum
3278 5459 3661 5530 Evangelium

2009 5570 2132 5627 qua
2167 5553 2486 5610 utebantur
2520 5551 2794 5618 Nazareni,
2828 5548 3221 5622 Graecumque
3248 5548 3392 5605 illud
3429 5554 3487 5605 et
3519 5548 3667 5605 Lati-
