4144 6184
483 251 586 304 775

1809 241 2069 300 MENSIS
2110 241 2558 300 SEPTEMBER.

3790 236 3900 292 776

481 386 627 426 num
653 369 932 435 reddidit,
965 373 1024 424 et
1062 372 1195 440 post
1216 384 1465 425 examen
1489 372 1610 424 tam
1642 371 1939 432 exactum,
1969 366 2123 438 judi-
2162 367 2203 420 A
2239 367 3136 440 tumest,primumexomnibus
3155 363 3534 436 evangelistis
3551 363 3886 434 scripsisse,

482 459 641 515 cavit
689 475 825 514 cum
887 461 944 515 S.
1029 457 1378 531 Epiphanio,
1439 458 1626 529 ipsum
1682 473 1809 512 esse
1877 455 2126 511 Matthei

483 548 860 617 Hebraicum,
895 547 997 602 sed
1030 547 1256 617 aliquot
1295 547 1438 602 locis
1486 552 1849 618 corruptum,
1875 546 2130 617 ideoque

481 637 683 693 debita
734 637 1079 693 auctoritate
1128 651 1331 691 carens
1376 635 1751 705 ;Basnagius
1813 650 1974 700 vero,
2027 633 2128 704 qui

483 742 794 798 nunquam
837 725 982 780 illud
1015 724 1179 794 vidit,
1214 725 1519 780 contendit
1561 723 1942 792 Evangelium
1982 720 2131 776 illud

483 830 707 870 meram
737 815 917 869 fuisse
947 816 1284 870 versionem
1315 830 1386 868 ex
1409 814 1612 869 Greco
1641 813 1885 869 Matthei
1920 817 2081 866 textu
2115 828 2128 875 ;

483 903 563 969 id,
621 905 889 974 inquam,
921 903 1225 959 contendit
1293 909 1496 958 contra
1564 902 1836 957 omnium
1895 903 2130 956 Patrum

483 994 916 1056 auctoritatem,
976 998 1031 1047 et
1069 995 1193 1047 sine
1226 993 1344 1047 ullo
1387 992 1598 1047 vetusti
1643 991 1946 1062 scriptoris
1980 989 2133 1045 testi-

487 1082 709 1137 monio.
746 1085 865 1149 Ego
892 1097 1034 1137 sane
1076 1098 1195 1137 non
1228 1081 1400 1152 capio
1429 1096 1550 1152 quo
1603 1081 1746 1136 illud
1769 1079 2000 1150 judicio
2034 1094 2132 1134 co-

485 1173 669 1241 gitare
698 1171 974 1242 potuerit,
1024 1187 1145 1242 qua
1189 1170 1376 1226 fronte
1420 1186 1596 1224 ausus
1629 1169 1801 1224 fuerit
1860 1169 2128 1233 edicere;

485 1258 973 1331 quandoquidem
1050 1264 1280 1313 tantum
1337 1274 1454 1313 non
1513 1263 1712 1329 aperte
1763 1258 2130 1328 pronuntiat,

482 1348 696 1403 rectius
717 1347 986 1418 judicare
1005 1364 1064 1401 se
1093 1347 1352 1417 potuisse
1374 1347 1448 1400 de
1473 1346 1789 1416 Evangelio
1823 1362 2130 1418 nunquam

482 1438 607 1492 viso
643 1455 654 1495 :
691 1453 875 1508 quam
916 1436 1325 1491 doctissimum
1353 1435 1777 1506 Hieronymum
1819 1434 1893 1489 de
1920 1435 2131 1489 eodem

483 1525 817 1597 frequenter
835 1526 1090 1596 perlecto
1113 1524 1449 1596 collatoque
1463 1541 1599 1580 cum
1615 1524 1826 1580 Grecis
1844 1529 1898 1578 et
1917 1524 2134 1579 Latinis

483 1614 944 1684 exemplaribus.

2239 461 2293 512 et
2327 457 2709 527 Evangelium
2741 457 3175 529 composuisse,
3203 454 3556 526 priusquam
3583 469 3654 508 ex
3685 451 3898 507 Judea

2239 545 2566 603 discederet
2586 547 2662 602 ad
2695 546 3148 618 predicandum
3196 542 3328 599 aliis
3360 542 3655 612 gentibus.
3689 542 3746 598 S.
3780 541 3902 596 lre-

2240 650 2406 688 neus
2474 634 2572 692 lib.
2647 653 2704 692 ιιι
2756 637 2983 691 Contra
3033 634 3307 696 Hereses,
3366 647 3500 703 cap.
3553 637 3598 697 t,
3667 631 3902 685 videtur

2241 723 2621 796 scriptionem
2680 723 3136 795 Evangeliorum
3202 720 3390 776 serius
3441 720 3644 790 ﬁgere,
3705 735 3898 792 quam

2240 813 2450 884 reliqui
2482 813 2706 882 Patres,
2740 813 2852 869 nisi
2880 812 3062 868 verba
3099 811 3284 883 ipsius
3324 809 3440 865 alio
3482 825 3657 865 sensu
3690 809 3898 863 forsan

2242 903 2457 973 exponi
2500 902 2752 958 valeant.
2822 902 3025 957 Latina
3070 900 3471 971 interpretatio
3525 899 3583 953 in
3633 898 3772 952 editi
3823 913 3900 952 ne

2244 992 2570 1047 novissima
2600 993 2681 1046 sic
2711 991 2928 1047 habet:
2982 1010 3011 1042 «
3047 993 3128 1045 Ita
3182 988 3483 1044 Mattheus
3535 987 3596 1042 in
3632 987 3898 1042 Hebreis

2242 1081 2512 1151 ipsorum
2547 1081 2749 1149 lingua
2779 1081 3138 1151 scripturam
3185 1078 3362 1134 edidit
3397 1076 3718 1146 Evangelii,
3755 1092 3898 1130 cum

2244 1169 2449 1224 Petrus
2479 1175 2534 1224 et
2568 1170 2789 1227 Paulus
2842 1171 3039 1224 Rome
3082 1166 3572 1236 evangelizarent,
3602 1171 3658 1220 et
3684 1165 3897 1220 funda-

2243 1264 2374 1315 rent
2402 1258 2742 1315 Ecclesiam.
2777 1280 2800 1310 υ
2837 1258 3128 1316 Omnibus
3181 1263 3337 1312 certe
3364 1256 3633 1311 Patribus
3660 1260 3902 1310 contra-

2244 1349 2366 1403 rius
2396 1347 2502 1403 erit
2534 1353 2807 1412 lreneus,
2848 1349 2894 1400 si
2928 1348 3008 1402 ita
3058 1346 3130 1401 sit
3168 1345 3558 1417 explicandus
3593 1350 3653 1398 ut
3682 1343 3898 1399 eodem

2245 1444 2504 1510 tempore
2553 1437 2853 1508 scripserit
2884 1435 3207 1499 Mattheus,
3241 1449 3363 1506 quo
3394 1434 3596 1488 Bome
3627 1432 3897 1502 Evange-

2243 1526 2385 1581 lium
2444 1525 2853 1597 predicabant
2904 1527 3103 1580 Petrus
3143 1529 3199 1580 et
3246 1522 3479 1578 Paulus.
3524 1523 3596 1576 At
3633 1521 3905 1592 suspicor

2244 1615 2506 1671 noluisse
2526 1615 2814 1669 lreneum
2830 1615 2888 1670 id
2908 1614 3193 1678 indicare,
3215 1613 3320 1667 sed
3341 1612 3533 1666 solum
3565 1611 3904 1665 insinuasse

555 1703 645 1756 4t.
673 1701 752 1755 Ne
786 1707 982 1757 tamen
1047 1701 1190 1756 nihil
1244 1702 1540 1756 videretur
1578 1717 1650 1756 ex
1698 1700 1959 1773 antiquis
1991 1700 2131 1755 alle-
2167 1715 2209 1770 Β
2243 1706 2493 1776 quinam
2545 1708 2744 1760 essent
2801 1709 3069 1759 auctores
3111 1701 3585 1771 Evangeliorum,
3646 1700 3898 1771 quinam

486 1806 662 1860 gasse
727 1791 1076 1859 Basnagius,
1132 1790 1329 1846 locum
1392 1791 1636 1846 adducit
1688 1806 1758 1844 ex
1810 1789 2134 1860 Epiphanio

486 1879 703 1935 Heres.
730 1879 817 1945 30,
861 1895 992 1951 cap.
1027 1884 1079 1942 3,
1111 1886 1170 1934 ut
1201 1880 1411 1951 probet
1443 1883 1670 1934 Novum
1692 1881 2134 1934 Testamentum

483 1985 555 2024 ex
604 1971 805 2024 Greco
848 1968 1021 2023 fuisse
1079 1969 1354 2023 Hebraice
1387 1968 1704 2024 redditum.
1735 1965 1990 2022 Aﬁ‘eram
2024 1981 2134 2034 ego

481 2057 680 2113 locum
734 2057 1029 2128 integrum
1071 2073 1251 2128 quem
1277 2057 1370 2112 ille
1428 2057 1712 2119 medium,
1756 2055 2043 2122 recitavit,
2076 2060 2135 2111 ut

485 2147 683 2201 videat
716 2146 895 2201 lector
939 2146 1093 2200 hunc
1140 2145 1341 2217 ipsum
1374 2161 1504 2201 esse
1541 2145 1829 2214 Basnagio
1877 2145 2134 2199 maxime

485 2235 872 2290 contrarium.
918 2255 941 2285 α
995 2235 1242 2299 Etenim,
1292 2234 1483 2305 inquit
1532 2233 1958 2306 Ephiphanius,
2006 2250 2134 2289 vere

484 2324 630 2379 illud
655 2322 952 2378 afﬁrmare
974 2339 1318 2394 possumus,
1364 2340 1548 2378 unum
1575 2339 1645 2378 ex
1673 2322 1956 2377 omnibus
1986 2323 2134 2378 Novi

481 2413 838 2469 Testamenti
907 2413 1294 2483 scriptoribus
1345 2413 1678 2468 Matthenm
1730 2410 2008 2466 Hebraice
2066 2427 2136 2467 ac

486 2501 686 2557 litteris
720 2501 1014 2557 Hebraicis
1057 2501 1463 2570 evangelicam
1497 2500 1808 2556 historiam
1859 2501 2131 2556 texuisse.

486 2594 600 2646 Nec
628 2591 861 2646 defuere
907 2591 1010 2663 qui
1065 2591 1138 2646 de
1168 2590 1416 2646 Joannis
1467 2589 1777 2658 Evangelio
1823 2589 2139 2645 conﬁrma-

483 2687 628 2744 rent,
708 2679 848 2734 illud
928 2679 1208 2735 Hebraice
1283 2678 1625 2735 translatum
1702 2677 2002 2734 Tiberiade
2078 2679 2136 2733 in

481 2769 823 2824 Judeorum
879 2769 1318 2841 gazophylaciis
1349 2769 1640 2824 asservari
1671 2774 1726 2822 et
1772 2767 1831 2822 in
1864 2767 2135 2822 secretio-

482 2857 646 2912 ribus
685 2856 1057 2929 quibusdam
1112 2857 1515 2929 penetralibus
1549 2856 1788 2911 recondi
1825 2873 1836 2910 :
1891 2855 1942 2910 id
1976 2855 2134 2927 quod

484 2946 752 3000 nonnulli
798 2946 964 3013 mihi,
999 2947 1099 3017 qui
1128 2963 1188 3000 se
1221 2948 1295 3000 ad
1326 2947 1534 3002 Christi
1559 2946 1735 2999 ﬁdem
1767 2960 1796 2998 e
1825 2944 2136 2999 Judaismo

487 3036 922 3095 transtulerant.
976 3037 1415 3090 accuratissime
1457 3033 1853 3090 declararunt.
1905 3038 2028 3088 lmo
2082 3040 2135 3090 et

487 3123 895 3194 apostolorum
928 3128 1102 3177 Actus
1134 3123 1192 3176 in
1245 3121 1601 3176 Hebraicum
1642 3137 1979 3175 sermonem
2011 3137 2136 3191 per-

481 3209 620 3265 inde
645 3225 962 3264 conversos
993 3226 1022 3264 e
1051 3209 1248 3265 Greco
1278 3209 1485 3265 iisdem
1516 3209 1574 3264 in
1603 3209 1896 3264 thesauris
1931 3209 2135 3265 haberi

483 3299 805 3354 multorum
833 3314 1107 3354 sermone
1153 3298 1514 3370 percrebruit
1548 3317 1559 3349 :
1607 3303 1662 3353 et
1685 3298 1783 3369 qui
1819 3297 1991 3353 nobis
2025 3301 2138 3355 ista

481 3388 824 3451 narrabant,
869 3387 1132 3443 indidem
1167 3388 1510 3443 Christiane
1539 3387 1968 3459 amplectende
1999 3387 2135 3442 ﬁdei

481 3477 859 3532 occasionem
915 3481 1288 3548 acceperunt.
1346 3499 1364 3527 ι
1430 3477 1564 3531 Hec
1619 3476 2003 3547 Epiphanius.
2057 3479 2136 3531 Ex

485 3581 555 3621 eo
595 3570 793 3620 autem
825 3565 952 3620 loco
1005 3566 1231 3621 discere
1262 3565 1520 3621 debebat
1551 3565 1896 3634 Basnagius,
1932 3565 2133 3621 Patres

483 3654 816 3711 distinxisse
855 3654 1006 3710 inter
1032 3655 1213 3711 libros
1243 3657 1502 3728 primum
1546 3653 1822 3710 Hebraice
1863 3655 2134 3725 scriptos,

483 3751 538 3800 et
567 3743 715 3810 illos,
759 3745 860 3816 qui
913 3761 985 3799 ex
1011 3743 1227 3800 Grecis
1262 3744 1468 3798 redditi
1519 3750 1658 3799 sunt
1703 3744 1968 3799 Hebraici
2015 3760 2027 3808 ;
2079 3749 2135 3798 et

483 3833 1066 3903 longeaccuratiores
1098 3850 1225 3888 esse
1249 3834 1307 3888 in
1330 3834 1492 3888 factis
1540 3833 1911 3897 enarrandis,
1946 3848 2132 3905 quam

482 3928 546 3976 ut
579 3922 846 3993 ipsorum
872 3921 1285 3976 auctoritatem
1321 3927 1538 3976 temere
1567 3921 1818 3991 abjicere
1839 3925 2130 3992 oporteat.

483 4012 631 4066 Nam
676 4027 745 4065 ex
769 4010 1015 4082 allegato
1042 4009 1173 4064 loco
1204 4010 1417 4065 inferre
1456 4011 1632 4065 etiam
1667 4011 1919 4066 Matthei
1949 4011 2130 4065 Evan-

483 4098 705 4169 gelium
755 4115 823 4153 ex
864 4099 1071 4153 Greco
1113 4098 1465 4154 Hebraicum
1524 4116 1652 4154 esse
1703 4099 2018 4162 redditum.
2073 4099 2133 4154 id

482 4189 736 4242 amentis
760 4189 951 4258 potius
974 4193 1080 4251 est,
1101 4204 1285 4259 quam
1308 4188 1730 4243 ratiocinantis.
1750 4189 1931 4253 Quale
1954 4189 2132 4244 etiam

484 4282 589 4344 est,
616 4277 777 4347 quod
806 4276 989 4342 addit,
1026 4293 1095 4331 ex
1123 4276 1537 4348 antiquissima
1555 4276 1821 4331 versione
1855 4277 2135 4332 Hebraica

482 4371 672 4421 ortam
704 4380 832 4421 esse
865 4365 1241 4421 traditionem
1281 4366 1355 4419 de
1387 4367 1603 4435 scripto
1633 4364 1913 4421 Hebraice
1943 4369 2131 4421 Evan-

485 4454 656 4525 gelio.
711 4455 824 4511 Nisi
857 4456 1015 4510 enim
1075 4458 1268 4510 Patres
1317 4469 1526 4509 omnes
1586 4454 1934 4510 intolerabili
1984 4456 2132 4511 fastu

489 4543 740 4599 velimus
771 4551 1163 4606 contemnere,
1205 4560 1278 4599 ne
1313 4544 1604 4614 suspicari
1644 4545 1888 4616 quidem
1923 4545 2134 4616 poteri-

487 4650 638 4698 mus,
671 4633 824 4690 adeo
855 4649 1066 4688 omnes
1108 4632 1289 4688 fuisse
1328 4633 1626 4704 deceptos,
1679 4639 1741 4688 ut
1763 4650 1954 4706 neque
1987 4634 2133 4689 anti—

481 4722 756 4796 quissimi
786 4727 841 4778 et
871 4722 1276 4793 apostolorum
1314 4723 1682 4794 temporibus
1711 4723 1964 4794 proximi
1987 4725 2133 4779 scire

483 4812 781 4882 potuerint
804 4826 926 4880 qua
956 4809 1154 4881 lingua
1184 4811 1242 4865 in
1278 4811 1591 4865 scribendo
1617 4828 1757 4865 usus
1800 4810 1974 4866 fuerit
2000 4815 2130 4868 Mat-

482 4899 691 4968 theus,
722 4899 1165 4953 necdoctissimi
1189 4899 1447 4965 illorum,
1469 4899 1806 4971 lingueque
1835 4899 2133 4956 Hebraice

481 4988 845 5059 peritissimi,
879 4986 1111 5058 (quales
1143 4987 1380 5042 fuerunt
1435 4995 1594 5043 certo
1653 4990 2044 5060 Hieronymus
2078 4994 2132 5044 et

482 5078 768 5146 Origines,
804 5080 924 5130 imo
957 5081 1012 5131 et
1047 5077 1432 5148 Epiphanius)
1462 5077 1904 5148 deprehendere
1938 5077 2133 5132 volue-

480 5167 616 5232 rint,
668 5182 736 5221 ex
793 5166 996 5222 Greco
1047 5166 1297 5221 Matthei
1380 5182 1554 5221 usum
1605 5171 1692 5220 est
1750 5166 2130 5237 Evangelium

483 5254 859 5322 Hebraicum,
889 5254 1046 5326 quod
1089 5254 1394 5310 habebant
1423 5254 1696 5309 Nazarei.
1734 5257 1941 5310 Verum
2000 5253 2132 5326 plus

483 5359 669 5414 quam
713 5345 857 5398 satis
889 5344 962 5398 de
993 5343 1231 5414 ineptiis
1266 5342 1563 5408 Basnagii.

553 5429 643 5486 42.
685 5431 764 5485 De
795 5447 977 5494 anno,
1004 5448 1125 5503 quo
1147 5436 1393 5487 sanctus
1427 5431 1726 5488 Mattheus
1750 5430 2132 5499 Evangelium

483 5518 854 5591 conscripsit,
898 5519 1042 5575 nihil
1080 5520 1220 5576 certi
1255 5519 1510 5576 aﬂertur.
1569 5519 1718 5575 illud
1771 5524 1972 5576 tamen
2014 5535 2134 5576 cer-

2246 1810 2380 1848 vero
2409 1794 2738 1849 traditionis
2768 1796 3049 1848 Romane
3083 1790 3373 1854 Ecclesie,
3399 1805 3590 1862 eaque
3619 1789 3693 1844 de
3712 1805 3904 1844 causa

2244 1881 2324 1936 sic
2355 1887 2620 1937 locutum
2650 1897 2797 1936 esse.
2855 1884 3019 1937 Certe
3049 1878 3360 1936 hereticos
3393 1878 3450 1933 in
3495 1877 3592 1933 illo
3623 1877 3775 1932 libro
3807 1893 3902 1932 re-

2245 1970 2393 2026 futat
2447 1986 2518 2026 ex
2572 1971 2883 2025 traditione
2938 1970 3201 2040 primum
3265 1971 3545 2022 Romane
3600 1967 3889 2030 Ecclesie,

2244 2060 2412 2129 cujus
2444 2065 2712 2115 auctores
2780 2059 3016 2113 Petrum
3070 2055 3274 2112 statuit
3302 2062 3358 2111 et
3413 2055 3663 2110 Paulum
3695 2072 3709 2122 ;
3743 2063 3798 2110 et
3826 2071 3899 2109 ex

2246 2148 2552 2219 Scripturis
2607 2148 2754 2203 Novi
2793 2147 3170 2212 Testamenti,
3222 2162 3294 2201 ex
3348 2145 3571 2217 quibus
3633 2143 3896 2216 primum

2244 2237 2384 2292 dicit
2415 2237 2794 2307 Evangelium
2822 2237 3095 2292 Matthei.
3142 2238 3203 2291 Et
3258 2250 3401 2290 sane
3437 2239 3628 2289 textus
3659 2233 3904 2288 Grecus

2247 2341 2366 2381 non
2397 2333 2480 2380 est
2510 2327 2845 2382 necessario
2875 2324 3265 2396 exponendas
3295 2339 3365 2379 eo
3397 2339 3596 2387 sensu,
3630 2329 3689 2376 ut
3714 2323 3904 2376 Evan—

2246 2414 2464 2484 gelium
2485 2414 2698 2470 eodem
2724 2414 2900 2487 plane
2921 2421 3182 2486 tempore
3197 2413 3481 2484 scriptum
3510 2411 3761 2476 dicatur,
3779 2425 3906 2483 quo

2249 2508 2448 2559 Petrus
2482 2510 2537 2559 et
2557 2504 2770 2559 Paulus
2799 2505 3001 2559 Rome
3058 2502 3478 2575 predicarunt.
3541 2500 3730 2555 Verba
3756 2516 3901 2555 cum

2246 2593 2483 2649 litterati
2511 2593 2897 2664 explicatione
2929 2592 3060 2660 subj
3074 2607 3271 2662 ungo:
3303 2590 3362 2644 Ὀ
3393 2594 3480 2664 μὲν
3529 2587 3595 2648 δὴ
3634 2591 3908 2652 Mai-Gaio;

2247 2681 2294 2735 ἓν
2335 2689 2442 2744 τοίς
2494 2682 2749 2758 Ἑϐραίοις
2799 2689 2860 2754 τῇ
2934 2678 3050 2754 ἰδίᾳ
3109 2677 3362 2752 διαλέκτῳ
3413 2680 3581 2732 αὐτῶν
3633 2685 3721 2732 καὶ
3772 2698 3902 2754 γραο

2248 2776 2345 2844 φὴν
2437 2771 2696 2842 ἐξήνεγκεν
2777 2770 3111 2842 Εὒαγγελίου,
3191 2777 3280 2822 τοῦ
3359 2776 3553 2842 Πετρου
3638 2773 3726 2821 καί
3814 2775 3910 2820 τοῦ

2248 2861 2452 2913 Παύλου
2507 2859 2554 2912 ἐν
2625 2859 2792 2933 Ῥώμῃ
2852 2860 3317 2932 εὐαγγελιζομένων
3371 2864 3460 2911 καὶ
3539 2858 3909 2930 Θιμελιούντων

2246 2955 2339 3009 τὴν
2400 2949 2730 3008 Ἐκιιλησίαν.
2781 2971 2805 3001 (ι
2868 2950 3174 3004 Mattheus
3221 2949 3466 3021 quidem
3529 2947 3586 3003 in
3652 2948 3909 3003 Hebreis

2173 3065 2213 3123 ρ
2246 3041 2487 3112 propria
2556 3041 2823 3110 ipsorum
2874 3039 3078 3108 lingua
3131 3046 3186 3094 et
3246 3039 3596 3110 scripturam
3658 3036 3909 3108 protulit

2251 3129 2570 3200 Evangelii,
2607 3132 2769 3183 Petro
2813 3133 2866 3182 et
2907 3127 3088 3182 Paulo
3132 3130 3329 3183 Rome
3362 3124 3912 3198 evangelizantibus

2247 3223 2303 3275 et
2343 3217 2654 3272 Ecclesiam
2709 3216 3118 3271 fundantibus.
3173 3236 3200 3267 »
3236 3215 3364 3271 Hec
3396 3215 3580 3271 verba
3626 3213 3788 3268 facile
3824 3213 3912 3269 sic

2247 3312 2499 3378 possunt
2530 3305 2792 3374 intelligi,
2817 3311 2877 3359 ut
2900 3311 3141 3360 sanctus
3159 3304 3415 3359 Ireneus
3433 3303 3684 3359 noluerit
3707 3303 3906 3358 dicere

2249 3399 2566 3466 utrumque
2591 3393 2797 3448 eodem
2831 3399 3099 3464 tempore
3132 3392 3372 3448 factum.
3413 3397 3485 3446 At
3516 3391 3907 3447 libensfateor

2250 3482 2440 3552 magis
2488 3482 2800 3537 difﬁculter
2830 3482 3047 3553 exponi
3085 3498 3263 3553 posse
3303 3481 3480 3537 verba
3521 3482 3724 3536 lrenei
3761 3497 3903 3535 mox

2246 3573 2554 3644 sequentia
2566 3571 2638 3625 de
2652 3570 2888 3642 reliquis
2901 3570 3446 3640 evangelistis,nam
3462 3571 3693 3625 videtur
3706 3570 3905 3624 dicere

2247 3661 2378 3717 illus
2435 3676 2645 3715 omnes
2677 3660 2984 3728 scripsisse
3032 3664 3161 3731 post
3215 3667 3465 3715 mortem
3525 3661 3624 3715 SS.
3662 3659 3815 3712 Petri
3848 3665 3908 3714 et

2247 3751 2426 3814 Pauli,
2461 3750 2568 3804 nisi
2599 3756 2790 3804 textus
2832 3750 2901 3803 sit
2943 3755 3276 3820 corruptus,
3308 3755 3369 3803 ut
3408 3748 3749 3819 suspicatur
3787 3748 3906 3803 Til-

2242 3839 2582 3904 lemonitus,
2617 3843 2756 3892 tom.
2804 3837 2874 3902 II,
2936 3841 3077 3891 nota
3126 3841 3155 3892 3
3188 3836 3246 3890 in
3305 3842 3576 3891 sanctum
3610 3835 3900 3890 Marcum.

2244 3926 2547 3999 Quidquid
2587 3926 2677 3994 sit,
2734 3926 2782 3979 si
2833 3941 2903 3980 ea
2953 3925 3026 3980 sit
3084 3926 3272 3980 sancti
3332 3925 3524 3980 trenei
3585 3925 3904 3988 sententia,

2243 4017 2430 4088 qualis
2457 4018 2727 4088 apparet,
2758 4014 2957 4070 malim
2980 4014 3236 4077 credere,
3265 4014 3462 4084 ipsum
3493 4014 3690 4068 minus
3715 4018 3908 4068 atten-

2243 4106 2400 4161 disse
2431 4105 2507 4159 ad
2537 4110 2805 4159 exactam
2841 4103 3076 4158 illorum
3126 4104 3398 4158 omnium
3457 4102 3900 4168 chronotaxim,

2243 4193 2406 4265 quod
2433 4193 2532 4247 illa
2554 4192 2630 4247 ad
2661 4191 3032 4263 propositum
3066 4191 3257 4263 ipsius
3290 4207 3500 4262 parum
3542 4191 3907 4247 conduceret

2243 4299 2422 4355 quam
2449 4282 2522 4337 ad
2559 4298 2649 4336 res
2680 4280 2842 4351 ipsas
2872 4297 3024 4353 quas
3048 4281 3158 4335 sibi
3187 4279 3791 4352 habebatpropositas
3817 4285 3905 4334 :et

2246 4371 2332 4425 sic
2363 4374 2692 4424 reverenter
2731 4369 2809 4424 ab
2865 4369 2999 4441 ipso
3030 4371 3321 4434 recedere,
3371 4385 3555 4440 quam
3587 4385 3622 4423 a
3649 4367 3792 4439 reliq
3808 4367 3902 4422 uis

2245 4459 2553 4516 omnibus.

2313 4548 2401 4603 43.
2463 4545 2746 4602 Baronius
2799 4547 2856 4602 in
2914 4546 3243 4602 Annalibus
3295 4544 3581 4617 scriptum
3642 4545 3907 4602 Matthei

2247 4636 2628 4706 Evangelium
2656 4635 2831 4690 refert
2862 4635 2936 4690 ad
2961 4652 3186 4690 annum
3213 4634 3424 4692 Christi
3458 4637 3519 4688 41
3547 4650 3561 4699 ;
3595 4634 3720 4699 sed,
3763 4650 3906 4689 cum

2243 4725 2408 4780 illum
2442 4728 2713 4778 numeret
2763 4725 2877 4779 Caii
2909 4725 3282 4794 imperatoris
3315 4723 3573 4789 tertium,
3627 4722 3908 4794 designa-

2245 4820 2336 4870 tur
2369 4830 2441 4868 ex
2497 4813 2842 4868 chronetaxi
2888 4813 3060 4881 Pagii.
3121 4818 3174 4866 et
3222 4811 3476 4866 aliorum
3527 4828 3724 4867 annus
3770 4827 3908 4868 ere

2244 4902 2589 4957 Christiane
2613 4901 2943 4956 tricesimus
2962 4916 3180 4956 nouus.
3227 4901 3450 4956 Laudat
3480 4902 3762 4956 Baronius
3793 4917 3907 4973 pro

2243 4991 2562 5060 designato
2613 5006 2772 5045 anno
2815 4991 2931 5045 Caii
2987 4991 3155 5045 tertio
3195 4990 3524 5046 Chronicon
3561 4991 3812 5054 Eusebii,
3845 4992 3907 5046 in

2243 5095 2367 5150 quo
2420 5079 2563 5134 illud
2595 5078 2826 5149 legitur,
2880 5084 3054 5149 prout
3081 5079 3303 5133 editum
3338 5079 3536 5134 Latine
3587 5084 3712 5135 erat
3765 5084 3909 5134 ante

2247 5171 2578 5224 Baronium.
2640 5173 2726 5227 At.
2785 5168 3300 5238 quemadmodum
3359 5169 3689 5223 observavit
3740 5167 3904 5222 Tille-

2247 5256 2524 5320 montius,
2569 5271 2687 5310 non
2723 5255 2994 5324 leguntur
3046 5273 3116 5312 ea
3144 5257 3204 5312 in
3239 5258 3496 5312 editione
3528 5258 3753 5320 Greca,
3796 5273 3910 5312 nec

2246 5345 2304 5398 in
2344 5344 2555 5399 Latina
2605 5344 2897 5414 Scaligeri,
2940 5361 3131 5418 neque
3171 5347 3350 5402 etiam
3386 5346 3442 5400 in
3471 5346 3760 5401 Chronico
3800 5346 3907 5401 La.

2246 5432 2372 5488 tino
2405 5448 2517 5488 ms.
2563 5432 2817 5498 Eusebii,
2853 5434 3015 5506 quod
3046 5441 3316 5489 servatur
3344 5437 3402 5488 in
3435 5435 3637 5490 Museo
3678 5439 3907 5491 nostro.

2247 5522 2438 5588 Quare
2480 5521 2690 5578 saltem
2732 5521 2993 5581 dubitari
3024 5528 3209 5595 potest
3239 5539 3316 5580 an
3345 5523 3407 5580 id
3457 5539 3775 5597 nunquam
3833 5525 3912 5582 de
