4144 6184
507 291 609 346 179

1842 282 2101 338 MENSIS
2141 281 2561 342 SEPTEMBER

3805 289 3916 344 780

499 416 643 472 tiam
681 431 694 481 ;
723 429 858 485 qua
886 410 1149 468 inveneri
1180 409 1441 475 deberet,
1474 408 1518 464 si
1537 409 1792 481 quisque
1823 425 1931 462 suo
1962 411 2152 463 marte
2179 406 2226 462 A
2260 407 2358 472 dit,
2426 424 2640 480 parum
2700 414 2803 465 aut
2846 409 2990 464 nihil
3045 409 3119 464 de
3174 410 3592 482 pradicatione
3643 414 3920 471 Matthai

499 504 802 578 propriam
837 501 948 556 sibi
971 499 1301 556 versionem
1335 499 1583 562 fecisset,
1613 499 1784 568 cujus
1805 496 2150 552 differentia

497 594 729 652 nullum
773 591 1007 662 uspiam
1034 593 1224 644 exstat
1243 587 1544 643 indicium.
1563 587 1902 659 Atquehinc
1931 586 2152 641 factum

499 685 592 750 sit,
627 679 1236 743 utaliiJacobum,alii
1268 679 1582 739 Joannem,
1617 676 1713 732 alii
1739 677 1916 731 etiam
1934 679 2152 731 Lucam

496 773 585 829 vel
629 771 880 827 Paulum
937 770 1312 839 interpretem
1377 767 1640 831 fecerint,
1694 771 1867 837 prout
1934 764 2156 820 scilicet

497 877 748 935 quaque
783 859 1036 915 Ecclesia
1068 856 1451 928 Evangelium
1484 854 1719 921 legebat
1745 871 1813 909 ex
1854 854 2030 924 hujus
2064 853 2155 908 vel

498 950 658 1008 illiUs
707 947 964 1022 apostoli
1025 944 1424 1016 autographo.
1457 964 1485 996 »
1531 942 1876 998 Verisimilis
1909 943 2151 1013 quidem

499 1045 751 1112 apparet
781 1039 906 1094 hac
950 1036 1290 1106 conjectura
1323 1051 1336 1101 ;
1373 1033 1694 1106 prasertim
1731 1049 1866 1088 cum
1901 1030 2153 1103 apostoli

499 1145 619 1186 non
676 1128 989 1184 videantur
1029 1123 1272 1197 profecti
1299 1124 1375 1178 ad
1413 1123 1770 1194 longinquas
1821 1121 2153 1192 provincias

498 1225 634 1277 ante
685 1218 967 1289 scriptum
1011 1214 1257 1272 Matthai
1310 1211 1715 1282 Evangelium,
1781 1218 1841 1265 ut
1889 1211 2151 1266 dubitari

500 1309 601 1364 vix
649 1307 853 1380 possit,
899 1307 1043 1377 quin
1085 1303 1300 1373 singuli
1346 1301 1654 1373 exemplar
1697 1301 1941 1372 aliquod
2000 1299 2152 1354 illius

500 1396 802 1466 Evangelii
854 1410 1057 1449 secum
1113 1392 1367 1448 tulerint.
1402 1392 1548 1448 Cum
1580 1397 1780 1445 autem
1821 1405 1940 1444 non
1975 1388 2151 1460 pauci

499 1502 570 1543 ex
612 1486 722 1541 illis
756 1483 1269 1556 proficiscerentur
1320 1480 1395 1536 ad
1452 1479 1809 1551 provincias,
1843 1479 1900 1532 in
1933 1478 2151 1550 quibus

501 1576 618 1632 fere
649 1574 774 1630 sola
803 1573 1018 1628 usitata
1043 1577 1166 1627 erat
1194 1569 1398 1640 lingua
1413 1566 2146 1632 Graca,verisimillimum

499 1670 604 1729 est,
645 1663 776 1720 illos
810 1664 1070 1718 Gracum
1104 1661 1302 1731 potius
1347 1658 1672 1730 exemplar,
1709 1664 1770 1712 ut
1819 1662 2051 1712 constat
2080 1655 2148 1711 de

2261 505 2648 568 compertum
2691 498 2801 552 sibi
2852 499 3054 554 fuisse.
3106 501 3329 555 Etenim
3378 501 3607 556 nullam
3647 503 3926 559 nominat

2262 587 2633 658 provinciam
2657 594 2760 642 aut
2794 587 3024 651 urbem,
3057 589 3113 643 in
3147 604 3269 660 qua
3299 589 3474 645 fidem
3509 591 3924 662 pradicaverit

2263 675 2584 742 Matthaus,
2617 683 2830 748 prater
2858 677 3216 748 Hierapolim
3265 679 3469 750 Syria,
3500 681 3559 735 in
3602 697 3724 753 qua
3764 697 3924 737 mar-

2265 764 2414 837 tyrio
2445 771 2796 821 coronatnm
2851 766 3114 821 credidit.
3162 767 3278 822 Hac
3324 768 3397 823 de
3447 785 3651 836 causa,
3684 772 3920 842 Opinor,

2264 869 2401 926 pag.
2461 854 2565 910 404
2613 870 2684 910 ex
2741 855 2868 910 sola
2913 856 3304 911 verisimiliter
3361 859 3703 928 conjectura
3753 860 3918 924 dicit,

2264 941 2465 1013 ipsum
2495 959 2740 1016 corpore
2765 943 2938 999 fuisse
2964 944 3366 1010 imbecilliore,
3408 946 3920 1020 Evangeliumque

2263 1033 2593 1104 scripsisse,
2608 1033 2748 1087 dum
2765 1032 2864 1088 alii
2879 1033 3041 1106 apud
3055 1034 3249 1090 varias
3267 1041 3472 1103 gentes
3486 1036 3917 1108 pradicabant.

2263 1120 2538 1176 Pluribus
2588 1137 2730 1176 sane
2770 1121 2966 1176 verbis
3018 1121 3076 1177 id
3131 1124 3341 1179 Orator
3366 1127 3766 1198 prosequitur,
3810 1126 3919 1182 sed

2263 1226 2454 1283 pauca
2480 1209 2942 1273 sufﬁcient,cum
2965 1216 3194 1266 constet
3207 1211 3280 1267 de
3307 1217 3528 1285 scripto
3557 1215 3878 1284 Evangelio
3903 1232 3917 1271 :

2261 1322 2288 1351 ‹‹
2324 1301 2586 1372 Quaque
2617 1299 2767 1355 adeo
2799 1300 3009 1373 reliqui
3040 1301 3338 1372 (apostoli)
3381 1303 3661 1372 gentibus
3697 1305 3919 1375 lingua

2262 1405 2505 1445 munere
2534 1405 2653 1445 non
2673 1389 2891 1461 scripta
2917 1390 3304 1456 tradiderant,
3333 1392 3461 1447 hac
3497 1408 3754 1463 magnus
3779 1396 3922 1451 Μαῖα

2259 1476 2445 1532 thaus
2495 1477 2715 1549 scripta
2763 1478 3267 1534 commentatione
3329 1496 3571 1536 summa
3630 1481 3922 1551 colligens

2259 1570 2445 1622 totum
2508 1566 2678 1621 Verbi
2724 1566 3071 1637 mysterium
3130 1568 3312 1623 sacris
3387 1569 3920 1640 pradicationibus

2257 1655 2524 1712 intexuit.
2564 1678 2583 1704 ι
2643 1657 2730 1711 lta
2784 1655 2931 1728 ipse,
2984 1656 3300 1729 interprete
3349 1658 3724 1723 Combetisio,
3774 1659 3922 1715 Mat-

501 1752 793 1821 Barnaba,
825 1750 1172 1822 sumpsisse,
1209 1764 1395 1820 quam
1428 1747 1799 1811 Hebraicum,
1833 1753 1892 1800 ut
1916 1745 2060 1799 illud
2087 1744 2144 1800 in
2183 1762 2226 1819 B
2257 1743 2478 1802 thaum
2519 1743 2744 1800 inducit
2789 1746 3178 1814 scribentem,
3221 1747 3366 1802 dum
3394 1746 3489 1802 alii
3527 1747 3782 1818 apostoli
3813 1763 3923 1819 per

497 1836 1406 1910 ecclesiiserigendislegendum
1429 1835 1571 1891 dare
1589 1839 1830 1906 possent
1860 1841 1915 1890 et
1935 1834 2152 1890 exscri-

497 1930 1214 1988 bendum.Verumtamen
1237 1926 1588 1994 conjectum
1617 1931 1846 1980 tantum
1874 1923 2149 1990 suntha;

497 2035 694 2092 neque
733 2018 873 2074 certi
914 2014 1140 2087 aliquid
1175 2015 1421 2086 proferri
1481 2019 1672 2086 potest
1714 2013 1788 2066 de
1835 2012 2014 2068 rebus
2069 2011 2155 2067 in-

536 2108 696 2162 ertis.

536 2123 696 2162 erus.

501 2123 532 2163 c
571 2201 662 2251 4⁸7.
697 2194 848 2259 Quin
864 2197 920 2248 et
950 2191 1133 2247 verba
1155 2190 1522 2262 Papia,data
1551 2206 1717 2245 num.
1747 2193 1837 2258 30,
1863 2188 2158 2245 contraria

507 2284 782 2340 videntur
833 2281 1005 2336 dictis
1038 2279 1411 2349 conjecturis,
1441 2279 1489 2334 si
1530 2278 1912 2347 intelligenda
1939 2279 2056 2333 sint
2088 2293 2157 2334 eo

503 2389 704 2439 sensu,
719 2387 840 2444 quo
863 2370 1086 2443 passim
1106 2373 1507 2441 exponuntur.
1528 2389 1551 2419 ι
1570 2368 1874 2423 Matthaus
1890 2367 2154 2440 quidem,

501 2464 714 2536 inquit,
751 2460 1032 2516 Hebraico
1063 2473 1338 2513 sermone
1370 2457 1574 2513 divina
1605 2457 1836 2529 scripsit
1867 2457 2111 2514 oracula
2141 2473 2154 2512 :

504 2551 924 2624 interpretatus
961 2552 1051 2604 est
1090 2553 1289 2604 autem
1357 2545 1768 2619 unusquisque
1825 2545 1944 2612 illa,
1987 2549 2162 2618 prout

503 2641 757 2714 potuit.»
778 2642 908 2695 Hac
939 2637 1178 2694 verbaa
1206 2635 1482 2692 variisita
1510 2636 1779 2707 exposita
1813 2635 1999 2703 video,
2014 2652 2084 2691 ac
2110 2635 2158 2691 si

502 2729 716 2803 Papias
756 2727 1018 2792 dixisset,
1076 2741 1571 2796 unumquemque
1626 2740 1733 2795 pro
1767 2740 1877 2779 suo
1917 2725 2157 2792 ingenio

501 2834 862 2890 aggressum
893 2831 1023 2873 esse
1072 2815 1614 2886 interpretationem
1667 2814 1949 2869 Graecam.
1982 2817 2050 2868 At
2088 2828 2160 2868 ea

504 2910 698 2981 Papia
729 2906 1044 2962 verborum
1067 2904 1355 2976 expositio
1382 2918 1766 2975 nequaquam
1795 2903 1938 2957 mihi
1964 2917 2159 2957 neces-

509 2997 670 3052 saria
715 2995 963 3059 videtur,
1024 2993 1144 3047 imo
1185 3007 1258 3046 ne
1298 2992 1439 3046 satis
1485 2990 1729 3062 quidem
1771 2989 2101 3060 probabilis
2142 3005 2154 3042 :

2259 1833 2556 1888 mundum
2586 1833 3018 1902 discurrebant,
3049 1841 3104 1890 et
3127 1834 3392 1908 undique
3416 1851 3587 1892 sacra
3614 1836 3921 1906 Evangelii

2261 1922 2491 1978 semina
2512 1921 2837 1993 jaciebant.
2881 1923 3094 1978 Verum
3124 1940 3232 1978 nec
3274 1923 3738 1981 imbecillitatem
3787 1941 3919 1981 cor-

2262 2012 2442 2084 poris,
2476 2012 2548 2066 de
2575 2028 2699 2084 qua
2724 2012 3044 2084 nihilapud
3060 2013 3421 2078 vetustiores,
3450 2015 3715 2070 Malthao
3737 2015 3919 2070 fuisse

2263 2101 2693 2172 impedimento
2724 2100 2956 2173 opinor,
2987 2118 3108 2174 quo
3127 2101 3325 2157 minus
3348 2103 3735 2173 Evangelium
3767 2119 3918 2176 pra-

2265 2189 2488 2245 dicaret
2525 2209 2542 2262 ;
2576 2207 2682 2246 nec
2744 2191 3040 2247 assentior
3087 2190 3320 2260 Niceta,
3376 2199 3514 2248 tunc
3573 2207 3609 2248 a
3647 2194 3922 2250 Matthao

2267 2281 2556 2350 scriptum
2592 2280 2774 2335 fuisse
2815 2279 3214 2349 Evangelium,
3249 2281 3496 2352 quando
3528 2281 3624 2337 alii
3665 2282 3918 2353 apostoli

2267 2370 2344 2426 ad
2365 2370 2726 2441 longinquas
2756 2370 2998 2442 profecti
3027 2377 3187 2426 erant
3209 2371 3544 2441 provincias
3580 2389 3592 2438 ;
3627 2372 3751 2437 sed,
3781 2387 3921 2427 cum

2269 2459 2398 2531 ipse
2434 2460 2662 2515 Nicetas
2694 2474 2829 2530 pag.
2872 2460 2976 2515 406
3007 2458 3188 2529 dicat,
3221 2460 3490 2515 omittere
3527 2476 3588 2515 se
3633 2461 3924 2532 praclara

2270 2554 2453 2618 gesta,
2512 2548 2955 2619 pradicationis
3006 2549 3290 2604 nimirum
3357 2554 3415 2604 et
3470 2549 3920 2615 miraculorum,

2268 2637 2473 2694 malim
2505 2639 2762 2702 credere,
2796 2643 3088 2694 oratorem
3139 2637 3281 2693 nihil
3312 2638 3453 2694 certi
3484 2639 3557 2693 de
3599 2638 3711 2694 illis
3751 2639 3922 2694 inve-

2269 2727 2445 2792 nisse,
2485 2743 2669 2798 quam
2720 2726 3054 2782 Matthaum
3110 2742 3228 2782 non
3273 2727 3674 2798 pradicasse:
3720 2743 3919 2799 neque

2267 2816 2424 2871 enim
2492 2816 2731 2887 scriptio
2812 2814 3115 2886 Evangelii
3195 2820 3361 2872 tanto
3431 2820 3700 2888 tempore
3783 2832 3922 2872 san-

2268 2909 2427 2960 ctum
2473 2905 2734 2961 detinere
2766 2904 2987 2970 debuit,
3019 2911 3074 2960 ut
3106 2921 3225 2960 non
3260 2906 3513 2976 potuerit
3543 2905 3753 2961 eodem
3779 2922 3920 2961 cum

2267 2993 2396 3048 aliis
2429 2999 2692 3066 tempore
2731 2994 3030 3066 proﬁcisci
3081 2995 3158 3052 ad
3215 2994 3579 3066 provinciam
3628 2994 3738 3051 sibi
3770 2995 3919 3050 assi-

503 3101 645 3141 nam
699 3099 814 3138 vox
856 3080 1259 3152 unusquisque
1288 3085 1516 3135 tantum
1557 3079 1813 3134 insinuat
1843 3095 2154 3134 numerum
2187 3119 2228 3177 Ο
2265 3089 2532 3154 gnatam.

504 3173 918 3243 interpretum,
954 3177 1015 3224 ut
1045 3186 1164 3225 non
1207 3168 1312 3224 ﬁat
1349 3167 1687 3235 verisimile,
1720 3167 1962 3238 Papiam
1992 3168 2156 3224 locu-

501 3267 629 3319 tum
662 3276 789 3316 esse
829 3259 902 3314 de
941 3258 1423 3329 interpretatione
1465 3256 1640 3312 totius
1679 3257 1978 3326 Evangelii
2035 3257 2155 3312 sive

507 3348 891 3407 translatione
965 3346 1025 3402 in
1068 3345 1337 3415 linguam
1389 3344 1676 3401 Gracam.
1725 3347 1917 3411 Quare
1962 3345 2158 3403 solum

505 3438 668 3502 dicit,
719 3436 918 3492 divina
955 3435 1207 3492 Oracula
1260 3451 1294 3490 a
1342 3436 1612 3490 Matthao
1645 3436 1864 3507 scripto
1904 3435 2153 3502 tradita;

504 3527 876 3584 abaliisvero
903 3540 1011 3596 pro
1026 3523 1491 3595 uniuscujusque
1522 3523 1846 3596 capacitate
1861 3525 2043 3580 verbo
2061 3530 2162 3581 aut

506 3617 727 3688 scripto
757 3615 1046 3688 exposita.
1079 3614 1274 3685 Itaque
1325 3611 1486 3668 nullo
1520 3615 1701 3668 modo
1735 3613 1965 3669 videtur
2000 3611 2160 3687 loqui

507 3707 579 3764 de
613 3704 997 3762 translatione
1019 3701 1312 3771 Evangelii
1354 3702 1412 3757 in
1443 3702 1710 3774 linguam
1739 3703 2026 3769 Gracam,
2059 3704 2162 3760 sed

504 3796 593 3853 vel
621 3795 818 3852 solum
850 3793 924 3849 de
954 3793 1375 3866 pradicatione
1409 3793 1720 3862 Evangelii,
1759 3792 1849 3848 vel
1881 3793 1954 3848 de
1985 3808 2158 3865 expo-

506 3885 717 3942 sitione
749 3899 981 3950 eorum,
1021 3898 1157 3953 qua
1180 3881 1239 3935 in
1273 3881 1588 3950 Evangelio
1614 3881 1866 3938 Matthai
1894 3897 2161 3938 occurre-

469 4039 473 4042 _
503 3975 650 4032 bant
677 3972 1030 4030 diﬂiciliora.
1063 3974 1177 4026 Hoc
1204 3970 1406 4027 fecisse
1435 3986 1930 4043 unumquemque
1961 3971 2160 4028 docto-

505 4081 639 4120 rum
679 4063 850 4119 facile
894 4059 1195 4118 credimus
1239 4075 1251 4113 :
1285 4063 1346 4115 at
1379 4075 1871 4132 unumquemque
1911 4076 2016 4132 pro
2048 4077 2158 4116 suo

504 4151 743 4222 ingenio
786 4148 1168 4218 Evangelium
1213 4147 1459 4204 Matthai
1505 4147 1771 4203 Gracum
1824 4149 2014 4204 facere
2054 4164 2156 4204 vo-

504 4240 703 4305 luisse,
746 4256 854 4295 nec
891 4237 1194 4294 verisimile
1246 4242 1350 4303 est,
1407 4253 1516 4291 nec
1559 4235 1699 4292 dicit
1740 4237 1969 4309 Papias.
2020 4238 2155 4295 Sola

503 4329 937 4385 neotericorum
991 4325 1282 4398 expositio
1335 4324 1684 4380 sententiam
1741 4324 1900 4382 illam
1962 4327 2152 4398 Papia

502 4417 783 4486 attribuit,
817 4417 950 4472 licet
991 4432 1101 4470 vox
1131 4415 1331 4470 Graca
1383 4415 1677 4486 ἡρμήνευσε
1727 4415 2152 4482 interpretatus

2335 3173 2430 3228 49.
2469 3172 2780 3229 Provincia
2807 3178 3028 3238 autem,
3075 3188 3206 3245 qua
3253 3172 3314 3228 in
3371 3172 3528 3227 Actis
3571 3173 3816 3228 edendis
3859 3178 3921 3231 et

2266 3261 2520 3318 aliorum
2554 3262 2888 3318 testimonio
2919 3262 3222 3331 assignata
3253 3261 3358 3317 fuit
3389 3267 3595 3317 sancto
3623 3262 3916 3329 Matthao,

2269 3357 2359 3407 est
2387 3351 2702 3422 Ethiopia,
2758 3351 3112 3406 latissimum
3144 3351 3352 3406 Africa
3399 3365 3676 3419 regnum,
3722 3352 3771 3405 si
3803 3367 3919 3407 vox

2270 3438 2567 3511 EthiOpia
2594 3440 2668 3495 sit
2694 3440 3080 3512 intelligenda
3101 3456 3278 3496 sensu
3297 3440 3558 3496 maxime
3587 3439 3782 3496 obvio.
3810 3442 3920 3496 Bn-

2270 3528 2448 3599 ﬁnus,
2488 3528 2588 3584 lib.
2621 3547 2677 3596 x,
2715 3545 2839 3601 cap.
2870 3533 2924 3595 9,
2958 3529 3084 3584 hac
3111 3528 3312 3585 scribit
3344 3545 3356 3584 :
3383 3551 3403 3578 ι
3439 3531 3502 3584 ln
3536 3545 3605 3584 ea
3631 3528 3922 3585 divisione

2272 3617 2426 3672 orbis
2470 3624 2648 3684 terra,
2695 3635 2829 3690 qua
2886 3619 2962 3673 ad
3004 3618 3454 3690 pradicandum
3516 3618 3766 3673 verbum
3823 3618 3922 3674 Dei

2273 3713 2426 3762 sorte
2461 3723 2563 3779 per
2593 3707 2897 3780 apostolos
2930 3706 3226 3763 celebrata
3271 3713 3358 3762 est
3392 3722 3405 3773 ;
3441 3723 3577 3761 cum
3620 3706 3752 3762 alia
3793 3706 3922 3762 aliis

2273 3795 2586 3866 provincia
2618 3796 3021 3861 obvenissent,
3037 3795 3276 3850 Thoma
3293 3794 3550 3857 Parthia,
3579 3794 3923 3850 etMatthao

2271 3884 2588 3956 Ethiopia,
2623 3885 2798 3956 eique
2828 3884 3140 3940 adharens
3171 3883 3404 3939 citerior
3429 3884 3594 3938 ludia
3625 3883 3925 3939 Bartholo-

2270 3989 2422 4028 mao
2453 3974 2666 4029 dicitur
2687 3980 2841 4030 sorte
2861 3973 3116 4029 decreta.
3152 3993 3179 4025 »
3207 3973 3428 4028 Eodem
3458 3974 3574 4027 fere
3605 3972 3786 4028 modo
3820 3975 3924 4029 So-

2267 4069 2472 4127 crates,
2506 4062 2602 4117 lib.
2641 4079 2672 4126 1,
2707 4078 2838 4134 cap.
2866 4063 2934 4119 49
2976 4081 2988 4120 :
3029 4081 3056 4113 (ι
3087 4061 3234 4116 Cum
3266 4061 3515 4134 apostoli
3553 4060 3923 4132 pradicatio-

2265 4150 2356 4204 nis
2387 4167 2570 4206 causa
2597 4151 2672 4207 ad
2700 4157 2904 4220 gentes
2944 4151 3279 4222 profecturi,
3313 4167 3414 4205 eas
3442 4150 3589 4206 inter
3612 4165 3674 4204 se
3707 4151 3920 4206 sortito

2264 4239 2599 4306 dividerint,
2651 4239 2912 4296 Thomas
2961 4239 3206 4311 quidem
3267 4238 3541 4307 Parthia,
3603 4239 3917 4294 Matthaus

2262 4343 2402 4384 vero
2432 4329 2734 4402 /Etl1iopia
2771 4329 3170 4399 apostolatum
3199 4329 3435 4384 sortitus
3462 4331 3568 4382 est.
3612 4327 3896 4383 Bartholo

2260 4433 2415 4475 mao
2446 4419 2626 4484 india,
2659 4435 2793 4490 qua
2833 4417 3143 4489 Ethiopia
3184 4416 3435 4472 conﬁnis
3461 4421 3568 4482 est,
3615 4415 3848 4486 obtigit.
3882 4437 3913 4468 ν

503 4515 605 4574 est,
639 4480 800 4562 illam
834 4504 1264 4576 expositionem
1298 4480 1542 4558 minime
1568 4503 1848 4575 requirat,
1883 4480 1985 4560 sed
2014 4522 2152 4577 pro-
2184 4480 2225 4535 ί)
2259 4507 2496 4564 Accedit
2518 4480 2868 4563 Fortu.natus
2893 4480 3050 4562 infra
3083 4505 3420 4562 laudandus
3452 4480 3588 4560 cum
3623 4480 3916 4576 διηέρια-

503 4602 632 4668 pter
682 4595 970 4666 adjuncta
1014 4593 1209 4666 potius
1243 4599 1472 4647 renuat.
1534 4596 1766 4648 Certum
1809 4594 1985 4664 igitur
2023 4612 2149 4651 esse

499 4684 696 4750 debet,
749 4680 1158 4755 apostolorum
1210 4687 1474 4754 tempore
1514 4679 1730 4736 factam
1775 4698 1907 4738 esse
1937 4685 2149 4740 versio-

499 4791 636 4830 nem
656 4775 942 4838 Gracam,
965 4770 1325 4841 unicamque
1357 4769 1540 4824 fuisse
1566 4770 1985 4842 approbatam,
2009 4789 2147 4829 cum

494 4864 570 4920 de
597 4861 867 4935 pluribus
893 4859 1091 4915 nullus
1121 4858 1474 4914 meminerit.
1509 4857 1755 4931 Reliqua
1780 4860 1853 4914 ad
1889 4862 2146 4930 Evange-

494 4951 642 5010 lium
674 4950 924 5008 Hatthai
965 4947 1294 5020 spectantia
1329 4947 1746 5020 interpretibus
1779 4965 1964 5005 sacra
1992 4950 2145 5006 Scri-

498 5047 681 5114 ptura
704 5037 1104 5096 examinanda
1134 5036 1428 5108 relinquo.

492 5185 520 5258 §
554 5185 644 5240 IV.
685 5180 1038 5240 Praedicatio
1091 5180 1285 5236 sancti
1321 5180 1594 5236 Matthxi
1656 5187 1708 5236 et
1753 5181 2138 5252 Martyrium.

560 5332 647 5384 48.
663 5331 740 5384 De
753 5327 1172 5400 pradicatione
1188 5325 1484 5394 Evangelii
1499 5325 1556 5380 in
1571 5325 1793 5393 Judaa,
1810 5331 2138 5398 antequam

488 5417 741 5490 apostoli
773 5418 831 5472 in
850 5416 1190 5484 designatas
1219 5413 1331 5469 sibi
1354 5413 1697 5485 provincias
1711 5414 2132 5480 discesserunt,

485 5505 719 5564 nullum
746 5511 834 5560 est
890 5505 1154 5559 dubium.
1187 5503 1420 5558 Nicetas
1452 5502 1747 5574 Paphlago
1773 5504 1831 5558 in
1859 5503 2136 5560 Oratione

484 5593 933 5661 encomiastica,
963 5592 1123 5664 apud
1146 5591 1589 5659 Combetiaium,
1625 5606 1763 5664 pag.
1779 5595 1906 5659 404,
1936 5598 2135 5651 osten-

2258 4597 2444 4663 ribus,
2478 4597 2628 4652 inter
2664 4613 2818 4668 quos
2854 4596 2984 4652 Milo
3020 4595 3353 4652 monachus
3398 4595 3457 4650 in
3498 4594 3625 4649 Vita
3661 4593 3913 4650 metrica

2259 4688 2314 4742 S.
2363 4686 2642 4751 Amandi,
2688 4691 2831 4742 tom.
2869 4692 2881 4741 t
2923 4684 3226 4741 Februarii
3275 4684 3434 4748 data,
3482 4699 3617 4756 pag.
3667 4686 3769 4740 874
3825 4683 3910 4742 ita

2254 4774 2416 4832 canit
2442 4793 2456 4831 :

2249 4891 2557 4947 Mattiacas
2594 4892 2880 4959 zEtiopas
2921 4895 3176 4946 torrente
3214 4889 3432 4944 ardore
3456 4895 3742 4944 crematos

2252 4964 2322 5020 Ut
2351 4964 2508 5019 Geon
2534 4963 2781 5019 eximius
2811 4969 3041 5018 sacrato
3067 4961 3246 5016 diluit
3283 4975 3470 5024 amne,

2248 5034 2325 5090 Et
2343 5035 2495 5104 facit
2525 5034 2585 5090 in
2620 5033 2860 5104 speciem
2895 5035 3040 5088 lotos
3081 5033 3334 5090 candere
3363 5031 3646 5088 nivalem.

2319 5154 2407 5206 50.
2458 5149 2843 5205 Florentinius
2888 5150 2946 5204 in
2978 5147 3139 5203 Notis
3169 5146 3248 5202 ad
3285 5145 3622 5201 Indiculum
3656 5149 3904 5216 aposto-

2245 5237 2439 5293 lorum
2490 5239 2547 5292 in
2593 5238 2856 5293 Matthao
2904 5251 3040 5308 pag.
3085 5237 3184 5291 158
3232 5236 3312 5291 ait
3353 5253 3366 5291 :
3424 5252 3453 5285 ‹‹
3510 5233 3903 5290 Communior

2249 5333 2444 5382 autem
2477 5326 2707 5381 videtur
2738 5329 3043 5390 sententia,
3080 5325 3418 5380 Matthaum
3445 5321 3805 5396 pradicassa
3838 5322 3899 5377 in

2246 5415 2497 5472 citeriori
2519 5415 2838 5485 Ethiopia,
2865 5431 2996 5486 qua
3026 5415 3269 5469 vicinior
3291 5419 3375 5467 est
3401 5411 3655 5483 Egypto
3684 5415 3741 5466 et
3759 5426 3900 5482 qua

2248 5506 2478 5561 Sonnar
2519 5503 2696 5559 hodie
2739 5502 2973 5567 dicitur,
3024 5517 3094 5558 ac
3149 5508 3452 5556 mortuum
3526 5502 3586 5555 in
3659 5500 3900 5555 civitate

2245 5595 2404 5652 Luch
2431 5593 2618 5666 (apud
2645 5607 2681 5647 a
2701 5591 2909 5664 Lapide
2939 5589 3160 5662 Luach)
3189 5590 3289 5646 ubi
3318 5589 3648 5646 etiamnum
3666 5585 3902 5660 templa
