4144 6184
246 300 347 355 781

1613 300 1782 357 νιτΑ
1823 303 1883 358 S.
1927 302 2287 358 MATTHEI.

3557 315 3664 371 782

244 426 307 479 in
339 425 630 480 honorem
663 424 850 480 sancti
883 424 1132 481 Matthaei
1158 429 1389 481 exstare
1415 425 1594 481 habet
1618 441 1684 480 ex
1713 427 1895 483 tradi-
1928 427 1971 482 A
2008 427 2310 484 Candaces
2334 427 2554 498 reginas
2575 428 2757 484 fuisse
2790 428 3046 503 Egypto
3073 431 3413 502 proximum
3442 439 3496 492 et
3519 453 3663 494 con-

243 514 509 569 tionibus
570 514 913 585 xEthiopum
982 514 1058 585 (et
1115 513 1318 569 litteris
1383 515 1892 571 missionariorum

244 601 528 674 quamvis
555 618 653 658 eas
673 618 789 657 non
814 603 1034 672 laudet)
1081 603 1438 659 Corueliusa
1457 604 1675 675 Lapide
1699 620 1831 677 cap.
1867 609 1896 660 3

246 692 522 748 Prooemii
558 693 616 746 in
660 693 1016 748 Matthmum.
1069 697 1336 766 Regnum
1385 693 1528 748 illud
1565 693 1894 765 Ethiopite,

243 783 408 853 quod
435 781 513 836 illi
545 782 799 847 Sonnar,
833 781 931 837 alii
968 784 1193 839 Sennar
1224 783 1555 846 nominant,
1590 782 1766 838 situm
1813 788 1900 840 est

243 871 396 926 inter
425 871 748 942 ngyptum
781 876 1102 944 etregnum
1127 872 1480 926 hodiernum
1508 872 1894 928 Habessinite.

240 958 429 1015 Jobus
484 958 791 1025 Ludolt‘us,
847 959 902 1014 in
977 960 1242 1016 Historia
1296 960 1649 1029 Ethiopica,
1705 961 1806 1017 lib.
1857 979 1892 1032 ι,

243 1064 374 1119 cap.
421 1052 475 1112 2,
509 1048 592 1102 ait
652 1064 905 1117 regnum
930 1050 1151 1104 Sennar
1208 1066 1335 1104 esse
1391 1055 1622 1122 partem
1683 1051 1896 1106 veteris

243 1137 470 1192 Nubim.
503 1137 828 1192 Martiniere
861 1139 918 1191 in
950 1138 1306 1194 Dictionario
1334 1139 1735 1211 geographico
1760 1143 1898 1194 Sen-

245 1242 356 1280 nar
383 1242 632 1294 regnum
668 1243 802 1280 cum
833 1241 1015 1295 regno
1047 1227 1251 1284 Nubiat
1293 1227 1448 1282 idem
1481 1227 1639 1284 facit.
1683 1231 1892 1284 Verum

243 1329 492 1369 necesse
523 1331 639 1369 non
665 1322 750 1369 est
775 1314 853 1370 ad
892 1317 1268 1387 propositum
1310 1323 1576 1372 nostrum
1601 1317 1780 1372 latius
1835 1318 1896 1372 id

241 1404 554 1473 indagare.
581 1402 730 1459 Satis
766 1409 852 1459 est
881 1404 1180 1460 indicasse
1211 1421 1464 1473 regnum
1508 1408 1735 1462 Sennar
1765 1423 1896 1462 esse

242 1493 306 1546 in
369 1497 532 1562 parte
611 1493 1048 1563 septentrionali
1113 1494 1423 1566 [Ethiopite
1478 1500 1534 1550 et
1624 1497 1897 1565 proxima

242 1582 518 1653 Egypto.
556 1585 616 1636 ln
645 1582 854 1637 eadem
873 1598 1117 1654 quoque
1149 1583 1453 1654 Ethiopias
1483 1589 1645 1655 parte
1661 1590 1896 1654 aposto-

245 1671 437 1726 lorum
456 1672 824 1742 temporibus
848 1687 1128 1740 regnasse
1148 1671 1464 1728 Candacen
1480 1675 1770 1741 reginam,
1791 1691 1892 1729 cu-

2004 518 2344 581 terminum,
2376 533 2510 571 cum
2551 518 2820 573 Candace
2871 520 3197 592 aliquando
3225 522 3351 577 sine
3407 527 3657 583 transitu

2007 604 2245 660 alterius
2270 605 2512 661 ditionis
2540 606 2599 662 in
2631 607 2950 678 Egyptum
2984 624 3056 664 ex
3086 625 3269 678 regno
3301 627 3412 667 suo
3435 615 3660 671 exerci-

2008 699 2134 750 tum
2161 695 2412 763 duxerit,
2439 700 2497 750 et
2527 711 2760 751 rursum
2796 697 3043 752 Romani
3074 699 3340 754 similiter
3371 700 3657 760 ditionem

2006 781 2194 852 ipsius
2220 782 2547 837 invaserint
2593 799 2664 840 ex
2705 785 2978 856 Egypto.
3035 787 3162 852 Qua
3216 789 3396 857 igitur
3427 791 3659 847 ratione

2006 887 2224 941 negare
2285 871 2475 943 potuit
2507 871 2686 929 ﬁdem
2749 875 2805 929 in
2848 873 3139 946 Ethiopia
3190 877 3658 948 septemtrionali

2005 962 2391 1034 praedicatam
2425 961 2605 1017 fuisse
2632 969 2770 1018 ante
2804 964 3088 1019 stecnlum
3124 982 3175 1020 ιν
3206 964 3232 1017 ?

2079 1055 2164 1106 5'2.
2200 1051 2524 1106 Audiamus
2571 1052 2772 1118 modo,
2814 1069 2936 1124 qua
2993 1055 3222 1109 ratione
3252 1055 3659 1113 Tillemontius

2005 1139 2218 1212 probet
2257 1139 2312 1193 in
2357 1142 2710 1206 Frumentio,
2748 1147 2891 1198 tom.
2927 1144 3036 1207 VII,
3073 1149 3212 1198 nota
3243 1149 3295 1209 2,
3327 1145 3508 1200 ﬁdem
3537 1163 3658 1203 non

2004 1227 2184 1283 fuisse
2216 1228 2668 1299 przrdicatamin
2694 1229 2979 1300 Ethiopia
3012 1233 3484 1303 septemtrionali
3519 1241 3656 1291 ante

2006 1315 2292 1370 saeculum
2321 1334 2392 1372 iv.
2426 1319 2675 1372 Sanctus
2693 1321 3059 1374 Frumentius
3079 1321 3385 1385 saeculoxv,
3416 1323 3660 1378 testibus

2007 1405 2403 1475 Ruﬁnolib.x,
2426 1422 2558 1477 cap.
2585 1410 2634 1470 9,
2665 1409 2900 1464 Socrate
2933 1409 3391 1481 aliisque,ﬁdem
3431 1427 3659 1468 annun-

2005 1493 2169 1549 tiavit
2197 1495 2492 1564 gentibus,
2523 1511 2675 1567 quos
2697 1495 2774 1551 illi
2803 1506 3017 1553 vocant
3050 1498 3224 1553 Indos
3251 1499 3578 1567 ulteriores,
3609 1508 3664 1557 et

2004 1582 2224 1654 quibus
2268 1583 2448 1638 ﬁdem
2499 1590 2634 1639 ante
2671 1599 2984 1655 nunquam
3039 1586 3424 1656 prmdicatam
3483 1589 3663 1646 fuisse

2007 1675 2313 1727 testantur.
2352 1675 2429 1727 Ex
2469 1672 2672 1727 litteris
2720 1688 2861 1728 vero
2917 1675 3240 1730 Constantii
3281 1677 3662 1748 imperatoris

239 1759 661 1830 juseunuchus
694 1778 728 1816 a
760 1767 965 1816 sancto
988 1761 1255 1834 Philippo
1287 1762 1544 1818 diacono
1563 1763 1896 1835 baptizatus
1938 1777 1976 1831 Β
2005 1760 2168 1831 apud
2183 1768 2452 1816 sanctum
2474 1762 2876 1819 Athanasium
2895 1763 2949 1818 in
2975 1763 3264 1835 Apologia
3281 1768 3355 1820 ad
3375 1767 3665 1824 Constan-

246 1857 359 1916 est,
394 1851 629 1906 abunde
657 1851 950 1921 colligitur
979 1869 1051 1908 cx
1081 1852 1251 1907 dictis
1272 1856 1298 1921 §
1323 1855 1347 1907 1
1376 1869 1390 1920 ;
1425 1859 1484 1909 at
1514 1870 1749 1908 rursum
1776 1870 1894 1910 non

247 1939 482 2012 inquiro
531 1957 603 1995 an
662 1939 760 1995 illa
812 1940 987 1996 latius
1049 1947 1152 1998 aut
1204 1943 1402 1997 minus
1438 1942 1552 1997 late
1599 1951 1892 2011 regnaret.

247 2028 550 2084 Sententia
577 2033 777 2085 autem
832 2029 1092 2096 illorum,
1145 2031 1247 2103 qui
1292 2031 1636 2086 existimant
1697 2034 1754 2087 in
1797 2032 1898 2087 illa

246 2124 414 2190 parte
445 2117 750 2190 Ethiopiaa
801 2119 1156 2190 praedicasse
1207 2127 1478 2175 sanctum
1535 2122 1893 2187 Matthaeum,

247 2206 390 2261 mihi
425 2207 756 2262 admodum
791 2207 1118 2278 probabilis
1147 2214 1396 2280 apparet
1436 2217 1492 2265 et
1522 2210 1894 2265 verisimilis:

245 2313 384 2351 cum
413 2297 553 2367 quia
595 2299 866 2367 proxima
898 2303 1023 2352 erat
1056 2300 1322 2354 Romano
1349 2300 1602 2370 imperio
1629 2316 1698 2354 ex
1733 2304 1899 2370 parte

245 2385 502 2458 Egypti,
529 2390 656 2440 tum
679 2385 829 2457 quia
857 2387 1168 2441 eunuchus
1201 2388 1418 2460 reginas
1442 2389 1742 2443 Candaces
1774 2391 1900 2443 erat

245 2489 591 2538 conversus,
621 2482 677 2529 et
706 2474 949 2529 deillius
980 2477 1364 2531 conversione
1394 2483 1551 2531 certo
1583 2477 1903 2532 constabat

250 2562 554 2634 apostolis,
579 2570 700 2618 tum
734 2563 875 2636 quia
900 2565 1163 2620 ecclesiae
1179 2566 1364 2620 sancti
1389 2567 1662 2630 Matthasi,
1679 2566 1899 2621 ibidem

247 2651 524 2720 inventas,
539 2652 1062 2724 insinuantpopuli
1082 2655 1389 2725 antiquam
1409 2656 1806 2719 traditionem,
1831 2671 1901 2710 ac

249 2743 494 2795 demum
528 2743 668 2814 quia
699 2741 1014 2812 scriptores
1039 2748 1326 2797 testantur
1344 2742 1696 2815 Ethiopiam
1722 2743 1901 2800 fuisse

250 2831 522 2886 Matthteo
549 2832 917 2900 assignatam
949 2848 962 2892 ;
990 2847 1097 2886 nec
1114 2831 1232 2886 ulla
1253 2833 1416 2902 regio
1450 2833 1640 2902 magis
1663 2834 1900 2905 proprie

249 2917 543 2990 Ethiopia
584 2918 942 2984 fuitvocata,
966 2921 1276 2992 quamilla,
1303 2921 1395 2975 cui
1430 2937 1648 2976 nomen
1693 2922 1899 2978 Ethio-

249 3007 363 3078 piaa
389 3007 682 3063 dederunt
705 3024 914 3064 omnes
937 3011 1266 3080 geographi
1295 3010 1538 3082 antiqui.

319 3097 407 3151 51.
437 3099 852 3152 Verumtamen
887 3114 957 3153 ea
1000 3099 1204 3170 opinio
1240 3099 1539 3170 displicuit
1586 3099 1896 3156 Tillemono
1926 3126 1969 3184 ο

249 3185 356 3244 tio:
382 3202 521 3240 nam
537 3185 654 3253 hic,
686 3193 827 3242 nota
843 3190 873 3241 '2
900 3186 960 3242 in
975 3189 1334 3257 Matthaeum,
1350 3188 1602 3258 allegata
1615 3190 1897 3260 opinione

247 3274 496 3331 Cornelii
529 3291 564 3330 a
589 3275 824 3346 Lapide,
844 3292 1024 3347 quam
1051 3277 1438 3332 Florentinius
1452 3277 1644 3334 retulit
1676 3279 1892 3350 potius,

247 3379 433 3436 quam
468 3369 704 3419 secutus
735 3371 841 3429 est,
875 3366 1126 3420 rotunde
1159 3365 1335 3421 edicit
1386 3382 1504 3422 non
1536 3367 1898 3438 praedicasse

248 3458 520 3507 sanctum
555 3452 889 3508 Matthteum
941 3452 999 3508 in
1050 3453 1349 3526 Ethiopia
1404 3455 1895 3527 septemtrionali.

248 3539 523 3595 Bailletus
557 3541 806 3596 ﬁdeliter
837 3547 1070 3596 secutus
1113 3545 1677 3600 estTillemontium.
1716 3546 1898 3601 Unica

248 3629 560 3701 utriusque
590 3630 760 3694 ratio,
789 3647 978 3703 eaque
1031 3647 1102 3686 ex
1163 3647 1358 3686 errore
1413 3639 1575 3695 nata,
1623 3633 1749 3688 haec
1788 3640 1894 3700 est,

248 3719 412 3789 quod
428 3718 723 3790 Aﬂthiopia
737 3719 1314 3791 septemtrionalis,et
1340 3722 1585 3792 IEgypto
1600 3723 1895 3793 proxima,

247 3821 372 3861 non
397 3809 690 3879 exceperit
711 3805 892 3862 ﬁdem
911 3807 1330 3872 Christianam,
1353 3809 1460 3863 nisi
1477 3810 1697 3865 steculo
1716 3826 1770 3864 iv
1799 3827 1902 3882 per

252 3897 308 3951 S.
345 3896 773 3952 Frumentium.
832 3896 1120 3952 Promittit
1179 3904 1376 3952 autem
1435 3904 1682 3970 uterque
1731 3899 1789 3954 id
1840 3916 1900 3955 se

249 3988 637 4039 ostensurum
671 3986 728 4040 in
765 3984 893 4040 Vita
931 3986 1119 4040 sancti
1154 3988 1465 4042 Frumenti.
1508 3990 1720 4042 Verum
1783 4003 1902 4043 non

253 4070 466 4127 dubito
487 4073 700 4129 eadem
731 4073 1017 4129 brevitate
1052 4075 1431 4147 respondere,
1465 4092 1534 4131 ex
1571 4076 1701 4131 sola
1735 4077 1902 4146 igno-

252 4160 450 4216 rantia
472 4167 740 4217 eterrore
774 4163 1101 4233 profectam
1134 4181 1260 4218 esse
1289 4169 1596 4236 utriusque
1621 4165 1900 4235 objectio-

252 4265 415 4318 nem,
457 4249 621 4321 quod
663 4266 914 4320 regnum
944 4251 1308 4307 Habessinias
1349 4254 1724 4309 confuderint
1766 4271 1900 4310 cum

254 4336 548 4408 Ethiopia
590 4339 1107 4411 septemtrionali;
1159 4341 1470 4397 historiam
1521 4359 1660 4397 vero
1716 4343 1904 4399 sancti

2005 1847 2175 1913 tium,
2236 1854 2380 1904 tom.
2417 1852 2450 1914 l,
2506 1867 2645 1922 pag.
2705 1854 2828 1920 315,
2874 1853 3212 1908 ostenditur
3267 1856 3662 1912 Frumentium

2006 1938 2189 1993 fuisse
2216 1940 2564 2010 episcopum
2593 1942 3060 1998 Anxumitanum
3087 1943 3210 1996 sive
3236 1946 3662 2000 Axnmitanum

2005 2027 2066 2082 in
2126 2026 2435 2100 Aﬁthiopia.
2495 2031 2597 2084 Per
2643 2028 2818 2085 lndos
2869 2030 3052 2099 igitur
3109 2031 3474 2101 intelligendi
3528 2039 3665 2089 sunt

2006 2116 2321 2187 Ethiopes,
2356 2123 2411 2172 et
2440 2119 2842 2190 consequitur,
2878 2125 2939 2173 ut
2981 2119 3076 2174 his
3112 2119 3294 2175 ﬁdem
3351 2137 3661 2194 nunquam

2007 2212 2143 2261 ante
2175 2206 2462 2261 seaculum
2495 2223 2552 2262 1v
2583 2208 2968 2278 pradicatam
3020 2207 3204 2264 fuisse
3231 2210 3530 2264 dicamus.
3566 2214 3667 2266 Re-

2007 2295 2277 2367 spondeo
2311 2301 2496 2350 totum
2521 2296 2635 2350 hoc
2654 2295 3026 2352 ratiocinium
3055 2297 3358 2353 tolerabile
3376 2299 3664 2363 futurum,

2008 2383 2055 2438 si
2091 2393 2318 2439 Axuma
2346 2391 2495 2439 esset
2523 2385 2582 2439 in
2609 2383 2904 2457 Ethiopia
2936 2387 3425 2458 septemtrionali.
3452 2390 3664 2444 Verum

2010 2478 2242 2528 Axuma
2272 2479 2356 2528 est
2389 2473 2447 2528 in
2484 2473 2850 2540 Habessinia,
2895 2476 3067 2547 cujus
3120 2474 3260 2530 olim
3293 2476 3402 2531 fuit
3447 2483 3664 2533 metro-

2010 2561 2187 2633 polis,
2219 2577 2326 2616 nec
2358 2566 2444 2616 est
2474 2564 2530 2617 in
2561 2567 2723 2633 parte
2756 2563 3228 2634 septemtrionali
3257 2565 3565 2635 Ethiopm,
3590 2566 3664 2621 de

2010 2666 2131 2723 qua
2151 2651 2550 2722 disputamus.
2583 2654 2790 2706 Totum
2824 2667 3070 2720 regnum
3119 2653 3363 2719 Sennar,
3399 2659 3459 2708 ut
3487 2654 3664 2709 hodie

2011 2745 2276 2800 vocatur.
2307 2741 2428 2795 sive
2459 2739 2757 2795 Nubiense
2806 2756 3080 2811 regnum,
3116 2747 3218 2796 aut
3275 2757 3527 2810 regnum
3557 2745 3666 2800 Me-

2009 2845 2161 2894 roes,
2193 2829 2290 2884 ubi
2322 2829 2459 2884 olim
2494 2829 2698 2901 regina
2713 2830 2986 2885 Candace
3011 2829 3498 2902 lateimperabat,
3517 2831 3667 2887 inter

2007 2917 2334 2990 Egyptum
2367 2924 2422 2974 et
2469 2924 2844 2974 Auxumense
2884 2918 2977 2973 vel
3029 2924 3370 2974 Axumense
3411 2934 3662 2990 regnum

2009 3013 2098 3063 est
2129 3006 2569 3071 intermedium,
2604 3006 2752 3062 sicut
2781 3005 2964 3063 modo
3004 3022 3256 3077 regnum
3290 3009 3515 3064 Sennar
3554 3007 3666 3065 Ha-

2007 3097 2334 3154 bessiniam
2380 3097 2532 3152 inter
2553 3102 2607 3152 et
2631 3097 2950 3169 Egyptum
2961 3099 3133 3168 jacet.
3155 3099 3529 3170 Quapropter
3551 3098 3664 3155 tale

2007 3193 2096 3242 est
2123 3188 2371 3242 omnino
2391 3192 2809 3255 argumentum
2827 3187 3204 3250 Tillemontii,
3239 3203 3306 3243 ac
3321 3189 3365 3243 si
3380 3187 3515 3260 quis
3532 3204 3666 3260 pro-

2007 3276 2207 3333 basset
2236 3274 2416 3330 ﬁdem
2457 3291 2574 3330 non
2607 3274 2786 3330 fuisse
2818 3277 3205 3348 praedicatam
3231 3277 3286 3331 in
3322 3278 3503 3332 Frisia
3527 3285 3664 3334 ante

2009 3366 2291 3421 saeculum
2323 3380 2422 3427 vu,
2456 3363 2715 3436 indeque
2764 3364 2977 3419 inferre
3003 3365 3175 3420 vellet
3222 3371 3499 3420 eamdem
3543 3381 3662 3422 non

2011 3454 2188 3509 fuisse
2221 3458 2355 3508 ante
2383 3452 2608 3507 dictum
2637 3453 2922 3508 saeculum
2951 3454 3007 3509 in
3038 3453 3229 3509 Gallia
3253 3455 3660 3526 praedicatam.

2009 3543 2291 3614 Princeps
2308 3547 2614 3606 Auxuma,
2651 3541 2812 3612 apud
2830 3559 3011 3613 quem
3049 3547 3316 3613 tempore
3345 3544 3665 3600 Constantii

2010 3638 2063 3688 et
2095 3629 2595 3686 Athanasiiﬁdem
2627 3631 3238 3701 pradicavitsanctus
3265 3633 3662 3697 Frumentius,

2011 3725 2241 3793 poterat
2257 3719 2500 3790 quidem
2518 3734 2726 3788 pacem
2742 3735 2876 3772 cum
2894 3719 3175 3774 Romanis
3193 3727 3292 3774 aut
3323 3718 3666 3774 inimicitias

2011 3823 2300 3870 exercere,
2334 3808 2472 3878 quia
2514 3807 2943 3862 dominabatur
2965 3807 3040 3861 ad
3075 3806 3270 3862 sinum
3302 3807 3662 3873 Arabicum;

2011 3897 2115 3952 sed
2143 3896 2289 3951 alias
2323 3895 2497 3964 longe
2529 3895 2734 3950 aberat
2765 3911 2801 3949 a
2831 3893 3050 3950 ﬁnibus
3083 3894 3314 3965 imperii
3375 3895 3663 3963 Romani;

2012 3986 2114 4042 sed
2141 3986 2270 4040 hsec
2295 3984 2470 4039 latius
2497 3983 2903 4040 examinanda
2931 3983 3170 4038 venient
3203 3985 3260 4038 in
3289 3987 3498 4039 sancto
3533 3986 3669 4040 Fru-

2016 4074 2235 4129 mentio
2257 4071 2334 4129 ad
2365 4073 2432 4126 27
2465 4072 2755 4138 Octobris,
2823 4071 2924 4126 ubi
2976 4070 3150 4127 simul
3203 4071 3550 4144 inquiretur,
3589 4089 3668 4129 an

2014 4161 2354 4218 rectelndia
2384 4166 2595 4216 vocata
2626 4159 2802 4216 fuerit
2830 4161 2994 4230 regio
3051 4175 3157 4232 per
3195 4166 3470 4217 sanctum
3536 4164 3672 4218 Fru-

2014 4251 2301 4308 mentium
2329 4265 2635 4305 conversa.

2087 4345 2173 4396 53.
2227 4339 2398 4405 Quod
2452 4343 2876 4408 argumentum
2930 4337 3281 4393 Tillemontii
3344 4344 3671 4412 utcumque

254 4428 574 4482 Frumentii
612 4429 759 4483 adeo
802 4444 924 4483 non
945 4429 1183 4485 obstare
1216 4433 1399 4486 sancti
1424 4430 1882 4504 Matthaeipraadi
1941 4443 1984 4497 ι)
2017 4428 2254 4496 evincit,
2279 4433 2332 4483 et
2364 4428 2537 4483 latius
2556 4427 2762 4498 probat
2785 4425 2970 4481 Jobus
3005 4426 3286 4482 Ludolfus
3318 4429 3374 4482 in
3422 4428 3673 4484 Historia

253 4515 554 4571 cationiin
589 4518 883 4590 .Ethiopia
918 4520 1402 4589 septemtrionali,
1439 4525 1499 4574 ut
1545 4523 1739 4592 potius
1780 4520 1909 4576 haec

254 4604 604 4676 prmdicatio
637 4605 1017 4660 verisimilior
1052 4607 1153 4662 ﬁat
1185 4623 1254 4662 ex
1289 4608 1385 4662 illa
1426 4609 1687 4664 historia.
1725 4611 1910 4664 Prius-

256 4709 441 4765 quam
477 4699 674 4749 tamen
704 4701 1123 4764 argumentum
1153 4695 1343 4767 ipsius
1369 4697 1712 4763 discutiam,
1749 4697 1912 4754 lubet

258 4783 470 4852 paucis
501 4781 816 4836 ostendere
839 4798 1020 4853 quam
1039 4783 1182 4838 belle
1206 4801 1410 4840 secum
1444 4785 1568 4856 ipse
1591 4786 1907 4841 cohaereat.

259 4868 700 4934 Tillemontius,
725 4875 870 4924 tom.
899 4871 942 4924 ll
964 4871 1022 4924 in
1053 4874 1107 4927 S.
1128 4873 1394 4946 Philippo
1420 4874 1694 4940 diacono,
1727 4891 1908 4946 expo-

258 4959 342 5013 nit
363 4965 529 5026 gesta
549 4959 804 5013 eunuchi
829 4960 1044 5030 reginas
1058 4961 1386 5026 Candaces,
1409 4979 1590 5033 quem
1607 4961 1912 5034 Philippus

258 5045 551 5102 diaconus
577 5047 756 5102 ﬁdem
811 5048 1202 5104 Christianam
1231 5051 1432 5105 docuit
1485 5057 1540 5105 et
1569 5051 1910 5124 baptizavit.

262 5135 387 5190 Act.
409 5139 458 5190 8.
488 5137 712 5191 Laudat
736 5135 1101 5191 ibisanctnm
1125 5141 1432 5205 Irenaeum,
1453 5139 1640 5204 lib.iii,
1671 5157 1804 5211 cap.
1831 5145 1912 5207 t2,

265 5231 540 5280 sanctum
581 5225 860 5298 Cyrillum
895 5226 1492 5299 Hierosolymitanum
1527 5231 1647 5284 Cat.
1690 5231 1768 5292 l7,
1797 5231 1918 5284 Hie-

263 5329 607 5385 ronymum,
632 5314 942 5368 Eusebium
962 5315 1246 5388 aliosque,
1263 5316 1559 5382 docentes,
1575 5317 1915 5372 eunuchum

264 5403 431 5457 illum
449 5403 507 5456 in
534 5401 888 5473 IEthiopiam
914 5401 1091 5456 fuisse
1106 5406 1351 5459 missum
1369 5405 1442 5459 ad
1467 5406 1918 5477 prmdicandum

269 5490 653 5560 Evangelium
687 5508 700 5556 ;
733 5491 920 5562 iisque
950 5494 1286 5557 assentitur,
1317 5498 1421 5548 aut
1450 5501 1602 5549 certe
1635 5511 1755 5549 non
1783 5511 1922 5548 con-

263 5579 962 5637 tradicitTillemontius.
1013 5581 1188 5654 Atqui
1242 5589 1468 5639 certum
1508 5591 1612 5650 est,
1667 5599 1920 5656 regnum

2017 4517 2350 4588 Ethiopica
2389 4516 2511 4570 sive
2531 4516 2695 4585 regni
2728 4514 3214 4581 Habessinorum,
3235 4515 3333 4570 lib.
3353 4530 3434 4581 ιιι,
3457 4533 3590 4588 cap.
3618 4522 3671 4583 2,

2018 4607 2198 4662 ﬁdem
2219 4603 2639 4676 Apostolorum
2659 4609 2923 4675 tempore
2943 4603 3329 4674 prmdicatam
3345 4620 3464 4660 non
3495 4604 3674 4661 fuisse

2020 4695 2078 4750 in
2101 4709 2287 4762 regno
2319 4691 2775 4747 Auxumitarum
2809 4691 2933 4746 sive
2967 4691 3458 4758 Habessmorum,
3486 4693 3676 4764 magis

2021 4781 2388 4838 verisimilem
2404 4781 2541 4836 facit
2563 4780 3031 4851 praedicationem
3053 4781 3363 4837 S.ltlatthtei
3385 4782 3442 4836 in
3463 4780 3677 4838 IEthio-

2021 4874 2121 4944 pia
2137 4871 2390 4943 Egypto
2421 4869 2811 4923 contermina.
2845 4868 3281 4924 Hinclaudatus
3313 4869 3594 4924 Ludolfus
3618 4870 3677 4924 in

2024 4960 2330 5016 Annotatis
2362 4959 2436 5013 ad
2463 4957 2564 5012 lib.
2597 4973 2674 5021 ιιι,
2719 4973 2858 5028 cap.
2899 4961 2952 5020 2,
2978 4971 3116 5028 pag.
3147 4962 3252 5013 280
3305 4975 3376 5013 ex
3424 4958 3682 5014 Historia

2024 5049 2363 5120 Ethiopica
2393 5046 2744 5102 Balthasaris
2795 5045 3039 5111 Tellezii,
3075 5062 3260 5117 quam
3329 5047 3684 5118 frequentis-

2025 5140 2171 5194 sime
2191 5139 2415 5202 laudat,
2443 5135 2568 5190 haec
2587 5135 2897 5190 adducitet
2923 5136 3192 5207 sequitur
3216 5135 3429 5195 verba:
3466 5158 3489 5186 ι
3511 5136 3680 5201 Quod

2027 5226 2296 5284 nonnulli
2339 5225 2538 5280 dicunt
2579 5229 2851 5279 sanctum
2900 5224 3238 5279 Mattliaaum
3293 5225 3680 5297 Evangelium

2028 5315 2373 5388 praedicasse
2415 5314 2472 5368 in
2487 5311 2807 5384 Ethiopia,
2838 5328 2929 5367 res
2960 5316 3110 5367 inter
3143 5313 3500 5369 Habessinos
3533 5330 3683 5371 nova

2029 5411 2138 5472 est,
2166 5411 2221 5459 et
2253 5403 2641 5458 fundamento
2672 5407 2850 5456 caret.
2879 5403 3024 5456 Cum
3055 5401 3310 5470 religiosi
3347 5404 3528 5459 nostri
3561 5403 3680 5460 illis

2031 5511 2099 5549 ex
2141 5492 2398 5548 historiis
2429 5491 2646 5545 nostris
2681 5491 2742 5545 id
2784 5496 3113 5554 narrarent,
3149 5492 3582 5561 responderunt
3605 5493 3684 5565 (et

2031 5582 2276 5655 quidem
2305 5585 2480 5645 recte,
2507 5580 2589 5635 ait
2611 5578 2924 5652 Ludolfus)
2951 5578 3534 5652 hocintelligendum
3561 5597 3690 5638 esse
