4094 6230
577 265 684 320 783

1918 260 2179 316 MENSIS
2219 259 2665 318 SEPTEMHER.

3865 267 3950 324 784

576 389 652 446 de
683 387 1253 461 Ethiopiaint’eriori
1277 387 1523 460 (scilicet
1541 391 1597 444 et
1619 387 1854 460 proprie
1870 385 2227 458 dicta,addit
2258 388 2300 440 A
2342 387 2712 451 Fortunatus,
2752 386 3256 455 Eucherius,Ado,
3285 386 3590 444 Usuardus
3613 388 3950 461 etRabanus,

575 476 884 548 Ludolfus)
916 492 1049 548 qua
1103 476 1439 533 extenditur
1477 492 1512 532 a
1555 478 1870 548 Suaquena
1911 490 2102 547 usque
2167 476 2225 530 in

575 565 1416 639 Egyptquuandoquidem
1434 566 1650 620 nullam
1670 581 1935 637 unquam
1953 563 2225 620 notitiam

575 656 817 726 habent,
853 655 1016 727 quod
1044 661 1284 711 sanctus
1309 655 1611 711 Matthaus
1625 661 1725 710 aut
1743 654 2048 726 apostolus
2073 652 2225 709 alius

574 745 984 802 Habessiniam
1006 744 1305 800 intraverit
1323 744 1480 814 (ante
1504 742 2220 806 sanctumFrumentium,

574 840 636 890 ut
665 849 902 890 rursum
935 833 1101 888 addit
1161 832 1466 904 Ludolfus)
1502 832 1579 888 uti
1638 835 1799 888 certo
1851 832 2066 886 docent
2089 830 2224 886 libri

571 922 805 979 illorum
838 928 1016 994 atque
1043 921 1148 977 viri
1167 921 1402 977 illorum
1423 921 1602 987 docti,
1628 920 1733 993 qui
1769 921 2027 976 maxime
2054 918 2224 990 gnari

572 1011 687 1067 sibi
726 1011 996 1066 videntur
1023 1027 1150 1067 esse
1192 1010 1582 1083 antiquitatis.
1611 1033 1638 1060 n
1668 1009 1876 1065 Subdit
1902 1007 2180 1064 Ludolfus
2206 1025 2218 1063 :

571 1124 597 1151 «
634 1101 900 1157 Proxime
935 1099 1116 1169 igitur
1147 1099 1223 1155 ad
1276 1100 1580 1154 veritatem
1623 1099 1903 1154 accedere
1945 1098 2222 1153 videntur

569 1189 629 1257 ii,
665 1189 763 1262 qui
797 1189 1001 1246 Nubia
1016 1190 1470 1244 conversionem
1488 1189 1758 1243 Matthao
1783 1187 2053 1258 apostolo
2078 1187 2222 1242 assi-

570 1289 1073 1350 gnaverunt,qua
1105 1277 1349 1332 indubie
1377 1275 1684 1348 Ethiopia
1713 1278 1971 1348 antiqua
2003 1279 2059 1331 et
2089 1291 2222 1347 pro-

569 1369 694 1440 prie
735 1368 905 1423 dicta
933 1383 1072 1439 pars
1103 1370 1209 1421 est.
1243 1389 1269 1416 »
1302 1369 1379 1421 Ex
1406 1366 1566 1421 hisce
1589 1365 1765 1435 igitur
1786 1365 1987 1437 liquet,
2013 1365 2220 1420 Ethio-

567 1457 730 1529 piam
791 1456 1044 1528 Egypto
1094 1458 1457 1526 proximam,
1497 1471 1634 1527 qua
1677 1453 1919 1510 nomine
1964 1453 2220 1510 maxime

568 1546 812 1618 proprio
839 1544 1134 1615 Ethiopia
1169 1544 1276 1599 fuit
1313 1544 1468 1599 dicta
1528 1549 1786 1614 tempore
1841 1543 2027 1598 sancti
2089 1545 2221 1599 Mat-

568 1634 724 1700 thai,
760 1639 815 1689 et
849 1633 946 1688 ubi
981 1632 1187 1688 incola
1219 1634 1390 1702 nigro
1417 1639 1554 1687 sunt
1580 1632 1774 1688 colore
1808 1633 2000 1701 magis
2031 1648 2216 1703 quam

2335 475 2664 530 Matthaum
2708 477 2766 530 in
2795 475 3090 547 lEthiopia
3120 477 3479 547 pradicasse
3514 478 3770 543 tradunt,
3801 479 3950 551 idque

2334 563 2890 634 prohabilissimum
2932 571 3096 636 puto,
3128 566 3177 619 si
3211 580 3332 621 non
3358 567 3537 621 etiam
3564 566 3824 622 historice
3855 583 3948 623 cer-

2335 655 2459 706 tum
2504 652 2702 709 dicere
2733 657 3022 725 oporteat.

2406 745 2491 797 55.
2520 743 2937 798 Verumtamen
2981 741 3367 798 nominantur
3392 748 3446 797 et
3477 742 3611 798 alia
3643 745 3946 815 provincia,

2334 831 2389 886 in
2423 830 2643 902 quibus
2674 831 3208 903 pradicaverit,aut
3240 835 3489 888 mortem
3517 831 3726 888 obierit
3747 841 3948 889 sanctus

2333 921 2661 977 Matthaus.
2680 919 2740 976 S.
2765 922 3192 977 Ambrosiusin
3223 923 3528 978 Psalmum
3557 939 3690 986 va,
3709 939 3860 978 num.
3879 925 3944 987 ‘20,

2331 1008 2430 1074 ait,
2461 1010 2730 1065 Matthao
2760 1011 3022 1066 Persiam
3055 1011 3341 1082 patuisse,
3377 1017 3432 1067 et
3456 1012 3698 1068 Thoma
3733 1013 3944 1081 lndiam,

2332 1097 2642 1154 insinuans
2681 1099 2858 1155 ﬁdem
2882 1118 2917 1156 a
2950 1108 3159 1156 sancto
3186 1101 3455 1157 Matthao
3488 1101 3546 1156 in
3580 1100 3807 1158 Perside
3830 1118 3945 1173 pra-

2331 1187 2614 1243 dicatam.
2653 1190 2901 1244 Sanctus
2931 1190 3208 1245 Paulinus
3237 1190 3497 1246 Nolanus
3531 1191 3591 1246 in
3622 1193 3874 1247 Poemate
3895 1194 3943 1247 t9

2330 1277 2446 1332 ait:
2495 1297 2522 1328 «
2555 1277 2786 1333 Parthia
2818 1279 3163 1335 Matthaum
3195 1279 3627 1352 complectitur.
3663 1297 3692 1334 ἢ
3716 1285 3939 1335 Consen-

2330 1367 2483 1422 tiunt
2496 1368 2903 1439 Martyrologia
2921 1369 3641 1440 Hieronymianainferius
3657 1369 3940 1433 laudanda,

2329 1454 2386 1509 in
2419 1456 2642 1528 quibus
2665 1472 2827 1512 mors
2853 1456 3113 1512 sanctiin
3149 1458 3383 1514 Perside
3407 1458 3750 1528 ﬁgitur.Alii
3780 1458 3942 1512 viden-

2329 1545 2424 1597 tur
2449 1543 2642 1599 dicere
2675 1546 2733 1600 in
2762 1545 3002 1602 Parthia
3042 1552 3313 1601 sanctum
3342 1563 3472 1602 esse
3505 1551 3800 1602 mortuum
3825 1562 3835 1611 ;
3861 1545 3940 1600 sed

2329 1631 2756 1688 censendisunt
2781 1633 3080 1690 Parthiam
3109 1651 3224 1690 non
3251 1636 3596 1691 distinxisse
3617 1652 3651 1690 a
3675 1639 3938 1690 Persarum

566 1722 623 1778 in
659 1722 1031 1785 Habessinia,
1057 1721 1213 1776 nullo
1241 1728 1596 1790 argumento
1637 1721 1944 1777 exclusam
1977 1720 2158 1777 fuisse
2182 1737 2217 1776 a
2253 1735 2296 1792 Β
2326 1720 2598 1792 imperio,
2630 1724 2792 1795 quod
2829 1723 3019 1779 Parthi
3085 1729 3344 1795 tempore
3393 1725 3645 1780 Matthai
3706 1724 3934 1780 domina-

565 1811 990 1884 pradicatione
1017 1811 1197 1866 sancti
1241 1811 1514 1866 Matthai.

635 1901 725 1957 54.
760 1904 936 1956 Porro
960 1899 1321 1971 )Ethiopiam
1357 1899 1533 1955 fuisse
1564 1915 1918 1954 conversam
1949 1899 2051 1954 diu
2079 1903 2216 1955 ante

564 1989 876 2047 concilium
901 1989 1224 2053 Nicanum,
1258 1988 1488 2042 videtur
1511 1987 1754 2058 probari
1779 2003 1848 2042 ex
1883 1988 2216 2043 canonibus

565 2078 830 2134 Arabicis
869 2077 1353 2142 conciliiNicani,
1382 2093 1530 2149 quos
1555 2077 1848 2132 habemus
1875 2077 2037 2148 apud
2068 2076 2215 2133 Lab-

564 2167 743 2223 beum
788 2171 928 2221 tom.
973 2166 1460 2232 llConciliorum;
1527 2181 1666 2221 nam
1695 2166 1752 2220 in
1803 2164 1892 2219 his
1958 2180 2090 2238 cap.
2124 2167 2212 2232 36,

565 2255 678 2312 col.
710 2255 832 2318 302,
891 2255 971 2309 ita
1011 2255 1260 2324 legitur:
1321 2277 1348 2305 «
1383 2253 1456 2308 Ut
1504 2270 1622 2310 non
1647 2255 1874 2327 possint
1914 2253 2214 2326 .‘Ethiopes

564 2360 763 2402 creare
786 2359 893 2399 nec
910 2343 1121 2413 eligere
1145 2341 1543 2415 patriarcham
1570 2362 1582 2412 ;
1616 2343 1762 2415 quin
1792 2342 1984 2415 potius
2005 2358 2212 2398 eorum

564 2433 842 2506 pralatus
884 2432 998 2487 sub
1025 2437 1312 2504 potestate
1361 2431 1492 2504 ejus
1522 2431 1616 2497 sit,
1654 2432 1756 2504 qui
1815 2435 1974 2487 tenet
2008 2431 2212 2487 sedem

563 2522 948 2579 Alexandria.
977 2522 1059 2579 Sit
1096 2528 1294 2577 tamen
1327 2522 1490 2594 apud
1531 2538 1631 2576 eos
1662 2521 1792 2576 loco
1834 2519 2209 2593 patriarcha,

563 2618 620 2669 et
654 2611 986 2684 appelletur
1036 2611 1388 2667 catholicus.
1431 2611 1558 2666 Non
1615 2617 1812 2666 tamen
1854 2611 1951 2680 jus
1992 2609 2214 2665 habeat

563 2701 956 2759 constituendi
989 2700 1494 2774 archiepiscopos,
1528 2706 1590 2756 ut
1620 2699 1798 2755 habet
1829 2698 2208 2772 patriarcha:

563 2791 858 2865 siquidem
887 2807 1006 2846 non
1040 2789 1221 2846 habet
1257 2790 1602 2862 patriarcha
1642 2790 1932 2844 honorem
1962 2804 2069 2843 nec
2105 2803 2210 2860 po-

562 2886 853 2938 testatem.
889 2879 1059 2946 Quod
1091 2880 1137 2934 si
1171 2879 1445 2934 acciderit
1483 2885 1544 2933 ut
1583 2877 1901 2934 concilium
1943 2877 2000 2932 in
2060 2879 2208 2933 Gra-

562 2971 653 3026 cia
682 2969 995 3032 habeatur,
1073 2967 1365 3039 fueritque
1419 2982 1682 3038 prasens
1765 2966 1859 3020 hic
1927 2965 2208 3037 pralatus

564 3057 924 3129 Ethiopum,
964 3055 1517 3147 haheatseptimum
1535 3055 2206 3147 locumpostpralatum
2248 3092 2287 3147 Ο

563 3148 860 3206 Seleucia.
897 3149 960 3202 Et
1011 3145 1260 3218 quando
1298 3145 1454 3201 facta
1495 3145 1666 3200 fuerit
1696 3145 1746 3200 ei
1781 3151 2042 3217 potestas
2073 3161 2210 3201 con-

562 3235 842 3293 stituendi
871 3235 1349 3307 archiepiscopos
1367 3234 1424 3290 in
1449 3234 1754 3307 provincia
1780 3250 1907 3303 sua,
1934 3250 2051 3290 non
2073 3234 2208 3290 lice-

559 3324 646 3383 bit
672 3324 747 3380 illi
778 3325 1136 3380 constituere
1166 3323 1426 3395 aliquem
1465 3339 1536 3379 ex
1564 3322 1676 3378 illis
1707 3340 1718 3376 :
1763 3329 1817 3378 et
1841 3324 2208 3396 quicumque

560 3429 681 3470 non
714 3413 997 3486 paruerit,
1025 3411 1294 3484 synodus
1326 3428 1463 3467 eum
1503 3413 2009 3469 excommunicat.
2041 3434 2067 3460 »
2100 3415 2210 3468 No-

560 3503 665 3560 lim
690 3508 887 3558 tamen
907 3502 1285 3565 contendere,
1311 3502 1470 3558 hunc
1487 3517 1780 3557 canonem
1797 3501 1972 3557 fuisse
1986 3501 2209 3558 factum

561 3590 859 3648 aconcilio
881 3590 1117 3647 Nicano
1138 3607 1150 3656 ;
1171 3607 1306 3645 cum
1323 3606 1441 3645 non
1466 3591 1759 3660 ignorem,
1775 3606 2038 3646 canones
2071 3596 2208 3646 Ara-

561 3680 726 3738 bicos
766 3679 844 3736 ab
873 3679 1120 3735 eruditis
1146 3680 1370 3752 passim
1398 3680 1580 3751 rejici.
1617 3680 1678 3734 Id
1714 3696 1900 3734 unum
1932 3681 2207 3745 observo,

561 3784 879 3834 canonem,
905 3768 950 3822 si
981 3768 1128 3841 quid
1155 3770 1330 3837 valet,
1381 3769 1552 3824 unice
1607 3768 1802 3824 valere
1856 3784 1964 3840 pro
1995 3768 2204 3835 Nuhia,

559 3859 681 3914 sive
709 3873 818 3930 pro
847 3857 1150 3928 IEthiopia
1180 3857 1329 3913 inter
1362 3856 1770 3912 Habessiniam
1803 3864 1858 3913 et
1891 3861 2207 3930 .Egyptum

561 3947 781 4002 media.
815 3945 1097 4002 Attulerat
1117 3945 1398 4001 eumdem
1422 3945 1703 4001 Ludoll'us
1730 3948 1787 4001 in
1819 3946 2072 4002 Historia
2099 3962 2210 4002 sua

561 4036 637 4094 ad
670 4036 1122 4092 conversionem
1158 4035 1522 4090 Habessinia
1550 4034 2082 4106 probandamgsed
2108 4051 2202 4108 po-

561 4131 686 4180 stea
719 4125 776 4179 in
808 4124 1118 4180 Adnotatis
1150 4139 1289 4194 pag.
1328 4127 1432 4178 282
1469 4124 1606 4178 vidit
1645 4127 1704 4178 et
1744 4123 2032 4179 indicavit
2068 4140 2208 4180 ana-

560 4212 991 4279 chronismum,
1025 4230 1161 4268 cum
1207 4212 1736 4268 Habessiniafuerit
1762 4228 2049 4268 conversa
2076 4219 2209 4284 post

561 4301 880 4358 concilium
926 4303 1248 4368 Nicanum,
1283 4308 1344 4356 ut
1373 4302 1498 4372 ipse
1530 4301 1802 4371 agnoscit
1856 4302 2205 4373 Lequienus,

559 4398 701 4449 tom.
737 4392 779 4446 ll
821 4392 1070 4450 Orientis
1103 4391 1431 4460 Christiani,
1461 4407 1597 4464 pag.
1638 4392 1731 4488 (ut
1763 4391 2043 4446 eumdem
2075 4407 2208 4464 pro-
2238 4433 2283 4488 Β

558 4482 1032 4537 ducitcanonem
1074 4496 1182 4552 pro
1213 4480 1597 4536 conversione
1631 4479 2118 4550 Habessinorum,
2153 4487 2208 4535 et

558 4569 652 4626 vel
684 4570 770 4624 sic
797 4586 1004 4626 eorum
1062 4571 1514 4626 conversionem
1550 4569 1821 4624 attribuit
1871 4569 2206 4624 Frumentio

555 4665 690 4733 post
715 4659 1032 4716 concilium
1063 4659 1365 4714 Nicanum
1397 4659 1690 4714 ordinato.
1733 4661 1944 4714 Verum
2002 4659 2207 4732 nequit

557 4765 664 4822 pro
697 4748 948 4805 aliorum
979 4745 1323 4818 Ethiopum
1357 4747 1474 4802 fide
1514 4762 1708 4802 canon
1738 4746 1828 4802 ille
1885 4746 2128 4814 adduci,
2158 4747 2203 4802 si

555 4839 827 4894 Nicanus
868 4835 1162 4899 credatur,
1195 4851 1380 4908 quam
1415 4852 1522 4907 pro
1548 4834 1924 4907 Ethiopibus
1950 4836 2204 4909 rEgypto

555 4924 863 4998 proximis,
893 4929 947 4979 et
994 4939 1064 4980 eo
1091 4923 1331 4979 nomine
1360 4924 1618 4979 maxime
1658 4925 1809 4979 notis
1840 4924 2002 4996 apud
2055 4925 2200 4980 anti-

551 5031 728 5088 quos.
762 5016 873 5069 Hos
900 5017 1100 5068 autem
1127 5012 1268 5067 olim
1315 5012 1493 5068 fuisse
1543 5013 1905 5069 Christianos
1948 5018 2197 5081 constat,

551 5120 660 5160 nec
692 5102 831 5158 satis
858 5101 1130 5167 innotuit,
1181 5117 1216 5156 a
1246 5117 1367 5174 quo
1407 5100 1624 5158 fuerint
1661 5103 1949 5160 conversi.
2009 5105 2202 5158 Eunu-

549 5192 730 5248 chum
773 5191 988 5260 regina
1047 5189 1375 5253 Candaces,
1411 5205 1546 5262 qua
1577 5198 1733 5246 certo
1767 5191 1823 5246 in
1882 5191 1980 5247 illa
2039 5197 2200 5262 parte

549 5277 861 5349 Ethiopia
900 5277 1190 5347 regnavit,
1242 5280 1435 5334 Patres
1478 5277 1644 5333 multi
1697 5278 1920 5333 ibidem
1973 5279 2198 5335 faciunt

549 5365 894 5438 apostolum
931 5386 944 5421 :
973 5371 1034 5421 at
1062 5370 1216 5421 certe
1257 5366 1568 5422 eunuchus
1595 5365 1688 5421 ille
1721 5367 1901 5430 solus,
1935 5383 2066 5422 cum
2095 5367 2198 5423 lai-

547 5471 653 5512 cus
677 5461 852 5521 esset,
877 5454 1158 5511 ecclesias
1189 5455 1270 5512 ibi
1301 5455 1603 5511 instituere
1656 5471 1772 5511 non
1809 5456 2014 5526 potuit.
2045 5457 2198 5512 Rufi-

545 5560 664 5602 nus
694 5550 751 5602 et
789 5545 1078 5611 Socrates,
1120 5544 1342 5618 quibus
1375 5545 1753 5601 consentiunt
1793 5548 1847 5601 S.
1881 5544 2197 5619 Gregorius

2324 1817 2545 1865 rentur.
2565 1811 2867 1866 lndiculus
2892 1811 3190 1884 Hippolyti
3218 1813 3368 1882 apud
3389 1812 3802 1868 Combeﬁsium
3826 1821 3939 1867 tom:

2326 1899 2412 1966 lll,
2434 1899 2544 1956 col.
2568 1903 2690 1966 831,
2720 1901 2800 1956 ita
2819 1900 2998 1956 habet
3022 1920 3034 1957 :
3066 1921 3094 1953 (ι
3111 1902 3434 1966 Matthaus,
3453 1920 3585 1958 cum
3605 1901 3937 1971 Evangelium

2325 1988 2606 2044 Hebraice
2622 1990 2976 2062 scripsisset,
3000 1991 3426 2062 Hierosolymis
3448 1991 3654 2056 edidit,
3679 1989 3936 2046 obdormi-

2322 2076 2524 2149 vitque
2557 2078 2775 2133 Hierea
2799 2077 3148 2134 Parthorum
3179 2079 3435 2137 civitate.
3471 2101 3498 2129 ι»
3533 2081 3738 2135 Verum
3762 2079 3936 2147 exigua

2323 2173 2518 2240 potest
2543 2184 2669 2222 esse
2692 2171 3016 2223 auctoritas
3049 2169 3204 2223 illius
3233 2168 3727 2242 lndiculi,apertis
3748 2167 3934 2239 aliquot

2323 2256 2623 2312 erroribus
2654 2257 2878 2326 fadeti,
2915 2257 3085 2328 cujus
3117 2265 3323 2314 auctor
3367 2266 3454 2314 est
3491 2258 3761 2315 incertus.
3792 2255 3934 2312 Addit

2324 2343 2720 2401 Combefisius
2752 2347 2810 2400 in
2840 2347 3148 2401 Annotatis
3180 2363 3191 2400 :
3224 2366 3253 2399 ί(
3282 2349 3471 2403 Etiam
3498 2348 3814 2403 Dorotheus
3836 2345 3931 2400 Hie-

2319 2433 2507 2506 ropoli
2531 2433 2778 2490 Parthia
2790 2435 3004 2491 obiisse
3032 2436 3226 2492 tradit.
3250 2457 3277 2488 »
3297 2435 3931 2508 Atpseudo-Dorotheus

2321 2523 2507 2578 nihilo
2540 2523 2750 2579 melior
2796 2529 2884 2579 est
2915 2524 3248 2596 Hippolyto.
3295 2525 3677 2598 Freculphus,
3706 2527 3758 2580 in
3789 2524 3926 2580 Chro-

2321 2614 2471 2677 nico,
2505 2612 2605 2668 lib.
2633 2628 2692 2676 ιι,
2726 2614 2928 2684 cap.4,
2949 2619 3085 2685 post
3107 2612 3364 2684 elogium
3397 2615 3648 2672 Matthai
3681 2631 3746 2670 ex
3761 2618 3927 2668 sancto

2322 2701 2681 2773 Hieronymo
2712 2701 2920 2758 datum
2961 2703 3089 2758 hac
3129 2703 3333 2762 addit:
3371 2703 3472 2759 «Is
3507 2705 3757 2776 primum
3783 2703 3833 2757 in
3856 2702 3925 2756 lu-

2320 2790 2453 2845 daa
2474 2791 2920 2860 evangelizavit,
2955 2793 3334 2862 postmodum
3369 2793 3429 2848 in
3464 2793 3792 2850 Macedonia
3815 2805 3924 2861 pra-

2319 2877 2568 2946 dicavit;
2598 2880 2914 2951 requiescit
2945 2881 3003 2935 in
3029 2881 3333 2937 montibus
3350 2883 3717 2938 Parthorum.
3741 2902 3760 2931 ι
3789 2875 3924 2944 Quod

2319 2967 2391 3022 de
2407 2969 2747 3024 Macedonia
2773 2969 3008 3036 dicitur,
3035 2970 3178 3026 mihi
3212 2987 3331 3027 non
3364 2973 3513 3027 satis
3537 2972 3601 3028 ﬁt
3632 2968 3920 3033 verisimile,

2318 3057 2459 3129 quia
2498 3057 2694 3112 notius
2725 3057 2784 3112 id
2817 3057 3023 3113 fuisset
3052 3060 3283 3126 Gracis,
3318 3061 3363 3115 si
3391 3060 3618 3117 factum
3650 3064 3803 3116 esset.
3837 3058 3919 3112 Ea-

2317 3145 2454 3201 dem
2490 3146 2563 3201 de
2594 3163 2772 3202 causa
2798 3147 3030 3212 dubito,
3063 3165 3137 3203 an
3170 3149 3310 3206 satis
3352 3151 3678 3220 probabilis
3718 3152 3784 3203 sit
3811 3148 3920 3203 Mat-

2317 3234 2451 3290 thai
2480 3235 2819 3306 pradicatio
2845 3237 3136 3309 Hierapoli
3169 3237 3228 3293 in
3270 3239 3465 3311 Syria,
3500 3256 3682 3312 quam
3713 3230 3918 3294 adstruit

2316 3323 2549 3378 Nicetas
2569 3323 2891 3396 Paphlago,
2919 3325 2978 3381 in
3009 3325 3217 3382 eadem
3244 3328 3419 3383 etiam
3456 3329 3603 3384 urbe
3625 3326 3917 3383 defunctum

2316 3410 2603 3468 scribens.

2387 3505 2473 3557 56.
2521 3502 2942 3574 Metaphrastes
3005 3503 3251 3560 Parthos
3325 3503 3724 3577 pradicationi
3772 3499 3915 3573 ipsius

2316 3590 2600 3655 attribuit,
2635 3591 2738 3646 sed
2780 3591 3138 3663 [Ethiopiam
3195 3595 3465 3649 ultimam
3517 3594 3653 3650 facit
3682 3589 3916 3664 pradica-

2317 3679 2490 3735 tionis
2521 3679 2765 3736 Matthai
2799 3685 2853 3735 et
2908 3682 3178 3753 martyrii
3209 3682 3575 3754 palaestram.
3606 3680 3760 3755 Apud
3789 3686 3916 3734 Asse-

2317 3785 2562 3824 manum
2595 3769 2654 3823 in
2685 3769 3046 3826 Bibliotheca
3077 3771 3380 3834 Orientali,
3430 3777 3576 3828 tom.
3610 3774 3694 3838 Ill,
3727 3774 3850 3842 part.
3870 3779 3912 3826 ιι,

2318 3872 2455 3929 pag.
2476 3863 2526 3922 5,
2561 3863 2794 3923 Amrus,
2822 3860 3074 3931 scriptor
3101 3860 3298 3915 saculi
3326 3878 3440 3924 xiv,
3479 3862 3547 3917 de
3572 3855 3912 3918 Matthaoait:

2317 3964 2346 3994 ‹‹
2377 3948 2590 4001 Ferunt
2619 3946 2952 4002 Matthaum
2986 3948 3415 4018 evangelistam
3453 3951 3678 4006 Indiam
3701 3946 3914 4021 petiisse,

2315 4035 2516 4107 ibique
2547 4035 2916 4108 pradicasse.
2946 4058 2972 4085 η
3014 4039 3226 4092 Verum
3261 4054 3370 4092 nec
3399 4040 3561 4095 Amri
3586 4039 3731 4095 illius
3755 4039 3914 4091 aucto-

2315 4125 2458 4179 ritas
2485 4129 2647 4179 tanta
2670 4131 2775 4193 est,
2809 4131 2871 4180 ut
2899 4126 3257 4196 persuadere
3282 4126 3451 4182 nobis
3485 4129 3666 4200 possit
3692 4139 3851 4195 usque
3871 4120 3913 4172 iu

2318 4213 2536 4268 lndiam
2555 4215 2784 4268 venisse
2799 4220 3065 4269 sanctum
3082 4217 3428 4272 Matthaum.
3441 4224 3780 4272 Assemanus
3797 4214 3912 4284 ipse.

2316 4317 2452 4374 pag.
2486 4307 2536 4367 3,
2571 4301 2908 4358 observata
2935 4306 3096 4375 Syris
3138 4310 3194 4360 et
3237 4305 3529 4362 Chaldais
3567 4307 3731 4362 etiam
3750 4312 3915 4356 nume-

2316 4391 2431 4445 rari
2463 4391 2799 4447 Matthaum
2834 4393 2984 4446 inter
3013 4393 3316 4463 apostolos
3337 4395 3440 4466 qui
3475 4393 3842 4467 pradicarunt
3869 4387 3912 4439 in

2317 4481 2484 4550 Syria
2497 4479 2847 4538 etChaldaa
2865 4497 2877 4546 ;
2897 4496 3016 4536 non
3034 4489 3228 4538 tamen
3249 4483 3632 4540 annumerari
3647 4474 3913 4555 pracipuis

2314 4567 2548 4624 illarum
2577 4569 3020 4640 provinciarum
3051 4571 3359 4643 apostolis.
3397 4571 3562 4638 Quod
3596 4569 3911 4641 Nicephorus

2313 4673 2451 4711 cum
2474 4658 2699 4713 Menais
2725 4656 3058 4714 Matthaum
3105 4659 3398 4717 Mirmena
3443 4660 3603 4734 apud
3635 4657 3915 4723 Anthropo'

2314 4747 2540 4817 phagos
2557 4746 2638 4801 ait
2658 4747 3012 4819 pradicasse
3031 4754 3086 4803 et
3107 4750 3480 4815 occubuisse,
3507 4750 3601 4806 vix
3621 4744 3800 4804 referri
3818 4755 3911 4796 me-

2311 4841 2488 4904 retur,
2515 4851 2653 4890 cum
2684 4835 2910 4890 oriatur
2939 4851 3010 4891 ex
3032 4837 3276 4893 historia
3304 4837 3574 4894 fabulosa
3599 4841 3652 4892 et
3679 4835 3832 4906 plane
3851 4827 3906 4882 ri-

2311 4924 2528 4980 dicula.
2573 4923 2738 4979 Videt
2777 4926 3079 4980 studiosus
3106 4927 3304 4993 lector,
3338 4933 3629 5001 quantum
3659 4921 3904 4980 existimo,

2311 5013 2512 5068 omnia
2534 5012 2632 5068 illa
2656 5013 2730 5068 de
2772 5015 3017 5070 Matthai
3055 5015 3470 5087 pradicatione
3514 5015 3698 5087 magis
3723 5012 3906 5066 incerta

2308 5117 2462 5169 esse,
2494 5118 2674 5174 quam
2701 5108 2762 5157 ut
2785 5102 3008 5175 aliquid
3035 5109 3162 5158 tuto
3181 5104 3464 5161 aiﬁrmari
3487 5105 3669 5178 possit
3699 5119 3710 5168 ;
3739 5097 3902 5172 plures

2309 5197 2506 5246 tamen
2545 5192 2875 5248 consentire
2905 5193 2964 5247 in
2997 5194 3300 5250 Persidem
3326 5203 3428 5250 aut
3464 5194 3764 5252 Parthiam,
3793 5197 3901 5258 qua

2307 5281 2650 5352 provincia,
2684 5280 2814 5336 licet
2847 5282 3137 5338 distincta
3170 5283 3304 5347 sint,
3338 5284 3504 5340 facile
3537 5277 3793 5338 confundi
3823 5286 3902 5344 pO'

2309 5375 2561 5432 tuerunt.
2591 5385 2726 5424 cum
2754 5370 2918 5442 quod
2941 5371 3196 5427 invicem
3237 5373 3444 5430 vicina
3475 5373 3605 5436 sint,
3637 5377 3745 5425 tum
3766 5358 3897 5436 quod

2308 5465 2574 5533 tempore
2604 5459 2790 5513 sancti
2830 5460 3076 5516 Matthai
3110 5462 3425 5533 imperium
3455 5455 3768 5530 essetapud
3797 5454 3900 5506 Par-

2308 5549 2464 5617 thos,
2487 5547 2652 5620 quod
2695 5554 2904 5619 postea
2933 5549 3120 5605 Persa
3152 5558 3517 5622 receperunt.
