4094 6230
188 329 313 384 785

1582 327 1746 383 VlTA
1789 326 1849 381 S.
1894 327 2247 387 MATTHIEI.

3521 335 3630 391 786

275 460 362 511 57.
397 455 473 509 De
505 453 636 510 loco
665 453 870 509 mortis
898 459 999 510 aut
1028 455 1294 528 martyrii
1329 471 1447 512 non
1476 455 1673 511 minus
1703 453 1868 509 varia
1899 452 1942 507 A
1974 455 2337 526 Regum,lib.
2363 473 2438 527 iv,
2458 475 2590 532 cap.
2616 463 2669 527 4,
2694 476 2860 517 num.
2882 465 3255 528 l3,sanctum
3281 460 3626 518 Matthmum

183 551 256 602 et
282 545 538 600 invicem
573 543 866 600 contraria
897 545 1290 615 reperiuntur.
1326 545 1388 601 In
1438 543 1864 618 Martyrologiis
1971 551 2142 602 vocat
2190 547 2495 620 Ethiopiee
2529 549 2998 620 praedicatorem.
3033 552 3090 607 S.
3143 549 3469 607 Venantius
3496 553 3627 607 For-

188 633 679 705 Hieronymianis
696 639 956 704 quatuor
984 633 1196 689 diebus
1220 635 1509 691 memoria
1523 637 1577 690 S.
1613 632 1862 690 Matthasi

1972 637 2216 692 tunatus
2235 635 2514 708 Gregorio
2528 645 3090 711 contemporaneus,
3117 639 3219 695 lib.
3236 656 3290 705 v,
3311 655 3443 712 cap.
3477 644 3530 706 2,
3548 640 3626 697 ita

185 722 623 788 annuntiatur;
652 721 758 777 sed
784 721 1022 777 duobus
1053 723 1540 789 locusomittitur,
1576 723 1706 778 aliis
1725 739 1861 778 vero
1970 724 2161 779 canit:

180 813 436 868 duobus
454 812 550 883 adj
565 814 820 881 ungitur.
841 812 925 867 Ad
949 813 1106 868 hunc
1121 812 1277 868 diem
1309 819 1504 869 textus
1523 811 1857 868 Florentinii

184 903 280 956 sic
314 901 532 959 habet:
573 919 602 951 «
655 901 718 955 In
763 901 996 956 Persida
1041 902 1271 958 civitate
1307 905 1589 958 Tarseum
1645 900 1858 956 natalis

186 990 393 1045 sancti
427 988 679 1045 Matthaai
714 989 967 1060 apostoli
1007 997 1061 1045 et
1112 990 1512 1060 evangelista.
1543 1010 1568 1042 »
1625 995 1684 1044 In
1727 991 1860 1045 Cor-

186 1079 431 1135 beiensi
458 1096 469 1134 :
495 1099 521 1130 ‹‹
551 1079 617 1134 In
642 1078 883 1134 Persida
910 1080 1146 1135 civitate
1177 1080 1467 1135 Tarrium.
1506 1099 1532 1130 »
1565 1081 1627 1134 In
1661 1082 1858 1150 Epter-

186 1169 452 1224 nacensi
504 1168 633 1223 aliis
702 1168 1035 1241 antiquiore
1062 1169 1255 1224 solum
1287 1169 1520 1239 legitur,
1569 1189 1595 1220 «
1629 1170 1691 1224 In
1725 1171 1853 1224 Per-

187 1259 352 1323 sida,
380 1283 407 1308 ››
440 1259 664 1313 omissa
686 1259 941 1324 civitate;
965 1260 1046 1314 uti
1072 1260 1250 1314 etiam
1282 1258 1345 1313 ﬁt
1368 1258 1424 1313 in
1473 1258 1854 1314 Hhinoviensi

184 1348 365 1421 apud
386 1364 513 1403 nos.
549 1347 1012 1403 Richenoviense
1030 1363 1166 1403 vero
1181 1353 1467 1403 consonat
1492 1347 1851 1411 Corbeiensi,

187 1439 498 1510 habetque
531 1437 760 1493 civitate
789 1437 1076 1502 Tarrium,
1111 1437 1627 1510 quemadmodum
1657 1437 1854 1492 etCor-

187 1527 439 1583 beiense
467 1526 727 1582 brevius.
757 1526 1003 1599 Reliqua
1048 1526 1508 1599 Hieronymiana
1523 1532 1624 1582 aut
1659 1527 1852 1582 solum

186 1616 499 1672 Persidem
522 1616 802 1680 indicant,
822 1623 924 1671 aut
954 1615 1151 1671 locum
1173 1632 1412 1689 prorsus
1449 1616 1853 1671 omittunt.Sic

186 1707 273 1761 ad
318 1722 370 1761 v1
411 1706 568 1770 Maii,
612 1706 681 1760 In
722 1705 965 1761 Persida
1005 1707 1394 1760 annuntiatur
1434 1711 1676 1760 sanctus
1717 1708 1854 1760 Mat-

1968 813 2282 887 Mattharus
2312 815 2620 884 (Ethiopes
2659 821 3012 886 attemperat
3043 832 3145 874 ore
3170 833 3442 887 vapores,

2053 886 2303 958 Vivaque
2345 888 2407 942 in
2467 895 2673 945 exusto
2708 890 2956 958 ﬂumina
2989 889 3153 957 fudit
3208 886 3369 960 agro.

2037 990 2196 1048 ldem
2225 1009 2481 1063 rursum,
2511 994 2618 1052 lib.
2640 998 2690 1064 8,
2718 1011 2902 1051 carm.
2937 998 2998 1051 4ε

1965 1079 2111 1137 Inde
2140 1082 2606 1150 triumphantem
2634 1083 2758 1152 fert
2791 1083 2966 1140 India
2987 1084 3514 1151 Bartholomamm,

2035 1170 2386 1226 Matthasum
2413 1172 2687 1228 eximium
2720 1173 3037 1230 Naddaver
3063 1174 3188 1230 alta
3229 1174 3443 1229 virum.

1966 1257 2029 1312 In
2063 1259 2331 1331 sequenti
2353 1261 2618 1316 carmine
2641 1261 2715 1316 de
2748 1262 3064 1318 Naddaver
3086 1279 3323 1318 rursum
3354 1262 3625 1320 meminit

1966 1348 2338 1412 Fortunatus,
2378 1349 2692 1406 insinuans
2735 1351 3065 1407 Matthaeum
3097 1352 3177 1407 ibi
3225 1357 3528 1407 mortuum
3567 1357 3624 1409 et

1962 1436 2273 1508 sepultum,
2301 1439 2818 1510 quemadmodum
2837 1440 3105 1496 Andreas
3133 1441 3339 1506 Patris,
3364 1443 3624 1497 Joannes

1965 1525 2175 1596 Ephesi
2234 1526 2468 1583 fuerunt
2526 1527 2789 1583 defuncti
2847 1533 2906 1583 et
2972 1529 3206 1602 sepulti.
3279 1529 3621 1586 Versiculus

1961 1614 2056 1669 hic
2089 1622 2174 1669 est
2209 1632 2220 1670 :

2034 1704 2186 1772 Quos
2216 1707 2419 1768 Patra,
2444 1721 2584 1777 quos
2604 1705 2897 1774 Ephesus,
2922 1707 3246 1764 Naddaver
3275 1723 3411 1765 arce
3442 1715 3619 1766 tenet.

185 1795 416 1858 threus,
458 1812 576 1850 non
608 1795 923 1865 designato
953 1796 1196 1866 propius
1230 1795 1488 1866 martyrii
1522 1793 1672 1849 loco.
1730 1793 1853 1849 Flo-
1886 1798 1929 1855 Β
1961 1795 2092 1849 Haec
2119 1795 2493 1862 Fortunatus,
2521 1796 2624 1868 qui
2648 1797 2853 1868 procul
2889 1796 3074 1852 dubio
3101 1797 3350 1853 credidit
3385 1798 3621 1855 Nadda-

184 1885 484 1940 rentinius
522 1885 581 1938 in
616 1885 921 1939 Annotatis
952 1885 1026 1939 ad
1061 1884 1219 1939 hunc
1250 1883 1408 1938 diem
1432 1885 1532 1938 dat
1551 1883 1853 1954 conjectu-

183 1990 328 2029 ram
371 1979 715 2045 sequentem
761 1990 773 2028 :
821 1995 843 2023 ι
880 1972 1162 2028 Tarsiana
1205 1973 1344 2027 urbs
1385 1971 1714 2028 Carmaniaa
1747 1989 1850 2029 seu

188 2063 413 2118 Persius
462 2063 767 2118 Ptolemaeo
799 2068 904 2127 est,
948 2067 1003 2117 et
1049 2063 1314 2117 Tarsium
1367 2062 1696 2118 Carmaniae
1747 2078 1851 2118 seu

188 2153 407 2208 Persiee
425 2151 1443 2223 promontorium,deqqurrianus
1468 2150 1527 2205 in
1559 2149 1792 2207 Indicis.
1823 2175 1843 2201 ι

184 2241 626 2296 EstCarmania
650 2239 866 2295 Persidi
894 2240 1129 2311 proprie
1155 2240 1325 2295 dictae
1369 2239 1739 2296 contermina
1771 2239 1847 2294 ad

184 2330 394 2386 sinum
430 2330 727 2385 Persicum
760 2345 964 2384 versus
990 2328 1243 2395 Indiam,
1270 2335 1512 2402 eratque
1546 2329 1843 2402 provincia

182 2419 426 2492 imperii
446 2419 680 2486 Persici,
713 2418 937 2474 habens
952 2418 1027 2474 ad
1045 2418 1198 2474 latus
1216 2417 1696 2489 septemtrionale
1711 2419 1849 2474 Par-

177 2510 396 2575 thiam,
426 2509 505 2564 ita
547 2515 608 2564 ut
639 2509 803 2564 facile
837 2509 921 2563 sic
947 2508 1226 2579 explicari
1275 2514 1516 2578 possent
1555 2508 1846 2580 Martyro-

177 2599 366 2672 logia,
391 2614 525 2671 quas
550 2603 800 2653 mortem
821 2597 1018 2653 Sancti
1053 2603 1284 2668 ponunt
1313 2596 1373 2653 in
1399 2597 1630 2653 Perside
1663 2602 1764 2652 aut
1787 2597 1843 2652 in

184 2688 501 2744 montibus
535 2688 903 2751 Parthorum,
937 2701 1197 2758 quorum
1225 2689 1366 2740 tunc
1398 2691 1520 2742 erat
1551 2685 1846 2742 Persicum

183 2778 535 2850 imperium.
553 2780 747 2831 Posset
765 2775 972 2830 similis
985 2774 1107 2829 ﬁeri
1127 2775 1470 2843 conjectura
1483 2775 1556 2829 de
1587 2776 1845 2831 Tariana

182 2873 293 2923 aut
323 2865 879 2930 Tarsianacivitate,
913 2881 1096 2936 quam
1128 2864 1186 2918 in
1207 2864 1480 2929 Susiana,
1506 2864 1687 2919 altera
1717 2866 1845 2919 Per-

185 2955 300 3010 sici
319 2954 552 3027 imperii
573 2953 897 3026 provincia,
923 2959 1188 3008 recenset
1209 2953 1489 3008 Cellarius
1521 2953 1578 3007 in
1595 2954 1846 3022 Geogra-

185 3043 340 3116 phia
369 3044 611 3114 antiqua
625 3058 764 3114 pag.
790 3045 912 3097 488.
935 3042 1128 3098 Neutri
1154 3043 1508 3111 conjecturae
1522 3041 1848 3097 obstabunt

1961 1899 2064 1938 ver
2085 1899 2213 1938 esse
2237 1884 2443 1939 urbem
2464 1884 2788 1956 Ethiopim,
2833 1902 2970 1941 cum
3016 1885 3147 1941 loco
3179 1885 3442 1958 primum
3476 1887 3623 1942 alle-

1961 1979 2098 2043 gato
2130 1989 2249 2028 non
2281 1972 2447 2040 alios,
2481 1990 2665 2046 quam
2691 1974 2995 2048 Ethiopes
3029 1976 3342 2032 docentem
3377 1976 3623 2033 inducat

1963 2061 2322 2117 Matthaaum.

2032 2154 2117 2206 59.
2148 2155 2418 2206 Attamen
2450 2152 2761 2207 contrarias
2804 2152 3104 2224 opinionis
3152 2157 3240 2208 est
3273 2153 3621 2210 Muratorius

1959 2237 2019 2294 in
2050 2238 2356 2294 Annotatis
2390 2239 2465 2294 ad
2510 2241 2567 2296 S.
2613 2239 2926 2295 Paulinum
2973 2240 3086 2296 col.
3125 2244 3250 2304 451,
3286 2240 3388 2296 ubi
3414 2241 3555 2297 dicit
3604 2257 3617 2297 :

2031 2347 2059 2378 «
2088 2327 2303 2384 Urbem
2327 2327 2733 2385 Naddaverem
2757 2328 2814 2384 in
2849 2329 3081 2385 Parthia
3097 2330 3355 2402 positam
3375 2329 3619 2386 arbitra-

1957 2433 2070 2480 rer,
2115 2432 2237 2488 quo
2270 2417 2460 2472 sancti
2492 2417 2744 2473 Matthtei
2778 2433 2916 2474 ossa
2949 2423 3084 2488 post
3116 2425 3366 2475 mortem
3405 2418 3621 2477 fuerint

1959 2505 2261 2562 translata.
2301 2527 2324 2556 ν
2358 2508 2473 2561 Hoc
2509 2507 2621 2570 ille,
2661 2513 2721 2561 ut
2752 2512 3025 2562 sanctum
3068 2508 3381 2564 Paulinum
3422 2510 3623 2565 conci-

1955 2595 2054 2649 liet
2102 2610 2239 2649 cum
2288 2600 2493 2650 sancto
2539 2596 2823 2650 Venantio
2872 2597 3210 2665 Fortunato,
3269 2596 3515 2652 credens
3560 2598 3619 2654 in

1959 2688 2209 2755 utroque
2225 2698 2405 2752 regno
2428 2684 2786 2756 praedicasse
2812 2684 3168 2754 Matthaaum,
3203 2687 3306 2740 sed
3333 2685 3391 2740 in
3406 2685 3620 2741 [Ethio-

1957 2772 2055 2843 pia
2071 2770 2440 2835 defunctum,
2471 2786 2892 2843 corpusqueex
2922 2771 3288 2843 EthiOpiain
3320 2772 3617 2828 Parthiam

1957 2866 2058 2916 aut
2087 2860 2381 2915 Persidem
2410 2875 2443 2914 a
2469 2859 2782 2932 discipulis
2816 2860 3189 2916 translatum.
3233 2861 3449 2917 Verum
3479 2878 3617 2918 cum

1956 2950 2127 3005 venia
2175 2949 2278 3004 viri
2335 2949 2731 3015 eruditissimi,
2773 2965 2809 3005 a
2847 2949 3055 3021 paucis
3108 2950 3281 3005 annis
3329 2949 3614 3016 defuncti,

1956 3038 2298 3109 conjectura
2337 3037 2436 3092 illa
2468 3037 2614 3092 mihi
2657 3037 2821 3093 omni
2859 3037 3393 3094 verisimilitudinis
3425 3039 3616 3109 specie

186 3133 297 3196 illi,
334 3135 435 3205 qui
468 3133 743 3187 dixerunt
786 3132 1125 3186 Matthaaum
1156 3131 1511 3186 occubuisse
1546 3129 1603 3184 in
1640 3131 1848 3185 monti-
1879 3141 1920 3198 (ι
1957 3127 2236 3182 destituta
2273 3126 2516 3195 videtur,
2557 3126 2846 3198 omnique
2878 3141 3077 3182 carere
3109 3125 3521 3182 fundamento.
3560 3126 3618 3183 Si

184 3222 310 3279 bus
334 3222 704 3285 Parthorum,
743 3226 803 3275 ut
830 3219 1194 3290 Freculphus
1226 3219 1518 3290 superius,
1564 3223 1619 3274 et
1645 3219 1849 3274 Petrus

185 3312 269 3367 de
315 3309 620 3366 Natalibus
651 3309 751 3364 lib.
783 3326 896 3372 vni,
951 3325 1081 3380 cap.
1131 3313 1247 3364 100.
1282 3311 1636 3380 Anonymus
1683 3308 1847 3380 apud

187 3399 649 3462 (Ecumenium,
701 3399 801 3471 qui
852 3398 1189 3454 Matthasum
1258 3397 1457 3452 scribit
1515 3398 1735 3453 obiisse
1789 3398 1848 3452 in

187 3491 365 3544 Hiera
391 3489 623 3543 civitate
658 3488 924 3554 Parthiae,
959 3492 1103 3541 teste
1136 3485 1514 3552 Florentinio,
1540 3503 1678 3558 pag.
1728 3491 1844 3552 159,

187 3576 277 3632 uti
313 3581 368 3632 et
400 3593 580 3647 supra
629 3575 1003 3646 Hippolytus,
1065 3583 1118 3630 et
1175 3575 1498 3630 Dorotheus
1554 3575 1848 3647 Hieropoli

186 3666 471 3730 Parthiae,
524 3666 836 3720 nominant
869 3665 1065 3720 locum
1110 3664 1287 3735 plane
1323 3664 1595 3733 ignotum
1629 3664 1685 3718 in
1722 3667 1847 3719 Par-

186 3753 432 3809 thorum
486 3753 749 3824 imperio.
797 3757 908 3809 Nec
951 3768 1314 3824 magnopere
1343 3751 1673 3807 audiendos
1708 3758 1847 3823 puto

184 3843 344 3908 illos,
402 3845 502 3915 qui
560 3843 846 3914 Hierapoli
894 3842 953 3896 in
1017 3844 1185 3913 Syria
1242 3857 1428 3913 prope
1491 3841 1846 3912 Euphratem

186 3933 415 3987 obiisse
460 3933 727 3986 scribunt
771 3931 1127 3996 Matthaaum,
1164 3936 1226 3985 ut
1263 3929 1491 3984 Nicetas
1525 3929 1845 4000 Paphlago,

186 4027 468 4076 etauctor
491 4020 798 4090 Menologii
836 4021 1125 4075 Basiliani.
1159 4019 1383 4074 Etenim
1417 4035 1533 4073 non
1576 4018 1848 4073 videntur

189 4109 502 4175 Eusebius,
548 4109 964 4180 Hieronymus,
997 4110 1475 4180 Chrysostomus,
1521 4107 1848 4163 Theodore-

188 4205 307 4265 tus,
340 4197 556 4270 aliique
586 4202 803 4264 Patres,
837 4199 940 4271 qui
979 4198 1038 4253 in
1072 4197 1242 4270 Syria
1272 4203 1374 4254 aut
1406 4196 1716 4252 Palaestina
1743 4195 1846 4251 ﬂo-

186 4293 456 4353 ruerunt,
479 4288 1026 4358 omnesignoraturi
1052 4294 1154 4344 aut
1181 4287 1409 4343 tacituri
1438 4285 1618 4341 fuisse
1645 4286 1842 4341 locum

188 4377 546 4433 mortualeui
589 4377 778 4433 sancti
830 4377 1104 4448 Matthaai,
1151 4379 1197 4432 si
1241 4375 1536 4448 Hierapoli
1572 4376 1629 4431 in
1675 4376 1844 4448 Syria

186 4467 455 4523 obiisset.

262 4558 350 4611 58.
407 4559 551 4611 Acta
606 4555 841 4611 edenda
913 4553 1139 4609 habent
1181 4557 1456 4609 sanctum
1507 4553 1841 4609 Matthaeum

187 4643 478 4717 martyrio
508 4649 859 4700 coronatum
901 4660 1030 4699 esse
1063 4643 1122 4698 in
1166 4642 1481 4715 Ethiopia,
1519 4642 1578 4696 in
1609 4642 1842 4698 civitate

186 4734 372 4802 regia.
416 4749 549 4804 quae
578 4733 801 4788 ibidem
823 4732 1155 4801 Natdaber,
1179 4731 1326 4788 alias
1348 4731 1679 4787 Naddaber
1706 4731 1841 4786 scri-

187 4821 367 4878 bitur.
419 4820 716 4878 Sententia
767 4828 966 4877 autem
1022 4822 1148 4876 haec
1189 4821 1263 4875 de
1314 4820 1733 4892 praedicatione
1787 4827 1843 4877 et

189 4919 380 4967 morte
423 4911 610 4966 sancti
642 4910 890 4967 Matthtei
919 4910 979 4966 in
1019 4909 1321 4982 JEthiopia
1373 4909 1573 4981 plures
1618 4911 1843 4965 videtur

186 4999 408 5056 habere
441 5006 722 5070 patronos
760 5004 818 5056 et
847 4999 1138 5063 meliores,
1165 5015 1348 5072 quam
1375 4997 1493 5054 ulla
1523 4997 1657 5054 alia.
1692 5001 1838 5054 Nam

185 5095 400 5161 prater
432 5088 711 5143 Ruﬁnum
759 5095 814 5144 et
860 5089 1182 5155 Socratem,
1226 5093 1465 5143 sanctus
1520 5087 1840 5142 Eucherius

188 5177 622 5246 Lugdunensis,
674 5177 925 5248 scriptor
959 5177 1160 5232 saeculi
1201 5194 1249 5240 v,
1287 5177 1342 5230 iu
1377 5192 1554 5248 opere
1583 5177 1665 5232 De
1692 5192 1837 5247 qua:-

182 5267 475 5322 stiom'bus
501 5266 640 5322 novi
665 5267 1038 5332 Testamentz',
1071 5272 1211 5321 tom.
1237 5266 1303 5320 Vl
1330 5266 1714 5321 Bibliotheca:
1730 5266 1840 5320 Pa-

184 5364 343 5411 trum
374 5355 510 5409 edit.
545 5355 817 5424 Lugdun.
861 5370 995 5427 pag.
1038 5360 1158 5418 852,
1194 5355 1272 5410 ita
1298 5355 1561 5428 loquitur
1595 5372 1606 5408 :
1637 5376 1663 5402 «
1707 5355 1840 5410 Bar-

184 5443 538 5499 tholomaaus
569 5444 628 5498 in
657 5444 853 5512 ludos,
880 5444 1136 5500 Thomas
1169 5443 1408 5498 tetendit
1437 5445 1494 5498 in
1533 5443 1777 5497 Parthos
1822 5459 1834 5496 :

183 5533 486 5590 Mattheus
516 5533 1110 5604 Ethiopes,Andreas
1140 5533 1386 5604 Scythas
1421 5531 1837 5603 praedicatione

185 5621 453 5687 mollivit,
495 5642 522 5674 ι)
579 5628 688 5678 etc.
739 5623 793 5678 S.
838 5620 1154 5692 Gregorius
1209 5623 1266 5676 in
1325 5621 1542 5677 librum
1576 5619 1837 5693 primum

1960 3217 2314 3272 Fortunatus
2369 3216 2577 3272 urbem
2628 3216 2944 3271 Naddaver
2989 3217 3049 3270 in
3096 3215 3329 3271 Parthia
3357 3216 3617 3289 positam

1960 3305 2320 3371 credidisset,
2372 3311 2689 3377 postquam
2737 3306 3053 3360 docentem
3109 3305 3409 3377 [Ethiopes
3457 3303 3618 3360 exhi-

1958 3394 2170 3450 buerat
2202 3394 2557 3457 Matthaaum,
2597 3395 2858 3448 translati
2899 3392 3166 3463 corporis
3201 3393 3377 3448 etiam
3407 3394 3618 3448 memi-

1959 3483 2164 3546 nisset,
2201 3499 2273 3538 ne
2314 3482 2560 3537 lectores
2591 3497 2731 3536 suos
2770 3483 2826 3536 in
2861 3497 3122 3537 errorem
3151 3481 3477 3537 induceret.
3513 3482 3617 3537 Fa-

1958 3572 2124 3626 cilius
2157 3572 2357 3643 itaque
2380 3577 2435 3626 et
2481 3569 2862 3625 verisimilius
2904 3570 3020 3625 dici
3075 3575 3289 3642 potest,
3336 3575 3613 3626 sanctum

1960 3659 2272 3714 Paulinum
2304 3665 2404 3714 aut
2425 3658 2614 3714 solum
2634 3659 2794 3730 loqui
2814 3659 2888 3713 de
2924 3658 3344 3729 praedicatione
3361 3658 3616 3714 Matthaai

1959 3748 2120 3816 apud
2148 3749 2407 3810 Parthos,
2457 3747 2555 3802 ubi
2587 3747 2860 3816 ejusdem
2892 3747 3050 3819 aqud
3085 3750 3289 3801 Persas
3325 3746 3615 3817 praedica-

1958 3838 2178 3891 tionem
2196 3836 2575 3891 solummodo
2589 3834 2847 3890 afﬁrmat
2861 3841 3100 3890 sanctus
3122 3835 3469 3889 Ambrosius
3485 3851 3499 3896 ;
3515 3841 3616 3891 aut

1960 3927 2186 3997 utrique
2244 3924 2443 3980 minus
2495 3928 2837 3996 perspectas
2895 3923 3072 3978 fuisse
3118 3924 3388 3994 regiones
3442 3930 3610 3979 extra

1960 4018 2293 4070 Romanum
2334 4012 2654 4084 imperium
2704 4013 2947 4084 positas,
2990 4012 3245 4084 ideoque
3294 4017 3616 4083 utrumque

1958 4103 2194 4158 credere
2236 4104 2511 4173 potuisse,
2559 4101 2895 4158 Matthreum
2940 4101 2998 4156 in
3051 4100 3355 4173 provincia
3403 4099 3609 4172 aliqua

1954 4191 2338 4248 famosissimi
2402 4191 2630 4262 imperii
2686 4192 2892 4245 Persici
2958 4197 3060 4245 aut
3121 4189 3370 4246 Parthici
3442 4205 3616 4245 occu-

1953 4282 2173 4338 buisse.
2220 4284 2335 4336 Hoc
2379 4287 2604 4335 certum
2635 4285 2741 4347 est,
2784 4285 3058 4334 neutrum
3098 4278 3346 4344 edicere,
3396 4279 3454 4334 in
3490 4294 3614 4350 qua

1952 4376 2122 4444 parte
2150 4370 2422 4426 latissimi
2478 4368 2631 4424 illius
2687 4367 2920 4440 imperii
2981 4367 3153 4424 fuerit
3200 4373 3440 4423 sanctus
3476 4369 3616 4423 Mat-

1951 4464 2141 4518 thaaus
2170 4479 2183 4517 :
2217 4460 2470 4532 ideoque
2496 4458 2732 4515 illorum
2759 4458 3171 4515 auctoritatem
3206 4473 3326 4513 non
3357 4472 3486 4514 esse
3515 4457 3614 4514 hic

1952 4552 2097 4608 tanti
2126 4548 2481 4613 faciendam,
2506 4547 2894 4622 quantiforet,
2921 4548 2967 4604 si
2994 4548 3192 4603 minus
3223 4561 3373 4617 vage
3405 4548 3607 4620 loque-

1952 4644 2173 4696 rentur.

2023 4733 2109 4785 60.
2140 4728 2267 4783 Ado
2299 4726 2356 4782 in
2387 4726 2586 4782 libello
2621 4727 2704 4782 De
2727 4725 3158 4796 festivitatibus
3179 4724 3607 4792 apostolorum,

1952 4833 2091 4889 pag.
2125 4820 2191 4872 34
2217 4814 2566 4887 martyrium
2586 4815 2774 4871 sancti
2803 4814 3046 4870 Matthaai
3078 4813 3342 4868 similiter
3355 4812 3609 4868 collocat

1950 4923 2007 4979 in
2040 4904 2350 4976 1Ethiopia,
2375 4903 2581 4959 dicens
2615 4923 2627 4962 :
2663 4904 2813 4968 «Qui
2837 4905 3064 4974 primus
3093 4903 3147 4956 in
3180 4900 3388 4956 Judasa
3419 4902 3608 4955 Evan-

1951 4995 2173 5066 gelium
2215 4993 2417 5049 Christi
2460 4993 2704 5048 Hebraeo
2749 5007 3019 5047 sermone
3063 4988 3432 5061 conscripsit.
3478 4990 3612 5046 Post

1950 5100 2086 5140 vero
2101 5081 2262 5155 apud
2273 5079 2631 5152 Ethiopiam
2648 5078 3362 5151 praedicans,martyrium
3394 5092 3610 5148 passus

1949 5179 2057 5228 est.
2089 5193 2116 5223 »
2149 5170 2532 5226 Consentiunt
2561 5169 2844 5224 Habanus
2865 5174 2922 5224 et
2951 5167 3255 5224 Usuardus
3290 5165 3363 5221 de
3397 5163 3610 5237 praedi-

1949 5261 2178 5318 catione
2225 5263 2280 5314 et
2323 5257 2610 5328 martyrio
2656 5257 2717 5312 in
2763 5257 3075 5329 Ethiopia,
3126 5256 3607 5326 recentioresque

1947 5351 2208 5423 plurimi.
2235 5346 2527 5404 Omnibus
2558 5352 2757 5402 autem
2789 5345 3177 5401 consideratis
3217 5348 3272 5399 et
3303 5342 3608 5415 expensis,

1947 5440 2075 5495 hinc
2104 5438 2247 5493 mihi
2277 5438 2569 5491 sententia
2593 5433 2957 5508 probabilior
2987 5433 3235 5502 videtur,
3257 5448 3444 5504 quam
3468 5447 3606 5506 qua!

1946 5531 2004 5586 in
2067 5526 2300 5583 Perside
2349 5530 2451 5580 aut
2505 5523 2738 5582 Parthia
2793 5523 3142 5579 defunctum
3187 5521 3384 5578 tradit.
3437 5521 3606 5578 Ratio

1947 5619 2143 5692 prima
2184 5621 2290 5681 est,
2335 5613 2500 5686 quod
2537 5611 2828 5685 Ethiopia
2873 5618 3032 5670 esset
3079 5615 3330 5686 Egypto
3378 5615 3609 5668 conter-
