4144 6184
460 273 565 327 787
1792 264 2056 322 MENSIS
2098 263 2544 320 SEPTEMBER.
3778 263 3886 317 788

460 397 644 462 mina,
664 395 917 468 ideoque
947 410 1070 451 non
1102 395 1372 451 videatur
1404 392 1907 466 praetermittenda
1933 391 2113 448 fuisse
2142 391 2188 445 Α
2225 412 2248 440 ‹‹
2277 391 2463 455 Quem
2490 389 2835 460 (Christuml
2858 389 3154 445 imitantes
3177 387 3650 460 apostoli,utqui
3674 403 3886 443 revera

459 486 539 540 ab
567 485 874 557 apostolis,
901 485 1224 556 praesertim
1256 501 1392 540 cum
1421 483 1679 539 eunuchi
1718 481 1938 551 reginis.
1969 482 2113 536 Can-
2220 485 2417 534 essent
2445 477 2781 548 cognitione
2816 478 3042 550 praediti
3079 485 3133 533 et
3159 477 3416 548 perfecti,
3451 493 3558 549 pro
3597 477 3887 541 ecclesiis,

458 576 638 630 daces
686 574 996 630 conversio
1047 589 1215 645 spem
1263 589 1554 644 magnam
1599 572 1863 644 praebere
1911 573 2115 644 posset
2220 585 2373 641 quas
2432 568 2778 632 fundarunt,
2822 567 2988 638 passi
3045 573 3265 622 sunt.»
3309 568 3684 638 Quapropter
3740 567 3888 622 mihi

457 662 764 734 [Ethiopiae
797 663 1236 718 convertendae.
1270 665 1492 734 Itaque,
1531 679 1668 716 cum
1722 676 1838 715 non
1888 663 2112 714 constet
2221 657 2396 727 longe
2424 657 3050 728 probabiliorapparet
3075 657 3365 711 sententia
3393 657 3892 728 communis,qua

459 752 534 808 de
563 752 986 824 prmdicatione
1017 751 1190 806 ullius
1217 752 1457 806 alterius
1479 767 1550 806 ex
1575 748 1882 820 discipulis
1908 747 2114 803 Christi

460 842 518 896 in
531 840 856 911 IEthiopia,
872 843 1064 895 Patres
1087 855 1223 895 vero
1238 840 1438 911 plures
1457 839 1802 895 eunuchum
1816 839 2017 909 ipsum
2033 835 2114 892 ibi

459 928 600 984 ﬁdei
660 943 993 1000 praeconem
1041 927 1281 992 faciant,
1337 927 1566 982 videtur
1614 927 1860 983 omnino
1910 941 2113 980 assen-

460 1018 731 1076 tiendum
760 1017 898 1087 illis,
930 1018 1034 1089 qui
1066 1017 1400 1075 Matthaeum
1423 1033 1493 1072 eo
1522 1016 1774 1072 missum
1806 1019 2112 1072 asserunt:

463 1105 646 1162 solius
693 1105 852 1163 enim
884 1106 1142 1162 eunuchi
1195 1111 1396 1176 utpote
1449 1104 1609 1171 laici,
1651 1105 1798 1160 dum
1829 1119 1900 1160 eo
1935 1118 2117 1158 rever-

464 1212 568 1251 sus
597 1202 704 1266 est,
734 1201 984 1252 conatus
1014 1210 1135 1251 non
1158 1198 1392 1265 poterat
1422 1193 1690 1250 sufﬁcere
1729 1193 1807 1250 ad
1838 1192 2117 1248 ecclesias

463 1284 796 1355 erigendas,
871 1285 981 1340 nisi
1035 1283 1342 1340 accederet
1394 1283 1721 1356 apostolus,
1756 1287 1859 1338 aut
1906 1282 2117 1338 saltem

465 1373 749 1430 sacerdos
790 1372 1024 1445 aliquis.
1060 1375 1224 1428 Hunc
1253 1388 1392 1428 vero
1421 1373 1600 1427 fuisse
1629 1372 1969 1427 Matthaaum
2008 1377 2118 1426 tra-

461 1462 612 1519 dunt
656 1462 972 1533 scriptores
1016 1461 1157 1518 satis
1206 1460 1434 1534 antiqui
1486 1467 1542 1517 et
1585 1476 1790 1533 graves
1820 1460 1897 1516 ad
1937 1460 2117 1515 ﬁdem

459 1550 575 1608 hac
605 1552 665 1607 in
696 1567 757 1607 re
775 1551 1185 1607 obtinendam.
1211 1550 1406 1606 Altera
1418 1551 1567 1606 ratio
1581 1555 1687 1614 est,
1713 1551 1878 1622 quod
1894 1549 2119 1605 Persica

459 1645 563 1696 aut
601 1641 1088 1698 Parthicasancti
1147 1640 1494 1712 praedicatio
1540 1640 1734 1696 solum
1769 1639 2020 1695 breviter
2068 1642 2123 1694 et

2224 752 2445 818 martyr
2474 746 2732 802 creditur
2770 746 3079 801 Matthaaus
3109 762 3120 798 :
3157 761 3297 800 nam
3332 761 3440 800 nec
3484 744 3888 814 Menologium

2227 836 2588 892 Basilianum
2615 835 2770 891 clare
2796 839 3159 891 contrarium
3195 835 3391 895 habet.
3420 850 3528 890 nec
3555 833 3889 890 Heracleon

2224 926 2388 998 apud
2419 924 2777 980 Clementem
2804 945 2816 984 :
2861 941 2969 980 nec
3000 925 3215 980 horum
3247 924 3572 980 auctoritas
3604 939 3714 995 par
3733 930 3894 979 esset

2223 1013 2467 1085 reliquis
2501 1013 2804 1079 omnibus,
2835 1014 2878 1068 si
2911 1015 3160 1069 omnino
3183 1013 3544 1069 contrarium
3575 1013 3887 1068 haberent.

2225 1103 2304 1158 De
2344 1107 2614 1174 tempore
2650 1102 2913 1174 martyrii
2975 1118 3092 1158 non
3140 1107 3390 1158 constat.
3425 1101 3893 1174 Cbrysostomus

2225 1197 2426 1248 tamen
2477 1192 2640 1247 hom.
2702 1196 2770 1248 76
2846 1191 2945 1262 (al.
3014 1192 3106 1263 77)
3166 1191 3230 1247 in
3309 1190 3659 1248 Manlia-um
3748 1191 3891 1246 insi-

2226 1288 2391 1346 nuat,
2423 1282 2706 1338 Sanctum
2752 1280 2928 1336 fuisse
2985 1280 3334 1337 defunctum
3394 1286 3529 1336 ante
3583 1279 3891 1336 excidium

2227 1369 2855 1442 Hierosolymitanum,
2879 1369 3038 1442 quod
3062 1369 3264 1440 ﬁgitur
3293 1385 3453 1425 anno
3478 1373 3545 1425 7O
3567 1386 3697 1425 atrae
3725 1367 3892 1424 Chri-

2229 1459 2452 1515 stianae.

2300 1554 2384 1604 61.
2443 1550 2732 1603 Caeterum
2785 1546 2858 1602 de
2918 1546 3101 1602 modo
3160 1547 3393 1603 vivendi
3455 1553 3510 1604 et
3569 1547 3893 1603 virtutibus

2232 1638 2286 1693 S.
2322 1636 2571 1692 Matthaai
2622 1652 2816 1707 pauca
2866 1636 3240 1707 reperiuntur
3279 1638 3441 1707 apud
3487 1642 3735 1697 veteres.
3769 1636 3896 1692 Cle-

459 1745 612 1799 vage
642 1730 954 1786 sitasserta
981 1728 1387 1785 abAmbrosio
1419 1735 1475 1784 et
1502 1729 1764 1796 Paulino,
1797 1745 1865 1783 ex
1903 1727 2122 1801 quibus
2157 1737 2200 1794 Β
2233 1741 2402 1780 mens
2424 1724 2880 1790 Alexandrinus,
2905 1724 3003 1779 lib.
3036 1740 3078 1779 ιι
3106 1725 3447 1795 Pavdagogi,
3471 1741 3605 1797 cap.
3641 1725 3892 1792 t,victus

456 1817 755 1876 inFastos
811 1818 1304 1890 Hieronymianos
1360 1818 1610 1873 transire
1669 1818 1879 1889 potuit.
1932 1817 2124 1871 Potuit

457 1909 660 1964 tamen
705 1906 788 1962 ibi
840 1922 1081 1979 quoque
1117 1905 1453 1978 praedicare,
1486 1912 1541 1962 et
1566 1911 1776 1978 pestea
1799 1908 1860 1962 in
1913 1905 2123 1961 zEthio-

455 1995 623 2069 piam
671 1995 957 2067 proficisci
989 2013 1002 2048 :
1038 2011 1179 2051 nam
1209 1996 1282 2049 de
1324 2000 1509 2051 morte
1541 2000 1643 2052 aut
1693 1995 1974 2067 martyrio
2002 1996 2124 2050 lau-

453 2084 579 2141 dati
609 2088 808 2141 Patres
846 2083 989 2140 nihil
1040 2083 1365 2140 afﬁrmant.
1413 2084 1584 2150 Quod
1615 2099 1751 2140 vero
1783 2090 2010 2155 spectat
2047 2083 2122 2138 ad

455 2174 774 2240 civitatem,
807 2189 943 2245 quae
983 2173 1300 2229 Naddaver
1336 2174 1395 2228 in
1437 2173 1596 2229 Actis
1628 2178 1683 2228 et
1716 2173 1880 2244 apud
1927 2175 2124 2229 Fortu-

454 2267 667 2320 natum
701 2268 965 2328 vocatur,
995 2260 1327 2318 nullaillius
1359 2262 1534 2336 plane
1565 2262 1826 2318 nominis
1859 2268 2003 2318 nota
2037 2269 2124 2320 est

460 2352 522 2408 in
582 2350 900 2424 Ethiopia.
957 2353 1094 2407 Erat
1134 2355 1335 2407 tamen
1396 2352 1644 2420 Augusti
1688 2358 1953 2424 tempore
1982 2351 2122 2406 urbs

454 2443 679 2512 Napata
733 2440 896 2512 apud
946 2439 1298 2498 Strabonem
1347 2455 1487 2512 pag.
1535 2444 1639 2496 8‘20
1696 2440 1877 2507 dicta,
1937 2456 2123 2513 quam

452 2530 760 2587 Petronius
818 2532 1088 2586 Romano
1134 2530 1416 2586 exercitui
1475 2530 1786 2601 praefectus
1837 2528 1991 2602 cepit
2053 2546 2123 2586 ac

451 2618 628 2675 diruit
659 2618 720 2674 in
752 2618 909 2676 bello
942 2624 1153 2674 contra
1184 2619 1454 2688 reginam
1491 2619 2119 2690 Candacem.Napatis,

455 2712 598 2764 teste
634 2708 947 2773 Strabone,
976 2706 1279 2764 Candaces
1311 2708 1478 2776 regia
1502 2714 1646 2763 erat.
1679 2708 1808 2764 Jam
1845 2723 1984 2763 vero
2025 2707 2122 2762 alii

456 2797 850 2860 considerent,
884 2813 961 2852 an
990 2798 1135 2853 urbs
1172 2797 1513 2868 Ethiopica,
1546 2813 1727 2869 quam
1759 2796 1990 2867 Napata
2022 2813 2122 2851 vo-

454 2893 668 2943 carunt
698 2886 903 2952 Graeci,
945 2903 1066 2942 non
1113 2886 1367 2958 potuerit
1400 2886 1515 2941 alia
1552 2887 1925 2958 expositione
1957 2887 2119 2942 vocis

455 2975 822 3046 Ethiopicae,
869 2981 972 3031 aut
1003 2975 1213 3030 saltem
1265 2976 1647 3044 corruptione
1679 2975 1994 3031 Naddaver
2025 2992 2121 3031 ex-

2235 1814 2614 1870 sobrietatem
2648 1813 2874 1879 laudat,
2911 1814 2994 1868 ita
3021 1813 3289 1869 scribens
3329 1831 3344 1881 ;
3379 1833 3408 1866 «
3443 1814 3755 1870 Matthaus
3786 1814 3898 1870 ita-

2233 1919 2349 1975 que
2371 1902 2677 1974 apostolus
2704 1903 3054 1970 seminibus,
3083 1903 3284 1958 baccis
3302 1909 3357 1958 et
3376 1903 3636 1959 oleribus
3659 1903 3895 1974 absque

2233 1991 2511 2047 carnibus
2554 1992 2844 2048 utebatur.
2884 2013 2913 2044 ››
2948 1992 3426 2064 Chrysostomus,
3460 1993 3622 2048 hom.
3673 1995 3741 2047 47
3789 1993 3895 2062 (al.

2233 2082 2324 2151 48)
2353 2081 2416 2136 in
2455 2081 2657 2137 Matth.
2700 2096 2771 2137 ex
2803 2080 2986 2136 sacris
3029 2081 3248 2137 Litteris
3288 2081 3548 2150 elogium
3579 2081 3895 2138 collectum

2234 2171 2313 2227 ita
2342 2170 2680 2226 contexuit:
2715 2191 2738 2220 α
2769 2170 2975 2240 Cogita
3010 2171 3152 2226 mihi
3184 2171 3423 2243 (inquit)
3477 2171 3637 2226 hunc
3689 2171 3896 2243 ipsum

2232 2259 2680 2330 evangelistam,
2731 2259 2970 2315 etiamsi
3015 2276 3135 2316 non
3176 2264 3359 2316 totam
3391 2260 3520 2331 ejus
3573 2261 3752 2316 vitam
3793 2261 3896 2315 de-

2233 2350 2510 2420 scriptam
2536 2348 2872 2404 habeamus
2907 2365 2918 2403 :
2949 2354 3210 2404 attamen
3238 2366 3305 2404 ex
3355 2350 3581 2421 paucis,
3637 2366 3773 2422 quae
3807 2366 3895 2405 re-

2234 2438 2885 2509 stant,licetimaginem
2899 2439 3026 2509 ejus
3045 2438 3459 2509 splendentem
3480 2440 3691 2494 videre.
3717 2441 3896 2505 Quod

2231 2527 2470 2583 humilis
2501 2533 2557 2582 et
2594 2527 2878 2583 contritus
2908 2534 3079 2593 esset,
3113 2527 3254 2583 audi
3289 2527 3487 2600 ipsum
3535 2528 3592 2583 in
3628 2530 3890 2598 Evange-

2230 2617 2309 2672 lio
2339 2633 2464 2672 sese
2489 2616 2881 2689 publicanum
2909 2623 3244 2682 vocantem;
3261 2617 3423 2689 quod
3441 2623 3640 2673 autem
3661 2618 3896 2673 miseri-

2231 2722 2362 2761 cors
2393 2711 2565 2773 esset,
2603 2705 2734 2760 vide
2772 2705 2937 2760 illum
2967 2705 3249 2761 omnibus
3278 2713 3521 2762 exutum
3551 2707 3758 2763 Jesum
3794 2723 3896 2764 se-

2230 2801 2533 2867 quentem.
2571 2795 2738 2860 Quod
2763 2796 2895 2867 pius
2921 2800 3090 2860 esset,
3127 2795 3327 2866 palam
3364 2800 3458 2850 est
3488 2812 3558 2850 ex
3595 2796 3894 2865 dogmati-

2227 2883 2363 2938 bus.
2406 2883 2814 2954 Intelligentim
2847 2890 2903 2938 et
2950 2884 3292 2940 charitatem
3327 2885 3455 2955 ejus
3503 2900 3573 2940 ex
3597 2901 3687 2953 eo,
3720 2887 3890 2956 quod

2229 2972 2598 3042 conscripsit,
2646 2972 2964 3036 Evangelio
3003 2972 3203 3028 videre
3238 2979 3325 3028 est
3369 2993 3380 3032 :
3428 2975 3682 3028 universi
3721 2975 3888 3030 enim

458 3063 658 3134 primi.
686 3063 970 3118 Eamdem
1007 3063 1211 3118 urbem
1245 3063 1387 3118 alibi
1426 3063 1884 3134 Naggatascribi
1915 3063 2122 3119 obser-
2155 3092 2194 3147 ο
2230 3061 2392 3116 orbis
2423 3078 2623 3116 curam
2649 3061 2849 3130 gessit.
2886 3063 3183 3116 Bonorum
3198 3077 3447 3132 operum
3463 3072 3891 3132 argumentum

459 3156 559 3208 vat
580 3151 884 3216 Cellarius,
903 3151 962 3206 in
985 3152 1365 3222 GeOgrap/u'a
1381 3151 1656 3222 antiqua,
1683 3151 1787 3207 lib.
1811 3169 1886 3218 iv,
1905 3170 2037 3225 cap.
2065 3158 2115 3218 8,

456 3256 601 3313 pag.
635 3244 754 3296 £56.

529 3333 618 3386 6t.
650 3328 822 3394 Quod
855 3333 1082 3399 spectat
1127 3329 1205 3384 ad
1233 3328 1590 3401 martyrium
1620 3331 1808 3385 sancti
1841 3331 2114 3398 Matthaei,

454 3418 570 3474 hoc
603 3418 804 3489 ipsum
834 3418 1060 3474 videtur
1089 3419 1364 3474 dubium.
1399 3419 1814 3492 Martyrologia
1843 3421 2118 3493 Hierony-

458 3506 663 3562 miana
705 3512 762 3562 et
790 3512 933 3563 Acta
967 3507 1164 3563 Latina
1195 3525 1331 3563 cum
1390 3509 1808 3579 martyrologis
1832 3509 2116 3564 omnibus

457 3595 645 3653 medii
669 3596 778 3651 avi
804 3595 1135 3661 insinuant,
1168 3597 1505 3653 Matthteum
1529 3598 1746 3653 obiisse
1769 3608 2112 3670 martyrem.

456 3688 525 3741 At
541 3683 945 3752 menologium
965 3685 1324 3741 Basilianum
1338 3687 1413 3742 ad
1439 3690 1498 3742 16
1513 3688 1859 3742 Novembris
1873 3687 1946 3742 de
1967 3704 2115 3742 mar-

459 3775 607 3846 tyrio
638 3773 790 3829 clare
823 3774 1034 3830 saltem
1069 3790 1189 3830 non
1213 3774 1491 3848 loquitur,
1525 3777 1626 3831 sed
1654 3777 1829 3831 utitur
1872 3792 2011 3831 voce
2042 3796 2117 3829 τι-

463 3862 713 3931 λιιοῦται,
731 3869 1253 3936 consummatur,q
1263 3881 1338 3920 uo
1353 3870 1551 3920 tamen
1568 3865 1749 3921 verbo
1761 3866 2116 3937 martyrium

461 3952 626 4008 innui
684 3957 894 4023 potest,
957 3954 1219 4008 maxime
1278 3970 1415 4009 cum
1471 3953 1648 4024 paulo
1698 3959 1833 4009 ante
1892 3955 2118 4010 dicatur

463 4041 650 4097 multa
684 4045 980 4097 tormenta
1022 4058 1339 4113 perpessus
1388 4043 1551 4115 apud
1597 4044 2113 4114 Antropophagos.

465 4132 525 4184 in
551 4130 759 4184 eodem
795 4129 1121 4199 Menologio
1153 4129 1227 4185 ad
1262 4131 1330 4186 30
1357 4131 1508 4186 Junii
1546 4130 1763 4186 dicitur
1817 4130 2118 4202 lapidibus

463 4216 736 4273 obrutus.
795 4219 1217 4290 Metaphrastes
1263 4226 1318 4274 et
1351 4219 1581 4274 Nicetas
1622 4219 1923 4290 Paphlago
1967 4237 2121 4275 mar-

467 4307 688 4378 tyrium
720 4307 1046 4375 generatim
1081 4314 1374 4364 asserunt.
1416 4309 1478 4362 In
1513 4309 1746 4363 Menaeis
1793 4309 1871 4364 ad
1911 4309 1969 4362 16
2009 4313 2123 4365 No-

466 4394 724 4452 vembris
739 4396 997 4467 primum
1013 4399 1296 4452 asseritur
1311 4414 1412 4467 per
1427 4397 1628 4466 ignem
1647 4405 2121 4462 consummatus,

468 4481 687 4540 deinde
725 4483 900 4541 datur
939 4484 1196 4555 elogium
1239 4485 1597 4550 fabulosum,
1642 4487 1700 4542 in
1741 4503 1861 4558 quo
1902 4486 2126 4545 illesus

469 4571 548 4628 ab
587 4571 723 4641 igne
763 4589 903 4628 mox
933 4573 993 4628 in
1023 4574 1290 4629 oratione
1321 4575 1536 4630 obiisse
1591 4575 1824 4646 dicitur,
1861 4581 1921 4630 ut
1945 4577 2123 4632 etiam

471 4659 653 4717 habet
699 4660 1089 4732 Nicephorus,
1134 4663 1473 4729 Heracleon,
1515 4663 1826 4719 hereticus
1876 4664 2124 4720 Valenti—

473 4749 708 4812 nianus,
767 4749 930 4822 apud
993 4750 1347 4807 Clementem
1395 4751 1884 4819 Alexandrinum,
1936 4753 2036 4810 lib.
2071 4770 2126 4809 lV

471 4837 864 4903 Stromalum,
897 4838 1128 4894 videtur
1157 4855 1376 4909 negare
1401 4842 1752 4914 martyrium
1785 4858 1904 4897 non
1930 4842 2125 4898 solum

473 4928 725 4986 latthaai
748 4927 852 4982 sed
875 4928 1052 4984 etiam
1081 4929 1350 5001 Philippi,
1383 4930 1622 4987 Thomue
1655 4937 1710 4987 et
1737 4932 1920 4998 Levis,
1945 4949 2123 5004 quem

474 5031 788 5088 perperam
805 5032 842 5072 a
863 5017 1134 5072 Μαίη]ωο
1156 5018 1486 5089 distinguit,
1514 5019 1622 5074 nisi
1637 5020 1784 5076 forte
1810 5020 2127 5076 Lebbaeum

475 5105 599 5161 sive
629 5105 994 5162 Thaddaaum
1027 5123 1097 5162 eo
1125 5107 1364 5163 nomine
1395 5109 1712 5178 designare
1747 5109 1945 5165 voluit.
1970 5112 2124 5165 Atta-

474 5208 613 5250 men
640 5193 875 5265 phrasis
904 5200 990 5249 est
1010 5194 1341 5264 obscurior,
1375 5196 1638 5269 mihique
1668 5197 2022 5266 ambiguum
2045 5202 2130 5252 est

477 5296 554 5337 an
612 5298 818 5339 revera
865 5283 1184 5341 Heracleon
1245 5300 1461 5354 negare
1517 5285 1785 5351 voluerit,
1839 5292 2127 5358 martyres

478 5367 659 5423 fuisse
686 5369 962 5427 laudatos
993 5372 1317 5445 apostolos.
1350 5376 1516 5440 Quod
1549 5375 1598 5430 si
1620 5391 1826 5431 revera
1847 5375 1904 5430 id
1937 5375 2132 5430 volue—

478 5455 572 5520 rit,
625 5457 850 5528 exiguae
883 5461 1046 5532 apud
1097 5478 1307 5517 omnes
1361 5462 1536 5520 debet
1586 5479 1717 5519 esse
1768 5464 2132 5520 auctoritatis

478 5543 702 5602 dictum
731 5545 895 5613 illud,
928 5564 1068 5606 cum
1100 5550 1370 5608 Clemens
1401 5551 1526 5625 ipse
1567 5552 1745 5625 paulo
1774 5559 1906 5626 post
1930 5552 2128 5612 dicat:

2228 3150 2416 3205 habes
2459 3167 2530 3206 ex
2574 3152 2807 3215 throno,
2839 3151 2896 3205 in
2923 3165 3044 3222 quo
3088 3166 3362 3205 sessurus
3408 3158 3537 3206 est:
3590 3151 3892 3207 fortitudi-

2229 3256 2387 3304 nem,
2413 3241 2574 3312 quod
2616 3239 2881 3309 gaudens
2915 3255 3182 3296 reversus
3215 3242 3290 3294 sit
3329 3256 3364 3295 a
3395 3239 3543 3296 facie
3569 3241 3828 3297 concilii.
3860 3263 3890 3295 ιο

2229 3331 2520 3383 Hactenus
2545 3330 3025 3399 Chrysostomus.
3051 3328 3560 3384 Eminentissimus
3577 3332 3736 3386 Bona
3756 3329 3855 3385 lib.
3872 3347 3892 3385 ι

2228 3420 2443 3472 Rerum
2473 3417 2904 3486 liturgicarum,
2929 3434 3061 3489 cap.
3087 3418 3139 3482 8,
3169 3434 3336 3473 num.
3371 3422 3421 3484 2,
3453 3419 3624 3474 refert
3658 3425 3894 3475 exstare

2226 3507 2402 3562 etiam
2437 3507 2676 3561 nomine
2724 3507 2907 3561 sancti
2941 3507 3188 3562 Matthesi
3232 3506 3553 3576 Liturgiam
3599 3508 3892 3580 aliquam,

2226 3610 2352 3667 qum
2387 3594 2854 3666 Aﬂthiopumesse
2893 3594 3452 3664 dicitur.l.iturgiam
3488 3595 3819 3668 [Ethiopum
3856 3615 3896 3653 a

2227 3685 2402 3740 variis
2441 3684 2662 3739 editam
2705 3683 2939 3740 invenio
2988 3699 3000 3750 ;
3041 3682 3146 3737 sed
3181 3699 3296 3738 non
3338 3685 3510 3740 video
3541 3685 3892 3742 attributam

2227 3780 2430 3828 sancto
2461 3772 2754 3829 Matthaao.
2789 3774 2951 3828 Certe
2979 3774 3389 3843 Raynodotius
3419 3776 3478 3830 in
3499 3775 3684 3846 Opere
3701 3775 3778 3830 de
3801 3774 3896 3829 Li-

2229 3862 2435 3932 turgiis
2483 3863 2878 3918 Orientalibus
2931 3862 3107 3918 etiam
3158 3863 3520 3935 lEthiopicas
3560 3862 3744 3918 edidit
3780 3881 3794 3917 :
3832 3870 3898 3920 at

2228 3950 2455 4006 nullam
2487 3949 2566 4005 ibi
2598 3952 2837 4006 nomine
2866 3954 3115 4010 Matthaei
3145 3955 3491 4018 insignitam
3524 3952 3659 4008 vidi.
3699 3953 3895 4018 Quare

2228 4039 2500 4096 existimo
2552 4040 2716 4095 illam
2782 4058 2901 4096 non
2960 4042 3063 4098 diu
3108 4045 3162 4100 S.
3219 4042 3488 4101 Matthaao
3544 4041 3898 4098 attributam

2228 4129 2431 4187 fuisse.

2230 4237 2257 4308 §
2290 4239 2350 4310 Υ.
2391 4237 2476 4292 De
2503 4238 2996 4310 translationibus
3023 4241 3285 4306 corporis
3312 4240 3466 4310 quod
3497 4239 3799 4296 inventum
3833 4240 3900 4295 in

2305 4309 2586 4371 Lucania,
2652 4310 3024 4379 transfertur
3069 4309 3403 4378 Salernum,
3453 4327 3524 4368 ac
3585 4311 3898 4367 brachium

2304 4380 2515 4435 deinde
2537 4381 2958 4436 Beneventum.

2269 4488 2358 4542 63.
2377 4486 2862 4558 Quandoquidem
2877 4505 2997 4544 non
3015 4489 3310 4546 habemus
3327 4493 3468 4546 Acta
3483 4488 3896 4544 translationis

2239 4575 2431 4632 sancti
2467 4576 2731 4647 Matthaai,
2763 4592 2895 4648 quae
2945 4577 3126 4633 ﬁdem
3175 4583 3472 4634 merentur
3505 4578 3610 4633 viri
3653 4578 3896 4645 eruditi,

2237 4671 2340 4722 aut
2360 4682 2496 4720 eam
2523 4664 2787 4721 obtinere
2819 4673 3067 4736 possunt
3089 4668 3201 4723 hoc
3233 4674 3519 4740 tempore,
3552 4673 3609 4723 et
3639 4668 3901 4738 scripto—

2237 4772 2328 4811 res
2345 4754 2707 4826 antiquiores
2739 4771 2856 4810 non
2880 4756 2990 4810 nisi
3010 4773 3225 4829 vagam
3248 4757 3517 4828 aliquam
3533 4756 3895 4812 etincertam

2236 4844 2526 4899 dederunt
2567 4845 2835 4899 notitiam
2877 4845 2950 4900 de
3000 4845 3152 4913 loco,
3209 4847 3268 4902 in
3302 4862 3424 4918 quo
3449 4861 3667 4918 corpus
3702 4863 3900 4903 serva-

2236 4933 2413 4987 batur
2447 4935 2582 4987 ante
2616 4933 3059 4989 translationem
3106 4934 3166 4990 in
3215 4934 3533 5006 Europam,
3581 4933 3903 4991 ditﬁculter

2238 5020 2463 5092 aliquid
2495 5019 2635 5077 certi
2665 5022 2988 5092 reperietur
3034 5023 3108 5079 de
3153 5025 3462 5080 occasione
3520 5030 3572 5078 et
3608 5029 3900 5095 tempore,

2237 5125 2358 5181 quo
2393 5110 2652 5180 primum
2685 5110 2741 5163 in
2775 5111 2998 5166 italiam
3031 5111 3140 5167 fuit
3183 5113 3586 5185 deportatum.
3620 5113 3906 5168 Illustris-

2240 5199 2425 5253 simus
2455 5197 2741 5255 Columna
2763 5199 2889 5269 jam
2923 5200 3217 5266 laudatus,
3247 5202 3352 5274 qui
3387 5202 3681 5272 majorem
3713 5202 3904 5259 tidem

2239 5303 2424 5360 quam
2447 5288 2644 5342 crisim
2675 5288 2949 5344 adhibuit
2971 5290 3032 5344 in
3051 5291 3357 5362 sequendo
3389 5292 3718 5346 Relatioues
3735 5293 3896 5355 Mss.,

2239 5391 2393 5448 quas
2417 5367 2842 5448 improbabiles
2863 5395 2991 5434 esse
3005 5379 3236 5434 ostendi
3254 5379 3280 5451 §
3306 5385 3356 5445 t,
3377 5380 3685 5435 Historiam
3707 5387 3898 5436 trans-

2241 5463 2480 5520 lationis
2505 5464 2671 5521 dedit
2720 5465 2967 5522 minime
2999 5466 3399 5523 verisimilem.
3434 5469 3659 5524 Etenim
3691 5485 3830 5540 cap.
3865 5471 3900 5525 5

2242 5559 2446 5612 narrat
2476 5555 2660 5611 sancti
2693 5571 2911 5628 corpus
2943 5571 3015 5613 ex
3053 5555 3346 5630 Ethiopia
3371 5557 3635 5614 delatum
3670 5556 3729 5612 in
3778 5560 3900 5614 Bri—
