4094 6230
205 303 322 358 789

1576 305 1739 362 VlTA
1781 305 1842 364 S.
1883 305 2138 363 MATTH
2151 306 2264 364 1E1.

3529 317 3638 375 790

199 428 480 482 tanniam
504 427 870 486 Armoricam
884 445 990 502 per
1010 434 1370 487 mercatores
1394 430 1707 487 Britannos
1723 436 1870 488 tem-
1901 433 1946 487 A
1976 432 2210 500 bentur,
2243 437 2361 490 tom
2396 435 2461 488 V.
2495 435 2862 508 Scriptorum
2893 436 3109 503 Italia,
3141 452 3280 509 pag.
3314 439 3402 506 33,
3422 441 3634 500 eadem

199 531 355 587 pore
387 517 540 588 regis
581 518 937 588 Salomonis,
979 519 1085 592 qui
1125 519 1394 589 regnavit
1432 525 1562 590 post
1601 520 1864 577 medium

205 604 415 660 seaculi
448 623 502 660 ix
539 625 552 674 ;
582 609 745 677 (nam
775 624 884 680 pro
907 609 1111 665 ﬁctitio
1138 625 1292 664 nunc
1319 609 1570 664 habetur
1591 609 1740 665 alius
1765 611 1868 666 Sa-

203 694 436 759 lomon,
488 712 668 769 quem
717 697 943 770 aliquot
971 699 1199 754 saeculis
1241 699 1414 754 citius
1454 699 1512 754 in
1562 700 1867 756 Armorica

200 798 499 852 regnasse
530 786 710 858 aliqui
731 787 874 842 olim
901 788 1300 860 crediderunt)
1324 789 1786 860 depositumque
1806 789 1863 844 in

201 875 446 929 civitate
477 877 844 944 Legionensi.
877 877 947 933 At
969 892 1088 932 non
1117 878 1499 946 ignorassent
1519 877 1865 950 hoc,neque

200 964 528 1019 tacuissent
559 981 770 1020 omnes
787 965 1101 1035 scriptores
1117 966 1256 1022 Galli
1276 965 1512 1022 illorum
1531 973 1862 1038 temporum

196 1057 312 1108 aut
351 1053 532 1123 paulo
574 1054 993 1125 posteriorum,
1043 1056 1089 1110 si
1135 1056 1358 1111 factum
1409 1062 1586 1112 esset.
1641 1056 1863 1111 Deinde

195 1157 343 1212 cap.
379 1146 410 1198 6
435 1143 606 1198 refert
636 1143 1020 1200 Salomonem
1055 1160 1252 1215 regem
1287 1160 1448 1200 anno
1490 1145 1858 1217 quinquage-

195 1230 360 1286 simo
392 1248 426 1286 a
457 1232 840 1288 translatione
872 1235 1137 1305 corporis
1164 1251 1199 1289 a
1225 1234 1520 1290 Britannis
1553 1235 1676 1288 suis
1706 1234 1858 1289 occi-

194 1336 336 1375 sum
362 1337 377 1389 ;
406 1336 595 1392 eaque
616 1321 690 1375 de
708 1338 894 1378 causa
915 1322 1395 1378 Valentinianum
1417 1323 1853 1393 imperatorem,

193 1410 307 1481 qui
335 1409 562 1480 aliquot
591 1409 818 1465 sarculis
850 1415 986 1466 ante
1015 1411 1397 1467 Salomonem
1427 1411 1534 1466 fuit
1565 1417 1855 1477 mortuus,

193 1513 271 1554 ex
289 1498 452 1552 Italia
467 1498 766 1570 ingentem
786 1499 1022 1555 misisse
1037 1501 1286 1556 classem
1304 1500 1380 1556 ad
1395 1500 1856 1571 expugnandam

197 1587 590 1653 Britanniam,
625 1593 678 1642 et
717 1588 816 1654 sic,
854 1595 1031 1660 capta
1061 1590 1291 1646 civitate
1328 1590 1690 1660 Legionensi,
1727 1605 1858 1645 cor-

193 1689 316 1746 pus
344 1676 533 1730 sancti
565 1677 814 1731 Matthaai
840 1677 898 1732 in
951 1678 1271 1733 Lucaniam
1315 1677 1694 1734 translatum.
1729 1681 1856 1734 Haec

1977 521 2195 578 clarius
2225 528 2280 578 et
2310 523 2522 578 melius
2555 524 2846 595 leguntur.
2882 526 3073 582 Verba
3103 526 3302 599 accipe
3333 544 3346 583 :
3381 547 3409 579 (ι
3444 535 3507 586 In
3535 531 3637 605 ip-

1979 612 2102 666 sius
2133 612 2413 685 principis
2457 613 2722 685 Gisulphi
2783 615 3154 687 temporibus
3191 616 3497 676 inventum
3547 627 3634 679 est

1977 701 2458 758 sacratissimum
2493 719 2706 773 corpus
2750 706 2808 758 Β.
2842 704 3091 760 Matthasi
3120 705 3179 760 in
3209 708 3477 764 Lucania
3505 709 3634 766 tini-

1974 789 2110 856 bus,
2143 797 2322 863 atque
2351 808 2488 846 cum
2516 792 2714 848 debito
2745 793 2968 849 honore
2999 810 3104 866 per
3137 793 3472 865 jussionem
3501 798 3628 868 jam

1973 879 2075 934 fati
2126 880 2391 951 Gisulphi
2433 881 2723 953 principis
2777 882 3085 939 Salernum
3129 883 3470 940 deducitur.
3517 887 3626 943 Sed

1973 976 2118 1041 quot
2135 969 2439 1025 evenerint
2456 971 2626 1040 signa
2651 976 2708 1026 et
2731 971 3019 1027 miracula
3044 978 3101 1026 et
3123 973 3428 1044 quomodo
3453 973 3628 1031 fuerit

1971 1065 2292 1129 repertum,
2335 1060 2688 1115 omnimodo
2730 1076 2887 1116 nunc
2939 1063 3203 1132 pandere
3243 1062 3621 1120 omittimus:

1972 1148 2380 1218 postmodum,
2427 1150 2540 1204 Deo
2598 1155 2918 1215 annuente,
2961 1150 3403 1207 innotescemus
3442 1158 3624 1226 atque

1968 1236 2106 1292 huic
2161 1237 2424 1293 Historias
2500 1239 2810 1295 adnectere
2863 1239 3172 1296 faciemus.
3236 1261 3262 1292 »
3327 1244 3622 1298 Hactenus

1968 1335 2190 1390 auctor,
2220 1327 2588 1399 quicumque
2614 1328 2706 1394 sit,
2739 1329 2895 1400 quod
2924 1345 3043 1384 non
3074 1329 3331 1400 inquiro.

2035 1416 2123 1470 66.
2160 1415 2240 1470 De
2291 1431 2452 1472 anno
2505 1416 2880 1483 inventionis,
2940 1433 3122 1490 quem
3169 1420 3275 1475 954
3327 1419 3473 1476 dixit
3507 1422 3620 1478 Leo

1967 1505 2271 1575 Ostiensis,
2292 1505 2682 1562 etiamsiforte
2700 1522 2820 1562 non
2841 1509 3090 1564 omnino
3113 1508 3186 1563 sit
3210 1514 3424 1573 certus,
3454 1508 3618 1566 litem

1967 1594 2326 1650 movendam
2360 1610 2480 1650 non
2509 1609 2721 1650 censeo
2754 1618 2766 1659 ;
2796 1610 2934 1651 cum
2961 1600 3114 1651 certe
3142 1596 3241 1652 illo
3271 1613 3432 1654 anno
3460 1599 3618 1670 prin-

1965 1681 2230 1752 cipatum
2273 1682 2709 1739 Salernitanum
2757 1683 3052 1739 obtineret
3080 1684 3399 1758 Gisulphus
3447 1687 3617 1743 Guai-

191 1763 1854 1838 retulisse,omissisetiamimprobabilibustranslationis
1891 1780 1936 1836 B
1965 1771 2134 1826 marii
2165 1771 2342 1838 filius,
2395 1773 2509 1826 sub
2540 1787 2660 1843 quo
2705 1773 3112 1829 inventionem
3163 1775 3481 1844 contigisse
3533 1777 3614 1833 ait

194 1853 526 1924 adjunctis,
552 1854 840 1910 refutasse
867 1861 976 1910 est.

275 1945 365 1996 64.
394 1945 542 2007 Mox,
570 1959 704 2014 cap.
737 1950 790 2008 7,
827 1945 1038 2000 fatetur
1077 1949 1302 2010 auctor,
1343 1960 1585 2000 omnem
1625 1960 1856 2000 memo-

189 2031 353 2086 riam
383 2031 456 2085 de
496 2037 726 2088 servato
771 2033 828 2087 in
875 2033 1037 2089 Italia
1085 2049 1331 2105 corpore
1370 2033 1561 2089 sancti
1607 2034 1851 2090 Matthaai

190 2120 491 2192 paulatim
535 2122 914 2178 intercedisse
946 2140 960 2190 ;
997 2124 1520 2195 inventionemque
1552 2124 1631 2179 ait
1670 2125 1854 2179 conti-

191 2210 356 2280 gisse
379 2211 534 2266 circa
559 2212 936 2267 millesimum
958 2214 1595 2286 etquinquagesinium
1624 2230 1852 2270 annum

191 2317 227 2355 a
264 2301 498 2356 Christo
531 2307 690 2356 nato.
727 2304 894 2358 Hisce
920 2302 992 2356 de
1020 2319 1265 2374 corpore
1283 2303 1384 2358 diu
1417 2303 1771 2359 abscondito
1798 2308 1854 2360 et

190 2390 443 2444 demum
487 2390 726 2446 invento
757 2391 1136 2446 consentiunt
1165 2394 1478 2464 scriptores
1509 2392 1625 2447 ﬁde
1663 2392 1850 2463 digni,

191 2479 302 2534 sed
336 2478 562 2535 factum
595 2480 738 2536 illud
771 2481 963 2549 ﬁgunt
995 2485 1118 2536 toto
1159 2481 1277 2536 fere
1310 2481 1528 2537 saeculo
1569 2482 1760 2548 citius,
1793 2488 1855 2538 ut

192 2585 335 2624 mox
350 2569 687 2626 ostendam.
710 2570 929 2626 Interea
950 2570 1225 2639 observo,
1247 2571 1444 2642 priora
1464 2571 1688 2633 omnia,
1718 2587 1854 2644 quas

189 2656 535 2713 referuntur
583 2658 657 2713 de
702 2660 941 2730 gemina
985 2659 1395 2725 translatione,
1447 2660 1733 2715 nimirum
1783 2675 1854 2714 ex

192 2746 500 2818 {Ethiopia
529 2747 587 2802 in
622 2747 1006 2813 Britanniam,
1041 2755 1097 2803 et
1127 2764 1197 2803 ex
1233 2748 1534 2804 Britannia
1570 2748 1629 2803 in
1671 2749 1858 2804 Luca-

193 2836 388 2900 niam,
409 2852 481 2890 ex
506 2837 1120 2909 conjecturisincertis
1146 2838 1406 2909 potuisse
1427 2837 1684 2908 conﬁngi
1709 2855 1723 2903 ;
1750 2836 1854 2892 sed

193 2929 323 2979 tam
356 2924 828 2996 improbabiliter
862 2926 1041 2981 fuisse
1068 2927 1356 2997 exposita,
1385 2931 1446 2981 ut
1470 2927 1668 2982 malim
1690 2928 1857 2996 igno-

192 3027 332 3068 rare
367 3028 489 3083 quo
523 3015 701 3070 modo
727 3019 925 3087 etquo
951 3019 1221 3086 tempore
1253 3031 1491 3071 sacrum
1539 3016 1683 3071 illud
1729 3031 1851 3072 cor-

1964 1874 2302 1930 anonymus
2337 1860 2760 1916 Salernitanus.
2795 1859 3093 1932 Ughellus,
3120 1867 3266 1918 tom.
3301 1864 3362 1931 Χ,
3389 1863 3480 1920 col
3514 1864 3613 1920 157

1962 1949 2022 2004 in
2053 1950 2348 2022 episcopis
2389 1950 2692 2016 Paestanis,
2718 1957 2772 2006 et
2802 1951 3091 2006 Antonius
3122 1953 3314 2008 Mazza
3343 1952 3400 2008 in
3434 1954 3614 2009 Histo-

1962 2039 2050 2094 ria
2083 2038 2240 2093 urbis
2294 2038 2701 2104 Salernitanie,
2729 2055 2861 2110 cap.
2916 2044 2965 2104 5,
3009 2056 3176 2095 num.
3214 2046 3295 2104 t5,
3327 2041 3402 2096 de
3451 2057 3614 2100 anno

1963 2129 2138 2184 etiam
2171 2128 2570 2183 consentiunt.
2625 2131 2701 2184 De
2739 2128 2868 2184 loco
2900 2128 2983 2184 ait
3040 2129 3337 2198 Ughellus,
3395 2146 3615 2204 corpus

1962 2216 2264 2272 inventum
2285 2218 2486 2272 essein
2509 2232 2727 2272 eversas
2751 2217 2909 2272 urbis
2931 2218 3257 2288 (Paestanas)
3276 2219 3612 2275 ruderibus.

1963 2305 2160 2361 Mazza
2189 2305 2380 2361 solum
2414 2305 2568 2370 dicit,
2619 2305 2679 2360 in
2722 2307 2994 2361 Lucaniae
3024 2305 3244 2362 ﬁnibus
3284 2307 3610 2364 inventum.

1961 2395 2426 2450 Translationem
2457 2410 2597 2450 vero
2623 2395 2963 2451 enarrathis
2994 2398 3218 2451 verbis:
3247 2419 3266 2445 ε
3290 2395 3616 2470 Gisulphus

1964 2483 2282 2540 Guaimarii
2313 2483 2466 2538 ﬁlius
2505 2484 2683 2539 etiam
2717 2484 3000 2556 parvulus
3047 2488 3195 2556 patri
3237 2487 3616 2544 succedendo

1961 2573 2248 2642 regnavit.
2287 2571 2450 2627 Beati
2499 2572 2774 2642 apostoli,
2808 2573 3186 2644 evangelista:
3229 2591 3296 2629 ac
3336 2576 3616 2646 martyris

1969 2661 2214 2719 Matthaei
2264 2677 2504 2730 corpus,
2551 2661 2821 2716 Lucania:
2866 2661 3090 2716 finibus
3145 2663 3540 2728 inventum,...
3582 2678 3615 2720 θ

1964 2751 2232 2806 Ρωεῑδηει
2272 2749 2504 2804 civitate
2553 2765 2714 2805 anno
2769 2751 2894 2818 954,
2950 2755 3215 2818 tempore
3262 2751 3616 2822 praesulatus

1967 2839 2245 2895 Bernardi
2292 2840 2354 2908 ll,
2406 2855 2644 2894 summa
2693 2856 2830 2894 cum
2873 2840 3250 2896 veneratione
3294 2841 3350 2895 in
3402 2841 3612 2896 urbem

1968 2929 2401 2986 Salernitanam
2434 2927 2753 2997 transtulit,
2785 2928 2956 3000 cujus
3001 2929 3326 2985 adventum
3372 2935 3614 2985 sanctus

1965 3017 2370 3073 Grammatius
2421 3017 2464 3071 Il
2533 3017 2942 3073 Salernitanus
2991 3019 3329 3090 episcopus,
3395 3017 3617 3073 ultimis

190 3117 314 3174 pus
341 3103 398 3156 in
437 3103 759 3161 Lucaniam
793 3105 1144 3177 pervenerit,
1179 3120 1365 3177 quam
1408 3105 1500 3161 vel
1535 3105 1852 3161 minimum
1888 3132 1928 3190 ρ
1965 3108 2095 3178 ejus
2126 3106 2258 3161 vitae
2285 3107 2444 3162 horis
2493 3106 2584 3162 his
2630 3106 2905 3178 praedixit
2949 3107 3139 3162 verbis
3189 3126 3200 3166 :
3236 3126 3263 3159 α
3307 3109 3433 3163 Non
3481 3111 3620 3178 post

191 3207 265 3246 ex
297 3191 585 3249 relatione
615 3193 712 3248 illa
743 3195 1050 3264 adoptare.
1088 3196 1165 3249 De
1213 3194 1410 3266 capite
1451 3195 1658 3258 sancti,
1691 3195 1855 3267 quod

192 3279 308 3334 sibi
344 3282 676 3337 attribuunt
708 3283 1015 3346 Armorici,
1051 3290 1262 3354 postea
1302 3288 1512 3355 agetur
1550 3299 1658 3339 suo
1701 3283 1852 3338 loco.

195 3371 322 3428 Leo
355 3371 643 3426 Ostiensis
661 3373 718 3427 in
751 3371 1040 3428 Chronico
1062 3369 1389 3435 Casinensi,
1424 3372 1525 3427 lib.
1560 3388 1620 3442 ιι,
1643 3388 1774 3443 cap.
1798 3373 1850 3435 5,

194 3465 278 3521 ad
312 3463 685 3534 propositum
705 3467 977 3517 nostrum
1000 3462 1129 3517 haec
1151 3461 1354 3517 scribit
1388 3479 1400 3517 :
1431 3463 1646 3528 Quinto
1671 3461 1856 3533 hujus

196 3555 441 3611 abbatis
467 3550 769 3623 (Aligerni)
798 3566 982 3616 anno,
1003 3552 1104 3622 qui
1133 3557 1218 3606 est
1236 3568 1271 3606 a
1294 3552 1600 3607 Nativitate
1624 3551 1854 3607 Domini

198 3640 1858 3712 nongentesimusquinquagesimusquartus,beatissimi

198 3730 455 3803 apostoli
473 3730 920 3800 etevangelistae
948 3729 1199 3785 Matthaai
1218 3745 1454 3800 corpus,
1475 3729 1637 3800 quod
1663 3729 1859 3800 primo

199 3819 368 3891 apud
396 3817 776 3888 Ethiopiam,
797 3818 898 3872 ubi
917 3824 972 3871 et
997 3833 1204 3888 passus
1233 3817 1444 3885 fuerat,
1471 3817 1858 3888 postmodum

201 3915 408 3963 autem
435 3907 596 3978 apud
633 3907 992 3961 Britanniam
1015 3921 1119 3978 per
1139 3915 1409 3977 tempora
1435 3907 1668 3961 diversa
1699 3907 1861 3979 quie-

201 4002 394 4061 verat,
425 3995 664 4051 tandem
698 3995 972 4064 ejusdem
1005 3997 1189 4050 sancti
1221 3995 1598 4065 evangelistae
1639 3995 1861 4050 revela-

201 4088 368 4142 tione
398 4090 715 4156 repertum,
741 4089 918 4156 atque
941 4084 998 4138 in
1029 4085 1341 4140 Salernum
1368 4085 1719 4140 translatum
1751 4091 1857 4141 est.

204 4175 517 4239 Baronius,
542 4175 644 4246 qui
684 4174 826 4229 data
859 4175 1067 4229 Leonis
1106 4174 1290 4230 verba
1329 4173 1605 4244 allegavit
1636 4175 1712 4229 ad
1758 4190 1860 4230 an-

205 4281 352 4320 num
385 4264 514 4328 954,
541 4279 706 4319 num.
731 4264 786 4330 2,
807 4264 865 4318 in
889 4263 1156 4333 margine
1183 4264 1430 4328 notavit,
1455 4279 1563 4334 pro
1590 4264 1858 4325 vocibus,

205 4354 370 4426 apud
401 4353 787 4421 Britanniam,
821 4353 967 4408 alias
993 4352 1128 4423 legi,
1159 4353 1321 4422 apud
1355 4353 1715 4425 Bithyniam.

277 4443 367 4498 65.
396 4448 748 4514 Anonymus
769 4441 1182 4497 Salernitanus
1209 4441 1270 4496 in
1291 4442 1582 4498 Chronico
1596 4443 1837 4514 cap.143

209 4532 335 4587 sive
364 4536 506 4586 tom.
563 4531 606 4585 ll
639 4531 1002 4600 Scriptorum
1040 4531 1252 4597 Italia,
1292 4537 1443 4602 part.
1478 4549 1538 4599 ιι,
1581 4531 1692 4586 col.
1735 4536 1857 4597 280,

206 4622 275 4675 de
302 4620 646 4675 inventione
679 4619 757 4674 ita
787 4619 1047 4691 loquitur
1080 4635 1092 4674 :
1128 4638 1154 4671 «
1182 4620 1242 4674 In
1274 4619 1463 4691 ipsius
1497 4621 1860 4690 temporibus

206 4711 519 4765 inventum
548 4713 638 4763 est
669 4708 1133 4763 sacratissimum
1175 4724 1391 4780 corpus
1427 4711 1480 4762 Β.
1525 4709 1773 4765 Μδιῑιιωὶ
1801 4709 1860 4763 in

211 4797 487 4854 Lucaniae
517 4797 759 4862 ﬁnibus,
789 4803 1120 4868 atquecum
1152 4795 1352 4851 debito
1367 4797 1591 4851 honore
1623 4799 1862 4868 perjus-

207 4889 440 4942 sionem
468 4887 593 4956 jam
616 4885 715 4941 fati
743 4885 1027 4956 principis
1051 4884 1364 4940 Salernum
1389 4885 1721 4940 deducitur.
1751 4885 1860 4941 Sed

207 4983 357 5049 quot
387 4975 557 5046 signa
599 4982 654 5029 et
694 4975 1002 5037 miracula,
1035 4981 1091 5028 et
1121 4975 1430 5046 quomodo
1471 4974 1641 5029 fuerit
1672 4990 1863 5046 reper-

208 5071 359 5131 tum,
387 5065 740 5119 omnimodo
761 5079 920 5118 nunc
934 5064 1197 5134 pandere
1221 5065 1566 5118 omittimus.
1598 5064 1858 5118 Postmo-

206 5155 378 5217 dum,
415 5157 530 5208 Deo
562 5159 881 5218 annuente,
915 5153 1158 5208 fideliter
1187 5154 1656 5215 innotescamus,
1685 5158 1864 5224 atque

207 5244 349 5299 huic
365 5242 640 5297 Historia:
659 5247 974 5297 annectere
993 5242 1285 5298 faciamus
1318 5243 1478 5297 :Haec
1497 5257 1860 5314 anonymus,

207 5331 322 5387 sub
346 5329 642 5402 Gisulpho
674 5331 939 5402 principe
973 5330 1366 5386 Salternitano
1405 5346 1745 5386 memorans
1777 5330 1860 5385 in-

207 5419 724 5485 ventionem,licet
757 5419 814 5474 id
848 5435 967 5474 non
985 5419 1412 5490 appareatloco
1429 5419 1702 5488 allegato,
1721 5418 1866 5490 quia

208 5516 401 5566 totum
435 5515 628 5578 caput,
663 5510 721 5563 in
752 5525 869 5580 quo
897 5508 970 5563 de
986 5508 1272 5578 Gisulpho
1300 5509 1513 5578 agitur,
1537 5514 1706 5562 esteo
1733 5509 1865 5563 loco

209 5599 526 5656 omissum.
552 5598 614 5654 In
632 5598 928 5670 Excerptis
951 5613 1083 5669 quae
1119 5597 1483 5670 Heremperti
1505 5596 1863 5653 noniineha-

1844 4485 1935 4555 ὀ

1967 3195 2153 3251 multa
2195 3202 2466 3268 tempora
2519 3195 2765 3251 ecclesia
2818 3196 3186 3252 Salernitana
3225 3195 3444 3251 caelesti
3499 3196 3620 3252 the-

1968 3300 2148 3340 sauro
2199 3284 2598 3348 decorabitur,
2649 3291 2827 3357 atque
2891 3285 2966 3339 ad
3021 3301 3329 3341 summum
3373 3284 3619 3340 honoris

1967 3375 2198 3445 apicem
2231 3374 2498 3428 ducetur.
2544 3376 2775 3429 Festum
2803 3389 2940 3429 vero
2997 3374 3168 3429 dictas
3215 3374 3620 3430 translationis

1969 3462 2218 3533 singulis
2250 3462 2591 3534 quibusque
2619 3463 2792 3517 annis
2814 3462 3003 3534 pridie
3030 3466 3228 3519 Nonas
3250 3463 3380 3518 Maii
3409 3461 3623 3519 solem-

1968 3554 2118 3607 niter
2150 3567 2250 3623 per
2274 3556 2411 3607 octo
2449 3551 2576 3605 dies
2607 3551 2870 3622 hymnis,
2904 3553 3058 3607 rosis
3083 3559 3139 3608 et
3177 3552 3450 3621 ﬂoribus,
3498 3569 3621 3609 ma-

1967 3641 2131 3698 ximo
2161 3640 2368 3713 p0puli
2414 3655 2708 3695 concursu
2753 3641 3129 3697 celebratur:
3184 3642 3620 3714 universusque

1968 3731 2160 3787 clerus
2177 3775 2188 3796 .
2204 3730 2475 3795 abbates,
2492 3745 2560 3784 ac
2574 3730 3110 3801 comprovinciales
3133 3731 3326 3786 cuncti
3352 3730 3620 3802 episcopi

1970 3821 2180 3892 primis
2210 3820 2491 3889 vesperis.
2527 3835 2635 3874 nec
2662 3835 2781 3874 non
2817 3820 3016 3876 missas
3045 3821 3298 3876 solemni
3339 3819 3620 3875 interesse

1970 3909 2423 3980 compelluntur.
2456 3929 2484 3960 »
2516 3907 2642 3963 Haec
2674 3910 2882 3964 Mazza.
2937 3909 3106 3974 Quod
3149 3914 3349 3963 autem
3393 3911 3622 3980 spectat

1970 3997 2045 4052 ad
2105 3995 2546 4068 praedictionem
2606 3995 2794 4050 sancti
2850 3997 3216 4062 Grammatii,
3250 4011 3383 4051 eam
3441 3995 3618 4075 etiam

1971 4087 2142 4142 refert
2164 4083 2466 4155 Ughellus,
2485 4084 2545 4139 in
2571 4084 3044 4154 Archiepiscopis
3067 4084 3484 4148 Salernitanis,
3502 4084 3620 4139 sive

1969 4179 2112 4231 tom.
2144 4177 2256 4239 Vll,
2280 4174 2371 4228 col
2403 4174 2505 4228 352
2532 4175 2588 4229 in
2623 4183 2828 4230 sancto
2852 4174 3237 4241 Grammatio,
3268 4175 3368 4246 qui
3394 4174 3618 4229 ibidem

1970 4263 2186 4318 dicitur
2210 4262 2321 4317 coli
2353 4262 2449 4317 die
2483 4264 2539 4317 11
2577 4263 2849 4320 Octobris
2885 4282 2900 4329 ;
2933 4263 3010 4317 ad
3041 4279 3220 4335 quem
3253 4263 3412 4318 diem
3443 4261 3620 4318 latius

1971 4352 2133 4424 apud
2167 4367 2273 4406 nos
2316 4352 2643 4406 examinari
2675 4352 2907 4423 poterit.
2941 4353 3018 4407 De
3072 4352 3314 4424 reliquis
3354 4351 3622 4407 similiter

1974 4441 2180 4496 Mazzae
2207 4439 2528 4496 assentitur
2551 4440 2828 4509 Ughellus
2859 4440 2916 4495 in
2945 4440 3250 4496 Bernardo
3272 4441 3339 4502 Il,
3369 4440 3460 4496 col
3491 4443 3616 4504 362,

1970 4530 2255 4601 additque
2292 4544 2510 4599 corpus
2541 4529 2800 4585 delatum
2831 4545 2956 4584 esse
2987 4530 3048 4585 in
3087 4529 3401 4586 ecclesiam
3429 4530 3621 4600 majo—

1971 4634 2097 4674 rem
2129 4623 2349 4673 sanctas
2380 4617 2594 4673 Marias.
2649 4620 2874 4690 Gaspar
2903 4621 3100 4674 Musca
3144 4618 3205 4673 in
3249 4618 3619 4690 Compendio

1972 4707 2114 4762 Vitae
2147 4707 2332 4762 sancti
2374 4706 2623 4762 Matthaai
2663 4708 2739 4762 de
2782 4707 2871 4761 his
2903 4709 3016 4764 ait:
3051 4728 3078 4757 «
3111 4709 3282 4763 Anno
3328 4723 3466 4761 vero
3515 4706 3623 4763 954

1971 4797 2084 4852 sub
2111 4796 2368 4867 Agapito
2391 4797 2662 4863 segundo
2693 4798 2921 4866 (papa),
2954 4797 3286 4852 Bernardus
3315 4795 3615 4851 secundus

1971 4885 2152 4957 hujus
2184 4884 2443 4940 nominis
2482 4884 2823 4956 episcopus,
2866 4901 2935 4940 ac
2975 4885 3293 4956 Gisulphus
3343 4885 3620 4956 princeps

1971 4973 2480 5029 Salernitanorum
2513 4974 2606 5028 die
2638 4980 2804 5030 sexta
2831 4974 2979 5037 Maii,
3010 4991 3225 5046 corpus
3264 4972 3517 5046 apostoli
3547 4987 3618 5027 ex

1973 5063 2244 5118 Passtana
2274 5063 2506 5118 civitate
2535 5062 2867 5126 Salernum,
2908 5064 2966 5117 in
2999 5063 3400 5118 cathedralem
3440 5060 3621 5117 eccle-

1973 5153 2123 5206 siam
2193 5151 2308 5205 sub
2383 5151 2679 5207 voeabulo
2720 5154 2950 5208 Sanctae
2995 5153 3196 5208 Marias
3253 5151 3617 5220 Angelorum

1972 5238 2272 5296 transferri
2302 5245 2604 5304 curarunt,
2633 5243 2689 5295 in
2730 5257 2849 5313 qua
2891 5241 3179 5312 requievit
3210 5256 3402 5296 annos
3444 5241 3558 5296 121.
3589 5259 3620 5295 ιι

1976 5329 2053 5384 De
2084 5329 2196 5384 hac
2228 5327 2612 5384 translatione
2660 5330 2861 5401 itaque
2900 5346 3021 5385 non
3066 5329 3299 5386 videtur
3339 5329 3618 5385 dubitan-

1972 5419 2139 5474 dum.

2045 5511 2130 5563 67.
2156 5510 2426 5562 Attamen
2454 5507 2569 5563 alia
2597 5509 2886 5565 nonnulla
2906 5508 3150 5564 veniunt
3187 5508 3617 5574 examinanda,

1974 5612 2111 5668 qum
2138 5596 2197 5650 in
2239 5598 2502 5667 corporis
2542 5597 2884 5655 inventione
2921 5602 2977 5655 et
3006 5604 3142 5655 ante
3173 5599 3625 5656 translationem
