4094 6230
497 254 590 310 791
1835 241 2093 300 MENSlS
2132 239 2577 297 SEPTEMBER.
3806 236 3893 293 792

509 375 942 435 Salernitanam
967 379 1167 430 narrat
1190 374 1504 440 Marsilius,
1529 371 1852 429 etbreviter
1870 367 2150 425 laudatus
2179 365 2225 421 Α
2259 365 2506 438 aliquot,
2540 366 2760 439 quibus
2804 365 2962 420 facta
3011 364 3068 420 in
3128 381 3240 419 ms.
3282 361 3467 419 relata
3520 359 3717 430 magis
3763 358 3896 415 ﬁunt

499 469 695 524 Musca
731 464 1069 536 perstringit
1098 463 1191 518 his
1223 463 1424 518 verbis
1459 481 1471 517 :
1512 483 1538 514 «
1566 464 1694 528 Quo
1721 466 1987 532 tempore
2013 457 2151 512 bea-

503 554 771 611 tissimus
804 551 1106 624 apostolus
1128 552 1379 624 Pelagiee
1407 551 1644 606 cuidam
1672 548 1914 606 moniali
1940 545 2150 602 vetulis

502 644 560 699 in
616 642 844 698 somnis
897 656 1113 712 corpus
1166 658 1339 696 suum
1397 640 1804 702 manifestans,
1853 638 1984 709 ipsa
2031 634 2152 688 ﬁlio

505 732 829 788 Athanasio
861 728 1178 795 monacho,
1203 729 1305 801 qui
1332 730 1389 784 in
1409 728 1574 784 altari
1593 727 1859 800 quodam
1887 742 1922 780 a
1945 724 2154 780 barba-

504 821 584 876 ris
606 820 885 884 diruto,et
904 819 1182 890 vepribus
1201 817 1601 889 undequaque
1615 820 1900 880 contecto,
1917 828 2152 870 sacrum

505 924 724 980 corpus
787 907 1109 979 reperiens,
1156 906 1368 961 exinde
1413 906 1487 961 ad
1541 921 1788 976 parvam
1843 901 2151 958 ecclesiam

508 1013 695 1070 prope
722 996 1053 1051 Psestanam
1077 995 1370 1050 civitatem
1397 994 1630 1050 locavit.
1658 994 1799 1048 Hinc
1821 1007 1957 1047 vero
1974 992 2157 1046 Joan—

508 1102 614 1143 nes
648 1089 948 1140 Prestanus
980 1083 1292 1155 episcopus
1324 1083 1400 1139 ad
1427 1082 1827 1139 cathedralem
1859 1078 2155 1135 vocabulo

511 1177 739 1232 Sanctae
790 1173 983 1229 Mariae
1015 1172 1231 1228 eximia
1279 1187 1504 1243 pompa
1548 1171 1900 1243 deportavit.
1943 1190 1972 1218 ν
2013 1169 2156 1222 Mar-

509 1263 673 1319 silius
731 1277 863 1334 cap.
916 1263 944 1314 7
989 1276 1109 1316 una
1149 1277 1283 1315 cum
1343 1260 1627 1317 relatione
1668 1277 1779 1316 ms.
1831 1257 2028 1321 habet,
2060 1257 2156 1309 Pe-

507 1352 678 1422 lagia:
708 1350 1058 1424 apparuisse
1078 1355 1352 1405 sanctum
1369 1349 1704 1406 Matthmum
1740 1347 1926 1404 tribus
1952 1360 2157 1402 conse-

506 1446 758 1514 quenter
826 1438 1125 1508 noctibus,
1174 1439 1347 1510 eique
1395 1439 1559 1494 varia
1604 1438 1899 1494 indicasse
1959 1436 2152 1504 signa,

506 1528 728 1602 quibus
756 1544 993 1585 sacrum
1027 1543 1242 1598 corpus
1257 1525 2009 1599 reperiretur,jussisseque
2026 1539 2158 1579 om-

511 1619 610 1674 nia
643 1618 1053 1673 eamindicare
1078 1616 1400 1672 Athanasio
1426 1616 1567 1682 ﬁlio,
1601 1622 1657 1671 et
1675 1631 1814 1670 cum
1843 1630 1912 1668 eo
1941 1629 2156 1684 corpus

2258 455 2700 527 improbabilia,
2715 459 2770 510 et
2792 455 3005 524 magis,
3020 469 3204 525 quam
3224 467 3462 508 necesse
3476 455 3591 515 est,
3609 455 3896 506 accusatur

2260 544 2639 599 Athanasius.

2333 637 2419 689 69.
2455 634 2648 698 Quare
2707 632 2818 687 ista
2862 647 3107 703 quoque
3159 646 3228 685 ex
3288 645 3399 684 ms.
3452 627 3578 683 huc
3629 625 3893 682 traduco:

2267 743 2289 771 ι
2326 725 2548 776 Interea
2579 721 2735 777 clam
2777 719 3222 776 sanctissimum
3254 734 3471 789 corpus
3503 715 3897 773 Constantino-

2262 809 2468 880 poleos
2506 810 2732 865 deferre
2763 809 3165 864 meditabatur
3187 808 3262 863 ad
3295 808 3531 873 urbem,
3563 821 3769 861 revera
3797 820 3892 859 non

2262 897 2568 967 religionis
2639 900 2846 968 gratia,
2927 899 3032 952 sed
3088 897 3232 952 lucri
3287 896 3616 967 cupiditate
3671 893 3894 948 illectus.

2265 989 2573 1056 lgnorante
2613 988 2809 1060 itaque
2850 990 3062 1052 matre,
3106 984 3314 1040 tollens
3363 983 3629 1055 apostoli
3679 997 3892 1053 corpus,

2261 1075 2639 1146 Amalphiam
2673 1076 2836 1130 adire
2868 1075 3129 1142 tentavit,
3164 1089 3412 1144 sperans
3439 1088 3506 1126 se
3549 1071 3634 1126 ibi
3679 1069 3893 1142 aliquod

2263 1162 2644 1218 inventurum
2674 1181 2800 1219 esse
2823 1163 3155 1233 navigium,
3180 1178 3304 1234 quo
3337 1159 3892 1230 ConstantinOpolim

2264 1258 2626 1324 properaret.
2671 1254 2938 1325 Cumque
2989 1253 3236 1307 festinus
3294 1250 3567 1306 lembum
3627 1250 3895 1308 intrasset,

2267 1342 2395 1396 velo
2435 1358 2720 1414 remoque
2769 1341 3093 1397 nitentibus
3135 1340 3352 1403 nautis,
3404 1339 3483 1395 ad
3536 1338 3758 1402 locum,
3795 1352 3895 1409 quo

2264 1431 2658 1503 disposuerat,
2708 1432 2892 1502 pergit
2932 1432 3036 1486 ire.
3072 1431 3182 1487 Sed
3229 1435 3292 1484 ut
3320 1429 3493 1485 navis
3535 1427 3834 1501 paululum
3869 1443 3897 1480 a

2264 1527 2419 1576 terra
2451 1520 2844 1589 discessisset,
2872 1526 3053 1575 ruunt
3081 1520 3326 1589 agmina
3352 1525 3702 1587 ventorum,
3721 1517 3894 1588 pluvia

2266 1615 2320 1666 et
2360 1614 2679 1682 tempestas
2726 1614 2930 1665 exorta
2979 1613 3083 1673 est,
3146 1609 3206 1663 in
3240 1614 3469 1664 tantum
3524 1605 3815 1678 equidem,
3848 1612 3896 1658 ut

507 1723 788 1780 quaerere.
820 1705 1010 1762 Tertia
1045 1712 1244 1762 autem
1273 1711 1462 1770 nocte,
1499 1707 1546 1761 si
1580 1722 1704 1760 rem
1736 1709 1890 1759 recte
1922 1719 2158 1758 enarra-
2187 1709 2232 1766 B
2268 1700 2363 1755 vix
2397 1699 2473 1754 ad
2513 1705 2774 1771 portum,
2825 1715 3008 1771 quem
3053 1698 3394 1769 reliquerat,
3447 1699 3759 1751 remearet.
3799 1694 3896 1747 Hoc

506 1794 590 1850 vit
616 1800 840 1864 auctor,
871 1795 1082 1851 eadem
1116 1794 1264 1850 visio
1303 1796 1579 1866 apparuit
1617 1795 1790 1848 etiam
1832 1792 2156 1848 Athanasio

506 1884 831 1950 monacho,
849 1889 907 1940 et
931 1885 1165 1956 utrique
1182 1899 1420 1956 poenam
1439 1883 1740 1939 minitatus
1759 1888 1843 1938 est
1860 1897 2157 1954 apparens

505 1972 831 2044 apostolus,
875 1973 991 2028 nisi
1033 1973 1109 2028 ad
1139 1988 1368 2028 sacrum
1411 1988 1627 2044 corpus
1666 1971 2055 2045 quaerendum
2095 1985 2156 2024 se

506 2062 904 2133 accingerent.
949 2063 1323 2133 Quapropter
1348 2077 1524 2116 mane
1571 2061 1743 2116 simul
1775 2060 2158 2129 egrediuntur

507 2167 613 2223 per
638 2152 800 2205 viam
832 2150 1180 2213 indicatam,
1213 2156 1489 2222 quaerunt
1514 2150 1652 2205 data
1686 2149 1926 2212 indicia,
1962 2153 2017 2204 et
2044 2149 2157 2203 cito

506 2239 830 2311 reperiunt.
859 2239 1158 2295 Fodiendo
1189 2239 1363 2309 igitur
1384 2238 1568 2293 altare
1595 2241 1896 2309 detegunt,
1931 2242 2157 2293 amota-

506 2344 624 2402 que
656 2343 867 2384 mensa
909 2343 1267 2393 marmorea,
1311 2344 1546 2384 sacrum
1579 2343 1796 2400 corpus
1829 2327 2152 2382 inveniunt.

509 2419 626 2473 Hoc
653 2432 794 2471 vero
825 2416 1385 2472 defertAthanasius
1413 2417 1488 2472 ad
1523 2418 1726 2472 matris
1757 2417 2028 2481 domum,
2051 2416 2156 2471 ibi-

506 2522 624 2578 que
681 2507 977 2561 asservari
1012 2506 1198 2574 jubet,
1239 2506 1430 2578 inquit
1470 2506 1777 2572 Marsilius,
1819 2526 1843 2556 α
1885 2506 2155 2577 quandiu

507 2595 708 2651 divina
737 2595 1025 2666 quapiam
1058 2594 1414 2650 revelatione
1445 2601 1779 2660 moneatur,
1813 2594 1957 2666 quid
1981 2593 2054 2648 de
2085 2609 2156 2649 eo

505 2683 577 2740 sit
625 2683 909 2755 deinceps
961 2684 1038 2739 ab
1096 2683 1240 2756 ipsis
1272 2684 1597 2753 agendum.
1639 2704 1668 2736 η
1723 2683 1876 2739 Nihil
1930 2683 1986 2738 in
2039 2699 2151 2738 ms.

507 2773 724 2842 legitur
749 2772 822 2827 de
853 2779 1193 2843 exspectata
1206 2773 1318 2828 hac
1346 2773 1722 2836 revelatione,
1747 2773 1890 2827 nihil
1913 2787 2154 2844 quoque

504 2862 578 2918 de
611 2861 898 2917 mandato
921 2863 1195 2932 apostoli,
1221 2861 1384 2933 quod
1404 2861 1690 2916 Marsilius
1703 2863 1930 2926 astruit,
1947 2878 2079 2933 cap.
2099 2863 2152 2924 8,

504 2955 568 3008 ut
597 2965 815 3020 corpus
849 2949 1260 3004 transferretur
1291 2951 1620 3006 Salernum.

579 3038 666 3093 68.
697 3038 1246 3108 Postapparitiones
1263 3037 1507 3106 Pelagia;
1524 3044 1580 3092 et
1599 3038 1925 3093 Athanasio
1943 3037 2152 3102 factas,
2187 3066 2228 3124 ο

507 3126 569 3182 in
595 3142 852 3198 quarum
886 3126 1092 3182 ultima
1125 3125 1300 3181 minae
1324 3127 1816 3198 erantadjunctse,
1843 3129 1899 3182 in
1930 3144 2042 3182 ms.
2071 3127 2155 3182 in-

508 3214 708 3272 ventio
745 3215 829 3270 sic
886 3215 1130 3270 refertur
1185 3233 1258 3271 :c
1312 3217 1440 3280 Qua
1487 3215 1948 3271 comminatione
1997 3232 2156 3271 com-

510 3303 719 3376 pulsus
793 3303 1168 3369 Athanasius,
1249 3303 1591 3360 falcastrum
1673 3304 2153 3375 (instrumentum

509 3392 678 3448 falcis
727 3391 911 3446 instar
942 3391 1018 3447 ad
1061 3392 1523 3448 rescindendum
1577 3395 1802 3466 vepres)
1841 3395 2154 3465 arripiens,

510 3481 861 3553 praedictum
895 3481 1006 3536 sibi
1045 3481 1242 3536 locum
1296 3483 1530 3537 curiosa
1573 3483 1952 3551 indagatione
1984 3485 2158 3554 ccepit

511 3570 830 3642 inquirere.
866 3569 980 3627 Sed
1024 3570 1073 3624 is
1125 3570 1294 3626 locus
1328 3576 1487 3626 tanta
1535 3577 1659 3626 erat
1698 3573 1967 3644 veprium
2017 3573 2155 3627 den-

512 3658 684 3714 sitate
739 3665 1063 3724 contectus,
1128 3664 1190 3715 ut
1228 3660 1448 3726 nullus,
1486 3677 1608 3733 qua
1655 3660 1884 3730 ingredi
1938 3667 2156 3734 posset,

511 3753 739 3820 pateret
779 3748 994 3804 aditus.
1046 3748 1105 3803 Et
1145 3764 1282 3805 cum
1324 3749 1594 3821 veprium
1639 3750 1993 3806 densitatem
2038 3757 2159 3806 toto

512 3836 647 3892 nisu
704 3837 1052 3903 succideret,
1109 3838 1344 3893 tandem
1393 3855 1603 3895 eversa
1641 3838 1911 3905 ecclesia,
1965 3846 2026 3895 ut
2051 3840 2160 3895 sibi

513 3941 614 4000 per
662 3925 1082 3982 revelationem
1123 3932 1361 3982 ostensa
1405 3926 1617 3993 fuerat,
1653 3929 1840 3983 oculis
1872 3928 2025 3984 illius
2053 3945 2157 4000 ap-

511 4020 683 4089 paret
716 4031 727 4070 :
764 4016 866 4070 sed
900 4015 1103 4080 altare,
1137 4016 1279 4086 quia
1322 4018 1597 4086 congerie
1645 4018 1952 4088 spinarum
1987 4024 2161 4091 atque

515 4104 834 4159 urticarum
870 4102 1200 4158 admodum
1235 4109 1359 4159 erat
1384 4110 1743 4170 contectum,
1789 4106 2031 4162 minime
2057 4123 2166 4179 po-

515 4198 659 4248 terat
689 4192 921 4248 intueri.
954 4194 1114 4247 Tunc
1153 4192 1344 4259 caesis,
1387 4209 1522 4265 qua:
1563 4201 1930 4265 supererant,
1974 4197 2162 4268 spinis

514 4298 584 4340 ac
617 4281 902 4345 sentibus,
925 4282 999 4336 ad
1021 4282 1323 4356 quodjam
1353 4282 1958 4354 ﬂagrandidesiderio
1984 4285 2165 4342 inten-

515 4370 716 4437 debat,
749 4371 944 4442 ipsum
973 4373 1151 4427 etiam
1183 4371 1363 4427 altare
1391 4372 1612 4428 invenit
1645 4390 1657 4428 :
1689 4373 1999 4430 inventum
2026 4392 2162 4432 cum

517 4475 742 4529 magna
780 4459 1012 4516 cautela
1044 4477 1308 4516 reserare
1349 4463 1634 4516 tentavit:
1670 4467 1726 4516 et
1765 4467 1828 4517 ut
1882 4479 2164 4530 marmor,

515 4565 641 4622 quo
677 4548 832 4604 idem
868 4549 1049 4605 altare
1080 4556 1202 4604 erat
1234 4555 1530 4621 opertum,
1559 4566 1630 4606 ex
1659 4567 1766 4606 suo
1792 4550 1922 4607 loco
1951 4552 2167 4607 movis-

517 4645 626 4704 set,
671 4639 827 4695 illico
888 4640 1050 4695 locus
1104 4640 1348 4712 quadris
1393 4644 1700 4695 contextus
1746 4640 2052 4711 lateribus,
2107 4643 2163 4698 in

516 4745 639 4802 quo
699 4746 915 4800 corpus
971 4729 1332 4784 sanctissimi
1378 4729 1628 4800 apostoli
1676 4735 1732 4784 et
1793 4731 2166 4799 evangelista)

517 4818 880 4892 quiescebat,
898 4817 1196 4890 apparuit.
1213 4818 1290 4872 In:
1303 4819 1354 4872 ie
1368 4818 1726 4873 Athanasius
1739 4820 2168 4875 tremebundus

519 4923 740 4980 corpus
789 4909 1042 4980 apostoli
1096 4909 1400 4976 detegens,
1464 4923 1601 4963 cum
1642 4908 1825 4964 multa
1864 4908 2170 4981 diligentia

520 4998 772 5053 sindone
797 4997 1300 5056 umndainvolvit.
1318 4998 1888 5070 suisqueimponens
1905 4998 2168 5054 humeris

520 5088 595 5143 ad
638 5087 946 5159 proprium
973 5085 1376 5142 habitaculum
1418 5087 1720 5152 remeavit,
1748 5095 1802 5142 et
1842 5089 2167 5160 pretiosum

523 5175 870 5231 thesaurum
926 5174 1098 5230 matri
1138 5175 1594 5231 custodiendum
1646 5176 1808 5232 dedit
1843 5218 1854 5230 .
1893 5199 1912 5225 ι
1945 5179 2069 5233 Mox
2111 5178 2169 5233 in

522 5281 636 5320 ms.
671 5265 953 5336 sequitur,
976 5264 1233 5320 voluisse
1256 5263 1650 5320 Athanasium
1667 5266 1857 5334 primo
1884 5267 2168 5322 Constan-

524 5352 855 5426 tinopolim,
910 5353 1126 5408 deinde
1175 5355 1449 5422 Romam,
1499 5370 1638 5408 cum
1688 5369 1856 5409 sacro
1923 5370 2170 5428 corpore

523 5441 835 5512 navigare;
853 5443 956 5498 sed
977 5442 1054 5498 ab
1075 5448 1325 5516 utroque
1341 5442 1936 5515 itinereimpeditum.
1953 5445 2171 5500 Eadem

523 5536 746 5602 narrat,
778 5549 910 5606 cap.
951 5537 1002 5599 8,
1053 5532 1356 5598 Marsilius,
1392 5533 1495 5588 sed
1541 5547 1662 5589 non
1695 5533 1822 5589 sine
1873 5533 2170 5605 adjunctis

2265 1788 2359 1844 ille
2400 1788 2715 1843 frustratus
2771 1788 3042 1859 consilio,
3086 1788 3298 1842 iterum
3357 1802 3570 1842 secum
3604 1782 3893 1852 cogitabat,

2264 1878 2518 1950 qualiter
2557 1894 2691 1931 cum
2726 1877 3114 1932 sanctissimo
3145 1891 3395 1947 corpore
3431 1878 3665 1931 Roman
3703 1886 3894 1944 prope-

2264 1972 2419 2022 raret
2451 1984 2463 2022 :
2499 1967 2600 2021 sed
2633 1982 3012 2038 nequaquam
3048 1966 3141 2020 Dei
3177 1965 3361 2020 valuit
3390 1964 3685 2019 obsistere
3713 1959 3894 2015 volun-

2265 2057 2505 2128 tati,qui
2532 2056 2643 2112 tale
2666 2056 2722 2110 in
2757 2056 2866 2111 has
2885 2061 3084 2127 partes
3109 2054 3391 2125 dignatus
3419 2059 3510 2108 est
3527 2051 3892 2109 transmittere

2265 2150 2514 2201 donum.
2549 2149 2694 2202 Nam
2729 2145 2928 2200 denuo
2957 2145 3196 2212 navigio
3226 2138 3889 2217 praeparatoassumptis

2265 2235 2472 2291 validis
2520 2235 2579 2290 in
2633 2235 2986 2306 remigando
3031 2234 3192 2298 viris,
3250 2233 3491 2305 placida
3542 2244 3780 2303 aequora
3819 2231 3890 2281 est

2265 2325 2584 2394 ingressus.
2610 2324 2721 2380 Sed
2755 2331 3079 2396 antequam
3112 2324 3274 2378 littus
3301 2323 3401 2378 vix
3432 2321 3624 2378 oculis
3655 2316 3886 2388 reliquis-

2267 2420 2367 2475 set.
2388 2414 2596 2485 ingens
2628 2413 2883 2481 procella
2921 2414 3117 2468 subito
3147 2413 3364 2484 erupit,
3394 2413 3478 2467 ita
3520 2416 3586 2465 ut
3613 2410 3702 2464 vix
3732 2420 3884 2462 vora-

2266 2504 2462 2574 ginem
2502 2503 2822 2559 evaderent
2865 2502 3081 2575 pelagi.
3129 2503 3418 2571 Tandem,
3470 2498 3742 2570 quamvis
3769 2509 3882 2549 cum

2267 2608 2488 2663 magna
2518 2592 2816 2657 maestitia,
2861 2593 3190 2647 semivivus
3232 2607 3375 2646 suos
3419 2590 3572 2645 redit
3611 2587 3682 2643 ad
3714 2586 3880 2641 fines:

2266 2698 2524 2754 cumque
2545 2682 2923 2751 cognovisset
2938 2682 3242 2745 veraciter,
3260 2680 3375 2735 sibi
3402 2682 3590 2735 Deum
3609 2677 3878 2736 obsistere,

2264 2777 2320 2827 et
2365 2772 2516 2827 adeo
2543 2777 2749 2826 contra
2797 2787 2859 2826 se
2900 2770 3270 2826 insensibilia
3297 2769 3604 2825 elementa
3629 2776 3881 2838 pugnare,

2263 2862 2324 2916 in
2349 2860 2617 2927 ecclesia,
2649 2876 2782 2931 quae
2827 2875 2946 2914 non
2993 2859 3163 2929 longe
3190 2875 3226 2914 a
3256 2858 3404 2914 cella
3445 2857 3606 2913 illius
3638 2856 3736 2909 sita
3761 2854 3878 2910 erat,

2265 2950 2735 3005 sacratissimum
2756 2949 3070 3005 abscondit
3089 2949 3459 3003 thesaurum.
3502 2970 3521 2996 ο
3555 2943 3751 3001 Haecin
3771 2955 3880 2998 ως..

2265 3055 2334 3095 ex
2356 3055 2477 3110 quo
2508 3039 2714 3109 nequit
2744 3044 2902 3094 certo
2942 3038 3157 3109 colligi,
3197 3037 3595 3093 Athanasium
3643 3034 3883 3088 Constan-

2266 3128 2510 3200 tinopoli
2552 3133 2654 3181 aut
2711 3127 2917 3182 Romae
2963 3143 3203 3182 sacrum
3245 3142 3464 3198 corpus
3514 3123 3754 3181 vendere
3803 3132 3880 3169 v0-

2271 3217 2552 3280 |uisse,ut
2592 3216 2791 3272 scribit
2831 3216 3140 3272 Marsilius.
3175 3216 3430 3271 Lucrum
3479 3215 3642 3271 enim
3682 3220 3879 3282 sperare

2268 3311 2515 3378 poterat,
2553 3307 2782 3362 etiamsi
2805 3322 3022 3378 corpus
3062 3321 3182 3362 non
3216 3306 3524 3370 venderet,
3557 3320 3627 3360 ex
3667 3302 3882 3355 benevo-

2267 3394 2448 3450 lentia
2480 3400 2534 3449 et
2561 3395 2910 3450 liberalitate
2950 3411 3178 3458 eorum,
3223 3395 3446 3468 quibus
3473 3393 3623 3450 illud
3654 3388 3881 3445 donaret.

2267 3483 2397 3538 Alia
2430 3483 2661 3538 Marsilii
2695 3484 2983 3554 adjuncta
3016 3484 3205 3540 mitto.

2337 3577 2425 3628 70.
2483 3572 2620 3628 Post
2668 3573 2812 3628 data
2859 3574 3044 3631 verba
3075 3579 3285 3629 auctor
3335 3589 3451 3630 ms.
3481 3573 3704 3632 narrat,
3745 3564 3880 3620 inno-

2269 3662 2449 3718 tuisse
2474 3663 2686 3717 Joanni
2733 3664 3016 3734 episcopo
3056 3663 3326 3718 Paestano
3358 3663 3753 3717 inventionem
3781 3665 3878 3706 cor-

2271 3754 2430 3824 poris
2458 3751 2644 3806 sancti
2668 3751 2920 3807 Matthtei
2944 3771 2960 3822 ;
2981 3768 3242 3824 eumque
3274 3767 3412 3806 cum
3445 3749 3669 3807 clericis
3697 3741 3881 3812 aliquot

2270 3843 2598 3914 perrexisse
2629 3857 2732 3913 per
2753 3858 2961 3897 auram
3014 3842 3278 3914 pluviam
3310 3847 3366 3898 et
3387 3848 3691 3897 ventosam
3732 3831 3796 3887 ad
3819 3828 3880 3884 Ιο-

2270 3945 2432 3998 cum,
2466 3928 2567 3983 ubi
2615 3929 2947 4000 depositum
2985 3935 3110 3985 erat
3142 3948 3154 3996 ;
3189 3945 3382 4002 eoque
3435 3926 3635 3984 vocari
3669 3919 3878 3992 jusssiﬁ‘ie

2272 4017 2684 4074 Athanasium.
2719 4021 2904 4084 Hunc,
2931 4019 3034 4074 ubi
3059 4020 3402 4084 advenerat,
3433 4019 3508 4074 de
3535 4017 3754 4072 invento
3779 4018 3879 4062 cor-

2273 4123 2416 4180 pore
2452 4108 2794 4177 interrogat,
2824 4124 2892 4163 ac
2922 4109 3406 4180 tergiversantem
3439 4106 3616 4163 minis
3647 4103 3808 4168 urget.
3837 4095 3881 4146 εί

2275 4197 2360 4252 sic
2385 4197 2631 4262 obtinet,
2668 4201 2733 4251 ut
2758 4197 2836 4253 ad
2866 4197 3190 4254 videndum
3213 4214 3450 4254 sacrum
3500 4208 3706 4265 corpus
3733 4187 3877 4241 duca-

2276 4292 2388 4353 tur,
2421 4286 2684 4359 illudque
2707 4303 2842 4342 cum
2877 4287 3102 4342 clericis
3123 4289 3339 4344 videat.
3372 4307 3399 4338 α
3435 4287 3743 4358 EpiscOpus
3767 4285 3876 4328 vero

2276 4377 2354 4431 ait
2381 4381 2604 4440 auctor,
2633 4392 2874 4430 sacrum
2905 4377 3284 4453 corpus(jam
3309 4370 3773 4446 visum)sindone
3798 4362 3878 4455 itfi-

2277 4482 2410 4521 rum
2442 4465 2774 4520 involutum
2796 4465 3001 4521 annuli
3023 4466 3113 4521 sui
3137 4465 3534 4538 impressione
3557 4454 3876 4530 signavit.“

2277 4559 2525 4626 gnatum
2555 4554 2612 4608 in
2644 4569 2783 4608 arca
2822 4555 2965 4609 seris
2994 4554 3240 4622 munita,
3269 4553 3476 4623 sigillis
3501 4549 3747 4607 similiter
3767 4551 3878 4632 cort-

2278 4646 2530 4713 signata,
2559 4644 2838 4713 reposuit.
2867 4665 2889 4695 ι)
2924 4645 3018 4698 His
3045 4643 3237 4711 factis,
3271 4645 3318 4698 si
3358 4643 3648 4697 credimus
3669 4636 3875 4690 auctori.

2277 4733 2443 4804 petiit
2464 4733 2798 4804 episcopus,
2828 4737 2886 4786 ut
2914 4733 3268 4788 Athanasius
3299 4731 3628 4788 monachus
3653 4717 3877 4779 esurien-

2280 4822 2431 4877 tibus
2464 4821 2664 4876 cibum
2720 4829 3005 4893 quesreret
3035 4828 3090 4877 et
3121 4829 3468 4894 apponeret.
3503 4825 3570 4875 At
3622 4815 3707 4871 ille
3742 4807 3874 4862 cib03

2280 4909 2522 4982 quidem
2546 4910 2825 4976 habebat,
2857 4912 2958 4965 sed
2990 4912 3127 4966 vino
3147 4928 3390 4984 prorsus
3417 4909 3662 4966 carebat.
3688 4897 3877 4971 Episco-

2280 5016 2394 5072 pus
2420 5000 2756 5068 igiturinter
2787 5001 3226 5056 comedendum
3255 4995 3632 5070 afferrijussit
3661 4993 3872 5077 vagiit}?

2281 5070 2612 5155 vasculum,
2645 5089 2803 5160 quod
2837 5091 3117 5144 omnibus
3151 5088 3657 5145 sufﬁciensvinum
3687 5070 3873 5166 effudit.

2282 5179 2325 5233 si
2363 5195 2497 5232 vera
2529 5183 2731 5233 narrat
2752 5195 3110 5249 anonymus,
3137 5180 3238 5251 qui
3266 5196 3336 5234 ea
3367 5177 3630 5250 pluribus
3657 5164 3871 5236 exponit-

2281 5266 2570 5323 Marsilius
2590 5282 2726 5322 vero
2753 5268 2924 5339 plura
2941 5269 3116 5323 etiam
3143 5268 3434 5338 adjungit.
3463 5264 3612 5327 Mihi,
3633 5266 3687 5315 ut
3705 5256 3871 5339 fatear,

2282 5357 2487 5413 omnia
2515 5355 2612 5411 illa
2639 5336 2832 5426 magis
2858 5363 3132 5428 suspecta
3165 5336 3304 5412 sunt
3329 5336 3610 5416 falsitatis,
3642 5356 3796 5420 quam
3823 5336 3873 5388 ιιί

2283 5447 2411 5516 ipsa
2443 5446 2620 5500 verba
2641 5445 2755 5501 huc
2784 5446 3098 5502 transferre
3124 5445 3344 5501 lubeat.
3373 5444 3636 5516 Apertius
3659 5439 3873 5491 estcom-

2286 5539 2572 5600 mentum,
2606 5537 2770 5608 quod
2793 5536 3077 5608 sequitur,
3111 5550 3182 5591 ac
3204 5535 3252 5591 si
3275 5539 3455 5591 noctu
3480 5547 3579 5606 per
3602 5524 3868 5585 fenestram
