4144 6184
301 280 405 335 793

1680 276 1835 332 VITA
1875 274 1935 328 S.
1979 274 2338 334 ΜΑΤΤΗᾹΞΙ.

3614 274 3719 330 794

297 405 359 462 in
390 402 702 460 ecclesiam
729 401 1056 473 irrumpere
1082 402 1361 458 voluisset
1388 401 1771 465 Athanasius,
1797 405 1850 456 et
1865 416 1956 456 sa-
1985 401 2032 454 A
2065 399 2328 460 habebat
2358 406 2561 472 ﬁliam,
2596 407 2766 478 cujus
2794 407 3024 462 viscera
3040 409 3161 461 tam
3183 402 3720 473 gravibusconlor-

300 509 466 549 crum
503 508 718 562 corpus
752 489 905 544 clam
953 490 1071 546 alio
1103 491 1429 562 deportare.
1463 489 1649 562 Eque
1682 489 1956 544 fabulosa

300 583 568 637 videntur
601 580 884 650 adjuncta
909 580 1113 634 omnia
1141 580 1540 635 translationis
1572 581 1643 634 ad
1661 579 1957 634 civitatem

301 670 847 742 Caputaquensem.
879 668 1074 740 Itaque
1100 669 1336 724 omissis
1365 669 1607 740 reliquis
1632 668 1840 724 ultima
1865 682 1957 722 so-

299 760 422 815 lum
455 759 633 815 verba
666 758 1006 830 subjungo:
1042 779 1068 809 «
1100 761 1390 825 Castrum,
1432 759 1525 813 cui
1559 762 1746 830 Caput
1778 758 1958 830 Aquis

301 864 524 905 nomen
554 855 659 916 est,
694 848 1109 914 ascenderunt,
1142 853 1320 920 atque
1352 849 1407 902 in
1438 847 1686 903 ecclesia
1744 852 1958 903 sanctae

302 938 558 1008 Virginis
592 939 802 1002 Mariae,
837 938 895 992 in
928 954 1049 1009 qua
1088 938 1370 1010 praefatus
1398 938 1718 1010 episcopus
1746 953 1960 1008 praesu-

296 1026 484 1082 latum
512 1027 925 1097 regebat,cum
945 1027 1105 1082 omni
1128 1028 1454 1082 reverentia
1483 1027 1901 1099 deposuerunt.
1928 1047 1954 1078 »

301 1118 381 1170 Ex
439 1115 533 1171 his
587 1115 804 1181 verbis,
863 1117 908 1170 si
963 1116 1109 1187 quid
1179 1116 1400 1182 valent,
1459 1121 1604 1171 recte
1645 1115 1953 1185 colligitur,

299 1206 620 1277 episcopos
646 1206 956 1261 Paestanos
981 1210 1108 1275 jam
1134 1205 1352 1261 saeculo
1373 1222 1408 1260 x
1430 1205 1795 1260 resedissein
1821 1205 1959 1259 civi-

300 1298 419 1350 tate
453 1294 917 1366 Caputaquensi,
941 1300 996 1348 et
1027 1301 1464 1366 consequenter
1491 1295 1804 1366 episcopos
1855 1297 1958 1350 Ca-

301 1389 716 1454 putaquenses
770 1399 841 1438 ex
896 1384 1172 1438 Passtanis
1229 1391 1408 1451 ortos,
1443 1385 1514 1438 de
1545 1400 1668 1456 quo
1721 1383 1958 1438 dubitat

299 1471 610 1540 Ughellus.
649 1473 861 1526 Verum
888 1472 960 1526 ad
995 1488 1118 1526 rem
1156 1472 1496 1527 redeamus.

371 1563 459 1614 71.
504 1560 790 1616 Audierat
845 1561 1168 1631 Gisulphus
1227 1561 1506 1633 princeps
1551 1561 1954 1617 Salernitanus

294 1650 696 1705 inventionem
723 1649 1250 1705 ettranslationem
1274 1652 1424 1706 sacri
1449 1651 1734 1722 corporis,
1766 1666 1956 1722 eaque

2066 493 2399 562 quebantur
2416 496 2738 560 doloribus,
2774 501 2836 549 ut
2867 491 3498 564 medici,impendendi
3532 505 3718 546 reme-

2067 581 2147 636 dii
2175 599 2360 640 causa
2390 584 2997 648 laborantes,nullum
3022 581 3565 637 valerentconferre
3581 579 3717 634 sub-

2069 671 2313 728 sidium.
2343 675 2483 745 Ejus
2501 675 2794 729 cruciatus
2829 678 3016 728 mater
3039 687 3155 726 non
3180 671 3500 732 sustinens,
3531 668 3713 722 ﬁliam

2069 760 2144 816 ad
2177 777 2394 836 corpus
2429 763 2680 836 apostoli
2712 762 2938 826 detulit,
2983 761 3084 817 ubi
3114 758 3467 832 lacrymosis
3499 756 3717 811 oblatis

2070 851 2369 922 precibus,
2408 853 2658 908 salutem
2710 859 2882 918 natm,
2935 867 3118 924 quam
3161 849 3382 920 ingenti
3422 845 3716 900 desiderio

2069 941 2474 1013 postulabant,
2509 942 2726 997 meruit
2757 941 3096 1012 impetrare,
3139 938 3221 993 ita
3254 941 3317 992 ut
3344 951 3480 1008 quae
3506 934 3716 990 alienis

2069 1029 2246 1086 allata
2292 1031 2478 1086 fuerat
2511 1031 2818 1096 manibus,
2861 1030 3113 1084 domum
3163 1043 3300 1082 cum
3343 1030 3532 1080 matre
3591 1021 3716 1076 suis

2070 1120 2378 1188 gressibus
2416 1125 2726 1174 remearet.
2765 1141 2784 1169 ι

2137 1207 2223 1261 74.
2254 1208 2508 1262 Tertium
2540 1207 2898 1262 beneﬁcium
2941 1206 3153 1262 dicitur
3175 1205 3503 1276 praestitum
3545 1216 3715 1256 servo

2068 1297 2303 1352 cuidam
2333 1297 2642 1362 Rothildte,
2669 1297 2887 1352 sororis
2921 1294 3181 1367 Gisulphi
3217 1293 3500 1366 principis
3531 1290 3716 1347 Saler-

2068 1386 2273 1449 nitani,
2308 1385 2574 1441 etviduae
2604 1386 2961 1456 Athenolphi
2982 1383 3267 1456 principis
3295 1379 3714 1437 Beneventani.

2067 1474 2422 1546 Athenolphi
2461 1480 2661 1530 autem
2701 1474 2856 1529 illius
2880 1475 3242 1530 mentionem
3285 1471 3507 1526 invenit
3533 1473 3717 1526 Mura-

2067 1564 2273 1629 torius,
2309 1564 2363 1618 in
2410 1564 2742 1620 Annalibus
2765 1565 2978 1627 Italiae,
3006 1579 3195 1635 usque
3227 1561 3303 1617 ad
3332 1576 3559 1616 annum
3590 1557 3714 1625 940,

2067 1656 2147 1709 ita
2179 1653 2388 1709 utinde
2401 1653 2702 1723 conjiciat,
2723 1654 2937 1708 eodem
2957 1669 3116 1708 anno
3133 1652 3239 1706 940
3259 1653 3452 1723 ipsum
3472 1647 3713 1703 obiisse.

294 1739 369 1794 de
393 1755 597 1794 causa.
635 1760 660 1791 «
694 1740 948 1795 Nimium
984 1740 1056 1792 de
1110 1739 1252 1794 tanti
1300 1739 1561 1794 thesauri
1617 1740 1956 1795 inventione
1987 1749 2030 1805 Β
2067 1742 2198 1797 Mihi
2253 1758 2496 1797 necesse
2529 1758 2644 1797 non
2685 1748 2793 1808 est,
2828 1748 3065 1813 tempus
3104 1741 3304 1795 obitus
3361 1735 3716 1806 Athenolphi

295 1829 559 1900 gavisus,
589 1831 669 1884 ait
716 1844 1060 1900 anonymus
1111 1829 1168 1883 in
1228 1845 1362 1895 ms.,
1419 1829 1773 1884 venerabilis
1827 1831 1956 1886 vitae

295 1920 588 1974 Joannem
623 1919 906 1974 abbatem
940 1918 1213 1990 aliosque
1253 1917 1634 1974 honorabiles
1677 1919 1834 1974 viros
1879 1919 1955 1974 ad

301 2011 626 2063 Prestanum
656 2007 869 2062 direxit
898 2008 1274 2079 episcOpum,
1313 2009 1631 2075 mandans,
1665 2014 1724 2063 ut
1760 2015 1956 2080 patro-

295 2098 520 2152 cinium
555 2098 758 2168 patriae
812 2096 1192 2153 Salernitanm
1255 2098 1645 2153 adinventum
1701 2098 1811 2154 sibi
1844 2098 1956 2153 sub

296 2188 463 2242 omni
513 2186 809 2241 celeritate
862 2190 1305 2241 transmitteret.
1360 2187 1638 2259 Sequenti
1692 2204 1831 2242 vero
1863 2187 1957 2242 die

299 2275 660 2331 venerabilis
679 2275 892 2339 abbas,
915 2281 965 2328 et
998 2275 1257 2346 quicum
1277 2292 1347 2330 eo
1368 2276 1532 2331 missi
1558 2280 1725 2342 sunt,
1743 2277 1958 2332 inaesti-

299 2363 507 2419 mabili
534 2364 811 2418 thesauro
839 2363 1032 2418 onusti
1058 2372 1446 2420 revertuntur.
1479 2365 1590 2420 Sed
1633 2371 1957 2438 antequam

302 2452 510 2507 urbem
541 2453 786 2524 propius
818 2452 1190 2517 accederent,
1227 2470 1344 2508 una
1376 2469 1510 2508 cum
1545 2455 1842 2509 Bernardo
1870 2470 1961 2508 ve-

300 2541 570 2596 nerando
606 2539 856 2611 praesule
910 2546 1033 2596 tota
1073 2543 1276 2596 civitas
1334 2543 1575 2597 obviam
1617 2544 1808 2614 pergit
1855 2543 1956 2598 ire.

304 2631 409 2686 Ubi
443 2635 642 2685 autem
672 2629 1068 2701 apostolicum
1111 2646 1323 2701 corpus
1350 2631 1548 2703 adepti
1600 2635 1758 2697 sunt,
1796 2635 1960 2686 tanto

302 2718 660 2790 repletisunt
681 2719 918 2790 gaudio,
954 2726 1017 2774 ut
1036 2724 1201 2787 gestu
1229 2721 1539 2775 etvocibus
1564 2721 1958 2776 exsultantem

301 2807 570 2864 laetitiam
609 2814 996 2865 ostentarent.
1017 2809 1234 2863 Prtesul
1263 2825 1424 2872 vero,
1445 2816 1761 2880 assumpto
1791 2825 1962 2864 vene-

303 2897 470 2951 rabili
502 2913 752 2967 corpore
782 2905 837 2952 et
867 2899 1067 2952 sericis
1094 2897 1377 2952 obvoluto
1402 2899 1786 2966 tegminibus,
1820 2914 1956 2953 cum

304 2986 542 3056 hymnis
574 2992 627 3040 et
651 2986 929 3041 laudibus
962 2987 1019 3040 in
1041 2987 1246 3040 urbem
1269 2986 1438 3042 rediit
1467 3005 1480 3039 :
1513 2993 1690 3058 atque
1732 2987 1789 3042 in
1823 2987 1960 3043 aula

2067 1832 2307 1904 propius
2337 1831 2659 1903 inquirere.
2709 1831 2913 1886 Solum
2954 1831 3230 1895 observo,
3253 1828 3503 1884 viduam
3526 1826 3717 1900 ipsius

2068 1920 2406 1977 Rothildam
2440 1921 2701 1993 potuisse
2743 1921 2912 1977 facile
2945 1935 3252 1992 superesse
3295 1932 3480 1988 usque
3512 1916 3587 1970 ad
3617 1929 3717 1969 an-

2066 2026 2212 2065 num
2235 2011 2358 2076 954,
2391 2027 2512 2083 quo
2542 2011 2745 2066 omnia
2785 2010 3095 2079 contigisse
3135 2008 3431 2070 dicuntur,
3457 2003 3717 2060 maxime

2067 2116 2202 2154 cum
2225 2100 2282 2154 in
2311 2099 2595 2155 viduitate
2614 2100 2966 2171 perdurans,
2993 2098 3049 2153 id
3069 2102 3175 2164 est,
3196 2097 3298 2152 diu
3319 2095 3500 2150 vidua
3525 2094 3583 2148 in
3604 2109 3714 2148 ms.

2067 2195 2386 2244 asseratur.
2430 2191 2645 2245 Servus
2672 2193 2871 2244 autem
2901 2187 3205 2251 Rothildae,
3248 2185 3588 2256 Stephanus
3616 2197 3720 2237 no-

2068 2277 2248 2339 mine,
2290 2277 2506 2332 dicitur
2549 2277 3076 2349 cumimpatientia
3102 2281 3313 2330 etcum
3343 2270 3720 2328 invocatione

2069 2367 2294 2422 diaboli
2336 2383 2556 2440 aquam
2598 2366 2858 2438 petiisse,
2891 2371 3318 2437 acceptamque
3365 2377 3585 2434 aquam
3623 2359 3720 2416 ubi

2069 2456 2367 2520 ebibisset,
2389 2455 2678 2511 obsessus
2698 2455 2874 2510 fuisse
2905 2471 2940 2510 a
2959 2455 3248 2509 daemone.
3279 2455 3388 2507 Res
3411 2449 3719 2506 confestim

2071 2544 2328 2599 innotuit
2368 2560 2484 2599 non
2528 2546 2722 2599 solum
2754 2543 3061 2608 Bothildae,
3090 2543 3194 2597 sed
3228 2542 3405 2596 etiam
3433 2539 3719 2609 Gisulpho

2071 2633 2343 2706 principi,
2372 2634 2724 2704 cunctisque
2767 2633 3109 2703 proceribus
3149 2636 3203 2685 et
3227 2630 3503 2701 episcopo
3537 2626 3721 2682 Saler-

2073 2723 2300 2777 nitano.
2329 2722 2687 2777 Servabatur
2708 2736 3147 2790 energumenus
3177 2720 3235 2773 in
3267 2717 3486 2772 sacello
3515 2714 3718 2786 palatii

2073 2811 2324 2865 vinculis
2338 2811 2717 2877 constrictus,
2737 2815 2791 2864 et
2815 2811 3128 2881 episcopus
3152 2823 3354 2862 omnes
3374 2804 3720 2860 hortabatur

2071 2899 2150 2955 ad
2184 2915 2385 2971 preces
2403 2915 2510 2969 pro
2533 2915 2602 2954 eo
2623 2898 2980 2954 fundendas.
3002 2917 3030 2949 «
3058 2901 3203 2953 Dum
3233 2898 3360 2952 haec
3379 2898 3716 2964 agerentur,

2070 2991 2390 3054 aitauctor,
2413 2989 2770 3044 Athanasius
2789 2988 3062 3042 intererat
3082 2987 3413 3042 monachus
3429 2981 3720 3055 (corporis

307 3074 401 3130 Dei
436 3073 744 3130 Genitricis
772 3074 972 3130 debita
1022 3075 1350 3130 reverentia
1389 3075 1720 3141 collocavit,
1751 3077 1805 3130 in
1841 3092 1958 3147 qua
1995 3085 2036 3143 C
2069 3077 2375 3147 inventor),
2407 3078 2525 3148 qui,
2557 3082 2618 3131 ut
2643 3077 2770 3147 jam
2802 3075 3086 3139 diximus,
3127 3075 3201 3130 de
3234 3090 3418 3130 manu
3471 3069 3720 3126 Paestani

304 3165 684 3235 praesentiam
719 3165 808 3216 sui
851 3163 1122 3234 corporis
1153 3163 1517 3231 evangelista
1545 3165 1956 3220 sanctissimus

304 3254 425 3308 suis
458 3254 738 3307 virtutum
771 3251 1074 3307 miraculis
1104 3253 1445 3307 declaravit.
1482 3277 1509 3303 »
1539 3254 1662 3308 Mox
1696 3270 1953 3326 sequun-

304 3347 400 3397 tur
425 3343 484 3396 in
522 3347 772 3412 utroque
811 3341 916 3396 Ms.
971 3340 1259 3396 beneﬁcia
1290 3342 1572 3413 quaedam
1627 3343 1957 3412 patrocinio

307 3430 490 3486 sancti
548 3429 796 3485 Matthaei
858 3429 1088 3484 miseris
1129 3431 1406 3502 praestita,
1446 3447 1580 3503 quae
1612 3431 1954 3499 lectoribus,

307 3527 479 3592 prout
510 3520 593 3574 ibi
616 3519 905 3589 leguntur,
937 3521 1418 3586 communicabo,
1450 3521 1733 3577 abscissis
1759 3528 1955 3578 tamen

307 3608 610 3664 nonnullis
645 3608 987 3680 superﬂuis,
1021 3625 1156 3681 quaa
1197 3610 1428 3665 tradam
1471 3611 1846 3678 compendio.

378 3703 466 3752 72.
529 3699 624 3752 Vir
675 3698 948 3770 quidam,
993 3698 1261 3754 Andreas
1314 3699 1578 3764 nomine,
1625 3700 1796 3770 cujus
1838 3700 1960 3756 ﬁlia

308 3786 539 3844 diutina
564 3787 908 3842 inﬁrmitate
936 3803 1220 3859 oppressa
1238 3787 1578 3856 languebat,
1603 3789 1756 3844 adeo
1780 3795 1841 3844 ut
1858 3790 1960 3845 doc

308 3892 443 3931 mus
477 3883 596 3933 tota
618 3877 876 3931 vicinum
897 3877 1022 3947 jam
1056 3877 1184 3948 ejus
1204 3876 1429 3932 obitum
1455 3883 1837 3949 exspectaret,
1866 3894 1962 3949 pa-

306 3969 474 4021 terno
507 3971 702 4020 motus
745 3966 970 4020 viscere
1029 3964 1130 4020 diu
1179 3965 1444 4036 plorans,
1485 3968 1729 4022 tandem
1769 3966 1961 4022 fessus

306 4070 520 4110 somno
553 4053 849 4125 arripitur.
882 4074 910 4105 »
947 4053 1535 4120 Somniabatautem,
1570 4055 1753 4111 ﬁliam
1787 4072 1961 4111 suam

308 4142 420 4198 sibi
451 4159 480 4197 e
502 4142 762 4198 brachiis
792 4142 937 4215 eripi
974 4159 1010 4197 a
1033 4149 1178 4198 tetro
1209 4144 1415 4214 spiritu
1445 4160 1458 4209 ;
1491 4160 1627 4200 mox
1678 4161 1818 4200 vero
1863 4145 1963 4201 ad-

310 4238 468 4287 stare
499 4233 691 4287 virum
744 4232 1172 4296 venerabilem,
1206 4232 1308 4305 qui
1341 4233 1563 4288 dolenti
1595 4235 1746 4305 patri
1776 4235 1961 4291 ﬁliam

308 4321 582 4378 restituit.
618 4321 808 4391 Rogat
860 4328 1041 4392 pater,
1085 4323 1220 4392 quis
1275 4324 1366 4384 sit.
1401 4329 1456 4379 et
1508 4339 1728 4378 munus
1771 4323 1960 4380 offert.

320 4411 418 4466 Ille
459 4416 659 4466 autem
697 4410 932 4482 placido
965 4411 1128 4466 vultu
1155 4411 1497 4484 respondit;
1540 4411 1712 4468 Nullo
1753 4419 1854 4469 tuo
1881 4415 1964 4469 in-

319 4501 494 4571 digeo
547 4517 792 4556 munere
824 4517 837 4566 ;
867 4500 969 4554 sed
1004 4502 1174 4565 scias,
1226 4516 1321 4556 me
1361 4517 1488 4556 esse
1538 4501 1876 4573 apostolum
1909 4509 1965 4558 et

310 4589 739 4659 evangelistam
766 4590 1122 4654 Matthaaum,
1141 4592 1310 4657 cujus
1326 4607 1543 4662 corpus
1566 4591 1844 4647 hesterno
1869 4592 1964 4648 die

312 4680 624 4734 Salernum
647 4678 993 4734 translatum
1011 4687 1119 4733 est.
1144 4701 1170 4728 »
1195 4681 1258 4735 Et
1276 4679 1404 4734 haec
1430 4679 1653 4746 dicens,
1683 4681 1761 4736 ab
1778 4681 1964 4736 oculis

314 4769 441 4840 ejus
471 4768 709 4824 ablatus
729 4773 834 4822 est.
858 4771 1345 4840 Exspergefactus
1372 4770 1655 4825 Andraeas
1675 4787 1810 4826 cum
1836 4788 1966 4826 ma-

314 4872 433 4928 gno
465 4861 722 4912 tremore
752 4873 922 4912 suam
946 4857 1127 4912 ﬁliam
1157 4858 1616 4928 requisivitzsed
1635 4876 1768 4914 eam
1793 4860 1966 4915 saluti

308 4945 434 5018 jam
454 4946 754 5016 reperiens
777 4948 1127 5009 restitutam,
1151 4946 1302 5016 quod
1320 4945 1434 5000 sibi
1449 4947 1505 5001 in
1527 4947 1754 5002 somnis
1773 4952 1967 5003 osten-

315 5051 446 5089 sum
481 5034 690 5100 fuerat,
726 5035 976 5100 cunctis,
1003 5035 1106 5106 qui
1134 5035 1400 5097 aderant,
1432 5040 1742 5091 enarravit.
1775 5036 1967 5093 Primo

315 5128 515 5180 autem
549 5123 812 5178 diluculo
842 5123 1240 5178 venerabilem
1271 5123 1417 5178 adiit
1440 5125 1773 5195 praesulem,
1795 5127 1967 5196 eique

316 5213 582 5269 mirabile
623 5214 851 5268 factum
892 5213 1166 5284 apostoli,
1196 5213 1359 5283 quod
1393 5213 1447 5266 in
1476 5213 1596 5268 ﬁlia
1625 5214 1752 5284 ejus
1776 5223 1968 5287 patra-

314 5308 500 5365 verat,
534 5303 738 5357 ordine
765 5302 1048 5357 recitavit.
1082 5323 1105 5353 υ
1131 5301 1452 5356 Verisimile
1485 5307 1589 5366 est,
1616 5308 1844 5373 patrem
1860 5321 1968 5376 pro

314 5391 437 5447 ﬁlia
469 5390 658 5462 pridie
688 5406 864 5462 opem
889 5391 1078 5447 sancti
1108 5390 1365 5448 Matthaai
1387 5390 1740 5463 implorasse
1765 5415 1776 5447 :
1805 5393 1864 5448 id
1888 5401 1968 5450 ta-

314 5495 455 5536 men
486 5485 690 5536 auctor
721 5480 1117 5551 prmtermisit.

385 5575 475 5628 73.
511 5589 538 5622 «
570 5569 788 5626 Eodem
823 5575 1091 5642 tempore
1147 5568 1359 5626 mulier
1401 5569 1683 5643 quaedam
1725 5569 1965 5628 unicam

2069 3167 2337 3238 praesulis
2352 3167 2590 3221 dentem
2607 3166 2970 3221 sanctissimi
2987 3166 3368 3232 evangelista:
3384 3163 3724 3233 susceperat

2069 3256 2370 3328 (nimirum
2412 3256 2549 3310 dum
2577 3256 2768 3310 eidem
2803 3271 3021 3327 corpus
3055 3253 3310 3314 tradidit,
3343 3251 3441 3307 ubi
3477 3249 3538 3304 id
3570 3247 3719 3304 afﬁr-

2067 3352 2191 3401 mat
2213 3347 2458 3415 auctor).
2488 3348 2534 3398 Is
2555 3345 2868 3409 accedens;
2895 3343 3154 3415 praefata:
3174 3342 3454 3398 Rothildae
3474 3338 3720 3395 auribus

2066 3434 2376 3502 intimavit,
2411 3434 2648 3487 dicens:
2695 3433 2884 3488 Penes
2925 3449 3020 3488 me
3053 3431 3247 3487 habeo
3299 3432 3536 3487 dentem
3581 3441 3721 3498 apo-

2069 3524 2199 3579 stoli
2238 3529 2291 3577 et
2323 3521 2702 3591 evangelista
2760 3521 3035 3576 Matthaai.
3083 3522 3179 3576 Hic
3232 3535 3412 3575 manu
3447 3515 3719 3591 praesulis

2070 3612 2403 3668 mittaturin
2421 3610 2783 3666 benedictam
2800 3626 3044 3682 aquam,
3061 3625 3241 3682 quam
3258 3609 3399 3664 dum
3417 3605 3723 3677 sumpserit

2069 3700 2495 3765 daemoniacus,
2542 3699 2834 3754 mirabilia
2860 3700 2953 3753 Dei
2988 3699 3224 3753 videbis.
3260 3700 3320 3752 Et
3348 3699 3472 3750 haec
3495 3695 3719 3757 dicens,

2069 3789 2337 3845 Rothilda
2371 3795 2670 3843 annuente
2693 3793 2747 3843 et
2779 3788 3137 3859 deposcente
3167 3793 3228 3841 ut
3255 3785 3433 3848 ﬁeret,
3479 3783 3721 3839 dentem

2070 3878 2308 3950 praesuli
2342 3879 2464 3933 suis
2505 3876 2743 3932 tradidit
2765 3876 3059 3932 manibus.
3094 3876 3284 3931 Allata
3318 3874 3518 3946 itaque
3537 3886 3716 3944 aqua,

2070 3966 2222 4022 idem
2242 3967 2458 4040 praesul
2476 3969 2714 4036 signum
2728 3965 2922 4021 crucis
2941 3965 3144 4033 edidit,
3160 3966 3401 4019 dentem
3423 3965 3478 4017 in
3499 3975 3719 4033 aquam

2072 4057 2248 4122 misit,
2278 4056 2602 4128 ablatoque
2623 4056 3055 4127 dente,aquam
3076 4055 3178 4119 illi,
3198 4052 3297 4125 qui
3322 4052 3580 4122 maligno
3607 4049 3722 4120 spi-

2071 4145 2185 4202 ritu
2220 4145 2560 4211 vexabatur,
2589 4145 2799 4200 obtulit
2837 4145 3293 4206 comminanter,
3318 4145 3517 4212 atque,
3555 4145 3613 4194 ut
3637 4137 3723 4194 bi-

2073 4236 2259 4300 beret,
2283 4235 2616 4306 imperavit.
2641 4236 2770 4300 Qua
2790 4238 3047 4304 sumpta,
3069 4233 3282 4288 acriter
3305 4230 3504 4286 vexari
3527 4229 3720 4301 ccepit.

2075 4328 2140 4380 Et
2164 4324 2307 4396 quia
2330 4324 2564 4396 iniquus
2591 4323 2802 4387 hostis,
2839 4339 3011 4377 sacro
3056 4321 3380 4377 obsistente
3413 4324 3577 4392 potu,
3623 4333 3725 4389 per

1996 4439 2042 4496 ο
2074 4429 2142 4469 os
2175 4412 2334 4468 exire
2366 4428 2485 4467 non
2515 4413 2718 4479 valuit,
2753 4429 2885 4467 cum
2919 4411 3142 4479 ingenti
3167 4411 3368 4466 fcetore
3396 4425 3504 4481 per
3533 4413 3727 4479 poste-

2074 4501 2230 4557 riora
2251 4516 2524 4571 egressus
2546 4505 2653 4555 est.
2683 4502 3055 4573 Quapropter
3071 4515 3280 4555 omnes
3301 4497 3588 4555 Salvatori
3609 4498 3725 4551 Deo

2076 4594 2294 4666 pariter
2331 4593 2550 4663 gratias
2577 4591 2845 4656 retulere,
2887 4591 2988 4664 qui
3017 4606 3122 4663 per
3149 4589 3489 4661 apostolum
3545 4602 3723 4642 suum

2077 4681 2188 4738 tale
2224 4681 2507 4750 dignatus
2531 4686 2618 4734 est
2647 4680 2880 4753 operari
2935 4679 3310 4734 miraculum.
3364 4677 3725 4732 Athanasius

2078 4775 2275 4826 autem
2289 4770 2550 4833 dentem,
2571 4787 2747 4842 quem
2765 4769 2839 4824 ad
2857 4769 3272 4840 expellendum
3299 4768 3531 4823 hostem
3553 4762 3725 4819 mali~

2077 4876 2263 4929 gnum
2295 4859 2560 4921 dederat,
2594 4859 2932 4926 recolligere
2955 4865 3255 4927 satagens,
3279 4856 3480 4911 multis
3508 4855 3729 4911 frustra

2077 4947 2277 5003 effusis
2313 4947 2611 5019 precibus,
2679 4962 3060 5018 nequaquam
3125 4945 3303 5000 valuit
3351 4943 3639 4999 obtinere.
3700 4961 3723 4991 ι

2082 5037 2376 5091 Hactenus
2405 5036 2604 5108 priora
2645 5033 2935 5089 beneﬁcia
2970 5033 3351 5089 Salernitanis
3379 5032 3617 5087 collata.

2148 5127 2235 5180 75.
2265 5126 2324 5179 In
2351 5132 2603 5195 utroque
2633 5141 2741 5178 ms.
2777 5123 3158 5192 subjungitur
3175 5122 3484 5179 translatio
3508 5119 3727 5175 brachii

2079 5216 2500 5276 Beneventum,
2543 5213 2616 5267 de
2643 5227 2765 5284 quo
2788 5218 2983 5267 tamen
3020 5211 3163 5266 nihil
3193 5211 3423 5282 reperio
3453 5209 3611 5281 apud
3639 5208 3730 5264 Vi-

2079 5319 2285 5376 peram
2301 5301 2569 5374 aliosque
2589 5302 2896 5372 scriptores
2915 5298 3521 5366 Beneventanos.Quid
3537 5314 3728 5354 causa

2081 5394 2175 5460 sit,
2230 5408 2462 5464 nequeo
2494 5391 2781 5457 divinare,
2818 5390 2925 5443 nisi
2969 5390 3137 5455 forte,
3190 5389 3356 5457 quod
3411 5387 3727 5444 brachium

2078 5481 2235 5538 istud
2279 5497 2397 5538 non
2424 5480 2526 5535 diu
2561 5479 2845 5535 manserit
2883 5479 3212 5534 Beneventi.
3245 5477 3618 5549 Subjungam
3646 5481 3730 5533 ta-

2079 5586 2240 5637 men,
2273 5586 2406 5642 quaa
2425 5570 2485 5626 in
2511 5585 2653 5626 mss.
2676 5569 2926 5641 reperio,
2947 5583 3207 5642 quaeque
3231 5583 3302 5624 ex
3319 5567 3528 5625 iisdem
3548 5568 3726 5624 etiam
