4144 6184
423 236 530 290 795

1759 231 2019 290 ΜΕΝὸΙὸ
2059 229 2493 290 SEPTEMBER.

3735 237 3840 293 796

425 357 726 416 enarravit
756 358 1066 428 Marsilius,
1116 375 1229 433 cap
1270 362 1371 417 1οε
1409 381 1432 411 (ι
1469 363 1612 417 Cum
1669 363 1870 416 autem
1911 359 2074 413 fama
2105 358 2152 411 A
2185 357 2375 424 Quam
2407 358 2576 413 facile
2620 361 2819 414 autem
2854 357 3013 414 illius
3043 359 3316 431 corporis
3371 363 3665 417 memoria
3696 362 3841 418 inte-

425 448 610 520 signis
648 448 1069 521 miraculisque
1117 451 1294 520 longe
1335 450 1573 522 lateque
1620 449 1980 519 vulgaretur,
2017 451 2075 502 et

428 537 816 609 Landulphus
833 538 1287 594 Beneventanus
1304 541 1577 609 princeps
1596 535 2072 602 audisset,Saler-

424 626 688 682 nitanum
705 627 981 697 populum
997 627 1308 683 beatissimi
1325 627 1580 684 Matthaai
1596 626 2073 698 corpus,Christo

425 715 711 778 donante,
746 717 1072 788 possidere,
1110 733 1452 773 convocans
1485 733 1626 773 suos
1670 719 1981 785 magnetes
2018 720 2074 770 et

427 807 746 879 sapientes,
783 808 1016 872 Scitote,
1050 807 1258 878 inquit,
1295 823 1329 863 a
1362 806 1478 862 Deo
1506 808 1790 862 donatam
1820 804 2070 860 salutem

426 897 807 955 Salernitanis
836 898 1174 965 advenisse,
1207 912 1428 969 eosque
1463 913 1678 968 corpus
1712 895 2072 950 sanctissimi

427 990 680 1060 apostoli
703 995 757 1044 et
787 987 1169 1057 evangelistaa
1202 987 1478 1051 Matthaai,
1513 988 1646 1059 ipso
1673 986 1985 1050 revelante,
2013 985 2073 1040 in

431 1079 700 1134 Lucaniae
723 1079 945 1134 finibus
961 1083 1285 1149 repertum,
1301 1093 1439 1132 cum
1462 1077 1704 1149 hymnis
1729 1081 1784 1130 et
1802 1075 2074 1131 laudibus

430 1167 582 1222 intra
613 1167 778 1223 urbis
811 1183 936 1223 sum
963 1166 1188 1222 muenia
1205 1165 1547 1222 collocasse.
1573 1166 1755 1230 Unde,
1782 1164 1827 1218 si
1858 1164 2068 1236 placet,

431 1257 868 1312 Salernitanum
908 1257 1236 1329 principem
1262 1261 1440 1328 atque
1472 1254 1810 1327 pontificem
1855 1253 2075 1324 pariter

430 1347 799 1402 obsecrando
829 1347 1207 1413 mandemus,
1239 1352 1300 1401 ut
1321 1345 1397 1400 ad
1417 1344 1658 1400 tutelam
1684 1350 1901 1400 nostrae
1927 1359 2074 1415 quo-

430 1450 548 1507 que
577 1436 828 1491 civitatis
858 1452 928 1491 ex
945 1435 1151 1491 eodem
1180 1435 1554 1490 sanctissimo
1571 1449 1820 1504 corpore
1843 1437 2074 1504 partem

429 1523 689 1595 aliquam
705 1525 902 1594 largiri
922 1525 1260 1594 dignentur.
1276 1523 1391 1579 Illis
1405 1530 1600 1578 autem
1616 1522 1901 1595 principis
1919 1522 2076 1576 dicta

431 1614 840 1685 probantibus,
872 1615 1033 1669 missi
1066 1618 1205 1669 sunt
1238 1614 1509 1685 protinus
1541 1612 1792 1667 illustres
1825 1611 1929 1665 viri
1964 1612 2077 1666 Sa-

2185 449 2296 501 rire
2337 449 2590 517 potuerit
2629 447 2687 501 in
2727 449 3006 514 Lucania,
3044 448 3144 504 ubi
3179 450 3519 520 depositum
3554 450 3750 507 fuerat
3781 453 3839 507 in

2184 536 2430 591 ecclesia
2471 552 2656 608 prope
2684 539 2952 602 Paestum,
2986 537 3285 594 civitatem
3317 539 3542 595 bellicis
3571 540 3836 596 motibus

2183 641 2428 697 prorsus
2459 626 2737 690 dirutam,
2771 626 2928 683 clare
2964 628 3394 698 perspiciemus
3439 645 3508 683 ex
3561 630 3650 696 iis,
3704 646 3841 702 quae

2184 716 2449 786 sequenti
2480 715 2695 770 saeculo
2721 716 3094 785 contigerunt
3121 717 3181 771 in
3214 718 3340 787 ipsa
3371 717 3608 773 civitate
3641 719 3840 774 Saler-

2184 805 2404 870 nitana,
2443 805 2540 860 ubi
2570 805 3044 877 similiterprimo
3073 807 3491 863 fuitoblivione
3519 807 3835 879 perditum,

2186 909 2255 949 ac
2281 900 2488 965 postea
2527 895 2764 950 feliciter
2795 895 3120 950 inventum.
3154 898 3444 952 Baronius
3477 899 3554 953 ad
3605 914 3840 954 annum

2188 987 2323 1039 1080
2363 1001 2433 1040 ex
2483 985 2828 1056 conjectura
2878 985 3306 1041 verisimillima
3345 987 3506 1052 dicit,
3567 987 3643 1042 ob
3676 989 3844 1044 varia

2185 1074 2467 1129 bellorum
2496 1073 2837 1129 discrimina
2857 1075 3210 1130 occultatum
3249 1075 3452 1137 fuisse.
3495 1081 3571 1142 et,
3613 1082 3676 1132 ut
3715 1095 3842 1134 cre-

2183 1163 2353 1228 didit,
2405 1179 2472 1219 ex
2499 1164 2814 1219 hominum
2867 1165 3156 1220 memoria
3203 1165 3327 1236 jam
3370 1164 3702 1231 efﬂuxerat,
3738 1167 3842 1222 sed

2185 1252 2302 1308 fere
2322 1252 2514 1308 solum
2530 1252 2768 1322 ignotus
2781 1258 2904 1309 erat
2921 1253 3109 1318 locus,
3129 1253 3225 1309 ubi
3251 1254 3445 1310 fuerat
3467 1255 3836 1326 depositum.

2186 1345 2304 1398 Hoc
2328 1349 2528 1398 autem
2558 1358 2678 1397 non
2709 1358 2844 1397 raro
2879 1342 3123 1413 contigit
3148 1343 3223 1398 de
3259 1344 3388 1400 aliis
3418 1360 3658 1416 quoque
3691 1362 3837 1401 sano

2184 1439 2414 1488 ctorum
2446 1432 2805 1498 corporibus,
2829 1449 2963 1504 quae
2981 1433 3184 1489 timore
3207 1435 3415 1502 nimio,
3445 1451 3517 1491 ne
3538 1436 3846 1492 auferren-

2189 1529 2280 1579 tur
2308 1539 2691 1595 aquoquam,
2727 1523 2991 1594 deposita
3029 1522 3260 1580 fuerant
3299 1525 3431 1580 loco
3481 1526 3693 1597 paucis
3735 1543 3836 1582 co-

2187 1613 2372 1683 gnito,
2404 1618 2460 1667 et
2476 1613 2561 1668 sic
2583 1618 2685 1669 aut
2704 1614 2888 1669 multo
2911 1620 3170 1685 tempore
3197 1614 3495 1672 latuerunt
3511 1621 3614 1672 aut
3631 1617 3845 1672 etiam-

433 1702 685 1767 lernum,
723 1705 924 1772 magni
967 1704 1231 1758 muneris
1274 1718 1476 1772 preces
1510 1700 1878 1756 humillimas
1919 1698 2075 1754 defe-
2109 1698 2154 1756 B
2188 1718 2334 1757 num
2369 1702 2568 1757 latent.

435 1797 647 1848 rentes.
682 1794 838 1857 Quos
879 1793 1155 1864 princeps
1187 1797 1240 1848 et
1286 1791 1548 1863 pontifex
1603 1791 1857 1860 benigne
1891 1786 2076 1843 susci-

430 1883 672 1954 pientes,
707 1888 883 1954 atque
912 1898 1119 1938 eorum
1157 1880 1537 1953 petitionibus
1563 1885 1915 1946 annuentes,
1950 1879 2080 1933 bra-

432 1971 630 2027 chium
674 1971 784 2026 illis
817 1971 965 2027 sacri
1012 1971 1278 2041 corporis
1306 1985 1544 2024 summa
1589 1985 1722 2023 cum
1757 1965 2080 2022 reverentia

433 2061 673 2116 tradunt
704 2061 825 2114 suis
852 2059 1200 2114 concivibus
1220 2058 1631 2115 deferendum.
1661 2058 1788 2121 Quo
1813 2061 2080 2127 accepto,

431 2149 757 2220 plurimum
817 2148 1203 2218 gratulantes,
1250 2148 1700 2218 immensasque
1742 2146 1858 2200 Deo
1903 2151 2082 2217 atque

434 2237 705 2309 apostolo
721 2237 929 2292 Christi
943 2236 1164 2306 gratias
1177 2233 2082 2307 referentes,incomparabilique

433 2325 592 2381 dono
620 2326 1033 2397 tripudiantes,
1065 2328 1458 2380 Beneventum
1499 2325 1732 2380 concito
1771 2323 1964 2395 gradu
1994 2339 2086 2378 re-

436 2414 625 2484 gressi
669 2421 824 2469 sunt.
863 2415 973 2471 Sed
1005 2422 1331 2486 antequam
1379 2413 1540 2469 urbis
1568 2413 1868 2469 moenibus
1893 2412 2077 2484 appli-

435 2505 714 2566 cuissent,
751 2504 905 2560 idem
935 2505 1212 2577 princeps
1236 2511 1290 2560 et
1319 2504 1657 2575 episcOpus,
1691 2503 1792 2575 qui
1835 2509 1970 2558 tunc
2009 2501 2081 2556 ei.

434 2593 570 2649 dem
600 2593 821 2650 civitati
849 2600 1156 2665 praeerant,
1193 2610 1328 2648 cum
1345 2593 1506 2649 omni
1527 2592 1752 2666 populo
1773 2593 2083 2663 utriusque

434 2699 608 2739 sexus
638 2691 694 2739 et
740 2684 929 2739 aetatis
962 2687 1046 2740 eis
1088 2683 1327 2739 obviam
1379 2684 1669 2748 exierunt,
1715 2688 1890 2752 atque
1945 2697 2079 2735 cum

433 2773 679 2845 hymnis
708 2779 763 2828 et
794 2773 1078 2829 laudibus
1105 2775 1255 2829 sacri
1287 2774 1548 2845 corporis
1564 2772 1870 2827 brachium
1901 2771 2086 2825 hono-

433 2862 695 2917 rabiliter
724 2863 1169 2931 transtulerunt,
1203 2863 1551 2934 atqueintra
1579 2861 1736 2915 urbis
1756 2860 1978 2915 moenia
2005 2874 2087 2913 re-

432 2956 702 3007 verenter
741 2951 1123 3007 collocarunt.
1155 2971 1183 3002 »

2259 1791 2347 1845 78.
2367 1791 2601 1847 Certum
2615 1807 2857 1863 quoque
2875 1796 2981 1859 est,
3000 1797 3264 1865 tempore
3288 1794 3345 1849 S.
3370 1793 3626 1866 Gregorii
3657 1795 3850 1865 Papa:

2189 1884 2281 1938 VIl
2315 1884 2617 1938 inventum
2651 1883 2829 1938 fuisse
2858 1883 3084 1939 Salerni
3109 1899 3328 1955 corpus
3354 1886 3544 1940 sancti
3565 1885 3848 1953 Matthaei,

2191 1979 2245 2027 et
2276 1972 2602 2027 secundam
2651 1972 2806 2028 hanc
2867 1988 2995 2028 esse
3039 1973 3434 2029 inventionem
3487 1974 3639 2028 sacri
3687 1974 3852 2029 illius

2193 2062 2453 2117 thesauri
2515 2061 2572 2116 in
2629 2077 2815 2134 regno
2882 2062 3296 2133 Neapolitano,
3362 2062 3495 2118 licet
3550 2062 3850 2118 Marsilius

2192 2167 2323 2223 cap.
2356 2150 2744 2207 asecundam
2781 2149 3181 2206 inventionem
3212 2167 3350 2206 cum
3374 2151 3568 2222 prima
3598 2151 3853 2206 confun-

2193 2239 2316 2295 dat.
2351 2244 2586 2294 Annum
2609 2239 2968 2294 inventionis
3000 2239 3277 2294 secundae
3333 2238 3542 2295 nullibi
3576 2240 3849 2309 assigna-

2193 2334 2318 2384 tum
2347 2327 2602 2384 invenio.
2630 2329 2700 2384 At
2725 2344 2886 2392 cum,
2920 2328 3289 2399 temporibus
3312 2328 3574 2398 Gregorii
3606 2329 3721 2398 νη,
3753 2329 3852 2383 ΑΙ-

2194 2417 2814 2490 phaniarchiepiscopi
2834 2416 3269 2482 Salernitani,et
3289 2418 3597 2474 Salernum
3612 2423 3854 2473 tenente

2197 2506 2448 2561 Roberto
2477 2505 2826 2571 Guiscardo,
2843 2505 2990 2560 facta
3005 2506 3077 2559 sit
3103 2504 3203 2560 illa
3228 2506 3509 2572 inventio,
3546 2512 3608 2560 ut
3623 2504 3854 2576 colligit

2195 2611 2264 2650 ex
2303 2594 2505 2648 litteris
2539 2592 2805 2662 Gregorii
2838 2592 2915 2647 ad
2937 2593 3278 2664 Alphanum
3319 2609 3459 2649 mox
3502 2593 3852 2661 recitandis,

2196 2700 2317 2740 non
2341 2688 2536 2756 potest
2563 2682 2733 2752 longe
2751 2683 2965 2737 abesse
2993 2682 3071 2737 ab
3089 2698 3251 2738 anno
3279 2684 3434 2747 1080,
3464 2698 3581 2755 quo
3601 2683 3858 2737 refertur

2197 2791 2232 2830 a
2263 2772 2532 2828 Baronio.
2567 2775 2713 2827 Nam
2747 2787 2907 2826 anno
2964 2771 3099 2826 1077
3149 2770 3467 2826 Salernum
3513 2787 3548 2826 a
3595 2771 3855 2826 Roberto

2197 2862 2523 2918 Guiscardo
2580 2866 2941 2931 occupatum
3008 2861 3312 2916 existimat
3365 2861 3738 2924 Muratorius,
3788 2861 3854 2915 in

2196 2951 2524 3008 Annalibus
2574 2951 2788 3017 Italiae,
2845 2950 2922 3004 ad
2954 2963 3183 3005 annum
3235 2951 3392 3008 1077.
3445 2950 3560 3007 Alii
3603 2949 3680 3004 ad
3713 2949 3855 3004 1075

506 3041 595 3094 76.
625 3040 718 3094 His
747 3040 985 3094 additur
1009 3039 1383 3103 beneficium,
1415 3039 1578 3110 quod
1601 3038 1903 3108 accepisse
1926 3051 2083 3092 asse-
2125 3055 2166 3114 α
2197 3046 2300 3095 aut
2335 3041 2469 3095 1076
2521 3037 2677 3094 illius
2735 3039 2992 3093 civitatis
3036 3040 3535 3110 expugnationem
3567 3038 3851 3093 referunt.

438 3127 585 3184 ritur
615 3128 1009 3199 Landulphus
1052 3135 1450 3197 cognomento
1478 3128 1735 3191 Graecus,
1769 3127 1869 3199 qui
1903 3126 2085 3181 Bene-

440 3216 599 3271 venti
615 3233 846 3272 carcere
869 3223 994 3273 erat
1017 3218 1307 3282 reclusus,
1324 3225 1378 3273 et
1402 3218 1680 3273 manibus
1707 3216 2082 3287 pedibusque

441 3304 692 3360 vinctus.
722 3308 868 3360 lium
898 3306 1055 3361 enim
1081 3305 1362 3361 audiebat
1391 3306 1617 3360 sonitus
1642 3305 1902 3370 festivos,
1927 3303 2090 3358 intel-

439 3392 780 3465 ligebatque
807 3410 908 3449 eos
935 3395 1028 3450 edi
1063 3396 1142 3450 ob
1173 3394 1420 3450 allatum
1448 3393 1637 3450 sancti
1679 3394 1927 3449 Matthaei
1963 3393 2087 3447 bra-

441 3481 661 3552 chium,
713 3483 906 3539 eidem
953 3490 1155 3539 sancto
1205 3500 1266 3539 se
1320 3484 1784 3550 commendavit,
1837 3490 1891 3538 et
1948 3498 2088 3536 mox

441 3571 647 3626 omnia
671 3573 908 3628 vincula
940 3590 1048 3628 sua
1079 3574 1317 3644 dirupta
1353 3575 1516 3638 vidit,
1549 3573 1898 3629 mirantibus
1953 3586 2092 3626 cun-

442 3661 574 3729 ctis,
607 3662 709 3733 qui
774 3663 1040 3718 aderant.
1081 3683 1107 3715 «
1149 3663 1406 3736 Cumque
1449 3665 1562 3719 hoc
1593 3662 1837 3734 principi
1890 3661 2091 3716 fuisset

440 3751 713 3815 relatum,
749 3751 942 3824 inquit
968 3759 1191 3819 auctor,
1216 3769 1353 3808 eum
1376 3756 1541 3809 ocius
1562 3754 1630 3807 de
1663 3766 1895 3808 carcere
1918 3748 2092 3805 educi

445 3840 764 3903 mandavit,
794 3846 971 3910 atque
1003 3847 1140 3896 ante
1171 3859 1347 3897 suum
1407 3849 1790 3913 conspectum
1832 3839 2050 3895 adduci
2077 3855 2088 3892 :

445 3944 625 4000 quem
659 3929 891 4000 placitis
919 3935 1258 4002 correptum
1289 3931 1485 3986 verbis
1519 3948 1629 3985 suo
1656 3930 1967 3986 confestim
1990 3929 2094 3983 ho-

443 4018 572 4072 nori
598 4018 1313 4091 restituit,pristinamque
1331 4020 1405 4075 illi
1431 4019 1681 4089 gratiam
1701 4019 2031 4074 redonavit.
2061 4037 2087 4069 »

446 4109 735 4161 Hactenus
761 4115 968 4162 auctor
989 4123 1349 4179 anonymus,
1367 4108 1470 4180 qui
1487 4108 1878 4163 verisimiliter
1896 4106 2092 4161 ﬂoruit

446 4194 664 4250 sarculo
694 4212 752 4259 x,
785 4212 920 4250 cum
964 4196 1108 4253 nihil
1170 4199 1361 4252 tradat
1393 4199 1466 4252 de
1498 4198 1586 4262 iis,
1643 4213 1772 4268 quae
1825 4195 2088 4267 sequenti

447 4285 664 4338 saeculo
688 4284 843 4340 facta
860 4287 1230 4353 videbimus;
1257 4287 1377 4342 imo
1395 4287 1772 4342 vehementer
1800 4287 2090 4359 suspicor,

445 4389 566 4428 non
599 4373 778 4429 alium
815 4390 943 4429 esse
967 4376 1043 4430 ab
1085 4392 1391 4448 anonymo
1419 4376 1810 4444 Salernitano,
1843 4377 1943 4448 qui
1970 4393 2090 4432 ver-
2128 4408 2173 4464 ι)

448 4461 540 4516 bis
563 4478 726 4516 num.
758 4464 829 4517 65
853 4463 1010 4519 datis
1043 4465 1117 4519 de
1161 4464 1328 4519 hisce
1367 4463 1612 4520 uberius
1646 4481 1708 4519 se
1734 4466 2091 4536 scripturum

447 4551 738 4622 promisit.

446 4692 474 4765 ς
497 4693 592 4748 Vl.
625 4695 853 4761 Corpus
875 4698 1087 4750 iterum
1112 4695 1416 4750 inventum
1441 4697 1700 4762 Salerni,
1723 4703 1774 4751 et
1794 4697 1875 4752 ad
1887 4712 2094 4752 novam

554 4767 854 4823 ecclesiam
880 4768 1262 4822 translatum.
1284 4767 1456 4822 Varia
1477 4768 1683 4825 Sancti
1710 4768 2006 4836 beneﬁcia.

517 4914 605 4964 77.
634 4911 993 4980 Quanquam
1036 4925 1154 4966 non
1183 4911 1326 4966 satis
1350 4912 1644 4974 novimus,
1674 4927 1796 4983 quo
1829 4916 2095 4982 tempore

449 5005 552 5053 aut
571 5000 743 5068 cujus
761 5015 946 5069 opera
963 5015 1180 5070 corpus
1204 5001 1390 5055 sancti
1410 5000 1664 5056 Matthaai
1688 5003 1745 5055 in
1774 5002 2093 5056 Lucaniam

450 5087 624 5144 fuerit
653 5087 938 5153 dolatum,
983 5089 1125 5144 illud
1161 5093 1360 5145 tamen
1412 5089 1630 5145 ibidem
1677 5105 1838 5145 anno
1876 5092 1980 5147 954
2009 5089 2095 5145 in-

449 5182 721 5241 ventum,
755 5183 810 5232 et
840 5179 1148 5234 Salernum
1190 5195 1373 5249 opera
1412 5179 1674 5250 Gisulphi
1728 5179 2010 5251 principis
2041 5184 2099 5234 et

451 5266 763 5320 Bernartlis
783 5267 1035 5340 episcopi
1061 5267 1414 5324 Salernitani
1431 5269 1771 5324 translatum
1788 5269 2097 5339 scriptores

454 5357 744 5409 testantur
774 5364 892 5411 tam
934 5357 1181 5428 antiqui,
1213 5358 1495 5413 nimirum
1530 5362 1883 5429 Anonymus
1913 5357 2098 5414 Saler-

455 5445 719 5511 nitanus,
752 5446 849 5514 qui
893 5446 1009 5501 fere
1041 5447 1251 5503 eodem
1286 5448 1499 5503 vixisse
1545 5453 1808 5519 tempore
1847 5447 2096 5513 videtur,

455 5538 512 5588 et
548 5532 660 5588 Leo
688 5534 988 5603 Ostiensis,
1021 5541 1083 5592 ut
1109 5535 1285 5592 fidem
1335 5539 1404 5593 iis
1437 5553 1659 5607 negare
1708 5553 2096 5610 nequeamus.

2199 3130 2354 3186 Obiit
2382 3135 2581 3185 autem
2612 3129 2897 3184 laudatus
2933 3128 3217 3184 Robertus
3251 3143 3414 3183 anno
3464 3128 3622 3194 1085,
3674 3125 3754 3181 uti
3794 3131 3855 3181 et

2197 3219 2515 3289 Gregorius
2565 3218 2678 3283 Vll,
2731 3218 2852 3273 imo
2901 3223 2956 3272 et
3008 3217 3314 3288 Alphanus
3365 3216 3856 3289 archiepiscopus

2201 3309 2530 3364 secundum
2561 3306 2893 3375 Ughellum.
2915 3306 3175 3362 lnventio
3199 3307 3374 3376 igitur
3400 3313 3559 3362 certo
3610 3304 3856 3373 contigit

2198 3398 2349 3453 inter
2400 3413 2626 3452 annum
2663 3397 2801 3451 10⁵15
2831 3402 2887 3451 et
2921 3397 3080 3461 1085,
3115 3395 3387 3467 ideoque,
3417 3400 3479 3451 ut
3505 3395 3852 3462 minimum,

2199 3492 2428 3542 centum
2463 3491 2518 3542 et
2549 3485 2751 3555 viginti
2779 3486 2950 3540 annis
2979 3491 3113 3557 post
3147 3484 3426 3556 primam,
3463 3491 3522 3539 ut
3553 3484 3717 3539 nulla
3761 3499 3856 3539 ra-

2201 3576 2361 3631 tione
2388 3591 2523 3630 cum
2551 3574 2650 3629 illa
2679 3573 2963 3629 confundi
2997 3573 3209 3629 valeat.
3240 3577 3407 3629 Recte
3427 3573 3604 3643 igitur
3635 3573 3856 3628 ambas

2202 3665 2575 3721 inventiones
2608 3663 2912 3734 distinguit
2927 3663 3160 3734 Gaspar
3181 3663 3380 3718 Musca
3406 3661 3464 3716 in
3479 3661 3621 3718 Com
3633 3661 3853 3732 pendio

2201 3756 2274 3811 de
2306 3755 2437 3810 Vita
2484 3760 2539 3810 et
2593 3753 3080 3809 translationibus
3137 3753 3324 3808 sancti
3384 3752 3635 3808 Matthaai
3687 3758 3742 3805 et
3792 3751 3854 3806 in

2201 3843 2666 3916 archiepiscopis
2696 3842 3108 3899 Salernitanis.

2270 3935 2359 3989 79.
2393 3933 2649 4005 Epistola
2683 3935 2738 3989 S.
2771 3931 3036 4001 Gregorii
3089 3931 3200 3995 VII,
3235 3947 3306 3986 ex
3359 3946 3482 4002 qua
3530 3930 3656 4001 jam
3694 3929 3858 3984 dicta

2203 4023 2580 4092 colliguntur,
2621 4022 2783 4094 apud
2816 4021 3141 4076 Baronium
3173 4020 3251 4076 ad
3281 4036 3508 4075 annum
3544 4021 3677 4074 1080
3707 4019 3861 4073 reci-

2202 4118 2359 4167 tatur
2407 4111 2515 4166 hoc
2569 4111 2782 4169 modo:
2829 4129 2860 4162 ‹‹
2902 4109 3221 4178 Gregorius
3271 4110 3588 4180 episcopus
3640 4123 3856 4162 servus

2205 4216 2510 4256 servorum
2549 4200 2644 4254 Dei
2685 4199 2846 4254 fratri
2873 4204 2925 4254 et
2958 4197 3311 4270 coepiscopo
3343 4195 3717 4252 Salernitano
3763 4194 3860 4250 Al-

2204 4291 2406 4361 phano
2449 4288 2693 4344 salutem
2721 4293 2777 4344 et
2808 4287 3198 4360 apostolicam
3227 4285 3730 4341 benedictionem.
3767 4287 3862 4340 Di-

2205 4378 2358 4433 vinas
2386 4378 2617 4449 pietatis
2644 4379 2934 4449 respectui
2970 4377 3188 4444 gratias
3220 4375 3489 4445 ingentes
3520 4372 3856 4436 referimus,

2205 4469 2374 4537 cujus
2405 4467 2673 4537 dignatio
2691 4466 3033 4521 thesaurum
3066 4480 3352 4535 magnum
3380 4465 3595 4536 totique
3627 4461 3858 4516 mundo

2205 4557 2577 4630 profuturum
2612 4555 2826 4610 nostris
2879 4554 3249 4626 temporibus
3283 4551 3739 4608 misericorditer
3769 4566 3860 4606 re-

2203 4647 2434 4703 velavit.
2471 4649 2592 4701 Non
2624 4645 2920 4700 immerito
2954 4650 3067 4698 tua),
3097 4658 3340 4714 quoque
3387 4640 3689 4697 dilectioni
3722 4655 3858 4709 gra-

2207 4737 2484 4798 tulamur,
2519 4750 2650 4806 qua:
2684 4740 2858 4789 tanta:
2881 4733 3094 4789 laetitiae
3118 4731 3345 4788 caelitus
3373 4746 3578 4786 revera
3603 4733 3859 4786 ostensa

2204 4827 2522 4898 participes
2553 4840 2662 4879 nos
2690 4823 2920 4879 efﬁcere
2972 4822 3217 4877 sollicite
3249 4821 3612 4893 procuravit.
3661 4819 3861 4874 Credi-

2209 4930 2341 4968 mus
2372 4911 2667 4984 siquidem
2689 4917 2744 4967 et
2765 4912 3170 4966 incunctanter
3203 4910 3547 4973 asserimus,
3581 4907 3655 4962 de
3711 4905 3860 4961 tanti

2207 5002 2471 5075 corporis
2501 5001 2843 5056 inventione
2870 5017 2986 5054 non
3016 4998 3207 5053 solum
3242 4999 3443 5069 ipsum
3468 4996 3706 5052 beatum
3722 4998 3863 5052 Mat-

2206 5093 2427 5148 thaeum
2456 5090 2816 5162 apostolum,
2855 5105 3061 5144 verum
3087 5087 3267 5143 etiam
3287 5091 3529 5142 caeteros
3543 5090 3865 5157 coaposto—

2207 5181 2294 5237 los
2321 5197 2456 5236 cum
2492 5179 2722 5236 Sanctis
2752 5178 3034 5234 omnibus
3079 5178 3347 5249 ipsisque
3377 5175 3715 5231 caelestibus
3745 5175 3863 5246 spi-

2208 5270 2438 5334 ritibus,
2464 5275 2518 5325 et
2547 5267 2805 5339 gloriosa
2835 5267 2933 5323 Dei
2965 5265 3249 5324 Genitrice
3273 5266 3476 5329 Maria,
3507 5263 3863 5319 mortalibus

2208 5360 2602 5429 congaudere,
2631 5364 2809 5430 atque
2841 5357 3109 5428 ipsorum
3142 5355 3414 5411 omnium
3463 5352 3662 5408 studia
3703 5351 3862 5407 circa

2209 5449 2542 5504 humanum
2577 5461 2764 5515 genus
2792 5445 2907 5501 hoc
2941 5450 3230 5516 tempore,
3261 5458 3448 5515 quam
3479 5440 3630 5506 aliis,
3667 5439 3864 5497 multo

2209 5535 2606 5610 propensiora
2688 5535 3067 5606 multumque
3148 5547 3280 5589 esse
3357 5530 3760 5588 uberantiora.
3806 5529 3868 5584 Si
