4144 6184
280 242 386 299 797

1650 240 1817 295 VITA
1858 239 1918 293 S.
1961 237 2324 294 MATTH/EI.

3593 240 3698 298 798

282 369 445 424 enim
512 367 736 423 casteris
813 367 1173 438 temporibus
1243 371 1581 422 sanctorum
1669 381 1779 420 nos
1833 380 1933 436 pa-
1971 365 2012 418 A
2049 365 2242 418 venire
2269 379 2339 419 ac
2372 363 2573 434 primis
2597 364 2869 434 Vesperis
2911 376 3020 418 nec
3046 378 3164 418 non
3206 363 3402 418 missae
3445 362 3699 420 solemni

284 455 534 512 trocinia
584 456 681 526 pia
736 471 857 510 non
898 455 1181 510 deserunt
1215 472 1228 520 ;
1261 456 1592 510 certissime
1645 459 1783 508 tunc
1834 469 1934 524 po-

284 545 584 600 tissimum
614 544 915 615 speranda
947 547 1086 598 sunt
1112 561 1318 600 eorum
1360 544 1601 608 auxilia,
1631 559 1765 598 cum
1797 557 1940 596 san-

286 634 554 690 ctissima
570 650 771 689 eorum
790 650 1042 704 corpora
1066 633 1240 688 nobis
1263 633 1433 706 quasi
1455 632 1719 687 rediviva
1736 631 1938 686 divino

288 727 431 778 nutu
462 721 949 778 manifestantur:
986 727 1043 777 et
1070 722 1219 777 sicut
1241 738 1345 794 per
1372 722 1642 793 corporei
1660 725 1939 792 aspectus

286 813 566 868 intuitum
613 818 900 883 tanquam
979 812 1123 867 ﬁdes
1196 812 1469 875 cernitur,
1505 827 1635 882 spes
1687 810 1813 883 jam
1869 818 1941 864 te-

288 906 502 968 netur;
562 901 643 957 ita
701 917 904 956 eorum
961 902 1253 956 beneﬁcia
1297 907 1438 957 tunc
1494 915 1637 969 erga
1690 900 1940 954 devotos

291 990 582 1054 renovari,
612 989 972 1062 uberiusque
1027 989 1366 1045 redundare
1407 987 1777 1044 credendum
1832 993 1938 1042 est.

295 1079 457 1136 Unde
498 1079 676 1134 etiam
728 1085 931 1135 sancta
984 1079 1330 1134 universalis
1383 1078 1659 1144 Ecclesia,
1709 1077 1944 1132 dudum

295 1167 879 1238 magnisturbinibus
903 1168 1196 1240 variisque
1230 1167 1494 1239 procellis
1517 1167 1796 1238 impulsa,
1827 1164 1946 1220 cla-

295 1274 522 1315 morem
551 1274 722 1312 suum
746 1274 781 1314 a
800 1258 1052 1313 Domino
1076 1258 1423 1313 exauditum
1442 1272 1564 1312 non
1583 1254 1944 1320 dubitet,sed

292 1349 368 1404 ad
400 1348 579 1420 quieti
621 1347 832 1403 littoris
863 1347 1238 1403 securitatem
1274 1347 1502 1402 alacres
1548 1345 1756 1401 oculos
1808 1360 1838 1399 e
1867 1345 1948 1400 vi-

293 1438 427 1492 cino
459 1435 797 1502 intendens,
823 1436 979 1491 beati
1009 1436 1258 1492 Matthaei
1317 1435 1570 1507 apostoli
1606 1434 1946 1506 praesidium

289 1526 460 1597 juxta
489 1526 955 1596 contempletur:
983 1525 1411 1596 quoniamjam
1437 1541 1595 1580 nunc
1627 1540 1746 1580 non
1767 1522 1947 1578 dubie

293 1615 414 1684 agit
445 1614 501 1668 in
528 1620 722 1686 portu,
740 1615 832 1669 cui
853 1630 1027 1669 suam
1051 1616 1432 1683 praesentiam
1454 1613 1718 1669 ostendit
1737 1611 1950 1681 guber-

2048 452 2490 524 pontiticalibus
2538 453 2728 507 induti
2811 452 3112 515 interesse,
3169 456 3332 506 certa
3390 454 3699 523 proposita

2047 558 2226 613 poena
2257 547 2549 598 tenentur.
2585 542 2752 606 Quod
2784 547 2838 596 et
2875 541 2999 595 sine
3036 540 3474 595 intermissione
3504 541 3699 596 hacte-

2048 647 2161 686 nus
2191 630 2644 700 diligentissime
2677 637 2980 685 servatum
3011 635 3117 697 est,
3142 635 3196 683 et
3240 628 3479 684 assidue
3505 646 3700 685 serva-

2053 724 2161 775 tur.
2196 740 2224 771 »
2250 723 2379 774 Post
2410 720 2534 774 haec
2561 718 2842 774 laudatus
2867 725 3076 772 auctor
3135 719 3320 785 vergit
3366 717 3443 771 ad
3477 718 3702 772 descri-

2051 809 2318 881 ptionem
2348 809 2608 878 regionis
2636 808 3091 873 Picentinorum,
3117 812 3167 860 et
3193 807 3352 861 urbis
3386 805 3699 861 Salernita-

2052 915 2142 953 [ιω
2173 913 2330 969 quae,
2363 898 2492 968 ejus
2536 901 2626 952 est
2661 896 3001 966 metropolis
3034 895 3110 952 ad
3147 911 3303 950 mare
3331 895 3701 967 Tyrrhenum

2053 993 2107 1042 et
2137 987 2336 1040 sinum
2369 985 2809 1041 Salernitanum
2865 984 2996 1040 sita.
3049 988 3192 1040 Tum
3255 984 3547 1055 templum
3578 985 3702 1054 jam

2053 1076 2300 1144 dictum,
2341 1076 2506 1147 quod
2539 1075 3063 1145 metropolitanum
3094 1080 3198 1140 est,
3235 1073 3346 1129 late
3400 1073 3699 1136 describit,

2055 1166 2319 1237 illudque
2359 1165 2440 1220 ait
2468 1181 2596 1219 esse
2625 1162 3017 1236 longitudinis
3042 1179 3330 1235 passuum
3353 1162 3702 1232 nonaginta,

2054 1256 2384 1313 latitudinis
2418 1271 2551 1310 vero
2607 1255 2862 1325 triginta,
2929 1260 2984 1308 et
3031 1257 3201 1324 justaz
3249 1253 3452 1308 itidem
3503 1251 3704 1306 altitu-

2057 1347 2230 1403 dinis.

2127 1437 2214 1490 81.
2259 1437 2538 1507 Cryptam
2574 1433 2773 1506 templi
2803 1433 3275 1499 subterraneam,
3309 1433 3503 1503 inqua
3529 1431 3706 1501 depo-

2061 1525 2236 1580 situm
2266 1530 2354 1578 est
2397 1539 2614 1594 corpus
2647 1523 2836 1577 sancti
2869 1523 3136 1586 Matthaai,
3171 1521 3439 1576 similiter
3493 1519 3709 1575 descri-

2061 1614 2164 1679 bit,
2198 1618 2254 1668 et
2283 1613 2355 1667 de
2386 1628 2633 1685 corpore
2656 1611 2739 1667 ibi
2763 1618 2994 1667 servato
3022 1613 3100 1666 ita
3133 1611 3412 1684 loquitur.
3448 1625 3586 1682 pag.
3609 1612 3704 1664 80:

293 1710 467 1759 nator
496 1705 796 1774 antiquus.
843 1704 1214 1775 Quapropter
1243 1702 1316 1756 de
1342 1703 1485 1758 tanti
1509 1700 1768 1757 thesauri
1793 1715 1950 1756 reve-
1986 1723 2031 1781 Β
2064 1723 2093 1755 ι(
2127 1702 2237 1760 Sed
2269 1701 2431 1775 quod
2454 1701 2624 1756 estin
2665 1702 2799 1772 ipsa
2831 1705 3038 1772 crypta
3080 1699 3499 1764 venerabilius,
3536 1703 3591 1753 et
3637 1711 3710 1752 ex

294 1791 510 1847 latione
541 1798 643 1848 tua
664 1791 1000 1847 fraternitas
1033 1791 1280 1847 exsultet
1313 1791 1370 1846 in
1401 1791 1676 1857 Domino,
1709 1796 1765 1846 et
1809 1789 1954 1844 bea-

297 1881 555 1938 tissimas
613 1880 896 1953 reliquias
929 1881 1139 1936 debitas
1199 1881 1594 1936 venerationis
1645 1878 1952 1952 obsequiis

297 1971 492 2040 dignis
530 1971 924 2042 amplectens,
979 1970 1309 2039 gloriosum
1351 1971 1566 2026 ducem
1611 1970 1953 2034 Robertum,

295 2060 606 2133 ipsiusque
636 2059 1070 2115 nobilissimam
1103 2060 1423 2131 conjugem
1455 2059 1720 2114 hortetur
1745 2064 1800 2114 et
1831 2075 1956 2115 mo-

297 2156 456 2214 neat,
516 2155 813 2222 quatenus
871 2154 992 2204 tam
1027 2149 1242 2218 insigni
1294 2155 1568 2221 patrono,
1615 2149 1719 2220 qui
1774 2166 1835 2204 se
1867 2150 1951 2204 eis

297 2242 711 2293 demonstrare
733 2238 1012 2307 dignatus
1034 2243 1144 2300 est,
1161 2239 1552 2293 reverentiam
1576 2243 1633 2292 et
1662 2238 1952 2293 honorem

298 2327 575 2382 decenter
605 2327 969 2395 exhibentes,
1003 2327 1190 2397 ipsius
1246 2327 1498 2400 gratiam
1557 2332 1614 2382 et
1661 2327 1951 2382 auxilium

300 2416 413 2471 sibi
449 2417 692 2487 suisque
723 2417 1047 2488 promereri
1080 2417 1311 2471 nisibus
1334 2433 1585 2470 summae
1617 2415 1954 2471 devotionis

301 2505 683 2560 contendant.
723 2508 842 2560 Dat.
883 2508 1082 2560 Roma:
1136 2522 1234 2561 xui
1270 2505 1396 2561 Kal.
1445 2505 1647 2562 Octob.
1687 2526 1716 2557 »
1752 2507 1950 2560 Hacte-

299 2611 410 2650 nus
434 2593 960 2667 Gregorius,cujus
1021 2594 1281 2665 Epistola
1329 2595 1533 2668 procul
1584 2594 1770 2650 dubio
1814 2596 1952 2649 data

300 2690 404 2748 est,
437 2689 757 2756 postquam
809 2699 1022 2754 pacem
1063 2683 1271 2738 inierat
1325 2700 1462 2737 cum
1513 2683 1764 2738 Roberto
1815 2683 1953 2738 Gui-

300 2772 532 2839 scardo,
559 2772 722 2843 quod
754 2772 973 2826 factum
998 2778 1085 2827 est
1114 2787 1270 2827 anno
1304 2774 1462 2838 1078,
1519 2778 1577 2827 ut
1621 2771 1853 2826 ostendi
1875 2771 1950 2826 ad

309 2865 368 2916 t6
403 2861 765 2932 Septembris
794 2862 852 2915 in
889 2865 946 2914 Β.
1006 2862 1231 2916 Victore
1275 2861 1422 2933 lll,§
1481 2865 1532 2926 8,
1561 2877 1696 2916 cum
1762 2861 1954 2915 hono-

301 2949 529 3004 riﬁcam
591 2951 663 3004 de
723 2951 968 3006 Roberto
1015 2949 1191 3005 faciat
1255 2953 1638 3005 mentionem.
1697 2952 1952 3005 Rursum

305 3039 525 3110 scripto
557 3043 717 3094 certo
738 3045 821 3093 est
839 3039 1093 3110 epistola
1110 3039 1389 3108 Gregorii,
1420 3045 1743 3110 antequam
1767 3041 1954 3094 Roma

305 3143 466 3182 anno
507 3127 634 3183 1084
656 3126 1002 3194 discederet,
1035 3135 1088 3182 et
1128 3127 1523 3183 verisimiliter
1568 3133 1704 3182 ante
1753 3125 1955 3182 condi-

305 3218 759 3273 tamaRoberto
791 3219 978 3273 sancti
1019 3217 1265 3273 Matthaai
1321 3218 1652 3282 ecclesiam,
1712 3217 1785 3271 de
1834 3232 1952 3288 qua

305 3323 442 3362 mox
476 3322 674 3378 agam,
708 3311 769 3361 ut
792 3321 1033 3361 necesse
1055 3307 1146 3370 sit,
1177 3311 1301 3361 tam
1322 3306 1744 3370 inventionem,
1773 3320 1952 3376 quam

304 3396 685 3466 scriptionem
735 3394 1003 3466 Epistolas
1034 3395 1296 3464 Gregorii
1328 3394 1510 3465 ﬁgere
1543 3395 1698 3450 circa
1724 3409 1952 3450 annum

310 3486 475 3546 t080:
530 3486 644 3541 hoc
697 3488 856 3541 enim
910 3485 1036 3557 ipso
1082 3501 1244 3541 anno
1297 3486 1632 3558 contigerit,
1686 3489 1789 3541 aut
1833 3500 1954 3540 uno

307 3575 566 3630 alterove
597 3591 756 3630 anno
777 3575 950 3630 citius
974 3580 1076 3631 aut
1099 3575 1313 3630 serius.

377 3668 464 3719 80.
498 3667 572 3719 De
629 3670 969 3720 constructo
1018 3665 1204 3720 sancti
1261 3663 1508 3719 Matthaai
1552 3663 1769 3735 templo
1823 3667 1957 3735 post

307 3759 706 3825 expugnatum
721 3753 1029 3810 Salernum
1044 3755 1099 3808 in
1119 3754 1412 3810 Chronico
1428 3751 1951 3823 Casinensi,lib.m,

308 3859 441 3913 cap.
475 3845 561 3906 45,
592 3842 870 3912 leguntur
901 3842 1207 3914 sequentia
1241 3860 1254 3893 :
1282 3864 1308 3892 ‹‹
1344 3842 1589 3897 Civitate
1632 3847 1832 3896 autem
1855 3856 1957 3912 po-

309 3932 427 3996 tita,
461 3932 746 3986 Robertus
805 3931 1122 3986 ecclesiam
1155 3933 1338 3986 sancti
1373 3929 1630 4002 apostoli
1663 3934 1721 3984 et
1777 3945 1955 3985 evan-

307 4021 530 4091 gelistaa
574 4020 817 4077 Matthaai
847 4020 988 4076 inibi
1029 4020 1502 4090 construijussit,
1538 4021 1596 4075 in
1622 4036 1744 4092 qua
1777 4020 1953 4074 etiam

307 4125 544 4164 sacrum
577 4109 843 4179 ejusdem
879 4109 1128 4178 apostoli
1161 4124 1380 4179 corpus
1428 4124 1668 4163 summa
1699 4123 1836 4162 cum
1865 4122 1957 4162 ve-

307 4198 616 4253 neratione
642 4197 878 4258 locavit.
903 4213 970 4251 os
1001 4196 1295 4265 integrum
1311 4197 1537 4252 brachii
1566 4197 1718 4267 ejus,
1749 4212 1956 4264 argen-

307 4290 400 4341 tea
433 4287 601 4341 theca
630 4285 995 4341 reconditum
1014 4285 1090 4340 ad
1114 4301 1283 4340 suam
1307 4284 1683 4356 ﬁliorumque
1711 4284 1955 4339 tutelam

307 4391 638 4430 reservans.
678 4396 700 4425 υ
739 4378 815 4430 De
841 4374 1018 4446 hujus
1063 4373 1323 4429 ecclesias
1355 4373 1795 4430 constructione
1827 4373 1956 4428 illu-

309 4465 636 4520 strissimus
667 4435 972 4525 Marsilius,
999 4480 1129 4534 cap.
1159 4468 1209 4528 9,
1251 4478 1390 4534 pag.
1437 4465 1525 4528 71,
1559 4463 1674 4518 ista
1706 4464 1908 4518 scribit
1939 4479 1951 4517 :
1991 4435 2036 4490 Β

309 4573 338 4607 (ι
370 4555 676 4626 Regnante
706 4554 883 4623 igitur
931 4552 1183 4610 Boberto
1211 4553 1555 4617 Guiscardo,
1599 4568 1668 4608 ac
1717 4552 1956 4607 sedente

309 4644 586 4714 Gregorio
626 4642 738 4708 Vll,
785 4643 1020 4711 triginta
1066 4641 1296 4696 circiter
1322 4641 1464 4696 anni
1511 4641 1588 4698 ab
1618 4642 1957 4697 inventione

309 4733 661 4788 transierant
695 4733 837 4801 (imo
864 4738 1100 4786 centum
1124 4737 1180 4786 et
1204 4732 1428 4786 circiter
1451 4731 1657 4800 viginti
1689 4731 1959 4802 quinque

307 4823 386 4879 ab
408 4822 744 4877 inventione
801 4822 917 4886 illa,
947 4821 1020 4876 de
1064 4837 1185 4893 qua
1231 4819 1518 4892 loquitur,
1576 4821 1634 4875 in
1686 4820 1959 4891 partibus

311 4911 608 4978 Lucaniae)
640 4910 1301 4980 magniﬁcentissimum
1343 4909 1628 4982 templum
1655 4911 1792 4965 divo
1819 4926 1960 4981 apo-

307 5001 457 5058 stolo
487 5000 848 5056 construitur
893 5015 1026 5054 uerae
1057 5000 1242 5070 ipsius
1288 4999 1517 5054 Boberti
1561 4999 1867 5071 peculiari,
1897 4999 1957 5055 in

307 5105 428 5160 quo
447 5105 552 5161 per
581 5105 802 5144 novam
816 5088 1460 5144 velutitranslationem
1485 5103 1667 5143 sacrm
1694 5088 1957 5160 reliquias

305 5181 550 5237 demum
584 5180 858 5251 repositae
889 5185 1049 5244 sunt,
1083 5183 1140 5232 et
1168 5179 1346 5234 hodie
1375 5195 1617 5252 quoque
1647 5179 1956 5249 religiosis-

307 5270 455 5326 sime
505 5272 908 5334 asservantur,
955 5273 1011 5324 et
1068 5267 1317 5335 singulis
1383 5267 1724 5340 quibusque
1782 5268 1957 5324 annis

306 5359 498 5431 pridie
524 5362 716 5415 Nonas
747 5358 876 5413 Maii
908 5358 1123 5413 festum
1158 5357 1342 5428 ipsius
1380 5357 1598 5412 divinae
1629 5357 1959 5414 translatio-

305 5449 401 5503 nis
435 5448 778 5503 solemniter
826 5447 1178 5510 celebratur,
1227 5462 1340 5517 quo
1385 5446 1576 5502 clerus
1621 5447 1955 5511 universus,

306 5537 583 5604 abbates,
614 5543 671 5594 et
711 5534 1246 5609 comprovinciales
1278 5535 1541 5610 episcopi
1573 5552 1786 5594 omnes
1817 5551 1960 5592 con-

2064 1792 2202 1848 orbe
2229 1798 2350 1846 toto
2390 1791 2752 1846 Christianos
2782 1789 3056 1845 homines
3091 1789 3306 1855 allicit;
3341 1785 3712 1861 quiescitibi-

2063 1882 2200 1937 dem
2233 1880 2680 1936 sanctissimum
2698 1886 2752 1934 et
2770 1878 3270 1948 gloriosissimum
3294 1876 3538 1933 Matthaai
3563 1891 3708 1948 apo-

2066 1970 2193 2026 stoli
2223 1977 2276 2024 et
2308 1968 2686 2040 evangelistaa
2719 1984 2937 2039 corpus
2985 1967 3430 2037 religiosissime
3461 1964 3711 2021 colloca-

2065 2064 2191 2115 tum
2232 2075 2244 2114 :
2280 2058 2574 2131 siquidem
2615 2057 2979 2130 quadratum
3028 2062 3112 2112 est
3155 2057 3214 2110 in
3252 2057 3449 2110 media
3504 2058 3711 2126 crypta

2066 2149 2348 2220 spatium,
2381 2147 2541 2219 quod
2569 2146 2784 2217 lapidei
2815 2145 3243 2216 cancellatique
3269 2145 3524 2214 parietes
3549 2143 3712 2196 bicu-

2063 2237 2274 2294 bitales
2300 2236 2575 2291 ambiunt
2595 2236 2672 2290 ad
2704 2235 2874 2290 ulnas
2891 2250 2961 2289 ex
2980 2234 3144 2288 omni
3177 2233 3354 2288 latere
3368 2229 3710 2299 duodecim,

2062 2343 2183 2399 quo
2215 2325 2394 2381 veluti
2417 2331 2584 2397 septo
2609 2325 2793 2380 altare
2820 2324 3070 2395 cingitur
3094 2321 3581 2385 vetustissimum,
3603 2319 3712 2374 sub

2061 2432 2184 2489 quo
2213 2416 2527 2472 thesaurus
2559 2414 2653 2470 ille
2681 2414 2975 2484 repositus
3016 2419 3120 2476 est,
3158 2414 3235 2467 ita
3281 2416 3344 2467 ut
3385 2411 3552 2466 locus
3584 2411 3713 2481 ipse

2063 2521 2167 2575 per
2197 2504 2416 2559 ferreos
2433 2503 2723 2559 cancellos
2750 2502 3063 2557 commode
3095 2500 3279 2555 videri
3300 2501 3505 2571 possit.
3529 2502 3712 2554 Tanta

2063 2593 2169 2649 fuit
2199 2599 2398 2650 autem
2423 2591 2562 2647 olim
2591 2598 2645 2646 et
2671 2596 2757 2645 est
2786 2590 2964 2646 hodie
2997 2605 3238 2662 quoque
3263 2588 3571 2644 celebritas
3599 2585 3710 2640 loci

2062 2683 2266 2751 hujus,
2311 2687 2371 2735 ut
2403 2695 2521 2735 non
2557 2679 2906 2734 Salernitani
2940 2678 3138 2743 modo,
3174 2676 3277 2732 sed
3301 2675 3572 2730 omnium
3606 2675 3714 2728 cir-

2063 2785 2441 2842 cumquaque
2469 2769 2910 2840 provinciarum
2942 2766 3149 2822 incolas
3186 2765 3430 2822 assidue
3460 2778 3709 2819 concur-

2061 2863 2198 2915 rant
2231 2876 2244 2924 ;
2277 2859 2398 2914 imo
2433 2873 2570 2913 vero
2609 2865 2664 2913 et
2693 2856 3106 2912 remotissima:
3153 2870 3397 2926 quoque
3421 2856 3623 2922 gentes
3641 2867 3713 2907 ex

2066 2953 2299 3020 Europa
2327 2952 2449 3003 tota
2483 2948 2816 3019 frequenter
2836 2945 3166 3011 conﬂuant,
3189 2948 3246 2998 et
3266 2950 3383 2998 tam
3413 2944 3712 3012 ingentem

1992 3076 2034 3137 Ο
2066 3039 2278 3093 visura:
2311 3037 2761 3100 beatitudinem,
2795 3040 2852 3090 et
2875 3051 2910 3090 a
2943 3035 3060 3088 Deo
3117 3034 3366 3087 Domino
3416 3049 3486 3086 ex
3529 3031 3714 3103 hujus

2065 3126 2318 3199 apostoli
2367 3126 2586 3182 meritis
2637 3125 2901 3197 petiturae
2933 3122 3192 3188 divitias,
3235 3123 3548 3185 honorem,
3582 3120 3714 3175 vitae

2065 3215 2534 3278 diuturnitatem,
2563 3220 2831 3285 optatam
2859 3213 3118 3284 denique
3150 3210 3486 3267 felicitatem
3511 3207 3568 3263 in
3603 3207 3716 3263 hoc

2064 3304 2302 3370 saaculo,
2335 3310 2390 3359 et
2420 3303 2737 3374 (praecipue
2771 3302 3040 3375 quidem,
3073 3301 3123 3355 si
3167 3300 3430 3372 sapiunt,
3459 3298 3714 3368 gratiam

2066 3398 2181 3451 Deo
2198 3394 2343 3448 bene
2358 3391 2672 3455 serviendi,
2694 3390 3147 3462 obtinendique)
3161 3389 3414 3458 gloriam
3434 3387 3491 3442 in
3520 3386 3716 3441 futuro

2064 3488 2438 3558 perpetuam.
2453 3484 2640 3550 Auget
2659 3497 2796 3534 cum
2810 3479 3206 3534 admiratione
3222 3480 3500 3550 pietatem
3524 3475 3719 3547 liquor

2064 3575 2357 3646 pretiosus
2384 3575 2439 3625 et
2479 3575 2720 3626 sanctus
2750 3572 2995 3641 (manna
3027 3567 3206 3638 vulgo
3243 3567 3470 3635 dicitur)
3507 3565 3610 3636 qui
3645 3579 3716 3619 ex

2064 3661 2412 3719 beatissimo
2435 3674 2682 3731 corpore
2705 3662 2927 3720 manat,
2957 3656 3034 3710 ad
3065 3655 3220 3710 mala
3240 3654 3401 3710 omni
3427 3671 3460 3709 a
3482 3652 3717 3724 propel-

2065 3752 2241 3806 lenda
2295 3749 2598 3804 antidotus
2652 3745 3131 3818 praesentissima,
3195 3741 3715 3815 quemadmodum

2065 3841 2346 3911 frequens
2387 3837 2586 3893 docuit
2615 3835 2981 3905 experientia
3021 3833 3282 3905 plurium
3332 3828 3713 3886 saeculorum.

2069 3933 2199 3986 ﬁmo
2229 3928 2303 3983 de
2325 3942 2496 3983 sacra
2516 3925 2777 3995 corporis
2798 3923 3126 3979 novissima
3152 3919 3533 3976 translatione
3554 3917 3717 3973 suffi-

2066 4019 2242 4082 ciant,
2291 4039 2318 4065 η
2375 4014 2566 4088 inquit
2608 4020 2834 4079 auctor,
2896 4013 2999 4084 qui
3051 4011 3263 4067 transit
3308 4010 3381 4065 ad
3427 4006 3717 4063 miracula

2064 4107 2345 4180 quaedam
2394 4103 2771 4176 exponenda.
2834 4103 2904 4155 At
2966 4100 3252 4156 nonnulla
3289 4115 3365 4154 ex
3413 4098 3527 4152 illis
3587 4097 3714 4168 jam

2066 4199 2335 4269 exposui,
2353 4194 2468 4250 alia
2487 4192 2767 4262 quaedam
2787 4190 2860 4247 ad
2879 4189 3027 4246 alios
3042 4189 3236 4260 potius
3257 4193 3717 4258 sanctos,quam

2066 4287 2140 4342 ad
2164 4291 2440 4340 sanctum
2474 4282 2809 4337 Matthaeum
2837 4286 3102 4351 spectare
3137 4277 3427 4332 videntur.
3454 4278 3720 4346 Quapro-

2066 4381 2192 4447 pter
2216 4391 2287 4429 ea
2326 4378 2555 4428 tantum
2615 4371 2730 4425 huc
2790 4369 3037 4425 traduco
3090 4367 3363 4432 breviter,
3416 4371 3716 4437 quatenus

2068 4462 2253 4520 sancti
2284 4460 2538 4518 Matthaai
2568 4457 2898 4530 patrocinio
2930 4457 3246 4529 prudenter
3291 4454 3550 4509 adscribi
3585 4469 3719 4524 pos-

2071 4558 2229 4607 sunt.
3040 4555 3042 4557 ’

2138 4645 2227 4697 82.
2281 4641 2432 4697 Mitto
2489 4639 2667 4708 igitur
2723 4653 2873 4709 quae,
2907 4651 3037 4706 cap.
3073 4639 3155 4699 Η,
3207 4632 3382 4688 refert
3430 4629 3717 4688 Marsilius

2067 4732 2141 4787 de
2154 4730 2456 4786 translatis
2471 4729 2547 4784 ad
2565 4727 2874 4782 ecclesiam
2897 4725 3082 4779 sancti
3099 4721 3349 4778 Matthaai
3363 4719 3717 4791 corporibus

2071 4823 2166 4878 SS.
2216 4819 2534 4880 Fortunati,
2583 4815 2708 4872 Caii
2747 4821 2803 4870 et
2841 4814 3062 4869 Anthes
3120 4817 3489 4883 martyrum:
3523 4822 3718 4880 neque

2068 4911 2226 4964 enim
2260 4912 2532 4980 spectant
2564 4907 2640 4961 ad
2668 4913 2940 4959 sanctum
2973 4902 3331 4966 Matthmum,
3361 4905 3414 4954 et
3439 4899 3512 4953 de
3543 4896 3716 4952 dictis

2071 4997 2432 5069 martyribus
2463 4995 2626 5067 apud
2681 5010 2789 5049 nos
2836 5001 3036 5048 actum
3095 4991 3285 5046 estad
3328 4992 3396 5044 28
3444 4986 3715 5057 Augusti,

2068 5088 2168 5144 ubi
2201 5085 2504 5142 translatio
2551 5084 2676 5138 ulla
2707 5083 3040 5140 accuratius
3094 5086 3180 5135 est
3224 5079 3513 5150 exposita.
3546 5075 3716 5142 Quod

2069 5175 2372 5249 subjungit
2398 5175 2472 5230 de
2521 5175 2617 5245 pia
2650 5188 2792 5235 anu,
2847 5171 2939 5226 cui
2966 5185 3181 5224 nomen
3237 5172 3363 5222 erat
3421 5165 3718 5232 Polisena,

2069 5265 2276 5339 nequit
2341 5269 2500 5320 certo
2557 5261 2796 5318 attribui
2850 5258 3140 5315 beneﬁcio
3183 5257 3369 5312 sancti
3436 5254 3717 5312 Matthaai.

2069 5355 2263 5411 Verba
2287 5359 2487 5410 tamen
2516 5353 2796 5424 pleraque
2821 5349 3080 5405 auctoris
3110 5349 3228 5403 huc
3251 5345 3560 5402 transfero.
3596 5347 3720 5400 Fre-

2069 5443 2398 5518 quentabat
2423 5441 2526 5497 illa
2579 5440 3050 5511 diligentissime,
3097 5443 3157 5492 ut
3207 5435 3478 5507 pluribus
3519 5435 3718 5498 refert,

2069 5535 2381 5593 ecclesiam
2428 5533 2624 5590 Sancti
2673 5527 2942 5593 Matthmi,
3009 5527 3272 5601 quotidie
3324 5526 3617 5584 accedens
3642 5535 3722 5598 ap
