4094 6230
425 267 529 321 799

1764 257 2026 316 MENSlS
2067 257 2508 321 SEPTEMBER.

3739 263 3862 319 800

429 406 668 447 sacrum
713 387 1008 445 Ofﬁcium.
1051 408 1079 439 «
1118 387 1366 445 Factum
1411 388 1540 456 fuit,
1572 387 1782 458 inquit,
1818 390 1901 451 ut,
1935 401 2072 440 cum
2105 386 2148 438 A
2182 389 2416 458 quantis
2445 390 2762 461 anni,licet
2786 389 2859 445 de
2892 393 3133 461 peccato
3165 402 3273 443 suo
3302 385 3555 443 multum
3587 386 3857 442 doleret.

430 479 681 536 solemni
712 478 979 550 quodam
1011 476 1106 534 die
1147 478 1350 550 templi
1405 479 1692 549 ingressa,
1725 482 1842 532 toto
1897 473 2074 529 corde

429 570 757 639 gloriosum
770 567 1109 640 apostolum
1129 567 1432 634 salutaret,
1454 575 1506 623 et
1523 566 1754 623 lustrali
1773 581 1900 620 sese
1915 579 2076 635 aqua

430 658 830 732 perfunderet,
880 661 1059 726 guttas
1113 673 1345 721 omnes,
1399 671 1797 729 quaecumque
1829 653 2074 725 pallium

433 754 608 820 atque
652 745 921 801 linteolos
959 745 1294 817 tetigerant,
1338 747 1395 801 in
1429 763 1642 801 aurum
1693 743 2075 816 purissimum

432 840 817 901 verterentur,
833 835 995 907 quod
1013 842 1068 890 et
1087 835 1347 906 populus
1363 836 1673 890 universus
1695 847 1916 903 magna
1938 847 2072 886 cum

434 925 828 983 admiratione
861 926 1176 996 perspexit,
1210 929 1265 979 et
1299 924 1536 980 familias
1570 938 1790 979 nomen
1821 937 1886 976 ex
1927 921 2075 976 acci-

434 1016 593 1070 denti
628 1014 828 1077 edidit,
873 1029 1008 1084 quae
1035 1013 1108 1067 de
1161 1012 1444 1068 Auroﬁno
1493 1013 1726 1077 dicitur,
1772 1016 1947 1082 prout
1973 1025 2079 1081 per

435 1110 672 1175 patrum
702 1102 1046 1158 traditiones
1073 1101 1149 1157 ad
1172 1102 1326 1158 hanc
1359 1119 1546 1174 usque
1569 1101 1730 1156 diem
1758 1099 1920 1156 fama
1951 1114 2079 1170 per-

434 1193 600 1248 rexit.
635 1213 662 1244 »
693 1194 903 1247 Verum
938 1207 1056 1246 non
1089 1198 1338 1262 apparet
1385 1191 1529 1247 mihi
1574 1191 1794 1246 factum
1822 1189 1977 1245 istud
2008 1204 2079 1242 ex

437 1283 566 1338 sola
606 1282 920 1338 traditione
974 1281 1114 1336 satis
1146 1287 1391 1347 certum,
1455 1280 1676 1336 nedum
1725 1284 1882 1335 certo
1924 1279 2081 1334 attri-

436 1371 745 1428 buendum
770 1376 974 1426 sancto
995 1370 1285 1426 Matthiae.
1317 1373 1388 1425 Ex
1413 1369 1722 1424 traditione
1750 1369 1878 1423 sola
1904 1368 2078 1422 etiam

438 1460 683 1516 fortasse
724 1460 958 1530 scripsit
988 1458 1292 1524 Marsilius,
1327 1458 1489 1530 quod
1522 1458 1833 1529 subjungit
1860 1457 1934 1512 de
1977 1458 2080 1512 Sa-

438 1549 604 1606 lerno
645 1548 927 1604 divinitus
957 1547 1203 1603 defenso
1235 1553 1438 1603 contra
1464 1547 1902 1602 Ferdinandum
1939 1548 2079 1602 San-

442 1640 771 1695 severinum
789 1638 1117 1710 principem
1133 1637 1596 1693 Salernitanum.
1620 1640 1858 1693 Factum
1883 1642 2083 1691 tamen

2187 478 2372 534 Pridie
2404 479 2558 535 illius
2589 480 2724 545 diei,
2762 496 2890 534 cum
2918 480 2989 534 ad
3043 477 3355 533 ecclesiam
3384 482 3675 547 pergeret,
3711 491 3857 530 mo-

2185 571 2359 622 netur
2387 585 2423 624 a
2451 569 2721 624 mendico
2738 568 2927 624 sancti
2966 565 3332 625 Germiniani
3365 565 3635 637 episcopi
3680 565 3860 621 Muti-

2187 658 2382 712 nensis
2415 655 3438 730 opemimplorare.Ouaudoautem
3464 654 3761 725 postridie
3795 653 3859 708 in

2186 746 2435 803 ecclesia
2461 748 2644 803 sancti
2684 748 2934 804 Matthaei
2984 746 3187 801 divino
3247 745 3483 799 servitio
3539 743 3858 807 intererat,

2187 836 2522 908 proferente
2573 837 2858 908 episcopo
2897 836 3081 891 verba
3125 835 3266 890 illa:
3330 853 3359 885 ‹‹
3402 835 3546 888 Ecce
3609 832 3861 902 lignum

2187 926 2401 991 crucis,
2436 926 2762 993 aitauctor,
2796 924 3215 988 Bernardinus,
3261 923 3365 996 qui
3393 937 3638 978 summa
3665 922 3860 976 devo-

2189 1014 2345 1071 tione
2378 1015 2726 1086 prociderat,
2758 1015 2959 1070 divino
2983 1013 3206 1085 Spiritu
3230 1013 3514 1082 agitante,
3559 1009 3860 1066 clamavit

2186 1120 2333 1159 voce
2366 1121 2615 1174 magna:
2647 1107 2791 1161 Ecce
2817 1105 3047 1173 lignum
3069 1101 3282 1167 crucis,
3308 1107 3642 1172 ceteraque
3661 1099 3852 1154 verba

2189 1193 2423 1264 singula
2475 1193 2756 1266 deinceps
2815 1192 3115 1264 explicuit,
3167 1207 3301 1262 qua;
3356 1205 3462 1261 per
3515 1189 3858 1244 antistitem

2190 1281 2344 1337 dicta
2367 1288 2522 1348 sunt,
2557 1288 2610 1338 et
2650 1282 2844 1338 statim
2885 1281 3064 1337 veluti
3115 1285 3384 1336 mortuus
3417 1278 3650 1334 cecidit.
3685 1279 3861 1332 Tunc

2193 1387 2347 1437 vero,
2378 1372 2521 1443 quia
2553 1378 2728 1427 notus
2759 1371 2984 1426 civibus
3019 1374 3162 1434 erat,
3196 1374 3252 1424 et
3282 1383 3461 1423 nemo
3500 1366 3858 1436 ignorabat,

2192 1461 2356 1516 illum
2387 1467 2564 1518 antea
2587 1462 2745 1533 loqui
2763 1477 2882 1517 non
2909 1459 3194 1532 potuisse,
3215 1457 3558 1514 acclamavit
3582 1455 3862 1529 populus

2193 1551 2510 1606 universus
2539 1567 2550 1605 :
2627 1550 2966 1607 Miraculum
2997 1553 3009 1608 t
3074 1548 3427 1603 miraculum
3462 1547 3476 1602 ε
3520 1551 3578 1601 et
3609 1545 3860 1601 tametsi

2193 1655 2297 1712 per
2325 1640 2382 1693 id
2426 1647 2658 1710 tempus
2690 1638 2890 1696 nullus
2922 1639 2995 1693 sit
3020 1638 3080 1692 in
3111 1635 3374 1692 ecclesiis
3405 1649 3858 1706 campanarum

438 1729 693 1784 breviter
721 1727 993 1798 subjicio.
1017 1727 1464 1782 Valdcmontius
1487 1726 1871 1797 Lotharingiaa
1897 1725 2082 1794 reguli
2122 1739 2161 1794 Β
2196 1745 2359 1793 usus,
2390 1729 2492 1783 sed
2535 1745 2607 1783 ex
2636 1729 2812 1784 veteri
2848 1726 3114 1783 Ecclesiae
3142 1728 3254 1782 ritu
3283 1726 3493 1797 ligneis
3529 1723 3860 1778 indumen-

440 1817 636 1883 frater,
657 1816 866 1889 inquit,
887 1816 1038 1872 facili
1064 1816 1301 1885 negotio
1330 1821 1722 1887 occupaverat
1749 1814 2080 1880 Salernum,

440 1911 504 1962 ut
534 1905 803 1977 pluribus
825 1905 1478 1968 narratMuratorius,in
1509 1904 1844 1959 Annalibus
1872 1903 2082 1971 Italiw,

441 1995 518 2051 ad
550 2011 777 2051 annum
815 1996 966 2049 1527.
996 1993 1406 2048 Ferdinandus
1441 1992 1742 2064 princeps,
1777 2008 1836 2046 re
1868 1992 2087 2047 intelle-

440 2091 553 2148 cta,
582 2083 890 2139 confestim
926 2088 1187 2137 turmam
1219 2081 1445 2150 colligit
1477 2081 1787 2136 militarem
1820 2081 1894 2136 ad
1947 2080 2085 2136 civi-

444 2179 621 2229 tatem
643 2172 1118 2244 recuperandam
1146 2177 1201 2226 et
1248 2172 1404 2226 cives
1455 2170 1829 2243 puniendos:
1873 2193 1900 2221 ε(
1932 2174 2086 2226 Tan-

443 2266 572 2317 tum
604 2259 808 2324 abfuit,
834 2260 1025 2331 inquit
1075 2265 1298 2330 auctor,
1335 2263 1396 2314 ut
1424 2261 1537 2315 voti
1564 2275 1813 2330 compos
1845 2261 2088 2314 exsiste-

441 2355 548 2416 ret,
585 2355 729 2406 utet
762 2349 1072 2405 confestim
1128 2349 1404 2421 repulsus
1455 2348 1647 2416 fuerit,
1690 2354 1746 2404 et
1798 2349 2088 2420 plurimos

446 2456 520 2495 ex
549 2439 672 2494 suis
700 2438 982 2494 militibus
1024 2439 1198 2493 unius
1229 2439 1389 2494 horse
1421 2439 1611 2504 spatio
1642 2438 2085 2494 desideraverit.

445 2533 557 2584 Nec
582 2544 722 2584 vero
753 2532 872 2583 tam
895 2527 1118 2583 felicem
1149 2527 1480 2600 fortemque
1502 2543 1750 2599 operam
1797 2527 2089 2599 oppidani

445 2615 860 2688 praastiterunt,
907 2617 1008 2688 qui
1066 2621 1119 2671 et
1160 2615 1507 2688 paucissimi
1559 2617 1814 2671 inermes
1872 2623 2084 2671 erant:

443 2706 544 2761 sed
578 2710 787 2761 stetere
847 2721 1067 2776 magno
1107 2704 1352 2778 quidem
1413 2721 1663 2761 numero
1721 2706 1778 2760 in
1826 2706 2085 2760 hostium

438 2801 759 2867 conspectu
790 2812 891 2866 pro
919 2795 1152 2850 civibus
1180 2794 1393 2863 galeati
1429 2795 1836 2866 thoracatique
1872 2795 2086 2850 milites

441 2885 696 2940 caelestis
719 2883 1011 2940 exercitus
1041 2884 1153 2939 sub
1175 2890 1434 2956 quatuor
1456 2883 1805 2938 ductoribus
1828 2885 2082 2954 eximiis,

441 2990 594 3046 quos
623 2974 803 3028 fuisse
831 2973 1330 3042 gloriosissimum
1354 2973 1690 3028 Matthmum
1721 2977 1910 3028 ettres
1941 2979 2089 3029 tute-

2195 1819 2266 1874 tis
2281 1818 2468 1874 soleat
2486 1818 2765 1889 strepitus
2784 1816 3026 1873 excitari
3044 1815 3336 1886 lugubris,
3360 1813 3863 1888 quamdiujacuit

2196 1907 2255 1962 in
2280 1907 2553 1980 sepulcro
2598 1906 2885 1971 Salvator,
2944 1921 3046 1976 pro
3093 1903 3361 1960 miraculi
3419 1909 3616 1959 tamen
3670 1902 3863 1972 hujus

2196 1998 2450 2052 novitate
2489 2012 2699 2052 omnes
2729 2011 3031 2068 campanaa
3063 1993 3376 2050 confestim
3409 1992 3661 2064 pulsatae
3689 1999 3859 2057 sunt,

2197 2093 2529 2158 caeteraque
2561 2087 2954 2141 instrumenta
2995 2083 3221 2146 omnia,
3267 2098 3402 2154 quas
3437 2081 3738 2137 habentur
3799 2080 3861 2136 in

2198 2175 2460 2231 ecclesiis
2482 2175 2554 2230 ad
2583 2173 2987 2246 psallendum.

2268 2265 2356 2320 84.
2388 2265 2623 2320 Interim
2653 2265 2731 2320 ad
2779 2280 2842 2318 se
2887 2278 3156 2318 reversus
3207 2259 3610 2317 Bernardiuus
3650 2259 3860 2330 palam

2200 2353 2333 2410 fecit
2381 2353 2686 2414 omnibus,
2726 2351 2888 2424 quod
2940 2352 3229 2407 hactenus
3285 2349 3617 2420 agitaverat
3672 2346 3861 2403 corde

2202 2448 2454 2507 tantum,
2488 2457 2705 2513 nempe
2737 2447 2872 2497 ante
2902 2456 3121 2496 annum
3156 2456 3228 2495 ea
3259 2439 3389 2512 ipsa
3439 2438 3535 2493 die
3593 2435 3858 2508 impium

2200 2549 2262 2587 se
2295 2531 2714 2603 inﬁdelemque
2761 2529 2959 2595 fuisse,
2993 2529 3152 2601 quod
3199 2527 3621 2584 sacratissima:
3653 2525 3857 2581 crucis

2201 2621 2555 2692 particulam
2588 2620 2979 2675 adulterinam
3010 2624 3065 2674 et
3089 2617 3566 2674 commentitiam
3593 2614 3863 2671 credide-

2199 2710 2304 2775 rit;
2336 2709 2584 2779 ideoque
2635 2707 2920 2780 loquendi
2967 2707 3243 2763 facultate
3290 2707 3499 2762 merito
3559 2705 3862 2776 privatum

2200 2798 2380 2854 fuisse
2415 2816 2426 2852 :
2462 2813 2622 2853 nunc
2651 2813 2789 2852 vero
2818 2796 3175 2869 praecedenti
3207 2795 3312 2852 illa
3351 2802 3525 2851 nocte
3557 2809 3763 2849 secum
3802 2794 3862 2848 in

2201 2888 2452 2942 somniis
2483 2886 2743 2941 locutum
2776 2886 2957 2941 fuisse
2973 2886 3208 2940 beatum
3243 2884 3658 2940 Geminianum
3687 2882 3856 2936 Muti-

2200 2992 2469 3040 nensem,
2509 2976 2953 3047 monuisseque,
2994 2977 3054 3029 ut
3095 2975 3306 3029 eadem
3338 2973 3462 3045 ipsa
3503 2972 3674 3036 hora,
3718 2986 3859 3042 quae

441 3063 595 3119 lares
626 3068 862 3117 sanctos
920 3064 1328 3131 (Fortunatum
1360 3066 1416 3115 et
1461 3061 1676 3128 socios)
1729 3061 1890 3116 haud
1940 3078 2086 3118 sane
2123 3087 2164 3144 ρ
2202 3072 2342 3122 tunc
2381 3081 2541 3122 anno
2577 3069 2914 3120 recurrente
2952 3064 3206 3134 jamjam
3263 3061 3598 3133 appetebat,
3639 3059 3859 3115 eodem

442 3151 692 3206 dubium
724 3149 1032 3216 fuit;cum
1099 3150 1384 3220 populare
1434 3149 1609 3205 fuerit
1658 3151 2082 3222 spectaculum,

442 3245 499 3295 et
515 3240 785 3311 princeps
813 3240 939 3310 ipse
956 3240 1042 3294 sin
1053 3238 1213 3310 guliq
1224 3255 1292 3294 ue
1308 3238 1519 3294 milites
1551 3238 1610 3294 id
1624 3240 1844 3312 ipsum,
1863 3241 2087 3311 pacatis

441 3336 645 3402 postea
675 3328 872 3397 rebus,
909 3327 1384 3400 praedicaverint.
1441 3348 1468 3380 ››
1517 3331 1809 3383 Hactenus
1861 3333 2087 3396 auctor,

441 3420 544 3490 qui
574 3417 786 3474 eodem
814 3417 1033 3473 saeculo
1057 3416 1309 3488 scripsit,
1335 3417 1510 3473 rebus
1544 3423 1743 3473 tamen
1767 3419 1946 3487 gestis
1969 3433 2089 3474 non

444 3506 652 3572 adfuit,
686 3512 885 3578 utpote
920 3507 1177 3562 necdum
1219 3509 1415 3561 natus.

514 3598 600 3651 83.
645 3595 962 3666 Subjungit
993 3594 1154 3651 aliud
1191 3595 1434 3660 factum,
1469 3594 1631 3666 quod
1660 3595 1740 3651 ait
1777 3596 2094 3668 contigisse

443 3683 595 3739 circa
624 3683 779 3738 idem
823 3683 937 3739 fere
966 3689 1222 3754 tempus.
1271 3686 1463 3739 Pauca
1491 3683 1665 3739 nobis
1696 3683 1767 3737 de
1800 3684 1903 3740 illo
1935 3683 2093 3740 sufﬁ-

443 3774 615 3829 cient.
653 3775 764 3828 Fur
804 3773 1130 3845 sacrilegus
1180 3772 1378 3829 locum
1414 3773 1668 3844 sepulcri
1709 3773 1898 3828 sancti
1961 3776 2097 3829 Mat-

444 3863 579 3918 thaai
648 3862 946 3935 expilavit.
1004 3863 1487 3934 Comprehensus
1543 3861 1638 3917 ille
1683 3860 1785 3918 fuit
1853 3862 1975 3918 alia
2023 3863 2097 3919 de

445 3967 650 4015 causa,
681 3966 870 4022 eaque
891 3952 1204 4007 occasione
1236 3952 1389 4007 istud
1418 3967 1660 4023 quoque
1688 3952 1911 4007 crimen
1945 3952 2098 4008 ultro

446 4040 778 4096 confessus.
813 4062 839 4088 «
902 4043 966 4095 Et
1014 4045 1149 4111 post
1191 4041 1317 4095 dies
1371 4040 1617 4111 aliquot,
1656 4040 1875 4112 inquit,
1936 4048 2099 4098 tanto

446 4135 533 4184 est
564 4130 787 4185 fcedore
815 4129 1064 4199 (fretore,
1097 4129 1328 4201 opinor)
1375 4145 1444 4184 ac
1471 4144 1723 4185 maerore
1769 4137 2097 4201 correptus,

445 4223 510 4272 ut
539 4224 840 4273 contracta
871 4220 1123 4291 propria:
1145 4219 1339 4273 carnis
1365 4219 1663 4289 corruptio
1704 4217 1762 4272 in
1793 4219 2098 4289 pediculos

447 4307 623 4363 fuerit
647 4307 932 4380 paulatim
963 4323 1269 4372 conversa,
1294 4324 1552 4380 quorum
1611 4312 1770 4362 tanta
1813 4308 2100 4378 epullula—

445 4396 548 4452 bat
576 4397 683 4462 vis,
709 4402 769 4452 ut
819 4413 938 4453 non
968 4398 1148 4454 modo
1179 4398 1409 4453 tunicas
1447 4396 1574 4467 ejus
1631 4412 1842 4452 omnes
1895 4397 2075 4469 imple

447 4485 672 4548 ret,sed
689 4491 873 4541 totum
889 4487 1063 4559 plane
1077 4502 1294 4558 corpus
1318 4487 1540 4557 passim
1567 4485 1853 4541 eroderet.
1884 4487 2099 4551 Quam-

447 4575 654 4632 obrem
690 4575 1027 4633 foedissimis
1056 4577 1167 4632 illis
1218 4576 1524 4634 vermibus
1557 4574 1820 4632 celeriter
1849 4576 2093 4647 putruit,

448 4665 682 4736 etjusta
725 4666 906 4721 divini
951 4667 1218 4721 Numinis
1263 4665 1349 4721 ira
1403 4665 1941 4737 (quemadmodum
1976 4665 2096 4736 ipse

446 4753 649 4826 palam
681 4755 964 4810 omnibus
983 4754 1294 4821 fatebatur)
1323 4769 1392 4809 eo
1414 4755 1545 4824 ipso
1577 4753 1788 4808 morbo
1817 4755 2092 4808 miseram

449 4843 714 4899 evomuit
743 4844 1031 4900 animam.
1059 4863 1086 4895 ι)
1123 4847 1179 4898 ln
1211 4858 1403 4914 pauca
1427 4841 1691 4897 similiter
1721 4843 2092 4907 contraham,

448 4932 613 5004 quod
644 4948 804 4988 anno
833 4938 960 4987 1525
993 4938 1047 4987 et
1080 4935 1214 4988 1526
1240 4932 1556 5002 contigisse
1583 4936 1786 4987 auctor
1813 4930 2091 4988 afﬁrmat.

451 5023 846 5077 Bernardinus
871 5021 1116 5094 quidam
1139 5020 1656 5077 eNaccarellorum
1678 5020 1924 5088 familia,
1948 5021 2094 5076 dum

449 5111 596 5168 feria
634 5117 799 5167 sexta
826 5111 884 5166 in
915 5127 1227 5184 parasceve
1254 5111 1467 5183 prioris
1499 5111 1637 5167 anni
1670 5114 1796 5167 erat
1827 5111 1884 5166 in
1916 5111 2096 5166 eccle~

453 5201 543 5257 sia
563 5200 753 5257 sancti
807 5201 1075 5267 Mattbaai,
1108 5202 1421 5258 dubitabat
1449 5201 1523 5257 de
1555 5201 1848 5272 particula
1901 5217 2095 5256 sacro-

453 5295 673 5346 sanctae
703 5292 912 5354 crucis,
943 5291 1307 5346 venerationi
1341 5292 1656 5362 proposita,
1676 5297 1732 5346 et
1755 5291 1942 5361 impia
1965 5289 2095 5346 hinc

452 5378 637 5435 verba
667 5379 905 5451 protulit
937 5398 950 5434 :
982 5403 1008 5432 ι(
1045 5381 1401 5455 Eheulquid
1435 5382 1480 5436 si
1507 5381 1717 5436 Christi
1744 5396 1887 5436 crux
1921 5395 2093 5434 mons

452 5468 582 5541 ipse
611 5471 892 5525 Vesuvius
924 5471 1124 5528 fuisset
1154 5471 1181 5527 ?
1213 5491 1240 5521 »
1288 5472 1379 5526 His
1411 5471 1597 5536 dictis,
1642 5471 1838 5525 statim
1893 5468 2087 5524 obmu‘

453 5559 582 5630 tuit,
611 5565 934 5635 mutusque
956 5563 1176 5619 mansit
1199 5575 1390 5635 usque
1422 5561 1499 5618 ad
1521 5561 1802 5617 eumdem
1832 5559 1992 5616 diem
2013 5575 2099 5616 se-

2198 3156 2330 3212 loco
2363 3171 2539 3211 suum
2582 3154 2919 3226 deploraret
2948 3159 3261 3225 peccatum
3309 3166 3512 3206 coram
3555 3148 3861 3219 gloriosis-

2199 3245 2351 3299 simo
2384 3243 2658 3313 apostolo
2687 3243 2960 3299 Matthan
2996 3259 3009 3308 ;
3038 3246 3093 3297 et
3140 3241 3403 3296 crederet
3431 3255 3628 3294 veram
3692 3237 3857 3293 illam

2200 3333 2389 3388 crucis
2429 3348 2556 3387 esse
2597 3333 2932 3403 portionem
2969 3332 3028 3387 in
3069 3345 3186 3401 quo
3229 3329 3497 3386 Salvator
3543 3329 3711 3383 Jesus
3753 3342 3861 3398 pro

2200 3423 2470 3477 humana
2512 3427 2682 3491 gente
2724 3419 3006 3492 pependit
3041 3436 3053 3474 :
3110 3417 3318 3473 fecisse
3345 3434 3407 3472 se
3459 3415 3642 3489 paulo
3699 3421 3857 3480 ante.

2201 3509 2494 3582 quidquid
2510 3511 2594 3565 vir
2609 3509 2706 3565 ille
2721 3514 2962 3565 sanctus
2979 3512 3310 3572 monuerat,
3330 3511 3383 3562 et
3401 3506 3853 3561 sanctissimum

2205 3599 2542 3656 Matthazum
2586 3615 2887 3663 exorasse,
2923 3603 2984 3653 ut
3033 3597 3168 3652 ﬁdei
3199 3613 3324 3652 sua;
3360 3595 3854 3668 protestationem

2206 3691 2432 3745 Christo
2464 3689 2712 3744 Domino
2762 3689 3106 3759 dignaretur
3137 3686 3367 3751 offerre,
3417 3702 3487 3741 ac
3537 3684 3734 3740 statim
3780 3684 3859 3738 lo-

2205 3779 2429 3852 quendi
2476 3778 2598 3834 vim
2651 3778 2934 3833 amissam
2992 3792 3395 3846 recuperasse.
3457 3775 3592 3830 Haec
3653 3773 3859 3828 omnia

2207 3870 2396 3924 fusius
2417 3869 2544 3940 ipse
2561 3883 2786 3940 perque
2816 3866 3033 3922 multos
3053 3866 3309 3939 gemitus
3335 3864 3534 3936 palam
3549 3865 3855 3934 exposuit;

2208 3957 2558 4028 rogavitque
2608 3956 2950 4028 praesulem,
3005 3960 3067 4010 ut
3098 3955 3454 4011 miraculum
3489 3953 3648 4010 istud
3694 3968 3859 4008 cura-

2207 4052 2294 4103 ret
2317 4047 2375 4102 in
2408 4052 2542 4104 acta
2593 4045 2793 4101 referri
2839 4046 2912 4101 ad
2966 4050 3317 4117 perpetuam
3363 4043 3445 4098 rei
3479 4042 3854 4098 memoriam.

2209 4135 2614 4202 Quamobrem
2668 4134 2923 4207 publicis
2971 4133 3346 4189 documentis
3372 4133 3542 4204 jussit
3601 4131 3715 4186 hoc
3773 4131 3857 4186 di-

2209 4226 2460 4296 ligenter
2539 4223 3010 4296 comprehendi:
3074 4222 3237 4294 quod
3294 4227 3418 4277 tum
3477 4221 3667 4291 ipsius
3727 4223 3853 4275 Ber-

2209 4314 2875 4386 nardinijurejurando,
2919 4319 3044 4369 tum
3103 4311 3530 4368 canonicorum
3561 4309 3851 4375 omnium,

2209 4407 2310 4477 qui
2343 4411 2662 4478 praesentes
2692 4402 2940 4465 fuerant,
2967 4402 3218 4458 solemni
3237 4399 3855 4458 fuerantattestatione

2210 4494 2463 4549 ﬁrmata.
2513 4515 2539 4541 »ι

2278 4585 2365 4638 85.
2414 4585 2542 4637 Post
2565 4581 2692 4636 haec
2715 4580 3121 4652 pergitauctor
3147 4579 3221 4634 ad
3241 4577 3599 4634 beneﬁcium
3631 4576 3853 4632 defensi

2207 4670 2486 4726 divinitus
2529 4675 2737 4724 contra
2785 4668 3036 4724 classem
3082 4669 3404 4723 Turcarum
3451 4665 3697 4721 Salerni.
3741 4667 3852 4721 Hoc

2207 4760 2441 4825 accidit,
2474 4759 2605 4828 ipso
2638 4757 2849 4814 saltem
2883 4757 3135 4826 vivente,
3169 4757 3271 4812 sed
3325 4755 3581 4811 necdum
3633 4754 3850 4810 Salerni

2205 4849 2477 4918 degente.
2531 4846 2873 4902 Secundum
2927 4845 3181 4901 Annales
3234 4843 3527 4902 Muratorii
3576 4859 3669 4899 res
3704 4843 3851 4898 facta

2206 4944 2292 4994 est
2321 4952 2482 4994 anno
2536 4939 2684 4991 1544.
2727 4935 3055 4990 Audiamus
3090 4934 3430 4998 Marsilium,
3474 4932 3746 4988 resciscis
3778 4939 3849 4987 ta~

2208 5042 2343 5083 men
2408 5025 2702 5096 adjunctis
2761 5023 2987 5096 aliquot
3032 5040 3151 5079 non
3206 5021 3562 5078 necessariis
3607 5038 3619 5076 :
3663 5041 3690 5072 (ι
3730 5022 3850 5087 Quo

2207 5120 2537 5188 tempore...
2580 5112 2825 5170 Carolus
2884 5115 2926 5166 V
2958 5115 3362 5168 Romanorum
3414 5112 3760 5184 imperator,
3800 5117 3851 5167 et

2209 5203 2572 5259 Francisusl
2631 5200 2932 5257 Gallorum
2988 5216 3089 5256 rex
3150 5200 3225 5256 de
3278 5199 3458 5255 totius
3519 5199 3637 5254 fere
3682 5198 3846 5255 Italia

2207 5293 2454 5365 primatu
2468 5292 2719 5346 contend
2730 5289 3266 5359 ebant,impetravit
3279 5288 3472 5344 Gallus
3491 5305 3524 5344 a
3541 5288 3636 5344 Sol
3640 5304 3846 5360 ymano

2205 5383 2529 5437 Turcarum
2547 5373 2812 5450 principe
2837 5378 3085 5434 classem
3107 5376 3364 5434 validam
3379 5384 3434 5432 et
3448 5392 3845 5440 numerosam,

2208 5469 2540 5526 Haradieno
2561 5467 2922 5523 Barbarussa
2947 5467 3242 5539 praefecto,
3262 5465 3668 5522 utmaritimas
3697 5481 3840 5530 oras,

2207 5573 2342 5632 quae
2357 5571 2628 5614 caasareea
2659 5555 2930 5613 factionis
2971 5559 3157 5620 erant,
3185 5558 3428 5612 vexaret
3460 5560 3637 5627 atque
3666 5553 3846 5625 dii-ipe
