4094 6230
259 310 358 366 801

1657 307 1814 363 Vl'l‘A
1860 307 1918 362 S.
1964 306 2315 363 ΜΑΤΤΗιΕΙ.

3569 320 3675 376 802

255 441 362 491 ret.
397 455 427 486 »
459 435 700 490 Factum
740 434 853 490 hoc
895 449 1054 489 anno
1098 433 1254 488 1543.
1309 437 1399 503 At,
1457 449 1594 489 cum
1646 432 1913 506 sequenti
1945 432 1990 487 Α
2028 431 2172 486 Diva
2197 431 2474 506 Divaeque
2495 437 3456 508 omnespropitiantur,etsacrutu
3480 443 3674 501 missas

255 540 421 581 anno
450 523 792 579 Franciscus
838 527 857 578 I
903 523 1221 579 terribilem
1271 522 1433 579 illam
1468 524 1746 586 classem,
1779 537 1913 593 quas

255 613 402 669 nihil
446 613 708 668 utilitatis
739 612 1022 676 attulerat,
1045 612 1270 668 meliori
1300 613 1548 668 consilio
1564 612 1913 677 remitteret;

256 702 629 757 Barbarussa
661 703 719 757 in
769 701 1018 757 transitu
1061 702 1254 758 varias
1284 701 1548 757 civitates
1582 701 1911 756 maritimas

261 798 320 846 et
357 791 580 847 insulas
611 791 827 863 partim
860 791 1078 846 frustra
1120 792 1379 859 tentavit,
1416 797 1470 847 et
1510 791 1724 863 partim
1757 789 1914 862 cepit

254 886 315 936 et
343 880 609 951 diripuit,
657 887 719 935 ut
749 880 1019 951 pluribus
1051 883 1291 951 exponit
1321 885 1549 936 auctor.
1601 880 1911 938 Salernum

257 967 525 1024 similiter
555 968 838 1024 invadere
871 970 1069 1025 voluit.
1111 989 1134 1019 α
1165 969 1340 1025 Plane
1365 969 1465 1024 ubi
1518 969 1575 1025 in
1609 970 1736 1040 ejus
1768 984 1913 1024 con-

255 1062 520 1128 spectum
571 1057 826 1123 devenit,
861 1057 1053 1130 inquit
1109 1057 1421 1126 Marstlius,
1463 1075 1768 1114 armorum
1808 1057 1911 1112 ful-

255 1162 400 1216 gore
440 1150 499 1200 et
536 1153 812 1218 aspectUs
844 1145 1068 1202 feritate
1093 1147 1382 1213 terribilis,
1419 1147 1650 1203 civibus
1683 1149 1911 1203 cunctis

254 1242 572 1291 catenaset
597 1236 937 1308 compedes,
975 1236 1103 1291 urbi
1144 1241 1344 1292 autem
1367 1236 1686 1292 barbaram
1716 1242 1910 1292 vasta-

256 1325 482 1379 tionem
513 1323 927 1380 denuntiabat.
951 1327 1238 1389 Quocirca
1251 1325 1328 1380 ad
1349 1331 1572 1380 trucem
1601 1331 1912 1398 tympano-

253 1430 391 1469 rum
422 1415 679 1468 sonitum
714 1420 768 1469 et
796 1415 1057 1468 minaces
1091 1414 1372 1469 tibiarum
1401 1414 1694 1479 modulos,
1725 1430 1909 1487 usque

253 1503 410 1560 adeo
455 1502 711 1575 populus
754 1503 1062 1558 universus
1107 1504 1365 1576 expavit,
1397 1507 1460 1559 ut
1508 1504 1911 1574 demigrantes

252 1592 466 1647 incolae
503 1593 706 1647 animo
732 1599 1132 1658 consternato,
1172 1599 1228 1648 et
1261 1610 1500 1648 summa
1544 1610 1683 1648 cum
1733 1593 1912 1665 trepi-

252 1683 496 1739 datione
526 1681 646 1736 fere
685 1697 896 1736 omnes
929 1683 1003 1736 ad
1037 1686 1325 1738 montana
1357 1684 1744 1752 confugerent
1783 1682 1910 1737 Fer-

2027 522 2295 577 solemne
2343 524 2671 579 conﬁcitur.
2730 548 2756 575 »
2810 526 3100 581 Hactenus
3157 531 3437 585 Marsilius
3496 533 3672 588 annis

2025 612 2254 666 circiter
2315 613 2551 684 triginta
2625 617 2891 687 quinque
2961 622 3093 687 post
3166 633 3290 672 rem
3344 628 3671 691 peractam,

2025 701 2270 772 quando
2301 702 2467 758 multi
2511 704 2713 774 procul
2755 705 2940 760 dubio
2982 705 3262 762 vivebant
3295 708 3672 780 Salernitani,

2023 789 2123 860 qui
2157 789 2376 846 factum
2408 791 2545 847 illud
2571 793 2856 859 viderant,
2886 799 2940 848 et
2966 793 3040 848 de
3065 795 3364 864 adjunctis
3386 800 3672 854 omnibus

2023 880 2601 950 poterantjudicare.
2632 881 2851 937 Eadem
2885 882 3125 938 brevius
3158 884 3418 941 referunt
3451 888 3670 954 Musca,

2021 968 2122 1038 qui
2163 967 2420 1024 Marsilio
2460 970 2739 1039 convixit,
2772 970 2830 1025 in
2862 972 3326 1045 archiepiscopis
3359 975 3676 1032 Salernita-

2023 1055 2133 1121 nis,
2164 1073 2301 1127 pag.
2337 1063 2422 1124 56,
2448 1061 2655 1124 Mazza,
2681 1060 2739 1115 in
2755 1060 3020 1116 Historia
3045 1063 3592 1137 Salernitana,cap.
3620 1070 3671 1131 6,

2021 1150 2077 1199 et
2093 1146 2387 1216 Ughellus,
2411 1156 2549 1204 tom.
2567 1149 2635 1203 Vl
2645 1150 2664 1203 Ι
2688 1150 2742 1203 in
2766 1150 3231 1220 Archieptscopis
3249 1152 3672 1219 Salernitanis,

2022 1234 2079 1288 in
2103 1235 2336 1292 Nicolao
2360 1237 2700 1309 Rodulpho,
2728 1238 2832 1310 qui
2863 1246 2998 1294 tunc
3024 1249 3266 1311 praeerat
3289 1243 3672 1300 Salernitanis

2021 1323 2300 1379 ecclesiae.
2337 1325 2533 1381 Redeo
2559 1325 2636 1381 ad
2669 1327 3009 1382 Marsilium.

2094 1418 2179 1467 87.
2227 1433 2250 1464 α
2273 1414 2605 1470 Novissime
2636 1415 2823 1486 placet
2842 1416 2988 1471 illud
3020 1433 3140 1472 non
3175 1419 3433 1485 reticere,
3459 1420 3673 1495 inquit,

2021 1501 2184 1573 quod
2231 1503 2570 1575 nobisipsis
2604 1503 2660 1558 in
2697 1504 2805 1560 hac
2857 1505 3105 1562 ecclesia
3163 1509 3505 1565 sedentibus
3538 1519 3673 1567 ante

2020 1589 2328 1645 biennium
2361 1593 2622 1662 contigit.
2665 1595 2923 1649 Tametsi
2954 1595 3110 1650 enim
3146 1597 3223 1652 ab
3276 1614 3346 1653 eo
3403 1600 3518 1663 die,
3551 1615 3673 1672 quo

2022 1678 2184 1734 locus
2224 1679 2316 1735 ille
2359 1680 2465 1737 fuit
2496 1698 2600 1753 per
2641 1682 3017 1753 sacrilegium
3075 1686 3535 1758 contaminatus,
3572 1689 3675 1744 ubi

253 1772 433 1826 vebat
473 1777 596 1826 tum
630 1771 888 1826 maxime
919 1777 1093 1826 testas
1126 1771 1237 1826 sub
1269 1772 1588 1843 septimum
1623 1771 1910 1826 Kalendas
1943 1786 1986 1842 Β
2022 1768 2484 1840 gloriosissimus
2503 1771 2802 1842 apostolus
2831 1774 3011 1844 jacet,
3046 1775 3281 1830 divinus
3321 1777 3517 1849 liquor
3545 1794 3674 1851 per-

255 1860 597 1926 Quinctiles,
629 1867 684 1914 et
716 1864 884 1915 tanta
928 1865 1052 1916 erat
1083 1860 1214 1916 caeli
1250 1863 1550 1934 marisque
1584 1860 1910 1932 tranquilli-

256 1957 377 2018 tas,
419 1954 480 2004 ut
507 1949 811 2005 immobile
831 1949 1004 2020 plane
1038 1951 1334 2007 videretur
1364 1951 1612 2023 pelagus
1648 1974 1659 2005 :
1697 1952 1913 2008 Barba‘

250 2055 428 2094 russa
473 2045 670 2094 autem
714 2039 1024 2110 praedensa
1071 2041 1442 2111 navigiorum
1491 2041 1612 2096 acie
1654 2040 1908 2111 jamjam

249 2129 568 2192 accedens,
613 2129 922 2184 tormentis
954 2129 1012 2183 in
1045 2128 1233 2185 fronte
1283 2129 1605 2195 collocatis,
1649 2146 1910 2202 pronun-

253 2219 439 2278 tiavit,
473 2224 534 2272 ut
558 2217 773 2272 milites
803 2218 1253 2274 descensionem
1287 2218 1565 2286 facerent,
1610 2225 1665 2274 et
1690 2219 1909 2291 praedas

251 2307 737 2379 atqueiucendiis
761 2307 1177 2363 incumberent
1209 2328 1220 2366 :
1255 2325 1392 2364 cum
1420 2325 1555 2364 ecce
1587 2314 1907 2380 tempestas

249 2396 761 2452 turbulentissima
793 2401 1030 2467 repente
1079 2399 1360 2462 exoritur,
1392 2406 1446 2453 et
1474 2398 1653 2452 veluti
1713 2399 1908 2469 prodi-

247 2485 416 2554 gioso
435 2501 503 2540 ac
531 2484 795 2540 horribili
821 2488 989 2541 terrae
1020 2493 1181 2541 motu
1201 2503 1359 2541 mare
1405 2488 1738 2542 concutitur
1760 2489 1909 2542 inter

245 2575 646 2648 Almalphiam
679 2584 855 2648 atque
889 2575 1200 2632 Salernum
1257 2594 1269 2632 :
1305 2576 1588 2632 inusitata
1621 2583 1910 2647 praeterea

243 2665 623 2719 diversorum
676 2671 988 2720 ventorum
1049 2666 1458 2736 conjuratione
1509 2682 1698 2736 usque
1758 2666 1909 2721 adeo

245 2761 621 2810 commotum
656 2754 938 2820 intimuit,
1014 2762 1075 2809 ut
1134 2755 1441 2810 immensis
1498 2755 1776 2810 ﬂuctibus
1819 2756 1911 2827 ja-

247 2849 407 2898 ctata
438 2843 648 2898 classis
697 2844 753 2898 in
808 2843 970 2899 littus
1017 2844 1370 2913 adigeretur,
1425 2860 1727 2917 navesque
1788 2861 1913 2900 om-

247 2949 356 2989 nes
385 2932 736 2988 nutantibus
788 2932 983 2996 malis,
1048 2940 1226 3004 atque
1270 2935 1417 2988 inter
1447 2949 1508 2988 se
1566 2934 1757 3004 proris
1811 2933 1912 2988 ad-

247 3023 439 3076 versis
494 3037 565 3077 ac
617 3020 921 3092 puppibus
979 3031 1397 3077 concurrentes
1475 3023 1698 3093 ingenti
1757 3022 1915 3078 cala-

251 3113 456 3168 mitate
507 3110 724 3166 collisae
776 3125 845 3166 ac
904 3109 1208 3181 diffractis,
1269 3111 1544 3167 luctuoso
1599 3111 1912 3182 naufragio
1950 3148 1990 3202 ρ

252 3205 682 3270 mergerentur.
719 3220 738 3248 ι

325 3294 412 3344 86.
448 3311 475 3337 «
507 3288 764 3343 Accessit
794 3304 1036 3360 quoque
1096 3288 1381 3344 miraculo
1430 3289 1596 3344 visus
1660 3290 1720 3345 in
1770 3290 1913 3345 caelo

251 3395 431 3435 senex
461 3393 715 3433 summa:
752 3377 1137 3448 proceritatis,
1173 3378 1422 3451 ipsaque
1451 3378 1687 3450 prolixa:
1712 3379 1913 3434 barbas

253 3466 583 3540 spectanda
613 3467 822 3522 canitie
855 3467 1238 3536 conspicuus,
1272 3468 1372 3539 qui
1403 3467 1714 3523 videbatur
1749 3468 1911 3523 illam

252 3557 505 3614 excitare
536 3554 883 3627 procellam,
921 3562 975 3609 et
1008 3572 1117 3627 pro
1157 3572 1267 3611 sua
1309 3558 1483 3628 quasi
1527 3557 1759 3613 civitate
1805 3573 1913 3629 pu-

254 3661 441 3716 gnare
493 3643 677 3698 :visae
705 3650 844 3700 sunt
896 3644 1071 3699 etiam
1125 3644 1501 3701 validissimae
1551 3646 1916 3717 promptissi-

255 3749 494 3789 morum
547 3731 800 3787 militum
845 3739 899 3787 et
950 3732 1168 3788 civium
1220 3735 1501 3799 cohortes,
1555 3734 1915 3804 fulgentibus

254 3839 361 3896 per
402 3823 554 3877 muri
583 3838 868 3877 coronam
892 3822 1075 3892 galeis
1108 3828 1286 3894 atque
1315 3823 1678 3892 thoracibus,
1707 3822 1912 3878 urbem

256 3919 542 3984 perpetua
573 3910 743 3982 quasi
773 3911 1023 3967 statione
1054 3912 1392 3967 defendere.
1447 3911 1611 3967 Unde
1661 3917 1909 3978 constat,

255 4002 584 4056 immanem
630 4000 796 4055 illum
846 4000 1164 4056 barbarum
1206 4017 1276 4056 ea
1326 4001 1421 4057 die
1463 4000 1912 4066 contremuisse,

256 4097 311 4146 et
343 4089 725 4163 paucissimis
757 4089 1250 4162 triremibus,quae
1286 4090 1379 4146 vix
1415 4096 1732 4146 evaserunt
1761 4091 1916 4146 inco-

255 4179 475 4245 lumes,
525 4179 675 4234 ultra
734 4179 1096 4246 Palinurum,
1154 4180 1655 4236 invalescentibus
1702 4183 1913 4248 ventis,

256 4274 496 4336 raptum
516 4267 716 4323 fuisse.
738 4269 957 4324 Caetera
976 4269 1218 4340 navigia
1235 4270 1326 4340 cuj
1340 4286 1585 4330 uscuma
1599 4286 1666 4324 ue
1686 4271 1916 4339 generis

257 4356 352 4412 vel
375 4357 549 4428 plane
575 4364 861 4425 quassata
886 4357 1107 4412 sensim
1139 4359 1425 4430 absorpta
1451 4363 1606 4423 sunt,
1635 4357 1724 4413 vel
1757 4357 1916 4414 fatali

251 4447 316 4502 in
348 4445 539 4500 littore
571 4445 947 4510 desederunt,
979 4447 1300 4518 praedaque
1331 4447 1557 4512 omnia,
1599 4461 1781 4519 quam
1814 4463 1918 4514 per

256 4533 348 4589 fas
403 4538 460 4589 et
516 4533 685 4588 nefas
744 4534 1039 4590 barbarus
1102 4537 1522 4608 undecumque
1581 4535 1912 4605 collegerat,

256 4622 334 4680 ad
352 4621 792 4678 Salernitanum
821 4622 981 4678 littus
1019 4623 1224 4694 ejecta,
1250 4624 1455 4679 incolis
1479 4623 1916 4694 occupantibus

255 4711 638 4782 estquaasita.
664 4710 810 4766 Cum
851 4711 1029 4780 igitur
1065 4712 1471 4767 imminentem
1516 4711 1746 4767 cladem
1797 4718 1916 4767 tam

258 4799 411 4855 felici
456 4806 693 4867 eventu,
726 4816 847 4855 non
906 4801 1188 4856 humanas
1235 4801 1408 4870 vires,
1438 4801 1536 4856 sed
1573 4802 1729 4856 Deus
1783 4802 1915 4872 Opt.

258 4892 407 4946 Max.
452 4888 775 4953 avertisset,
818 4896 1130 4961 acceptum
1185 4889 1244 4945 id
1279 4889 1608 4945 Salernitati
1662 4889 1918 4945 tulerunt

255 4978 535 5050 precibus
566 4981 622 5033 et
654 4977 873 5033 meritis
907 4979 1161 5034 Matthei
1217 4985 1272 5034 et
1328 4979 1568 5033 Andreae
1616 4979 1912 5050 apostolo-

255 5083 420 5123 rum:
439 5067 533 5122 hic
551 5067 1080 5139 Almalphitanam,
1103 5068 1192 5124 ille
1217 5067 1652 5125 Salernitanam
1670 5067 1910 5138 plagam

255 5155 626 5212 defenderat.
649 5157 1053 5221 Quamobrem
1089 5159 1357 5230 sequenti
1389 5157 1484 5212 die
1507 5157 1915 5213 Salernitanus

254 5245 525 5317 populus
560 5248 674 5301 Deo
707 5246 974 5314 ingentes
1027 5248 1244 5316 gratias
1298 5248 1415 5316 egit
1468 5263 1480 5301 :
1527 5251 1582 5301 et
1634 5245 1915 5317 deinceps

255 5335 580 5406 quotannis
597 5351 667 5389 ea
693 5334 823 5405 ipsa
850 5336 944 5390 die
963 5335 1231 5391 miraculi
1263 5335 1551 5391 memoria
1579 5342 1912 5400 renovatur,

255 5421 405 5494 quia
459 5427 515 5477 et
561 5424 868 5495 propriutn
922 5424 1000 5478 ob
1050 5423 1109 5477 id
1149 5423 1424 5480 Ofﬁcium
1483 5421 1812 5480 celebratur
1855 5423 1914 5477 in

257 5510 444 5566 choro
473 5512 714 5582 majoris
741 5512 1021 5578 ecclesiae,
1075 5517 1133 5568 et
1163 5528 1266 5585 per
1324 5513 1618 5568 civitatem
1660 5511 1914 5567 solemni

257 5600 647 5673 processione
677 5601 1047 5666 discurritur,
1083 5602 1142 5658 in
1174 5617 1294 5675 qua
1343 5602 1581 5659 alternis
1635 5600 1915 5673 precibus

2023 1859 2272 1929 exiguus
2305 1875 2541 1931 semper
2599 1862 2920 1927 emerserit,
2952 1862 3103 1917 adeo
3138 1869 3198 1920 ut
3227 1865 3315 1920 vix
3350 1867 3673 1923 multorum

2021 1948 2254 2003 dierum
2297 1951 2487 2020 spatio
2535 1950 2772 2006 modica
2799 1951 3057 2022 potuerit
3077 1952 3343 2023 ejusdem
3365 1957 3671 2027 quantitas

2021 2036 2242 2092 hauriri
2275 2053 2288 2102 ;
2339 2038 2785 2093 advenientibus
2839 2043 3041 2095 tamen
3081 2041 3406 2098 illustribus
3433 2060 3503 2099 ex
3535 2047 3672 2101 Sar-

2021 2127 2206 2181 matia
2238 2125 2374 2181 viris
2403 2126 2650 2197 Georgio
2677 2128 2982 2193 Radziroil,
3003 2129 3383 2202 episcopatus
3410 2133 3674 2190 Wilnen-

2022 2214 2104 2269 sis
2136 2215 2503 2286 coadjutore,
2538 2222 2594 2271 et
2625 2216 2860 2272 Alberto
2890 2217 3183 2274 Radziroil
3213 2220 3411 2286 fratre,
3435 2229 3490 2276 et
3520 2224 3673 2278 duce

2018 2307 2076 2363 in
2111 2307 2273 2364 Olica
2307 2325 2320 2374 ;
2351 2324 2419 2364 ac
2450 2309 2656 2364 devote
2707 2310 3061 2381 petentibus,
3113 2318 3173 2366 ut
3204 2319 3258 2368 et
3285 2314 3397 2370 loci
3449 2315 3673 2372 videnti

2019 2404 2073 2452 et
2105 2414 2343 2453 manna:
2376 2399 2562 2470 ipsius
2587 2398 2646 2453 in
2675 2399 2930 2470 patriam
2955 2400 3291 2459 deferendas
3316 2406 3554 2476 copiam
3585 2405 3671 2461 fa-

2018 2502 2306 2551 ceremus,
2362 2486 2613 2542 libenter
2652 2494 2962 2560 utrumque
3014 2491 3429 2548 concessimus
3468 2509 3479 2549 :
3513 2494 3676 2563 lage-

2021 2591 2282 2646 namque
2310 2576 2522 2646 ipsam,
2555 2591 2690 2647 quae
2733 2576 2920 2647 pridie
2951 2578 3120 2634 arida
3163 2596 3310 2650 pene
3337 2581 3546 2640 fuerat.
3581 2599 3673 2638 sa-

2021 2679 2120 2718 cro
2161 2664 2412 2718 humore
2446 2663 2597 2718 adeo
2638 2665 2922 2734 repletam
2967 2666 3408 2741 undantemque
3461 2674 3674 2741 reperi-

2026 2769 2178 2818 mus,
2214 2758 2273 2808 ut
2323 2752 2639 2808 liberaliter
2679 2753 3052 2825 principibus
3101 2757 3242 2826 ipsis
3275 2759 3412 2812 viris
3445 2775 3678 2814 eorum-

2023 2857 2140 2913 que
2171 2841 2487 2896 comitibus
2515 2843 2883 2913 potuerimus
2924 2842 3117 2914 ipsam
3146 2845 3518 2902 distribuere.
3557 2853 3678 2904 lmo

2025 2946 2162 2985 vero
2195 2930 2425 2985 etduas
2469 2930 2764 2999 ampullas
2816 2932 3029 2986 eodem
3074 2933 3304 3005 liquore
3361 2936 3568 3007 plenas
3599 2938 3677 2994 ad

2023 3021 2366 3089 Gregorium
2412 3020 2520 3074 XIll
2562 3020 2618 3074 P.
2681 3020 2751 3075 M.
2805 3020 3017 3076 deferri
3069 3025 3411 3080 curavimus
3466 3069 3478 3092 ,
3522 3043 3677 3099 quas

2023 3114 2078 3163 et
2109 3109 2480 3178 gratissimas
2533 3108 2828 3164 exstitisse
2885 3126 2990 3181 per
3045 3110 3266 3168 litteras
3313 3116 3678 3186 accepimus.

2023 3200 2225 3254 Tantae
2259 3198 2434 3268 igitur
2468 3197 2545 3252 rei
2579 3199 2899 3253 novitatem
2932 3199 3108 3255 valde
3142 3201 3414 3258 admirati
3441 3220 3679 3271 sumus;

2024 3293 2078 3342 et
2113 3286 2298 3351 veriti,
2344 3302 2416 3340 ne
2462 3286 2845 3342 beatissimus
2907 3289 3210 3358 apostolus
3265 3291 3402 3347 huic
3455 3294 3680 3365 populo

2024 3376 2103 3431 ob
2133 3374 2354 3430 scelera
2389 3375 2573 3430 multa
2609 3383 2975 3439 succenseat,
3041 3380 3266 3449 precari
3335 3398 3673 3455 numquam

2024 3464 2367 3520 desistimus
2426 3463 2614 3532 illum,
2670 3470 2730 3519 ut
2780 3465 3073 3522 civitatem
3140 3469 3314 3525 istam
3392 3471 3671 3545 civesque

2024 3569 2233 3610 omnes
2259 3552 2538 3622 dignetur
2576 3568 2683 3624 pro
2717 3569 2827 3608 sua
2859 3559 3144 3611 consueta
3187 3556 3447 3615 bonitate
3489 3568 3683 3632 prote-

2025 3658 2182 3714 gere.
2227 3665 2244 3689 ι

2096 3734 2183 3785 88.
2215 3751 2243 3781 (ι
2293 3729 2553 3785 Tandem
2617 3735 2672 3784 et
2736 3728 2879 3783 illud
2940 3729 3131 3802 placet
3188 3734 3338 3789 inter
3393 3736 3679 3795 miracula

2024 3834 2349 3882 recensere,
2379 3817 2544 3889 quod
2575 3834 2646 3872 ex
2689 3816 2966 3873 universa
2997 3821 3305 3890 provincia
3334 3823 3684 3896 frequentis-

2025 3909 2172 3963 sime
2199 3906 2526 3962 afferuntur
2551 3906 2826 3961 homines
2863 3908 3168 3980 utriusque
3191 3928 3387 3978 sexus,
3416 3913 3518 3985 qui
3553 3932 3684 3971 ma-

2033 3996 2102 4051 lis
2136 3995 2438 4068 spiritibus
2473 3995 2758 4050 acerrime
2781 3994 3138 4052 divexantur
3188 4015 3200 4054 :
3235 4006 3288 4055 et
3329 4017 3430 4056 eos
3470 4019 3682 4061 omnes

2026 4090 2160 4140 ante
2183 4085 2382 4156 ipsum
2433 4084 2501 4140 D.
2536 4083 2786 4139 Matthtei
2821 4084 3004 4141 altare
3026 4089 3373 4145 constitutos
3394 4094 3673 4149 sacerdos

2027 4192 2180 4230 unus
2206 4172 2486 4246 imposita
2529 4189 2710 4228 manu
2741 4173 2972 4230 liberat.
3023 4177 3195 4241 Quod
3242 4196 3405 4244 sane,
3451 4184 3680 4239 tametsi

2027 4265 2105 4321 ab
2146 4265 2276 4335 ipso
2306 4262 2704 4317 translationis
2727 4261 2896 4318 initio
2923 4264 3252 4322 factitatum
3286 4270 3525 4325 assidue
3545 4271 3675 4342 fuit,

2027 4355 2170 4426 quia
2200 4359 2399 4408 tamen
2433 4351 2510 4407 ad
2549 4351 2676 4406 haec
2711 4369 2899 4424 usque
2933 4359 3203 4426 tempora
3237 4366 3592 4428 perseverat,
3627 4368 3684 4418 et

2031 4442 2204 4497 nobis
2249 4442 2426 4496 etiam
2459 4440 2789 4496 videntibus
2825 4443 3192 4516 quandoque
3234 4453 3540 4518 peractum
3573 4458 3677 4521 est,

2034 4548 2155 4587 non
2186 4531 2295 4586 fuit
2318 4530 2438 4585 ulla
2464 4531 2690 4586 ratione
2719 4534 3203 4603 praetereundum
3245 4536 3499 4597 silentio.
3531 4561 3558 4591 »
3593 4543 3680 4598 Ita

2033 4627 2257 4677 auctor.
2307 4622 2386 4674 Ex
2435 4619 2654 4675 ultimis
2717 4621 2912 4676 verbis
2956 4622 3187 4695 colligo,
3251 4626 3434 4683 multa
3494 4631 3681 4686 sancti

2031 4709 2280 4766 Matthaai
2314 4707 2597 4764 beneﬁcia
2630 4710 2857 4780 scriptis
2885 4713 3234 4781 consignata
3285 4731 3403 4771 non
3454 4717 3632 4774 fuisse
3664 4737 3678 4776 :

2029 4814 2223 4871 neque
2255 4799 2412 4853 enim
2444 4813 2986 4869 energumenorum
3019 4801 3398 4860 liberationes
3440 4807 3680 4865 invenio

2030 4889 2299 4959 scriptas.

2099 4978 2185 5032 89.
2220 4979 2298 5031 Ex
2329 4975 2439 5031 illis
2468 4991 2654 5031 unum
2689 4978 2885 5033 Sancti
2914 4979 3271 5039 beneﬁcium
3304 4985 3682 5043 Salernitanis

2027 5066 2356 5138 praestitum
2372 5065 2618 5120 refertur
2630 5082 2664 5120 a
2679 5069 2822 5121 Rom
2834 5067 3010 5124 ualdo
3030 5072 3071 5125 ll
3091 5073 3541 5148 archiepiscopo
3582 5079 3684 5135 Sa-

2027 5153 2340 5218 lernitano,
2374 5152 2476 5224 qui
2509 5155 2714 5210 omnia
2757 5171 3018 5226 prtesens
3051 5159 3250 5217 videre
3292 5166 3498 5234 potuit,
3543 5183 3680 5222 cum

2025 5241 2218 5315 patria
2253 5240 2423 5295 fuerit
2475 5242 2898 5309 Salernitanus,
2955 5252 3010 5302 et
3063 5250 3391 5306 secundum
3460 5254 3682 5324 Ughelli

2027 5330 2438 5386 chronotaxim
2461 5330 2587 5401 jam
2606 5332 2814 5402 patrita
2833 5351 2954 5390 suae
2980 5345 3260 5407 praeesset
3284 5341 3684 5413 archiepisco-

2027 5437 2160 5492 pus,
2195 5419 2441 5492 quando
2463 5435 2554 5474 res
2589 5428 2828 5492 peracta
2859 5429 2966 5488 est,
2997 5429 3101 5479 aut
3126 5427 3516 5494 quadriennio
3546 5439 3682 5504 post

2025 5508 2510 5580 archiepiscopus
2531 5508 2701 5564 fuerit
2724 5510 2912 5566 factus
2943 5529 3012 5568 ex
3026 5514 3371 5573 chronotaxi
3399 5519 3680 5592 Gasparis

2028 5601 2252 5654 Musca.
2296 5599 2532 5653 Factum
2570 5616 2604 5654 a
2628 5601 2962 5671 Muratorio,
2998 5602 3054 5659 in
3085 5606 3437 5665 Annalibus
3469 5610 3679 5679 Italia”,
