4144 6184
404 276 506 329 803

1747 270 2010 327 MENSIS
2052 268 2501 325 SEPTEMBER.

3719 257 3823 312 804

403 403 649 460 refertur
673 402 750 458 ad
776 418 1004 458 annum
1035 402 1194 465 1162,
1229 406 1407 473 atque
1438 400 1518 456 ita
1549 394 1866 472 exponitur
1895 398 2055 451 aBo-
2093 398 2137 452 Α
2171 393 2299 450 silia
2342 399 2547 449 neuter
2578 392 2724 447 scire
2769 388 2960 463 potuit
2993 405 3007 455 ;
3057 392 3112 444 at
3153 385 3296 443 mihi
3335 384 3679 473 conjectura
3710 383 3825 473 Ro-

407 492 675 557 mualdo,
707 498 850 547 tom.
885 491 1362 560 VIlScriptorum
1393 491 1600 555 Italiae,
1623 487 1881 545 col.205.
1922 485 2059 541 liui-

404 582 640 638 lielmus
676 582 693 635 1
728 581 936 636 Siciliae
965 597 1065 635 rex
1094 586 1492 648 cognomento
1518 580 1717 647 Malus,
1746 581 1874 632 Post
1901 592 2059 631 com-

408 686 646 743 pressos
662 668 993 724 rebellionis
1025 668 1296 724 uiotusiu
1321 684 1502 739 regno
1528 667 1943 738 Neapolitano,
1962 668 2061 719 «et

407 762 492 816 sic
522 764 874 830 recuperata
894 762 1050 813 terra
1071 763 1194 813 tota
1228 757 1388 828 (cum
1410 756 1717 827 exercitu),
1746 755 2059 811 Salernum

408 849 583 904 venit.
617 850 681 904 Et
715 848 856 919 quia
886 847 1229 916 indignatus
1261 846 1784 902 eratSalernitanis
1806 843 2057 908 civibus,

410 938 620 993 urbem
644 939 859 993 intrare
896 937 1099 1001 noluit,
1137 936 1241 992 sed
1263 936 1434 1007 juxta
1466 952 1601 991 cam
1623 936 1880 989 tentoria
1912 933 2056 987 ﬁxit.

408 1028 594 1100 Coepit
624 1033 821 1081 autem
857 1043 892 1081 a
925 1025 1157 1081 civibus
1180 1042 1463 1096 magnam
1498 1024 1811 1096 pecuniam
1841 1028 2057 1094 petere.

409 1118 601 1182 Quam
624 1133 811 1187 quum
842 1114 921 1170 illi
952 1117 1148 1171 statim
1163 1114 1384 1169 solvere
1400 1130 1519 1169 non
1548 1113 2060 1184 possent,inventa

407 1206 721 1261 occasione
765 1203 1087 1276 plurimum
1125 1203 1491 1276 indignatus,
1540 1203 1839 1273 quosdam
1877 1217 1949 1256 ex
1978 1200 2061 1255 eis

410 1293 691 1364 suspendi
729 1294 881 1362 fecit,
905 1292 1309 1350 comminatus
1337 1291 1484 1356 aliis,
1520 1292 1706 1363 quod,
1742 1291 1851 1345 nisi
1894 1304 2063 1361 pecu-

408 1384 571 1440 niam
603 1382 719 1440 cito
746 1383 1059 1447 solverent,
1094 1381 1300 1436 urbem
1326 1380 1669 1436 destrueret.
1707 1382 1915 1434 Beatus
1963 1395 2065 1433 au-

411 1478 529 1528 tem
564 1472 871 1543 apostolus
891 1472 1225 1534 Matthieus,
1254 1470 1358 1542 qui
1389 1469 1772 1525 Salernitauas
1794 1468 2009 1523 civitati
2031 1483 2066 1521 a

410 1562 530 1617 Deo
558 1566 842 1633 patronus
863 1561 1038 1616 datus
1058 1566 1144 1615 est
1164 1566 1219 1615 et
1240 1558 1543 1625 defensor,
1570 1559 1867 1613 civitatem
1890 1573 2062 1611 suam

409 1650 471 1706 in
502 1655 665 1705 tanto
686 1649 1031 1705 discrimine
1063 1665 1179 1704 non
1201 1648 1457 1718 reliquit.
1487 1649 1629 1703 Nam
1664 1662 1850 1717 quum
1872 1662 1973 1700 rex
2003 1644 2063 1699 in

2170 482 2393 539 mualdi
2414 480 2783 553 prieferenda
2797 478 3049 543 videtur,
3067 477 3208 549 quia
3225 472 3521 530 terribillis
3535 471 3631 526 ille
3653 468 3822 525 turbo

2170 589 2304 629 eum
2351 586 2556 626 revera
2580 569 2857 625 effectum
2879 565 3177 639 produxit,
3203 572 3264 620 ut
3285 563 3514 618 nullum
3537 564 3827 631 praeterea

2170 666 2463 717 damnum
2486 658 2867 716 Salernitanis
2914 657 2989 712 sit
3032 654 3261 711 illatum
3281 652 3412 719 ;sed
3430 650 3609 707 vitam
3626 648 3825 704 occiso

2171 767 2289 806 non
2319 748 2585 805 reddidit.

2170 910 2337 984 §VIl.
2388 907 2675 980 Reliquiae
2711 906 2910 984 υαζίἱε-
2927 906 3080 984 iocis
3126 907 3373 984 seruatae
3406 899 3572 955 :loca
3601 896 3829 968 aliquot

2559 995 2735 1035 sacra
2773 979 2835 1035 S.
2880 977 3162 1034 Marthae
3193 975 3414 1030 dicata.

2240 1124 2328 1179 91.
2391 1125 2633 1178 Restant
2688 1117 2976 1175 nonnulla
3023 1116 3278 1173 dicenda
3333 1114 3407 1169 de
3453 1110 3719 1183 reliquiis
3770 1108 3829 1163 S.

2173 1212 2443 1277 Matthaai,
2469 1228 2604 1283 quas
2626 1228 2659 1264 a
2682 1209 2910 1281 reliquo
2923 1222 3171 1278 corpore
3189 1208 3479 1275 separatae
3499 1206 3830 1255 servantur.

2174 1305 2364 1358 Mazza
2384 1300 2652 1374 quidem,
2670 1301 2727 1353 in
2754 1297 3015 1353 Historia
3041 1295 3455 1356 Salernitana,
3476 1304 3610 1361 cap.
3636 1292 3667 1343 6
3690 1285 3837 1341 dicit

2176 1390 2361 1446 sancti
2393 1388 2648 1444 Matthasi
2683 1385 2929 1458 apostoli
2984 1400 3200 1455 corpus
3232 1383 3548 1449 integrum,
3584 1382 3836 1446 excepto

2173 1482 2349 1535 dente
2386 1495 2455 1535 ac
2480 1476 2747 1540 brachio,
2791 1476 3010 1531 servari
3036 1472 3097 1528 in
3146 1470 3315 1527 altari
3368 1468 3564 1523 eidem
3608 1466 3837 1530 dicato,

2174 1568 2248 1624 de
2279 1584 2400 1639 quo
2448 1568 2539 1637 egi
2592 1582 2758 1621 num.
2793 1563 2880 1619 81.
2916 1569 2984 1619 At
3031 1560 3174 1617 illud
3228 1558 3456 1615 certiori
3498 1552 3838 1611 testimonio

2176 1658 2298 1713 sive
2329 1657 2555 1712 ossium
2585 1654 2949 1725 inspectione
2982 1650 3301 1723 probatum
3334 1645 3564 1710 vellem,
3598 1649 3653 1697 et
3680 1645 3840 1696 certe

411 1755 482 1795 eo
509 1745 665 1795 esset
690 1740 1015 1811 proposito,
1054 1738 1214 1810 quod
1253 1737 1436 1792 multa
1471 1736 1630 1792 mala
1675 1734 2057 1792 Salernitanis

2188 1755 2299 1799 tam
2334 1745 2526 1797 stricte
2552 1739 2909 1797 sumendum
2942 1754 3059 1793 non
3088 1742 3198 1803 est,
3233 1741 3295 1790 ut
3332 1730 3694 1788 credendum
3738 1727 3838 1794 sit,

411 1829 667 1893 inferret,
705 1829 901 1884 media
931 1829 1046 1895 die,
1098 1843 1285 1899 quum
1338 1832 1502 1881 tanta
1541 1829 1705 1880 esset
1753 1826 2058 1887 serenitas,

411 1919 574 1992 quod
606 1917 769 1974 nulla
800 1918 859 1972 in
916 1932 1051 1972 aere
1079 1916 1273 1971 nubes
1306 1919 1633 1987 appareret,
1669 1914 1865 1969 subito
1898 1930 1932 1969 a
1962 1916 2063 1969 Se-

414 2008 769 2080 ptemtrione
802 2011 1011 2061 ventus
1042 2005 1273 2060 validus
1318 2021 1455 2058 cum
1496 2004 1717 2072 ingenti
1760 2002 1980 2073 pluvia,
2008 2007 2065 2057 et

415 2095 590 2150 turbo
617 2094 986 2165 impetuosus
1015 2093 1227 2163 erupit,
1257 2092 1358 2164 qui
1410 2091 1588 2147 totius
1618 2091 1908 2146 exercitus
1942 2096 2065 2145 ten-

416 2183 566 2238 toria
606 2181 880 2237 universa
906 2179 1135 2251 dejecit,
1165 2186 1221 2235 et
1242 2181 1559 2236 tentorium
1582 2180 1809 2249 regium
1841 2179 1896 2233 in
1925 2177 2065 2235 emi-

416 2271 578 2326 nenti
607 2271 861 2341 positum
898 2269 982 2324 sic
1012 2286 1047 2324 a
1069 2268 1220 2332 loco,
1246 2268 1303 2323 in
1336 2284 1455 2340 quo
1495 2266 1676 2324 ﬁxum
1724 2268 1934 2335 fuerat,
1960 2267 2066 2323 im—

420 2358 567 2431 pulit
591 2362 650 2414 et
679 2358 1024 2423 commovit,
1072 2358 1231 2430 quod
1263 2372 1462 2426 regem
1491 2357 1884 2412 dormientem
1916 2372 2065 2428 pene

418 2446 754 2520 prostravit.
782 2446 1241 2519 Expergefactus
1263 2462 1384 2511 rex,
1406 2451 1462 2501 et
1491 2451 1653 2502 tanta
1678 2446 2067 2501 inundatione

418 2537 724 2601 attonitus,
758 2537 936 2607 coepit
957 2535 1178 2605 fugere,
1209 2541 1264 2591 et
1287 2535 1553 2607 Apostoli
1587 2535 1873 2590 auxilium
1902 2533 2069 2590 invo-

418 2641 575 2691 care,
605 2632 660 2680 et
692 2625 786 2681 vix
814 2626 871 2681 iu
922 2624 1183 2697 quodam
1220 2639 1404 2695 parvo
1461 2623 1713 2680 tentorio
1746 2624 1979 2696 fugiens
2008 2639 2069 2679 se

419 2715 657 2787 recepit.

488 2806 578 2859 90.
608 2806 673 2859 Et
718 2803 854 2860 licet
908 2820 1007 2859 rex
1063 2803 1246 2859 animi
1288 2803 1379 2858 sui
1432 2803 1706 2859 timorem
1748 2819 1928 2874 super
1956 2802 2069 2859 hoc

418 2892 575 2949 facto
604 2892 1026 2957 dissimularet,
1061 2901 1374 2960 magnetes
1407 2897 1604 2947 tamen
1656 2893 1833 2947 curias
1872 2897 1927 2948 et
1965 2890 2069 2946 viri

419 2985 741 3053 prudentes
764 2980 1072 3036 manifeste
1106 2986 1414 3043 noverunt,
1441 2981 1552 3034 hoc
1579 2980 1933 3035 miraculum
1961 2981 2070 3035 vir-

422 3075 543 3125 tute
556 3069 882 3138 apostolica
903 3072 1328 3140 perpetratum.
1345 3067 1664 3138 Apostolus
1694 3069 1850 3123 enim
1874 3069 1933 3124 in
1956 3069 2069 3124 hoc
2102 3096 2141 3152 ρ

421 3158 575 3213 facto
588 3163 643 3212 et
664 3159 985 3212 commisso
1013 3157 1123 3211 sibi
1148 3156 1368 3227 populo
1388 3162 1442 3211 et
1459 3156 1582 3227 regi
1602 3156 1911 3213 manifeste
1934 3174 2070 3214 con-

422 3245 572 3310 sulit,
609 3245 753 3300 dum
786 3252 840 3300 et
865 3245 1260 3301 commissum
1288 3243 1399 3300 sibi
1426 3245 1717 3316 papulum
1738 3262 1774 3301 a
1805 3245 2070 3318 periculo

423 3334 575 3389 eruit
602 3339 897 3403 etregem,
926 3349 1000 3388 ne
1045 3333 1411 3405 propositum
1470 3334 1697 3389 malum
1752 3336 2070 3407 perﬁceret,

423 3422 753 3493 impedivit.
780 3424 897 3477 Rex
915 3437 1079 3491 ergo,
1101 3421 1264 3495 quod
1290 3420 1507 3478 factum
1530 3422 1737 3489 fuerat,
1763 3440 1965 3479 secum
1989 3440 2074 3479 re-

423 3512 714 3582 cogitans,
749 3516 805 3566 et
834 3510 1309 3582 indignationem
1358 3511 1755 3583 apostolicam
1805 3514 2075 3585 pertime-

423 3616 612 3663 scens,
636 3616 822 3673 quum
838 3615 900 3655 se
918 3606 1289 3655 moraturum
1309 3616 1466 3656 circa
1481 3600 1788 3657 Salernum
1807 3602 2077 3674 aliquan-

424 3690 615 3745 tulum
655 3688 1068 3761 disposuisset,
1123 3694 1350 3744 mutato
1391 3689 1715 3761 preposito,
1758 3690 1940 3748 altera
1982 3692 2076 3747 die

422 3779 624 3848 galeas
670 3778 752 3847 (id
794 3783 882 3833 est
928 3778 1215 3850 triremes)
1254 3777 1509 3844 intravit,
1538 3786 1595 3834 et
1631 3780 1972 3837 festinanter
2018 3782 2077 3837 in

422 3867 676 3924 Siciliam
692 3866 888 3923 rediit.
923 3890 948 3915 »
976 3865 1146 3939 Hugo
1166 3867 1502 3922 Falcandus
1543 3868 1644 3939 qui
1667 3869 1880 3926 eodem
1897 3871 2076 3926 etiam

424 3954 645 4012 saeculo
688 3954 939 4026 scripsit,
967 3954 1027 4010 in
1078 3955 1347 4010 Historia
1390 3955 1616 4022 Sicula,
1666 3957 1888 4014 ibidem
1943 3965 2081 4031 post

423 4049 567 4101 Rom
578 4045 736 4100 ualdi
755 4044 1076 4100 cbronicon
1092 4044 1269 4111 edita,
1283 4043 1358 4099 de
1375 4044 1530 4099 facto
1549 4045 1891 4115 prodigioso
1905 4046 2079 4119 plane

423 4133 711 4189 consentit
742 4148 755 4197 ;
783 4132 884 4187 sed
916 4146 1160 4187 causam
1188 4132 1443 4203 prodigii
1476 4133 1744 4188 attribuit
1777 4135 1946 4190 morti
1979 4135 2083 4191 ali-

424 4221 595 4291 cujus
622 4220 836 4276 innoxii
860 4219 1235 4285 Salernitani,
1263 4223 1367 4293 qui
1398 4221 1553 4290 regis
1581 4221 1752 4292 jussu
1784 4240 1922 4279 cum
1954 4224 2081 4280 aliis

424 4310 618 4365 fuerat
665 4325 1011 4381 suspensus.
1059 4312 1136 4365 De
1184 4310 1413 4366 turbine
1454 4310 1630 4376 hanc,
1663 4317 1725 4367 ut
1767 4315 1970 4378 credit,
2003 4314 2082 4370 ob

425 4412 674 4453 causam
706 4400 927 4464 exorto,
959 4398 1041 4452 ita
1067 4396 1329 4469 loquitur
1359 4397 1471 4453 col.
1501 4399 1605 4454 299
1636 4415 1649 4453 :
1687 4422 1713 4448 ι‹
1747 4400 1890 4456 Cum
1923 4402 2079 4457 enim

424 4484 573 4543 adeo
599 4501 841 4541 serenus
862 4492 1017 4541 esset
1042 4502 1164 4550 aer,
1194 4492 1258 4542 ut
1279 4486 1508 4542 nullum
1539 4503 1781 4559 prorsus
1803 4489 1860 4545 in
1887 4507 1956 4545 eo
1980 4508 2084 4546 nu-

423 4574 516 4631 bis
546 4574 858 4646 vestigium
890 4579 1223 4645 appareret,
1275 4579 1442 4630 tanta
1486 4582 1725 4648 repente
1764 4584 2084 4651 tempestas

425 4668 629 4720 exorta
681 4669 786 4727 est,
841 4661 1117 4729 tonitrua,
1176 4664 1640 4730 coruscationes,
1691 4670 1744 4720 ei
1804 4667 2081 4723 imbrium

423 4751 741 4809 inundatio
758 4749 1097 4815 subsecuta,
1132 4757 1194 4806 ut
1219 4767 1324 4823 per
1344 4756 1535 4808 totum
1556 4753 1880 4811 exercitum
1903 4756 2088 4814 instar

426 4840 789 4915 rapidissimi
806 4840 1075 4896 torrentis
1093 4854 1252 4912 aqua
1273 4841 1629 4906 decurreret,
1661 4848 1718 4899 et
1746 4850 1865 4900 tam
1897 4846 2087 4917 ipsius

428 4931 602 5001 regis,
648 4945 827 5002 quam
861 4935 1204 4984 caaterorum
1236 4930 1508 4985 omnium
1543 4932 1810 5001 tentoria,
1846 4934 2085 5005 paxillis

429 5018 648 5077 avulsis
705 5018 1015 5090 ruptisque
1063 5016 1326 5083 funibus,
1387 5019 1642 5089 procella
1697 5021 2085 5094 subverteret,

430 5115 748 5180 tantusque
775 5122 973 5178 regem
996 5111 1051 5161 et
1082 5107 1425 5162 universum
1443 5108 1764 5165 exercitum
1796 5116 1981 5167 terror
2002 5114 2088 5169 in-

429 5198 606 5261 vasit,
630 5204 710 5262 ut,
746 5212 942 5252 rerum
975 5196 1249 5251 omnium
1268 5196 1502 5266 jactura
1534 5197 1889 5269 posthabita,
1917 5218 2087 5271 coge-

429 5292 632 5342 rentur
661 5285 735 5341 de
767 5285 958 5342 salute
1008 5285 1251 5357 propria
1281 5285 1613 5357 desperare.
1653 5309 1673 5336 ι
1711 5290 1829 5344 Hoc
1876 5290 1989 5357 ille,
2027 5298 2086 5347 ut

430 5372 575 5439 dixi,
621 5373 891 5428 evenisse
936 5378 1105 5444 putat
1150 5374 1229 5430 ob
1285 5373 1506 5430 caedem
1551 5374 1693 5430 civis
1730 5377 2083 5447 innocentis,

433 5460 804 5515 Romualdus
834 5462 908 5517 ad
970 5462 1489 5519 conservationem
1533 5464 1693 5520 urbis
1743 5474 1796 5520 et
1826 5467 2083 5538 plurium

429 5546 839 5609 innocentium
860 5564 897 5604 a
913 5548 1155 5605 damnis
1179 5550 1521 5608 inferendis.
1552 5552 1797 5614 Occulta
1816 5556 1918 5614 Dei
1948 5574 2088 5616 con-

2181 1833 2321 1888 nihil
2352 1831 2735 1903 reliquiarum
2783 1828 2971 1883 sancti
3032 1823 3286 1881 Matthaai
3318 1822 3395 1878 ad
3440 1819 3553 1875 alia
3596 1830 3840 1889 quoque

2179 1922 2309 1978 loca
2341 1921 2699 1992 pervenisse.
2734 1916 2975 1973 Interim
3018 1912 3297 1970 laudatus
3331 1916 3537 1966 auctor
3566 1909 3837 1969 testatur,

2179 2012 2416 2066 dentem
2460 2025 2645 2064 unum
2677 2016 2732 2063 et
2760 2005 3072 2062 brachium
3110 2001 3308 2059 Sancti
3336 1999 3395 2055 in
3428 1995 3718 2069 superiori
3744 2010 3844 2048 sa-

2180 2099 2372 2155 crario
2424 2097 2695 2168 ejusdem
2741 2094 3005 2150 ecclesia:
3050 2089 3410 2147 conservari.
3462 2090 3537 2141 De
3584 2092 3841 2155 utroque

2182 2189 2360 2244 etiam
2390 2186 2652 2258 loquitur
2674 2184 2980 2248 Marsilius,
3009 2197 3140 2252 cap.
3169 2181 3224 2243 9,
3252 2194 3387 2249 pag.
3416 2176 3506 2238 79,
3540 2173 3637 2228 ubi
3657 2187 3843 2244 expo-

2183 2278 2266 2333 nit
2288 2282 2519 2331 servata
2538 2274 2597 2328 in
2616 2272 2899 2335 sacrario,
2923 2277 3101 2340 atque
3116 2268 3353 2324 dentem
3376 2265 3541 2320 illum
3575 2261 3841 2334 positum

2184 2381 2315 2421 esse
2340 2364 2401 2420 in
2426 2379 2598 2419 cruce
2630 2367 2911 2431 argentea
2951 2359 3127 2415 variis
3155 2353 3418 2428 reliquiis
3448 2352 3653 2407 ditata.
3689 2372 3718 2400 ‹‹
3771 2348 3843 2403 In

2184 2455 2391 2510 dextra
2425 2453 2613 2523 (parte
2654 2450 2868 2521 crucis)
2924 2445 3344 2519 gloriosissimi
3391 2441 3641 2499 Matthaai
3684 2439 3842 2493 dens

2186 2543 2360 2607 alius,
2394 2541 2468 2597 de
2489 2556 2610 2613 quo
2636 2547 2691 2595 et
2716 2556 2845 2606 nos,
2879 2538 3090 2610 inquit,
3124 2550 3308 2606 supra
3329 2531 3506 2588 locuti
3542 2545 3771 2583 sumus.
3809 2549 3841 2575 ι»

2184 2632 2448 2687 lusinuat
2486 2630 2680 2699 igitur,
2712 2645 2842 2684 esse
2864 2627 3030 2683 illum
3064 2621 3541 2697 ipsumdentem,
3573 2618 3675 2689 qui
3703 2630 3846 2671 con-

2186 2736 2393 2777 cessus
2435 2719 2623 2775 fuerat
2652 2718 2977 2773 Athanasio
3010 2716 3307 2771 monacho
3337 2707 3607 2781 corporis
3640 2706 3849 2761 inven-

2189 2808 2319 2874 tori,
2347 2814 2410 2864 ut
2452 2808 2676 2863 dictum
2736 2822 2901 2862 num.
2935 2805 3006 2860 74
3033 2823 3051 2876 ;
3080 2802 3306 2875 quique
3338 2800 3529 2855 eidem
3600 2794 3847 2850 ablatus

2186 2898 2405 2953 deinde
2426 2903 2534 2961 est,
2552 2892 3072 2969 quemadmodum
3090 2889 3428 2963 expositum
3462 2891 3552 2941 est
3569 2882 3844 2939 uum.7§.

2187 2987 2267 3042 De
2301 2985 2545 3042 brachio
2574 2984 2856 3040 laudatus
2891 2981 3178 3040 Marsilius
3228 2980 3308 3034 ita
3355 2975 3613 3048 loquitur
3642 2994 3655 3025 :
3685 2992 3710 3021 ι
3748 2971 3851 3026 Est

2186 3082 2242 3132 et
2272 3076 2335 3130 D.
2371 3074 2620 3132 Μαιωλωὶ
2650 3071 2965 3130 brachium
3005 3070 3170 3138 illud,
3202 3065 3362 3137 quod
3394 3066 3848 3120 Beneventanus

2185 3165 2496 3237 quondam
2512 3168 2785 3235 princeps
2812 3178 2848 3217 a
2867 3160 3156 3231 Gisulpho
3184 3155 3463 3231 precibus
3494 3154 3851 3237 impetrave-

2184 3235 2273 3308 rat
2304 3272 2317 3309 ε
2352 3253 2633 3325 quamvis
2686 3257 2934 3320 argento
2980 3246 3375 3312 concluditur,
3429 3258 3502 3298 ex
3566 3235 3849 3295 cancellis

2186 3343 2383 3397 tamen
2401 3340 2659 3395 carniset
2679 3340 2906 3395 ossium
2920 3344 3194 3409 aspectus
3216 3330 3584 3389 intuentibus
3608 3332 3789 3399 patet.
3820 3347 3843 3373 ι

2187 3433 2317 3487 Haec
2348 3430 2667 3496 Marsilius,
2702 3444 2819 3485 non
2848 3427 3173 3500 explicans,
3206 3440 3329 3495 qua
3358 3418 3673 3477 occasione
3712 3415 3852 3471 bra-

2185 3520 2409 3585 chium,
2461 3519 2623 3591 quod
2675 3517 2893 3574 saeculo
2962 3533 3001 3572 x
3036 3516 3439 3570 Beneventum
3499 3504 3850 3563 translatum

2186 3610 2486 3673 asseritur,
2519 3612 2725 3680 postea
2755 3606 3009 3661 relatum
3040 3601 3216 3659 fuerit
3249 3599 3583 3658 Salernum.
3630 3596 3848 3680 Verum

2190 3698 2339 3753 sicut
2366 3679 2584 3769 corpus
2617 3697 2672 3752 S.
2704 3694 2972 3751 Januarii
3002 3692 3223 3748 saaculo
3263 3705 3319 3745 ix
3348 3684 3707 3743 translatum
3737 3679 3854 3738 fuit

2187 3787 2429 3859 Neapoli
2448 3790 2861 3849 Beneventum,
2877 3784 3133 3854 indeque
3158 3795 3395 3835 rursum
3412 3775 3528 3832 alio
3540 3772 3811 3829 delatum
3832 3785 3849 3824 :

2187 3877 2555 3948 demumquc
2620 3874 2923 3946 Neapolim
3000 3871 3274 3934 relatum,
3344 3865 3445 3921 tali
3504 3869 3607 3919 aut
3672 3858 3857 3916 simili

2187 3964 2373 4022 modo
2414 3964 2726 4020 brachium
2773 3963 2964 4018 sancti
3000 3958 3246 4017 Matthiei
3296 3954 3610 4011 Salernum
3658 3949 3857 4005 redire

2190 4056 2399 4128 potuit.
2435 4057 2597 4111 Certe
2642 4052 2783 4108 illud
2823 4051 3002 4107 modo
3057 4047 3280 4106 Salerni
3325 4060 3481 4109 esse,
3515 4041 3596 4097 uti
3627 4044 3683 4095 et
3709 4038 3857 4128 den.

2192 4127 2331 4211 tem,
2366 4144 2543 4199 etiam
2565 4143 2780 4199 asserit
2810 4140 3014 4197 Musca
3050 4139 3109 4194 in
3150 4131 3519 4208 Compendio
3559 4130 3689 4202 jam
3720 4127 3849 4183 lau-

2192 4233 2355 4289 dato.

2264 4325 2352 4377 92.
2407 4322 2465 4378 Si
2496 4326 2697 4376 aulem
2743 4319 2886 4375 illud
2927 4319 3125 4389 ipsum
3177 4314 3251 4369 sit
3302 4310 3634 4371 brachium,
3690 4304 3859 4378 quod

2115 4449 2162 4504 D
2195 4411 2303 4467 fuit
2331 4408 2551 4466 saeculo
2592 4425 2629 4464 x
2677 4406 3010 4472 Beneventi,
3060 4404 3294 4459 videtur
3348 4393 3861 4504 etalterum‘bra-

2194 4500 2391 4556 chium
2406 4497 2680 4571 areliquo
2698 4512 2943 4568 corpore
2958 4498 3302 4566 separatum
3334 4488 3517 4544 fuisse
3534 4482 3757 4540 saaculo
3776 4497 3859 4538 ιι.

2196 4589 2427 4660 Quippe
2463 4586 2753 4642 Bubertus
2796 4583 3165 4641 Guiscardus
3214 4595 3287 4635 ex
3329 4577 3570 4633 invento
3603 4586 3861 4643 corpore

2195 4675 2491 4744 integrum
2516 4690 2585 4730 os
2602 4673 2826 4729 brachii
2845 4689 2949 4745 pro
2969 4686 3030 4726 se
3044 4668 3302 4734 retinuit,
3329 4671 3392 4722 ut
3408 4663 3665 4718 vidimus
3684 4674 3858 4715 num.

2196 4768 2289 4822 80.
2318 4765 2396 4819 De
2446 4763 2543 4819 illo
2584 4779 2720 4819 osse
2780 4763 2840 4818 in
2899 4760 3194 4818 Chronico
3251 4750 3572 4817 Casinensi,
3628 4749 3731 4805 lib.
3774 4763 3860 4813 ιιι,

2196 4870 2328 4925 cap.
2355 4858 2441 4923 57,
2476 4853 2657 4909 relata
2685 4852 2913 4908 Boberti
2960 4855 3166 4914 morte;
3197 4847 3320 4902 haec
3351 4844 3629 4914 leguntur
3662 4860 3674 4893 :
3703 4857 3732 4889 ‹‹
3760 4836 3862 4893 llic

2196 4942 2417 4997 interea
2452 4942 2787 5012 (Robertus)
2832 4940 2903 4995 ad
2952 4938 3114 4992 diem
3144 4934 3344 4991 obitus
3392 4931 3482 4986 sui
3538 4925 3863 4984 brachium

2197 5030 2383 5085 sancti
2418 5030 2671 5102 apostoli
2715 5035 2769 5085 et
2818 5026 3199 5096 evangelistaa
3248 5020 3503 5078 Μεληῠωί
3530 5014 3864 5089 capellanis

2197 5120 2341 5185 suis,
2368 5118 2487 5174 ﬁlio
2510 5136 2640 5184 suo,
2672 5117 2897 5175 Salerni
2920 5112 3369 5189 reportandum,
3402 5116 3580 5180 atque
3604 5104 3862 5160 redden-

2196 5208 2343 5264 dum
2387 5208 2638 5281 reliquit.
2673 5208 2787 5263 Sed
2822 5207 2903 5263 illi
2936 5202 3269 5260 substantia
3297 5213 3610 5272 pauperes,
3647 5209 3717 5250 ac
3738 5192 3861 5247 ﬁde

2198 5297 2603 5370 pauperiores,
2644 5299 2875 5353 thecam
2898 5300 3263 5367 argenteam,
3315 5290 3375 5343 in
3407 5301 3532 5359 qua
3581 5287 3864 5339 sanctum

2198 5386 2497 5441 brachium
2529 5392 2654 5441 erat
2679 5385 3071 5445 reconditum,
3100 5382 3252 5435 inter
3282 5394 3345 5432 se
3373 5375 3669 5437 dividunt,
3696 5370 3863 5425 inde-

2196 5491 2312 5546 que
2363 5474 2833 5546 Hierosolymam
2890 5475 3223 5543 pergentes,
3280 5470 3520 5521 sanctas
3576 5459 3867 5546 reliquias

2199 5544 2389 5635 usque
2419 5562 2499 5620 ad
2533 5544 2694 5619 diem
2742 5562 2937 5619 obitus
2985 5559 3076 5615 sui
3106 5556 3270 5632 apud
3301 5570 3365 5611 se
3390 5552 3681 5610 retinuere
3711 5544 3871 5603 cela-
