  <div class='ocr_page' id='page_1' title='image "/cluster/home/n/w/nwhite01/storage/ocr_20150623/115/hvd.32044073502262/408.png"; bbox 0 0 4094 6230; ppageno 0'>
   <div class='ocr_carea' id='block_1_1' title="bbox 221 313 331 369">
    <p class='ocr_par' dir='ltr' id='par_1_1' title="bbox 221 313 331 369">
     <span class='ocr_line' id='line_1_1' title="bbox 221 313 331 369; baseline 0 0"><span class='ocrx_word' id='word_1_1' title='bbox 221 313 331 369; x_wconf 84' lang='grc'><strong>805</strong></span> 
     </span>
    </p>
   </div>
   <div class='ocr_carea' id='block_1_2' title="bbox 1605 303 2270 362">
    <p class='ocr_par' dir='ltr' id='par_1_2' title="bbox 1605 303 2270 362">
     <span class='ocr_line' id='line_1_2' title="bbox 1605 303 2270 362; baseline 0.003 -2"><span class='ocrx_word' id='word_1_2' title='bbox 1605 303 1778 360; x_wconf 86' lang='lat' dir='ltr'><strong>VlTA</strong></span> <span class='ocrx_word' id='word_1_3' title='bbox 1812 305 1870 360; x_wconf 95' lang='lat' dir='ltr'><strong>S.</strong></span> <span class='ocrx_word' id='word_1_4' title='bbox 1906 304 2270 362; x_wconf 58' lang='grc' dir='ltr'><strong>ΜΑΤΤΗΆΕΙ.</strong></span> 
     </span>
    </p>
   </div>
   <div class='ocr_carea' id='block_1_3' title="bbox 3539 322 3646 377">
    <p class='ocr_par' dir='ltr' id='par_1_3' title="bbox 3539 322 3646 377">
     <span class='ocr_line' id='line_1_3' title="bbox 3539 322 3646 377; baseline 0 0"><span class='ocrx_word' id='word_1_5' title='bbox 3539 322 3646 377; x_wconf 85' lang='grc'><strong>806</strong></span> 
     </span>
    </p>
   </div>
   <div class='ocr_carea' id='block_1_4' title="bbox 209 429 3646 509">
    <p class='ocr_par' dir='ltr' id='par_1_4' title="bbox 209 429 3646 509">
     <span class='ocr_line' id='line_1_4' title="bbox 209 429 3646 509; baseline 0.003 -17"><span class='ocrx_word' id='word_1_6' title='bbox 209 442 328 492; x_wconf 88' lang='lat' dir='ltr'><strong>tas.</strong></span> <span class='ocrx_word' id='word_1_7' title='bbox 367 437 455 491; x_wconf 78' lang='lat' dir='ltr'><strong>Ad</strong></span> <span class='ocrx_word' id='word_1_8' title='bbox 488 441 740 492; x_wconf 90' lang='lat' dir='ltr'><strong>mortem</strong></span> <span class='ocrx_word' id='word_1_9' title='bbox 771 441 970 493; x_wconf 86' lang='lat' dir='ltr'><strong>autem</strong></span> <span class='ocrx_word' id='word_1_10' title='bbox 1003 430 1726 502; x_wconf 82' lang='lat' dir='ltr'><strong>venientes,supradictas</strong></span> <span class='ocrx_word' id='word_1_11' title='bbox 1756 429 1886 486; x_wconf 90' lang='lat' dir='ltr'><strong>reli-</strong></span> <span class='ocrx_word' id='word_1_12' title='bbox 1914 453 1960 509; x_wconf 72' lang='grc' dir='ltr'>Α</span> <span class='ocrx_word' id='word_1_13' title='bbox 1994 431 2174 486; x_wconf 99' lang='lat' dir='ltr'><strong>habet</strong></span> <span class='ocrx_word' id='word_1_14' title='bbox 2206 435 2658 504; x_wconf 86' lang='lat' dir='ltr'><strong>monasterium,</strong></span> <span class='ocrx_word' id='word_1_15' title='bbox 2691 444 2764 505; x_wconf 92' lang='lat' dir='ltr'><strong>et,</strong></span> <span class='ocrx_word' id='word_1_16' title='bbox 2806 446 2866 495; x_wconf 95' lang='lat' dir='ltr'><strong>ut</strong></span> <span class='ocrx_word' id='word_1_17' title='bbox 2903 441 3183 499; x_wconf 89' lang='lat' dir='ltr'><strong>laudatus</strong></span> <span class='ocrx_word' id='word_1_18' title='bbox 3213 450 3418 501; x_wconf 85' lang='lat' dir='ltr'><strong>auctor</strong></span> <span class='ocrx_word' id='word_1_19' title='bbox 3444 448 3646 503; x_wconf 90' lang='lat' dir='ltr'><strong>obser-</strong></span> 
     </span>
    </p>
   </div>
   <div class='ocr_carea' id='block_1_5' title="bbox 215 519 1882 599">
    <p class='ocr_par' dir='ltr' id='par_1_5' title="bbox 215 519 1882 599">
     <span class='ocr_line' id='line_1_5' title="bbox 215 519 1882 599; baseline -0.005 -18"><span class='ocrx_word' id='word_1_20' title='bbox 215 527 416 599; x_wconf 90' lang='lat' dir='ltr'><strong>quias,</strong></span> <span class='ocrx_word' id='word_1_21' title='bbox 457 526 657 581; x_wconf 86' lang='lat' dir='ltr'><strong>insciis</strong></span> <span class='ocrx_word' id='word_1_22' title='bbox 717 526 916 592; x_wconf 86' lang='lat' dir='ltr'><strong>sociis,</strong></span> <span class='ocrx_word' id='word_1_23' title='bbox 951 527 1150 598; x_wconf 90' lang='lat' dir='ltr'><strong>pueris</strong></span> <span class='ocrx_word' id='word_1_24' title='bbox 1198 523 1319 578; x_wconf 91' lang='lat' dir='ltr'>suis</span> <span class='ocrx_word' id='word_1_25' title='bbox 1371 520 1749 586; x_wconf 90' lang='lat' dir='ltr'><strong>contradunt,</strong></span> <span class='ocrx_word' id='word_1_26' title='bbox 1784 519 1882 590; x_wconf 83' lang='lat' dir='ltr'><strong>qui</strong></span> 
     </span>
    </p>
   </div>
   <div class='ocr_carea' id='block_1_6' title="bbox 215 609 1886 688">
    <p class='ocr_par' dir='ltr' id='par_1_6' title="bbox 215 609 1886 688">
     <span class='ocr_line' id='line_1_6' title="bbox 215 609 1886 688; baseline -0.003 -19"><span class='ocrx_word' id='word_1_27' title='bbox 215 615 476 688; x_wconf 82' lang='lat' dir='ltr'><strong>qualiter</strong></span> <span class='ocrx_word' id='word_1_28' title='bbox 501 622 774 672; x_wconf 87' lang='lat' dir='ltr'><strong>sanctum</strong></span> <span class='ocrx_word' id='word_1_29' title='bbox 795 617 1106 672; x_wconf 77' lang='lat' dir='ltr'><strong>brachium</strong></span> <span class='ocrx_word' id='word_1_30' title='bbox 1133 613 1502 686; x_wconf 83' lang='lat' dir='ltr'><strong>temporibus</strong></span> <span class='ocrx_word' id='word_1_31' title='bbox 1523 610 1745 667; x_wconf 91' lang='lat' dir='ltr'><strong>Girardi</strong></span> <span class='ocrx_word' id='word_1_32' title='bbox 1776 609 1886 664; x_wconf 91' lang='lat' dir='ltr'><strong>ab-</strong></span> 
     </span>
    </p>
   </div>
   <div class='ocr_carea' id='block_1_7' title="bbox 215 698 1884 767">
    <p class='ocr_par' dir='ltr' id='par_1_7' title="bbox 215 698 1884 767">
     <span class='ocr_line' id='line_1_7' title="bbox 215 698 1884 767; baseline -0.004 -8"><span class='ocrx_word' id='word_1_33' title='bbox 215 704 375 760; x_wconf 91' lang='lat' dir='ltr'><strong>batis</strong></span> <span class='ocrx_word' id='word_1_34' title='bbox 419 705 494 759; x_wconf 89' lang='lat' dir='ltr'><strong>ad</strong></span> <span class='ocrx_word' id='word_1_35' title='bbox 547 705 708 760; x_wconf 91' lang='lat' dir='ltr'><strong>hunc</strong></span> <span class='ocrx_word' id='word_1_36' title='bbox 757 705 949 761; x_wconf 91' lang='lat' dir='ltr'><strong>locum</strong></span> <span class='ocrx_word' id='word_1_37' title='bbox 1003 704 1336 767; x_wconf 85' lang='lat' dir='ltr'><strong>detulerint,</strong></span> <span class='ocrx_word' id='word_1_38' title='bbox 1367 701 1498 757; x_wconf 93' lang='lat' dir='ltr'><strong>loco</strong></span> <span class='ocrx_word' id='word_1_39' title='bbox 1531 717 1639 755; x_wconf 91' lang='lat' dir='ltr'><strong>suo</strong></span> <span class='ocrx_word' id='word_1_40' title='bbox 1671 698 1884 754; x_wconf 87' lang='lat' dir='ltr'><strong>scribe-</strong></span> 
     </span>
    </p>
   </div>
   <div class='ocr_carea' id='block_1_8' title="bbox 219 788 1883 864">
    <p class='ocr_par' dir='ltr' id='par_1_8' title="bbox 219 788 1883 864">
     <span class='ocr_line' id='line_1_8' title="bbox 219 788 1883 864; baseline -0.004 -16"><span class='ocrx_word' id='word_1_41' title='bbox 219 809 378 848; x_wconf 91' lang='lat' dir='ltr'><strong>mus.</strong></span> <span class='ocrx_word' id='word_1_42' title='bbox 408 814 432 845; x_wconf 71' lang='grc' dir='ltr'><strong><em>ι</em></strong></span> <span class='ocrx_word' id='word_1_43' title='bbox 463 795 684 850; x_wconf 89' lang='lat' dir='ltr'><strong>Deinde</strong></span> <span class='ocrx_word' id='word_1_44' title='bbox 712 795 811 850; x_wconf 92' lang='lat' dir='ltr'><strong>lib.</strong></span> <span class='ocrx_word' id='word_1_45' title='bbox 847 811 920 860; x_wconf 85' lang='lat' dir='ltr'><strong>iv,</strong></span> <span class='ocrx_word' id='word_1_46' title='bbox 949 810 1082 864; x_wconf 87' lang='lat' dir='ltr'><strong>cap.</strong></span> <span class='ocrx_word' id='word_1_47' title='bbox 1106 797 1194 862; x_wconf 82' lang='lat'><strong>73,</strong></span> <span class='ocrx_word' id='word_1_48' title='bbox 1216 792 1495 847; x_wconf 90' lang='lat' dir='ltr'><strong>laudatus</strong></span> <span class='ocrx_word' id='word_1_49' title='bbox 1521 795 1726 845; x_wconf 85' lang='lat' dir='ltr'><strong>auctor</strong></span> <span class='ocrx_word' id='word_1_50' title='bbox 1756 788 1883 843; x_wconf 68' lang='lat' dir='ltr'><strong>haec</strong></span> 
     </span>
    </p>
   </div>
   <div class='ocr_carea' id='block_1_9' title="bbox 217 876 1881 953">
    <p class='ocr_par' dir='ltr' id='par_1_9' title="bbox 217 876 1881 953">
     <span class='ocr_line' id='line_1_9' title="bbox 217 876 1881 953; baseline -0.003 -17"><span class='ocrx_word' id='word_1_51' title='bbox 217 883 421 938; x_wconf 87' lang='lat' dir='ltr'><strong>scribit</strong></span> <span class='ocrx_word' id='word_1_52' title='bbox 453 899 466 937; x_wconf 91' lang='lat'><strong>:</strong></span> <span class='ocrx_word' id='word_1_53' title='bbox 500 902 528 934; x_wconf 83' lang='lat'>«</span> <span class='ocrx_word' id='word_1_54' title='bbox 561 883 662 938; x_wconf 83' lang='lat' dir='ltr'><strong>Hic</strong></span> <span class='ocrx_word' id='word_1_55' title='bbox 691 883 915 939; x_wconf 86' lang='lat' dir='ltr'><strong>interea</strong></span> <span class='ocrx_word' id='word_1_56' title='bbox 946 883 1138 939; x_wconf 85' lang='lat' dir='ltr'><strong>abbas</strong></span> <span class='ocrx_word' id='word_1_57' title='bbox 1189 880 1546 953; x_wconf 88' lang='lat' dir='ltr'><strong>(Casinensis</strong></span> <span class='ocrx_word' id='word_1_58' title='bbox 1579 876 1881 946; x_wconf 86' lang='lat' dir='ltr'><strong>Girardus)</strong></span> 
     </span>
    </p>
   </div>
   <div class='ocr_carea' id='block_1_10' title="bbox 217 969 1884 1043">
    <p class='ocr_par' dir='ltr' id='par_1_10' title="bbox 217 969 1884 1043">
     <span class='ocr_line' id='line_1_10' title="bbox 217 969 1884 1043; baseline -0.005 -16"><span class='ocrx_word' id='word_1_59' title='bbox 217 988 358 1027; x_wconf 91' lang='lat' dir='ltr'><strong>cum</strong></span> <span class='ocrx_word' id='word_1_60' title='bbox 391 971 553 1043; x_wconf 86' lang='lat' dir='ltr'><strong>apud</strong></span> <span class='ocrx_word' id='word_1_61' title='bbox 591 975 995 1028; x_wconf 84' lang='lat' dir='ltr'><strong>Beneventum</strong></span> <span class='ocrx_word' id='word_1_62' title='bbox 1027 972 1085 1027; x_wconf 91' lang='lat' dir='ltr'><strong>in</strong></span> <span class='ocrx_word' id='word_1_63' title='bbox 1117 969 1456 1042; x_wconf 81' lang='lat' dir='ltr'><strong>Apostolico</strong></span> <span class='ocrx_word' id='word_1_64' title='bbox 1489 969 1726 1024; x_wconf 91' lang='lat' dir='ltr'><strong>servitio</strong></span> <span class='ocrx_word' id='word_1_65' title='bbox 1760 983 1884 1038; x_wconf 91' lang='lat' dir='ltr'><strong>per-</strong></span> 
     </span>
    </p>
   </div>
   <div class='ocr_carea' id='block_1_11' title="bbox 219 1055 1884 1132">
    <p class='ocr_par' dir='ltr' id='par_1_11' title="bbox 219 1055 1884 1132">
     <span class='ocr_line' id='line_1_11' title="bbox 219 1055 1884 1132; baseline -0.005 -14"><span class='ocrx_word' id='word_1_66' title='bbox 219 1070 512 1132; x_wconf 86' lang='lat' dir='ltr'><strong>maneret,</strong></span> <span class='ocrx_word' id='word_1_67' title='bbox 548 1069 604 1117; x_wconf 85' lang='lat' dir='ltr'><strong>et</strong></span> <span class='ocrx_word' id='word_1_68' title='bbox 631 1069 789 1118; x_wconf 91' lang='lat' dir='ltr'><strong>certo</strong></span> <span class='ocrx_word' id='word_1_69' title='bbox 821 1063 1034 1119; x_wconf 91' lang='lat' dir='ltr'><strong>certius</strong></span> <span class='ocrx_word' id='word_1_70' title='bbox 1063 1061 1380 1118; x_wconf 87' lang='lat' dir='ltr'><strong>brachium</strong></span> <span class='ocrx_word' id='word_1_71' title='bbox 1412 1059 1599 1115; x_wconf 88' lang='lat' dir='ltr'><strong>sancti</strong></span> <span class='ocrx_word' id='word_1_72' title='bbox 1627 1055 1884 1129; x_wconf 88' lang='lat' dir='ltr'><strong>apostoli</strong></span> 
     </span>
    </p>
   </div>
   <div class='ocr_carea' id='block_1_12' title="bbox 218 1147 1884 1223">
    <p class='ocr_par' dir='ltr' id='par_1_12' title="bbox 218 1147 1884 1223">
     <span class='ocr_line' id='line_1_12' title="bbox 218 1147 1884 1223; baseline -0.004 -16"><span class='ocrx_word' id='word_1_73' title='bbox 218 1158 276 1207; x_wconf 91' lang='lat' dir='ltr'><strong>et</strong></span> <span class='ocrx_word' id='word_1_74' title='bbox 307 1153 684 1223; x_wconf 72' lang='lat' dir='ltr'><strong>evangelistaa</strong></span> <span class='ocrx_word' id='word_1_75' title='bbox 725 1153 976 1208; x_wconf 68' lang='lat' dir='ltr'><strong>Matthmi</strong></span> <span class='ocrx_word' id='word_1_76' title='bbox 1022 1153 1079 1207; x_wconf 92' lang='lat' dir='ltr'><strong>in</strong></span> <span class='ocrx_word' id='word_1_77' title='bbox 1113 1151 1323 1207; x_wconf 90' lang='lat' dir='ltr'><strong>eadem</strong></span> <span class='ocrx_word' id='word_1_78' title='bbox 1355 1150 1586 1205; x_wconf 86' lang='lat' dir='ltr'><strong>civitate</strong></span> <span class='ocrx_word' id='word_1_79' title='bbox 1617 1147 1884 1203; x_wconf 87' lang='lat' dir='ltr'><strong>recondi-</strong></span> 
     </span>
    </p>
   </div>
   <div class='ocr_carea' id='block_1_13' title="bbox 218 1236 1882 1311">
    <p class='ocr_par' dir='ltr' id='par_1_13' title="bbox 218 1236 1882 1311">
     <span class='ocr_line' id='line_1_13' title="bbox 218 1236 1882 1311; baseline -0.003 -16"><span class='ocrx_word' id='word_1_80' title='bbox 218 1246 347 1297; x_wconf 89' lang='lat' dir='ltr'><strong>tum</strong></span> <span class='ocrx_word' id='word_1_81' title='bbox 377 1258 509 1297; x_wconf 91' lang='lat' dir='ltr'><strong>esse</strong></span> <span class='ocrx_word' id='word_1_82' title='bbox 533 1241 856 1306; x_wconf 85' lang='lat' dir='ltr'><strong>didicisset,</strong></span> <span class='ocrx_word' id='word_1_83' title='bbox 878 1245 951 1298; x_wconf 88' lang='lat' dir='ltr'><strong>ad</strong></span> <span class='ocrx_word' id='word_1_84' title='bbox 974 1259 1033 1297; x_wconf 91' lang='lat' dir='ltr'><strong>se</strong></span> <span class='ocrx_word' id='word_1_85' title='bbox 1053 1243 1180 1311; x_wconf 91' lang='lat' dir='ltr'><strong>jam</strong></span> <span class='ocrx_word' id='word_1_86' title='bbox 1203 1241 1340 1296; x_wconf 91' lang='lat' dir='ltr'><strong>dicti</strong></span> <span class='ocrx_word' id='word_1_87' title='bbox 1358 1238 1585 1294; x_wconf 86' lang='lat' dir='ltr'><strong>brachii</strong></span> <span class='ocrx_word' id='word_1_88' title='bbox 1605 1236 1882 1293; x_wconf 87' lang='lat' dir='ltr'><strong>custodes</strong></span> 
     </span>
    </p>
   </div>
   <div class='ocr_carea' id='block_1_14' title="bbox 217 1325 1882 1403">
    <p class='ocr_par' dir='ltr' id='par_1_14' title="bbox 217 1325 1882 1403">
     <span class='ocr_line' id='line_1_14' title="bbox 217 1325 1882 1403; baseline -0.004 -17"><span class='ocrx_word' id='word_1_89' title='bbox 217 1346 591 1396; x_wconf 86' lang='lat' dir='ltr'><strong>convocans,</strong></span> <span class='ocrx_word' id='word_1_90' title='bbox 613 1331 884 1403; x_wconf 86' lang='lat' dir='ltr'><strong>qualiter,</strong></span> <span class='ocrx_word' id='word_1_91' title='bbox 913 1331 999 1386; x_wconf 90' lang='lat' dir='ltr'><strong>vel</strong></span> <span class='ocrx_word' id='word_1_92' title='bbox 1035 1346 1151 1402; x_wconf 85' lang='lat' dir='ltr'><strong>quo</strong></span> <span class='ocrx_word' id='word_1_93' title='bbox 1172 1330 1379 1385; x_wconf 89' lang='lat' dir='ltr'><strong>ordine</strong></span> <span class='ocrx_word' id='word_1_94' title='bbox 1401 1328 1668 1398; x_wconf 89' lang='lat' dir='ltr'><strong>ejusdem</strong></span> <span class='ocrx_word' id='word_1_95' title='bbox 1695 1325 1882 1380; x_wconf 90' lang='lat' dir='ltr'><strong>sancti</strong></span> 
     </span>
    </p>
   </div>
   <div class='ocr_carea' id='block_1_15' title="bbox 218 1415 1883 1492">
    <p class='ocr_par' dir='ltr' id='par_1_15' title="bbox 218 1415 1883 1492">
     <span class='ocr_line' id='line_1_15' title="bbox 218 1415 1883 1492; baseline -0.004 -17"><span class='ocrx_word' id='word_1_96' title='bbox 218 1420 479 1492; x_wconf 85' lang='lat' dir='ltr'><strong>apostoli</strong></span> <span class='ocrx_word' id='word_1_97' title='bbox 509 1419 818 1475; x_wconf 88' lang='lat' dir='ltr'><strong>brachium</strong></span> <span class='ocrx_word' id='word_1_98' title='bbox 852 1420 1222 1481; x_wconf 86' lang='lat' dir='ltr'><strong>habuissent,</strong></span> <span class='ocrx_word' id='word_1_99' title='bbox 1262 1417 1630 1490; x_wconf 89' lang='lat' dir='ltr'><strong>percunctari</strong></span> <span class='ocrx_word' id='word_1_100' title='bbox 1665 1415 1883 1469; x_wconf 89' lang='lat' dir='ltr'><strong>studio-</strong></span> 
     </span>
    </p>
   </div>
   <div class='ocr_carea' id='block_1_16' title="bbox 221 1503 1882 1580">
    <p class='ocr_par' dir='ltr' id='par_1_16' title="bbox 221 1503 1882 1580">
     <span class='ocr_line' id='line_1_16' title="bbox 221 1503 1882 1580; baseline -0.002 -18"><span class='ocrx_word' id='word_1_101' title='bbox 221 1509 458 1564; x_wconf 90' lang='lat' dir='ltr'><strong>sissime</strong></span> <span class='ocrx_word' id='word_1_102' title='bbox 489 1509 688 1580; x_wconf 64' lang='lat' dir='ltr'><strong>capit.</strong></span> <span class='ocrx_word' id='word_1_103' title='bbox 737 1510 842 1574; x_wconf 89' lang='lat' dir='ltr'><strong>Qui</strong></span> <span class='ocrx_word' id='word_1_104' title='bbox 874 1510 1019 1563; x_wconf 93' lang='lat' dir='ltr'><strong>dum</strong></span> <span class='ocrx_word' id='word_1_105' title='bbox 1055 1509 1410 1571; x_wconf 84' lang='lat' dir='ltr'><strong>retulissent,</strong></span> <span class='ocrx_word' id='word_1_106' title='bbox 1442 1504 1694 1578; x_wconf 88' lang='lat' dir='ltr'><strong>qualiter</strong></span> <span class='ocrx_word' id='word_1_107' title='bbox 1740 1503 1882 1558; x_wconf 91' lang='lat' dir='ltr'><strong>illud</strong></span> 
     </span>
    </p>
   </div>
   <div class='ocr_carea' id='block_1_17' title="bbox 222 1594 1878 1665">
    <p class='ocr_par' dir='ltr' id='par_1_17' title="bbox 222 1594 1878 1665">
     <span class='ocr_line' id='line_1_17' title="bbox 222 1594 1878 1665; baseline -0.002 -13"><span class='ocrx_word' id='word_1_108' title='bbox 222 1614 432 1654; x_wconf 91' lang='lat' dir='ltr'><strong>secum</strong></span> <span class='ocrx_word' id='word_1_109' title='bbox 486 1598 776 1654; x_wconf 81' lang='lat' dir='ltr'><strong>Robertus</strong></span> <span class='ocrx_word' id='word_1_110' title='bbox 832 1598 954 1654; x_wconf 90' lang='lat' dir='ltr'><strong>dux</strong></span> <span class='ocrx_word' id='word_1_111' title='bbox 1007 1598 1317 1653; x_wconf 88' lang='lat' dir='ltr'><strong>detulisset</strong></span> <span class='ocrx_word' id='word_1_112' title='bbox 1367 1597 1426 1650; x_wconf 93' lang='lat' dir='ltr'><strong>in</strong></span> <span class='ocrx_word' id='word_1_113' title='bbox 1485 1594 1878 1665; x_wconf 81' lang='lat' dir='ltr'><strong>expeditione,</strong></span> 
     </span>
    </p>
   </div>
   <div class='ocr_carea' id='block_1_18' title="bbox 220 1685 1882 1760">
    <p class='ocr_par' dir='ltr' id='par_1_18' title="bbox 220 1685 1882 1760">
     <span class='ocr_line' id='line_1_18' title="bbox 220 1685 1882 1760; baseline -0.003 -19"><span class='ocrx_word' id='word_1_114' title='bbox 220 1703 410 1760; x_wconf 90' lang='lat' dir='ltr'><strong>quam</strong></span> <span class='ocrx_word' id='word_1_115' title='bbox 441 1695 648 1743; x_wconf 90' lang='lat' dir='ltr'><strong>contra</strong></span> <span class='ocrx_word' id='word_1_116' title='bbox 677 1687 947 1742; x_wconf 86' lang='lat' dir='ltr'><strong>Alexium</strong></span> <span class='ocrx_word' id='word_1_117' title='bbox 997 1689 1418 1758; x_wconf 85' lang='lat' dir='ltr'><strong>imperatorem</strong></span> <span class='ocrx_word' id='word_1_118' title='bbox 1468 1685 1778 1746; x_wconf 88' lang='lat' dir='ltr'><strong>habuerat,</strong></span> <span class='ocrx_word' id='word_1_119' title='bbox 1813 1698 1882 1737; x_wconf 91' lang='lat' dir='ltr'><strong>ac</strong></span> 
     </span>
    </p>
   </div>
   <div class='ocr_carea' id='block_1_19' title="bbox 221 1771 1882 1848">
    <p class='ocr_par' dir='ltr' id='par_1_19' title="bbox 221 1771 1882 1848">
     <span class='ocr_line' id='line_1_19' title="bbox 221 1771 1882 1848; baseline -0.003 -18"><span class='ocrx_word' id='word_1_120' title='bbox 221 1777 473 1831; x_wconf 90' lang='lat' dir='ltr'><strong>demum</strong></span> <span class='ocrx_word' id='word_1_121' title='bbox 505 1776 833 1848; x_wconf 88' lang='lat' dir='ltr'><strong>capellanis</strong></span> <span class='ocrx_word' id='word_1_122' title='bbox 860 1779 983 1832; x_wconf 91' lang='lat' dir='ltr'><strong>suis</strong></span> <span class='ocrx_word' id='word_1_123' title='bbox 1011 1777 1088 1832; x_wconf 90' lang='lat' dir='ltr'><strong>ad</strong></span> <span class='ocrx_word' id='word_1_124' title='bbox 1118 1781 1368 1831; x_wconf 91' lang='lat' dir='ltr'><strong>mortem</strong></span> <span class='ocrx_word' id='word_1_125' title='bbox 1389 1774 1725 1844; x_wconf 89' lang='lat' dir='ltr'><strong>reliquerat,</strong></span> <span class='ocrx_word' id='word_1_126' title='bbox 1745 1771 1882 1842; x_wconf 89' lang='lat' dir='ltr'><strong>ipsi-</strong></span> 
     </span>
    </p>
   </div>
   <div class='ocr_carea' id='block_1_20' title="bbox 220 1861 1878 1937">
    <p class='ocr_par' dir='ltr' id='par_1_20' title="bbox 220 1861 1878 1937">
     <span class='ocr_line' id='line_1_20' title="bbox 220 1861 1878 1937; baseline -0.002 -18"><span class='ocrx_word' id='word_1_127' title='bbox 220 1881 342 1937; x_wconf 91' lang='lat' dir='ltr'><strong>que</strong></span> <span class='ocrx_word' id='word_1_128' title='bbox 374 1868 760 1937; x_wconf 84' lang='lat' dir='ltr'><strong>postmodum</strong></span> <span class='ocrx_word' id='word_1_129' title='bbox 795 1866 854 1920; x_wconf 93' lang='lat' dir='ltr'><strong>in</strong></span> <span class='ocrx_word' id='word_1_130' title='bbox 883 1866 975 1920; x_wconf 89' lang='lat' dir='ltr'><strong>die</strong></span> <span class='ocrx_word' id='word_1_131' title='bbox 1011 1866 1207 1920; x_wconf 90' lang='lat' dir='ltr'><strong>obitus</strong></span> <span class='ocrx_word' id='word_1_132' title='bbox 1239 1864 1328 1918; x_wconf 92' lang='lat' dir='ltr'><strong>sui</strong></span> <span class='ocrx_word' id='word_1_133' title='bbox 1372 1862 1485 1918; x_wconf 91' lang='lat' dir='ltr'><strong>sibi</strong></span> <span class='ocrx_word' id='word_1_134' title='bbox 1511 1861 1878 1926; x_wconf 85' lang='lat' dir='ltr'><strong>dimiserant,</strong></span> 
     </span>
    </p>
   </div>
   <div class='ocr_carea' id='block_1_21' title="bbox 222 1949 1884 2023">
    <p class='ocr_par' dir='ltr' id='par_1_21' title="bbox 222 1949 1884 2023">
     <span class='ocr_line' id='line_1_21' title="bbox 222 1949 1884 2023; baseline -0.003 -14"><span class='ocrx_word' id='word_1_135' title='bbox 222 1953 424 2009; x_wconf 88' lang='lat' dir='ltr'><strong>abbas</strong></span> <span class='ocrx_word' id='word_1_136' title='bbox 470 1971 708 2010; x_wconf 90' lang='lat' dir='ltr'><strong>monere</strong></span> <span class='ocrx_word' id='word_1_137' title='bbox 758 1954 889 2009; x_wconf 93' lang='lat' dir='ltr'><strong>illos</strong></span> <span class='ocrx_word' id='word_1_138' title='bbox 940 1954 1217 2010; x_wconf 88' lang='lat' dir='ltr'><strong>attentius</strong></span> <span class='ocrx_word' id='word_1_139' title='bbox 1258 1953 1457 2023; x_wconf 73' lang='lat' dir='ltr'><strong>cmpit,</strong></span> <span class='ocrx_word' id='word_1_140' title='bbox 1491 1956 1553 2006; x_wconf 92' lang='lat' dir='ltr'><strong>ut</strong></span> <span class='ocrx_word' id='word_1_141' title='bbox 1599 1955 1762 2006; x_wconf 89' lang='lat' dir='ltr'><strong>tanta</strong></span> <span class='ocrx_word' id='word_1_142' title='bbox 1799 1949 1884 2004; x_wconf 85' lang='lat' dir='ltr'><strong>di-</strong></span> 
     </span>
    </p>
   </div>
   <div class='ocr_carea' id='block_1_22' title="bbox 222 2042 1460 2114">
    <p class='ocr_par' dir='ltr' id='par_1_22' title="bbox 222 2042 1460 2114">
     <span class='ocr_line' id='line_1_22' title="bbox 222 2042 1460 2114; baseline -0.003 -16"><span class='ocrx_word' id='word_1_143' title='bbox 222 2044 440 2114; x_wconf 88' lang='lat' dir='ltr'><strong>gniora</strong></span> <span class='ocrx_word' id='word_1_144' title='bbox 468 2045 765 2099; x_wconf 89' lang='lat' dir='ltr'><strong>Casinensi</strong></span> <span class='ocrx_word' id='word_1_145' title='bbox 799 2043 1075 2099; x_wconf 67' lang='lat' dir='ltr'><strong>coenobio</strong></span> <span class='ocrx_word' id='word_1_146' title='bbox 1107 2042 1460 2098; x_wconf 90' lang='lat' dir='ltr'><strong>conferrent.</strong></span> 
     </span>
    </p>
   </div>
   <div class='ocr_carea' id='block_1_23' title="bbox 297 2129 1879 2200">
    <p class='ocr_par' dir='ltr' id='par_1_23' title="bbox 297 2129 1879 2200">
     <span class='ocr_line' id='line_1_23' title="bbox 297 2129 1879 2200; baseline -0.004 -13"><span class='ocrx_word' id='word_1_147' title='bbox 297 2131 386 2187; x_wconf 83' lang='lat'><strong>93.</strong></span> <span class='ocrx_word' id='word_1_148' title='bbox 426 2153 449 2183; x_wconf 77' lang='grc' dir='ltr'>α</span> <span class='ocrx_word' id='word_1_149' title='bbox 477 2132 556 2187; x_wconf 93' lang='lat' dir='ltr'><strong>llli</strong></span> <span class='ocrx_word' id='word_1_150' title='bbox 579 2139 776 2187; x_wconf 91' lang='lat' dir='ltr'><strong>autem</strong></span> <span class='ocrx_word' id='word_1_151' title='bbox 804 2132 971 2188; x_wconf 91' lang='lat' dir='ltr'><strong>ocius</strong></span> <span class='ocrx_word' id='word_1_152' title='bbox 1005 2149 1064 2186; x_wconf 90' lang='lat' dir='ltr'><strong>se</strong></span> <span class='ocrx_word' id='word_1_153' title='bbox 1095 2131 1224 2187; x_wconf 65' lang='lat' dir='ltr'><strong>haec</strong></span> <span class='ocrx_word' id='word_1_154' title='bbox 1257 2129 1577 2200; x_wconf 85' lang='lat' dir='ltr'><strong>adimplere</strong></span> <span class='ocrx_word' id='word_1_155' title='bbox 1605 2129 1879 2192; x_wconf 79' lang='lat' dir='ltr'><strong>fatentur,</strong></span> 
     </span>
    </p>
   </div>
   <div class='ocr_carea' id='block_1_24' title="bbox 223 2217 1883 2294">
    <p class='ocr_par' dir='ltr' id='par_1_24' title="bbox 223 2217 1883 2294">
     <span class='ocr_line' id='line_1_24' title="bbox 223 2217 1883 2294; baseline -0.004 -18"><span class='ocrx_word' id='word_1_156' title='bbox 223 2222 274 2276; x_wconf 89' lang='lat' dir='ltr'><strong>si</strong></span> <span class='ocrx_word' id='word_1_157' title='bbox 305 2221 497 2276; x_wconf 90' lang='lat' dir='ltr'><strong>abbas</strong></span> <span class='ocrx_word' id='word_1_158' title='bbox 530 2221 659 2277; x_wconf 91' lang='lat' dir='ltr'><strong>illos</strong></span> <span class='ocrx_word' id='word_1_159' title='bbox 703 2237 1084 2294; x_wconf 86' lang='lat' dir='ltr'><strong>quacumque</strong></span> <span class='ocrx_word' id='word_1_160' title='bbox 1124 2223 1270 2276; x_wconf 91' lang='lat' dir='ltr'><strong>hora</strong></span> <span class='ocrx_word' id='word_1_161' title='bbox 1324 2221 1402 2276; x_wconf 91' lang='lat' dir='ltr'><strong>ad</strong></span> <span class='ocrx_word' id='word_1_162' title='bbox 1433 2217 1883 2275; x_wconf 87' lang='lat' dir='ltr'><strong>conversionem</strong></span> 
     </span>
    </p>
   </div>
   <div class='ocr_carea' id='block_1_25' title="bbox 224 2305 1883 2383">
    <p class='ocr_par' dir='ltr' id='par_1_25' title="bbox 224 2305 1883 2383">
     <span class='ocr_line' id='line_1_25' title="bbox 224 2305 1883 2383; baseline -0.003 -18"><span class='ocrx_word' id='word_1_163' title='bbox 224 2312 422 2366; x_wconf 90' lang='lat' dir='ltr'><strong>venire</strong></span> <span class='ocrx_word' id='word_1_164' title='bbox 468 2311 702 2376; x_wconf 83' lang='lat' dir='ltr'><strong>vellent,</strong></span> <span class='ocrx_word' id='word_1_165' title='bbox 739 2311 966 2383; x_wconf 90' lang='lat' dir='ltr'><strong>absque</strong></span> <span class='ocrx_word' id='word_1_166' title='bbox 1012 2311 1211 2382; x_wconf 88' lang='lat' dir='ltr'><strong>aliquo</strong></span> <span class='ocrx_word' id='word_1_167' title='bbox 1255 2310 1443 2381; x_wconf 90' lang='lat' dir='ltr'><strong>pretio</strong></span> <span class='ocrx_word' id='word_1_168' title='bbox 1486 2308 1618 2364; x_wconf 93' lang='lat' dir='ltr'><strong>illos</strong></span> <span class='ocrx_word' id='word_1_169' title='bbox 1661 2308 1720 2361; x_wconf 92' lang='lat' dir='ltr'><strong>in</strong></span> <span class='ocrx_word' id='word_1_170' title='bbox 1768 2305 1883 2361; x_wconf 90' lang='lat' dir='ltr'><strong>hoc</strong></span> 
     </span>
    </p>
   </div>
   <div class='ocr_carea' id='block_1_26' title="bbox 226 2396 1882 2471">
    <p class='ocr_par' dir='ltr' id='par_1_26' title="bbox 226 2396 1882 2471">
     <span class='ocr_line' id='line_1_26' title="bbox 226 2396 1882 2471; baseline -0.002 -16"><span class='ocrx_word' id='word_1_171' title='bbox 226 2400 594 2455; x_wconf 89' lang='lat' dir='ltr'><strong>monasterio</strong></span> <span class='ocrx_word' id='word_1_172' title='bbox 615 2402 916 2471; x_wconf 86' lang='lat' dir='ltr'><strong>reciperet.</strong></span> <span class='ocrx_word' id='word_1_173' title='bbox 940 2399 1110 2466; x_wconf 89' lang='lat' dir='ltr'><strong>Quod</strong></span> <span class='ocrx_word' id='word_1_174' title='bbox 1129 2415 1266 2454; x_wconf 89' lang='lat' dir='ltr'><strong>cum</strong></span> <span class='ocrx_word' id='word_1_175' title='bbox 1288 2399 1480 2454; x_wconf 90' lang='lat' dir='ltr'><strong>abbas</strong></span> <span class='ocrx_word' id='word_1_176' title='bbox 1501 2396 1882 2452; x_wconf 88' lang='lat' dir='ltr'><strong>libentissime</strong></span> 
     </span>
    </p>
   </div>
   <div class='ocr_carea' id='block_1_27' title="bbox 225 2487 1882 2561">
    <p class='ocr_par' dir='ltr' id='par_1_27' title="bbox 225 2487 1882 2561">
     <span class='ocr_line' id='line_1_27' title="bbox 225 2487 1882 2561; baseline -0.002 -18"><span class='ocrx_word' id='word_1_177' title='bbox 225 2505 288 2544; x_wconf 91' lang='lat' dir='ltr'><strong>se</strong></span> <span class='ocrx_word' id='word_1_178' title='bbox 315 2488 699 2560; x_wconf 90' lang='lat' dir='ltr'><strong>impleturum</strong></span> <span class='ocrx_word' id='word_1_179' title='bbox 725 2489 1160 2561; x_wconf 89' lang='lat' dir='ltr'><strong>spopondisset,</strong></span> <span class='ocrx_word' id='word_1_180' title='bbox 1204 2489 1283 2543; x_wconf 93' lang='lat' dir='ltr'><strong>illi</strong></span> <span class='ocrx_word' id='word_1_181' title='bbox 1303 2487 1613 2542; x_wconf 87' lang='lat' dir='ltr'><strong>confestim</strong></span> <span class='ocrx_word' id='word_1_182' title='bbox 1643 2489 1882 2541; x_wconf 88' lang='lat' dir='ltr'><strong>sanctas</strong></span> 
     </span>
    </p>
   </div>
   <div class='ocr_carea' id='block_1_28' title="bbox 223 2575 1881 2650">
    <p class='ocr_par' dir='ltr' id='par_1_28' title="bbox 223 2575 1881 2650">
     <span class='ocr_line' id='line_1_28' title="bbox 223 2575 1881 2650; baseline -0.004 -17"><span class='ocrx_word' id='word_1_183' title='bbox 223 2577 512 2650; x_wconf 87' lang='lat' dir='ltr'><strong>reliquias</strong></span> <span class='ocrx_word' id='word_1_184' title='bbox 553 2579 625 2633; x_wconf 87' lang='lat' dir='ltr'><strong>ad</strong></span> <span class='ocrx_word' id='word_1_185' title='bbox 665 2579 825 2634; x_wconf 89' lang='lat' dir='ltr'><strong>hunc</strong></span> <span class='ocrx_word' id='word_1_186' title='bbox 878 2580 1076 2636; x_wconf 90' lang='lat' dir='ltr'><strong>locum</strong></span> <span class='ocrx_word' id='word_1_187' title='bbox 1126 2577 1400 2633; x_wconf 84' lang='lat' dir='ltr'><strong>ferendas</strong></span> <span class='ocrx_word' id='word_1_188' title='bbox 1446 2576 1639 2631; x_wconf 92' lang='lat' dir='ltr'><strong>eidem</strong></span> <span class='ocrx_word' id='word_1_189' title='bbox 1685 2575 1881 2629; x_wconf 91' lang='lat' dir='ltr'><strong>abbati</strong></span> 
     </span>
    </p>
   </div>
   <div class='ocr_carea' id='block_1_29' title="bbox 226 2665 1882 2738">
    <p class='ocr_par' dir='ltr' id='par_1_29' title="bbox 226 2665 1882 2738">
     <span class='ocr_line' id='line_1_29' title="bbox 226 2665 1882 2738; baseline -0.004 -16"><span class='ocrx_word' id='word_1_190' title='bbox 226 2667 612 2723; x_wconf 88' lang='lat' dir='ltr'><strong>contradunt.</strong></span> <span class='ocrx_word' id='word_1_191' title='bbox 660 2667 1000 2738; x_wconf 90' lang='lat' dir='ltr'><strong>Suscipiens</strong></span> <span class='ocrx_word' id='word_1_192' title='bbox 1040 2668 1215 2736; x_wconf 78' lang='lat' dir='ltr'><strong>igitur</strong></span> <span class='ocrx_word' id='word_1_193' title='bbox 1241 2665 1394 2720; x_wconf 91' lang='lat' dir='ltr'><strong>idem</strong></span> <span class='ocrx_word' id='word_1_194' title='bbox 1426 2665 1615 2720; x_wconf 90' lang='lat' dir='ltr'><strong>abbas</strong></span> <span class='ocrx_word' id='word_1_195' title='bbox 1642 2667 1882 2718; x_wconf 91' lang='lat' dir='ltr'><strong>sanctas</strong></span> 
     </span>
    </p>
   </div>
   <div class='ocr_carea' id='block_1_30' title="bbox 223 2755 1882 2830">
    <p class='ocr_par' dir='ltr' id='par_1_30' title="bbox 223 2755 1882 2830">
     <span class='ocr_line' id='line_1_30' title="bbox 223 2755 1882 2830; baseline -0.003 -16"><span class='ocrx_word' id='word_1_196' title='bbox 223 2757 538 2829; x_wconf 87' lang='lat' dir='ltr'><strong>reliquias,</strong></span> <span class='ocrx_word' id='word_1_197' title='bbox 599 2757 823 2830; x_wconf 90' lang='lat' dir='ltr'><strong>diuque</strong></span> <span class='ocrx_word' id='word_1_198' title='bbox 868 2757 1244 2822; x_wconf 86' lang='lat' dir='ltr'><strong>deosculans,</strong></span> <span class='ocrx_word' id='word_1_199' title='bbox 1304 2772 1406 2827; x_wconf 92' lang='lat' dir='ltr'><strong>per</strong></span> <span class='ocrx_word' id='word_1_200' title='bbox 1445 2755 1625 2826; x_wconf 90' lang='lat' dir='ltr'><strong>hujus</strong></span> <span class='ocrx_word' id='word_1_201' title='bbox 1667 2759 1882 2809; x_wconf 71' lang='lat' dir='ltr'><strong>nostrae</strong></span> 
     </span>
    </p>
   </div>
   <div class='ocr_carea' id='block_1_31' title="bbox 225 2845 1882 2917">
    <p class='ocr_par' dir='ltr' id='par_1_31' title="bbox 225 2845 1882 2917">
     <span class='ocr_line' id='line_1_31' title="bbox 225 2845 1882 2917; baseline -0.004 -14"><span class='ocrx_word' id='word_1_202' title='bbox 225 2846 712 2917; x_wconf 82' lang='lat' dir='ltr'><strong>congregationis</strong></span> <span class='ocrx_word' id='word_1_203' title='bbox 742 2849 947 2902; x_wconf 77' lang='lat' dir='ltr'><strong>fratres</strong></span> <span class='ocrx_word' id='word_1_204' title='bbox 974 2846 1050 2902; x_wconf 91' lang='lat' dir='ltr'><strong>ad</strong></span> <span class='ocrx_word' id='word_1_205' title='bbox 1095 2846 1208 2902; x_wconf 85' lang='lat' dir='ltr'><strong>hoc</strong></span> <span class='ocrx_word' id='word_1_206' title='bbox 1242 2845 1670 2900; x_wconf 90' lang='lat' dir='ltr'><strong>monasterium</strong></span> <span class='ocrx_word' id='word_1_207' title='bbox 1702 2849 1882 2898; x_wconf 88' lang='lat' dir='ltr'><strong>trans-</strong></span> 
     </span>
    </p>
   </div>
   <div class='ocr_carea' id='block_1_32' title="bbox 225 2935 1885 3006">
    <p class='ocr_par' dir='ltr' id='par_1_32' title="bbox 225 2935 1885 3006">
     <span class='ocr_line' id='line_1_32' title="bbox 225 2935 1885 3006; baseline -0.002 -15"><span class='ocrx_word' id='word_1_208' title='bbox 225 2935 458 2992; x_wconf 87' lang='lat' dir='ltr'><strong>mittere</strong></span> <span class='ocrx_word' id='word_1_209' title='bbox 507 2937 743 2992; x_wconf 88' lang='lat' dir='ltr'><strong>studuit.</strong></span> <span class='ocrx_word' id='word_1_210' title='bbox 805 2937 887 2992; x_wconf 77' lang='lat' dir='ltr'><strong>Ad</strong></span> <span class='ocrx_word' id='word_1_211' title='bbox 939 2936 1108 3006; x_wconf 91' lang='lat' dir='ltr'><strong>cujus</strong></span> <span class='ocrx_word' id='word_1_212' title='bbox 1153 2936 1467 2990; x_wconf 89' lang='lat' dir='ltr'><strong>adventum</strong></span> <span class='ocrx_word' id='word_1_213' title='bbox 1510 2949 1721 2989; x_wconf 90' lang='lat' dir='ltr'><strong>omnes</strong></span> <span class='ocrx_word' id='word_1_214' title='bbox 1776 2939 1885 2988; x_wconf 87' lang='lat' dir='ltr'><strong>ter-</strong></span> 
     </span>
    </p>
   </div>
   <div class='ocr_carea' id='block_1_33' title="bbox 225 3021 1884 3098">
    <p class='ocr_par' dir='ltr' id='par_1_33' title="bbox 225 3021 1884 3098">
     <span class='ocr_line' id='line_1_33' title="bbox 225 3021 1884 3098; baseline -0.002 -17"><span class='ocrx_word' id='word_1_215' title='bbox 225 3042 381 3093; x_wconf 91' lang='lat' dir='ltr'><strong>ram,</strong></span> <span class='ocrx_word' id='word_1_216' title='bbox 404 3025 507 3098; x_wconf 92' lang='lat' dir='ltr'><strong>qui</strong></span> <span class='ocrx_word' id='word_1_217' title='bbox 534 3025 690 3081; x_wconf 91' lang='lat' dir='ltr'><strong>hanc</strong></span> <span class='ocrx_word' id='word_1_218' title='bbox 713 3025 1151 3090; x_wconf 87' lang='lat' dir='ltr'><strong>inhabitabant,</strong></span> <span class='ocrx_word' id='word_1_219' title='bbox 1172 3041 1309 3080; x_wconf 88' lang='lat' dir='ltr'><strong>cum</strong></span> <span class='ocrx_word' id='word_1_220' title='bbox 1328 3023 1550 3091; x_wconf 84' lang='lat' dir='ltr'><strong>ingenti</strong></span> <span class='ocrx_word' id='word_1_221' title='bbox 1567 3021 1884 3078; x_wconf 89' lang='lat' dir='ltr'><strong>devotione</strong></span> 
     </span>
    </p>
   </div>
   <div class='ocr_carea' id='block_1_34' title="bbox 225 3111 1883 3186">
    <p class='ocr_par' dir='ltr' id='par_1_34' title="bbox 225 3111 1883 3186">
     <span class='ocr_line' id='line_1_34' title="bbox 225 3111 1883 3186; baseline -0.004 -15"><span class='ocrx_word' id='word_1_222' title='bbox 225 3122 284 3171; x_wconf 91' lang='lat' dir='ltr'><strong>et</strong></span> <span class='ocrx_word' id='word_1_223' title='bbox 310 3114 552 3185; x_wconf 85' lang='lat' dir='ltr'><strong>gaudio,</strong></span> <span class='ocrx_word' id='word_1_224' title='bbox 581 3113 819 3170; x_wconf 89' lang='lat' dir='ltr'><strong>obviam</strong></span> <span class='ocrx_word' id='word_1_225' title='bbox 850 3118 1288 3186; x_wconf 89' lang='lat' dir='ltr'><strong>processerunt.</strong></span> <span class='ocrx_word' id='word_1_226' title='bbox 1323 3115 1474 3169; x_wconf 91' lang='lat' dir='ltr'><strong>Sane</strong></span> <span class='ocrx_word' id='word_1_227' title='bbox 1491 3127 1629 3166; x_wconf 91' lang='lat' dir='ltr'><strong>cum</strong></span> <span class='ocrx_word' id='word_1_228' title='bbox 1649 3112 1775 3167; x_wconf 67' lang='lat' dir='ltr'><strong>hinc</strong></span> <span class='ocrx_word' id='word_1_229' title='bbox 1806 3111 1883 3166; x_wconf 88' lang='lat' dir='ltr'><strong>ad</strong></span> 
     </span>
    </p>
   </div>
   <div class='ocr_carea' id='block_1_35' title="bbox 1994 521 3640 605">
    <p class='ocr_par' dir='ltr' id='par_1_35' title="bbox 1994 521 3640 605">
     <span class='ocr_line' id='line_1_35' title="bbox 1994 521 3640 605; baseline 0.012 -32"><span class='ocrx_word' id='word_1_230' title='bbox 1994 527 2106 586; x_wconf 87' lang='lat' dir='ltr'><strong>vat,</strong></span> <span class='ocrx_word' id='word_1_231' title='bbox 2143 521 2282 576; x_wconf 91' lang='lat' dir='ltr'><strong>olim</strong></span> <span class='ocrx_word' id='word_1_232' title='bbox 2314 531 2438 580; x_wconf 87' lang='lat' dir='ltr'><strong>erat</strong></span> <span class='ocrx_word' id='word_1_233' title='bbox 2467 527 2754 592; x_wconf 81' lang='lat' dir='ltr'><strong>Fratr‘um,</strong></span> <span class='ocrx_word' id='word_1_234' title='bbox 2789 531 2889 600; x_wconf 92' lang='lat' dir='ltr'><strong>qui</strong></span> <span class='ocrx_word' id='word_1_235' title='bbox 2920 532 3300 602; x_wconf 90' lang='lat' dir='ltr'><strong>appellantur</strong></span> <span class='ocrx_word' id='word_1_236' title='bbox 3341 534 3640 605; x_wconf 88' lang='lat' dir='ltr'><strong>Cruciferi,</strong></span> 
     </span>
    </p>
   </div>
   <div class='ocr_carea' id='block_1_36' title="bbox 1994 612 3641 689">
    <p class='ocr_par' dir='ltr' id='par_1_36' title="bbox 1994 612 3641 689">
     <span class='ocr_line' id='line_1_36' title="bbox 1994 612 3641 689; baseline 0.012 -26"><span class='ocrx_word' id='word_1_237' title='bbox 1994 625 2153 664; x_wconf 92' lang='lat' dir='ltr'><strong>nunc</strong></span> <span class='ocrx_word' id='word_1_238' title='bbox 2177 617 2265 666; x_wconf 92' lang='lat' dir='ltr'><strong>est</strong></span> <span class='ocrx_word' id='word_1_239' title='bbox 2297 612 2409 668; x_wconf 92' lang='lat' dir='ltr'><strong>sub</strong></span> <span class='ocrx_word' id='word_1_240' title='bbox 2441 630 2583 670; x_wconf 89' lang='lat' dir='ltr'><strong>cura</strong></span> <span class='ocrx_word' id='word_1_241' title='bbox 2617 619 2881 672; x_wconf 89' lang='lat' dir='ltr'><strong>Fratrum</strong></span> <span class='ocrx_word' id='word_1_242' title='bbox 2908 623 2963 675; x_wconf 91' lang='lat' dir='ltr'><strong>S.</strong></span> <span class='ocrx_word' id='word_1_243' title='bbox 2997 621 3331 689; x_wconf 79' lang='lat' dir='ltr'><strong>Augustini,</strong></span> <span class='ocrx_word' id='word_1_244' title='bbox 3359 626 3641 681; x_wconf 90' lang='lat' dir='ltr'><strong>nimirum</strong></span> 
     </span>
    </p>
   </div>
   <div class='ocr_carea' id='block_1_37' title="bbox 1995 698 3645 772">
    <p class='ocr_par' dir='ltr' id='par_1_37' title="bbox 1995 698 3645 772">
     <span class='ocr_line' id='line_1_37' title="bbox 1995 698 3645 772; baseline 0.012 -21"><span class='ocrx_word' id='word_1_245' title='bbox 1995 698 2433 769; x_wconf 83' lang='lat' dir='ltr'><strong>Hybernorum,</strong></span> <span class='ocrx_word' id='word_1_246' title='bbox 2479 710 2540 758; x_wconf 90' lang='lat' dir='ltr'><strong>ut</strong></span> <span class='ocrx_word' id='word_1_247' title='bbox 2584 705 2749 761; x_wconf 88' lang='lat' dir='ltr'><strong>addit</strong></span> <span class='ocrx_word' id='word_1_248' title='bbox 2789 712 2996 764; x_wconf 90' lang='lat' dir='ltr'><strong>auctor</strong></span> <span class='ocrx_word' id='word_1_249' title='bbox 3017 712 3488 768; x_wconf 90' lang='lat' dir='ltr'><strong>recentissimus.</strong></span> <span class='ocrx_word' id='word_1_250' title='bbox 3535 715 3645 772; x_wconf 85' lang='lat' dir='ltr'><strong>0b-</strong></span> 
     </span>
    </p>
   </div>
   <div class='ocr_carea' id='block_1_38' title="bbox 1993 797 3646 862">
    <p class='ocr_par' dir='ltr' id='par_1_38' title="bbox 1993 797 3646 862">
     <span class='ocr_line' id='line_1_38' title="bbox 1993 797 3646 862; baseline 0.01 -20"><span class='ocrx_word' id='word_1_251' title='bbox 1993 797 2232 844; x_wconf 89' lang='lat' dir='ltr'><strong>servant</strong></span> <span class='ocrx_word' id='word_1_252' title='bbox 2265 799 2546 862; x_wconf 66' lang='lat' dir='ltr'><strong>praeterea</strong></span> <span class='ocrx_word' id='word_1_253' title='bbox 2576 801 2867 862; x_wconf 90' lang='lat' dir='ltr'><strong>auctores,</strong></span> <span class='ocrx_word' id='word_1_254' title='bbox 2909 799 3226 855; x_wconf 90' lang='lat' dir='ltr'><strong>ecclesiam</strong></span> <span class='ocrx_word' id='word_1_255' title='bbox 3255 801 3416 857; x_wconf 91' lang='lat' dir='ltr'><strong>illam</strong></span> <span class='ocrx_word' id='word_1_256' title='bbox 3448 819 3646 858; x_wconf 86' lang='lat' dir='ltr'><strong>recen-</strong></span> 
     </span>
    </p>
   </div>
   <div class='ocr_carea' id='block_1_39' title="bbox 1995 878 3648 962">
    <p class='ocr_par' dir='ltr' id='par_1_39' title="bbox 1995 878 3648 962">
     <span class='ocr_line' id='line_1_39' title="bbox 1995 878 3648 962; baseline 0.011 -31"><span class='ocrx_word' id='word_1_257' title='bbox 1995 878 2106 932; x_wconf 90' lang='lat' dir='ltr'><strong>seri</strong></span> <span class='ocrx_word' id='word_1_258' title='bbox 2158 880 2306 935; x_wconf 90' lang='lat' dir='ltr'><strong>inter</strong></span> <span class='ocrx_word' id='word_1_259' title='bbox 2365 881 2563 937; x_wconf 89' lang='lat' dir='ltr'><strong>titulos</strong></span> <span class='ocrx_word' id='word_1_260' title='bbox 2605 885 3034 955; x_wconf 88' lang='lat' dir='ltr'><strong>Cardinalitios,</strong></span> <span class='ocrx_word' id='word_1_261' title='bbox 3094 895 3149 945; x_wconf 92' lang='lat' dir='ltr'><strong>et</strong></span> <span class='ocrx_word' id='word_1_262' title='bbox 3199 890 3448 962; x_wconf 88' lang='lat' dir='ltr'><strong>quidem</strong></span> <span class='ocrx_word' id='word_1_263' title='bbox 3496 892 3648 948; x_wconf 91' lang='lat' dir='ltr'><strong>inter</strong></span> 
     </span>
    </p>
   </div>
   <div class='ocr_carea' id='block_1_40' title="bbox 1993 966 3645 1046">
    <p class='ocr_par' dir='ltr' id='par_1_40' title="bbox 1993 966 3645 1046">
     <span class='ocr_line' id='line_1_40' title="bbox 1993 966 3645 1046; baseline 0.01 -24"><span class='ocrx_word' id='word_1_264' title='bbox 1993 966 2377 1038; x_wconf 90' lang='lat' dir='ltr'><strong>antiquiores,</strong></span> <span class='ocrx_word' id='word_1_265' title='bbox 2431 978 2488 1024; x_wconf 91' lang='lat' dir='ltr'><strong>ut</strong></span> <span class='ocrx_word' id='word_1_266' title='bbox 2538 971 2802 1046; x_wconf 88' lang='lat' dir='ltr'><strong>plerique</strong></span> <span class='ocrx_word' id='word_1_267' title='bbox 2852 977 3096 1032; x_wconf 88' lang='lat' dir='ltr'><strong>addunt.</strong></span> <span class='ocrx_word' id='word_1_268' title='bbox 3149 981 3422 1035; x_wconf 82' lang='lat' dir='ltr'><strong>Nonnulli</strong></span> <span class='ocrx_word' id='word_1_269' title='bbox 3463 983 3645 1038; x_wconf 91' lang='lat' dir='ltr'><strong>etiam</strong></span> 
     </span>
    </p>
   </div>
   <div class='ocr_carea' id='block_1_41' title="bbox 1994 1063 3646 1142">
    <p class='ocr_par' dir='ltr' id='par_1_41' title="bbox 1994 1063 3646 1142">
     <span class='ocr_line' id='line_1_41' title="bbox 1994 1063 3646 1142; baseline 0.01 -31"><span class='ocrx_word' id='word_1_270' title='bbox 1994 1063 2290 1121; x_wconf 87' lang='lat' dir='ltr'><strong>asserunt,</strong></span> <span class='ocrx_word' id='word_1_271' title='bbox 2314 1063 3326 1124; x_wconf 87' lang='lat' dir='ltr'><strong>constructamfuissecircaannum</strong></span> <span class='ocrx_word' id='word_1_272' title='bbox 3353 1074 3455 1126; x_wconf 87' lang='lat'><strong>600</strong></span> <span class='ocrx_word' id='word_1_273' title='bbox 3482 1072 3646 1142; x_wconf 86' lang='lat' dir='ltr'><strong>quod</strong></span> 
     </span>
    </p>
   </div>
   <div class='ocr_carea' id='block_1_42' title="bbox 1995 1146 3644 1225">
    <p class='ocr_par' dir='ltr' id='par_1_42' title="bbox 1995 1146 3644 1225">
     <span class='ocr_line' id='line_1_42' title="bbox 1995 1146 3644 1225; baseline 0.011 -25"><span class='ocrx_word' id='word_1_274' title='bbox 1995 1160 2115 1200; x_wconf 93' lang='lat' dir='ltr'><strong>non</strong></span> <span class='ocrx_word' id='word_1_275' title='bbox 2146 1146 2307 1202; x_wconf 92' lang='lat' dir='ltr'><strong>lubet</strong></span> <span class='ocrx_word' id='word_1_276' title='bbox 2351 1150 2712 1206; x_wconf 86' lang='lat' dir='ltr'><strong>examinare.</strong></span> <span class='ocrx_word' id='word_1_277' title='bbox 2756 1153 2876 1208; x_wconf 84' lang='lat' dir='ltr'><strong>Hoc</strong></span> <span class='ocrx_word' id='word_1_278' title='bbox 2916 1155 3133 1211; x_wconf 90' lang='lat' dir='ltr'><strong>certius</strong></span> <span class='ocrx_word' id='word_1_279' title='bbox 3163 1164 3269 1225; x_wconf 90' lang='lat' dir='ltr'><strong>est,</strong></span> <span class='ocrx_word' id='word_1_280' title='bbox 3305 1159 3644 1217; x_wconf 78' lang='lat' dir='ltr'><strong>dedicatam</strong></span> 
     </span>
    </p>
   </div>
   <div class='ocr_carea' id='block_1_43' title="bbox 1995 1233 3646 1320">
    <p class='ocr_par' dir='ltr' id='par_1_43' title="bbox 1995 1233 3646 1320">
     <span class='ocr_line' id='line_1_43' title="bbox 1995 1233 3646 1320; baseline 0.011 -32"><span class='ocrx_word' id='word_1_281' title='bbox 1995 1233 2173 1290; x_wconf 83' lang='lat' dir='ltr'><strong>fuisse</strong></span> <span class='ocrx_word' id='word_1_282' title='bbox 2226 1252 2262 1291; x_wconf 92' lang='lat' dir='ltr'><strong>a</strong></span> <span class='ocrx_word' id='word_1_283' title='bbox 2312 1236 2596 1293; x_wconf 89' lang='lat' dir='ltr'><strong>Paschale</strong></span> <span class='ocrx_word' id='word_1_284' title='bbox 2645 1240 2709 1306; x_wconf 89' lang='lat' dir='ltr'><strong>ll,</strong></span> <span class='ocrx_word' id='word_1_285' title='bbox 2774 1244 2891 1298; x_wconf 86' lang='lat' dir='ltr'><strong>sive</strong></span> <span class='ocrx_word' id='word_1_286' title='bbox 2946 1244 3004 1298; x_wconf 92' lang='lat' dir='ltr'><strong>id</strong></span> <span class='ocrx_word' id='word_1_287' title='bbox 3037 1245 3258 1302; x_wconf 83' lang='lat' dir='ltr'><strong>factum</strong></span> <span class='ocrx_word' id='word_1_288' title='bbox 3309 1248 3482 1303; x_wconf 86' lang='lat' dir='ltr'><strong>fuerit</strong></span> <span class='ocrx_word' id='word_1_289' title='bbox 3515 1256 3646 1320; x_wconf 86' lang='lat' dir='ltr'><strong>post</strong></span> 
     </span>
    </p>
   </div>
   <div class='ocr_carea' id='block_1_44' title="bbox 1994 1326 3642 1404">
    <p class='ocr_par' dir='ltr' id='par_1_44' title="bbox 1994 1326 3642 1404">
     <span class='ocr_line' id='line_1_44' title="bbox 1994 1326 3642 1404; baseline 0.01 -26"><span class='ocrx_word' id='word_1_290' title='bbox 1994 1326 2489 1381; x_wconf 88' lang='lat' dir='ltr'><strong>constructionem</strong></span> <span class='ocrx_word' id='word_1_291' title='bbox 2515 1328 2793 1398; x_wconf 88' lang='lat' dir='ltr'><strong>primam,</strong></span> <span class='ocrx_word' id='word_1_292' title='bbox 2827 1331 2948 1386; x_wconf 89' lang='lat' dir='ltr'><strong>sive</strong></span> <span class='ocrx_word' id='word_1_293' title='bbox 2973 1340 3107 1404; x_wconf 90' lang='lat' dir='ltr'><strong>post</strong></span> <span class='ocrx_word' id='word_1_294' title='bbox 3134 1335 3642 1394; x_wconf 85' lang='lat' dir='ltr'><strong>instaurationem.</strong></span> 
     </span>
    </p>
   </div>
   <div class='ocr_carea' id='block_1_45' title="bbox 1996 1413 3644 1491">
    <p class='ocr_par' dir='ltr' id='par_1_45' title="bbox 1996 1413 3644 1491">
     <span class='ocr_line' id='line_1_45' title="bbox 1996 1413 3644 1491; baseline 0.01 -25"><span class='ocrx_word' id='word_1_295' title='bbox 1996 1413 2218 1468; x_wconf 88' lang='lat' dir='ltr'><strong>Etenim</strong></span> <span class='ocrx_word' id='word_1_296' title='bbox 2252 1414 2529 1471; x_wconf 91' lang='lat' dir='ltr'><strong>laudatus</strong></span> <span class='ocrx_word' id='word_1_297' title='bbox 2553 1417 2914 1475; x_wconf 89' lang='lat' dir='ltr'><strong>Martinellus</strong></span> <span class='ocrx_word' id='word_1_298' title='bbox 2936 1421 3178 1491; x_wconf 89' lang='lat' dir='ltr'><strong>longam</strong></span> <span class='ocrx_word' id='word_1_299' title='bbox 3209 1425 3410 1481; x_wconf 88' lang='lat' dir='ltr'><strong>recitat</strong></span> <span class='ocrx_word' id='word_1_300' title='bbox 3441 1427 3644 1482; x_wconf 86' lang='lat' dir='ltr'><strong>inscri-</strong></span> 
     </span>
    </p>
   </div>
   <div class='ocr_carea' id='block_1_46' title="bbox 1993 1502 3647 1576">
    <p class='ocr_par' dir='ltr' id='par_1_46' title="bbox 1993 1502 3647 1576">
     <span class='ocr_line' id='line_1_46' title="bbox 1993 1502 3647 1576; baseline 0.01 -21"><span class='ocrx_word' id='word_1_301' title='bbox 1993 1502 2278 1572; x_wconf 90' lang='lat' dir='ltr'><strong>ptionem,</strong></span> <span class='ocrx_word' id='word_1_302' title='bbox 2334 1520 2468 1576; x_wconf 72' lang='lat' dir='ltr'><strong>qua:</strong></span> <span class='ocrx_word' id='word_1_303' title='bbox 2513 1509 2875 1565; x_wconf 84' lang='lat' dir='ltr'><strong>consecratio</strong></span> <span class='ocrx_word' id='word_1_304' title='bbox 2914 1510 3013 1567; x_wconf 89' lang='lat' dir='ltr'><strong>illa</strong></span> <span class='ocrx_word' id='word_1_305' title='bbox 3055 1515 3333 1569; x_wconf 87' lang='lat' dir='ltr'><strong>asseritur</strong></span> <span class='ocrx_word' id='word_1_306' title='bbox 3379 1516 3437 1571; x_wconf 91' lang='lat' dir='ltr'><strong>in</strong></span> <span class='ocrx_word' id='word_1_307' title='bbox 3488 1516 3647 1572; x_wconf 89' lang='lat' dir='ltr'><strong>hunc</strong></span> 
     </span>
    </p>
   </div>
   <div class='ocr_carea' id='block_1_47' title="bbox 1993 1592 3642 1662">
    <p class='ocr_par' dir='ltr' id='par_1_47' title="bbox 1993 1592 3642 1662">
     <span class='ocr_line' id='line_1_47' title="bbox 1993 1592 3642 1662; baseline 0.01 -17"><span class='ocrx_word' id='word_1_308' title='bbox 1993 1592 2264 1646; x_wconf 91' lang='lat' dir='ltr'><strong>modum.</strong></span> <span class='ocrx_word' id='word_1_309' title='bbox 2321 1594 2439 1648; x_wconf 88' lang='lat' dir='ltr'><strong>«In</strong></span> <span class='ocrx_word' id='word_1_310' title='bbox 2475 1597 2710 1652; x_wconf 88' lang='lat' dir='ltr'><strong>nomine</strong></span> <span class='ocrx_word' id='word_1_311' title='bbox 2751 1599 2984 1655; x_wconf 90' lang='lat' dir='ltr'><strong>Domini</strong></span> <span class='ocrx_word' id='word_1_312' title='bbox 3013 1603 3192 1657; x_wconf 91' lang='lat' dir='ltr'><strong>nostri</strong></span> <span class='ocrx_word' id='word_1_313' title='bbox 3224 1602 3367 1658; x_wconf 88' lang='lat' dir='ltr'><strong>Jesu</strong></span> <span class='ocrx_word' id='word_1_314' title='bbox 3409 1605 3642 1662; x_wconf 87' lang='lat' dir='ltr'><strong>Christi.</strong></span> 
     </span>
    </p>
   </div>
   <div class='ocr_carea' id='block_1_48' title="bbox 1993 1682 3648 1761">
    <p class='ocr_par' dir='ltr' id='par_1_48' title="bbox 1993 1682 3648 1761">
     <span class='ocr_line' id='line_1_48' title="bbox 1993 1682 3648 1761; baseline 0.011 -29"><span class='ocrx_word' id='word_1_315' title='bbox 1993 1682 2198 1735; x_wconf 83' lang='lat' dir='ltr'><strong>Amen.</strong></span> <span class='ocrx_word' id='word_1_316' title='bbox 2241 1687 2412 1738; x_wconf 85' lang='lat' dir='ltr'><strong>Anno</strong></span> <span class='ocrx_word' id='word_1_317' title='bbox 2459 1686 2886 1743; x_wconf 85' lang='lat' dir='ltr'><strong>Incarnationis</strong></span> <span class='ocrx_word' id='word_1_318' title='bbox 2944 1690 3267 1747; x_wconf 67' lang='lat' dir='ltr'><strong>Dominicae</strong></span> <span class='ocrx_word' id='word_1_319' title='bbox 3311 1694 3467 1761; x_wconf 78' lang='lat' dir='ltr'><strong>tuo,</strong></span> <span class='ocrx_word' id='word_1_320' title='bbox 3502 1695 3648 1750; x_wconf 88' lang='lat' dir='ltr'><strong>indi-</strong></span> 
     </span>
    </p>
   </div>
   <div class='ocr_carea' id='block_1_49' title="bbox 1992 1769 3645 1854">
    <p class='ocr_par' dir='ltr' id='par_1_49' title="bbox 1992 1769 3645 1854">
     <span class='ocr_line' id='line_1_49' title="bbox 1992 1769 3645 1854; baseline 0.01 -30"><span class='ocrx_word' id='word_1_321' title='bbox 1992 1769 2185 1824; x_wconf 91' lang='lat' dir='ltr'><strong>ctione</strong></span> <span class='ocrx_word' id='word_1_322' title='bbox 2217 1787 2296 1837; x_wconf 89' lang='lat' dir='ltr'><strong>Ill,</strong></span> <span class='ocrx_word' id='word_1_323' title='bbox 2330 1771 2473 1829; x_wconf 84' lang='lat' dir='ltr'><strong>feria</strong></span> <span class='ocrx_word' id='word_1_324' title='bbox 2491 1791 2541 1829; x_wconf 88' lang='lat' dir='ltr'><strong>v1</strong></span> <span class='ocrx_word' id='word_1_325' title='bbox 2572 1784 2800 1847; x_wconf 76' lang='lat' dir='ltr'><strong>quartae</strong></span> <span class='ocrx_word' id='word_1_326' title='bbox 2845 1778 3166 1836; x_wconf 68' lang='lat' dir='ltr'><strong>Dominicae</strong></span> <span class='ocrx_word' id='word_1_327' title='bbox 3219 1783 3276 1836; x_wconf 92' lang='lat' dir='ltr'><strong>in</strong></span> <span class='ocrx_word' id='word_1_328' title='bbox 3310 1783 3645 1854; x_wconf 83' lang='lat' dir='ltr'><strong>Quadrage-</strong></span> 
     </span>
    </p>
   </div>
   <div class='ocr_carea' id='block_1_50' title="bbox 1993 1858 3645 1937">
    <p class='ocr_par' dir='ltr' id='par_1_50' title="bbox 1993 1858 3645 1937">
     <span class='ocr_line' id='line_1_50' title="bbox 1993 1858 3645 1937; baseline 0.01 -25"><span class='ocrx_word' id='word_1_329' title='bbox 1993 1858 2161 1929; x_wconf 88' lang='lat' dir='ltr'><strong>sima,</strong></span> <span class='ocrx_word' id='word_1_330' title='bbox 2187 1861 2282 1916; x_wconf 86' lang='lat' dir='ltr'><strong>die</strong></span> <span class='ocrx_word' id='word_1_331' title='bbox 2309 1860 2742 1920; x_wconf 89' lang='lat' dir='ltr'><strong>Incarnationis</strong></span> <span class='ocrx_word' id='word_1_332' title='bbox 2781 1867 3051 1937; x_wconf 88' lang='lat' dir='ltr'><strong>ejusdem</strong></span> <span class='ocrx_word' id='word_1_333' title='bbox 3097 1872 3158 1924; x_wconf 91' lang='lat' dir='ltr'><strong>D.</strong></span> <span class='ocrx_word' id='word_1_334' title='bbox 3200 1870 3271 1926; x_wconf 89' lang='lat' dir='ltr'><strong>N.</strong></span> <span class='ocrx_word' id='word_1_335' title='bbox 3307 1873 3443 1927; x_wconf 86' lang='lat' dir='ltr'><strong>Jesu</strong></span> <span class='ocrx_word' id='word_1_336' title='bbox 3487 1875 3645 1930; x_wconf 91' lang='lat' dir='ltr'><strong>Chri-</strong></span> 
     </span>
    </p>
   </div>
   <div class='ocr_carea' id='block_1_51' title="bbox 1994 1949 3638 2029">
    <p class='ocr_par' dir='ltr' id='par_1_51' title="bbox 1994 1949 3638 2029">
     <span class='ocr_line' id='line_1_51' title="bbox 1994 1949 3638 2029; baseline 0.01 -27"><span class='ocrx_word' id='word_1_337' title='bbox 1994 1949 2089 2014; x_wconf 88' lang='lat' dir='ltr'><strong>sti,</strong></span> <span class='ocrx_word' id='word_1_338' title='bbox 2147 1950 2523 2020; x_wconf 85' lang='lat' dir='ltr'><strong>pontiﬁcatus</strong></span> <span class='ocrx_word' id='word_1_339' title='bbox 2571 1955 2631 2008; x_wconf 92' lang='lat' dir='ltr'><strong>D.</strong></span> <span class='ocrx_word' id='word_1_340' title='bbox 2694 1956 2990 2012; x_wconf 85' lang='lat' dir='ltr'><strong>Paschalis</strong></span> <span class='ocrx_word' id='word_1_341' title='bbox 3042 1960 3215 2029; x_wconf 65' lang='lat' dir='ltr'><strong>Papae</strong></span> <span class='ocrx_word' id='word_1_342' title='bbox 3276 1963 3318 2015; x_wconf 90' lang='lat' dir='ltr'><strong>II</strong></span> <span class='ocrx_word' id='word_1_343' title='bbox 3368 1977 3528 2018; x_wconf 88' lang='lat' dir='ltr'><strong>anno</strong></span> <span class='ocrx_word' id='word_1_344' title='bbox 3577 1967 3638 2021; x_wconf 84' lang='grc'><strong>11</strong></span> 
     </span>
    </p>
   </div>
   <div class='ocr_carea' id='block_1_52' title="bbox 1991 2036 3646 2118">
    <p class='ocr_par' dir='ltr' id='par_1_52' title="bbox 1991 2036 3646 2118">
     <span class='ocr_line' id='line_1_52' title="bbox 1991 2036 3646 2118; baseline 0.009 -26"><span class='ocrx_word' id='word_1_345' title='bbox 1991 2036 2225 2109; x_wconf 91' lang='lat' dir='ltr'><strong>(omnes</strong></span> <span class='ocrx_word' id='word_1_346' title='bbox 2257 2045 2409 2095; x_wconf 80' lang='lat' dir='ltr'><strong>notae</strong></span> <span class='ocrx_word' id='word_1_347' title='bbox 2441 2043 2808 2100; x_wconf 90' lang='lat' dir='ltr'><strong>concordant</strong></span> <span class='ocrx_word' id='word_1_348' title='bbox 2847 2061 3007 2101; x_wconf 93' lang='lat' dir='ltr'><strong>anno</strong></span> <span class='ocrx_word' id='word_1_349' title='bbox 3043 2048 3198 2118; x_wconf 78' lang='lat' dir='ltr'><strong>titO)</strong></span> <span class='ocrx_word' id='word_1_350' title='bbox 3247 2050 3516 2107; x_wconf 88' lang='lat' dir='ltr'><strong>dedicata</strong></span> <span class='ocrx_word' id='word_1_351' title='bbox 3559 2058 3646 2107; x_wconf 90' lang='lat' dir='ltr'><strong>est</strong></span> 
     </span>
    </p>
   </div>
   <div class='ocr_carea' id='block_1_53' title="bbox 1994 2128 3642 2205">
    <p class='ocr_par' dir='ltr' id='par_1_53' title="bbox 1994 2128 3642 2205">
     <span class='ocr_line' id='line_1_53' title="bbox 1994 2128 3642 2205; baseline 0.01 -25"><span class='ocrx_word' id='word_1_352' title='bbox 1994 2128 2348 2183; x_wconf 87' lang='lat' dir='ltr'><strong>venerabilis</strong></span> <span class='ocrx_word' id='word_1_353' title='bbox 2367 2129 2494 2185; x_wconf 66' lang='lat' dir='ltr'><strong>hinc</strong></span> <span class='ocrx_word' id='word_1_354' title='bbox 2522 2130 2769 2189; x_wconf 89' lang='lat' dir='ltr'><strong>ecclesia</strong></span> <span class='ocrx_word' id='word_1_355' title='bbox 2788 2134 2846 2188; x_wconf 92' lang='lat' dir='ltr'><strong>in</strong></span> <span class='ocrx_word' id='word_1_356' title='bbox 2889 2135 3177 2192; x_wconf 89' lang='lat' dir='ltr'><strong>honorem</strong></span> <span class='ocrx_word' id='word_1_357' title='bbox 3214 2139 3335 2205; x_wconf 90' lang='lat' dir='ltr'><strong>Dei,</strong></span> <span class='ocrx_word' id='word_1_358' title='bbox 3357 2138 3418 2193; x_wconf 91' lang='grc' dir='ltr'><strong>Β.</strong></span> <span class='ocrx_word' id='word_1_359' title='bbox 3450 2141 3642 2196; x_wconf 72' lang='lat' dir='ltr'><strong>Mariae</strong></span> 
     </span>
    </p>
   </div>
   <div class='ocr_carea' id='block_1_54' title="bbox 1995 2217 3644 2300">
    <p class='ocr_par' dir='ltr' id='par_1_54' title="bbox 1995 2217 3644 2300">
     <span class='ocr_line' id='line_1_54' title="bbox 1995 2217 3644 2300; baseline 0.01 -31"><span class='ocrx_word' id='word_1_360' title='bbox 1995 2231 2232 2289; x_wconf 90' lang='lat' dir='ltr'><strong>semper</strong></span> <span class='ocrx_word' id='word_1_361' title='bbox 2264 2217 2535 2287; x_wconf 87' lang='lat' dir='ltr'><strong>Virginis,</strong></span> <span class='ocrx_word' id='word_1_362' title='bbox 2588 2228 2644 2276; x_wconf 90' lang='lat' dir='ltr'><strong>et</strong></span> <span class='ocrx_word' id='word_1_363' title='bbox 2671 2221 2826 2278; x_wconf 89' lang='lat' dir='ltr'><strong>beati</strong></span> <span class='ocrx_word' id='word_1_364' title='bbox 2858 2225 3112 2296; x_wconf 90' lang='lat' dir='ltr'><strong>apostoli</strong></span> <span class='ocrx_word' id='word_1_365' title='bbox 3157 2233 3215 2281; x_wconf 90' lang='lat' dir='ltr'><strong>et</strong></span> <span class='ocrx_word' id='word_1_366' title='bbox 3262 2228 3644 2300; x_wconf 58' lang='lat' dir='ltr'><strong>evangelista</strong></span> 
     </span>
    </p>
   </div>
   <div class='ocr_carea' id='block_1_55' title="bbox 1995 2305 3645 2386">
    <p class='ocr_par' dir='ltr' id='par_1_55' title="bbox 1995 2305 3645 2386">
     <span class='ocr_line' id='line_1_55' title="bbox 1995 2305 3645 2386; baseline 0.007 -27"><span class='ocrx_word' id='word_1_367' title='bbox 1995 2305 2270 2372; x_wconf 69' lang='lat' dir='ltr'><strong>Matthaei,</strong></span> <span class='ocrx_word' id='word_1_368' title='bbox 2315 2325 2448 2364; x_wconf 79' lang='lat' dir='ltr'><strong>eum</strong></span> <span class='ocrx_word' id='word_1_369' title='bbox 2482 2317 2741 2382; x_wconf 87' lang='lat' dir='ltr'><strong>quatuor</strong></span> <span class='ocrx_word' id='word_1_370' title='bbox 2769 2312 3074 2379; x_wconf 88' lang='lat' dir='ltr'><strong>altaribus,</strong></span> <span class='ocrx_word' id='word_1_371' title='bbox 3104 2331 3240 2386; x_wconf 56' lang='lat' dir='ltr'><strong>quat</strong></span> <span class='ocrx_word' id='word_1_372' title='bbox 3267 2323 3399 2372; x_wconf 89' lang='lat' dir='ltr'><strong>sunt</strong></span> <span class='ocrx_word' id='word_1_373' title='bbox 3445 2317 3507 2373; x_wconf 93' lang='lat' dir='ltr'><strong>in</strong></span> <span class='ocrx_word' id='word_1_374' title='bbox 3554 2334 3645 2374; x_wconf 90' lang='lat' dir='ltr'><strong>ea.</strong></span> 
     </span>
    </p>
   </div>
   <div class='ocr_carea' id='block_1_56' title="bbox 1994 2395 3649 2474">
    <p class='ocr_par' dir='ltr' id='par_1_56' title="bbox 1994 2395 3649 2474">
     <span class='ocr_line' id='line_1_56' title="bbox 1994 2395 3649 2474; baseline 0.009 -26"><span class='ocrx_word' id='word_1_375' title='bbox 1994 2395 2132 2460; x_wconf 65' lang='lat' dir='ltr'><strong>Quae</strong></span> <span class='ocrx_word' id='word_1_376' title='bbox 2149 2401 2514 2455; x_wconf 90' lang='lat' dir='ltr'><strong>consecratio</strong></span> <span class='ocrx_word' id='word_1_377' title='bbox 2538 2399 2692 2456; x_wconf 86' lang='lat' dir='ltr'><strong>facta</strong></span> <span class='ocrx_word' id='word_1_378' title='bbox 2713 2408 2800 2456; x_wconf 88' lang='lat' dir='ltr'><strong>est</strong></span> <span class='ocrx_word' id='word_1_379' title='bbox 2829 2419 2864 2457; x_wconf 91' lang='lat' dir='ltr'><strong>a</strong></span> <span class='ocrx_word' id='word_1_380' title='bbox 2895 2404 3136 2474; x_wconf 62' lang='lat' dir='ltr'><strong>praefato</strong></span> <span class='ocrx_word' id='word_1_381' title='bbox 3162 2404 3431 2473; x_wconf 91' lang='lat' dir='ltr'><strong>domino,</strong></span> <span class='ocrx_word' id='word_1_382' title='bbox 3465 2413 3521 2463; x_wconf 92' lang='lat' dir='ltr'><strong>et</strong></span> <span class='ocrx_word' id='word_1_383' title='bbox 3548 2425 3649 2463; x_wconf 89' lang='lat' dir='ltr'><strong>ve—</strong></span> 
     </span>
    </p>
   </div>
   <div class='ocr_carea' id='block_1_57' title="bbox 1994 2485 3646 2566">
    <p class='ocr_par' dir='ltr' id='par_1_57' title="bbox 1994 2485 3646 2566">
     <span class='ocr_line' id='line_1_57' title="bbox 1994 2485 3646 2566; baseline 0.009 -28"><span class='ocrx_word' id='word_1_384' title='bbox 1994 2485 2430 2543; x_wconf 90' lang='lat' dir='ltr'><strong>nerabilissimo</strong></span> <span class='ocrx_word' id='word_1_385' title='bbox 2463 2489 2738 2545; x_wconf 83' lang='lat' dir='ltr'><strong>Pontiﬁce</strong></span> <span class='ocrx_word' id='word_1_386' title='bbox 2763 2490 3033 2546; x_wconf 88' lang='lat' dir='ltr'><strong>Paschali</strong></span> <span class='ocrx_word' id='word_1_387' title='bbox 3058 2493 3103 2546; x_wconf 93' lang='lat' dir='ltr'><strong>lI</strong></span> <span class='ocrx_word' id='word_1_388' title='bbox 3137 2510 3316 2566; x_wconf 90' lang='lat' dir='ltr'><strong>papa.</strong></span> <span class='ocrx_word' id='word_1_389' title='bbox 3347 2495 3410 2551; x_wconf 91' lang='lat' dir='ltr'><strong>In</strong></span> <span class='ocrx_word' id='word_1_390' title='bbox 3431 2498 3646 2566; x_wconf 89' lang='lat' dir='ltr'><strong>majori</strong></span> 
     </span>
    </p>
   </div>
   <div class='ocr_carea' id='block_1_58' title="bbox 1994 2574 3646 2655">
    <p class='ocr_par' dir='ltr' id='par_1_58' title="bbox 1994 2574 3646 2655">
     <span class='ocr_line' id='line_1_58' title="bbox 1994 2574 3646 2655; baseline 0.009 -29"><span class='ocrx_word' id='word_1_391' title='bbox 1994 2574 2289 2645; x_wconf 90' lang='lat' dir='ltr'><strong>siquidem</strong></span> <span class='ocrx_word' id='word_1_392' title='bbox 2320 2577 2489 2632; x_wconf 91' lang='lat' dir='ltr'><strong>altari</strong></span> <span class='ocrx_word' id='word_1_393' title='bbox 2514 2579 2829 2634; x_wconf 90' lang='lat' dir='ltr'><strong>celebravit</strong></span> <span class='ocrx_word' id='word_1_394' title='bbox 2858 2581 3013 2636; x_wconf 90' lang='lat' dir='ltr'><strong>idem</strong></span> <span class='ocrx_word' id='word_1_395' title='bbox 3042 2582 3105 2636; x_wconf 93' lang='lat' dir='ltr'><strong>D.</strong></span> <span class='ocrx_word' id='word_1_396' title='bbox 3131 2599 3289 2655; x_wconf 89' lang='lat' dir='ltr'><strong>papa</strong></span> <span class='ocrx_word' id='word_1_397' title='bbox 3320 2586 3646 2642; x_wconf 81' lang='lat' dir='ltr'><strong>missaniin</strong></span> 
     </span>
    </p>
   </div>
   <div class='ocr_carea' id='block_1_59' title="bbox 1993 2661 3646 2743">
    <p class='ocr_par' dir='ltr' id='par_1_59' title="bbox 1993 2661 3646 2743">
     <span class='ocr_line' id='line_1_59' title="bbox 1993 2661 3646 2743; baseline 0.008 -27"><span class='ocrx_word' id='word_1_398' title='bbox 1993 2661 2280 2718; x_wconf 90' lang='lat' dir='ltr'><strong>honorem</strong></span> <span class='ocrx_word' id='word_1_399' title='bbox 2312 2667 2372 2720; x_wconf 89' lang='grc' dir='ltr'><strong>Β.</strong></span> <span class='ocrx_word' id='word_1_400' title='bbox 2398 2666 2681 2722; x_wconf 68' lang='lat' dir='ltr'><strong>Matthei.</strong></span> <span class='ocrx_word' id='word_1_401' title='bbox 2706 2667 3088 2738; x_wconf 88' lang='lat' dir='ltr'><strong>Coadjutores</strong></span> <span class='ocrx_word' id='word_1_402' title='bbox 3108 2688 3239 2727; x_wconf 87' lang='lat' dir='ltr'><strong>vero</strong></span> <span class='ocrx_word' id='word_1_403' title='bbox 3261 2673 3389 2743; x_wconf 89' lang='lat' dir='ltr'><strong>ejus</strong></span> <span class='ocrx_word' id='word_1_404' title='bbox 3409 2674 3646 2730; x_wconf 82' lang='lat' dir='ltr'><strong>fuerunt</strong></span> 
     </span>
    </p>
   </div>
   <div class='ocr_carea' id='block_1_60' title="bbox 1995 2755 3646 2828">
    <p class='ocr_par' dir='ltr' id='par_1_60' title="bbox 1995 2755 3646 2828">
     <span class='ocr_line' id='line_1_60' title="bbox 1995 2755 3646 2828; baseline 0.007 -22"><span class='ocrx_word' id='word_1_405' title='bbox 1995 2758 2222 2824; x_wconf 89' lang='lat' dir='ltr'><strong>septem</strong></span> <span class='ocrx_word' id='word_1_406' title='bbox 2257 2770 2270 2819; x_wconf 88' lang='lat'><strong>;</strong></span> <span class='ocrx_word' id='word_1_407' title='bbox 2316 2755 2582 2811; x_wconf 89' lang='lat' dir='ltr'><strong>videlicet</strong></span> <span class='ocrx_word' id='word_1_408' title='bbox 2629 2757 2957 2828; x_wconf 84' lang='lat' dir='ltr'><strong>Raynerius</strong></span> <span class='ocrx_word' id='word_1_409' title='bbox 2997 2759 3070 2814; x_wconf 91' lang='lat' dir='ltr'><strong>de</strong></span> <span class='ocrx_word' id='word_1_410' title='bbox 3113 2760 3291 2828; x_wconf 85' lang='lat' dir='ltr'><strong>Ostia,</strong></span> <span class='ocrx_word' id='word_1_411' title='bbox 3326 2764 3646 2818; x_wconf 76' lang='lat' dir='ltr'><strong>Biccarilus</strong></span> 
     </span>
    </p>
   </div>
   <div class='ocr_carea' id='block_1_61' title="bbox 1995 2841 3639 2919">
    <p class='ocr_par' dir='ltr' id='par_1_61' title="bbox 1995 2841 3639 2919">
     <span class='ocr_line' id='line_1_61' title="bbox 1995 2841 3639 2919; baseline 0.009 -24"><span class='ocrx_word' id='word_1_412' title='bbox 1995 2841 2070 2896; x_wconf 94' lang='lat' dir='ltr'><strong>de</strong></span> <span class='ocrx_word' id='word_1_413' title='bbox 2094 2841 2287 2907; x_wconf 87' lang='lat' dir='ltr'><strong>Portu,</strong></span> <span class='ocrx_word' id='word_1_414' title='bbox 2322 2844 2522 2900; x_wconf 85' lang='lat' dir='ltr'><strong>Petrus</strong></span> <span class='ocrx_word' id='word_1_415' title='bbox 2552 2847 2625 2900; x_wconf 92' lang='lat' dir='ltr'><strong>de</strong></span> <span class='ocrx_word' id='word_1_416' title='bbox 2651 2847 2880 2917; x_wconf 88' lang='lat' dir='ltr'><strong>Tibure,</strong></span> <span class='ocrx_word' id='word_1_417' title='bbox 2914 2849 3185 2905; x_wconf 84' lang='lat' dir='ltr'><strong>Julianus</strong></span> <span class='ocrx_word' id='word_1_418' title='bbox 3210 2851 3278 2906; x_wconf 93' lang='lat' dir='ltr'><strong>de</strong></span> <span class='ocrx_word' id='word_1_419' title='bbox 3313 2853 3639 2919; x_wconf 85' lang='lat' dir='ltr'><strong>Ferentino,</strong></span> 
     </span>
    </p>
   </div>
   <div class='ocr_carea' id='block_1_62' title="bbox 1997 2933 3645 3006">
    <p class='ocr_par' dir='ltr' id='par_1_62' title="bbox 1997 2933 3645 3006">
     <span class='ocr_line' id='line_1_62' title="bbox 1997 2933 3645 3006; baseline 0.008 -22"><span class='ocrx_word' id='word_1_420' title='bbox 1997 2933 2345 2988; x_wconf 84' lang='lat' dir='ltr'><strong>Anastasius</strong></span> <span class='ocrx_word' id='word_1_421' title='bbox 2362 2935 2435 2989; x_wconf 92' lang='lat' dir='ltr'><strong>de</strong></span> <span class='ocrx_word' id='word_1_422' title='bbox 2461 2935 2628 3000; x_wconf 82' lang='lat' dir='ltr'><strong>Alba,</strong></span> <span class='ocrx_word' id='word_1_423' title='bbox 2655 2939 2853 2991; x_wconf 88' lang='lat' dir='ltr'><strong>Petrus</strong></span> <span class='ocrx_word' id='word_1_424' title='bbox 2883 2937 2957 2992; x_wconf 91' lang='lat' dir='ltr'><strong>de</strong></span> <span class='ocrx_word' id='word_1_425' title='bbox 2982 2938 3332 3006; x_wconf 88' lang='lat' dir='ltr'><strong>Tusculano,</strong></span> <span class='ocrx_word' id='word_1_426' title='bbox 3355 2943 3645 2998; x_wconf 86' lang='lat' dir='ltr'><strong>Antonius</strong></span> 
     </span>
    </p>
   </div>
   <div class='ocr_carea' id='block_1_63' title="bbox 1995 3019 3648 3095">
    <p class='ocr_par' dir='ltr' id='par_1_63' title="bbox 1995 3019 3648 3095">
     <span class='ocr_line' id='line_1_63' title="bbox 1995 3019 3648 3095; baseline 0.008 -21"><span class='ocrx_word' id='word_1_427' title='bbox 1995 3019 2327 3091; x_wconf 81' lang='lat' dir='ltr'><strong>deAinelia,</strong></span> <span class='ocrx_word' id='word_1_428' title='bbox 2357 3025 2748 3095; x_wconf 59' lang='lat' dir='ltr'><strong>praesentibus</strong></span> <span class='ocrx_word' id='word_1_429' title='bbox 2780 3026 3083 3092; x_wconf 87' lang='lat' dir='ltr'><strong>omnibus,</strong></span> <span class='ocrx_word' id='word_1_430' title='bbox 3105 3030 3160 3084; x_wconf 92' lang='lat' dir='ltr'><strong>S.</strong></span> <span class='ocrx_word' id='word_1_431' title='bbox 3187 3031 3251 3084; x_wconf 83' lang='lat' dir='ltr'><strong>R.</strong></span> <span class='ocrx_word' id='word_1_432' title='bbox 3279 3032 3337 3085; x_wconf 89' lang='lat' dir='ltr'><strong>E.</strong></span> <span class='ocrx_word' id='word_1_433' title='bbox 3369 3031 3648 3088; x_wconf 87' lang='lat' dir='ltr'><strong>Cardina-</strong></span> 
     </span>
    </p>
   </div>
   <div class='ocr_carea' id='block_1_64' title="bbox 1993 3108 3649 3184">
    <p class='ocr_par' dir='ltr' id='par_1_64' title="bbox 1993 3108 3649 3184">
     <span class='ocr_line' id='line_1_64' title="bbox 1993 3108 3649 3184; baseline 0.008 -20"><span class='ocrx_word' id='word_1_434' title='bbox 1993 3108 2169 3175; x_wconf 91' lang='lat' dir='ltr'><strong>libus,</strong></span> <span class='ocrx_word' id='word_1_435' title='bbox 2194 3112 2575 3184; x_wconf 87' lang='lat' dir='ltr'><strong>presbyteris,</strong></span> <span class='ocrx_word' id='word_1_436' title='bbox 2598 3120 2654 3170; x_wconf 91' lang='lat' dir='ltr'><strong>et</strong></span> <span class='ocrx_word' id='word_1_437' title='bbox 2675 3113 3050 3182; x_wconf 90' lang='lat' dir='ltr'><strong>diaconibus,</strong></span> <span class='ocrx_word' id='word_1_438' title='bbox 3072 3134 3181 3172; x_wconf 91' lang='lat' dir='ltr'><strong>nec</strong></span> <span class='ocrx_word' id='word_1_439' title='bbox 3201 3134 3318 3174; x_wconf 92' lang='lat' dir='ltr'><strong>non</strong></span> <span class='ocrx_word' id='word_1_440' title='bbox 3334 3121 3649 3177; x_wconf 85' lang='lat' dir='ltr'><strong>innumera</strong></span> 
     </span>
    </p>
   </div>
   <div class='ocr_carea' id='block_1_65' title="bbox 224 3169 3147 3275">
    <p class='ocr_par' dir='ltr' id='par_1_65' title="bbox 224 3169 3147 3275">
     <span class='ocr_line' id='line_1_65' title="bbox 224 3169 3147 3275; baseline 0 -15"><span class='ocrx_word' id='word_1_441' title='bbox 224 3169 412 3275; x_wconf 63' lang='lat' dir='ltr'><strong>hujus</strong></span> <span class='ocrx_word' id='word_1_442' title='bbox 443 3169 658 3260; x_wconf 60' lang='lat' dir='ltr'><strong>nostrae</strong></span> <span class='ocrx_word' id='word_1_443' title='bbox 680 3169 1157 3274; x_wconf 63' lang='lat' dir='ltr'><strong>congregationis</strong></span> <span class='ocrx_word' id='word_1_444' title='bbox 1171 3202 1439 3257; x_wconf 82' lang='lat' dir='ltr'><strong>notitiam</strong></span> <span class='ocrx_word' id='word_1_445' title='bbox 1453 3200 1879 3273; x_wconf 89' lang='lat' dir='ltr'><strong>pervenissent,</strong></span> <span class='ocrx_word' id='word_1_446' title='bbox 1921 3169 1962 3236; x_wconf 60' lang='grc' dir='ltr'><strong>ς’</strong></span> <span class='ocrx_word' id='word_1_447' title='bbox 1993 3198 2132 3254; x_wconf 91' lang='lat' dir='ltr'><strong>cleri</strong></span> <span class='ocrx_word' id='word_1_448' title='bbox 2163 3169 2217 3256; x_wconf 68' lang='lat' dir='ltr'><strong>et</strong></span> <span class='ocrx_word' id='word_1_449' title='bbox 2243 3169 2448 3273; x_wconf 70' lang='lat' dir='ltr'><strong>populi</strong></span> <span class='ocrx_word' id='word_1_450' title='bbox 2482 3169 2727 3259; x_wconf 69' lang='lat' dir='ltr'><strong>Romani</strong></span> <span class='ocrx_word' id='word_1_451' title='bbox 2748 3204 3147 3262; x_wconf 88' lang='lat' dir='ltr'><strong>multitudine.</strong></span> 
     </span>
    </p>
   </div>
   <div class='ocr_carea' id='block_1_66' title="bbox 227 3288 1882 3362">
    <p class='ocr_par' dir='ltr' id='par_1_66' title="bbox 227 3288 1882 3362">
     <span class='ocr_line' id='line_1_66' title="bbox 227 3288 1882 3362; baseline -0.004 -12"><span class='ocrx_word' id='word_1_452' title='bbox 227 3292 630 3350; x_wconf 67' lang='lat' dir='ltr'><strong>inasstimabili</strong></span> <span class='ocrx_word' id='word_1_453' title='bbox 683 3293 1071 3348; x_wconf 81' lang='lat' dir='ltr'><strong>exsultatione</strong></span> <span class='ocrx_word' id='word_1_454' title='bbox 1124 3291 1347 3362; x_wconf 86' lang='lat' dir='ltr'><strong>repleti,</strong></span> <span class='ocrx_word' id='word_1_455' title='bbox 1400 3307 1468 3345; x_wconf 88' lang='lat' dir='ltr'><strong>ac</strong></span> <span class='ocrx_word' id='word_1_456' title='bbox 1514 3288 1882 3345; x_wconf 88' lang='lat' dir='ltr'><strong>solemnibus</strong></span> 
     </span>
    </p>
   </div>
   <div class='ocr_carea' id='block_1_67' title="bbox 226 3377 1880 3451">
    <p class='ocr_par' dir='ltr' id='par_1_67' title="bbox 226 3377 1880 3451">
     <span class='ocr_line' id='line_1_67' title="bbox 226 3377 1880 3451; baseline -0.002 -13"><span class='ocrx_word' id='word_1_457' title='bbox 226 3384 604 3438; x_wconf 88' lang='lat' dir='ltr'><strong>vestimentis</strong></span> <span class='ocrx_word' id='word_1_458' title='bbox 654 3382 867 3446; x_wconf 91' lang='lat' dir='ltr'><strong>induti,</strong></span> <span class='ocrx_word' id='word_1_459' title='bbox 919 3398 1057 3438; x_wconf 92' lang='lat' dir='ltr'><strong>cum</strong></span> <span class='ocrx_word' id='word_1_460' title='bbox 1106 3380 1493 3451; x_wconf 90' lang='lat' dir='ltr'><strong>lampadibus</strong></span> <span class='ocrx_word' id='word_1_461' title='bbox 1535 3385 1591 3434; x_wconf 91' lang='lat' dir='ltr'><strong>et</strong></span> <span class='ocrx_word' id='word_1_462' title='bbox 1631 3377 1880 3450; x_wconf 87' lang='lat' dir='ltr'><strong>thymia-</strong></span> 
     </span>
    </p>
   </div>
   <div class='ocr_carea' id='block_1_68' title="bbox 230 3470 1884 3544">
    <p class='ocr_par' dir='ltr' id='par_1_68' title="bbox 230 3470 1884 3544">
     <span class='ocr_line' id='line_1_68' title="bbox 230 3470 1884 3544; baseline -0.005 -14"><span class='ocrx_word' id='word_1_463' title='bbox 230 3472 495 3529; x_wconf 90' lang='lat' dir='ltr'><strong>matibus</strong></span> <span class='ocrx_word' id='word_1_464' title='bbox 547 3488 733 3544; x_wconf 88' lang='lat' dir='ltr'><strong>usque</strong></span> <span class='ocrx_word' id='word_1_465' title='bbox 781 3471 858 3528; x_wconf 87' lang='lat' dir='ltr'><strong>ad</strong></span> <span class='ocrx_word' id='word_1_466' title='bbox 897 3477 1131 3544; x_wconf 91' lang='lat' dir='ltr'><strong>portam</strong></span> <span class='ocrx_word' id='word_1_467' title='bbox 1188 3476 1438 3525; x_wconf 89' lang='lat' dir='ltr'><strong>veterem</strong></span> <span class='ocrx_word' id='word_1_468' title='bbox 1484 3470 1771 3534; x_wconf 88' lang='lat' dir='ltr'><strong>exierunt,</strong></span> <span class='ocrx_word' id='word_1_469' title='bbox 1814 3483 1884 3523; x_wconf 91' lang='lat' dir='ltr'><strong>ac</strong></span> 
     </span>
    </p>
   </div>
   <div class='ocr_carea' id='block_1_69' title="bbox 226 3559 1879 3634">
    <p class='ocr_par' dir='ltr' id='par_1_69' title="bbox 226 3559 1879 3634">
     <span class='ocr_line' id='line_1_69' title="bbox 226 3559 1879 3634; baseline -0.004 -16"><span class='ocrx_word' id='word_1_470' title='bbox 226 3567 398 3618; x_wconf 70' lang='lat' dir='ltr'><strong>terrae</strong></span> <span class='ocrx_word' id='word_1_471' title='bbox 413 3562 971 3634; x_wconf 86' lang='lat' dir='ltr'><strong>prostratisanctum</strong></span> <span class='ocrx_word' id='word_1_472' title='bbox 995 3559 1423 3629; x_wconf 88' lang='lat' dir='ltr'><strong>evangelistam</strong></span> <span class='ocrx_word' id='word_1_473' title='bbox 1446 3559 1841 3614; x_wconf 87' lang='lat' dir='ltr'><strong>adoraverunt</strong></span> <span class='ocrx_word' id='word_1_474' title='bbox 1866 3573 1879 3612; x_wconf 91' lang='lat'>:</span> 
     </span>
    </p>
   </div>
   <div class='ocr_carea' id='block_1_70' title="bbox 227 3646 1878 3722">
    <p class='ocr_par' dir='ltr' id='par_1_70' title="bbox 227 3646 1878 3722">
     <span class='ocr_line' id='line_1_70' title="bbox 227 3646 1878 3722; baseline -0.004 -16"><span class='ocrx_word' id='word_1_475' title='bbox 227 3659 664 3722; x_wconf 90' lang='lat' dir='ltr'><strong>surgentesque</strong></span> <span class='ocrx_word' id='word_1_476' title='bbox 698 3666 834 3705; x_wconf 90' lang='lat' dir='ltr'><strong>cum</strong></span> <span class='ocrx_word' id='word_1_477' title='bbox 865 3650 1127 3705; x_wconf 84' lang='lat' dir='ltr'><strong>maxima</strong></span> <span class='ocrx_word' id='word_1_478' title='bbox 1154 3649 1479 3704; x_wconf 84' lang='lat' dir='ltr'><strong>reverentia</strong></span> <span class='ocrx_word' id='word_1_479' title='bbox 1509 3646 1878 3701; x_wconf 86' lang='lat' dir='ltr'><strong>deosculave-</strong></span> 
     </span>
    </p>
   </div>
   <div class='ocr_carea' id='block_1_71' title="bbox 227 3736 1885 3812">
    <p class='ocr_par' dir='ltr' id='par_1_71' title="bbox 227 3736 1885 3812">
     <span class='ocr_line' id='line_1_71' title="bbox 227 3736 1885 3812; baseline -0.004 -15"><span class='ocrx_word' id='word_1_480' title='bbox 227 3747 387 3806; x_wconf 88' lang='lat' dir='ltr'><strong>runt,</strong></span> <span class='ocrx_word' id='word_1_481' title='bbox 413 3746 470 3795; x_wconf 89' lang='lat' dir='ltr'><strong>et</strong></span> <span class='ocrx_word' id='word_1_482' title='bbox 499 3757 635 3795; x_wconf 91' lang='lat' dir='ltr'><strong>cum</strong></span> <span class='ocrx_word' id='word_1_483' title='bbox 659 3739 901 3812; x_wconf 90' lang='lat' dir='ltr'><strong>hymnis</strong></span> <span class='ocrx_word' id='word_1_484' title='bbox 933 3746 985 3795; x_wconf 90' lang='lat' dir='ltr'><strong>et</strong></span> <span class='ocrx_word' id='word_1_485' title='bbox 1012 3738 1294 3796; x_wconf 87' lang='lat' dir='ltr'><strong>laudibus</strong></span> <span class='ocrx_word' id='word_1_486' title='bbox 1324 3736 1466 3792; x_wconf 91' lang='lat' dir='ltr'><strong>illud</strong></span> <span class='ocrx_word' id='word_1_487' title='bbox 1494 3737 1552 3790; x_wconf 91' lang='lat' dir='ltr'><strong>in</strong></span> <span class='ocrx_word' id='word_1_488' title='bbox 1585 3740 1885 3791; x_wconf 88' lang='lat' dir='ltr'><strong>monaste-</strong></span> 
     </span>
    </p>
   </div>
   <div class='ocr_carea' id='block_1_72' title="bbox 226 3828 1884 3900">
    <p class='ocr_par' dir='ltr' id='par_1_72' title="bbox 226 3828 1884 3900">
     <span class='ocr_line' id='line_1_72' title="bbox 226 3828 1884 3900; baseline -0.005 -13"><span class='ocrx_word' id='word_1_489' title='bbox 226 3830 387 3887; x_wconf 89' lang='lat' dir='ltr'><strong>rium</strong></span> <span class='ocrx_word' id='word_1_490' title='bbox 419 3829 880 3888; x_wconf 82' lang='lat' dir='ltr'><strong>introducentes.</strong></span> <span class='ocrx_word' id='word_1_491' title='bbox 917 3835 1094 3900; x_wconf 87' lang='lat' dir='ltr'><strong>atque</strong></span> <span class='ocrx_word' id='word_1_492' title='bbox 1125 3828 1183 3883; x_wconf 91' lang='lat' dir='ltr'><strong>in</strong></span> <span class='ocrx_word' id='word_1_493' title='bbox 1219 3831 1501 3895; x_wconf 91' lang='lat' dir='ltr'><strong>argentea</strong></span> <span class='ocrx_word' id='word_1_494' title='bbox 1532 3841 1733 3896; x_wconf 91' lang='lat' dir='ltr'><strong>capsa,</strong></span> <span class='ocrx_word' id='word_1_495' title='bbox 1769 3829 1884 3880; x_wconf 90' lang='lat' dir='ltr'><strong>tur-</strong></span> 
     </span>
    </p>
   </div>
   <div class='ocr_carea' id='block_1_73' title="bbox 229 3913 1886 3989">
    <p class='ocr_par' dir='ltr' id='par_1_73' title="bbox 229 3913 1886 3989">
     <span class='ocr_line' id='line_1_73' title="bbox 229 3913 1886 3989; baseline -0.004 -15"><span class='ocrx_word' id='word_1_496' title='bbox 229 3922 386 3975; x_wconf 89' lang='lat' dir='ltr'><strong>rium</strong></span> <span class='ocrx_word' id='word_1_497' title='bbox 421 3919 605 3974; x_wconf 89' lang='lat' dir='ltr'><strong>instar</strong></span> <span class='ocrx_word' id='word_1_498' title='bbox 644 3924 868 3989; x_wconf 89' lang='lat' dir='ltr'><strong>aptata,</strong></span> <span class='ocrx_word' id='word_1_499' title='bbox 913 3922 1186 3973; x_wconf 89' lang='lat' dir='ltr'><strong>sanctum</strong></span> <span class='ocrx_word' id='word_1_500' title='bbox 1228 3914 1541 3971; x_wconf 87' lang='lat' dir='ltr'><strong>brachium</strong></span> <span class='ocrx_word' id='word_1_501' title='bbox 1581 3913 1886 3969; x_wconf 88' lang='lat' dir='ltr'><strong>recluden-</strong></span> 
     </span>
    </p>
   </div>
   <div class='ocr_carea' id='block_1_74' title="bbox 229 4001 1885 4077">
    <p class='ocr_par' dir='ltr' id='par_1_74' title="bbox 229 4001 1885 4077">
     <span class='ocr_line' id='line_1_74' title="bbox 229 4001 1885 4077; baseline -0.004 -14"><span class='ocrx_word' id='word_1_502' title='bbox 229 4014 342 4074; x_wconf 91' lang='lat' dir='ltr'><strong>tes,</strong></span> <span class='ocrx_word' id='word_1_503' title='bbox 372 4008 429 4062; x_wconf 93' lang='lat' dir='ltr'><strong>in</strong></span> <span class='ocrx_word' id='word_1_504' title='bbox 444 4011 729 4077; x_wconf 89' lang='lat' dir='ltr'><strong>argentea</strong></span> <span class='ocrx_word' id='word_1_505' title='bbox 756 4008 920 4062; x_wconf 90' lang='lat' dir='ltr'><strong>trabe</strong></span> <span class='ocrx_word' id='word_1_506' title='bbox 947 4013 1082 4061; x_wconf 90' lang='lat' dir='ltr'><strong>ante</strong></span> <span class='ocrx_word' id='word_1_507' title='bbox 1096 4007 1250 4061; x_wconf 86' lang='lat' dir='ltr'><strong>beati</strong></span> <span class='ocrx_word' id='word_1_508' title='bbox 1279 4002 1570 4059; x_wconf 88' lang='lat' dir='ltr'><strong>Benedicti</strong></span> <span class='ocrx_word' id='word_1_509' title='bbox 1607 4001 1885 4058; x_wconf 90' lang='lat' dir='ltr'><strong>altarium</strong></span> 
     </span>
    </p>
   </div>
   <div class='ocr_carea' id='block_1_75' title="bbox 228 4092 1862 4169">
    <p class='ocr_par' dir='ltr' id='par_1_75' title="bbox 228 4092 1862 4169">
     <span class='ocr_line' id='line_1_75' title="bbox 228 4092 1862 4169; baseline -0.004 -17"><span class='ocrx_word' id='word_1_510' title='bbox 228 4097 691 4169; x_wconf 89' lang='lat' dir='ltr'><strong>suspenderunt,</strong></span> <span class='ocrx_word' id='word_1_511' title='bbox 734 4112 894 4152; x_wconf 91' lang='lat' dir='ltr'><strong>anno</strong></span> <span class='ocrx_word' id='word_1_512' title='bbox 938 4096 1257 4151; x_wconf 65' lang='lat' dir='ltr'><strong>Dominicaa</strong></span> <span class='ocrx_word' id='word_1_513' title='bbox 1307 4092 1736 4149; x_wconf 90' lang='lat' dir='ltr'><strong>Incarnationis</strong></span> <span class='ocrx_word' id='word_1_514' title='bbox 1761 4092 1862 4146; x_wconf 90' lang='lat' dir='ltr'><strong>mil</strong></span> 
     </span>
    </p>
   </div>
   <div class='ocr_carea' id='block_1_76' title="bbox 226 4181 1886 4244">
    <p class='ocr_par' dir='ltr' id='par_1_76' title="bbox 226 4181 1886 4244">
     <span class='ocr_line' id='line_1_76' title="bbox 226 4181 1886 4244; baseline -0.004 -1"><span class='ocrx_word' id='word_1_515' title='bbox 226 4187 447 4244; x_wconf 82' lang='lat' dir='ltr'><strong>lesitno</strong></span> <span class='ocrx_word' id='word_1_516' title='bbox 471 4185 798 4241; x_wconf 91' lang='lat' dir='ltr'><strong>centesimo</strong></span> <span class='ocrx_word' id='word_1_517' title='bbox 840 4186 1121 4241; x_wconf 86' lang='lat' dir='ltr'><strong>vicesimo</strong></span> <span class='ocrx_word' id='word_1_518' title='bbox 1161 4182 1440 4239; x_wconf 86' lang='lat' dir='ltr'><strong>secundo.</strong></span> <span class='ocrx_word' id='word_1_519' title='bbox 1477 4203 1501 4233; x_wconf 72' lang='grc' dir='ltr'><strong>ιι</strong></span> <span class='ocrx_word' id='word_1_520' title='bbox 1538 4182 1602 4237; x_wconf 92' lang='lat' dir='ltr'><strong>In</strong></span> <span class='ocrx_word' id='word_1_521' title='bbox 1627 4181 1886 4236; x_wconf 83' lang='lat' dir='ltr'><strong>Adnota-</strong></span> 
     </span>
    </p>
   </div>
   <div class='ocr_carea' id='block_1_77' title="bbox 229 4269 1885 4345">
    <p class='ocr_par' dir='ltr' id='par_1_77' title="bbox 229 4269 1885 4345">
     <span class='ocr_line' id='line_1_77' title="bbox 229 4269 1885 4345; baseline -0.004 -14"><span class='ocrx_word' id='word_1_522' title='bbox 229 4277 303 4331; x_wconf 90' lang='lat' dir='ltr'><strong>tis</strong></span> <span class='ocrx_word' id='word_1_523' title='bbox 347 4275 554 4345; x_wconf 84' lang='lat' dir='ltr'><strong>Angeli</strong></span> <span class='ocrx_word' id='word_1_524' title='bbox 580 4275 653 4329; x_wconf 92' lang='lat' dir='ltr'><strong>de</strong></span> <span class='ocrx_word' id='word_1_525' title='bbox 687 4277 841 4330; x_wconf 88' lang='lat' dir='ltr'><strong>Nuce</strong></span> <span class='ocrx_word' id='word_1_526' title='bbox 868 4274 1100 4329; x_wconf 91' lang='lat' dir='ltr'><strong>editoris</strong></span> <span class='ocrx_word' id='word_1_527' title='bbox 1136 4273 1374 4329; x_wconf 89' lang='lat' dir='ltr'><strong>additur</strong></span> <span class='ocrx_word' id='word_1_528' title='bbox 1397 4271 1704 4327; x_wconf 89' lang='lat' dir='ltr'><strong>brachium</strong></span> <span class='ocrx_word' id='word_1_529' title='bbox 1739 4269 1885 4325; x_wconf 92' lang='lat' dir='ltr'><strong>illud</strong></span> 
     </span>
    </p>
   </div>
   <div class='ocr_carea' id='block_1_78' title="bbox 229 4360 1879 4433">
    <p class='ocr_par' dir='ltr' id='par_1_78' title="bbox 229 4360 1879 4433">
     <span class='ocr_line' id='line_1_78' title="bbox 229 4360 1879 4433; baseline -0.004 -12"><span class='ocrx_word' id='word_1_530' title='bbox 229 4365 417 4421; x_wconf 91' lang='lat' dir='ltr'><strong>modo</strong></span> <span class='ocrx_word' id='word_1_531' title='bbox 448 4365 688 4428; x_wconf 88' lang='lat' dir='ltr'><strong>servari,</strong></span> <span class='ocrx_word' id='word_1_532' title='bbox 722 4364 780 4418; x_wconf 91' lang='lat' dir='ltr'><strong>in</strong></span> <span class='ocrx_word' id='word_1_533' title='bbox 831 4364 1004 4419; x_wconf 88' lang='lat' dir='ltr'><strong>theca</strong></span> <span class='ocrx_word' id='word_1_534' title='bbox 1047 4368 1348 4433; x_wconf 87' lang='lat' dir='ltr'><strong>argentea,</strong></span> <span class='ocrx_word' id='word_1_535' title='bbox 1397 4360 1623 4416; x_wconf 91' lang='lat' dir='ltr'><strong>brachii</strong></span> <span class='ocrx_word' id='word_1_536' title='bbox 1668 4360 1879 4416; x_wconf 84' lang='lat' dir='ltr'><strong>forma.</strong></span> 
     </span>
    </p>
   </div>
   <div class='ocr_carea' id='block_1_79' title="bbox 230 4449 1884 4525">
    <p class='ocr_par' dir='ltr' id='par_1_79' title="bbox 230 4449 1884 4525">
     <span class='ocr_line' id='line_1_79' title="bbox 230 4449 1884 4525; baseline -0.003 -17"><span class='ocrx_word' id='word_1_537' title='bbox 230 4453 671 4525; x_wconf 89' lang='lat' dir='ltr'><strong>Papebrochius</strong></span> <span class='ocrx_word' id='word_1_538' title='bbox 734 4458 933 4507; x_wconf 92' lang='lat' dir='ltr'><strong>noster</strong></span> <span class='ocrx_word' id='word_1_539' title='bbox 983 4452 1042 4506; x_wconf 93' lang='lat' dir='ltr'><strong>in</strong></span> <span class='ocrx_word' id='word_1_540' title='bbox 1097 4450 1401 4506; x_wconf 89' lang='lat' dir='ltr'><strong>ltinerario</strong></span> <span class='ocrx_word' id='word_1_541' title='bbox 1447 4451 1579 4513; x_wconf 86' lang='lat' dir='ltr'><strong>Ms.,</strong></span> <span class='ocrx_word' id='word_1_542' title='bbox 1624 4449 1786 4521; x_wconf 92' lang='lat' dir='ltr'><strong>quod</strong></span> <span class='ocrx_word' id='word_1_543' title='bbox 1849 4465 1884 4503; x_wconf 93' lang='lat' dir='ltr'><strong>a</strong></span> 
     </span>
    </p>
   </div>
   <div class='ocr_carea' id='block_1_80' title="bbox 2063 3290 3647 3368">
    <p class='ocr_par' dir='ltr' id='par_1_80' title="bbox 2063 3290 3647 3368">
     <span class='ocr_line' id='line_1_80' title="bbox 2063 3290 3647 3368; baseline 0.008 -24"><span class='ocrx_word' id='word_1_544' title='bbox 2063 3290 2152 3344; x_wconf 83' lang='lat'><strong>95.</strong></span> <span class='ocrx_word' id='word_1_545' title='bbox 2188 3292 2250 3345; x_wconf 95' lang='lat' dir='ltr'><strong>ln</strong></span> <span class='ocrx_word' id='word_1_546' title='bbox 2278 3291 2488 3361; x_wconf 89' lang='lat' dir='ltr'><strong>majori</strong></span> <span class='ocrx_word' id='word_1_547' title='bbox 2519 3298 2716 3349; x_wconf 89' lang='lat' dir='ltr'><strong>autem</strong></span> <span class='ocrx_word' id='word_1_548' title='bbox 2744 3296 2935 3360; x_wconf 89' lang='lat' dir='ltr'><strong>altari,</strong></span> <span class='ocrx_word' id='word_1_549' title='bbox 2962 3303 3308 3353; x_wconf 89' lang='lat' dir='ltr'><strong>consecrato</strong></span> <span class='ocrx_word' id='word_1_550' title='bbox 3335 3316 3370 3354; x_wconf 92' lang='lat' dir='ltr'><strong>a</strong></span> <span class='ocrx_word' id='word_1_551' title='bbox 3401 3299 3647 3368; x_wconf 62' lang='lat' dir='ltr'><strong>praefato</strong></span> 
     </span>
    </p>
   </div>
   <div class='ocr_carea' id='block_1_81' title="bbox 1997 3382 3650 3457">
    <p class='ocr_par' dir='ltr' id='par_1_81' title="bbox 1997 3382 3650 3457">
     <span class='ocr_line' id='line_1_81' title="bbox 1997 3382 3650 3457; baseline 0.006 -22"><span class='ocrx_word' id='word_1_552' title='bbox 1997 3382 2064 3436; x_wconf 92' lang='lat' dir='ltr'><strong>D.</strong></span> <span class='ocrx_word' id='word_1_553' title='bbox 2105 3395 2281 3452; x_wconf 88' lang='lat' dir='ltr'><strong>papa,</strong></span> <span class='ocrx_word' id='word_1_554' title='bbox 2308 3382 2402 3435; x_wconf 90' lang='lat' dir='ltr'><strong>cui</strong></span> <span class='ocrx_word' id='word_1_555' title='bbox 2429 3382 2606 3436; x_wconf 91' lang='lat' dir='ltr'><strong>etiam</strong></span> <span class='ocrx_word' id='word_1_556' title='bbox 2625 3382 2847 3453; x_wconf 66' lang='lat' dir='ltr'><strong>praefati</strong></span> <span class='ocrx_word' id='word_1_557' title='bbox 2873 3384 3139 3457; x_wconf 81' lang='lat' dir='ltr'><strong>episcopi</strong></span> <span class='ocrx_word' id='word_1_558' title='bbox 3168 3387 3497 3454; x_wconf 85' lang='lat' dir='ltr'><strong>astiterunt,</strong></span> <span class='ocrx_word' id='word_1_559' title='bbox 3527 3390 3650 3445; x_wconf 86' lang='lat' dir='ltr'><strong>fue-</strong></span> 
     </span>
    </p>
   </div>
   <div class='ocr_carea' id='block_1_82' title="bbox 1994 3467 3647 3544">
    <p class='ocr_par' dir='ltr' id='par_1_82' title="bbox 1994 3467 3647 3544">
     <span class='ocr_line' id='line_1_82' title="bbox 1994 3467 3647 3544; baseline 0.007 -23"><span class='ocrx_word' id='word_1_560' title='bbox 1994 3468 2232 3522; x_wconf 70' lang='lat' dir='ltr'><strong>runthae</strong></span> <span class='ocrx_word' id='word_1_561' title='bbox 2253 3467 2514 3539; x_wconf 60' lang='lat' dir='ltr'><strong>reliquiae</strong></span> <span class='ocrx_word' id='word_1_562' title='bbox 2529 3469 2854 3526; x_wconf 58' lang='lat' dir='ltr'><strong>collocatae:</strong></span> <span class='ocrx_word' id='word_1_563' title='bbox 2881 3477 2937 3527; x_wconf 88' lang='lat' dir='ltr'><strong>et</strong></span> <span class='ocrx_word' id='word_1_564' title='bbox 2953 3473 3144 3542; x_wconf 91' lang='lat' dir='ltr'><strong>primo</strong></span> <span class='ocrx_word' id='word_1_565' title='bbox 3163 3473 3411 3544; x_wconf 89' lang='lat' dir='ltr'><strong>deligno</strong></span> <span class='ocrx_word' id='word_1_566' title='bbox 3428 3484 3647 3533; x_wconf 65' lang='lat' dir='ltr'><strong>sancta!</strong></span> 
     </span>
    </p>
   </div>
   <div class='ocr_carea' id='block_1_83' title="bbox 1994 3555 3648 3636">
    <p class='ocr_par' dir='ltr' id='par_1_83' title="bbox 1994 3555 3648 3636">
     <span class='ocr_line' id='line_1_83' title="bbox 1994 3555 3648 3636; baseline 0.005 -24"><span class='ocrx_word' id='word_1_567' title='bbox 1994 3555 2215 3622; x_wconf 85' lang='lat' dir='ltr'><strong>Crucis,</strong></span> <span class='ocrx_word' id='word_1_568' title='bbox 2249 3556 2564 3612; x_wconf 90' lang='lat' dir='ltr'><strong>brachium</strong></span> <span class='ocrx_word' id='word_1_569' title='bbox 2596 3558 2781 3614; x_wconf 91' lang='lat' dir='ltr'><strong>sancti</strong></span> <span class='ocrx_word' id='word_1_570' title='bbox 2813 3561 3083 3625; x_wconf 70' lang='lat' dir='ltr'><strong>Mattheei,</strong></span> <span class='ocrx_word' id='word_1_571' title='bbox 3117 3563 3191 3618; x_wconf 90' lang='lat' dir='ltr'><strong>de</strong></span> <span class='ocrx_word' id='word_1_572' title='bbox 3221 3563 3421 3635; x_wconf 90' lang='lat' dir='ltr'><strong>lapide</strong></span> <span class='ocrx_word' id='word_1_573' title='bbox 3454 3566 3648 3636; x_wconf 90' lang='lat' dir='ltr'><strong>sepul-</strong></span> 
     </span>
    </p>
   </div>
   <div class='ocr_carea' id='block_1_84' title="bbox 1993 3645 3647 3721">
    <p class='ocr_par' dir='ltr' id='par_1_84' title="bbox 1993 3645 3647 3721">
     <span class='ocr_line' id='line_1_84' title="bbox 1993 3645 3647 3721; baseline 0.005 -22"><span class='ocrx_word' id='word_1_574' title='bbox 1993 3645 2071 3700; x_wconf 92' lang='lat' dir='ltr'><strong>cri</strong></span> <span class='ocrx_word' id='word_1_575' title='bbox 2104 3645 2312 3699; x_wconf 80' lang='lat' dir='ltr'><strong>Christi</strong></span> <span class='ocrx_word' id='word_1_576' title='bbox 2340 3650 2497 3702; x_wconf 90' lang='lat' dir='ltr'><strong>etc...</strong></span> <span class='ocrx_word' id='word_1_577' title='bbox 2532 3647 2594 3701; x_wconf 90' lang='lat' dir='ltr'><strong>Et</strong></span> <span class='ocrx_word' id='word_1_578' title='bbox 2624 3662 2736 3716; x_wconf 90' lang='lat' dir='ltr'><strong>ego</strong></span> <span class='ocrx_word' id='word_1_579' title='bbox 2768 3649 3066 3704; x_wconf 88' lang='lat' dir='ltr'><strong>Paschalis</strong></span> <span class='ocrx_word' id='word_1_580' title='bbox 3095 3667 3252 3721; x_wconf 89' lang='lat' dir='ltr'><strong>papa</strong></span> <span class='ocrx_word' id='word_1_581' title='bbox 3296 3653 3647 3709; x_wconf 88' lang='lat' dir='ltr'><strong>universalis</strong></span> 
     </span>
    </p>
   </div>
   <div class='ocr_carea' id='block_1_85' title="bbox 1995 3733 3648 3808">
    <p class='ocr_par' dir='ltr' id='par_1_85' title="bbox 1995 3733 3648 3808">
     <span class='ocr_line' id='line_1_85' title="bbox 1995 3733 3648 3808; baseline 0.005 -19"><span class='ocrx_word' id='word_1_582' title='bbox 1995 3733 2264 3790; x_wconf 64' lang='lat' dir='ltr'><strong>Ecclesia;</strong></span> <span class='ocrx_word' id='word_1_583' title='bbox 2291 3751 2427 3789; x_wconf 89' lang='lat' dir='ltr'><strong>cum</strong></span> <span class='ocrx_word' id='word_1_584' title='bbox 2460 3735 2718 3807; x_wconf 62' lang='lat' dir='ltr'><strong>praefatis</strong></span> <span class='ocrx_word' id='word_1_585' title='bbox 2740 3737 3038 3808; x_wconf 87' lang='lat' dir='ltr'><strong>episcopis</strong></span> <span class='ocrx_word' id='word_1_586' title='bbox 3061 3739 3170 3794; x_wconf 93' lang='lat' dir='ltr'><strong>has</strong></span> <span class='ocrx_word' id='word_1_587' title='bbox 3188 3747 3530 3796; x_wconf 90' lang='lat' dir='ltr'><strong>sanctorum</strong></span> <span class='ocrx_word' id='word_1_588' title='bbox 3561 3758 3648 3797; x_wconf 82' lang='lat' dir='ltr'><strong>re-</strong></span> 
     </span>
    </p>
   </div>
   <div class='ocr_carea' id='block_1_86' title="bbox 1994 3822 3646 3901">
    <p class='ocr_par' dir='ltr' id='par_1_86' title="bbox 1994 3822 3646 3901">
     <span class='ocr_line' id='line_1_86' title="bbox 1994 3822 3646 3901; baseline 0.005 -25"><span class='ocrx_word' id='word_1_589' title='bbox 1994 3822 2209 3895; x_wconf 87' lang='lat' dir='ltr'><strong>liqnias</strong></span> <span class='ocrx_word' id='word_1_590' title='bbox 2239 3823 2426 3878; x_wconf 86' lang='lat' dir='ltr'><strong>oculis</strong></span> <span class='ocrx_word' id='word_1_591' title='bbox 2459 3823 2716 3895; x_wconf 85' lang='lat' dir='ltr'><strong>propriis</strong></span> <span class='ocrx_word' id='word_1_592' title='bbox 2759 3824 2894 3891; x_wconf 88' lang='lat' dir='ltr'><strong>vidi,</strong></span> <span class='ocrx_word' id='word_1_593' title='bbox 2941 3828 3337 3901; x_wconf 86' lang='lat' dir='ltr'><strong>manibusque</strong></span> <span class='ocrx_word' id='word_1_594' title='bbox 3387 3833 3532 3884; x_wconf 92' lang='lat' dir='ltr'><strong>meis</strong></span> <span class='ocrx_word' id='word_1_595' title='bbox 3565 3837 3646 3886; x_wconf 86' lang='lat' dir='ltr'><strong>at-</strong></span> 
     </span>
    </p>
   </div>
   <div class='ocr_carea' id='block_1_87' title="bbox 1995 3913 3645 3989">
    <p class='ocr_par' dir='ltr' id='par_1_87' title="bbox 1995 3913 3645 3989">
     <span class='ocr_line' id='line_1_87' title="bbox 1995 3913 3645 3989; baseline 0.005 -21"><span class='ocrx_word' id='word_1_596' title='bbox 1995 3914 2255 3983; x_wconf 89' lang='lat' dir='ltr'><strong>trectavi,</strong></span> <span class='ocrx_word' id='word_1_597' title='bbox 2289 3918 2345 3968; x_wconf 91' lang='lat' dir='ltr'><strong>et</strong></span> <span class='ocrx_word' id='word_1_598' title='bbox 2383 3913 2684 3969; x_wconf 91' lang='lat' dir='ltr'><strong>recondidi</strong></span> <span class='ocrx_word' id='word_1_599' title='bbox 2727 3930 2864 3971; x_wconf 90' lang='lat' dir='ltr'><strong>cum</strong></span> <span class='ocrx_word' id='word_1_600' title='bbox 2904 3918 3152 3989; x_wconf 89' lang='lat' dir='ltr'><strong>antiquo</strong></span> <span class='ocrx_word' id='word_1_601' title='bbox 3204 3919 3368 3974; x_wconf 92' lang='lat' dir='ltr'><strong>titulo</strong></span> <span class='ocrx_word' id='word_1_602' title='bbox 3398 3920 3458 3973; x_wconf 92' lang='lat' dir='ltr'><strong>in</strong></span> <span class='ocrx_word' id='word_1_603' title='bbox 3504 3936 3645 3977; x_wconf 77' lang='lat' dir='ltr'><strong>arca</strong></span> 
     </span>
    </p>
   </div>
   <div class='ocr_carea' id='block_1_88' title="bbox 1997 4003 3645 4079">
    <p class='ocr_par' dir='ltr' id='par_1_88' title="bbox 1997 4003 3645 4079">
     <span class='ocr_line' id='line_1_88' title="bbox 1997 4003 3645 4079; baseline 0.005 -22"><span class='ocrx_word' id='word_1_604' title='bbox 1997 4018 2335 4058; x_wconf 91' lang='lat' dir='ltr'><strong>marmorea</strong></span> <span class='ocrx_word' id='word_1_605' title='bbox 2364 4003 2478 4058; x_wconf 88' lang='lat' dir='ltr'><strong>sub</strong></span> <span class='ocrx_word' id='word_1_606' title='bbox 2515 4003 2682 4060; x_wconf 90' lang='lat' dir='ltr'><strong>altari</strong></span> <span class='ocrx_word' id='word_1_607' title='bbox 2717 4005 2948 4076; x_wconf 88' lang='lat' dir='ltr'><strong>majori.</strong></span> <span class='ocrx_word' id='word_1_608' title='bbox 2986 4029 3008 4058; x_wconf 70' lang='grc' dir='ltr'><strong>υ</strong></span> <span class='ocrx_word' id='word_1_609' title='bbox 3044 4008 3224 4063; x_wconf 86' lang='lat' dir='ltr'><strong>Addit</strong></span> <span class='ocrx_word' id='word_1_610' title='bbox 3247 4009 3645 4079; x_wconf 72' lang='lat' dir='ltr'><strong>indulgentius</strong></span> 
     </span>
    </p>
   </div>
   <div class='ocr_carea' id='block_1_89' title="bbox 2001 4091 3645 4153">
    <p class='ocr_par' dir='ltr' id='par_1_89' title="bbox 2001 4091 3645 4153">
     <span class='ocr_line' id='line_1_89' title="bbox 2001 4091 3645 4153; baseline 0.005 -8"><span class='ocrx_word' id='word_1_611' title='bbox 2001 4091 2378 4146; x_wconf 88' lang='lat' dir='ltr'><strong>visitantibus</strong></span> <span class='ocrx_word' id='word_1_612' title='bbox 2391 4092 2704 4149; x_wconf 90' lang='lat' dir='ltr'><strong>ecclesiam</strong></span> <span class='ocrx_word' id='word_1_613' title='bbox 2731 4094 2891 4150; x_wconf 89' lang='lat' dir='ltr'><strong>illam</strong></span> <span class='ocrx_word' id='word_1_614' title='bbox 2915 4112 2950 4151; x_wconf 90' lang='lat' dir='ltr'><strong>a</strong></span> <span class='ocrx_word' id='word_1_615' title='bbox 2972 4096 3066 4152; x_wconf 92' lang='lat' dir='ltr'><strong>die</strong></span> <span class='ocrx_word' id='word_1_616' title='bbox 3089 4098 3554 4153; x_wconf 90' lang='lat' dir='ltr'><strong>consecrationis</strong></span> <span class='ocrx_word' id='word_1_617' title='bbox 3577 4099 3645 4153; x_wconf 76' lang='lat'><strong>25</strong></span> 
     </span>
    </p>
   </div>
   <div class='ocr_carea' id='block_1_90' title="bbox 1998 4181 3642 4257">
    <p class='ocr_par' dir='ltr' id='par_1_90' title="bbox 1998 4181 3642 4257">
     <span class='ocr_line' id='line_1_90' title="bbox 1998 4181 3642 4257; baseline 0.005 -23"><span class='ocrx_word' id='word_1_618' title='bbox 1998 4181 2179 4235; x_wconf 86' lang='lat' dir='ltr'><strong>Martii</strong></span> <span class='ocrx_word' id='word_1_619' title='bbox 2216 4197 2401 4253; x_wconf 92' lang='lat' dir='ltr'><strong>usque</strong></span> <span class='ocrx_word' id='word_1_620' title='bbox 2433 4183 2509 4237; x_wconf 89' lang='lat' dir='ltr'><strong>ad</strong></span> <span class='ocrx_word' id='word_1_621' title='bbox 2533 4184 2809 4239; x_wconf 88' lang='lat' dir='ltr'><strong>Octavam</strong></span> <span class='ocrx_word' id='word_1_622' title='bbox 2836 4185 3207 4242; x_wconf 87' lang='lat' dir='ltr'><strong>Pentecostes</strong></span> <span class='ocrx_word' id='word_1_623' title='bbox 3235 4204 3252 4257; x_wconf 81' lang='lat'>;</span> <span class='ocrx_word' id='word_1_624' title='bbox 3303 4192 3359 4242; x_wconf 91' lang='lat' dir='ltr'><strong>et</strong></span> <span class='ocrx_word' id='word_1_625' title='bbox 3404 4187 3464 4242; x_wconf 92' lang='lat' dir='ltr'><strong>in</strong></span> <span class='ocrx_word' id='word_1_626' title='bbox 3496 4187 3642 4244; x_wconf 85' lang='lat' dir='ltr'><strong>festo</strong></span> 
     </span>
    </p>
   </div>
   <div class='ocr_carea' id='block_1_91' title="bbox 1997 4269 3643 4348">
    <p class='ocr_par' dir='ltr' id='par_1_91' title="bbox 1997 4269 3643 4348">
     <span class='ocr_line' id='line_1_91' title="bbox 1997 4269 3643 4348; baseline 0.005 -25"><span class='ocrx_word' id='word_1_627' title='bbox 1997 4269 2186 4324; x_wconf 90' lang='lat' dir='ltr'><strong>sancti</strong></span> <span class='ocrx_word' id='word_1_628' title='bbox 2213 4271 2460 4326; x_wconf 74' lang='lat' dir='ltr'><strong>Matthaei</strong></span> <span class='ocrx_word' id='word_1_629' title='bbox 2503 4272 2562 4326; x_wconf 80' lang='grc'><strong>21</strong></span> <span class='ocrx_word' id='word_1_630' title='bbox 2623 4273 2999 4343; x_wconf 90' lang='lat' dir='ltr'><strong>Septembris.</strong></span> <span class='ocrx_word' id='word_1_631' title='bbox 3042 4273 3333 4330; x_wconf 73' lang='lat' dir='ltr'><strong>Caeterum</strong></span> <span class='ocrx_word' id='word_1_632' title='bbox 3380 4292 3480 4348; x_wconf 91' lang='lat' dir='ltr'><strong>per</strong></span> <span class='ocrx_word' id='word_1_633' title='bbox 3511 4276 3643 4332; x_wconf 79' lang='lat' dir='ltr'><strong>bra-</strong></span> 
     </span>
    </p>
   </div>
   <div class='ocr_carea' id='block_1_92' title="bbox 1994 4357 3642 4431">
    <p class='ocr_par' dir='ltr' id='par_1_92' title="bbox 1994 4357 3642 4431">
     <span class='ocr_line' id='line_1_92' title="bbox 1994 4357 3642 4431; baseline 0.005 -19"><span class='ocrx_word' id='word_1_634' title='bbox 1994 4357 2190 4412; x_wconf 90' lang='lat' dir='ltr'><strong>chium</strong></span> <span class='ocrx_word' id='word_1_635' title='bbox 2221 4359 2412 4413; x_wconf 91' lang='lat' dir='ltr'><strong>sancti</strong></span> <span class='ocrx_word' id='word_1_636' title='bbox 2444 4359 2712 4428; x_wconf 72' lang='lat' dir='ltr'><strong>Matthaai,</strong></span> <span class='ocrx_word' id='word_1_637' title='bbox 2744 4360 2908 4431; x_wconf 88' lang='lat' dir='ltr'><strong>quod</strong></span> <span class='ocrx_word' id='word_1_638' title='bbox 2938 4362 2997 4416; x_wconf 94' lang='lat' dir='ltr'><strong>in</strong></span> <span class='ocrx_word' id='word_1_639' title='bbox 3027 4361 3195 4418; x_wconf 90' lang='lat' dir='ltr'><strong>altari</strong></span> <span class='ocrx_word' id='word_1_640' title='bbox 3251 4364 3642 4431; x_wconf 87' lang='lat' dir='ltr'><strong>reconditum,</strong></span> 
     </span>
    </p>
   </div>
   <div class='ocr_carea' id='block_1_93' title="bbox 1993 4446 3640 4523">
    <p class='ocr_par' dir='ltr' id='par_1_93' title="bbox 1993 4446 3640 4523">
     <span class='ocr_line' id='line_1_93' title="bbox 1993 4446 3640 4523; baseline 0.005 -21"><span class='ocrx_word' id='word_1_641' title='bbox 1993 4446 2232 4517; x_wconf 89' lang='lat' dir='ltr'><strong>aliquod</strong></span> <span class='ocrx_word' id='word_1_642' title='bbox 2265 4463 2332 4502; x_wconf 87' lang='lat' dir='ltr'><strong>os</strong></span> <span class='ocrx_word' id='word_1_643' title='bbox 2361 4448 2588 4504; x_wconf 89' lang='lat' dir='ltr'><strong>brachii</strong></span> <span class='ocrx_word' id='word_1_644' title='bbox 2620 4450 3072 4519; x_wconf 89' lang='lat' dir='ltr'><strong>intelligendum</strong></span> <span class='ocrx_word' id='word_1_645' title='bbox 3102 4458 3266 4523; x_wconf 92' lang='lat' dir='ltr'><strong>puto,</strong></span> <span class='ocrx_word' id='word_1_646' title='bbox 3300 4468 3420 4509; x_wconf 91' lang='lat' dir='ltr'><strong>non</strong></span> <span class='ocrx_word' id='word_1_647' title='bbox 3451 4459 3640 4510; x_wconf 89' lang='lat' dir='ltr'><strong>totum</strong></span> 
     </span>
    </p>
   </div>
   <div class='ocr_carea' id='block_1_94' title="bbox 227 4535 3645 4614">
    <p class='ocr_par' dir='ltr' id='par_1_94' title="bbox 227 4535 3645 4614">
     <span class='ocr_line' id='line_1_94' title="bbox 227 4535 3645 4614; baseline 0 -15"><span class='ocrx_word' id='word_1_648' title='bbox 227 4559 402 4599; x_wconf 90' lang='lat' dir='ltr'><strong>mora</strong></span> <span class='ocrx_word' id='word_1_649' title='bbox 436 4545 702 4598; x_wconf 82' lang='lat' dir='ltr'><strong>Romana</strong></span> <span class='ocrx_word' id='word_1_650' title='bbox 735 4557 923 4614; x_wconf 91' lang='lat' dir='ltr'><strong>usque</strong></span> <span class='ocrx_word' id='word_1_651' title='bbox 954 4540 1030 4596; x_wconf 92' lang='lat' dir='ltr'><strong>ad</strong></span> <span class='ocrx_word' id='word_1_652' title='bbox 1062 4539 1316 4595; x_wconf 90' lang='lat' dir='ltr'><strong>reditum</strong></span> <span class='ocrx_word' id='word_1_653' title='bbox 1347 4539 1408 4594; x_wconf 93' lang='lat' dir='ltr'><strong>in</strong></span> <span class='ocrx_word' id='word_1_654' title='bbox 1440 4537 1711 4607; x_wconf 91' lang='lat' dir='ltr'><strong>Belgium</strong></span> <span class='ocrx_word' id='word_1_655' title='bbox 1742 4554 1886 4592; x_wconf 89' lang='lat' dir='ltr'><strong>con-</strong></span> <span class='ocrx_word' id='word_1_656' title='bbox 1917 4535 1963 4592; x_wconf 93' lang='lat' dir='ltr'>D</span> <span class='ocrx_word' id='word_1_657' title='bbox 1992 4535 2328 4592; x_wconf 87' lang='lat' dir='ltr'><strong>brachium.</strong></span> <span class='ocrx_word' id='word_1_658' title='bbox 2352 4536 2691 4593; x_wconf 89' lang='lat' dir='ltr'><strong>Pancirolus</strong></span> <span class='ocrx_word' id='word_1_659' title='bbox 2714 4539 2773 4593; x_wconf 91' lang='lat' dir='ltr'><strong>in</strong></span> <span class='ocrx_word' id='word_1_660' title='bbox 2797 4555 2975 4611; x_wconf 82' lang='lat' dir='ltr'><strong>Opere</strong></span> <span class='ocrx_word' id='word_1_661' title='bbox 2998 4541 3193 4597; x_wconf 89' lang='lat' dir='ltr'><strong>Italico</strong></span> <span class='ocrx_word' id='word_1_662' title='bbox 3216 4544 3298 4597; x_wconf 89' lang='lat' dir='ltr'><strong>De</strong></span> <span class='ocrx_word' id='word_1_663' title='bbox 3328 4543 3645 4600; x_wconf 62' lang='lat' dir='ltr'><strong>Thesaura&#39;s</strong></span> 
     </span>
    </p>
   </div>
   <div class='ocr_carea' id='block_1_95' title="bbox 227 4627 1882 4704">
    <p class='ocr_par' dir='ltr' id='par_1_95' title="bbox 227 4627 1882 4704">
     <span class='ocr_line' id='line_1_95' title="bbox 227 4627 1882 4704; baseline -0.004 -16"><span class='ocrx_word' id='word_1_664' title='bbox 227 4633 483 4703; x_wconf 89' lang='lat' dir='ltr'><strong>scripsit,</strong></span> <span class='ocrx_word' id='word_1_665' title='bbox 530 4646 668 4704; x_wconf 89' lang='lat' dir='ltr'><strong>pag.</strong></span> <span class='ocrx_word' id='word_1_666' title='bbox 727 4629 843 4694; x_wconf 83' lang='lat' dir='ltr'><strong>t08,</strong></span> <span class='ocrx_word' id='word_1_667' title='bbox 886 4630 1035 4685; x_wconf 92' lang='lat' dir='ltr'><strong>inter</strong></span> <span class='ocrx_word' id='word_1_668' title='bbox 1084 4628 1384 4700; x_wconf 90' lang='lat' dir='ltr'><strong>reliquias,</strong></span> <span class='ocrx_word' id='word_1_669' title='bbox 1442 4644 1594 4699; x_wconf 90' lang='lat' dir='ltr'><strong>quas</strong></span> <span class='ocrx_word' id='word_1_670' title='bbox 1641 4627 1787 4681; x_wconf 89' lang='lat' dir='ltr'><strong>vidit</strong></span> <span class='ocrx_word' id='word_1_671' title='bbox 1825 4627 1882 4682; x_wconf 93' lang='lat' dir='ltr'><strong>in</strong></span> 
     </span>
    </p>
   </div>
   <div class='ocr_carea' id='block_1_96' title="bbox 226 4715 1884 4786">
    <p class='ocr_par' dir='ltr' id='par_1_96' title="bbox 226 4715 1884 4786">
     <span class='ocr_line' id='line_1_96' title="bbox 226 4715 1884 4786; baseline -0.002 -11"><span class='ocrx_word' id='word_1_672' title='bbox 226 4723 495 4777; x_wconf 86' lang='lat' dir='ltr'><strong>sacrario</strong></span> <span class='ocrx_word' id='word_1_673' title='bbox 521 4718 850 4786; x_wconf 90' lang='lat' dir='ltr'><strong>Casinensi,</strong></span> <span class='ocrx_word' id='word_1_674' title='bbox 895 4718 1038 4774; x_wconf 90' lang='lat' dir='ltr'><strong>illud</strong></span> <span class='ocrx_word' id='word_1_675' title='bbox 1079 4735 1144 4773; x_wconf 91' lang='lat' dir='ltr'><strong>os</strong></span> <span class='ocrx_word' id='word_1_676' title='bbox 1171 4717 1395 4773; x_wconf 88' lang='lat' dir='ltr'><strong>brachii</strong></span> <span class='ocrx_word' id='word_1_677' title='bbox 1424 4716 1610 4772; x_wconf 91' lang='lat' dir='ltr'><strong>sancti</strong></span> <span class='ocrx_word' id='word_1_678' title='bbox 1634 4715 1884 4772; x_wconf 63' lang='lat' dir='ltr'><strong>Matthaai</strong></span> 
     </span>
    </p>
   </div>
   <div class='ocr_carea' id='block_1_97' title="bbox 220 4815 509 4868">
    <p class='ocr_par' dir='ltr' id='par_1_97' title="bbox 220 4815 509 4868">
     <span class='ocr_line' id='line_1_97' title="bbox 220 4815 509 4868; baseline -0.01 0"><span class='ocrx_word' id='word_1_679' title='bbox 220 4815 509 4868; x_wconf 81' lang='lat' dir='ltr'><strong>recenset.</strong></span> 
     </span>
    </p>
   </div>
   <div class='ocr_carea' id='block_1_98' title="bbox 296 4891 1881 4966">
    <p class='ocr_par' dir='ltr' id='par_1_98' title="bbox 296 4891 1881 4966">
     <span class='ocr_line' id='line_1_98' title="bbox 296 4891 1881 4966; baseline -0.003 -12"><span class='ocrx_word' id='word_1_680' title='bbox 296 4902 386 4954; x_wconf 75' lang='grc'><strong>94.</strong></span> <span class='ocrx_word' id='word_1_681' title='bbox 417 4899 605 4954; x_wconf 84' lang='lat' dir='ltr'><strong>Roma</strong></span> <span class='ocrx_word' id='word_1_682' title='bbox 635 4898 693 4952; x_wconf 89' lang='lat' dir='ltr'><strong>in</strong></span> <span class='ocrx_word' id='word_1_683' title='bbox 725 4897 902 4952; x_wconf 89' lang='lat' dir='ltr'><strong>variis</strong></span> <span class='ocrx_word' id='word_1_684' title='bbox 949 4894 1214 4950; x_wconf 90' lang='lat' dir='ltr'><strong>ecclesiis</strong></span> <span class='ocrx_word' id='word_1_685' title='bbox 1240 4892 1518 4966; x_wconf 91' lang='lat' dir='ltr'><strong>reliquias</strong></span> <span class='ocrx_word' id='word_1_686' title='bbox 1561 4891 1881 4949; x_wconf 89' lang='lat' dir='ltr'><strong>nonnullas</strong></span> 
     </span>
    </p>
   </div>
   <div class='ocr_carea' id='block_1_99' title="bbox 225 4985 1881 5044">
    <p class='ocr_par' dir='ltr' id='par_1_99' title="bbox 225 4985 1881 5044">
     <span class='ocr_line' id='line_1_99' title="bbox 225 4985 1881 5044; baseline -0.004 0"><span class='ocrx_word' id='word_1_687' title='bbox 225 4989 418 5044; x_wconf 89' lang='lat' dir='ltr'><strong>sancti</strong></span> <span class='ocrx_word' id='word_1_688' title='bbox 458 4986 711 5044; x_wconf 67' lang='lat' dir='ltr'><strong>Matthaai</strong></span> <span class='ocrx_word' id='word_1_689' title='bbox 752 4985 1010 5041; x_wconf 81' lang='lat' dir='ltr'><strong>exhibet.</strong></span> <span class='ocrx_word' id='word_1_690' title='bbox 1064 4987 1216 5039; x_wconf 81' lang='lat' dir='ltr'><strong>inter</strong></span> <span class='ocrx_word' id='word_1_691' title='bbox 1260 4997 1614 5039; x_wconf 91' lang='lat' dir='ltr'><strong>numerosas</strong></span> <span class='ocrx_word' id='word_1_692' title='bbox 1680 4987 1881 5038; x_wconf 90' lang='lat' dir='ltr'><strong>autem</strong></span> 
     </span>
    </p>
   </div>
   <div class='ocr_carea' id='block_1_100' title="bbox 226 5071 1876 5138">
    <p class='ocr_par' dir='ltr' id='par_1_100' title="bbox 226 5071 1876 5138">
     <span class='ocr_line' id='line_1_100' title="bbox 226 5071 1876 5138; baseline -0.005 -4"><span class='ocrx_word' id='word_1_693' title='bbox 226 5078 399 5134; x_wconf 91' lang='lat' dir='ltr'><strong>Urbis</strong></span> <span class='ocrx_word' id='word_1_694' title='bbox 451 5075 729 5132; x_wconf 91' lang='lat' dir='ltr'><strong>ecclesias</strong></span> <span class='ocrx_word' id='word_1_695' title='bbox 787 5091 907 5130; x_wconf 91' lang='lat' dir='ltr'><strong>una</strong></span> <span class='ocrx_word' id='word_1_696' title='bbox 960 5079 1048 5129; x_wconf 91' lang='lat' dir='ltr'><strong>est</strong></span> <span class='ocrx_word' id='word_1_697' title='bbox 1077 5078 1286 5128; x_wconf 91' lang='lat' dir='ltr'><strong>sancto</strong></span> <span class='ocrx_word' id='word_1_698' title='bbox 1330 5073 1598 5128; x_wconf 71' lang='lat' dir='ltr'><strong>Matthaao</strong></span> <span class='ocrx_word' id='word_1_699' title='bbox 1659 5071 1876 5138; x_wconf 89' lang='lat' dir='ltr'><strong>dicata,</strong></span> 
     </span>
    </p>
   </div>
   <div class='ocr_carea' id='block_1_101' title="bbox 219 5161 1876 5238">
    <p class='ocr_par' dir='ltr' id='par_1_101' title="bbox 219 5161 1876 5238">
     <span class='ocr_line' id='line_1_101' title="bbox 219 5161 1876 5238; baseline -0.002 -18"><span class='ocrx_word' id='word_1_700' title='bbox 219 5183 351 5238; x_wconf 73' lang='lat' dir='ltr'><strong>quae</strong></span> <span class='ocrx_word' id='word_1_701' title='bbox 373 5164 836 5234; x_wconf 89' lang='lat' dir='ltr'><strong>cognominatur</strong></span> <span class='ocrx_word' id='word_1_702' title='bbox 861 5164 922 5218; x_wconf 83' lang='lat' dir='ltr'><strong>in</strong></span> <span class='ocrx_word' id='word_1_703' title='bbox 954 5162 1296 5227; x_wconf 79' lang='lat' dir='ltr'><strong>Marulana,</strong></span> <span class='ocrx_word' id='word_1_704' title='bbox 1331 5177 1438 5233; x_wconf 90' lang='lat' dir='ltr'><strong>pro</strong></span> <span class='ocrx_word' id='word_1_705' title='bbox 1477 5161 1539 5217; x_wconf 81' lang='lat' dir='ltr'><strong>in</strong></span> <span class='ocrx_word' id='word_1_706' title='bbox 1571 5162 1876 5226; x_wconf 68' lang='lat' dir='ltr'><strong>Mariana,</strong></span> 
     </span>
    </p>
   </div>
   <div class='ocr_carea' id='block_1_102' title="bbox 218 5250 1881 5328">
    <p class='ocr_par' dir='ltr' id='par_1_102' title="bbox 218 5250 1881 5328">
     <span class='ocr_line' id='line_1_102' title="bbox 218 5250 1881 5328; baseline -0.004 -17"><span class='ocrx_word' id='word_1_707' title='bbox 218 5258 365 5328; x_wconf 85' lang='lat' dir='ltr'><strong>quia</strong></span> <span class='ocrx_word' id='word_1_708' title='bbox 391 5254 730 5326; x_wconf 88' lang='lat' dir='ltr'><strong>propinqua</strong></span> <span class='ocrx_word' id='word_1_709' title='bbox 770 5258 856 5308; x_wconf 90' lang='lat' dir='ltr'><strong>est</strong></span> <span class='ocrx_word' id='word_1_710' title='bbox 882 5251 1117 5324; x_wconf 69' lang='lat' dir='ltr'><strong>tropteis</strong></span> <span class='ocrx_word' id='word_1_711' title='bbox 1149 5252 1324 5316; x_wconf 81' lang='lat' dir='ltr'><strong>Marii,</strong></span> <span class='ocrx_word' id='word_1_712' title='bbox 1374 5258 1435 5305; x_wconf 92' lang='lat' dir='ltr'><strong>ut</strong></span> <span class='ocrx_word' id='word_1_713' title='bbox 1466 5250 1610 5306; x_wconf 88' lang='lat' dir='ltr'><strong>varii</strong></span> <span class='ocrx_word' id='word_1_714' title='bbox 1638 5251 1881 5322; x_wconf 88' lang='lat' dir='ltr'><strong>scripto-</strong></span> 
     </span>
    </p>
   </div>
   <div class='ocr_carea' id='block_1_103' title="bbox 218 5341 1875 5410">
    <p class='ocr_par' dir='ltr' id='par_1_103' title="bbox 218 5341 1875 5410">
     <span class='ocr_line' id='line_1_103' title="bbox 218 5341 1875 5410; baseline -0.004 -10"><span class='ocrx_word' id='word_1_715' title='bbox 218 5361 313 5402; x_wconf 88' lang='lat' dir='ltr'><strong>res</strong></span> <span class='ocrx_word' id='word_1_716' title='bbox 344 5349 639 5400; x_wconf 84' lang='lat' dir='ltr'><strong>asserunt.</strong></span> <span class='ocrx_word' id='word_1_717' title='bbox 662 5341 1035 5407; x_wconf 84' lang='lat' dir='ltr'><strong>Martinellus,</strong></span> <span class='ocrx_word' id='word_1_718' title='bbox 1069 5341 1130 5397; x_wconf 93' lang='lat' dir='ltr'><strong>in</strong></span> <span class='ocrx_word' id='word_1_719' title='bbox 1157 5343 1338 5397; x_wconf 82' lang='lat' dir='ltr'><strong>Roma</strong></span> <span class='ocrx_word' id='word_1_720' title='bbox 1355 5356 1547 5401; x_wconf 84' lang='lat' dir='ltr'><strong>sacra,</strong></span> <span class='ocrx_word' id='word_1_721' title='bbox 1583 5355 1717 5410; x_wconf 90' lang='lat' dir='ltr'><strong>pag.</strong></span> <span class='ocrx_word' id='word_1_722' title='bbox 1754 5343 1875 5402; x_wconf 79' lang='lat'><strong>257,</strong></span> 
     </span>
    </p>
   </div>
   <div class='ocr_carea' id='block_1_104' title="bbox 217 5429 1875 5505">
    <p class='ocr_par' dir='ltr' id='par_1_104' title="bbox 217 5429 1875 5505">
     <span class='ocr_line' id='line_1_104' title="bbox 217 5429 1875 5505; baseline -0.005 -14"><span class='ocrx_word' id='word_1_723' title='bbox 217 5435 343 5505; x_wconf 84' lang='lat' dir='ltr'><strong>agit</strong></span> <span class='ocrx_word' id='word_1_724' title='bbox 374 5433 448 5489; x_wconf 89' lang='lat' dir='ltr'><strong>de</strong></span> <span class='ocrx_word' id='word_1_725' title='bbox 493 5433 607 5488; x_wconf 90' lang='lat' dir='ltr'><strong>hac</strong></span> <span class='ocrx_word' id='word_1_726' title='bbox 637 5433 825 5488; x_wconf 90' lang='lat' dir='ltr'><strong>sancti</strong></span> <span class='ocrx_word' id='word_1_727' title='bbox 871 5431 1125 5486; x_wconf 67' lang='lat' dir='ltr'><strong>Matthaai</strong></span> <span class='ocrx_word' id='word_1_728' title='bbox 1173 5430 1419 5486; x_wconf 88' lang='lat' dir='ltr'><strong>ecclesia</strong></span> <span class='ocrx_word' id='word_1_729' title='bbox 1449 5429 1508 5483; x_wconf 83' lang='lat' dir='ltr'><strong>in</strong></span> <span class='ocrx_word' id='word_1_730' title='bbox 1538 5429 1875 5492; x_wconf 85' lang='lat' dir='ltr'><strong>Merulana,</strong></span> 
     </span>
    </p>
   </div>
   <div class='ocr_carea' id='block_1_105' title="bbox 218 5518 1877 5590">
    <p class='ocr_par' dir='ltr' id='par_1_105' title="bbox 218 5518 1877 5590">
     <span class='ocr_line' id='line_1_105' title="bbox 218 5518 1877 5590; baseline -0.005 -11"><span class='ocrx_word' id='word_1_731' title='bbox 218 5523 367 5579; x_wconf 85' lang='lat' dir='ltr'><strong>alias</strong></span> <span class='ocrx_word' id='word_1_732' title='bbox 394 5524 697 5586; x_wconf 83' lang='lat' dir='ltr'><strong>Mariana,</strong></span> <span class='ocrx_word' id='word_1_733' title='bbox 731 5522 786 5576; x_wconf 91' lang='lat' dir='ltr'><strong>in</strong></span> <span class='ocrx_word' id='word_1_734' title='bbox 817 5521 1057 5590; x_wconf 90' lang='lat' dir='ltr'><strong>regione</strong></span> <span class='ocrx_word' id='word_1_735' title='bbox 1085 5520 1399 5583; x_wconf 87' lang='lat' dir='ltr'><strong>montium,</strong></span> <span class='ocrx_word' id='word_1_736' title='bbox 1434 5518 1628 5573; x_wconf 91' lang='lat' dir='ltr'><strong>eundo</strong></span> <span class='ocrx_word' id='word_1_737' title='bbox 1656 5534 1691 5572; x_wconf 94' lang='lat' dir='ltr'><strong>a</strong></span> <span class='ocrx_word' id='word_1_738' title='bbox 1721 5518 1877 5571; x_wconf 87' lang='lat' dir='ltr'><strong>Basi-</strong></span> 
     </span>
    </p>
   </div>
   <div class='ocr_carea' id='block_1_106' title="bbox 218 5610 1874 5682">
    <p class='ocr_par' dir='ltr' id='par_1_106' title="bbox 218 5610 1874 5682">
     <span class='ocr_line' id='line_1_106' title="bbox 218 5610 1874 5682; baseline -0.004 -14"><span class='ocrx_word' id='word_1_739' title='bbox 218 5611 333 5670; x_wconf 85' lang='lat' dir='ltr'><strong>lica</strong></span> <span class='ocrx_word' id='word_1_740' title='bbox 377 5614 433 5670; x_wconf 91' lang='lat' dir='ltr'><strong>S.</strong></span> <span class='ocrx_word' id='word_1_741' title='bbox 478 5610 669 5669; x_wconf 71' lang='lat' dir='ltr'><strong>Mariae</strong></span> <span class='ocrx_word' id='word_1_742' title='bbox 723 5611 955 5682; x_wconf 79' lang='lat' dir='ltr'><strong>Majoris</strong></span> <span class='ocrx_word' id='word_1_743' title='bbox 994 5610 1073 5665; x_wconf 88' lang='lat' dir='ltr'><strong>ad</strong></span> <span class='ocrx_word' id='word_1_744' title='bbox 1135 5611 1508 5666; x_wconf 86' lang='lat' dir='ltr'><strong>Lateranum.</strong></span> <span class='ocrx_word' id='word_1_745' title='bbox 1563 5613 1874 5663; x_wconf 74' lang='lat' dir='ltr'><strong>Annexum</strong></span> 
     </span>
    </p>
   </div>
   <div class='ocr_carea' id='block_1_107' title="bbox 1994 4624 3644 4691">
    <p class='ocr_par' dir='ltr' id='par_1_107' title="bbox 1994 4624 3644 4691">
     <span class='ocr_line' id='line_1_107' title="bbox 1994 4624 3644 4691; baseline 0.003 -10"><span class='ocrx_word' id='word_1_746' title='bbox 1994 4624 2374 4691; x_wconf 79' lang='lat' dir='ltr'><strong>absconditis,</strong></span> <span class='ocrx_word' id='word_1_747' title='bbox 2430 4629 2630 4682; x_wconf 63' lang='lat' dir='ltr'><strong>Romae</strong></span> <span class='ocrx_word' id='word_1_748' title='bbox 2688 4627 2747 4682; x_wconf 92' lang='lat' dir='ltr'><strong>in</strong></span> <span class='ocrx_word' id='word_1_749' title='bbox 2825 4628 3072 4684; x_wconf 91' lang='lat' dir='ltr'><strong>ecclesia</strong></span> <span class='ocrx_word' id='word_1_750' title='bbox 3130 4630 3319 4686; x_wconf 88' lang='lat' dir='ltr'><strong>sancti</strong></span> <span class='ocrx_word' id='word_1_751' title='bbox 3393 4631 3644 4687; x_wconf 68' lang='lat' dir='ltr'><strong>Matthaii</strong></span> 
     </span>
    </p>
   </div>
   <div class='ocr_carea' id='block_1_108' title="bbox 1994 4715 3637 4786">
    <p class='ocr_par' dir='ltr' id='par_1_108' title="bbox 1994 4715 3637 4786">
     <span class='ocr_line' id='line_1_108' title="bbox 1994 4715 3637 4786; baseline 0.004 -17"><span class='ocrx_word' id='word_1_752' title='bbox 1994 4730 2129 4786; x_wconf 91' lang='lat' dir='ltr'><strong>pag.</strong></span> <span class='ocrx_word' id='word_1_753' title='bbox 2179 4715 2273 4769; x_wconf 79' lang='lat'><strong>137</strong></span> <span class='ocrx_word' id='word_1_754' title='bbox 2328 4716 2554 4783; x_wconf 89' lang='lat' dir='ltr'><strong>asserit,</strong></span> <span class='ocrx_word' id='word_1_755' title='bbox 2602 4716 2762 4771; x_wconf 90' lang='lat' dir='ltr'><strong>aliud</strong></span> <span class='ocrx_word' id='word_1_756' title='bbox 2815 4717 3131 4774; x_wconf 91' lang='lat' dir='ltr'><strong>brachium</strong></span> <span class='ocrx_word' id='word_1_757' title='bbox 3171 4720 3357 4775; x_wconf 90' lang='lat' dir='ltr'><strong>sancti</strong></span> <span class='ocrx_word' id='word_1_758' title='bbox 3388 4721 3637 4776; x_wconf 69' lang='lat' dir='ltr'><strong>Matthaai</strong></span> 
     </span>
    </p>
   </div>
   <div class='ocr_carea' id='block_1_109' title="bbox 1994 4803 3642 4877">
    <p class='ocr_par' dir='ltr' id='par_1_109' title="bbox 1994 4803 3642 4877">
     <span class='ocr_line' id='line_1_109' title="bbox 1994 4803 3642 4877; baseline 0.004 -19"><span class='ocrx_word' id='word_1_759' title='bbox 1994 4804 2216 4858; x_wconf 87' lang='lat' dir='ltr'><strong>servari</strong></span> <span class='ocrx_word' id='word_1_760' title='bbox 2257 4803 2316 4858; x_wconf 92' lang='lat' dir='ltr'><strong>in</strong></span> <span class='ocrx_word' id='word_1_761' title='bbox 2341 4803 2587 4860; x_wconf 90' lang='lat' dir='ltr'><strong>basilica</strong></span> <span class='ocrx_word' id='word_1_762' title='bbox 2617 4811 2788 4861; x_wconf 67' lang='lat' dir='ltr'><strong>saeta:</strong></span> <span class='ocrx_word' id='word_1_763' title='bbox 2819 4808 3006 4862; x_wconf 67' lang='lat' dir='ltr'><strong>Marias</strong></span> <span class='ocrx_word' id='word_1_764' title='bbox 3038 4808 3290 4877; x_wconf 82' lang='lat' dir='ltr'><strong>Majoris,</strong></span> <span class='ocrx_word' id='word_1_765' title='bbox 3325 4809 3484 4864; x_wconf 90' lang='lat' dir='ltr'><strong>aliud</strong></span> <span class='ocrx_word' id='word_1_766' title='bbox 3518 4825 3642 4864; x_wconf 78' lang='lat' dir='ltr'><strong>rur-</strong></span> 
     </span>
    </p>
   </div>
   <div class='ocr_carea' id='block_1_110' title="bbox 1991 4894 3639 4968">
    <p class='ocr_par' dir='ltr' id='par_1_110' title="bbox 1991 4894 3639 4968">
     <span class='ocr_line' id='line_1_110' title="bbox 1991 4894 3639 4968; baseline 0.003 -20"><span class='ocrx_word' id='word_1_767' title='bbox 1991 4911 2124 4948; x_wconf 89' lang='lat' dir='ltr'><strong>sum</strong></span> <span class='ocrx_word' id='word_1_768' title='bbox 2163 4895 2223 4949; x_wconf 92' lang='lat' dir='ltr'><strong>in</strong></span> <span class='ocrx_word' id='word_1_769' title='bbox 2259 4894 2510 4950; x_wconf 89' lang='lat' dir='ltr'><strong>ecclesia</strong></span> <span class='ocrx_word' id='word_1_770' title='bbox 2541 4895 2726 4950; x_wconf 90' lang='lat' dir='ltr'><strong>sancti</strong></span> <span class='ocrx_word' id='word_1_771' title='bbox 2755 4896 3008 4951; x_wconf 90' lang='lat' dir='ltr'><strong>Marcelli</strong></span> <span class='ocrx_word' id='word_1_772' title='bbox 3036 4912 3209 4968; x_wconf 69' lang='lat' dir='ltr'><strong>papaa</strong></span> <span class='ocrx_word' id='word_1_773' title='bbox 3241 4915 3251 4953; x_wconf 92' lang='lat'>:</span> <span class='ocrx_word' id='word_1_774' title='bbox 3282 4899 3417 4953; x_wconf 91' lang='lat' dir='ltr'><strong>etin</strong></span> <span class='ocrx_word' id='word_1_775' title='bbox 3444 4898 3639 4953; x_wconf 83' lang='lat' dir='ltr'><strong>indice</strong></span> 
     </span>
    </p>
   </div>
   <div class='ocr_carea' id='block_1_111' title="bbox 1987 4982 3640 5054">
    <p class='ocr_par' dir='ltr' id='par_1_111' title="bbox 1987 4982 3640 5054">
     <span class='ocr_line' id='line_1_111' title="bbox 1987 4982 3640 5054; baseline 0.002 -16"><span class='ocrx_word' id='word_1_776' title='bbox 1987 4982 2374 5054; x_wconf 88' lang='lat' dir='ltr'><strong>reliquiarum</strong></span> <span class='ocrx_word' id='word_1_777' title='bbox 2399 4983 2671 5053; x_wconf 89' lang='lat' dir='ltr'><strong>adjungit</strong></span> <span class='ocrx_word' id='word_1_778' title='bbox 2691 4986 2876 5039; x_wconf 91' lang='lat' dir='ltr'><strong>sancti</strong></span> <span class='ocrx_word' id='word_1_779' title='bbox 2903 4985 3156 5041; x_wconf 67' lang='lat' dir='ltr'><strong>Matthaai</strong></span> <span class='ocrx_word' id='word_1_780' title='bbox 3174 4993 3398 5042; x_wconf 89' lang='lat' dir='ltr'><strong>costam</strong></span> <span class='ocrx_word' id='word_1_781' title='bbox 3431 4986 3640 5042; x_wconf 85' lang='lat' dir='ltr'><strong>haberi</strong></span> 
     </span>
    </p>
   </div>
   <div class='ocr_carea' id='block_1_112' title="bbox 1988 5070 3641 5131">
    <p class='ocr_par' dir='ltr' id='par_1_112' title="bbox 1988 5070 3641 5131">
     <span class='ocr_line' id='line_1_112' title="bbox 1988 5070 3641 5131; baseline 0.003 -5"><span class='ocrx_word' id='word_1_782' title='bbox 1988 5070 2050 5127; x_wconf 91' lang='lat' dir='ltr'><strong>in</strong></span> <span class='ocrx_word' id='word_1_783' title='bbox 2076 5071 2327 5128; x_wconf 91' lang='lat' dir='ltr'><strong>ecclesia</strong></span> <span class='ocrx_word' id='word_1_784' title='bbox 2355 5071 2417 5130; x_wconf 94' lang='lat' dir='ltr'><strong>S.</strong></span> <span class='ocrx_word' id='word_1_785' title='bbox 2453 5071 2672 5128; x_wconf 88' lang='lat' dir='ltr'><strong>Nicolai</strong></span> <span class='ocrx_word' id='word_1_786' title='bbox 2702 5072 2761 5127; x_wconf 92' lang='lat' dir='ltr'><strong>in</strong></span> <span class='ocrx_word' id='word_1_787' title='bbox 2786 5072 3049 5129; x_wconf 88' lang='lat' dir='ltr'><strong>Carcere.</strong></span> <span class='ocrx_word' id='word_1_788' title='bbox 3076 5075 3173 5129; x_wconf 89' lang='lat' dir='ltr'><strong>His</strong></span> <span class='ocrx_word' id='word_1_789' title='bbox 3199 5076 3476 5131; x_wconf 90' lang='lat' dir='ltr'><strong>omnibus</strong></span> <span class='ocrx_word' id='word_1_790' title='bbox 3503 5091 3641 5131; x_wconf 93' lang='lat' dir='ltr'><strong>con-</strong></span> 
     </span>
    </p>
   </div>
   <div class='ocr_carea' id='block_1_113' title="bbox 1988 5160 3638 5231">
    <p class='ocr_par' dir='ltr' id='par_1_113' title="bbox 1988 5160 3638 5231">
     <span class='ocr_line' id='line_1_113' title="bbox 1988 5160 3638 5231; baseline 0.002 -16"><span class='ocrx_word' id='word_1_791' title='bbox 1988 5163 2163 5215; x_wconf 91' lang='lat' dir='ltr'><strong>sentit</strong></span> <span class='ocrx_word' id='word_1_792' title='bbox 2196 5160 2399 5215; x_wconf 89' lang='lat' dir='ltr'><strong>Piazza</strong></span> <span class='ocrx_word' id='word_1_793' title='bbox 2429 5161 2488 5214; x_wconf 93' lang='lat' dir='ltr'><strong>in</strong></span> <span class='ocrx_word' id='word_1_794' title='bbox 2523 5160 2934 5231; x_wconf 84' lang='lat' dir='ltr'><strong>Heinerologio</strong></span> <span class='ocrx_word' id='word_1_795' title='bbox 2963 5179 3133 5219; x_wconf 90' lang='lat' dir='ltr'><strong>sacro</strong></span> <span class='ocrx_word' id='word_1_796' title='bbox 3161 5164 3241 5218; x_wconf 88' lang='lat' dir='ltr'><strong>ad</strong></span> <span class='ocrx_word' id='word_1_797' title='bbox 3270 5165 3431 5220; x_wconf 90' lang='lat' dir='ltr'><strong>hunc</strong></span> <span class='ocrx_word' id='word_1_798' title='bbox 3457 5165 3638 5231; x_wconf 90' lang='lat' dir='ltr'><strong>diem,</strong></span> 
     </span>
    </p>
   </div>
   <div class='ocr_carea' id='block_1_114' title="bbox 1990 5248 3639 5320">
    <p class='ocr_par' dir='ltr' id='par_1_114' title="bbox 1990 5248 3639 5320">
     <span class='ocr_line' id='line_1_114' title="bbox 1990 5248 3639 5320; baseline 0.003 -16"><span class='ocrx_word' id='word_1_799' title='bbox 1990 5249 2089 5304; x_wconf 92' lang='lat' dir='ltr'><strong>ubi</strong></span> <span class='ocrx_word' id='word_1_800' title='bbox 2121 5248 2304 5314; x_wconf 91' lang='lat' dir='ltr'><strong>addit,</strong></span> <span class='ocrx_word' id='word_1_801' title='bbox 2337 5249 2608 5304; x_wconf 91' lang='lat' dir='ltr'><strong>nonnihil</strong></span> <span class='ocrx_word' id='word_1_802' title='bbox 2640 5249 2817 5306; x_wconf 89' lang='lat' dir='ltr'><strong>etiam</strong></span> <span class='ocrx_word' id='word_1_803' title='bbox 2854 5251 3242 5320; x_wconf 90' lang='lat' dir='ltr'><strong>reliquiarum</strong></span> <span class='ocrx_word' id='word_1_804' title='bbox 3271 5253 3458 5308; x_wconf 92' lang='lat' dir='ltr'><strong>sancti</strong></span> <span class='ocrx_word' id='word_1_805' title='bbox 3496 5254 3639 5309; x_wconf 88' lang='lat' dir='ltr'><strong>Mat-</strong></span> 
     </span>
    </p>
   </div>
   <div class='ocr_carea' id='block_1_115' title="bbox 1989 5338 3638 5411">
    <p class='ocr_par' dir='ltr' id='par_1_115' title="bbox 1989 5338 3638 5411">
     <span class='ocr_line' id='line_1_115' title="bbox 1989 5338 3638 5411; baseline 0.003 -17"><span class='ocrx_word' id='word_1_806' title='bbox 1989 5338 2122 5394; x_wconf 72' lang='lat' dir='ltr'><strong>thsei</strong></span> <span class='ocrx_word' id='word_1_807' title='bbox 2154 5340 2376 5394; x_wconf 89' lang='lat' dir='ltr'><strong>servari</strong></span> <span class='ocrx_word' id='word_1_808' title='bbox 2406 5339 2462 5392; x_wconf 91' lang='lat' dir='ltr'><strong>in</strong></span> <span class='ocrx_word' id='word_1_809' title='bbox 2493 5338 2740 5395; x_wconf 90' lang='lat' dir='ltr'><strong>basilica</strong></span> <span class='ocrx_word' id='word_1_810' title='bbox 2771 5341 3051 5397; x_wconf 88' lang='lat' dir='ltr'><strong>Vaticana</strong></span> <span class='ocrx_word' id='word_1_811' title='bbox 3082 5342 3267 5398; x_wconf 85' lang='lat' dir='ltr'><strong>sancti</strong></span> <span class='ocrx_word' id='word_1_812' title='bbox 3293 5343 3460 5411; x_wconf 89' lang='lat' dir='ltr'><strong>Petri,</strong></span> <span class='ocrx_word' id='word_1_813' title='bbox 3493 5350 3547 5398; x_wconf 91' lang='lat' dir='ltr'><strong>et</strong></span> <span class='ocrx_word' id='word_1_814' title='bbox 3578 5343 3638 5399; x_wconf 93' lang='lat' dir='ltr'><strong>in</strong></span> 
     </span>
    </p>
   </div>
   <div class='ocr_carea' id='block_1_116' title="bbox 1988 5427 3632 5504">
    <p class='ocr_par' dir='ltr' id='par_1_116' title="bbox 1988 5427 3632 5504">
     <span class='ocr_line' id='line_1_116' title="bbox 1988 5427 3632 5504; baseline 0.003 -21"><span class='ocrx_word' id='word_1_815' title='bbox 1988 5427 2246 5483; x_wconf 91' lang='lat' dir='ltr'><strong>ecclesiis</strong></span> <span class='ocrx_word' id='word_1_816' title='bbox 2309 5433 2653 5482; x_wconf 88' lang='lat' dir='ltr'><strong>sanctorum</strong></span> <span class='ocrx_word' id='word_1_817' title='bbox 2704 5430 3110 5500; x_wconf 87' lang='lat' dir='ltr'><strong>apostolorum</strong></span> <span class='ocrx_word' id='word_1_818' title='bbox 3162 5437 3220 5486; x_wconf 91' lang='lat' dir='ltr'><strong>et</strong></span> <span class='ocrx_word' id='word_1_819' title='bbox 3254 5434 3308 5487; x_wconf 90' lang='lat' dir='ltr'><strong>S.</strong></span> <span class='ocrx_word' id='word_1_820' title='bbox 3343 5433 3586 5488; x_wconf 65' lang='lat' dir='ltr'><strong>Caeciliae</strong></span> <span class='ocrx_word' id='word_1_821' title='bbox 3617 5452 3632 5504; x_wconf 86' lang='lat'>;</span> 
     </span>
    </p>
   </div>
   <div class='ocr_carea' id='block_1_117' title="bbox 1988 5517 3633 5590">
    <p class='ocr_par' dir='ltr' id='par_1_117' title="bbox 1988 5517 3633 5590">
     <span class='ocr_line' id='line_1_117' title="bbox 1988 5517 3633 5590; baseline 0.004 -20"><span class='ocrx_word' id='word_1_822' title='bbox 1988 5517 2268 5589; x_wconf 89' lang='lat' dir='ltr'><strong>variaque</strong></span> <span class='ocrx_word' id='word_1_823' title='bbox 2317 5522 2626 5573; x_wconf 91' lang='lat' dir='ltr'><strong>enumerat</strong></span> <span class='ocrx_word' id='word_1_824' title='bbox 2665 5520 2864 5574; x_wconf 69' lang='lat' dir='ltr'><strong>Romae</strong></span> <span class='ocrx_word' id='word_1_825' title='bbox 2903 5520 3095 5575; x_wconf 88' lang='lat' dir='ltr'><strong>sancti</strong></span> <span class='ocrx_word' id='word_1_826' title='bbox 3124 5521 3371 5576; x_wconf 64' lang='lat' dir='ltr'><strong>Matthaai</strong></span> <span class='ocrx_word' id='word_1_827' title='bbox 3395 5522 3633 5590; x_wconf 89' lang='lat' dir='ltr'><strong>sacella,</strong></span> 
     </span>
    </p>
   </div>
   <div class='ocr_carea' id='block_1_118' title="bbox 1985 5605 2880 5679">
    <p class='ocr_par' dir='ltr' id='par_1_118' title="bbox 1985 5605 2880 5679">
     <span class='ocr_line' id='line_1_118' title="bbox 1985 5605 2880 5679; baseline 0.003 -18"><span class='ocrx_word' id='word_1_828' title='bbox 1985 5622 2116 5679; x_wconf 65' lang='lat' dir='ltr'><strong>qua</strong></span> <span class='ocrx_word' id='word_1_829' title='bbox 2146 5605 2452 5662; x_wconf 89' lang='lat' dir='ltr'><strong>brevitatis</strong></span> <span class='ocrx_word' id='word_1_830' title='bbox 2479 5622 2656 5663; x_wconf 85' lang='lat' dir='ltr'><strong>causa</strong></span> <span class='ocrx_word' id='word_1_831' title='bbox 2686 5608 2880 5664; x_wconf 89' lang='lat' dir='ltr'><strong>mitto.</strong></span> 
     </span>
    </p>
   </div>
  </div>
