4144 6184
488 291 591 346 807

1859 274 2106 332 MENSIS
2138 272 2586 331 SEPTEMBER.

3814 277 3921 330 808

565 419 652 471 96.
698 413 955 470 Masinus
1009 409 1066 464 in
1101 406 1367 463 Bononia
1419 405 1809 474 perlustrata,
1851 415 1990 473 pag.
2041 398 2144 454 460
2174 399 2215 454 Α
2257 403 2526 468 catalogo
2554 401 2939 473 reliquiarum
2985 399 3292 472 utriusque
3339 400 3683 455 monasterii
3717 400 3920 456 nullas

491 508 758 566 testatur,
782 499 1060 556 Bononia
1079 514 1209 553 esse
1222 496 1529 553 ecclesiam
1545 492 1919 566 paracialem
1938 493 2143 544 sancto

493 594 761 650 Matthao
778 591 1059 652 dicatam,
1095 588 1152 643 in
1185 603 1306 658 qua
1335 585 1522 656 ipsius
1541 582 1826 638 festivitas
1846 577 2143 652 pracipue

492 682 839 744 celebratur,
884 679 942 733 in
969 678 1085 732 alia
1115 692 1251 731 vero
1281 674 1528 730 ecclesia
1551 670 1899 743 parochiali,
1935 671 2142 722 sancto

491 771 730 827 Nicolao
762 784 953 830 sacra.
977 766 1244 837 ejusdem
1275 761 1527 835 apostoli
1557 761 1864 816 brachium
1899 755 2142 828 aliquod

493 857 851 923 conservari,
879 857 1078 928 ibique
1102 854 1284 910 solem
1296 855 1532 906 nitatem
1547 853 1675 920 ejus
1697 846 1981 903 celebrari
2005 861 2141 899 cum

493 947 874 1016 indulgentiis
940 942 1239 1016 plenariis.
1296 941 1643 996 Laurentius
1674 935 2036 1008 Beyerlinck,
2082 935 2141 990 in

497 1039 742 1094 Theatra
769 1038 896 1090 vita
914 1034 1212 1094 humana,
1231 1035 1376 1084 tom.
1399 1031 1484 1095 VI,
1501 1027 1575 1083 ad
1603 1043 1807 1082 vocem
1833 1025 2137 1096 Reliquia,

492 1132 756 1183 recenset
786 1141 924 1196 pag.
958 1125 1058 1178 303
1108 1118 1385 1191 reliquias
1421 1116 1636 1171 multas
1677 1114 1914 1186 Neapoli
1942 1130 2140 1169 serva-

495 1223 602 1280 tas,
635 1216 904 1284 interque
956 1227 1056 1267 eas
1102 1209 1285 1264 sancti
1327 1205 1571 1262 Matthai
1627 1204 1905 1275 reliquias
1943 1203 2143 1258 tribuit

493 1305 753 1360 ecclesia
804 1304 856 1356 S.
902 1301 1078 1357 Maria
1112 1299 1186 1352 de
1223 1296 1547 1368 Sapientia,
1595 1301 1650 1349 et
1690 1309 1833 1365 pag.
1877 1293 1978 1348 304
2006 1307 2142 1346 ossa

493 1396 679 1449 sancti
713 1389 958 1449 Matthai
993 1391 1048 1444 S.
1083 1387 1274 1442 Maria
1306 1385 1378 1440 de
1412 1382 1757 1454 virginibus.
1790 1383 1943 1436 Inter
1965 1379 2144 1435 eccle-

494 1483 614 1539 sias
639 1480 925 1553 plurimas
960 1477 1121 1532 urbis
1151 1474 1410 1530 Venetia
1440 1489 1561 1527 una
1586 1487 1826 1542 quoque
1860 1477 1948 1525 est
1976 1485 2143 1540 paro-

491 1572 694 1628 chialis
718 1574 922 1625 sancto
949 1567 1217 1623 Matthao
1250 1579 1423 1618 sacra
1457 1578 1470 1627 ;
1505 1568 1566 1616 ut
1599 1565 1872 1615 accurate
1904 1559 2146 1630 exponit

491 1659 919 1717 illustrissimus
949 1655 1197 1725 scriptor
1235 1652 1522 1724 nobisque
1555 1647 1981 1715 amicissimus,
2026 1646 2144 1702 Fla-

2254 490 2438 545 sancti
2469 491 2714 545 Matthai
2752 491 3003 545 invenio.
3047 492 3117 543 At
3149 489 3334 545 sancti
3367 490 3616 545 Matthai
3646 489 3914 561 reliquia

2253 594 2412 632 anno
2453 583 2584 633 1554
2621 579 2867 634 inclusa
2895 579 3130 634 fuerunt
3159 579 3216 634 in
3238 578 3406 633 altari
3431 581 3615 634 sancti
3645 578 3916 635 Abundii

2251 666 2415 738 quod
2454 667 2688 723 Sublacn
2748 667 2804 722 in
2844 671 3004 724 Latio
3037 673 3174 722 tunc
3224 670 3587 723 consecravit
3633 669 3908 724 Andreas

2252 756 2493 810 Crucius
2524 755 2844 828 episc0pus
2871 756 3229 820 Tiburtinus,
3265 764 3321 811 ut
3351 757 3531 812 habet
3564 756 3906 829 inscriptio,

2251 845 2387 901 data
2419 851 2560 900 tom.
2590 845 2656 901 Vl
2692 847 2939 916 Augusti
2973 862 3108 917 pag.
3145 847 3265 900 635.
3309 845 3578 900 Bocchus
3614 846 3814 902 Pirrus
3848 847 3906 902 in

2249 933 2454 989 Sicilia
2488 951 2680 997 sacra,
2706 940 2817 990 tom
2855 937 2917 1000 II,
2949 951 3080 1006 pag.
3131 935 3252 999 474,
3301 934 3400 989 ubi
3429 943 3740 991 enumerat
3779 936 3904 991 reli-

2251 1024 2424 1095 quias
2446 1025 2706 1079 ecclesia
2738 1024 3093 1080 calhedralis
3120 1023 3630 1095 Cephaladitana,
3664 1026 3748 1079 ait
3770 1042 3906 1080 eam

2252 1111 2511 1180 gaudere
2540 1116 2690 1183 pede
2722 1114 2950 1182 integro
2965 1130 3101 1168 cum
3138 1114 3284 1182 pelle
3317 1112 3378 1166 Β.
3407 1113 3680 1168 Matthai.
3713 1113 3906 1168 Sicilis

2251 1200 2485 1269 insigne
2516 1202 2808 1272 oppidum
2839 1201 3068 1266 Sicilia,
3097 1202 3156 1255 in
3184 1201 3331 1256 valle
3360 1202 3562 1256 Netina
3594 1201 3908 1257 etdiacesi

2252 1289 2654 1360 Syracusana,
2684 1307 2802 1346 non
2819 1290 3025 1362 procul
3051 1306 3087 1346 a
3118 1291 3589 1356 hetinacivitate,
3625 1297 3906 1346 sanctum

2254 1380 2586 1434 Matthaum
2613 1386 2929 1435 veneratur
2943 1386 3257 1450 patronum
3292 1379 3608 1445 titularem,
3638 1379 3908 1434 cuidedi-

2252 1474 2384 1522 cata
2422 1475 2508 1523 est
2528 1468 2812 1539 primaria
2840 1468 3090 1524 ecclesia
3113 1467 3485 1540 parochialis.
3523 1471 3646 1524 Non
3677 1469 3904 1532 dubito,

2253 1556 2399 1628 quin
2427 1563 2481 1611 et
2500 1557 2628 1612 alia
2649 1564 2956 1612 serventur
2983 1557 3278 1629 particula
3301 1556 3686 1629 reliquiarum
3714 1556 3906 1612 sancti

2254 1645 2501 1702 Mattbai
2530 1645 2588 1700 in
2623 1646 2786 1702 Italia
2817 1653 2870 1702 et
2894 1646 3088 1702 Sicilia
3121 1665 3133 1713 ;
3168 1647 3271 1702 sed
3314 1662 3523 1702 omnes
3553 1661 3906 1702 enumerare

494 1751 712 1806 minius
762 1745 1084 1808 Cornelius,
1142 1749 1377 1797 senator
1429 1741 1703 1803 Venetus,
1765 1737 1826 1791 in
1883 1735 2142 1805 eleganti
2179 1755 2221 1810 Β
2255 1751 2370 1790 non
2405 1740 2491 1790 est
2521 1739 2700 1790 tanta
2722 1735 3106 1800 necessitatis,
3135 1742 3374 1806 quanta
3396 1735 3769 1791 difﬁcultatis.
3798 1736 3908 1789 Ita-

492 1855 672 1912 opere
704 1840 786 1893 De
833 1835 1083 1892 ecclesiis
1138 1832 1381 1897 Venetis,
1432 1829 1558 1884 dec.
1593 1844 1666 1892 IV,
1707 1842 1843 1897 pag.
1880 1826 2002 1889 173,
2038 1824 2130 1882 ubi

490 1930 698 1986 recitat
739 1924 1098 1981 fundationis
1137 1921 1360 1976 litteras
1409 1936 1476 1973 ex
1500 1915 1891 1986 autographo.
1943 1917 2019 1969 Ex
2051 1914 2143 1968 his

490 2027 645 2077 recte
693 2017 953 2076 deducit,
985 2013 1391 2068 fondationem
1437 2007 1616 2063 fuisse
1669 2007 1903 2069 factam,
1941 2021 2142 2060 mense

494 2106 816 2166 Februario
839 2104 979 2159 anni
1011 2107 1142 2156 1155
1176 2115 1338 2155 more
1372 2098 1592 2153 Veneto
1619 2102 1672 2150 et
1703 2094 1952 2150 aliorum
1988 2093 2143 2148 illius

494 2195 799 2268 temporis,
848 2199 908 2247 ut
948 2191 1132 2262 liquet
1161 2205 1232 2243 ex
1272 2186 1591 2241 indictione
1623 2203 1674 2239 iv
1706 2185 1763 2238 in
1804 2182 2008 2239 litteris
2036 2182 2144 2238 ad-

488 2289 665 2356 jecta,
697 2299 808 2354 qua
839 2281 1184 2346 designatur
1209 2291 1405 2332 annus
1436 2277 1574 2330 1156
1608 2291 1620 2341 ;
1673 2273 1773 2327 sed
1813 2288 2015 2327 mense
2045 2273 2142 2326 Fe-

492 2374 732 2432 bruario
761 2367 1041 2442 pergebat
1072 2373 1209 2421 tunc
1253 2380 1481 2420 currere
1513 2379 1709 2418 annus
1765 2364 1901 2416 1156
1952 2375 2142 2432 usque

493 2466 570 2521 ad
629 2460 872 2522 Pascha.
909 2463 1013 2513 aut
1045 2460 1199 2511 certe
1256 2470 1440 2525 usque
1467 2453 1543 2509 ad
1575 2452 1788 2507 festum
1818 2449 2142 2505 Annuntia-

494 2553 690 2616 tionis,
726 2551 847 2604 sive
887 2549 1045 2603 diem
1076 2546 1144 2600 25
1175 2543 1380 2600 Martii.
1417 2543 1716 2598 Fundator
1745 2539 2005 2595 ecclesia
2037 2538 2144 2593 fuit

492 2639 838 2696 Leonardus
902 2635 1233 2699 Cornarius,
1297 2633 1466 2701 cujus
1518 2630 1716 2685 littera
1799 2629 2140 2692 recitantur,

491 2727 1005 2802 quemadmodum
1034 2731 1087 2779 et
1121 2723 1232 2778 alia
1258 2721 1523 2787 donatio,
1547 2735 1682 2791 qua
1713 2734 1873 2773 anno
1903 2720 2041 2774 1166
2064 2715 2142 2772 ad

492 2821 747 2893 primam
762 2814 1027 2872 accessit.
1048 2811 1268 2867 Deinde
1299 2827 1369 2864 ex
1390 2814 1674 2864 vetustate
1711 2805 2143 2861 fatiscenstem-

491 2909 656 2980 plum
694 2908 1050 2960 instauratur
1097 2916 1256 2956 anno
1307 2897 1537 2953 Domini
1566 2897 1724 2959 1615,
1755 2901 1908 2950 utex
1934 2893 2139 2948 inscri-

491 2998 690 3068 ptione
719 3006 1057 3048 marmorea
1087 2989 1406 3043 edocemur
1431 2983 1636 3056 parieti
1660 2982 1862 3047 affixa,
1901 3003 1927 3030 »
1949 2982 2142 3051 inquit

2252 1840 2369 1896 que
2399 1826 2456 1878 in
2504 1824 2881 1880 Germaniam
2917 1830 3167 1888 transeo,
3210 1824 3525 1880 nonnullas
3551 1829 3601 1880 et
3642 1823 3720 1878 ibi
3752 1824 3906 1879 assi-

2254 1919 2566 1982 gnaturus.

2324 2005 2410 2057 98.
2458 2005 2773 2071 Pragenses
2813 2002 2872 2057 in
2906 2003 3186 2058 Bohemia
3220 2001 3437 2057 multas
3469 2001 3730 2057 ecclesia
3775 2017 3902 2056 sua

2253 2091 2577 2146 attribuunt
2607 2091 2794 2146 sancti
2829 2091 3076 2147 Matthai
3110 2091 3407 2164 reliquias.
3437 2092 3694 2146 Thomas
3721 2092 3898 2146 Joan-

2253 2196 2358 2234 nes
2384 2181 2642 2244 Pessina,
2672 2179 2731 2234 in
2761 2180 3107 2249 Phosphoro
3134 2179 3439 2250 Pragensi,
3475 2196 3609 2250 pag.
3641 2181 3763 2244 518,
3801 2196 3906 2234 eas

2254 2270 2335 2323 sic
2360 2274 2672 2324 enumerat
2699 2286 2711 2323 :
2748 2288 2775 2321 «
2801 2270 2996 2324 Sancti
3021 2269 3277 2324 Matthai
3303 2268 3556 2340 apostoli
3579 2274 3632 2322 et
3651 2283 3908 2338 evange-

2253 2359 2398 2413 lista
2430 2375 2534 2430 pes
2577 2359 2824 2427 integer,
2871 2366 2924 2414 et
2968 2358 3280 2414 brachium
3323 2375 3458 2414 cum
3493 2357 3640 2430 pelle
3679 2375 3692 2412 :
3736 2364 3905 2412 costa

2255 2453 2498 2516 argento
2552 2447 2938 2511 circumdata,
2989 2453 3043 2503 et
3079 2447 3248 2503 dens.
3305 2450 3444 2502 Item
3501 2447 3613 2502 alia
3647 2454 3907 2519 quatuor

2254 2554 2411 2602 ossa,
2445 2536 2621 2591 simul
2652 2536 2711 2591 in
2732 2542 3011 2605 argentea
3045 2537 3213 2592 theca
3245 2536 3580 2608 composita
3609 2553 3621 2591 :
3657 2535 3771 2591 alia
3803 2535 3907 2590 ite-

2253 2642 2384 2681 rum
2415 2625 2692 2681 notabilis
2711 2641 2868 2696 pars.
2906 2647 2933 2674 ››
2966 2625 3097 2681 Hac
3127 2625 3341 2680 dicitur
3375 2642 3511 2696 pars
3542 2625 3614 2678 de
3651 2624 3907 2680 humero

2255 2715 2312 2770 in
2329 2715 2608 2783 Catalogo
2635 2715 2930 2786 impresso
2944 2715 3327 2788 reliquiarum
3348 2713 3804 2784 Prageusium,q
3816 2730 3906 2768 ua

2254 2819 2414 2859 anno
2446 2803 2579 2859 1645
2613 2818 2685 2858 ex
2723 2819 2857 2858 arce
2890 2805 3049 2870 regia
3082 2804 3400 2858 Carlsteina
3440 2804 3497 2858 in
3526 2801 3907 2873 metropolim

2253 2891 2732 2956 sunttranslata,
2761 2892 2816 2945 in
2848 2908 2969 2963 quo
2984 2893 3294 2964 etreliqua
3328 2898 3724 2948 recensentur.
3754 2892 3908 2956 Quin

2252 2989 2307 3038 et
2332 2982 2412 3036 ibi
2443 2980 2698 3052 septimo
2725 2980 2931 3035 ordine
2963 2985 3212 3036 num.56
3235 2982 3540 3036 adduntur
3571 2981 3903 3053 sequentia,

492 3083 806 3147 Cornelius,
864 3079 1023 3134 illam
1077 3077 1348 3131 recitans.
1403 3074 1562 3128 Idem
1614 3071 1794 3144 paulo
1830 3076 1969 3142 post
2011 3071 2088 3126 ait
2123 3087 2135 3125 :
2171 3109 2212 3167 Ο
2250 3071 2470 3136 nescio,
2503 3086 2578 3124 an
2631 3071 2772 3124 satis
2824 3075 2978 3125 recte
3021 3085 3033 3125 :
3075 3090 3103 3121 ‹‹
3131 3071 3329 3126 Sancti
3371 3072 3616 3127 Matthai
3649 3069 3903 3142 apostoli

491 3193 520 3225 ‹‹
553 3173 851 3227 Postremo
870 3184 1005 3223 cum
1029 3164 1248 3220 nostris
1268 3163 1430 3217 hisce
1449 3160 1817 3232 temporibus
1840 3160 1916 3214 ad
1935 3159 2138 3214 ruinas

491 3267 770 3330 vergeret,
825 3255 1041 3313 Nicolai
1076 3253 1274 3310 Milesii
1328 3250 1567 3323 plebani
1612 3248 1808 3304 studio
1843 3265 1879 3304 a
1927 3248 2140 3304 funda-

491 3350 704 3406 mentis
734 3349 790 3402 in
826 3343 1244 3415 elegantiorem
1278 3342 1536 3396 formam
1573 3339 1917 3406 restituitur,
1950 3353 2140 3393 sacra-

491 3456 607 3512 que
635 3434 988 3508 supellectile
1032 3438 1085 3489 et
1125 3430 1496 3487 ornamentis
1552 3431 1790 3496 copiose
1831 3427 2140 3482 instruitur

491 3545 652 3584 anno
685 3524 916 3582 Domini
951 3527 1078 3577 1735
1099 3537 1202 3593 per
1225 3519 1524 3590 Aloysium
1555 3520 1871 3573 Foscarum
1894 3515 2141 3588 patriar-

489 3617 664 3673 cham
690 3616 973 3670 Venetum
1005 3615 1401 3667 consecratur.
1431 3608 1548 3661 :De
1578 3606 1836 3677 reliquiis
1865 3605 2139 3675 ejusdem

489 3705 752 3762 ecclesia
776 3707 982 3758 auctor
1014 3717 1149 3771 pag.
1185 3700 1286 3753 175
1328 3696 1527 3752 scribit
1561 3713 1573 3748 :
1611 3715 1634 3745 (ι
1662 3693 1962 3749 Nonnullis
1995 3694 2141 3748 dita-

491 3805 582 3852 tur
630 3795 902 3850 Divorum
950 3788 1220 3861 lipsanis,
1285 3801 1500 3856 nempe
1558 3801 1626 3839 ex
1676 3783 1907 3838 ossibus
1953 3781 2140 3837 sancti

487 3883 743 3956 apostoli
781 3878 1086 3942 Tutelaris,
1132 3902 1156 3926 λ
1199 3880 1308 3930 etc.
1344 3874 1513 3930 Plura
1543 3873 1616 3928 de
1650 3872 1748 3928 illa
1779 3871 2025 3928 ecclesia
2055 3870 2142 3926 di-

487 3973 735 4046 ligenter
760 3969 979 4025 ibidem
1010 3967 1324 4022 observata
1364 3963 1542 4017 videri
1575 3968 1850 4033 possunt.

558 4067 651 4118 97.
702 4056 1004 4115 Cornelius
1043 4061 1241 4110 autem
1303 4053 1361 4106 in
1396 4049 1692 4122 Opusculo
1742 4049 1817 4104 de
1871 4047 2139 4103 Ecclesiis

486 4148 861 4212 Torcellanis,
889 4143 1051 4217 quod
1079 4143 1256 4214 priori
1283 4139 1531 4203 addidit,
1566 4139 1690 4192 duo
1712 4136 1983 4206 assignat
2011 4153 2140 4192 mo-

487 4239 748 4296 nasteria
792 4235 1139 4292 monialium
1172 4236 1377 4288 sancto
1431 4228 1699 4284 Matthao
1744 4233 1996 4282 sacrata.
2028 4229 2139 4281 Pri-

491 4345 655 4386 mum
688 4332 774 4382 est
798 4322 1224 4380 monasterium
1257 4319 1443 4376 sancti
1477 4317 1723 4374 Matthai
1751 4316 1824 4370 de
1852 4315 2137 4386 Majurbio

488 4418 714 4475 ordinis
742 4411 1157 4475 Cisterciensis,
1183 4409 1341 4482 quod
1366 4413 1539 4462 antea
1559 4407 1619 4461 in
1659 4404 1984 4461 aliainsula
2012 4404 2139 4459 fue-

2250 3167 2305 3216 et
2337 3158 2715 3228 evangelista
2769 3158 3080 3213 brachium
3123 3165 3446 3233 utrumque
3477 3176 3612 3215 cum
3659 3158 3810 3231 pelle
3851 3165 3905 3215 et

2249 3264 2446 3304 carne.
2479 3270 2504 3297 ››
2532 3251 2600 3303 At
2641 3248 2695 3300 in
2730 3248 3004 3317 catalogo
3031 3264 3141 3302 ms.
3177 3249 3583 3320 reliquiarum,
3604 3265 3675 3304 ex
3699 3249 3905 3304 Calen-

2250 3337 2418 3393 dario
2451 3336 2756 3406 Pragensis
2782 3336 3044 3392 ecclesia
3064 3343 3548 3409 extracto,quem
3579 3353 3738 3393 anno
3768 3339 3900 3393 1647

2251 3429 2366 3483 huc
2394 3427 2554 3480 misit
2585 3428 2640 3480 P.
2673 3425 3012 3480 Theodorus
3032 3426 3309 3493 Moretus,
3340 3427 3465 3482 hac
3488 3426 3676 3481 solum
3699 3427 3904 3495 legun-

2253 3522 2344 3572 tur
2371 3515 2447 3571 ad
2469 3518 2528 3569 21
2568 3513 2973 3585 Septembris:
3005 3537 3021 3563 ι
3060 3515 3261 3570 Sancti
3288 3515 3538 3570 Matthai
3573 3515 3824 3586 apostoli
3848 3519 3907 3570 et

2253 3603 2654 3672 evangelista,
2669 3604 2768 3675 qui
2785 3604 2949 3674 apud
2963 3603 3318 3675 [Ethiopiam
3338 3605 3663 3677 pradicans
3683 3609 3904 3676 marty-

2253 3694 2407 3749 rium
2425 3698 2756 3764 passuscst.
2777 3691 2959 3763 Cujus
2974 3692 3270 3764 reliquias,
3293 3692 3905 3760 videlicetimaginem

2256 3797 2541 3851 magnam
2568 3798 2702 3836 cum
2718 3786 2962 3851 argento
2976 3787 3031 3837 et
3057 3797 3202 3837 auro
3227 3781 3585 3845 decoratam,
3607 3787 3904 3837 tenentem

2253 3877 2479 3926 costam
2507 3869 2635 3939 ejus
2681 3871 2738 3924 in
2785 3869 3083 3936 manibus,
3139 3887 3290 3942 quas
3336 3870 3556 3925 invenit
3600 3870 3906 3942 piissimus

2254 3959 2530 4031 princeps
2556 3957 2799 4013 Carolus
2823 3958 2920 4021 IV,
2953 3965 3063 4014 etc.
3081 3958 3584 4015 donavitecclesia
3600 3959 3902 4027 Pragensi.

2255 4049 2386 4102 Hac
2412 4045 2495 4101 ibi
2531 4063 2543 4101 :
2577 4052 2635 4102 at
2667 4061 2778 4116 ego
2826 4047 3040 4102 lubens
3093 4047 3231 4118 ipsis
3263 4048 3660 4119 Pragensibus
3685 4046 3902 4102 exami-

2253 4135 2519 4191 nandum
2552 4135 3214 4208 relinquam,quantum
3231 4136 3488 4192 habeant
3514 4136 3908 4208 reliquiarum

2251 4227 2436 4282 sancti
2466 4224 2739 4281 Mattbai.
2793 4224 3109 4280 Buceliuus
3134 4226 3192 4280 in
3235 4227 3496 4281 sacrario
3523 4225 3908 4280 Benedictino

2248 4314 2408 4386 quod
2440 4313 2617 4369 edidit
2649 4330 2808 4369 anno
2845 4315 2996 4377 1656,
3051 4315 3126 4369 ad
3175 4314 3236 4369 21
3276 4314 3634 4386 Septembris
3669 4314 3744 4369 de
3776 4313 3907 4368 reli-

2248 4402 2403 4473 quiis
2433 4404 2486 4456 S.
2518 4401 2764 4459 Matthai
2815 4402 2934 4457 hac
2958 4403 3165 4458 tradit:
3200 4425 3227 4452 ‹‹
3264 4403 3448 4474 Hujus
3482 4403 3686 4472 magni
3722 4419 3910 4458 evan-

485 4514 577 4564 rat
597 4510 1020 4567 constructum,
1055 4467 1325 4555 videlicet
1351 4498 1408 4552 in
1441 4493 2137 4565 Constantiaco,indeque
2172 4467 2216 4521 Β
2248 4491 2463 4560 gelista
2491 4489 2745 4558 insignis
2775 4490 2968 4562 portio
2993 4491 3408 4547 asservaturin
3443 4491 3715 4547 Andechs
3739 4492 3904 4560 (mo-

488 4597 561 4652 de
593 4610 885 4652 consensu
918 4588 1184 4663 episcopi
1215 4585 1541 4642 Torcellani
1580 4584 1636 4639 in
1669 4583 2023 4654 Majurbium
2055 4583 2137 4638 in—

486 4686 675 4742 sulam
709 4683 816 4738 fuit
845 4678 1218 4740 translatum,
1281 4684 1342 4731 ut
1385 4675 1500 4729 late
1557 4674 1866 4744 exponitur
1928 4677 2076 4743 part.
2120 4690 2134 4725 ι

487 4775 642 4831 illius
667 4771 942 4843 Opusculi
966 4783 1104 4839 pag.
1131 4769 1233 4822 299
1254 4769 1310 4820 et
1331 4779 1496 4835 seqq.
1519 4762 1714 4816 Prima
1736 4760 2003 4816 fundatio
2036 4776 2136 4816 no-

491 4869 645 4921 tatur
674 4861 827 4917 t'acta
858 4873 1015 4914 anno
1050 4856 1206 4925 1218,
1258 4857 1316 4908 in
1343 4850 1776 4915 Constantiaco,
1816 4864 1956 4920 pag.
1985 4849 2086 4904 316
2120 4866 2133 4916 ;

488 4953 592 5009 sed
623 4955 758 5008 ante
788 4949 969 5003 ﬁnem
992 4945 1260 5017 ejusdem
1283 4940 1479 4998 saculi
1495 4939 1923 4996 monasterium
1956 4955 2134 4994 suum

487 5044 563 5098 ad
588 5038 842 5096 insulam
868 5036 1228 5106 Majurbium
1255 5027 1686 5086 transtulerunt
1706 5026 2014 5083 moniales.
2046 5026 2135 5082 Al-

487 5139 677 5188 terum
693 5134 780 5184 est
809 5123 1237 5182 monasterium
1262 5118 1615 5176 monialium
1637 5115 1856 5170 ordinis
1879 5116 1934 5170 S.
1958 5117 2136 5170 Bene-

485 5220 624 5276 dicti
655 5219 712 5273 in
762 5214 957 5270 insula
1003 5212 1267 5268 Muriana
1293 5207 1560 5280 ejusdem
1601 5203 1874 5260 diacesis
1904 5202 2136 5258 Torcel-

485 5310 658 5372 lana,
705 5311 768 5361 ut
813 5303 1057 5376 exponit
1109 5297 1432 5358 Cornelius,
1488 5299 1641 5368 part.
1682 5307 1952 5365 uapag.
2007 5293 2130 5347 201.

488 5395 775 5452 Fundatio
814 5408 948 5464 pag.
978 5395 1071 5448 104
1089 5396 1324 5445 notatur
1349 5386 1502 5442 facta
1528 5398 1688 5439 anno
1713 5385 1870 5447 1280,
1900 5381 2134 5436 datum-

487 5498 604 5555 que
620 5489 757 5535 tunc
779 5477 1240 5534 estmonialibus
1257 5479 1549 5529 vetustum
1575 5470 1900 5526 oratorium
1924 5473 2130 5525 sancto

490 5567 1053 5633 Matthaodicatum,
1082 5572 1145 5622 ut
1166 5564 1392 5621 ibidem
1415 5561 1594 5618 latius
1619 5557 1804 5615 videri
1827 5559 2036 5628 potest.
2066 5560 2130 5614 In

2247 4581 2504 4635 nasterio
2537 4579 2839 4650 Bavaria),
2867 4580 2966 4635 ubi
3000 4586 3057 4634 et
3081 4580 3211 4636 alia
3238 4581 3369 4636 dua
3399 4581 3669 4652 ejusdem
3699 4588 3907 4651 partes

2245 4667 2656 4734 ostenduntur,
2681 4668 2832 4723 Dens
2854 4669 3074 4724 Elnone
3105 4669 3272 4739 (alias
3307 4672 3362 4726 S.
3387 4669 3646 4724 Amandi
3695 4684 3909 4724 mona-

2246 4758 2485 4812 sterium
2519 4766 2759 4812 vocatur
2779 4756 2839 4811 in
2871 4758 3189 4829 Flandria),
3223 4757 3344 4814 duo
3403 4759 3656 4814 molares
3692 4758 3907 4813 dentes

2245 4851 2298 4901 et
2329 4845 2445 4900 alia
2478 4845 2765 4901 nonnulla
2816 4847 2874 4900 in
2909 4846 3292 4916 Weingarten
3323 4865 3336 4912 ;
3396 4869 3416 4897 ι
3467 4848 3629 4920 quod
3672 4847 3904 4902 Suevia

2245 4939 2332 4990 est
2352 4934 2778 4991 monasterium
2800 4951 2939 4990 cum
2961 4936 3187 5008 oppido
3201 4937 3581 5007 cognomine.
3603 4936 3905 4991 Plurimas

2243 5039 2484 5095 quoque
2514 5024 2701 5078 sancti
2738 5025 2989 5079 Matthai
3021 5025 3300 5097 reliquias
3328 5025 3585 5082 Colonia
3626 5024 3908 5081 attribuit

2244 5113 2301 5166 in
2333 5113 2514 5182 Opere
2539 5129 2646 5167 suo
2666 5113 2954 5178 Gelenius,
2989 5114 3267 5169 nimirum
3289 5131 3424 5186 pag.
3457 5115 3560 5170 264
3582 5115 3736 5170 duas
3766 5129 3898 5186 par-

2247 5200 2454 5256 ticulas
2477 5201 2733 5256 ecclesia
2773 5203 3100 5271 collegiata
3143 5204 3198 5258 S.
3230 5205 3508 5260 Gereonis
3542 5224 3554 5262 :
3603 5218 3736 5275 pag.
3769 5205 3900 5271 372,

2243 5289 2316 5344 de
2345 5291 2536 5359 capite
2560 5292 2744 5346 sancti
2776 5291 3022 5347 Matthai
3047 5291 3270 5364 aliquid
3312 5293 3576 5348 ecclesia
3603 5292 3899 5347 abbatiali

2246 5380 2299 5434 S.
2328 5378 2741 5433 Panthaleonis
2769 5395 2782 5445 ;
2809 5394 2945 5451 pag.
2975 5382 3098 5444 412,
3134 5380 3358 5453 aliquid
3379 5382 3766 5453 reliquiarum
3792 5397 3902 5452 pa-

2242 5466 2483 5522 rochiali
2512 5467 2773 5523 ecclesia
2818 5469 2874 5523 S.
2909 5466 3076 5540 Lupi,
3122 5470 3202 5524 uti
3232 5478 3288 5525 et
3329 5486 3463 5542 pag.
3491 5469 3595 5526 442
3637 5469 3904 5525 ecclesia

2243 5558 2301 5613 S.
2335 5557 2668 5614 Catharina
2703 5558 2938 5615 Ordinis
2964 5558 3441 5626 Teutonicorum,
3478 5576 3618 5634 pag.
3656 5561 3758 5621 456
3807 5575 3906 5617 ec-
