4094 6230
436 327 548 386 811
1715 320 2000 384 MENSIS
2046 325 2053 380 Ε

2246 319 2537 381 EMBER.
3726 317 3863 377 812

435 482 585 553 quod
616 481 831 538 ibidem
864 482 1107 540 habetur
1155 500 1254 551 pro
1303 483 1490 555 capite
1539 482 1727 539 sancti
1770 481 2020 538 Matthaai
2053 498 2065 547 ;
2096 487 2344 552 Anum.
2422 480 2607 552 Hugo,
2664 477 2724 535 in
2800 478 3117 535 Annalibus
3191 476 3858 543 Prwmonstratensibus,

434 586 620 641 neque
648 570 802 626 enim
827 572 881 626 id
907 572 1115 628 asserit
1134 572 1799 628 Westmonasteriensis.
1824 576 1914 625 An
1936 588 2067 627 vero
2173 574 2317 627 tom.
2351 570 2419 639 ll,
2455 569 2562 625 col.
2592 568 2719 637 649,
2753 569 2823 623 de
2853 567 2953 624 illo
2984 568 3173 640 capite
3205 567 3408 623 scribit
3439 567 3753 638 sequentia
3785 569 3849 620 in

433 665 604 732 caput
632 660 797 731 illud,
831 663 978 733 quod
1030 663 1109 718 ibi
1158 663 1424 733 habetur,
1457 664 1530 718 sit
1561 662 1741 718 sancti
1788 661 2065 731 Matthmi,
2175 659 2407 714 abbatis
2456 657 2909 728 Regnis-vallis:
2945 678 2976 707 «
3005 656 3209 712 Sancti
3250 655 3503 710 Mattho'ei
3535 659 3719 726 caput
3752 670 3855 709 ar-

432 765 549 806 non
580 750 830 821 inquiro.
2172 758 2381 820 gentes
2439 747 2737 803 inclusum
2796 763 2995 817 capsa,
3046 746 3402 819 populorum
3462 758 3758 800 concursu
3819 759 3861 798 ι

504 836 624 891 101.
656 836 915 893 Andreas
966 839 1289 911 Saussayus
1330 839 1389 893 in
1432 837 1840 911 Martyrologio
1889 838 2069 895 Galli-
2173 836 2386 894 saeculo
2414 854 2510 893 XIV
2539 837 2803 893 celebre:
2836 852 3029 908 neque
3070 836 3230 892 enim
3282 835 3529 891 antehac
3579 835 3641 890 in
3687 839 3859 891 vete-

429 940 572 981 cano
596 926 667 983 ad
687 929 749 981 21
779 928 1136 997 Septembris
1166 929 1455 984 consentit
1479 945 1610 983 cum
1635 928 1924 985 sententia
1952 928 2067 983 fere
2172 927 2337 982 ribus
2370 925 2769 982 monumentis
2800 927 3054 997 legimus
3104 924 3457 995 quidquam,
3494 925 3648 979 unde
3689 922 3861 979 ulte-

429 1015 727 1071 communi
758 1016 828 1072 de
868 1032 1103 1088 corpore
1151 1017 1337 1073 sancti
1388 1017 1693 1072 Salernum
1746 1017 2066 1085 translato;
2174 1016 2293 1071 rior
2321 1016 2371 1071 ei
2405 1017 2593 1087 possit
2624 1016 2948 1086 antiquitas
2997 1012 3347 1085 adjudicari.
3380 1034 3408 1062 »
3441 1013 3594 1068 Salis
3643 1013 3856 1068 anim-

431 1103 745 1176 additque:
781 1127 808 1155 «
839 1109 881 1159 Ε
910 1122 1021 1177 quo
1064 1107 1349 1177 (corpore)
1400 1110 1737 1179 excerptum
1788 1122 2069 1163 veneran-
2174 1106 2435 1161 advertet
2464 1105 2771 1161 studiosus
2791 1103 2995 1169 lector,
3020 1119 3137 1158 non
3161 1118 3335 1174 posse
3366 1101 3565 1158 omnia
3585 1100 3686 1158 illa
3709 1117 3851 1158 esse

432 1192 569 1247 dum
600 1199 794 1264 caput,
819 1195 1035 1264 pridem
1066 1196 1125 1250 in
1146 1195 1391 1252 Galliam
1425 1194 1679 1251 delatum
1711 1197 1840 1259 fuit,
1876 1213 2072 1252 recon-
2174 1194 2366 1265 capita
2409 1194 2595 1249 sancti
2644 1192 2923 1258 Matthmi,
2957 1193 3006 1248 si
3040 1193 3286 1261 integra,
3319 1197 3424 1247 aut
3454 1191 3573 1246 fere
3614 1191 3855 1261 integra

433 1281 739 1354 ditumque
772 1285 829 1338 in
864 1299 1096 1339 summa
1130 1283 1370 1339 basilica
1419 1283 1829 1350 Bellovacensi,
1862 1284 1921 1338 in
1954 1300 2070 1355 qua
2174 1285 2313 1340 sint.
2342 1285 2703 1355 Quapropter
2757 1284 2870 1354 ipsi
2903 1283 3236 1338 examinare
3269 1286 3563 1352 poterunt,
3585 1299 3659 1337 an
3694 1282 3853 1337 forte

432 1372 660 1441 egregio
685 1372 840 1427 cultu
874 1378 1266 1437 conservatur,
1292 1374 1527 1444 dempto
1552 1373 1783 1440 vertice,
1809 1374 1911 1445 qui
1940 1373 2071 1429 Car-
2174 1373 2426 1429 habeant
2457 1373 2750 1429 modicam
2782 1372 2996 1443 capitis
3028 1371 3385 1444 particulam
3419 1371 3645 1426 fsctitio
3666 1370 3853 1442 capiti

430 1460 556 1515 nuti
591 1460 647 1515 in
680 1462 931 1517 sacrario
963 1461 1176 1517 nobilis
1209 1462 1347 1517 aedis
1374 1462 1632 1534 Virginis
1654 1462 1910 1532 Deiparze
1945 1466 2068 1517 ms~
2173 1463 2537 1533 impositam,
2573 1464 2744 1534 eique
2773 1461 2985 1533 capitis
3017 1476 3234 1517 nomen
3268 1461 3445 1517 fuerit
3474 1459 3847 1531 impositum,

432 1565 546 1619 gna
570 1566 701 1606 eum
732 1550 1097 1606 veneratione
1128 1550 1390 1607 habetur.
1419 1574 1440 1604 ι
1479 1554 1540 1607 1n
1574 1550 1907 1621 Necrologio
1938 1550 2069 1606 Bel-
2176 1552 2261 1607 uti
2311 1550 2460 1607 alias
2510 1552 2729 1607 factum
2781 1566 2911 1606 esse
2960 1549 3378 1621 experimentis
3436 1548 3608 1621 plane
3665 1548 3852 1605 certis

432 1638 746 1708 lovacensi,
771 1640 925 1710 quod
949 1639 1682 1699 laudaturtomJXGalliaa
1706 1640 2069 1708 Christianis,
2174 1640 2354 1696 didici
2398 1658 2413 1708 ;
2462 1658 2537 1696 an
2582 1657 2720 1697 vero
2776 1639 3032 1697 habeant
3088 1638 3367 1711 reliquias
3415 1639 3609 1695 Sancti
3654 1638 3851 1695 alicu-

431 1725 540 1785 col.
572 1728 697 1783 742.
739 1728 797 1782 in
847 1727 1056 1784 Milone
1095 1732 1116 1784 Ι
1157 1730 1430 1801 episcopo
1481 1728 1872 1785 Bellovacensi
1918 1728 2071 1784 inter
2172 1729 2269 1800 jus
2326 1729 2555 1799 incerti,
2616 1746 2747 1801 quae
2806 1746 2908 1801 per
2976 1744 3230 1785 errorem
3310 1729 3501 1785 sancti
3580 1727 3853 1784 Μαίη]ᾶεί

428 1819 542 1875 alla
589 1819 863 1890 leguntur
910 1820 1246 1890 sequentia:
1287 1845 1306 1871 ι
1348 1821 1510 1875 Dedit
1555 1820 1732 1890 (Milo)
1782 1825 1956 1891 caput
2003 1824 2065 1874 B.
2101 1820 2417 1919 Biuerunt
2468 1820 2721 1888 creditae,
2772 1819 3259 1891 quemadmodum
3313 1818 3490 1874 etiam
3539 1835 3655 1874 non
3710 1834 3852 1873 raro

427 1908 682 1965 Matthasi
713 1907 956 1979 apostoli
990 1913 1047 1963 et
1074 1909 1310 1981 Virgsm
1340 1911 1550 1965 Aaron.
1575 1930 1603 1957 ι»
1636 1911 1709 1963 At
1742 1911 1894 1964 unde
1924 1909 2070 1964 illud
2102 1907 2153 1919 "
2181 1908 2493 1979 contingit.

425 2002 601 2070 caput
642 1998 951 2069 acceperit,
985 2015 1100 2053 non
1147 1998 1491 2070 adjungitur
1516 1997 1573 2053 in
1605 1996 1839 2053 laudata
1885 1997 2074 2053 Gallia
2253 1997 2377 2053 103.
2410 2003 2815 2054 Memorantur
2848 2001 2905 2054 et
2934 1997 3059 2053 alia:
3107 1996 3492 2069 reliquiarum
3540 1997 3851 2068 particulas

427 2089 780 2147 Christiana.
808 2087 1179 2144 FuitMiloin
1202 2089 1443 2159 [Egypto
1466 2104 1599 2142 cum
1632 2088 2070 2158 crucesignatis,
2184 2085 2318 2142 aliis
2367 2086 2533 2143 locis.
2566 2088 2725 2143 Inter
2773 2086 3055 2158 reliquias
3105 2086 3326 2158 plures,
3358 2103 3486 2158 quas
3536 2102 3697 2142 anno
3737 2086 3851 2141 894

426 2179 540 2236 fuit
588 2177 856 2234 similiter
905 2177 1145 2232 notabili
1194 2182 1454 2248 tempore
1502 2178 1562 2231 in
1604 2176 1791 2232 Italia.
1825 2181 1910 2232 An
1945 2194 2073 2234 vero
2183 2177 2386 2234 delatae
2435 2184 2576 2234 sunt
2615 2178 2811 2235 Remis
2862 2178 2921 2233 in
2972 2193 3188 2250 pagum
3243 2178 3850 2247 Veromanduensem,

424 2266 609 2323 etiam
639 2263 814 2319 fuerit
835 2262 1358 2336 Constantinopoli,
1384 2264 1575 2334 ibique
1608 2270 1778 2334 caput
1809 2262 1949 2319 illud
1978 2280 2075 2319 ac-
2184 2267 2577 2340 depositisque
2607 2271 2665 2324 in
2697 2268 2823 2325 vico
2873 2268 3165 2324 Memnico
3206 2269 3264 2323 in
3314 2267 3563 2324 ecclesia
3594 2269 3656 2325 S.
3691 2268 3850 2324 Mar-

426 2352 667 2425 ceperit,
692 2356 757 2408 ut
788 2352 961 2408 refert
992 2352 1269 2409 Bailletus
1301 2354 1371 2408 ad
1414 2354 1567 2408 hunc
1598 2352 1752 2408 diem
1784 2352 1841 2407 in
1875 2358 2074 2410 sancto
2182 2354 2305 2411 tino
2337 2357 2552 2422 dicata,
2587 2361 2924 2413 recensctur
2966 2358 3144 2412 etiam
3192 2356 3419 2428 aliquid
3452 2356 3848 2428 reliquiarum

424 2442 723 2508 Matthaao,
769 2445 826 2497 et
882 2440 1118 2512 quidem
1182 2447 1442 2514 tempore
1497 2441 1747 2513 Philippi
1799 2440 2072 2513 Augusti,
2185 2445 2372 2500 sancti
2423 2444 2699 2512 Matthaei,
2734 2450 2798 2500 ut
2846 2445 3028 2501 videri
3071 2449 3280 2517 potest,
3313 2451 3456 2500 tom.
3493 2446 3514 2500 Ι
3555 2445 3852 2514 Januarii,

426 2550 583 2593 anno
628 2533 768 2589 1223
816 2533 1097 2601 defuncti,
1130 2533 1402 2605 nuspiam
1454 2532 1703 2588 invenio.
1736 2534 1808 2586 At
1844 2531 2076 2586 videtur
2186 2551 2317 2605 pag.
2370 2534 2493 2603 180,
2550 2542 2690 2590 tom.
2738 2534 2813 2589 IlI
2858 2534 3179 2604 Februarii,
3213 2550 3345 2605 pag.
3376 2534 3467 2589 99.
3504 2536 3567 2589 In
3599 2534 3734 2589 Vita
3780 2534 3847 2591 S.

425 2621 703 2681 Bailletus
759 2622 1164 2693 Necrologium
1242 2621 1554 2678 conciliare
1627 2620 1881 2676 voluisse
1946 2636 2073 2676 cum
2186 2622 2529 2695 Angilherti,
2576 2622 2801 2679 abbatis
2841 2624 3207 2680 Centulensis
3261 2623 3319 2677 in
3373 2624 3613 2679 Pontivo
3663 2624 3855 2694 (nunc

424 2712 662 2785 scriptis
698 2730 729 2767 a
759 2711 995 2783 Cangio,
1027 2717 1084 2767 et
1115 2712 1196 2768 sic
1245 2712 1484 2781 dixisse,
1518 2711 1669 2781 quod
1727 2724 1895 2765 nemo
1942 2712 2076 2764 ante
2188 2712 2416 2767 abbatis
2464 2713 2523 2767 S.
2575 2713 2831 2767 Richarii
2901 2714 3124 2785 passim
3177 2714 3436 2784 vocatur)
3488 2713 3588 2785 qui
3645 2713 3855 2769 ﬂoruit

426 2803 672 2858 dixerat.
698 2800 862 2856 Certe
882 2799 1155 2871 Cangius,
1182 2817 1353 2871 quem
1377 2800 1549 2855 etiam
1585 2798 1785 2853 laudat
1807 2797 1866 2852 in
1892 2797 2079 2852 Histo-
2188 2809 2446 2872 tempore
2478 2800 2664 2856 Caroli
2712 2803 2929 2874 Magni,
2966 2805 3212 2858 relertur
3261 2801 3622 2857 constructio
3654 2810 3714 2857 et
3746 2804 3855 2859 de-

427 2894 550 2951 rico
584 2895 836 2947 tractatu
860 2891 931 2945 de
953 2891 1140 2961 capite
1173 2889 1359 2944 sancti
1380 2887 1627 2943 Joannis
1650 2886 1939 2957 Baptistae,
1965 2886 2079 2942 alia
2187 2891 2399 2947 dicatio
2432 2892 2631 2961 templi
2663 2890 3030 2947 Centulensis
3060 2891 3122 2947 B.
3161 2891 3350 2948 Mariis
3383 2907 3518 2948 cum
3562 2890 3850 2947 tredecim

432 2980 675 3038 omnino
709 2979 869 3048 dicit,
895 2994 1201 3035 recensens
1234 2992 1361 3049 pag.
1387 2977 1489 3030 104
1512 2975 1790 3047 reliquias
1813 2974 2077 3030 sLatinis
2189 2978 2473 3034 altaribus
2504 2984 2560 3034 et
2591 2979 2877 3050 reliquiis,
2911 2997 3038 3052 quae
3071 2982 3129 3036 in
3162 2980 3410 3052 singulis
3443 2985 3585 3036 sunt
3618 2982 3853 3052 positae.

431 3073 567 3142 post
610 3073 953 3137 occupatam
1000 3065 1556 3134 ConstantinOpolim
1604 3066 1661 3119 in
1710 3064 2076 3119 Occidentem
2189 3068 2278 3123 Ad
2312 3068 2668 3139 propositum
2713 3074 2906 3124 autem
2961 3074 3221 3125 nostrum
3255 3071 3335 3125 ibi
3367 3070 3490 3125 hanc
3521 3070 3850 3141 leguntur:

432 3158 663 3213 missas.
686 3157 833 3210 Nam
865 3156 935 3210 de
967 3155 1156 3225 capite
1187 3155 1373 3210 sancti
1401 3153 1652 3209 Matlhaei
1675 3154 1758 3208 sic
1782 3153 2077 3222 loquitur:
2119 3219 2159 3231 Α
2192 3180 2218 3208 α
2252 3158 2450 3213 Altare
2498 3159 2687 3214 sancti
2738 3158 3015 3229 Matthaei,
3048 3158 3107 3214 in
3154 3176 3270 3231 quo
3312 3159 3572 3230 reliquiae
3602 3160 3758 3230 ejus,
3790 3165 3853 3216 et

436 3267 466 3297 ‹‹
517 3244 827 3300 Gervssius
875 3245 945 3299 de
991 3219 1446 3309 Chateau-Neuf,
1499 3241 1816 3299 canonicus
1857 3219 2079 3298 Carno-
2113 3219 2163 3286 C
2192 3247 2367 3302 Marci
2419 3252 2473 3302 et
2528 3248 2705 3301 Lucae.
2759 3269 2785 3296 »
2834 3219 3109 3317 Rursum,
3157 3219 3288 3319 pag.
3341 3219 3465 3315 103‘,
3516 3219 3854 3304 ubi-datur

434 3333 644 3401 tensis,
696 3338 753 3388 et
802 3338 1003 3404 postea
1055 3334 1361 3404 episcopus
1403 3332 1797 3401 Nivernensis,
1848 3332 2082 3385 donavit
2191 3338 2477 3407 scriptum
2501 3338 2735 3393 nomine
2758 3338 3523 3409 Angilberti,enumeranlis
3546 3338 3850 3410 reliquias,

436 3422 695 3479 ecclesias
728 3423 1062 3478 Carnolensi
1105 3428 1281 3494 caput
1332 3422 1513 3478 sancti
1564 3420 1842 3477 Matthaei.
1878 3443 1904 3470 »
1929 3423 2081 3476 Con-
2192 3442 2335 3496 quas
2368 3444 2474 3497 ope
2506 3426 2690 3481 Caroli
2739 3428 2928 3498 Magni
2963 3433 3017 3483 et
3050 3428 3298 3484 aliorum
3328 3445 3396 3481 ex
3426 3427 3603 3483 variis
3655 3428 3852 3499 regio-

439 3511 617 3569 sentit
640 3512 1020 3568 Sebastianus
1044 3512 1357 3581 Rouillard,
1385 3513 1444 3567 in
1469 3512 1711 3568 Historia
1736 3511 2082 3577 Carnotensi,
2194 3517 2367 3570 nibus
2418 3516 2770 3583 obtinuerat,
2804 3534 2935 3571 cum
2990 3517 3261 3587 plurimis
3301 3517 3433 3572 aliis
3466 3524 3852 3573 recensentur

438 3617 565 3671 cap.
593 3602 649 3669 8,
680 3618 810 3674 pag.
844 3602 968 3656 207.
1008 3602 1208 3673 Itaque
1256 3606 1638 3657 Carnotenses
1687 3600 2079 3665 crediderunt,
2191 3606 2375 3659 sancti
2402 3605 2655 3660 Matthaei
2689 3605 2965 3676 reliquiae.
2994 3606 3117 3661 Non
3141 3606 3376 3662 additur
3399 3612 3617 3671 tamen,
3647 3614 3848 3663 utrum

438 3691 732 3763 accepisse
764 3707 827 3748 se
857 3694 1029 3761 caput
1055 3690 1198 3747 illud
1231 3690 1729 3763 Constantinopoli
1762 3708 1775 3758 ;
1811 3690 1909 3744 sed
1949 3707 2080 3761 pro-
2191 3694 2364 3750 fuerit
2394 3693 2615 3765 aliquid
2641 3712 2707 3750 ex
2731 3696 2964 3750 ossibus
2997 3696 3215 3762 Sancti,
3242 3714 3315 3751 an
3341 3696 3532 3751 solum
3566 3697 3639 3752 de
3670 3697 3850 3751 vesti-

434 3781 574 3838 bare
605 3784 918 3852 nequeunt,
952 3788 1119 3850 caput
1148 3782 1335 3837 sancti
1367 3780 1616 3836 Matthaai
1650 3797 1898 3851 unquam
1930 3781 2078 3836 Con-
2191 3784 2424 3837 mentis.
2480 3785 2539 3836 1n
2613 3783 2886 3854 Catslogo
2947 3784 3164 3853 prolixo
3244 3784 3650 3856 reliquiarum,
3714 3801 3847 3857 qua

430 3869 811 3941 stantinopoli
853 3869 1051 3935 fuisse,
1087 3874 1149 3924 ut
1185 3871 1557 3926 Carnotensis
1605 3886 1766 3941 aeque
1806 3887 1870 3926 ac
1899 3870 2081 3927 Bello-
2190 3889 2342 3927 anno
2376 3872 2513 3926 1585
2542 3872 2949 3943 Ulyssiponem
2985 3873 3283 3929 translate
3317 3880 3473 3938 sunt,
3506 3875 3849 3944 ibidemque

429 3960 693 4016 vacensis
741 3958 993 4015 ecclesia:
1043 3958 1275 4014 traditio
1320 3961 1637 4014 admodum
1685 3960 1949 4014 videatur
1988 3961 2077 4015 in-
2190 3963 2413 4016 donatae
2444 3961 2644 4015 domui
2678 3962 2953 4031 professae
2984 3962 3467 4029 SocietatisJesu,
3493 3978 3847 4017 enumeran-

430 4053 609 4107 certa.
2189 4056 2286 4106 tur
2312 4050 2486 4105 etiam
2522 4048 2783 4120 reliquiae
2836 4052 3022 4105 sancti
3077 4051 3333 4105 Matthai
3375 4051 3651 4123 apostoli,
3684 4052 3845 4124 apud

502 4138 624 4193 102.
678 4137 805 4193 Jam
866 4137 1141 4206 vidimus,
1192 4138 1379 4192 tribus
1433 4136 1576 4192 locis
1648 4146 1820 4209 caput
1892 4139 2079 4194 sancti
2190 4157 2295 4195 nos
2354 4144 2490 4195 tom.
2542 4138 2591 4194 Il
2640 4139 2928 4208 Januarii,
2962 4156 3093 4211 pag.
3145 4140 3271 4196 612.
3315 4142 3523 4195 Verum
3584 4140 3845 4196 sufﬁciat

430 4226 687 4283 Matthaai
737 4227 1029 4300 assignari
1060 4226 1116 4281 in
1146 4226 1345 4282 Gallia.
1382 4226 1613 4283 Accedit
1646 4233 1699 4281 et
1730 4232 1969 4298 quartus
2017 4229 2075 4283 in
2188 4228 2309 4283 haec
2340 4228 2720 4295 enumeratio,
2746 4245 2877 4282 cum
2915 4233 3207 4299 nequeant
3232 4228 3350 4284 ulla
3372 4229 3631 4285 humana
3664 4231 3842 4285 indu-

430 4314 827 4388 Lotharingia,
876 4317 1154 4372 nimirum
1212 4319 1445 4374 abbatis
1503 4317 2077 4373 Praemonstratensis
2188 4320 2329 4373 stris
2351 4318 2682 4373 enumerari
2706 4334 2911 4373 omnes
2934 4317 3307 4389 reliquiarum
3344 4317 3843 4391 particulae,quas

424 4406 485 4460 in
516 4404 752 4461 dioecesi
802 4405 1080 4470 Tullensi,
1116 4406 1519 4477 Regnis-vallis
1564 4407 1740 4475 dicta,
1773 4424 1888 4461 non
1939 4424 2077 4462 con-
2188 4408 2400 4463 habent
2453 4407 2706 4462 ecclesiae
2758 4412 2857 4462 aut
2907 4424 3165 4478 personae
3206 4408 3460 4477 privatae,
3514 4410 3840 4478 praesertim

429 4496 728 4553 fundenda
786 4513 919 4552 cum
979 4499 1179 4562 altera,
1223 4514 1349 4567 quin
1399 4498 1578 4568 Regia
1625 4496 1786 4551 vallis
1839 4497 2073 4567 dicitur,
2189 4515 2317 4552 cum
2377 4514 2477 4568 per
2524 4496 2872 4551 donationes
2924 4497 3256 4567 frequenter
3299 4497 3370 4552 ab
3421 4514 3537 4552 uno
3588 4498 3715 4554 loco
3765 4498 3841 4554 ad

426 4587 808 4658 ejusdemque
841 4594 929 4642 est
959 4588 1203 4655 ordinis,
1228 4587 1363 4641 etin
1389 4587 1591 4642 eadem
1623 4586 1875 4641 dioecesi.
1900 4586 2075 4643 Saus-
2106 4589 2165 4655 D
2191 4588 2440 4642 alterum
2477 4588 2925 4641 transferantur.
2951 4587 3248 4655 Ejusmodi
3278 4587 3626 4659 particulam
3658 4604 3839 4660 penes

428 4693 600 4748 sayus
642 4676 699 4731 in
733 4676 1145 4748 Supplementa
1205 4674 1596 4746 martyrologii
1657 4675 1942 4730 Gallicani
1998 4677 2070 4731 ad
2184 4695 2273 4733 me
2308 4678 2512 4742 habeo,
2548 4676 2686 4731 dum
2735 4676 2850 4731 hinc
2900 4676 3110 4745 scribo,
3145 4682 3444 4747 acceptam
3494 4693 3649 4731 anno
3701 4677 3843 4733 1753

427 4769 490 4821 2t
527 4765 883 4836 Septembris
911 4765 1221 4820 annuntiat
1250 4764 1675 4821 venerationem
1708 4767 1893 4819 sancti
1925 4765 2071 4820 Mat-
2183 4766 2439 4822 Venetiis
2474 4765 2544 4819 ab
2573 4764 3061 4820 excellentissimo
3110 4765 3348 4819 domino
3382 4764 3668 4820 Flaminio
3699 4767 3841 4823 Cor-

428 4856 563 4911 thaei
598 4856 857 4911 hodierni
883 4855 941 4910 in
966 4855 1226 4909 ccnnobio
1260 4854 1434 4923 Regis
1466 4853 1648 4923 vallis,
1678 4855 2072 4926 utaliquando
2183 4856 2355 4920 nelio,
2389 4858 2656 4910 senatore
2702 4852 2942 4921 Veneto,
2990 4855 3266 4925 superius
3318 4853 3577 4919 laudato,
3630 4855 3729 4925 qui
3787 4858 3843 4911 et

428 4947 607 5000 etiam
655 4949 913 5013 vocatur,
946 4949 1001 4998 et
1048 4944 1351 5015 arljungit:
1388 4963 1413 4994 et
1443 4944 1683 5013 Cujus...
1729 4961 1860 5014 pars
1913 4947 2073 5016 capi-
2187 4946 2361 5001 aliam
2396 4944 2504 4999 sibi
2539 4943 2796 4999 retinuit.

428 5036 504 5090 tis
538 5034 872 5099 laureati,...
904 5034 1055 5088 dicto
1106 5034 1162 5088 in
1216 5034 1564 5088 monasterio
1613 5034 2075 5089 bonoriﬁcentis-
2258 5036 2376 5091 104.
2416 5037 2557 5090 Loca
2588 5038 2786 5090 sancto
2839 5034 3105 5090 Matthan
3153 5050 3336 5102 sacra,
3372 5038 3575 5103 praeter
3616 5050 3837 5090 memo-

429 5125 576 5179 sime
626 5129 979 5189 asservatur,
1033 5130 1088 5177 et
1136 5123 1307 5178 hodie
1356 5123 1596 5179 colenda
1638 5123 2075 5194 religiosissime
2185 5131 2307 5179 rata
2340 5124 2619 5179 hactenus
2652 5124 2707 5177 in
2741 5122 3067 5189 Occidente,
3101 5129 3256 5179 certo
3303 5122 3471 5195 plura
3521 5128 3754 5177 exstant
3781 5127 3841 5178 et

427 5216 753 5270 exhibetur.
806 5235 833 5262 »
891 5218 1114 5268 Partem
1177 5216 1385 5285 capitis
1442 5216 1596 5281 dicit,
1650 5217 1893 5285 opinor;
1934 5216 2072 5287 quia
2184 5214 2376 5285 aliqua
2408 5214 2583 5268 etiam
2626 5214 2681 5267 in
2728 5212 3041 5283 provinciis
3072 5213 3477 5269 orientalibus.
3508 5213 3585 5267 De
3617 5211 3833 5267 celebri

419 5306 543 5374 jam
594 5309 769 5373 caput
817 5303 1112 5358 Bellovaco
1143 5316 1197 5360 et
1230 5306 1475 5359 Carnoto
1521 5310 1869 5360 asseruerst.
1904 5310 2066 5361 Certe
2180 5304 2531 5358 monasterio
2564 5303 2621 5357 S.
2658 5302 2910 5357 Matthaei
2944 5302 3002 5356 in
3038 5302 3484 5371 Mesopotamia,
3518 5318 3649 5372 quas
3675 5316 3833 5355 nunc

424 5393 731 5459 Calmetus,
777 5392 835 5446 in
886 5394 1121 5450 Historia
1169 5396 1568 5465 Lotharingiw,
1603 5400 1744 5449 tom.
1782 5396 1828 5449 ll
1867 5396 2065 5465 primae
2180 5392 2518 5449 Diarbechia
2549 5391 2781 5459 dicitur,
2805 5393 2958 5463 apud
2994 5391 3194 5447 urbem
3228 5390 3421 5447 Mosul
3451 5396 3553 5445 aut
3585 5390 3827 5446 Niniven

424 5482 697 5551 editionis
727 5481 834 5537 col.
863 5484 933 5535 22
962 5494 1134 5553 caput
1165 5486 1350 5539 sancti
1382 5484 1633 5540 Matthei
1676 5485 1920 5539 abbatias
1957 5484 2067 5541 Re-
2180 5500 2408 5551 novam,
2444 5484 2776 5554 frequenter
2806 5482 3075 5537 meminit
3105 5486 3485 5546 Assemanus,
3522 5480 3580 5535 in
3612 5481 3832 5537 Biblio-

421 5570 704 5645 gis-vallis
752 5572 1033 5641 attribuit,
1073 5579 1131 5630 et
1174 5573 1285 5633 col.
1332 5576 1439 5630 265
1488 5574 1590 5642 ait,
1641 5589 1709 5629 ex
1756 5573 2025 5631 Palasstin
2086 5599 2106 5639 ε
2177 5573 2328 5630 theca
2359 5573 2653 5642 Orientali,
2687 5577 2830 5630 tom.
2859 5571 2928 5628 ll.
2955 5572 3035 5628 Ex
3054 5571 3128 5629 iis
3159 5577 3530 5643 autem,qusa
3562 5586 3697 5644 pag.
3725 5569 3827 5626 108

424 5658 668 5720 allatum
700 5660 881 5720 fuisse
910 5676 1013 5735 per
1041 5660 1358 5721 Gobertum
1393 5661 1593 5737 Asperi
1624 5661 1835 5718 Montis
1875 5662 2067 5719 domi-
2177 5665 2352 5723 refert
2380 5665 2452 5722 de
2483 5663 2581 5723 illo
2616 5664 2994 5738 monasterio,
3026 5664 3182 5723 clare
3231 5663 3436 5740 liquet,
3467 5662 3678 5723 saltem
3728 5678 3830 5721 ex-
