4094 6230
320 374 438 435 813

1655 376 1835 441 νιΤΑ
1882 379 1940 442 S.
1993 380 2389 445 ΜΑΤἸἮιΕΙ.

3609 396 3731 454 811,

318 535 545 593 stitisse
575 552 607 590 a
638 535 843 591 saeculo
875 552 950 591 ιν.
988 536 1171 605 Idem,
1204 540 1343 593 tom.
1381 538 1455 605 II,
1490 556 1618 610 pag.
1672 542 1793 611 403,
1847 560 1969 601 me-
2000 546 2060 613 Α
2085 546 2376 616 prehensi,
2438 546 2712 619 ductique
2791 548 3058 615 Niniven,
3119 550 3219 605 ubi
3286 559 3483 622 postea
3556 556 3733 614 occisi

319 625 496 681 minit
544 647 572 675 ‹‹
624 624 875 681 coenobii
918 625 1190 695 Cbuchaa,
1238 629 1388 696 quod
1436 634 1858 689 monasterium
1910 638 1970 690 8.

322 715 575 771 Matthei
608 715 824 771 dicitur
852 716 912 771 in
944 721 1143 771 monte
1176 717 1458 788 Elpbeph.
1485 742 1513 769 ››
1541 720 1615 774 Ex
1644 721 1743 777 illo
1776 729 1971 780 autem

322 808 682 861 monasterio
730 806 1037 862 duodecim
1089 807 1356 863 monachi
1392 825 1522 864 cum
1555 812 1827 884 episcopo
1870 813 1973 869 Ni-

320 894 488 950 nives
518 894 701 950 occisi
732 895 1005 950 dicuntur
1028 896 1200 964 jussu
1234 897 1503 953 Pherozis
1541 900 1845 957 Persarum
1880 920 1973 959 re-

320 983 413 1054 gis
442 982 502 1037 in
538 983 676 1040 urbe
705 983 909 1039 Ninive
932 984 1049 1039 sive
1081 984 1292 1041 Mosul.
1321 986 1530 1043 Eadem
1562 988 1807 1046 historia
1840 1008 1974 1047 nar-

320 1076 488 1127 ratur
534 1075 689 1144 apud
737 1074 1141 1142 Assemanum,
1186 1083 1322 1130 tom.
1375 1076 1470 1143 III,
1523 1093 1655 1149 pag.
1697 1079 1822 1147 393,
1875 1081 1973 1136 ubi

320 1165 563 1217 vocatur
592 1162 861 1218 similiter
885 1184 913 1214 «
946 1164 1277 1220 cmnobium
1307 1166 1563 1237 Cuchtaz,
1591 1189 1618 1216 »
1643 1169 1751 1224 hoc
1782 1173 1886 1236 est,
1912 1170 1971 1225 S.

323 1249 585 1307 Μαιαιωὶ
618 1250 677 1307 in
712 1256 909 1307 monte
957 1252 1319 1324 Elpbephic;
1351 1255 1743 1328 monachique
1782 1257 1840 1312 in
1873 1257 1973 1314 illo

323 1341 682 1398 monasterio
712 1342 993 1399 dicuntur
1012 1358 1142 1399 cum
1171 1343 1531 1416 Metropolita
1552 1344 1787 1403 Ninives
1818 1363 1973 1404 com-

2083 641 2244 701 sunt,
2268 637 2420 707 quod
2454 640 2783 694 consentire
2814 639 3037 695 nollent
3057 639 3116 694 in
3141 641 3410 698 haeresim
3444 644 3730 700 Nestoria-

2082 740 2235 779 nam.
2272 727 2351 781 Ex
2394 743 2459 783 eo
2505 736 2721 795 autem,
2756 729 2909 799 quod
2960 730 3327 801 metropolita
3385 733 3621 789 Ninives
3669 734 3729 789 in

2083 815 2430 870 monasterio
2462 816 2922 887 comprehensus
2953 823 3061 885 est,
3097 820 3374 892 quodque
3406 838 3608 876 omnes
3632 821 3733 876 Ni-

2083 902 2272 959 nivem
2321 905 2552 961 fuerunt
2598 908 2779 971 ducti,
2830 907 2973 964 satis
3022 915 3175 964 certo
3220 910 3528 980 colligitur,
3574 911 3729 966 idem

2082 991 2191 1047 hoc
2222 1010 2344 1049 esse
2373 996 2791 1051 monasterium
2843 1012 2971 1051 cum
3024 999 3382 1069 praacedenle
3426 1000 3579 1069 apud
3610 1004 3733 1055 Mo-

2084 1079 2175 1135 sul
2215 1092 2314 1136 aut
2358 1082 2624 1138 Niniven.
2661 1083 2763 1139 Pro
2810 1086 3013 1140 eodem
3072 1086 3248 1141 etiam
3306 1085 3511 1142 habuit
3568 1089 3733 1143 Asse-

2084 1185 2320 1238 manus,
2344 1174 2495 1242 apud
2530 1189 2701 1243 quem
2733 1173 2903 1244 plura
2928 1175 2997 1229 de
3020 1175 3119 1229 illo
3153 1175 3507 1231 monasterio
3540 1174 3725 1231 videri

2082 1263 2375 1331 poterunt,
2406 1276 2539 1317 cum
2595 1262 2695 1317 illa
2725 1263 2797 1318 ad
2838 1267 3098 1319 sanctum
3148 1263 3485 1322 Matthaaum
3539 1264 3734 1321 minus

2083 1349 2428 1421 pertineant.

1866 1668 2178 1779 ACTA

1330 1900 1599 1959 Auctore
1629 1898 2058 1977 Metaphraste
2087 1899 2424 1980 interprete
2453 1901 2706 1964 Sirleto.

754 2054 1019 2119 (Grecam
1054 2057 1256 2107 textum
1288 2056 1698 2108 exscribendum
1729 2057 2033 2110 curavimus
2063 2072 2128 2111 ex
2161 2059 2279 2112 cod.
2310 2073 2411 2111 ms.
2442 2062 2614 2113 Paris.
2646 2075 2702 2113 n.
2740 2061 2896 2115 1430.
2928 2064 3071 2115 Εοιτ.
3101 2064 3275 2127 Pan.)

388 2368 463 2420 A'.
497 2360 638 2434 Ἤδη
684 2362 777 2437 μὲν
810 2364 910 2432 τήν
950 2363 1096 2440 παρὰ
1150 2367 1246 2420 τοῦ
1306 2364 1616 2430 πλάσαντος
1661 2367 1809 2441 ἡμᾶς
1867 2364 1953 2422 δο-

2136 2369 2179 2427 Ι.
2212 2370 2265 2425 Si
2329 2376 2683 2445 preceptum
2739 2372 2908 2438 illud,
2958 2376 3117 2447 quod
3177 2375 3249 2432 ab
3310 2390 3400 2447 eo,
3449 2379 3551 2451 qui
3612 2395 3723 2437 nos

309 2454 491 2508 θεῖσαν
520 2453 882 2531 φυλάττοντες
909 2451 1161 2523 ἐντολὴν,
1201 2460 1304 2524 τῆς
1365 2456 1632 2531 μακαρίας
1690 2454 1740 2510 ἒν
1787 2476 1960 2531 παρα-

305 2538 473 2616 δείσῳ
506 2543 772 2615 οἰκήσεώς
802 2564 860 2599 τε
896 2543 985 2598 καὶ
1036 2540 1319 2621 διαγωγῆς
1358 2543 1726 2619 ἀπελαύομεν,
1759 2545 1958 2609 παντὸς

304 2632 370 2688 οὗ
426 2653 576 2693 τινος
636 2633 729 2687 οὑν
786 2636 895 2688 τῶν
955 2635 1077 2708 περὶ
1133 2635 1197 2689 τὸ
1256 2639 1415 2708 σῶμα
1474 2634 1956 2710 ὑπερφρονοῦντες,

306 2723 500 2796 μόνοις
558 2744 617 2778 τι
674 2729 791 2785 τοῖς
851 2723 1015 2786 θείοις
1084 2723 1519 2804 ἐνασχολοῦντες
1566 2725 1658 2781 τὸν
1687 2726 1952 2796 νοῦν,καὶ

298 2818 473 2869 ταῦτα
503 2811 766 2884 διηνεκῶς
802 2815 1221 2892 φανταζόμενοι,
1254 2813 1362 2886 ἤδη
1398 2812 1455 2870 δὲ
1493 2815 1583 2870 καὶ
1617 2817 1644 2870 6
1674 2823 1774 2885 τῆς
1819 2814 1957 2890 πρὸς

298 2904 433 2960 Θεὸν
476 2904 735 2979 πρότερον
797 2904 1137 2975 οἰκειότητος
1195 2902 1496 2975 ὀλισθήσεις
1529 2900 1810 2973 διάϐολος,
1840 2906 1955 2980 ἅμα

302 2996 400 3068 μὶν
442 2990 557 3054 οἶας
610 2992 944 3049 ἐκπεπτώκει
974 3002 1073 3064 τῆς
1105 2992 1265 3064 δόξης
1319 2991 1478 3057 εἰδώς
1512 3010 1526 3026 ⁸
1578 2995 1690 3067 ἅμα
1748 2992 1803 3049 δὲ
1862 2997 1952 3051 καὶ

294 3087 378 3155 τῷ
462 3082 790 3157 ἀνθρωπείῳ
873 3083 1010 3159 γένει
1098 3081 1582 3161 διαφθονούμενος.
1663 3084 1953 3148 Κάντεῦθεν

296 3175 461 3227 τοῦτο
512 3175 953 3248 συγκατενεγκεῖν
1015 3172 1190 3244 ἑαυτῷ
1250 3171 1325 3233 εἷς
1378 3172 1649 3246 βάραθρον
1684 3173 1950 3251 μηχανώ-

299 3280 463 3334 μενος
526 3260 600 3321 ιῖς
665 3258 842 3330 λήθην
896 3267 996 3330 τῆς
1029 3259 1257 3329 ἐντολῆς
1286 3262 1377 3314 τὸν
1407 3258 1691 3335 ἄνθρωπον
1751 3260 1949 3337 ἤγαγε,

293 3348 385 3405 καὶ
427 3350 455 3403 6
484 3354 720 3425 ξπρῶτος
778 3350 1062 3419 πλασθεὶς,
1096 3349 1359 3422 ἐσυλήθη,
1392 3354 1511 3429 φεῦ,
1546 3349 1796 3413 ἐλεεινῶς
1852 3351 1945 3405 τὸν

291 3437 662 3513 παράδεισον·
725 3438 824 3495 οὐκ
879 3441 944 3509 ἦν
989 3437 1045 3494 δὲ
1105 3435 1217 3512 ἅμα
1273 3442 1368 3494 τοῦ
1424 3439 1732 3503 πλάσαντος
1773 3441 1943 3511 ἡμᾶς,

292 3528 369 3590 εἷς
427 3533 586 3584 τοῦτο
644 3528 924 3591 ἀπωλείας
982 3528 1390 3605 κατενεχθέντας
1420 3526 1823 3601 περιϊδεῖν,καὶ
1881 3529 1943 3582 τὸ

290 3622 508 3693 πρῶτον
571 3614 953 3681 ἀποϐαλόντας
1013 3617 1247 3691 ἀξίωμα,
1290 3618 1341 3671 ἐν
1404 3616 1576 3680 οὕτως
1627 3619 1809 3690 ἀτίμῳ
1846 3638 1942 3672 κα-

288 3707 541 3763 ταλιπεῖν
574 3713 641 3782 τῇ
676 3706 948 3784 διαγωγῇ.
984 3706 1136 3764 Ἀλλ’
1163 3708 1324 3769 αὐτὸς
1373 3709 1400 3762 ὁ
1448 3711 1528 3779 τῷ
1586 3707 1754 3781 Πατρὶ
1815 3728 1935 3761 συν-

286 3796 533 3874 ἀναρχος
569 3799 745 3876 Λόγος
777 3800 865 3852 καὶ
894 3795 1168 3859 συναΐδιος
1224 3802 1331 3853 τῶν
1384 3801 1661 3871 πατρικῶν
1700 3797 1938 3859 κενώσας

284 3889 512 3944 κόλπων
572 3890 759 3944 ἒαὺτον
827 3889 915 3944 ἐπὶ
1006 3891 1216 3963 μητερα
1282 3885 1546 3963 παρθένον
1605 3889 1810 3942 κάτεισι
1870 3885 1939 3942 δι’

287 3978 387 4052 ἐμὲ
441 3978 529 4033 καὶ
587 3980 756 4053 σάρκα
814 3983 989 4056 φορεῖ,
1046 3979 1135 4033 καὶ
1185 3978 1358 4033 πάντα
1414 3978 1559 4046 πλὴν
1615 3977 1786 4049 μόνης
1840 3982 1939 4046 τῆς

286 4069 561 4143 ἁμαρτίας
619 4068 915 4145 ὑπέρχεται
972 4071 1039 4124 τὰ
1096 4069 1423 4141 ἀνθρώπινα,
1456 4070 1529 4130 ὡς
1582 4067 1639 4121 ἂν
1688 4068 1787 4135 τὴν
1844 4068 1939 4141 μὲν

289 4160 559 4233 ἁμαρτίαν
618 4157 783 4232 ἀνέλῃ
839 4160 1031 4227 καινὴν
1093 4156 1149 4213 δέ
1203 4179 1319 4213 τινα
1358 4158 1493 4232 πρὸς
1528 4158 1791 4231 οὐρανοὺς
1851 4156 1937 4212 ἐπ·

288 4246 481 4303 άνοδον
510 4253 627 4310 τοῖς
661 4246 746 4303 ἐπι
780 4255 882 4324 γῆς
916 4244 1193 4320 ὑποδείξῃ.
1227 4246 1377 4303 Έπεῖ
1420 4243 1475 4301 δὲ
1517 4247 1607 4300 καί
1664 4245 1941 4308 διακόνους

284 4339 425 4412 πρὸς
454 4341 617 4392 τοῦτο
648 4336 739 4391 καὶ
772 4338 1047 4410 ὑπηρέτας
1108 4332 1253 4411 ἔχειν
1311 4336 1503 4411 ἐχρῆν,
1539 4333 1607 4389 δι’
1638 4336 1709 4389 ὧν
1765 4356 1824 4390 τε
1875 4335 1941 4390 τὰ

280 4435 388 4497 τῆς
464 4427 782 4500 οἰκονομίας
851 4428 937 4482 καὶ
1015 4432 1122 4481 τῶν
1186 4427 1499 4501 μυστηρίων
1556 4425 1938 4499 ἀνακαλύψειε,

284 4518 556 4594 καὶπρὸς
614 4517 883 4592 σωνηρίας
946 4515 1070 4572 ὁδὸν
1120 4517 1245 4577 τοὺς
1285 4517 1602 4589 ἀνθρώπους
1660 4536 1939 4591 χειραγω-

280 4609 491 4682 γήσειε,
568 4605 955 4682 προσκαλεῖται
1046 4607 1140 4679 μὲν
1200 4604 1454 4680 Ἀνδρέας
1536 4604 1624 4659 καὶ
1711 4602 1933 4679 Πέτρος,

284 4696 423 4770 μετά
480 4693 537 4751 δὲ
616 4698 842 4758 τούτους
899 4690 1157 4757 Ἰάκωὸός
1216 4717 1272 4750 τε
1338 4695 1426 4749 καὶ
1486 4694 1763 4765 Ἰωάννης,
1824 4693 1938 4749 εἶτα

281 4788 587 4856 Ματθαῖος,
619 4787 645 4841 6
676 4790 765 4841 νῦν
794 4789 932 4861 ἡμῖν
964 4782 1211 4847 ὑπόθεσις
1253 4781 1344 4841 ὤν.

2076 2458 2365 2529 formavit,
2400 2462 2728 2532 injunctum
2779 2464 2949 2521 nobis
2981 2466 3054 2537 (1)
3090 2466 3218 2533 fuit,
3252 2483 3479 2524 servare
3519 2468 3725 2525 voluis-

2071 2563 2292 2617 semus,
2328 2549 2496 2605 beata
2545 2550 2649 2605 illa
2696 2552 2951 2623 paradisi
2982 2552 3342 2609 habitatione
3372 2558 3430 2610 et
3458 2556 3577 2612 vita
3608 2556 3721 2612 frui

2070 2636 2238 2692 nobis
2273 2637 2546 2705 licuisset,
2575 2639 2886 2708 omniaque
2910 2656 3186 2711 corporea
3208 2644 3514 2698 commoda
3535 2645 3718 2716 negli-

2067 2733 2290 2798 gentes,
2326 2726 2465 2783 solis
2499 2728 2711 2783 divinis
2744 2729 2916 2785 rebus
2948 2735 3203 2786 mentem
3235 2736 3578 2802 occupatam
3614 2733 3717 2787 ba-

2066 2814 2357 2882 beremus,
2409 2831 2471 2869 ac
2521 2832 2617 2870 eas
2671 2815 2929 2872 assiduis
2986 2817 3433 2888 cogitationibus
3482 2834 3715 2892 semper

2065 2904 2499 2960 meditaremur.
2533 2905 2673 2961 Cum
2727 2905 2843 2973 ille,
2878 2907 2977 2977 qui
3012 2923 3045 2961 a
3075 2906 3272 2962 divina
3321 2908 3713 2966 familiaritate

2064 2993 2239 3049 simul
2275 2998 2448 3066 atque
2481 3011 2514 3051 a
2543 2995 2731 3066 gloria
2761 2995 2995 3063 excidit,
3023 2995 3081 3050 in
3111 3012 3223 3067 qua
3255 2997 3418 3067 prius
3448 3003 3591 3067 erat,
3624 3015 3715 3069 ge-

2062 3084 2186 3139 neri
2217 3083 2469 3139 humano
2518 3084 2824 3151 invideret,
2856 3084 2928 3140 ob
2958 3085 3133 3155 idque
3166 3085 3235 3141 ad
3270 3102 3437 3142 suam
3479 3088 3711 3144 ruinam

2062 3188 2259 3228 secum
2281 3189 2397 3228 una
2420 3173 2695 3229 omnibus
2720 3172 3009 3228 machinis
3033 3172 3172 3228 illud
3200 3177 3561 3245 praecipitare
3585 3172 3719 3232 stu-

2064 3264 2244 3329 deret,
2278 3268 2479 3318 auctor
2522 3263 2628 3318 fuit
2678 3262 2920 3330 homini,
2955 3267 3020 3319 ut
3052 3264 3225 3335 primi
3254 3263 3414 3320 illius
3447 3268 3714 3338 precepti

2059 3350 2519 3407 oblivisceretur.
2586 3353 2781 3422 itaque
2840 3351 3015 3406 homo
3077 3351 3224 3424 ipse,
3288 3354 3388 3424 qui
3448 3355 3717 3412 omnium

2058 3442 2280 3513 primus
2325 3459 2357 3497 a
2407 3446 2520 3497 Deo
2571 3442 2853 3497 formatus
2911 3448 3022 3508 est,
3074 3442 3394 3499 miserabili
3459 3447 3713 3516 quodam

2054 3533 2242 3599 modo,
2291 3530 2435 3602 proh
2502 3530 2699 3587 dolor!
2737 3533 3007 3602 paradiso
3069 3533 3330 3604 privatus
3390 3534 3520 3590 fuit.
3573 3536 3704 3592 Non

2053 3624 2246 3675 tamen
2293 3620 2501 3691 ipsius,
2537 3620 2638 3692 qui
2672 3637 2775 3676 nos
2824 3620 3109 3689 formavit,
3140 3621 3471 3691 benignitas
3524 3624 3701 3694 patie-

2053 3710 2245 3773 batur,
2292 3712 2353 3763 ut
2405 3709 2471 3763 ad
2526 3713 2744 3763 tantam
2796 3709 3022 3763 ruinam
3074 3707 3327 3780 prolapsi
3377 3711 3701 3781 despicere-

2053 3814 2206 3863 mur,
2240 3813 2425 3869 neque
2476 3804 2559 3866 ut,
2603 3797 2790 3868 prima
2830 3797 2928 3852 illa
2976 3798 3254 3868 dignitate
3306 3799 3545 3866 amissa,
3578 3804 3698 3856 tam

2051 3888 2290 3960 ignobili
2324 3893 2475 3943 statu
2512 3888 2879 3944 condemnati
2929 3887 3414 3959 relinqueremur.
3450 3888 3548 3944 Ille
3592 3890 3703 3961 ἱεὶ-

2050 3984 2147 4035 tur
2198 3981 2338 4051 ipse,
2391 3981 2486 4050 qui
2534 3981 2605 4035 ab
2660 3980 2829 4035 initio
2889 3996 3019 4036 cum
3072 3984 3237 4036 Patre
3286 3996 3518 4052 semper
3570 3982 3697 4049 fuit,

2052 4069 2151 4139 qui
2210 4076 2528 4124 coaiternus
2580 4072 2686 4139 est,
2719 4085 2787 4124 ex
2819 4073 3060 4139 paterno
3120 4068 3251 4124 sinu
3316 4069 3699 4137 descendens,

2053 4160 2311 4230 seipsum
2361 4158 2697 4227 exinanivit,
2729 4167 2780 4213 et
2814 4166 3045 4231 propter
3076 4159 3314 4213 humani
3355 4158 3585 4230 generis
3612 4175 3701 4215 sa.

2054 4247 2231 4302 lutem
2268 4252 2510 4302 matrem
2553 4248 2854 4319 Virginem
2906 4248 3109 4315 subiit,
3142 4264 3377 4304 carnem
3433 4247 3701 4319 gestavit,

2051 4343 2107 4394 et
2142 4338 2399 4392 humana
2430 4338 2626 4392 omnia
2673 4337 2956 4393 sustinuit
2987 4343 3194 4406 praeter
3224 4342 3565 4408 peccatum:
3604 4338 3706 4394 bu-

2051 4442 2221 4481 mana
2269 4426 2424 4479 enim
2472 4426 2671 4480 omnia
2722 4426 2998 4498 suscepit,
3046 4434 3101 4481 ut
3150 4431 3447 4498 peccatum
3495 4427 3703 4482 mundi

2047 4515 2297 4581 tolleret,
2320 4518 2374 4568 et
2403 4514 2515 4583 bis,
2542 4514 2639 4584 qui
2672 4519 2812 4570 sunt
2843 4516 2899 4570 in
2935 4519 3108 4583 terra,
3136 4530 3348 4571 novum
3383 4515 3700 4586 quemdam

2049 4604 2118 4658 ad
2155 4602 2326 4659 caelos
2370 4604 2597 4659 aditum
2650 4610 3014 4677 praepararet.
3050 4606 3337 4670 Quoniam
3390 4621 3523 4660 vero
3574 4606 3703 4675 ejus

2048 4691 2128 4747 rei
2164 4692 2464 4748 ministros
2507 4692 2716 4747 habere
2747 4692 3022 4763 Oportuit,
3058 4710 3157 4763 per
3188 4710 3335 4764 quos
3375 4692 3583 4749 divinas
3615 4694 3704 4748 di-

2046 4784 2436 4856 spensationis
2480 4788 2535 4840 et
2575 4784 2989 4856 mysteriorum
3036 4783 3402 4856 disciplinam
3453 4782 3601 4839 Deus
3649 4788 3706 4839 et

282 4878 657 4950 patefaceret,
690 4881 864 4950 atque
908 4877 1180 4933 homines
1239 4877 1396 4949 ipsos
1424 4876 1496 4931 ad
1528 4874 1735 4932 salutis
1793 4876 1947 4931 viam
2001 4877 2365 4947 perduceret,
2399 4874 2469 4931 ob
2518 4891 2645 4930 eam
2707 4892 2946 4931 causam
2996 4875 3182 4930 vocati
3230 4877 3370 4930 sunt
3420 4875 3701 4943 Andreas,

286 4967 511 5037 Petrus,
543 4968 816 5034 Jacobus,
846 4968 1105 5023 Joannes
1136 4971 1192 5023 et
1222 4964 1554 5033 Matthaeus,
1588 4966 1658 5021 de
1687 4982 1799 5036 quo
1832 4966 2000 5021 nobis
2034 4965 2137 5021 hoc
2169 4965 2291 5022 loco
2323 4965 2633 5020 dicendum
2667 4974 2771 5021 est.

356 5057 434 5121 B',
458 5056 629 5118 Οὗτος
685 5055 865 5111 τοίνυν
897 5056 924 5109 ὁ
956 5058 1049 5109 τοῦ
1102 5056 1339 5128 Χριστοῦ
1391 5054 1640 5126 μαθητὴς
1699 5052 1941 5129 ὕστερον,
1972 5054 2031 5119 D

1386 5143 1477 5199 καὶ
1538 5143 1735 5220 χρημά
1826 5186 1840 5199 .
1920 5186 1936 5202 .

1487 5366 1502 5382 .
1584 5325 1792 5399 στήρης
1847 5323 1937 5377 καὶ

279 5144 533 5217 τελώνης
590 5148 697 5222 πρό
806 5188 819 5203 .
898 5187 913 5204 .
994 5188 1008 5204 .
1088 5188 1103 5203 .
1183 5188 1199 5204 .
1278 5187 1292 5201 .

642 5280 656 5295 .
734 5255 847 5311 τωρ
909 5235 998 5290 καὶ
1055 5234 1246 5309 λογιστ

276 5328 368 5382 καὶ
429 5327 608 5397 πάσης
668 5325 721 5381 ἐν

1445 5516 1644 5569 arente
1693 5512 1934 5568 Adamo.

362 5518 438 5589 (1)
477 5516 680 5594 Nobis,
727 5516 786 5594 in
836 5515 1023 5588 primo
1059 5513 1362 5594 nimirum
1394 5516 1644 5594 parente
1693 5513 1857 5594 Adan

1482 5584 1707 5640 diverso
1734 5584 1939 5639 Latine

286 5586 627 5646 Hoc'autem
659 5586 895 5645 initium
942 5588 1117 5643 modo
1166 5586 1406 5642 nonnihi

285 5677 627 5731 expressum
649 5676 775 5717 esse
797 5660 963 5731 apud,
988 5659 1398 5731 Lipomanum,
1423 5661 1565 5712 tom.
1592 5659 1662 5725 V,
1690 5655 1785 5710 fol.
1814 5656 1937 5731 13_7,

282 5728 537 5806 indeque
568 5728 885 5791 credidisse
916 5728 1167 5802 aliquos,
1192 5729 1305 5785 alia
1334 5745 1465 5785 esse
1494 5731 1655 5798 Acta,
1689 5742 1817 5800 qua
1848 5728 1943 5784 de-

2126 5054 2198 5110 ll.
2232 5054 2358 5121 Hic,
2389 5055 2653 5126 inquam,
2686 5054 2904 5110 Christi
2940 5054 3284 5127 discipulus,
3327 5054 3466 5111 olim
3518 5054 3705 5112 fuerat

2051 5143 2419 5216 publicanus,
2470 5144 2852 5215 pecuniarum
2924 5148 3155 5201 exactor
3201 5149 3256 5201 et
3310 5144 3701 5212 ratiocinator,

2049 5236 2267 5307 quippe
2300 5236 2397 5307 qui
2448 5251 2656 5292 omnes
2705 5239 2967 5308 quaestus
3019 5236 3264 5292 faciendi
3307 5235 3429 5292 vias
3461 5240 3516 5291 et
3547 5240 3701 5293 artes

2049 5328 2307 5390 noverat,
2344 5325 2558 5380 mentis
2617 5324 2958 5391 acrimonia,
2991 5323 3297 5396 multoque
3342 5340 3535 5381 rerum
3588 5341 3703 5382 usu

2049 5516 2133 5589 dit
2164 5516 2531 5587 Lipomanus,
2566 5516 2839 5573 adnotavi
2873 5517 2931 5573 in
2962 5515 3389 5576 Commentario
3421 5536 3586 5576 num.
3613 5519 3701 5589 14,

2047 5587 2527 5715 itbiquetostendi,
2561 5591 2703 5646 Acta
2743 5605 2870 5646 esse
2899 5591 3125 5661 eadem,
3158 5590 3413 5651 diversos
3449 5608 3583 5651 vero
3612 5587 3704 5649 in;

2076 5675 2241 5732 erpre
2271 5676 2352 5716 es.
