  <div class='ocr_page' id='page_1' title='image "/cluster/home/n/w/nwhite01/storage/ocr_20150623/115/hvd.32044073502262/413.png"; bbox 0 0 4094 6230; ppageno 0'>
   <div class='ocr_carea' id='block_1_1' title="bbox 428 298 545 406">
    <p class='ocr_par' dir='ltr' id='par_1_1' title="bbox 428 298 545 406">
     <span class='ocr_line' id='line_1_1' title="bbox 428 298 545 406; baseline 0.009 -1"><span class='ocrx_word' id='word_1_1' title='bbox 428 298 545 406; x_wconf 73' lang='lat' dir='ltr'>eis</span> 
     </span>
    </p>
   </div>
   <div class='ocr_carea' id='block_1_2' title="bbox 425 534 2069 614">
    <p class='ocr_par' dir='ltr' id='par_1_2' title="bbox 425 534 2069 614">
     <span class='ocr_line' id='line_1_2' title="bbox 425 534 2069 614; baseline -0.006 -14"><span class='ocrx_word' id='word_1_2' title='bbox 425 548 649 600; x_wconf 90' lang='lat' dir='ltr'>teneret</span> <span class='ocrx_word' id='word_1_3' title='bbox 677 542 774 614; x_wconf 86' lang='lat'>(2).</span> <span class='ocrx_word' id='word_1_4' title='bbox 807 539 1015 594; x_wconf 89' lang='lat' dir='ltr'>Postea</span> <span class='ocrx_word' id='word_1_5' title='bbox 1062 554 1194 594; x_wconf 82' lang='lat' dir='ltr'>Vero</span> <span class='ocrx_word' id='word_1_6' title='bbox 1243 555 1421 611; x_wconf 90' lang='lat' dir='ltr'>quam</span> <span class='ocrx_word' id='word_1_7' title='bbox 1472 554 1575 611; x_wconf 88' lang='lat' dir='ltr'>pro</span> <span class='ocrx_word' id='word_1_8' title='bbox 1624 538 1813 594; x_wconf 91' lang='lat' dir='ltr'>salute</span> <span class='ocrx_word' id='word_1_9' title='bbox 1862 534 2069 591; x_wconf 89' lang='lat' dir='ltr'>mundi</span> 
     </span>
    </p>
   </div>
   <div class='ocr_carea' id='block_1_3' title="bbox 424 626 2070 700">
    <p class='ocr_par' dir='ltr' id='par_1_3' title="bbox 424 626 2070 700">
     <span class='ocr_line' id='line_1_3' title="bbox 424 626 2070 700; baseline -0.005 -11"><span class='ocrx_word' id='word_1_10' title='bbox 424 632 691 689; x_wconf 82' lang='lat' dir='ltr'>Christus</span> <span class='ocrx_word' id='word_1_11' title='bbox 740 627 1021 685; x_wconf 88' lang='lat' dir='ltr'>Dominus</span> <span class='ocrx_word' id='word_1_12' title='bbox 1052 628 1111 683; x_wconf 92' lang='lat' dir='ltr'>in</span> <span class='ocrx_word' id='word_1_13' title='bbox 1152 633 1307 684; x_wconf 92' lang='lat' dir='ltr'>terra</span> <span class='ocrx_word' id='word_1_14' title='bbox 1354 627 1571 685; x_wconf 86' lang='lat' dir='ltr'>versari</span> <span class='ocrx_word' id='word_1_15' title='bbox 1621 628 1793 700; x_wconf 72' lang='lat' dir='ltr'>coepit</span> <span class='ocrx_word' id='word_1_16' title='bbox 1836 626 2070 695; x_wconf 79' lang='lat' dir='ltr'>(videte,</span> 
     </span>
    </p>
   </div>
   <div class='ocr_carea' id='block_1_4' title="bbox 426 715 2072 795">
    <p class='ocr_par' dir='ltr' id='par_1_4' title="bbox 426 715 2072 795">
     <span class='ocr_line' id='line_1_4' title="bbox 426 715 2072 795; baseline -0.005 -16"><span class='ocrx_word' id='word_1_17' title='bbox 426 738 643 795; x_wconf 69' lang='lat' dir='ltr'>quaeso,</span> <span class='ocrx_word' id='word_1_18' title='bbox 674 718 1057 791; x_wconf 87' lang='lat' dir='ltr'>repentinam,</span> <span class='ocrx_word' id='word_1_19' title='bbox 1082 716 1350 787; x_wconf 84' lang='lat' dir='ltr'>celerem,</span> <span class='ocrx_word' id='word_1_20' title='bbox 1378 717 1785 774; x_wconf 80' lang='lat' dir='ltr'>admirabilem</span> <span class='ocrx_word' id='word_1_21' title='bbox 1817 720 1873 773; x_wconf 89' lang='lat' dir='ltr'>et</span> <span class='ocrx_word' id='word_1_22' title='bbox 1900 715 2072 788; x_wconf 85' lang='lat' dir='ltr'>plane</span> 
     </span>
    </p>
   </div>
   <div class='ocr_carea' id='block_1_5' title="bbox 424 806 2072 881">
    <p class='ocr_par' dir='ltr' id='par_1_5' title="bbox 424 806 2072 881">
     <span class='ocr_line' id='line_1_5' title="bbox 424 806 2072 881; baseline -0.005 -12"><span class='ocrx_word' id='word_1_23' title='bbox 424 812 679 869; x_wconf 83' lang='lat' dir='ltr'>divinam</span> <span class='ocrx_word' id='word_1_24' title='bbox 739 809 990 866; x_wconf 84' lang='lat' dir='ltr'>hominis</span> <span class='ocrx_word' id='word_1_25' title='bbox 1038 810 1523 881; x_wconf 84' lang='lat' dir='ltr'>conversionem),</span> <span class='ocrx_word' id='word_1_26' title='bbox 1574 826 1706 865; x_wconf 93' lang='lat' dir='ltr'>cum</span> <span class='ocrx_word' id='word_1_27' title='bbox 1758 806 2072 881; x_wconf 66' lang='lat' dir='ltr'>prater-iret</span> 
     </span>
    </p>
   </div>
   <div class='ocr_carea' id='block_1_6' title="bbox 422 896 2073 975">
    <p class='ocr_par' dir='ltr' id='par_1_6' title="bbox 422 896 2073 975">
     <span class='ocr_line' id='line_1_6' title="bbox 422 896 2073 975; baseline -0.004 -17"><span class='ocrx_word' id='word_1_28' title='bbox 422 900 755 975; x_wconf 84' lang='lat' dir='ltr'>aliquando,</span> <span class='ocrx_word' id='word_1_29' title='bbox 786 904 842 956; x_wconf 88' lang='lat' dir='ltr'>et</span> <span class='ocrx_word' id='word_1_30' title='bbox 872 899 1108 955; x_wconf 89' lang='lat' dir='ltr'>intimas</span> <span class='ocrx_word' id='word_1_31' title='bbox 1153 899 1347 957; x_wconf 90' lang='lat' dir='ltr'>cordis</span> <span class='ocrx_word' id='word_1_32' title='bbox 1398 903 1591 970; x_wconf 87' lang='lat' dir='ltr'>partes</span> <span class='ocrx_word' id='word_1_33' title='bbox 1632 898 1948 971; x_wconf 88' lang='lat' dir='ltr'>inspiceret</span> <span class='ocrx_word' id='word_1_34' title='bbox 1976 896 2073 953; x_wconf 89' lang='lat' dir='ltr'>ho-</span> 
     </span>
    </p>
   </div>
   <div class='ocr_carea' id='block_1_7' title="bbox 425 986 2072 1059">
    <p class='ocr_par' dir='ltr' id='par_1_7' title="bbox 425 986 2072 1059">
     <span class='ocr_line' id='line_1_7' title="bbox 425 986 2072 1059; baseline -0.004 -12"><span class='ocrx_word' id='word_1_35' title='bbox 425 989 597 1047; x_wconf 84' lang='lat' dir='ltr'>minis</span> <span class='ocrx_word' id='word_1_36' title='bbox 624 989 685 1045; x_wconf 91' lang='lat' dir='ltr'>in</span> <span class='ocrx_word' id='word_1_37' title='bbox 716 988 933 1046; x_wconf 88' lang='lat' dir='ltr'>telonio</span> <span class='ocrx_word' id='word_1_38' title='bbox 968 988 1251 1057; x_wconf 84' lang='lat' dir='ltr'>sedentis,</span> <span class='ocrx_word' id='word_1_39' title='bbox 1274 1004 1521 1059; x_wconf 89' lang='lat' dir='ltr'>cumque</span> <span class='ocrx_word' id='word_1_40' title='bbox 1549 987 1782 1044; x_wconf 90' lang='lat' dir='ltr'>virtutis</span> <span class='ocrx_word' id='word_1_41' title='bbox 1813 986 2072 1043; x_wconf 88' lang='lat' dir='ltr'>studium</span> 
     </span>
    </p>
   </div>
   <div class='ocr_carea' id='block_1_8' title="bbox 426 1076 2069 1151">
    <p class='ocr_par' dir='ltr' id='par_1_8' title="bbox 426 1076 2069 1151">
     <span class='ocr_line' id='line_1_8' title="bbox 426 1076 2069 1151; baseline -0.003 -16"><span class='ocrx_word' id='word_1_42' title='bbox 426 1084 600 1151; x_wconf 91' lang='lat' dir='ltr'>atque</span> <span class='ocrx_word' id='word_1_43' title='bbox 647 1080 912 1134; x_wconf 92' lang='lat' dir='ltr'>ardorem</span> <span class='ocrx_word' id='word_1_44' title='bbox 945 1076 1004 1132; x_wconf 93' lang='lat' dir='ltr'>in</span> <span class='ocrx_word' id='word_1_45' title='bbox 1035 1078 1161 1148; x_wconf 84' lang='lat' dir='ltr'>ejus</span> <span class='ocrx_word' id='word_1_46' title='bbox 1214 1078 1408 1133; x_wconf 92' lang='lat' dir='ltr'>animo</span> <span class='ocrx_word' id='word_1_47' title='bbox 1457 1077 1751 1144; x_wconf 82' lang='lat' dir='ltr'>latentem,</span> <span class='ocrx_word' id='word_1_48' title='bbox 1784 1081 1848 1131; x_wconf 90' lang='lat' dir='ltr'>ut</span> <span class='ocrx_word' id='word_1_49' title='bbox 1878 1090 2069 1131; x_wconf 90' lang='lat' dir='ltr'>rerum</span> 
     </span>
    </p>
   </div>
   <div class='ocr_carea' id='block_1_9' title="bbox 425 1165 2072 1239">
    <p class='ocr_par' dir='ltr' id='par_1_9' title="bbox 425 1165 2072 1239">
     <span class='ocr_line' id='line_1_9' title="bbox 425 1165 2072 1239; baseline -0.003 -13"><span class='ocrx_word' id='word_1_50' title='bbox 425 1169 779 1226; x_wconf 88' lang='lat' dir='ltr'>occultarum</span> <span class='ocrx_word' id='word_1_51' title='bbox 830 1166 1092 1239; x_wconf 85' lang='lat' dir='ltr'>cognitor</span> <span class='ocrx_word' id='word_1_52' title='bbox 1138 1173 1190 1222; x_wconf 93' lang='lat' dir='ltr'>et</span> <span class='ocrx_word' id='word_1_53' title='bbox 1240 1166 1430 1222; x_wconf 90' lang='lat' dir='ltr'>cordis</span> <span class='ocrx_word' id='word_1_54' title='bbox 1479 1170 1893 1238; x_wconf 89' lang='lat' dir='ltr'>perscrutator,</span> <span class='ocrx_word' id='word_1_55' title='bbox 1927 1165 2072 1221; x_wconf 90' lang='lat' dir='ltr'>bene</span> 
     </span>
    </p>
   </div>
   <div class='ocr_carea' id='block_1_10' title="bbox 425 1256 2068 1331">
    <p class='ocr_par' dir='ltr' id='par_1_10' title="bbox 425 1256 2068 1331">
     <span class='ocr_line' id='line_1_10' title="bbox 425 1256 2068 1331; baseline -0.003 -16"><span class='ocrx_word' id='word_1_56' title='bbox 425 1262 821 1331; x_wconf 86' lang='lat' dir='ltr'>cognosceret,</span> <span class='ocrx_word' id='word_1_57' title='bbox 855 1262 910 1314; x_wconf 90' lang='lat' dir='ltr'>et</span> <span class='ocrx_word' id='word_1_58' title='bbox 956 1256 1283 1328; x_wconf 89' lang='lat' dir='ltr'>qualisnam</span> <span class='ocrx_word' id='word_1_59' title='bbox 1336 1272 1399 1312; x_wconf 79' lang='lat' dir='ltr'>ex</span> <span class='ocrx_word' id='word_1_60' title='bbox 1449 1272 1538 1324; x_wconf 88' lang='lat' dir='ltr'>eo,</span> <span class='ocrx_word' id='word_1_61' title='bbox 1588 1256 1687 1327; x_wconf 89' lang='lat' dir='ltr'>qui</span> <span class='ocrx_word' id='word_1_62' title='bbox 1738 1260 1877 1312; x_wconf 91' lang='lat' dir='ltr'>tunc</span> <span class='ocrx_word' id='word_1_63' title='bbox 1924 1258 2068 1323; x_wconf 85' lang='lat' dir='ltr'>erat,</span> 
     </span>
    </p>
   </div>
   <div class='ocr_carea' id='block_1_11' title="bbox 427 1344 2069 1421">
    <p class='ocr_par' dir='ltr' id='par_1_11' title="bbox 427 1344 2069 1421">
     <span class='ocr_line' id='line_1_11' title="bbox 427 1344 2069 1421; baseline -0.004 -16"><span class='ocrx_word' id='word_1_64' title='bbox 427 1354 627 1421; x_wconf 86' lang='lat' dir='ltr'>postea</span> <span class='ocrx_word' id='word_1_65' title='bbox 683 1350 916 1403; x_wconf 90' lang='lat' dir='ltr'>futurus</span> <span class='ocrx_word' id='word_1_66' title='bbox 976 1350 1149 1414; x_wconf 85' lang='lat' dir='ltr'>esset,</span> <span class='ocrx_word' id='word_1_67' title='bbox 1199 1347 1416 1417; x_wconf 89' lang='lat' dir='ltr'>optime</span> <span class='ocrx_word' id='word_1_68' title='bbox 1475 1346 1851 1417; x_wconf 83' lang='lat' dir='ltr'>prospiceret,</span> <span class='ocrx_word' id='word_1_69' title='bbox 1900 1344 2069 1399; x_wconf 92' lang='lat' dir='ltr'>illum</span> 
     </span>
    </p>
   </div>
   <div class='ocr_carea' id='block_1_12' title="bbox 424 1434 2068 1507">
    <p class='ocr_par' dir='ltr' id='par_1_12' title="bbox 424 1434 2068 1507">
     <span class='ocr_line' id='line_1_12' title="bbox 424 1434 2068 1507; baseline -0.004 -14"><span class='ocrx_word' id='word_1_70' title='bbox 424 1438 668 1502; x_wconf 89' lang='lat' dir='ltr'>vocavit,</span> <span class='ocrx_word' id='word_1_71' title='bbox 694 1455 759 1493; x_wconf 90' lang='lat' dir='ltr'>ac</span> <span class='ocrx_word' id='word_1_72' title='bbox 782 1438 947 1507; x_wconf 89' lang='lat' dir='ltr'>sequi</span> <span class='ocrx_word' id='word_1_73' title='bbox 972 1436 1251 1505; x_wconf 88' lang='lat' dir='ltr'>sejussit.</span> <span class='ocrx_word' id='word_1_74' title='bbox 1274 1437 1365 1489; x_wconf 89' lang='lat' dir='ltr'>Sic</span> <span class='ocrx_word' id='word_1_75' title='bbox 1392 1435 1547 1491; x_wconf 87' lang='lat' dir='ltr'>enim</span> <span class='ocrx_word' id='word_1_76' title='bbox 1572 1437 1641 1490; x_wconf 88' lang='lat' dir='ltr'>dc</span> <span class='ocrx_word' id='word_1_77' title='bbox 1664 1434 1760 1489; x_wconf 93' lang='lat' dir='ltr'>illo</span> <span class='ocrx_word' id='word_1_78' title='bbox 1790 1434 2068 1505; x_wconf 88' lang='lat' dir='ltr'>scriptum</span> 
     </span>
    </p>
   </div>
   <div class='ocr_carea' id='block_1_13' title="bbox 424 1510 2069 1599">
    <p class='ocr_par' dir='ltr' id='par_1_13' title="bbox 424 1510 2069 1599">
     <span class='ocr_line' id='line_1_13' title="bbox 424 1510 2069 1599; baseline -0.004 -16"><span class='ocrx_word' id='word_1_79' title='bbox 424 1510 712 1599; x_wconf 85' lang='lat' dir='ltr'>legimus:</span> <span class='ocrx_word' id='word_1_80' title='bbox 745 1546 766 1575; x_wconf 85' lang='grc' dir='ltr'>ι</span> <span class='ocrx_word' id='word_1_81' title='bbox 793 1528 933 1580; x_wconf 89' lang='lat' dir='ltr'>Cum</span> <span class='ocrx_word' id='word_1_82' title='bbox 970 1525 1247 1579; x_wconf 78' lang='lat' dir='ltr'>transiret</span> <span class='ocrx_word' id='word_1_83' title='bbox 1277 1524 1469 1588; x_wconf 84' lang='lat' dir='ltr'>Jesus,</span> <span class='ocrx_word' id='word_1_84' title='bbox 1494 1524 1635 1579; x_wconf 85' lang='lat' dir='ltr'>vidit</span> <span class='ocrx_word' id='word_1_85' title='bbox 1669 1523 2069 1592; x_wconf 87' lang='lat' dir='ltr'>publicanum,</span> 
     </span>
    </p>
   </div>
   <div class='ocr_carea' id='block_1_14' title="bbox 425 1611 2069 1684">
    <p class='ocr_par' dir='ltr' id='par_1_14' title="bbox 425 1611 2069 1684">
     <span class='ocr_line' id='line_1_14' title="bbox 425 1611 2069 1684; baseline -0.004 -12"><span class='ocrx_word' id='word_1_86' title='bbox 425 1618 657 1672; x_wconf 87' lang='lat' dir='ltr'>nomine</span> <span class='ocrx_word' id='word_1_87' title='bbox 705 1614 856 1684; x_wconf 90' lang='lat' dir='ltr'>Levi,</span> <span class='ocrx_word' id='word_1_88' title='bbox 910 1614 968 1669; x_wconf 91' lang='lat' dir='ltr'>in</span> <span class='ocrx_word' id='word_1_89' title='bbox 1038 1613 1254 1669; x_wconf 89' lang='lat' dir='ltr'>telonio</span> <span class='ocrx_word' id='word_1_90' title='bbox 1306 1614 1629 1681; x_wconf 88' lang='lat' dir='ltr'>sedentem,</span> <span class='ocrx_word' id='word_1_91' title='bbox 1671 1613 1837 1683; x_wconf 88' lang='lat' dir='ltr'>eique</span> <span class='ocrx_word' id='word_1_92' title='bbox 1884 1611 2069 1667; x_wconf 82' lang='lat' dir='ltr'>dixit:</span> 
     </span>
    </p>
   </div>
   <div class='ocr_carea' id='block_1_15' title="bbox 424 1702 2069 1777">
    <p class='ocr_par' dir='ltr' id='par_1_15' title="bbox 424 1702 2069 1777">
     <span class='ocr_line' id='line_1_15' title="bbox 424 1702 2069 1777; baseline -0.004 -15"><span class='ocrx_word' id='word_1_93' title='bbox 424 1708 669 1777; x_wconf 86' lang='lat' dir='ltr'>Sequere</span> <span class='ocrx_word' id='word_1_94' title='bbox 722 1722 835 1760; x_wconf 91' lang='lat' dir='ltr'>me.</span> <span class='ocrx_word' id='word_1_95' title='bbox 887 1727 915 1755; x_wconf 79' lang='grc'><strong>››</strong></span> <span class='ocrx_word' id='word_1_96' title='bbox 966 1702 1064 1758; x_wconf 88' lang='lat' dir='ltr'>Ille</span> <span class='ocrx_word' id='word_1_97' title='bbox 1117 1719 1251 1759; x_wconf 91' lang='lat' dir='ltr'>vero</span> <span class='ocrx_word' id='word_1_98' title='bbox 1308 1718 1423 1757; x_wconf 93' lang='lat' dir='ltr'>non</span> <span class='ocrx_word' id='word_1_99' title='bbox 1483 1702 1859 1774; x_wconf 87' lang='lat' dir='ltr'>pecuniarum</span> <span class='ocrx_word' id='word_1_100' title='bbox 1884 1702 2069 1773; x_wconf 90' lang='lat' dir='ltr'>copia,</span> 
     </span>
    </p>
   </div>
   <div class='ocr_carea' id='block_1_16' title="bbox 425 1791 2070 1866">
    <p class='ocr_par' dir='ltr' id='par_1_16' title="bbox 425 1791 2070 1866">
     <span class='ocr_line' id='line_1_16' title="bbox 425 1791 2070 1866; baseline -0.004 -15"><span class='ocrx_word' id='word_1_101' title='bbox 425 1813 540 1851; x_wconf 92' lang='lat' dir='ltr'>non</span> <span class='ocrx_word' id='word_1_102' title='bbox 585 1811 807 1859; x_wconf 91' lang='lat' dir='ltr'>eorum,</span> <span class='ocrx_word' id='word_1_103' title='bbox 861 1793 963 1866; x_wconf 91' lang='lat' dir='ltr'>qui</span> <span class='ocrx_word' id='word_1_104' title='bbox 1015 1792 1488 1859; x_wconf 88' lang='lat' dir='ltr'>circumstabant,</span> <span class='ocrx_word' id='word_1_105' title='bbox 1526 1791 1920 1858; x_wconf 84' lang='lat' dir='ltr'>multitudine,</span> <span class='ocrx_word' id='word_1_106' title='bbox 1952 1806 2070 1847; x_wconf 88' lang='lat' dir='ltr'>non</span> 
     </span>
    </p>
   </div>
   <div class='ocr_carea' id='block_1_17' title="bbox 422 1880 2068 1953">
    <p class='ocr_par' dir='ltr' id='par_1_17' title="bbox 422 1880 2068 1953">
     <span class='ocr_line' id='line_1_17' title="bbox 422 1880 2068 1953; baseline -0.004 -12"><span class='ocrx_word' id='word_1_107' title='bbox 422 1890 654 1941; x_wconf 85' lang='lat' dir='ltr'>terrena</span> <span class='ocrx_word' id='word_1_108' title='bbox 682 1888 738 1941; x_wconf 91' lang='lat' dir='ltr'>et</span> <span class='ocrx_word' id='word_1_109' title='bbox 770 1882 955 1953; x_wconf 84' lang='lat' dir='ltr'>fragili</span> <span class='ocrx_word' id='word_1_110' title='bbox 986 1882 1165 1953; x_wconf 89' lang='lat' dir='ltr'>hujus</span> <span class='ocrx_word' id='word_1_111' title='bbox 1198 1881 1401 1937; x_wconf 92' lang='lat' dir='ltr'>mundi</span> <span class='ocrx_word' id='word_1_112' title='bbox 1433 1880 1617 1953; x_wconf 88' lang='lat' dir='ltr'>gloria</span> <span class='ocrx_word' id='word_1_113' title='bbox 1648 1882 1919 1937; x_wconf 83' lang='lat' dir='ltr'>detentus</span> <span class='ocrx_word' id='word_1_114' title='bbox 1945 1883 2068 1947; x_wconf 87' lang='lat' dir='ltr'>est;</span> 
     </span>
    </p>
   </div>
   <div class='ocr_carea' id='block_1_18' title="bbox 425 1968 2071 2043">
    <p class='ocr_par' dir='ltr' id='par_1_18' title="bbox 425 1968 2071 2043">
     <span class='ocr_line' id='line_1_18' title="bbox 425 1968 2071 2043; baseline -0.004 -14"><span class='ocrx_word' id='word_1_115' title='bbox 425 1974 571 2029; x_wconf 89' lang='lat' dir='ltr'>nihil</span> <span class='ocrx_word' id='word_1_116' title='bbox 594 1974 842 2043; x_wconf 83' lang='lat' dir='ltr'>denique</span> <span class='ocrx_word' id='word_1_117' title='bbox 864 1972 1099 2028; x_wconf 90' lang='lat' dir='ltr'>illorum</span> <span class='ocrx_word' id='word_1_118' title='bbox 1122 1972 1383 2028; x_wconf 89' lang='lat' dir='ltr'>omnium</span> <span class='ocrx_word' id='word_1_119' title='bbox 1407 1970 1653 2036; x_wconf 78' lang='lat' dir='ltr'>curavit,</span> <span class='ocrx_word' id='word_1_120' title='bbox 1672 1986 1795 2040; x_wconf 68' lang='lat' dir='ltr'>quae</span> <span class='ocrx_word' id='word_1_121' title='bbox 1818 1968 1876 2024; x_wconf 90' lang='lat' dir='ltr'>in</span> <span class='ocrx_word' id='word_1_122' title='bbox 1904 1969 2071 2025; x_wconf 91' lang='lat' dir='ltr'>terris</span> 
     </span>
    </p>
   </div>
   <div class='ocr_carea' id='block_1_19' title="bbox 424 2058 2074 2130">
    <p class='ocr_par' dir='ltr' id='par_1_19' title="bbox 424 2058 2074 2130">
     <span class='ocr_line' id='line_1_19' title="bbox 424 2058 2074 2130; baseline -0.003 -12"><span class='ocrx_word' id='word_1_123' title='bbox 424 2063 746 2118; x_wconf 87' lang='lat' dir='ltr'>humanam</span> <span class='ocrx_word' id='word_1_124' title='bbox 810 2065 1063 2116; x_wconf 88' lang='lat' dir='ltr'>mentem</span> <span class='ocrx_word' id='word_1_125' title='bbox 1123 2060 1389 2116; x_wconf 88' lang='lat' dir='ltr'>servituti</span> <span class='ocrx_word' id='word_1_126' title='bbox 1448 2060 1755 2130; x_wconf 84' lang='lat' dir='ltr'>subjicere,</span> <span class='ocrx_word' id='word_1_127' title='bbox 1797 2063 1853 2114; x_wconf 90' lang='lat' dir='ltr'>et</span> <span class='ocrx_word' id='word_1_128' title='bbox 1894 2058 1967 2113; x_wconf 89' lang='lat' dir='ltr'>ad</span> <span class='ocrx_word' id='word_1_129' title='bbox 2015 2075 2074 2114; x_wconf 92' lang='lat' dir='ltr'>se</span> 
     </span>
    </p>
   </div>
   <div class='ocr_carea' id='block_1_20' title="bbox 423 2146 2072 2218">
    <p class='ocr_par' dir='ltr' id='par_1_20' title="bbox 423 2146 2072 2218">
     <span class='ocr_line' id='line_1_20' title="bbox 423 2146 2072 2218; baseline -0.004 -11"><span class='ocrx_word' id='word_1_130' title='bbox 423 2152 715 2207; x_wconf 87' lang='lat' dir='ltr'>attrahere</span> <span class='ocrx_word' id='word_1_131' title='bbox 746 2150 976 2206; x_wconf 88' lang='lat' dir='ltr'>solent:</span> <span class='ocrx_word' id='word_1_132' title='bbox 1013 2150 1113 2204; x_wconf 91' lang='lat' dir='ltr'>sed</span> <span class='ocrx_word' id='word_1_133' title='bbox 1146 2149 1251 2218; x_wconf 90' lang='lat' dir='ltr'>ita,</span> <span class='ocrx_word' id='word_1_134' title='bbox 1284 2152 1348 2203; x_wconf 92' lang='lat' dir='ltr'>ut</span> <span class='ocrx_word' id='word_1_135' title='bbox 1388 2152 1529 2213; x_wconf 89' lang='lat' dir='ltr'>erat,</span> <span class='ocrx_word' id='word_1_136' title='bbox 1563 2149 1765 2203; x_wconf 86' lang='lat' dir='ltr'>statim</span> <span class='ocrx_word' id='word_1_137' title='bbox 1799 2146 2072 2215; x_wconf 84' lang='lat' dir='ltr'>surrexit,</span> 
     </span>
    </p>
   </div>
   <div class='ocr_carea' id='block_1_21' title="bbox 424 2236 2077 2308">
    <p class='ocr_par' dir='ltr' id='par_1_21' title="bbox 424 2236 2077 2308">
     <span class='ocr_line' id='line_1_21' title="bbox 424 2236 2077 2308; baseline -0.003 -12"><span class='ocrx_word' id='word_1_138' title='bbox 424 2246 481 2295; x_wconf 88' lang='lat' dir='ltr'>et</span> <span class='ocrx_word' id='word_1_139' title='bbox 522 2245 759 2296; x_wconf 86' lang='lat' dir='ltr'>secutus</span> <span class='ocrx_word' id='word_1_140' title='bbox 807 2244 896 2294; x_wconf 90' lang='lat' dir='ltr'>est</span> <span class='ocrx_word' id='word_1_141' title='bbox 948 2237 1279 2293; x_wconf 90' lang='lat' dir='ltr'>Dominum.</span> <span class='ocrx_word' id='word_1_142' title='bbox 1322 2241 1448 2293; x_wconf 87' lang='lat' dir='ltr'>Non</span> <span class='ocrx_word' id='word_1_143' title='bbox 1480 2236 1652 2308; x_wconf 83' lang='lat' dir='ltr'>longa</span> <span class='ocrx_word' id='word_1_144' title='bbox 1682 2236 1943 2293; x_wconf 90' lang='lat' dir='ltr'>oratione</span> <span class='ocrx_word' id='word_1_145' title='bbox 1990 2236 2077 2291; x_wconf 90' lang='lat' dir='ltr'>illi</span> 
     </span>
    </p>
   </div>
   <div class='ocr_carea' id='block_1_22' title="bbox 423 2326 2075 2401">
    <p class='ocr_par' dir='ltr' id='par_1_22' title="bbox 423 2326 2075 2401">
     <span class='ocr_line' id='line_1_22' title="bbox 423 2326 2075 2401; baseline -0.004 -15"><span class='ocrx_word' id='word_1_146' title='bbox 423 2346 571 2401; x_wconf 90' lang='lat' dir='ltr'>opus</span> <span class='ocrx_word' id='word_1_147' title='bbox 603 2330 733 2396; x_wconf 89' lang='lat' dir='ltr'>fuit,</span> <span class='ocrx_word' id='word_1_148' title='bbox 759 2345 949 2400; x_wconf 88' lang='lat' dir='ltr'>neque</span> <span class='ocrx_word' id='word_1_149' title='bbox 974 2327 1159 2383; x_wconf 91' lang='lat' dir='ltr'>multo</span> <span class='ocrx_word' id='word_1_150' title='bbox 1191 2330 1472 2397; x_wconf 89' lang='lat' dir='ltr'>tempore,</span> <span class='ocrx_word' id='word_1_151' title='bbox 1506 2343 1620 2382; x_wconf 91' lang='lat' dir='ltr'>non</span> <span class='ocrx_word' id='word_1_152' title='bbox 1658 2326 2075 2381; x_wconf 90' lang='lat' dir='ltr'>miraculorum</span> 
     </span>
    </p>
   </div>
   <div class='ocr_carea' id='block_1_23' title="bbox 424 2415 2077 2489">
    <p class='ocr_par' dir='ltr' id='par_1_23' title="bbox 424 2415 2077 2489">
     <span class='ocr_line' id='line_1_23' title="bbox 424 2415 2077 2489; baseline -0.003 -15"><span class='ocrx_word' id='word_1_153' title='bbox 424 2417 805 2489; x_wconf 88' lang='lat' dir='ltr'>spectatione,</span> <span class='ocrx_word' id='word_1_154' title='bbox 840 2434 956 2472; x_wconf 91' lang='lat' dir='ltr'>non</span> <span class='ocrx_word' id='word_1_155' title='bbox 1012 2417 1265 2487; x_wconf 90' lang='lat' dir='ltr'>denique</span> <span class='ocrx_word' id='word_1_156' title='bbox 1314 2415 1683 2486; x_wconf 83' lang='lat' dir='ltr'>diligentiore</span> <span class='ocrx_word' id='word_1_157' title='bbox 1713 2419 1815 2470; x_wconf 92' lang='lat' dir='ltr'>aut</span> <span class='ocrx_word' id='word_1_158' title='bbox 1845 2415 2077 2470; x_wconf 80' lang='lat' dir='ltr'>diutur—</span> 
     </span>
    </p>
   </div>
   <div class='ocr_carea' id='block_1_24' title="bbox 426 2505 2077 2576">
    <p class='ocr_par' dir='ltr' id='par_1_24' title="bbox 426 2505 2077 2576">
     <span class='ocr_line' id='line_1_24' title="bbox 426 2505 2077 2576; baseline -0.002 -14"><span class='ocrx_word' id='word_1_159' title='bbox 426 2507 591 2563; x_wconf 91' lang='lat' dir='ltr'>niore</span> <span class='ocrx_word' id='word_1_160' title='bbox 640 2506 1103 2573; x_wconf 89' lang='lat' dir='ltr'>consuetudine;</span> <span class='ocrx_word' id='word_1_161' title='bbox 1138 2507 1238 2561; x_wconf 91' lang='lat' dir='ltr'>sed</span> <span class='ocrx_word' id='word_1_162' title='bbox 1282 2522 1415 2561; x_wconf 93' lang='lat' dir='ltr'>cum</span> <span class='ocrx_word' id='word_1_163' title='bbox 1458 2505 1711 2576; x_wconf 90' lang='lat' dir='ltr'>primum</span> <span class='ocrx_word' id='word_1_164' title='bbox 1758 2505 2077 2576; x_wconf 89' lang='lat' dir='ltr'>optabilem</span> 
     </span>
    </p>
   </div>
   <div class='ocr_carea' id='block_1_25' title="bbox 424 2594 2078 2667">
    <p class='ocr_par' dir='ltr' id='par_1_25' title="bbox 424 2594 2078 2667">
     <span class='ocr_line' id='line_1_25' title="bbox 424 2594 2078 2667; baseline -0.001 -16"><span class='ocrx_word' id='word_1_165' title='bbox 424 2597 586 2653; x_wconf 92' lang='lat' dir='ltr'>illam</span> <span class='ocrx_word' id='word_1_166' title='bbox 618 2600 674 2653; x_wconf 88' lang='lat' dir='ltr'>et</span> <span class='ocrx_word' id='word_1_167' title='bbox 697 2597 1015 2667; x_wconf 90' lang='lat' dir='ltr'>jucundam</span> <span class='ocrx_word' id='word_1_168' title='bbox 1051 2611 1247 2651; x_wconf 90' lang='lat' dir='ltr'>vocem</span> <span class='ocrx_word' id='word_1_169' title='bbox 1290 2594 1531 2660; x_wconf 87' lang='lat' dir='ltr'>audivit,</span> <span class='ocrx_word' id='word_1_170' title='bbox 1556 2617 1584 2645; x_wconf 87' lang='lat'><strong>«</strong></span> <span class='ocrx_word' id='word_1_171' title='bbox 1620 2595 1872 2665; x_wconf 88' lang='lat' dir='ltr'>Sequere</span> <span class='ocrx_word' id='word_1_172' title='bbox 1907 2609 2019 2662; x_wconf 90' lang='lat' dir='ltr'>me,</span> <span class='ocrx_word' id='word_1_173' title='bbox 2049 2614 2078 2643; x_wconf 86' lang='grc'><strong>››</strong></span> 
     </span>
    </p>
   </div>
   <div class='ocr_carea' id='block_1_26' title="bbox 424 2684 2080 2756">
    <p class='ocr_par' dir='ltr' id='par_1_26' title="bbox 424 2684 2080 2756">
     <span class='ocr_line' id='line_1_26' title="bbox 424 2684 2080 2756; baseline -0.001 -14"><span class='ocrx_word' id='word_1_174' title='bbox 424 2686 621 2742; x_wconf 87' lang='lat' dir='ltr'>statim</span> <span class='ocrx_word' id='word_1_175' title='bbox 669 2686 949 2743; x_wconf 88' lang='lat' dir='ltr'>telonium</span> <span class='ocrx_word' id='word_1_176' title='bbox 1002 2684 1335 2756; x_wconf 89' lang='lat' dir='ltr'>dereliquit,</span> <span class='ocrx_word' id='word_1_177' title='bbox 1370 2690 1425 2740; x_wconf 91' lang='lat' dir='ltr'>et</span> <span class='ocrx_word' id='word_1_178' title='bbox 1474 2685 1769 2756; x_wconf 80' lang='lat' dir='ltr'>exigendae</span> <span class='ocrx_word' id='word_1_179' title='bbox 1818 2684 2080 2756; x_wconf 69' lang='lat' dir='ltr'>pecunias</span> 
     </span>
    </p>
   </div>
   <div class='ocr_carea' id='block_1_27' title="bbox 423 2772 2086 2846">
    <p class='ocr_par' dir='ltr' id='par_1_27' title="bbox 423 2772 2086 2846">
     <span class='ocr_line' id='line_1_27' title="bbox 423 2772 2086 2846; baseline -0.001 -16"><span class='ocrx_word' id='word_1_180' title='bbox 423 2773 635 2841; x_wconf 85' lang='lat' dir='ltr'>socios,</span> <span class='ocrx_word' id='word_1_181' title='bbox 722 2790 1077 2846; x_wconf 90' lang='lat' dir='ltr'>omnemque</span> <span class='ocrx_word' id='word_1_182' title='bbox 1156 2772 1396 2829; x_wconf 91' lang='lat' dir='ltr'>honoris</span> <span class='ocrx_word' id='word_1_183' title='bbox 1483 2773 1713 2843; x_wconf 88' lang='lat' dir='ltr'>pristini</span> <span class='ocrx_word' id='word_1_184' title='bbox 1797 2773 2086 2845; x_wconf 90' lang='lat' dir='ltr'>cupidita-</span> 
     </span>
    </p>
   </div>
   <div class='ocr_carea' id='block_1_28' title="bbox 1721 338 2547 409">
    <p class='ocr_par' dir='ltr' id='par_1_28' title="bbox 1721 338 2547 409">
     <span class='ocr_line' id='line_1_28' title="bbox 1721 338 2547 409; baseline 0.008 -9"><span class='ocrx_word' id='word_1_185' title='bbox 1721 338 2003 401; x_wconf 87' lang='lat' dir='ltr'>MENSIS</span> <span class='ocrx_word' id='word_1_186' title='bbox 2052 338 2547 409; x_wconf 81' lang='lat' dir='ltr'>SEPTEMBER.</span> 
     </span>
    </p>
   </div>
   <div class='ocr_carea' id='block_1_29' title="bbox 426 443 2345 521">
    <p class='ocr_par' dir='ltr' id='par_1_29' title="bbox 426 443 2345 521">
     <span class='ocr_line' id='line_1_29' title="bbox 426 443 2345 521; baseline -0.004 -18"><span class='ocrx_word' id='word_1_187' title='bbox 426 448 508 505; x_wconf 91' lang='lat' dir='ltr'>ita</span> <span class='ocrx_word' id='word_1_188' title='bbox 538 452 837 521; x_wconf 66' lang='lat' dir='ltr'>praestans,</span> <span class='ocrx_word' id='word_1_189' title='bbox 870 449 935 503; x_wconf 91' lang='lat' dir='ltr'>ut</span> <span class='ocrx_word' id='word_1_190' title='bbox 965 446 1116 501; x_wconf 89' lang='lat' dir='ltr'>inter</span> <span class='ocrx_word' id='word_1_191' title='bbox 1145 445 1481 516; x_wconf 89' lang='lat' dir='ltr'>publicanos</span> <span class='ocrx_word' id='word_1_192' title='bbox 1521 444 1837 516; x_wconf 90' lang='lat' dir='ltr'>principem</span> <span class='ocrx_word' id='word_1_193' title='bbox 1872 444 2061 499; x_wconf 91' lang='lat' dir='ltr'>locum</span> <span class='ocrx_word' id='word_1_194' title='bbox 2094 444 2153 509; x_wconf 84' lang='lat' dir='ltr'><strong>A</strong></span> <span class='ocrx_word' id='word_1_195' title='bbox 2177 443 2345 518; x_wconf 85' lang='grc' dir='ltr'>τέχνη</span> 
     </span>
    </p>
   </div>
   <div class='ocr_carea' id='block_1_30' title="bbox 3714 347 3843 407">
    <p class='ocr_par' dir='ltr' id='par_1_30' title="bbox 3714 347 3843 407">
     <span class='ocr_line' id='line_1_30' title="bbox 3714 347 3843 407; baseline 0.016 -2"><span class='ocrx_word' id='word_1_196' title='bbox 3714 347 3843 407; x_wconf 74' lang='grc'>816</span> 
     </span>
    </p>
   </div>
   <div class='ocr_carea' id='block_1_31' title="bbox 2430 445 3641 518">
    <p class='ocr_par' dir='ltr' id='par_1_31' title="bbox 2430 445 3641 518">
     <span class='ocr_line' id='line_1_31' title="bbox 2430 445 3641 518; baseline 0 -17"><span class='ocrx_word' id='word_1_197' title='bbox 2430 489 2443 501; x_wconf 94' lang='grc'>.</span> <span class='ocrx_word' id='word_1_198' title='bbox 2526 488 2539 501; x_wconf 92' lang='grc'><strong>.</strong></span> <span class='ocrx_word' id='word_1_199' title='bbox 2619 489 2635 506; x_wconf 94' lang='grc'><strong>.</strong></span> <span class='ocrx_word' id='word_1_200' title='bbox 2714 489 2727 504; x_wconf 94' lang='grc'><strong>.</strong></span> <span class='ocrx_word' id='word_1_201' title='bbox 2808 488 2824 504; x_wconf 92' lang='grc'>.</span> <span class='ocrx_word' id='word_1_202' title='bbox 2902 465 3144 518; x_wconf 87' lang='grc' dir='ltr'>.μενος,</span> <span class='ocrx_word' id='word_1_203' title='bbox 3195 445 3285 500; x_wconf 83' lang='grc' dir='ltr'>καὶ</span> <span class='ocrx_word' id='word_1_204' title='bbox 3333 447 3456 506; x_wconf 86' lang='grc' dir='ltr'>νοὸς</span> <span class='ocrx_word' id='word_1_205' title='bbox 3534 488 3550 503; x_wconf 93' lang='grc'><strong>.</strong></span> <span class='ocrx_word' id='word_1_206' title='bbox 3626 488 3641 501; x_wconf 92' lang='grc'><strong>.</strong></span> 
     </span>
    </p>
   </div>
   <div class='ocr_carea' id='block_1_32' title="bbox 2671 534 3839 611">
    <p class='ocr_par' dir='ltr' id='par_1_32' title="bbox 2671 534 3839 611">
     <span class='ocr_line' id='line_1_32' title="bbox 2671 534 3839 611; baseline 0.001 -19"><span class='ocrx_word' id='word_1_207' title='bbox 2671 578 2684 592; x_wconf 94' lang='grc'><strong>.</strong></span> <span class='ocrx_word' id='word_1_208' title='bbox 2772 534 2863 590; x_wconf 84' lang='grc' dir='ltr'>καὶ</span> <span class='ocrx_word' id='word_1_209' title='bbox 2922 534 3262 611; x_wconf 78' lang='grc' dir='ltr'>πραγμάτων</span> <span class='ocrx_word' id='word_1_210' title='bbox 3330 535 3684 611; x_wconf 73' lang='grc' dir='ltr'>πολυπειρία,</span> <span class='ocrx_word' id='word_1_211' title='bbox 3733 538 3839 605; x_wconf 72' lang='grc' dir='ltr'>τὴν</span> 
     </span>
    </p>
   </div>
   <div class='ocr_carea' id='block_1_33' title="bbox 2178 624 3840 701">
    <p class='ocr_par' dir='ltr' id='par_1_33' title="bbox 2178 624 3840 701">
     <span class='ocr_line' id='line_1_33' title="bbox 2178 624 3840 701; baseline 0.002 -24"><span class='ocrx_word' id='word_1_212' title='bbox 2178 625 2402 697; x_wconf 87' lang='grc' dir='ltr'>πρώτην</span> <span class='ocrx_word' id='word_1_213' title='bbox 2454 627 2597 701; x_wconf 85' lang='grc' dir='ltr'>παρᾶ</span> <span class='ocrx_word' id='word_1_214' title='bbox 2640 624 2908 689; x_wconf 82' lang='grc' dir='ltr'>τελώναις</span> <span class='ocrx_word' id='word_1_215' title='bbox 2952 624 3098 695; x_wconf 81' lang='grc' dir='ltr'>τάξιν</span> <span class='ocrx_word' id='word_1_216' title='bbox 3154 625 3368 701; x_wconf 70' lang='grc' dir='ltr'>ἐπέχων</span> <span class='ocrx_word' id='word_1_217' title='bbox 3404 646 3416 659; x_wconf 93' lang='grc'><strong>·</strong></span> <span class='ocrx_word' id='word_1_218' title='bbox 3464 626 3582 682; x_wconf 66' lang='grc' dir='ltr'>ἐπεὶ</span> <span class='ocrx_word' id='word_1_219' title='bbox 3633 625 3689 682; x_wconf 75' lang='grc' dir='ltr'>δὲ</span> <span class='ocrx_word' id='word_1_220' title='bbox 3738 630 3840 691; x_wconf 68' lang='grc' dir='ltr'>τὰς</span> 
     </span>
    </p>
   </div>
   <div class='ocr_carea' id='block_1_34' title="bbox 2179 710 3839 793">
    <p class='ocr_par' dir='ltr' id='par_1_34' title="bbox 2179 710 3839 793">
     <span class='ocr_line' id='line_1_34' title="bbox 2179 710 3839 793; baseline 0.003 -27"><span class='ocrx_word' id='word_1_221' title='bbox 2179 712 2267 767; x_wconf 79' lang='grc' dir='ltr'>ἐπὶ</span> <span class='ocrx_word' id='word_1_222' title='bbox 2317 715 2561 790; x_wconf 81' lang='grc' dir='ltr'>σωτηρίᾳ</span> <span class='ocrx_word' id='word_1_223' title='bbox 2598 720 2696 771; x_wconf 78' lang='grc' dir='ltr'>τοῦ</span> <span class='ocrx_word' id='word_1_224' title='bbox 2756 714 2969 789; x_wconf 79' lang='grc' dir='ltr'>κόσμου</span> <span class='ocrx_word' id='word_1_225' title='bbox 3020 710 3302 789; x_wconf 73' lang='grc' dir='ltr'>διατριϐὰς</span> <span class='ocrx_word' id='word_1_226' title='bbox 3348 716 3485 771; x_wconf 73' lang='grc' dir='ltr'>κατὰ</span> <span class='ocrx_word' id='word_1_227' title='bbox 3534 723 3637 793; x_wconf 79' lang='grc' dir='ltr'>γῆν</span> <span class='ocrx_word' id='word_1_228' title='bbox 3683 718 3839 793; x_wconf 75' lang='grc' dir='ltr'>εἶχεν</span> 
     </span>
    </p>
   </div>
   <div class='ocr_carea' id='block_1_35' title="bbox 2180 800 3837 881">
    <p class='ocr_par' dir='ltr' id='par_1_35' title="bbox 2180 800 3837 881">
     <span class='ocr_line' id='line_1_35' title="bbox 2180 800 3837 881; baseline 0.004 -26"><span class='ocrx_word' id='word_1_229' title='bbox 2180 802 2208 855; x_wconf 98' lang='lat'>6</span> <span class='ocrx_word' id='word_1_230' title='bbox 2268 803 2471 877; x_wconf 76' lang='grc' dir='ltr'>Κύριος</span> <span class='ocrx_word' id='word_1_231' title='bbox 2556 806 2741 880; x_wconf 82' lang='grc' dir='ltr'>(ὁρᾶτε</span> <span class='ocrx_word' id='word_1_232' title='bbox 2815 804 2878 860; x_wconf 88' lang='grc' dir='ltr'>τὸ</span> <span class='ocrx_word' id='word_1_233' title='bbox 2941 811 3041 874; x_wconf 80' lang='grc' dir='ltr'>τῆς</span> <span class='ocrx_word' id='word_1_234' title='bbox 3100 800 3419 877; x_wconf 73' lang='grc' dir='ltr'>μεταϐολῆς</span> <span class='ocrx_word' id='word_1_235' title='bbox 3486 810 3582 861; x_wconf 89' lang='grc' dir='ltr'>τοῦ</span> <span class='ocrx_word' id='word_1_236' title='bbox 3638 805 3837 881; x_wconf 85' lang='grc' dir='ltr'>ἀνδρὸς</span> 
     </span>
    </p>
   </div>
   <div class='ocr_carea' id='block_1_36' title="bbox 2179 887 3842 973">
    <p class='ocr_par' dir='ltr' id='par_1_36' title="bbox 2179 887 3842 973">
     <span class='ocr_line' id='line_1_36' title="bbox 2179 887 3842 973; baseline 0.005 -28"><span class='ocrx_word' id='word_1_237' title='bbox 2179 887 2376 965; x_wconf 82' lang='grc' dir='ltr'>ἀθρόον</span> <span class='ocrx_word' id='word_1_238' title='bbox 2409 893 2483 957; x_wconf 86' lang='grc' dir='ltr'>ὡς</span> <span class='ocrx_word' id='word_1_239' title='bbox 2515 894 2781 973; x_wconf 74' lang='grc' dir='ltr'>ὑπερφυὲς</span> <span class='ocrx_word' id='word_1_240' title='bbox 2804 894 2895 948; x_wconf 74' lang='grc' dir='ltr'>καὶ</span> <span class='ocrx_word' id='word_1_241' title='bbox 2936 891 3285 969; x_wconf 84' lang='grc' dir='ltr'>παράδοξον).</span> <span class='ocrx_word' id='word_1_242' title='bbox 3322 895 3383 953; x_wconf 69' lang='grc' dir='ltr'>Ὀ</span> <span class='ocrx_word' id='word_1_243' title='bbox 3418 896 3514 969; x_wconf 77' lang='grc' dir='ltr'>μὶν</span> <span class='ocrx_word' id='word_1_244' title='bbox 3554 898 3657 972; x_wconf 80' lang='grc' dir='ltr'>γὰρ</span> <span class='ocrx_word' id='word_1_245' title='bbox 3699 917 3842 972; x_wconf 88' lang='grc' dir='ltr'>παρ-</span> 
     </span>
    </p>
   </div>
   <div class='ocr_carea' id='block_1_37' title="bbox 2180 980 3838 1059">
    <p class='ocr_par' dir='ltr' id='par_1_37' title="bbox 2180 980 3838 1059">
     <span class='ocr_line' id='line_1_37' title="bbox 2180 980 3838 1059; baseline 0.005 -26"><span class='ocrx_word' id='word_1_246' title='bbox 2180 980 2322 1054; x_wconf 88' lang='grc' dir='ltr'>άγων</span> <span class='ocrx_word' id='word_1_247' title='bbox 2385 986 2464 1054; x_wconf 80' lang='grc' dir='ltr'>τῷ</span> <span class='ocrx_word' id='word_1_248' title='bbox 2537 984 2687 1057; x_wconf 87' lang='grc' dir='ltr'>βάθει</span> <span class='ocrx_word' id='word_1_249' title='bbox 2756 990 2857 1053; x_wconf 80' lang='grc' dir='ltr'>τῆς</span> <span class='ocrx_word' id='word_1_250' title='bbox 2931 987 3028 1038; x_wconf 87' lang='grc' dir='ltr'>τοῦ</span> <span class='ocrx_word' id='word_1_251' title='bbox 3103 981 3298 1058; x_wconf 77' lang='grc' dir='ltr'>ἀνδρὸς</span> <span class='ocrx_word' id='word_1_252' title='bbox 3364 982 3589 1059; x_wconf 75' lang='grc' dir='ltr'>καρδίας</span> <span class='ocrx_word' id='word_1_253' title='bbox 3660 984 3838 1042; x_wconf 81' lang='grc' dir='ltr'>ἐνεῖδε</span> 
     </span>
    </p>
   </div>
   <div class='ocr_carea' id='block_1_38' title="bbox 2178 1071 3840 1149">
    <p class='ocr_par' dir='ltr' id='par_1_38' title="bbox 2178 1071 3840 1149">
     <span class='ocr_line' id='line_1_38' title="bbox 2178 1071 3840 1149; baseline 0.004 -25"><span class='ocrx_word' id='word_1_254' title='bbox 2178 1072 2325 1145; x_wconf 78' lang='grc' dir='ltr'>παρὰ</span> <span class='ocrx_word' id='word_1_255' title='bbox 2388 1072 2452 1126; x_wconf 85' lang='grc' dir='ltr'>τὸ</span> <span class='ocrx_word' id='word_1_256' title='bbox 2517 1071 2777 1129; x_wconf 82' lang='grc' dir='ltr'>τελώνιον</span> <span class='ocrx_word' id='word_1_257' title='bbox 2849 1072 3294 1149; x_wconf 77' lang='grc' dir='ltr'>προκαθημένου,</span> <span class='ocrx_word' id='word_1_258' title='bbox 3350 1074 3441 1129; x_wconf 83' lang='grc' dir='ltr'>καὶ</span> <span class='ocrx_word' id='word_1_259' title='bbox 3507 1075 3599 1130; x_wconf 86' lang='grc' dir='ltr'>τὸν</span> <span class='ocrx_word' id='word_1_260' title='bbox 3685 1076 3840 1130; x_wconf 82' lang='grc' dir='ltr'>ὑπο·-</span> 
     </span>
    </p>
   </div>
   <div class='ocr_carea' id='block_1_39' title="bbox 2179 1163 3842 1239">
    <p class='ocr_par' dir='ltr' id='par_1_39' title="bbox 2179 1163 3842 1239">
     <span class='ocr_line' id='line_1_39' title="bbox 2179 1163 3842 1239; baseline 0.002 -24"><span class='ocrx_word' id='word_1_261' title='bbox 2179 1163 2487 1234; x_wconf 74' lang='grc' dir='ltr'>καθημενον</span> <span class='ocrx_word' id='word_1_262' title='bbox 2544 1170 2645 1232; x_wconf 75' lang='grc' dir='ltr'>τῆς</span> <span class='ocrx_word' id='word_1_263' title='bbox 2704 1164 2901 1238; x_wconf 85' lang='grc' dir='ltr'>ἀρετῆς</span> <span class='ocrx_word' id='word_1_264' title='bbox 2958 1164 3107 1235; x_wconf 76' lang='grc' dir='ltr'>αὖτῷ</span> <span class='ocrx_word' id='word_1_265' title='bbox 3178 1163 3345 1233; x_wconf 87' lang='grc' dir='ltr'>ζῆλον</span> <span class='ocrx_word' id='word_1_266' title='bbox 3418 1166 3508 1219; x_wconf 81' lang='grc' dir='ltr'>οἶα</span> <span class='ocrx_word' id='word_1_267' title='bbox 3584 1166 3842 1239; x_wconf 83' lang='grc' dir='ltr'>γνώστης</span> 
     </span>
    </p>
   </div>
   <div class='ocr_carea' id='block_1_40' title="bbox 2180 1249 3840 1330">
    <p class='ocr_par' dir='ltr' id='par_1_40' title="bbox 2180 1249 3840 1330">
     <span class='ocr_line' id='line_1_40' title="bbox 2180 1249 3840 1330; baseline 0.003 -27"><span class='ocrx_word' id='word_1_268' title='bbox 2180 1250 2421 1328; x_wconf 76' lang='grc' dir='ltr'>κρυφίων</span> <span class='ocrx_word' id='word_1_269' title='bbox 2477 1250 2568 1306; x_wconf 83' lang='grc' dir='ltr'>καὶ</span> <span class='ocrx_word' id='word_1_270' title='bbox 2625 1249 2861 1326; x_wconf 75' lang='grc' dir='ltr'>καρδιῶν</span> <span class='ocrx_word' id='word_1_271' title='bbox 2923 1251 3207 1323; x_wconf 73' lang='grc' dir='ltr'>ἐξεταστὴς</span> <span class='ocrx_word' id='word_1_272' title='bbox 3276 1249 3517 1327; x_wconf 73' lang='grc' dir='ltr'>ἀκριϐῶς</span> <span class='ocrx_word' id='word_1_273' title='bbox 3576 1252 3840 1330; x_wconf 82' lang='grc' dir='ltr'>ἐγνωκὼς</span> 
     </span>
    </p>
   </div>
   <div class='ocr_carea' id='block_1_41' title="bbox 2179 1339 3841 1417">
    <p class='ocr_par' dir='ltr' id='par_1_41' title="bbox 2179 1339 3841 1417">
     <span class='ocr_line' id='line_1_41' title="bbox 2179 1339 3841 1417; baseline 0.004 -24"><span class='ocrx_word' id='word_1_274' title='bbox 2179 1340 2269 1393; x_wconf 88' lang='grc' dir='ltr'>καὶ</span> <span class='ocrx_word' id='word_1_275' title='bbox 2320 1342 2437 1402; x_wconf 76' lang='grc' dir='ltr'>οἷος</span> <span class='ocrx_word' id='word_1_276' title='bbox 2486 1339 2547 1394; x_wconf 78' lang='grc' dir='ltr'>ἂν</span> <span class='ocrx_word' id='word_1_277' title='bbox 2604 1339 2656 1412; x_wconf 78' lang='grc' dir='ltr'>ἐξ</span> <span class='ocrx_word' id='word_1_278' title='bbox 2714 1340 2832 1396; x_wconf 80' lang='grc' dir='ltr'>οἷόυ</span> <span class='ocrx_word' id='word_1_279' title='bbox 2903 1343 3117 1417; x_wconf 77' lang='grc' dir='ltr'>γὲνοιτο</span> <span class='ocrx_word' id='word_1_280' title='bbox 3165 1340 3457 1416; x_wconf 79' lang='grc' dir='ltr'>προειδὼς,</span> <span class='ocrx_word' id='word_1_281' title='bbox 3514 1342 3674 1398; x_wconf 83' lang='grc' dir='ltr'>καλεῖ</span> <span class='ocrx_word' id='word_1_282' title='bbox 3737 1347 3841 1417; x_wconf 78' lang='grc' dir='ltr'>μὶν</span> 
     </span>
    </p>
   </div>
   <div class='ocr_carea' id='block_1_42' title="bbox 2180 1428 3838 1509">
    <p class='ocr_par' dir='ltr' id='par_1_42' title="bbox 2180 1428 3838 1509">
     <span class='ocr_line' id='line_1_42' title="bbox 2180 1428 3838 1509; baseline 0.005 -27"><span class='ocrx_word' id='word_1_283' title='bbox 2180 1428 2338 1483; x_wconf 78' lang='grc' dir='ltr'>αὐτὸν</span> <span class='ocrx_word' id='word_1_284' title='bbox 2370 1428 2688 1485; x_wconf 83' lang='grc' dir='ltr'>ἀκολουθεῖν</span> <span class='ocrx_word' id='word_1_285' title='bbox 2721 1429 3140 1506; x_wconf 80' lang='grc' dir='ltr'>ἐντελλόμενος.</span> <span class='ocrx_word' id='word_1_286' title='bbox 3189 1454 3215 1486; x_wconf 77' lang='grc' dir='ltr'>ι</span> <span class='ocrx_word' id='word_1_287' title='bbox 3264 1433 3524 1508; x_wconf 82' lang='grc' dir='ltr'>Παράγων</span> <span class='ocrx_word' id='word_1_288' title='bbox 3563 1434 3689 1507; x_wconf 74' lang='grc' dir='ltr'>γάρ,</span> <span class='ocrx_word' id='word_1_289' title='bbox 3727 1456 3838 1509; x_wconf 70' lang='grc' dir='ltr'>φη-</span> 
     </span>
    </p>
   </div>
   <div class='ocr_carea' id='block_1_43' title="bbox 2182 1518 3845 1588">
    <p class='ocr_par' dir='ltr' id='par_1_43' title="bbox 2182 1518 3845 1588">
     <span class='ocr_line' id='line_1_43' title="bbox 2182 1518 3845 1588; baseline 0.003 -17"><span class='ocrx_word' id='word_1_290' title='bbox 2182 1518 2286 1585; x_wconf 75' lang='grc' dir='ltr'>σὶν,</span> <span class='ocrx_word' id='word_1_291' title='bbox 2329 1519 2356 1572; x_wconf 89' lang='grc' dir='ltr'>ὁ</span> <span class='ocrx_word' id='word_1_292' title='bbox 2382 1520 2593 1588; x_wconf 84' lang='grc' dir='ltr'>Ἰησοῦς</span> <span class='ocrx_word' id='word_1_293' title='bbox 2629 1518 2763 1574; x_wconf 76' lang='grc' dir='ltr'>εἶδεν</span> <span class='ocrx_word' id='word_1_294' title='bbox 2798 1522 2926 1575; x_wconf 76' lang='grc' dir='ltr'><strong>Λευῖ</strong></span> <span class='ocrx_word' id='word_1_295' title='bbox 2954 1521 3045 1575; x_wconf 88' lang='grc' dir='ltr'>τὸν</span> <span class='ocrx_word' id='word_1_296' title='bbox 3086 1523 3359 1584; x_wconf 83' lang='grc' dir='ltr'>Ματθαῖον</span> <span class='ocrx_word' id='word_1_297' title='bbox 3419 1521 3505 1576; x_wconf 76' lang='grc' dir='ltr'>ἐπὶ</span> <span class='ocrx_word' id='word_1_298' title='bbox 3556 1523 3619 1577; x_wconf 89' lang='grc' dir='ltr'>τὸ</span> <span class='ocrx_word' id='word_1_299' title='bbox 3659 1524 3845 1578; x_wconf 85' lang='grc' dir='ltr'>τελώ-</span> 
     </span>
    </p>
   </div>
   <div class='ocr_carea' id='block_1_44' title="bbox 2178 1609 3841 1685">
    <p class='ocr_par' dir='ltr' id='par_1_44' title="bbox 2178 1609 3841 1685">
     <span class='ocr_line' id='line_1_44' title="bbox 2178 1609 3841 1685; baseline 0.002 -25"><span class='ocrx_word' id='word_1_300' title='bbox 2178 1627 2293 1661; x_wconf 89' lang='grc' dir='ltr'>νιον</span> <span class='ocrx_word' id='word_1_301' title='bbox 2339 1610 2670 1680; x_wconf 82' lang='grc' dir='ltr'>καθήμενον,</span> <span class='ocrx_word' id='word_1_302' title='bbox 2704 1611 2790 1665; x_wconf 85' lang='grc' dir='ltr'>καὶ</span> <span class='ocrx_word' id='word_1_303' title='bbox 2846 1609 2990 1685; x_wconf 75' lang='grc' dir='ltr'>λὲγει</span> <span class='ocrx_word' id='word_1_304' title='bbox 3032 1611 3181 1682; x_wconf 82' lang='grc' dir='ltr'>αὐτῷ</span> <span class='ocrx_word' id='word_1_305' title='bbox 3214 1626 3227 1641; x_wconf 92' lang='grc'>·</span> <span class='ocrx_word' id='word_1_306' title='bbox 3281 1610 3598 1668; x_wconf 78' lang='grc' dir='ltr'>Ἀκολούθει</span> <span class='ocrx_word' id='word_1_307' title='bbox 3644 1634 3763 1684; x_wconf 88' lang='grc' dir='ltr'>μοι.</span> <span class='ocrx_word' id='word_1_308' title='bbox 3810 1637 3841 1664; x_wconf 73' lang='grc' dir='ltr'>η</span> 
     </span>
    </p>
   </div>
   <div class='ocr_carea' id='block_1_45' title="bbox 2178 1694 3840 1775">
    <p class='ocr_par' dir='ltr' id='par_1_45' title="bbox 2178 1694 3840 1775">
     <span class='ocr_line' id='line_1_45' title="bbox 2178 1694 3840 1775; baseline 0 -22"><span class='ocrx_word' id='word_1_309' title='bbox 2178 1698 2240 1753; x_wconf 72' lang='grc' dir='ltr'>Ὀ</span> <span class='ocrx_word' id='word_1_310' title='bbox 2327 1694 2383 1751; x_wconf 78' lang='grc' dir='ltr'>δὲ</span> <span class='ocrx_word' id='word_1_311' title='bbox 2451 1697 2513 1752; x_wconf 79' lang='grc' dir='ltr'>οὐ</span> <span class='ocrx_word' id='word_1_312' title='bbox 2582 1700 2891 1773; x_wconf 88' lang='grc' dir='ltr'>χρημάτων</span> <span class='ocrx_word' id='word_1_313' title='bbox 2970 1697 3210 1769; x_wconf 71' lang='grc' dir='ltr'>πληθὺν,</span> <span class='ocrx_word' id='word_1_314' title='bbox 3271 1699 3332 1754; x_wconf 76' lang='grc' dir='ltr'>οὗ</span> <span class='ocrx_word' id='word_1_315' title='bbox 3418 1699 3840 1775; x_wconf 83' lang='grc' dir='ltr'>περιστηκότων</span> 
     </span>
    </p>
   </div>
   <div class='ocr_carea' id='block_1_46' title="bbox 2098 1783 3840 1884">
    <p class='ocr_par' dir='ltr' id='par_1_46' title="bbox 2098 1783 3840 1884">
     <span class='ocr_line' id='line_1_46' title="bbox 2098 1783 3840 1884; baseline 0.002 -46"><span class='ocrx_word' id='word_1_316' title='bbox 2098 1818 2151 1884; x_wconf 86' lang='grc' dir='ltr'><strong>Β</strong></span> <span class='ocrx_word' id='word_1_317' title='bbox 2184 1783 2386 1860; x_wconf 83' lang='grc' dir='ltr'>ὄχλον,</span> <span class='ocrx_word' id='word_1_318' title='bbox 2419 1785 2480 1840; x_wconf 82' lang='grc' dir='ltr'>οὐ</span> <span class='ocrx_word' id='word_1_319' title='bbox 2528 1789 2626 1857; x_wconf 76' lang='grc' dir='ltr'>τὴν</span> <span class='ocrx_word' id='word_1_320' title='bbox 2688 1789 2869 1863; x_wconf 86' lang='grc' dir='ltr'>χαμαὶ</span> <span class='ocrx_word' id='word_1_321' title='bbox 2922 1788 3227 1862; x_wconf 71' lang='grc' dir='ltr'>συρομένην</span> <span class='ocrx_word' id='word_1_322' title='bbox 3283 1786 3438 1859; x_wconf 81' lang='grc' dir='ltr'>δόξαν</span> <span class='ocrx_word' id='word_1_323' title='bbox 3486 1789 3687 1859; x_wconf 82' lang='grc' dir='ltr'>ταύτην</span> <span class='ocrx_word' id='word_1_324' title='bbox 3745 1788 3840 1843; x_wconf 81' lang='grc' dir='ltr'>καῖ</span> 
     </span>
    </p>
   </div>
   <div class='ocr_carea' id='block_1_47' title="bbox 2185 1872 3837 1951">
    <p class='ocr_par' dir='ltr' id='par_1_47' title="bbox 2185 1872 3837 1951">
     <span class='ocr_line' id='line_1_47' title="bbox 2185 1872 3837 1951; baseline 0.001 -22"><span class='ocrx_word' id='word_1_325' title='bbox 2185 1874 2431 1949; x_wconf 72' lang='grc' dir='ltr'>ῥέουσαν,</span> <span class='ocrx_word' id='word_1_326' title='bbox 2475 1875 2582 1951; x_wconf 79' lang='grc' dir='ltr'>οὐχ</span> <span class='ocrx_word' id='word_1_327' title='bbox 2622 1872 2720 1931; x_wconf 81' lang='grc' dir='ltr'>ὅσα</span> <span class='ocrx_word' id='word_1_328' title='bbox 2766 1883 2875 1932; x_wconf 80' lang='grc' dir='ltr'>τῶν</span> <span class='ocrx_word' id='word_1_329' title='bbox 2920 1876 3055 1951; x_wconf 81' lang='grc' dir='ltr'>τῇδε</span> <span class='ocrx_word' id='word_1_330' title='bbox 3097 1875 3561 1933; x_wconf 75' lang='grc' dir='ltr'>καταδουλοῦσθαι</span> <span class='ocrx_word' id='word_1_331' title='bbox 3618 1897 3676 1932; x_wconf 85' lang='grc' dir='ltr'>τε</span> <span class='ocrx_word' id='word_1_332' title='bbox 3731 1878 3837 1945; x_wconf 77' lang='grc' dir='ltr'>τήν</span> 
     </span>
    </p>
   </div>
   <div class='ocr_carea' id='block_1_48' title="bbox 2182 1964 3834 2044">
    <p class='ocr_par' dir='ltr' id='par_1_48' title="bbox 2182 1964 3834 2044">
     <span class='ocr_line' id='line_1_48' title="bbox 2182 1964 3834 2044; baseline 0.001 -25"><span class='ocrx_word' id='word_1_333' title='bbox 2182 1967 2307 2019; x_wconf 89' lang='grc' dir='ltr'>νοῦν</span> <span class='ocrx_word' id='word_1_334' title='bbox 2357 1965 2448 2019; x_wconf 84' lang='grc' dir='ltr'>καὶ</span> <span class='ocrx_word' id='word_1_335' title='bbox 2499 1964 2899 2043; x_wconf 76' lang='grc' dir='ltr'>σφετερίζεσθαι</span> <span class='ocrx_word' id='word_1_336' title='bbox 2955 1967 3160 2044; x_wconf 61' lang='grc' dir='ltr'>πέφυκε</span> <span class='ocrx_word' id='word_1_337' title='bbox 3223 1968 3286 2022; x_wconf 85' lang='grc' dir='ltr'>τὸ</span> <span class='ocrx_word' id='word_1_338' title='bbox 3344 1968 3596 2042; x_wconf 83' lang='grc' dir='ltr'>παράπαν</span> <span class='ocrx_word' id='word_1_339' title='bbox 3675 1964 3834 2021; x_wconf 68' lang='grc' dir='ltr'>οὐδὲν</span> 
     </span>
    </p>
   </div>
   <div class='ocr_carea' id='block_1_49' title="bbox 2186 2053 3842 2131">
    <p class='ocr_par' dir='ltr' id='par_1_49' title="bbox 2186 2053 3842 2131">
     <span class='ocr_line' id='line_1_49' title="bbox 2186 2053 3842 2131; baseline 0.001 -22"><span class='ocrx_word' id='word_1_340' title='bbox 2186 2053 2681 2128; x_wconf 75' lang='grc' dir='ltr'>ὑπολογισάμενος,</span> <span class='ocrx_word' id='word_1_341' title='bbox 2734 2055 2807 2117; x_wconf 85' lang='grc' dir='ltr'>ὡς</span> <span class='ocrx_word' id='word_1_342' title='bbox 2858 2056 3003 2131; x_wconf 79' lang='grc' dir='ltr'>εἶχεν</span> <span class='ocrx_word' id='word_1_343' title='bbox 3028 2055 3181 2121; x_wconf 76' lang='grc' dir='ltr'>εὐθὺς</span> <span class='ocrx_word' id='word_1_344' title='bbox 3238 2057 3491 2127; x_wconf 77' lang='grc' dir='ltr'>ἀναστάς,</span> <span class='ocrx_word' id='word_1_345' title='bbox 3543 2054 3668 2112; x_wconf 69' lang='grc' dir='ltr'>οὔτε</span> <span class='ocrx_word' id='word_1_346' title='bbox 3730 2078 3842 2129; x_wconf 86' lang='grc' dir='ltr'>μα-</span> 
     </span>
    </p>
   </div>
   <div class='ocr_carea' id='block_1_50' title="bbox 2184 2142 3845 2222">
    <p class='ocr_par' dir='ltr' id='par_1_50' title="bbox 2184 2142 3845 2222">
     <span class='ocr_line' id='line_1_50' title="bbox 2184 2142 3845 2222; baseline 0.002 -23"><span class='ocrx_word' id='word_1_347' title='bbox 2184 2148 2329 2217; x_wconf 83' lang='grc' dir='ltr'>κρῶν</span> <span class='ocrx_word' id='word_1_348' title='bbox 2374 2142 2569 2215; x_wconf 80' lang='grc' dir='ltr'>ἐδεήθη</span> <span class='ocrx_word' id='word_1_349' title='bbox 2613 2144 2822 2222; x_wconf 84' lang='grc' dir='ltr'>λόγων,</span> <span class='ocrx_word' id='word_1_350' title='bbox 2846 2146 2972 2201; x_wconf 84' lang='grc' dir='ltr'>οὕτε</span> <span class='ocrx_word' id='word_1_351' title='bbox 3011 2148 3212 2222; x_wconf 80' lang='grc' dir='ltr'>χρόνου</span> <span class='ocrx_word' id='word_1_352' title='bbox 3265 2151 3490 2222; x_wconf 91' lang='grc' dir='ltr'>συχνοῦ.</span> <span class='ocrx_word' id='word_1_353' title='bbox 3525 2146 3681 2202; x_wconf 87' lang='grc' dir='ltr'>Ἀλλ’</span> <span class='ocrx_word' id='word_1_354' title='bbox 3714 2144 3845 2202; x_wconf 72' lang='grc' dir='ltr'>οὐδὲ</span> 
     </span>
    </p>
   </div>
   <div class='ocr_carea' id='block_1_51' title="bbox 2187 2232 3839 2311">
    <p class='ocr_par' dir='ltr' id='par_1_51' title="bbox 2187 2232 3839 2311">
     <span class='ocr_line' id='line_1_51' title="bbox 2187 2232 3839 2311; baseline 0.002 -24"><span class='ocrx_word' id='word_1_355' title='bbox 2187 2233 2475 2306; x_wconf 78' lang='grc' dir='ltr'>θαυμάτων</span> <span class='ocrx_word' id='word_1_356' title='bbox 2554 2235 2675 2297; x_wconf 71' lang='grc' dir='ltr'>θεας</span> <span class='ocrx_word' id='word_1_357' title='bbox 2735 2232 2859 2291; x_wconf 74' lang='grc' dir='ltr'>οὐδὲ</span> <span class='ocrx_word' id='word_1_358' title='bbox 2912 2234 3243 2311; x_wconf 78' lang='grc' dir='ltr'>τελεωτέρας</span> <span class='ocrx_word' id='word_1_359' title='bbox 3300 2244 3399 2306; x_wconf 79' lang='grc' dir='ltr'>τῆς</span> <span class='ocrx_word' id='word_1_360' title='bbox 3462 2234 3687 2310; x_wconf 85' lang='grc' dir='ltr'>ὁμιλίας</span> <span class='ocrx_word' id='word_1_361' title='bbox 3747 2238 3839 2291; x_wconf 82' lang='grc' dir='ltr'>καὶ</span> 
     </span>
    </p>
   </div>
   <div class='ocr_carea' id='block_1_52' title="bbox 2186 2322 3844 2399">
    <p class='ocr_par' dir='ltr' id='par_1_52' title="bbox 2186 2322 3844 2399">
     <span class='ocr_line' id='line_1_52' title="bbox 2186 2322 3844 2399; baseline 0.001 -20"><span class='ocrx_word' id='word_1_362' title='bbox 2186 2323 2465 2395; x_wconf 89' lang='grc' dir='ltr'>πλείονος,</span> <span class='ocrx_word' id='word_1_363' title='bbox 2500 2322 2645 2380; x_wconf 82' lang='grc' dir='ltr'>ἀλλᾶ</span> <span class='ocrx_word' id='word_1_364' title='bbox 2678 2327 2839 2399; x_wconf 77' lang='grc' dir='ltr'>μόνον</span> <span class='ocrx_word' id='word_1_365' title='bbox 2871 2326 2943 2388; x_wconf 83' lang='grc' dir='ltr'>ὠς</span> <span class='ocrx_word' id='word_1_366' title='bbox 2983 2334 3082 2397; x_wconf 83' lang='grc' dir='ltr'>τῆς</span> <span class='ocrx_word' id='word_1_367' title='bbox 3122 2327 3367 2389; x_wconf 79' lang='grc' dir='ltr'>εὐκταίας</span> <span class='ocrx_word' id='word_1_368' title='bbox 3422 2327 3630 2398; x_wconf 79' lang='grc' dir='ltr'>ἐκείνης</span> <span class='ocrx_word' id='word_1_369' title='bbox 3687 2326 3844 2398; x_wconf 75' lang='grc' dir='ltr'>αὖτῷ</span> 
     </span>
    </p>
   </div>
   <div class='ocr_carea' id='block_1_53' title="bbox 2189 2413 3845 2492">
    <p class='ocr_par' dir='ltr' id='par_1_53' title="bbox 2189 2413 3845 2492">
     <span class='ocr_line' id='line_1_53' title="bbox 2189 2413 3845 2492; baseline 0.002 -24"><span class='ocrx_word' id='word_1_370' title='bbox 2189 2420 2375 2490; x_wconf 68' lang='grc' dir='ltr'>φωνῆς</span> <span class='ocrx_word' id='word_1_371' title='bbox 2412 2415 2501 2469; x_wconf 89' lang='grc' dir='ltr'>καὶ</span> <span class='ocrx_word' id='word_1_372' title='bbox 2532 2413 2716 2485; x_wconf 82' lang='grc' dir='ltr'>ἡδείας</span> <span class='ocrx_word' id='word_1_373' title='bbox 2757 2417 3008 2487; x_wconf 70' lang='grc' dir='ltr'>ἤκουσεν,</span> <span class='ocrx_word' id='word_1_374' title='bbox 3043 2440 3071 2473; x_wconf 75' lang='grc' dir='ltr'>ι</span> <span class='ocrx_word' id='word_1_375' title='bbox 3101 2417 3423 2482; x_wconf 74' lang='grc' dir='ltr'>Ἀκολούθει</span> <span class='ocrx_word' id='word_1_376' title='bbox 3464 2439 3581 2492; x_wconf 89' lang='grc' dir='ltr'>μοι,</span> <span class='ocrx_word' id='word_1_377' title='bbox 3616 2440 3644 2469; x_wconf 64' lang='grc' dir='ltr'>ω</span> <span class='ocrx_word' id='word_1_378' title='bbox 3673 2438 3845 2472; x_wconf 79' lang='grc' dir='ltr'>κατα-</span> 
     </span>
    </p>
   </div>
   <div class='ocr_carea' id='block_1_54' title="bbox 2190 2502 3848 2578">
    <p class='ocr_par' dir='ltr' id='par_1_54' title="bbox 2190 2502 3848 2578">
     <span class='ocr_line' id='line_1_54' title="bbox 2190 2502 3848 2578; baseline 0.003 -22"><span class='ocrx_word' id='word_1_379' title='bbox 2190 2502 2366 2558; x_wconf 83' lang='grc' dir='ltr'>λείπει</span> <span class='ocrx_word' id='word_1_380' title='bbox 2430 2505 2524 2578; x_wconf 75' lang='grc' dir='ltr'>μὶν</span> <span class='ocrx_word' id='word_1_381' title='bbox 2582 2506 2644 2560; x_wconf 90' lang='grc' dir='ltr'>τὸ</span> <span class='ocrx_word' id='word_1_382' title='bbox 2690 2504 2947 2562; x_wconf 85' lang='grc' dir='ltr'>τελώνιον</span> <span class='ocrx_word' id='word_1_383' title='bbox 3000 2507 3212 2576; x_wconf 74' lang='grc' dir='ltr'>αὐτίκα,</span> <span class='ocrx_word' id='word_1_384' title='bbox 3245 2507 3557 2563; x_wconf 82' lang='grc' dir='ltr'>καταλείπει</span> <span class='ocrx_word' id='word_1_385' title='bbox 3600 2504 3657 2562; x_wconf 81' lang='grc' dir='ltr'>δὲ</span> <span class='ocrx_word' id='word_1_386' title='bbox 3713 2506 3848 2568; x_wconf 75' lang='grc' dir='ltr'>τοὺς</span> 
     </span>
    </p>
   </div>
   <div class='ocr_carea' id='block_1_55' title="bbox 2191 2594 3848 2673">
    <p class='ocr_par' dir='ltr' id='par_1_55' title="bbox 2191 2594 3848 2673">
     <span class='ocr_line' id='line_1_55' title="bbox 2191 2594 3848 2673; baseline 0.003 -27"><span class='ocrx_word' id='word_1_387' title='bbox 2191 2594 2637 2669; x_wconf 81' lang='grc' dir='ltr'>συμπράκτορας,</span> <span class='ocrx_word' id='word_1_388' title='bbox 2690 2594 3107 2673; x_wconf 86' lang='grc' dir='ltr'>συγκαταλεῖπει</span> <span class='ocrx_word' id='word_1_389' title='bbox 3166 2595 3223 2651; x_wconf 74' lang='grc' dir='ltr'>δὲ</span> <span class='ocrx_word' id='word_1_390' title='bbox 3265 2597 3355 2653; x_wconf 79' lang='grc' dir='ltr'>καὶ</span> <span class='ocrx_word' id='word_1_391' title='bbox 3418 2598 3517 2666; x_wconf 76' lang='grc' dir='ltr'>τὴν</span> <span class='ocrx_word' id='word_1_392' title='bbox 3565 2597 3689 2670; x_wconf 77' lang='grc' dir='ltr'>περὶ</span> <span class='ocrx_word' id='word_1_393' title='bbox 3746 2597 3848 2651; x_wconf 78' lang='grc' dir='ltr'>αὐ-</span> 
     </span>
    </p>
   </div>
   <div class='ocr_carea' id='block_1_56' title="bbox 2190 2684 3847 2763">
    <p class='ocr_par' dir='ltr' id='par_1_56' title="bbox 2190 2684 3847 2763">
     <span class='ocr_line' id='line_1_56' title="bbox 2190 2684 3847 2763; baseline 0.002 -26"><span class='ocrx_word' id='word_1_394' title='bbox 2190 2684 2279 2737; x_wconf 86' lang='grc' dir='ltr'>τὸν</span> <span class='ocrx_word' id='word_1_395' title='bbox 2365 2690 2535 2739; x_wconf 76' lang='grc' dir='ltr'>πᾶσαν</span> <span class='ocrx_word' id='word_1_396' title='bbox 2612 2684 2958 2763; x_wconf 76' lang='grc' dir='ltr'>φιλοτιμίαν,</span> <span class='ocrx_word' id='word_1_397' title='bbox 3007 2687 3098 2742; x_wconf 81' lang='grc' dir='ltr'>καὶ</span> <span class='ocrx_word' id='word_1_398' title='bbox 3175 2686 3410 2763; x_wconf 69' lang='grc' dir='ltr'>ἀργύρου</span> <span class='ocrx_word' id='word_1_399' title='bbox 3477 2687 3672 2749; x_wconf 80' lang='grc' dir='ltr'>παντὸς</span> <span class='ocrx_word' id='word_1_400' title='bbox 3751 2686 3847 2741; x_wconf 79' lang='grc' dir='ltr'>καὶ</span> 
     </span>
    </p>
   </div>
   <div class='ocr_carea' id='block_1_57' title="bbox 2193 2776 3526 2853">
    <p class='ocr_par' dir='ltr' id='par_1_57' title="bbox 2193 2776 3526 2853">
     <span class='ocr_line' id='line_1_57' title="bbox 2193 2776 3526 2853; baseline 0.006 -26"><span class='ocrx_word' id='word_1_401' title='bbox 2193 2778 2402 2848; x_wconf 86' lang='grc' dir='ltr'>χρυσοῦ</span> <span class='ocrx_word' id='word_1_402' title='bbox 2431 2776 2522 2830; x_wconf 87' lang='grc' dir='ltr'>τὸν</span> <span class='ocrx_word' id='word_1_403' title='bbox 2551 2776 2861 2849; x_wconf 78' lang='grc' dir='ltr'>πολύτιμον</span> <span class='ocrx_word' id='word_1_404' title='bbox 2904 2776 3123 2832; x_wconf 85' lang='grc' dir='ltr'>ὠνεῖται</span> <span class='ocrx_word' id='word_1_405' title='bbox 3158 2776 3526 2853; x_wconf 76' lang='grc' dir='ltr'>μαργαρίτην.</span> 
     </span>
    </p>
   </div>
   <div class='ocr_carea' id='block_1_58' title="bbox 422 2862 3847 2941">
    <p class='ocr_par' dir='ltr' id='par_1_58' title="bbox 422 2862 3847 2941">
     <span class='ocr_line' id='line_1_58' title="bbox 422 2862 3847 2941; baseline 0.001 -21"><span class='ocrx_word' id='word_1_406' title='bbox 422 2867 541 2920; x_wconf 84' lang='lat' dir='ltr'>tem</span> <span class='ocrx_word' id='word_1_407' title='bbox 591 2864 825 2936; x_wconf 88' lang='lat' dir='ltr'>abjecit,</span> <span class='ocrx_word' id='word_1_408' title='bbox 876 2880 942 2920; x_wconf 93' lang='lat' dir='ltr'>ac</span> <span class='ocrx_word' id='word_1_409' title='bbox 990 2867 1109 2920; x_wconf 91' lang='lat' dir='ltr'>toto</span> <span class='ocrx_word' id='word_1_410' title='bbox 1157 2863 1257 2919; x_wconf 91' lang='lat' dir='ltr'>illo</span> <span class='ocrx_word' id='word_1_411' title='bbox 1307 2867 1547 2934; x_wconf 83' lang='lat' dir='ltr'>argento</span> <span class='ocrx_word' id='word_1_412' title='bbox 1596 2870 1649 2917; x_wconf 89' lang='lat' dir='ltr'>et</span> <span class='ocrx_word' id='word_1_413' title='bbox 1698 2879 1860 2933; x_wconf 89' lang='lat' dir='ltr'>auro,</span> <span class='ocrx_word' id='word_1_414' title='bbox 1903 2862 2057 2935; x_wconf 90' lang='lat' dir='ltr'>quod</span> <span class='ocrx_word' id='word_1_415' title='bbox 2116 2868 2284 2921; x_wconf 83' lang='lat' dir='ltr'>antea</span> <span class='ocrx_word' id='word_1_416' title='bbox 2340 2867 2694 2937; x_wconf 77' lang='lat' dir='ltr'>possidebat,</span> <span class='ocrx_word' id='word_1_417' title='bbox 2730 2869 3038 2940; x_wconf 80' lang='lat' dir='ltr'>pretiosam</span> <span class='ocrx_word' id='word_1_418' title='bbox 3101 2870 3479 2941; x_wconf 81' lang='lat' dir='ltr'>margaritam</span> <span class='ocrx_word' id='word_1_419' title='bbox 3550 2876 3847 2927; x_wconf 88' lang='lat' dir='ltr'>mercatus</span> 
     </span>
    </p>
   </div>
   <div class='ocr_carea' id='block_1_59' title="bbox 424 2957 536 3009">
    <p class='ocr_par' dir='ltr' id='par_1_59' title="bbox 424 2957 536 3009">
     <span class='ocr_line' id='line_1_59' title="bbox 424 2957 536 3009; baseline 0.009 -1"><span class='ocrx_word' id='word_1_420' title='bbox 424 2957 536 3009; x_wconf 86' lang='lat' dir='ltr'>est.</span> 
     </span>
    </p>
   </div>
   <div class='ocr_carea' id='block_1_60' title="bbox 496 3040 2073 3121">
    <p class='ocr_par' dir='ltr' id='par_1_60' title="bbox 496 3040 2073 3113">
     <span class='ocr_line' id='line_1_60' title="bbox 496 3040 2073 3113; baseline 0.001 -17"><span class='ocrx_word' id='word_1_421' title='bbox 496 3042 594 3096; x_wconf 90' lang='lat' dir='ltr'>IlI.</span> <span class='ocrx_word' id='word_1_422' title='bbox 642 3042 726 3098; x_wconf 89' lang='lat' dir='ltr'>Ita</span> <span class='ocrx_word' id='word_1_423' title='bbox 775 3041 875 3113; x_wconf 90' lang='lat' dir='ltr'>qui</span> <span class='ocrx_word' id='word_1_424' title='bbox 926 3041 1057 3097; x_wconf 89' lang='lat' dir='ltr'>Levi</span> <span class='ocrx_word' id='word_1_425' title='bbox 1088 3042 1280 3107; x_wconf 63' lang='lat' dir='ltr'>Tantea</span> <span class='ocrx_word' id='word_1_426' title='bbox 1332 3040 1653 3109; x_wconf 87' lang='lat' dir='ltr'>dicebatur,</span> <span class='ocrx_word' id='word_1_427' title='bbox 1704 3056 1835 3096; x_wconf 93' lang='lat' dir='ltr'>cum</span> <span class='ocrx_word' id='word_1_428' title='bbox 1886 3056 2073 3097; x_wconf 89' lang='lat' dir='ltr'>mores</span> 
     </span>
    </p>
   </div>
   <div class='ocr_carea' id='block_1_61' title="bbox 2183 3040 3845 3121">
    <p class='ocr_par' dir='ltr' id='par_1_61' title="bbox 2261 3041 3845 3121">
     <span class='ocr_line' id='line_1_61' title="bbox 2261 3041 3845 3121; baseline 0.002 -24"><span class='ocrx_word' id='word_1_429' title='bbox 2261 3048 2329 3101; x_wconf 79' lang='lat'>1&quot;.</span> <span class='ocrx_word' id='word_1_430' title='bbox 2363 3044 2523 3101; x_wconf 72' lang='grc' dir='ltr'>Οὕτώ</span> <span class='ocrx_word' id='word_1_431' title='bbox 2556 3044 2713 3107; x_wconf 77' lang='grc' dir='ltr'>Λευίς</span> <span class='ocrx_word' id='word_1_432' title='bbox 2738 3044 3073 3121; x_wconf 68' lang='grc' dir='ltr'>τὸνξτρόπον</span> <span class='ocrx_word' id='word_1_433' title='bbox 3125 3045 3440 3121; x_wconf 85' lang='grc' dir='ltr'>θαυμασίως</span> <span class='ocrx_word' id='word_1_434' title='bbox 3474 3041 3802 3119; x_wconf 75' lang='grc' dir='ltr'>μεταϐαλὼν</span> <span class='ocrx_word' id='word_1_435' title='bbox 3827 3068 3845 3084; x_wconf 75' lang='grc' dir='ltr'><strong>ο</strong></span> 
     </span>
    </p>
   </div>
   <div class='ocr_carea' id='block_1_62' title="bbox 426 3129 2074 3204">
    <p class='ocr_par' dir='ltr' id='par_1_62' title="bbox 426 3129 2074 3204">
     <span class='ocr_line' id='line_1_62' title="bbox 426 3129 2074 3204; baseline 0.001 -18"><span class='ocrx_word' id='word_1_436' title='bbox 426 3131 709 3204; x_wconf 87' lang='lat' dir='ltr'>pristinos</span> <span class='ocrx_word' id='word_1_437' title='bbox 768 3130 1187 3186; x_wconf 88' lang='lat' dir='ltr'>admirabiliter</span> <span class='ocrx_word' id='word_1_438' title='bbox 1260 3129 1628 3196; x_wconf 88' lang='lat' dir='ltr'>mutavisset,</span> <span class='ocrx_word' id='word_1_439' title='bbox 1688 3130 2074 3200; x_wconf 85' lang='lat' dir='ltr'>appellatione</span> 
     </span>
    </p>
   </div>
   <div class='ocr_carea' id='block_1_63' title="bbox 427 3219 2074 3293">
    <p class='ocr_par' dir='ltr' id='par_1_63' title="bbox 427 3219 2074 3293">
     <span class='ocr_line' id='line_1_63' title="bbox 427 3219 2074 3293; baseline -0.001 -16"><span class='ocrx_word' id='word_1_440' title='bbox 427 3236 659 3293; x_wconf 91' lang='lat' dir='ltr'>quoque</span> <span class='ocrx_word' id='word_1_441' title='bbox 689 3220 989 3291; x_wconf 89' lang='lat' dir='ltr'>superiore</span> <span class='ocrx_word' id='word_1_442' title='bbox 1018 3223 1262 3285; x_wconf 87' lang='lat' dir='ltr'>mutata,</span> <span class='ocrx_word' id='word_1_443' title='bbox 1296 3219 1606 3274; x_wconf 65' lang='lat' dir='ltr'>Mattheus</span> <span class='ocrx_word' id='word_1_444' title='bbox 1638 3220 1827 3275; x_wconf 84' lang='lat' dir='ltr'>dictus</span> <span class='ocrx_word' id='word_1_445' title='bbox 1856 3224 1943 3276; x_wconf 84' lang='lat' dir='ltr'>est</span> <span class='ocrx_word' id='word_1_446' title='bbox 1972 3221 2074 3292; x_wconf 87' lang='lat'>(3),</span> 
     </span>
    </p>
   </div>
   <div class='ocr_carea' id='block_1_64' title="bbox 430 3308 2073 3381">
    <p class='ocr_par' dir='ltr' id='par_1_64' title="bbox 430 3308 2073 3381">
     <span class='ocr_line' id='line_1_64' title="bbox 430 3308 2073 3381; baseline 0.001 -17"><span class='ocrx_word' id='word_1_447' title='bbox 430 3309 529 3381; x_wconf 90' lang='lat' dir='ltr'>qui</span> <span class='ocrx_word' id='word_1_448' title='bbox 560 3310 836 3380; x_wconf 90' lang='lat' dir='ltr'>deinceps</span> <span class='ocrx_word' id='word_1_449' title='bbox 868 3325 1003 3365; x_wconf 93' lang='lat' dir='ltr'>cum</span> <span class='ocrx_word' id='word_1_450' title='bbox 1036 3309 1164 3380; x_wconf 92' lang='lat' dir='ltr'>ipso</span> <span class='ocrx_word' id='word_1_451' title='bbox 1186 3308 1323 3364; x_wconf 90' lang='lat' dir='ltr'>Jesu</span> <span class='ocrx_word' id='word_1_452' title='bbox 1347 3309 1705 3377; x_wconf 83' lang='lat' dir='ltr'>versabatur,</span> <span class='ocrx_word' id='word_1_453' title='bbox 1726 3308 1809 3365; x_wconf 92' lang='lat' dir='ltr'>ita</span> <span class='ocrx_word' id='word_1_454' title='bbox 1831 3314 1915 3375; x_wconf 91' lang='lat' dir='ltr'>ut,</span> <span class='ocrx_word' id='word_1_455' title='bbox 1939 3326 2073 3366; x_wconf 92' lang='lat' dir='ltr'>cum</span> 
     </span>
    </p>
   </div>
   <div class='ocr_carea' id='block_1_65' title="bbox 428 3398 2077 3471">
    <p class='ocr_par' dir='ltr' id='par_1_65' title="bbox 428 3398 2077 3471">
     <span class='ocr_line' id='line_1_65' title="bbox 428 3398 2077 3471; baseline 0.002 -17"><span class='ocrx_word' id='word_1_456' title='bbox 428 3403 629 3471; x_wconf 89' lang='lat' dir='ltr'>postea</span> <span class='ocrx_word' id='word_1_457' title='bbox 656 3399 922 3456; x_wconf 84' lang='lat' dir='ltr'>Christus</span> <span class='ocrx_word' id='word_1_458' title='bbox 954 3399 1078 3470; x_wconf 82' lang='lat' dir='ltr'>ipse</span> <span class='ocrx_word' id='word_1_459' title='bbox 1109 3398 1167 3453; x_wconf 91' lang='lat' dir='ltr'>in</span> <span class='ocrx_word' id='word_1_460' title='bbox 1193 3400 1319 3470; x_wconf 89' lang='lat' dir='ltr'>ejus</span> <span class='ocrx_word' id='word_1_461' title='bbox 1352 3398 1521 3455; x_wconf 93' lang='lat' dir='ltr'>domo</span> <span class='ocrx_word' id='word_1_462' title='bbox 1552 3401 1935 3467; x_wconf 86' lang='lat' dir='ltr'>recumberet,</span> <span class='ocrx_word' id='word_1_463' title='bbox 1960 3418 2077 3458; x_wconf 91' lang='lat' dir='ltr'>una</span> 
     </span>
    </p>
   </div>
   <div class='ocr_carea' id='block_1_66' title="bbox 430 3488 2077 3555">
    <p class='ocr_par' dir='ltr' id='par_1_66' title="bbox 430 3488 2077 3555">
     <span class='ocr_line' id='line_1_66' title="bbox 430 3488 2077 3555; baseline 0.002 -11"><span class='ocrx_word' id='word_1_464' title='bbox 430 3505 565 3544; x_wconf 90' lang='lat' dir='ltr'>cum</span> <span class='ocrx_word' id='word_1_465' title='bbox 598 3488 696 3545; x_wconf 92' lang='lat' dir='ltr'>illo</span> <span class='ocrx_word' id='word_1_466' title='bbox 724 3494 781 3544; x_wconf 88' lang='lat' dir='ltr'>et</span> <span class='ocrx_word' id='word_1_467' title='bbox 814 3488 1125 3544; x_wconf 71' lang='lat' dir='ltr'>Matthieus</span> <span class='ocrx_word' id='word_1_468' title='bbox 1178 3488 1558 3545; x_wconf 87' lang='lat' dir='ltr'>discubuerit.</span> <span class='ocrx_word' id='word_1_469' title='bbox 1592 3491 1712 3555; x_wconf 84' lang='lat' dir='ltr'>Qua</span> <span class='ocrx_word' id='word_1_470' title='bbox 1754 3490 1824 3545; x_wconf 91' lang='lat' dir='ltr'>de</span> <span class='ocrx_word' id='word_1_471' title='bbox 1856 3506 1913 3545; x_wconf 90' lang='lat' dir='ltr'>re</span> <span class='ocrx_word' id='word_1_472' title='bbox 1944 3507 2077 3547; x_wconf 90' lang='lat' dir='ltr'>cum</span> 
     </span>
    </p>
   </div>
   <div class='ocr_carea' id='block_1_67' title="bbox 430 3577 2077 3650">
    <p class='ocr_par' dir='ltr' id='par_1_67' title="bbox 430 3577 2077 3650">
     <span class='ocr_line' id='line_1_67' title="bbox 430 3577 2077 3650; baseline 0.001 -17"><span class='ocrx_word' id='word_1_473' title='bbox 430 3577 706 3633; x_wconf 67' lang='lat' dir='ltr'>Pharisaei</span> <span class='ocrx_word' id='word_1_474' title='bbox 757 3578 1112 3646; x_wconf 85' lang='lat' dir='ltr'>dubitarent,</span> <span class='ocrx_word' id='word_1_475' title='bbox 1146 3583 1199 3632; x_wconf 90' lang='lat' dir='ltr'>et</span> <span class='ocrx_word' id='word_1_476' title='bbox 1229 3577 1301 3633; x_wconf 89' lang='lat' dir='ltr'>ab</span> <span class='ocrx_word' id='word_1_477' title='bbox 1350 3577 1477 3648; x_wconf 86' lang='lat' dir='ltr'>ejus</span> <span class='ocrx_word' id='word_1_478' title='bbox 1523 3577 1829 3650; x_wconf 89' lang='lat' dir='ltr'>discipulis</span> <span class='ocrx_word' id='word_1_479' title='bbox 1858 3596 2077 3650; x_wconf 67' lang='lat' dir='ltr'>quaere-</span> 
     </span>
    </p>
   </div>
   <div class='ocr_carea' id='block_1_68' title="bbox 437 3667 2078 3739">
    <p class='ocr_par' dir='ltr' id='par_1_68' title="bbox 437 3667 2078 3739">
     <span class='ocr_line' id='line_1_68' title="bbox 437 3667 2078 3739; baseline 0.001 -16"><span class='ocrx_word' id='word_1_480' title='bbox 437 3672 586 3735; x_wconf 90' lang='lat' dir='ltr'>rent,</span> <span class='ocrx_word' id='word_1_481' title='bbox 647 3684 891 3723; x_wconf 89' lang='lat' dir='ltr'>curnam</span> <span class='ocrx_word' id='word_1_482' title='bbox 951 3683 1148 3723; x_wconf 91' lang='lat' dir='ltr'>eorum</span> <span class='ocrx_word' id='word_1_483' title='bbox 1209 3667 1485 3738; x_wconf 85' lang='lat' dir='ltr'>Magister</span> <span class='ocrx_word' id='word_1_484' title='bbox 1541 3683 1673 3723; x_wconf 90' lang='lat' dir='ltr'>cum</span> <span class='ocrx_word' id='word_1_485' title='bbox 1748 3668 2078 3739; x_wconf 87' lang='lat' dir='ltr'>publicanis</span> 
     </span>
    </p>
   </div>
   <div class='ocr_carea' id='block_1_69' title="bbox 429 3754 2075 3827">
    <p class='ocr_par' dir='ltr' id='par_1_69' title="bbox 429 3754 2075 3827">
     <span class='ocr_line' id='line_1_69' title="bbox 429 3754 2075 3827; baseline 0.001 -14"><span class='ocrx_word' id='word_1_486' title='bbox 429 3754 625 3813; x_wconf 88' lang='lat' dir='ltr'>cibum</span> <span class='ocrx_word' id='word_1_487' title='bbox 661 3761 919 3813; x_wconf 90' lang='lat' dir='ltr'>sumeret</span> <span class='ocrx_word' id='word_1_488' title='bbox 943 3773 956 3812; x_wconf 96' lang='lat'>:</span> <span class='ocrx_word' id='word_1_489' title='bbox 980 3755 1099 3823; x_wconf 90' lang='lat' dir='ltr'>ille,</span> <span class='ocrx_word' id='word_1_490' title='bbox 1125 3756 1214 3811; x_wconf 90' lang='lat' dir='ltr'>his</span> <span class='ocrx_word' id='word_1_491' title='bbox 1246 3755 1484 3826; x_wconf 90' lang='lat' dir='ltr'>auditis,</span> <span class='ocrx_word' id='word_1_492' title='bbox 1519 3758 1852 3827; x_wconf 89' lang='lat' dir='ltr'>respondit:</span> <span class='ocrx_word' id='word_1_493' title='bbox 1894 3780 1919 3811; x_wconf 76' lang='grc' dir='ltr'>ι</span> <span class='ocrx_word' id='word_1_494' title='bbox 1950 3758 2075 3814; x_wconf 92' lang='lat' dir='ltr'>Non</span> 
     </span>
    </p>
   </div>
   <div class='ocr_carea' id='block_1_70' title="bbox 429 3845 2075 3919">
    <p class='ocr_par' dir='ltr' id='par_1_70' title="bbox 429 3845 2075 3919">
     <span class='ocr_line' id='line_1_70' title="bbox 429 3845 2075 3919; baseline 0 -16"><span class='ocrx_word' id='word_1_495' title='bbox 429 3864 578 3918; x_wconf 91' lang='lat' dir='ltr'>opus</span> <span class='ocrx_word' id='word_1_496' title='bbox 635 3846 852 3905; x_wconf 89' lang='lat' dir='ltr'>habent</span> <span class='ocrx_word' id='word_1_497' title='bbox 908 3847 1151 3915; x_wconf 91' lang='lat' dir='ltr'>medico,</span> <span class='ocrx_word' id='word_1_498' title='bbox 1200 3845 1294 3917; x_wconf 91' lang='lat' dir='ltr'>qui</span> <span class='ocrx_word' id='word_1_499' title='bbox 1352 3846 1494 3901; x_wconf 87' lang='lat' dir='ltr'>bene</span> <span class='ocrx_word' id='word_1_500' title='bbox 1551 3846 1761 3913; x_wconf 90' lang='lat' dir='ltr'>valent,</span> <span class='ocrx_word' id='word_1_501' title='bbox 1814 3849 1916 3903; x_wconf 90' lang='lat' dir='ltr'>sed</span> <span class='ocrx_word' id='word_1_502' title='bbox 1974 3848 2075 3919; x_wconf 92' lang='lat' dir='ltr'>qui</span> 
     </span>
    </p>
   </div>
   <div class='ocr_carea' id='block_1_71' title="bbox 430 3934 2073 4003">
    <p class='ocr_par' dir='ltr' id='par_1_71' title="bbox 430 3934 2073 4003">
     <span class='ocr_line' id='line_1_71' title="bbox 430 3934 2073 4003; baseline 0 -11"><span class='ocrx_word' id='word_1_503' title='bbox 430 3936 582 3992; x_wconf 84' lang='lat' dir='ltr'>male</span> <span class='ocrx_word' id='word_1_504' title='bbox 609 3952 673 3992; x_wconf 86' lang='lat' dir='ltr'>se</span> <span class='ocrx_word' id='word_1_505' title='bbox 714 3936 952 3992; x_wconf 89' lang='lat' dir='ltr'>habent.</span> <span class='ocrx_word' id='word_1_506' title='bbox 990 3957 1015 3987; x_wconf 77' lang='lat'><strong><em>»</em></strong></span> <span class='ocrx_word' id='word_1_507' title='bbox 1069 3935 1211 3991; x_wconf 90' lang='lat' dir='ltr'>Item</span> <span class='ocrx_word' id='word_1_508' title='bbox 1264 3934 1404 3991; x_wconf 87' lang='lat' dir='ltr'>illud</span> <span class='ocrx_word' id='word_1_509' title='bbox 1442 3951 1454 3989; x_wconf 94' lang='lat'>:</span> <span class='ocrx_word' id='word_1_510' title='bbox 1500 3958 1527 3985; x_wconf 83' lang='lat'><strong>«</strong></span> <span class='ocrx_word' id='word_1_511' title='bbox 1582 3936 1797 3991; x_wconf 85' lang='lat' dir='ltr'>Euntes</span> <span class='ocrx_word' id='word_1_512' title='bbox 1847 3936 2073 4003; x_wconf 91' lang='lat' dir='ltr'>discite,</span> 
     </span>
    </p>
   </div>
   <div class='ocr_carea' id='block_1_72' title="bbox 429 4024 2074 4096">
    <p class='ocr_par' dir='ltr' id='par_1_72' title="bbox 429 4024 2074 4096">
     <span class='ocr_line' id='line_1_72' title="bbox 429 4024 2074 4096; baseline -0.004 -16"><span class='ocrx_word' id='word_1_513' title='bbox 429 4026 569 4096; x_wconf 90' lang='lat' dir='ltr'>quid</span> <span class='ocrx_word' id='word_1_514' title='bbox 604 4026 699 4094; x_wconf 89' lang='lat' dir='ltr'>sit,</span> <span class='ocrx_word' id='word_1_515' title='bbox 734 4024 1188 4081; x_wconf 89' lang='lat' dir='ltr'>Misericordiam</span> <span class='ocrx_word' id='word_1_516' title='bbox 1219 4024 1367 4088; x_wconf 89' lang='lat' dir='ltr'>volo,</span> <span class='ocrx_word' id='word_1_517' title='bbox 1404 4028 1459 4079; x_wconf 88' lang='lat' dir='ltr'>et</span> <span class='ocrx_word' id='word_1_518' title='bbox 1490 4040 1604 4079; x_wconf 91' lang='lat' dir='ltr'>non</span> <span class='ocrx_word' id='word_1_519' title='bbox 1636 4024 2010 4079; x_wconf 79' lang='lat' dir='ltr'>sacriﬁcium.</span> <span class='ocrx_word' id='word_1_520' title='bbox 2046 4046 2074 4074; x_wconf 83' lang='grc'><strong>››</strong></span> 
     </span>
    </p>
   </div>
   <div class='ocr_carea' id='block_1_73' title="bbox 430 4114 2077 4183">
    <p class='ocr_par' dir='ltr' id='par_1_73' title="bbox 430 4114 2077 4183">
     <span class='ocr_line' id='line_1_73' title="bbox 430 4114 2077 4183; baseline 0.001 -14"><span class='ocrx_word' id='word_1_521' title='bbox 430 4118 554 4181; x_wconf 85' lang='lat' dir='ltr'>Qua</span> <span class='ocrx_word' id='word_1_522' title='bbox 585 4132 644 4171; x_wconf 89' lang='lat' dir='ltr'>re</span> <span class='ocrx_word' id='word_1_523' title='bbox 692 4114 1024 4183; x_wconf 81' lang='lat' dir='ltr'>declaravit,</span> <span class='ocrx_word' id='word_1_524' title='bbox 1059 4130 1121 4170; x_wconf 93' lang='lat' dir='ltr'>se</span> <span class='ocrx_word' id='word_1_525' title='bbox 1172 4114 1422 4181; x_wconf 87' lang='lat' dir='ltr'>venisse,</span> <span class='ocrx_word' id='word_1_526' title='bbox 1456 4130 1571 4169; x_wconf 93' lang='lat' dir='ltr'>non</span> <span class='ocrx_word' id='word_1_527' title='bbox 1624 4118 1688 4169; x_wconf 86' lang='lat' dir='ltr'>ut</span> <span class='ocrx_word' id='word_1_528' title='bbox 1729 4115 1917 4183; x_wconf 86' lang='lat' dir='ltr'>justos</span> <span class='ocrx_word' id='word_1_529' title='bbox 1950 4130 2077 4170; x_wconf 89' lang='lat' dir='ltr'>om-</span> 
     </span>
    </p>
   </div>
   <div class='ocr_carea' id='block_1_74' title="bbox 430 4201 2073 4275">
    <p class='ocr_par' dir='ltr' id='par_1_74' title="bbox 430 4201 2073 4275">
     <span class='ocr_line' id='line_1_74' title="bbox 430 4201 2073 4275; baseline 0.001 -18"><span class='ocrx_word' id='word_1_530' title='bbox 430 4205 590 4269; x_wconf 92' lang='lat' dir='ltr'>nino,</span> <span class='ocrx_word' id='word_1_531' title='bbox 625 4204 724 4259; x_wconf 87' lang='lat' dir='ltr'>sed</span> <span class='ocrx_word' id='word_1_532' title='bbox 772 4212 833 4259; x_wconf 89' lang='lat' dir='ltr'>ut</span> <span class='ocrx_word' id='word_1_533' title='bbox 882 4210 1207 4275; x_wconf 90' lang='lat' dir='ltr'>peccatores</span> <span class='ocrx_word' id='word_1_534' title='bbox 1233 4202 1306 4257; x_wconf 89' lang='lat' dir='ltr'>ad</span> <span class='ocrx_word' id='word_1_535' title='bbox 1339 4201 1743 4274; x_wconf 74' lang='lat' dir='ltr'>pmnitentiam</span> <span class='ocrx_word' id='word_1_536' title='bbox 1788 4202 2073 4259; x_wconf 89' lang='lat' dir='ltr'>invitaret.</span> 
     </span>
    </p>
   </div>
   <div class='ocr_carea' id='block_1_75' title="bbox 426 4290 2073 4364">
    <p class='ocr_par' dir='ltr' id='par_1_75' title="bbox 426 4290 2073 4364">
     <span class='ocr_line' id='line_1_75' title="bbox 426 4290 2073 4364; baseline 0.001 -18"><span class='ocrx_word' id='word_1_537' title='bbox 426 4291 506 4346; x_wconf 82' lang='lat' dir='ltr'><strong>Ex</strong></span> <span class='ocrx_word' id='word_1_538' title='bbox 538 4291 636 4347; x_wconf 90' lang='lat' dir='ltr'>illo</span> <span class='ocrx_word' id='word_1_539' title='bbox 662 4295 922 4364; x_wconf 90' lang='lat' dir='ltr'>tempore</span> <span class='ocrx_word' id='word_1_540' title='bbox 954 4291 1260 4347; x_wconf 64' lang='lat' dir='ltr'>Mattheus</span> <span class='ocrx_word' id='word_1_541' title='bbox 1291 4292 1370 4346; x_wconf 91' lang='lat' dir='ltr'>ita</span> <span class='ocrx_word' id='word_1_542' title='bbox 1400 4292 1689 4348; x_wconf 84' lang='lat' dir='ltr'>mundum</span> <span class='ocrx_word' id='word_1_543' title='bbox 1741 4290 2073 4364; x_wconf 89' lang='lat' dir='ltr'>dereliquit,</span> 
     </span>
    </p>
   </div>
   <div class='ocr_carea' id='block_1_76' title="bbox 428 4379 2076 4452">
    <p class='ocr_par' dir='ltr' id='par_1_76' title="bbox 428 4379 2076 4452">
     <span class='ocr_line' id='line_1_76' title="bbox 428 4379 2076 4452; baseline 0 -17"><span class='ocrx_word' id='word_1_544' title='bbox 428 4384 494 4435; x_wconf 92' lang='lat' dir='ltr'>ut</span> <span class='ocrx_word' id='word_1_545' title='bbox 535 4388 589 4435; x_wconf 90' lang='lat' dir='ltr'>et</span> <span class='ocrx_word' id='word_1_546' title='bbox 638 4379 748 4452; x_wconf 89' lang='lat' dir='ltr'>ipsi</span> <span class='ocrx_word' id='word_1_547' title='bbox 799 4381 1039 4441; x_wconf 88' lang='lat' dir='ltr'>mundo.</span> <span class='ocrx_word' id='word_1_548' title='bbox 1074 4384 1131 4435; x_wconf 91' lang='lat' dir='ltr'>et</span> <span class='ocrx_word' id='word_1_549' title='bbox 1173 4381 1447 4437; x_wconf 91' lang='lat' dir='ltr'>omnibus</span> <span class='ocrx_word' id='word_1_550' title='bbox 1499 4380 1807 4436; x_wconf 89' lang='lat' dir='ltr'>mundanis</span> <span class='ocrx_word' id='word_1_551' title='bbox 1854 4381 2076 4451; x_wconf 87' lang='lat' dir='ltr'>cupidi-</span> 
     </span>
    </p>
   </div>
   <div class='ocr_carea' id='block_1_77' title="bbox 426 4468 2073 4540">
    <p class='ocr_par' dir='ltr' id='par_1_77' title="bbox 426 4468 2073 4540">
     <span class='ocr_line' id='line_1_77' title="bbox 426 4468 2073 4540; baseline 0.001 -16"><span class='ocrx_word' id='word_1_552' title='bbox 426 4470 666 4536; x_wconf 88' lang='lat' dir='ltr'>tatibus,</span> <span class='ocrx_word' id='word_1_553' title='bbox 718 4486 887 4527; x_wconf 89' lang='lat' dir='ltr'>cruce</span> <span class='ocrx_word' id='word_1_554' title='bbox 945 4474 1242 4540; x_wconf 86' lang='lat' dir='ltr'>suscepta,</span> <span class='ocrx_word' id='word_1_555' title='bbox 1302 4470 1739 4537; x_wconf 86' lang='lat' dir='ltr'>renuntiaverit,</span> <span class='ocrx_word' id='word_1_556' title='bbox 1801 4468 1908 4524; x_wconf 93' lang='lat' dir='ltr'>soli</span> <span class='ocrx_word' id='word_1_557' title='bbox 1959 4470 2073 4526; x_wconf 90' lang='lat' dir='ltr'>Deo</span> 
     </span>
    </p>
   </div>
   <div class='ocr_carea' id='block_1_78' title="bbox 426 4558 2070 4631">
    <p class='ocr_par' dir='ltr' id='par_1_78' title="bbox 426 4558 2070 4631">
     <span class='ocr_line' id='line_1_78' title="bbox 426 4558 2070 4631; baseline 0.001 -18"><span class='ocrx_word' id='word_1_558' title='bbox 426 4558 647 4628; x_wconf 89' lang='lat' dir='ltr'>vivens,</span> <span class='ocrx_word' id='word_1_559' title='bbox 672 4563 727 4615; x_wconf 88' lang='lat' dir='ltr'>et</span> <span class='ocrx_word' id='word_1_560' title='bbox 748 4560 876 4629; x_wconf 90' lang='lat' dir='ltr'>ejus</span> <span class='ocrx_word' id='word_1_561' title='bbox 907 4559 1151 4631; x_wconf 86' lang='lat' dir='ltr'>vestigia</span> <span class='ocrx_word' id='word_1_562' title='bbox 1176 4575 1443 4629; x_wconf 85' lang='lat' dir='ltr'>sequens,</span> <span class='ocrx_word' id='word_1_563' title='bbox 1467 4559 1850 4631; x_wconf 89' lang='lat' dir='ltr'>omniumque</span> <span class='ocrx_word' id='word_1_564' title='bbox 1873 4559 2070 4631; x_wconf 87' lang='lat' dir='ltr'>signo-</span> 
     </span>
    </p>
   </div>
   <div class='ocr_carea' id='block_1_79' title="bbox 427 4647 2076 4719">
    <p class='ocr_par' dir='ltr' id='par_1_79' title="bbox 427 4647 2076 4719">
     <span class='ocr_line' id='line_1_79' title="bbox 427 4647 2076 4719; baseline 0 -15"><span class='ocrx_word' id='word_1_565' title='bbox 427 4664 556 4704; x_wconf 91' lang='lat' dir='ltr'>rum</span> <span class='ocrx_word' id='word_1_566' title='bbox 588 4663 654 4705; x_wconf 92' lang='lat' dir='ltr'>ac</span> <span class='ocrx_word' id='word_1_567' title='bbox 684 4647 1100 4703; x_wconf 90' lang='lat' dir='ltr'>miraculorum</span> <span class='ocrx_word' id='word_1_568' title='bbox 1134 4647 1326 4719; x_wconf 89' lang='lat' dir='ltr'>ipsius</span> <span class='ocrx_word' id='word_1_569' title='bbox 1376 4651 1663 4719; x_wconf 88' lang='lat' dir='ltr'>spectator</span> <span class='ocrx_word' id='word_1_570' title='bbox 1695 4652 1751 4703; x_wconf 88' lang='lat' dir='ltr'>et</span> <span class='ocrx_word' id='word_1_571' title='bbox 1782 4647 2076 4719; x_wconf 91' lang='lat' dir='ltr'>particeps</span> 
     </span>
    </p>
   </div>
   <div class='ocr_carea' id='block_1_80' title="bbox 426 4737 2074 4809">
    <p class='ocr_par' dir='ltr' id='par_1_80' title="bbox 426 4737 2074 4809">
     <span class='ocr_line' id='line_1_80' title="bbox 426 4737 2074 4809; baseline 0 -17"><span class='ocrx_word' id='word_1_572' title='bbox 426 4738 655 4794; x_wconf 82' lang='lat' dir='ltr'>factus:</span> <span class='ocrx_word' id='word_1_573' title='bbox 692 4738 907 4809; x_wconf 89' lang='lat' dir='ltr'>quippe</span> <span class='ocrx_word' id='word_1_574' title='bbox 953 4739 1055 4808; x_wconf 91' lang='lat' dir='ltr'>qui</span> <span class='ocrx_word' id='word_1_575' title='bbox 1094 4754 1195 4809; x_wconf 89' lang='lat' dir='ltr'>per</span> <span class='ocrx_word' id='word_1_576' title='bbox 1242 4742 1427 4793; x_wconf 91' lang='lat' dir='ltr'>totum</span> <span class='ocrx_word' id='word_1_577' title='bbox 1481 4737 1938 4809; x_wconf 88' lang='lat' dir='ltr'>dispensationis</span> <span class='ocrx_word' id='word_1_578' title='bbox 1986 4737 2074 4792; x_wconf 85' lang='lat' dir='ltr'>di-</span> 
     </span>
    </p>
   </div>
   <div class='ocr_carea' id='block_1_81' title="bbox 422 4826 2075 4897">
    <p class='ocr_par' dir='ltr' id='par_1_81' title="bbox 422 4826 2075 4897">
     <span class='ocr_line' id='line_1_81' title="bbox 422 4826 2075 4897; baseline 0.001 -15"><span class='ocrx_word' id='word_1_579' title='bbox 422 4827 570 4883; x_wconf 69' lang='lat' dir='ltr'>vinas</span> <span class='ocrx_word' id='word_1_580' title='bbox 631 4835 859 4897; x_wconf 89' lang='lat' dir='ltr'>tempus</span> <span class='ocrx_word' id='word_1_581' title='bbox 907 4842 1023 4882; x_wconf 93' lang='lat' dir='ltr'>una</span> <span class='ocrx_word' id='word_1_582' title='bbox 1072 4843 1202 4883; x_wconf 92' lang='lat' dir='ltr'>cum</span> <span class='ocrx_word' id='word_1_583' title='bbox 1260 4828 1397 4883; x_wconf 85' lang='lat' dir='ltr'>Jesu</span> <span class='ocrx_word' id='word_1_584' title='bbox 1455 4831 1719 4884; x_wconf 86' lang='lat' dir='ltr'>versatus</span> <span class='ocrx_word' id='word_1_585' title='bbox 1769 4826 1895 4893; x_wconf 80' lang='lat' dir='ltr'>fuit,</span> <span class='ocrx_word' id='word_1_586' title='bbox 1943 4843 2075 4883; x_wconf 94' lang='lat' dir='ltr'>cum</span> 
     </span>
    </p>
   </div>
   <div class='ocr_carea' id='block_1_82' title="bbox 424 4915 2074 4988">
    <p class='ocr_par' dir='ltr' id='par_1_82' title="bbox 424 4915 2074 4988">
     <span class='ocr_line' id='line_1_82' title="bbox 424 4915 2074 4988; baseline -0.001 -16"><span class='ocrx_word' id='word_1_587' title='bbox 424 4917 673 4973; x_wconf 89' lang='lat' dir='ltr'>summis</span> <span class='ocrx_word' id='word_1_588' title='bbox 697 4916 825 4987; x_wconf 88' lang='lat' dir='ltr'>ejus</span> <span class='ocrx_word' id='word_1_589' title='bbox 849 4915 1152 4988; x_wconf 90' lang='lat' dir='ltr'>discipulis</span> <span class='ocrx_word' id='word_1_590' title='bbox 1186 4920 1665 4985; x_wconf 89' lang='lat' dir='ltr'>connumeratus,</span> <span class='ocrx_word' id='word_1_591' title='bbox 1686 4920 1744 4971; x_wconf 92' lang='lat' dir='ltr'>et</span> <span class='ocrx_word' id='word_1_592' title='bbox 1766 4932 1898 4970; x_wconf 93' lang='lat' dir='ltr'>cum</span> <span class='ocrx_word' id='word_1_593' title='bbox 1928 4920 2074 4971; x_wconf 90' lang='lat' dir='ltr'>tem-</span> 
     </span>
    </p>
   </div>
   <div class='ocr_carea' id='block_1_83' title="bbox 425 5004 2072 5078">
    <p class='ocr_par' dir='ltr' id='par_1_83' title="bbox 425 5004 2072 5078">
     <span class='ocr_line' id='line_1_83' title="bbox 425 5004 2072 5078; baseline -0.002 -16"><span class='ocrx_word' id='word_1_594' title='bbox 425 5007 581 5077; x_wconf 92' lang='lat' dir='ltr'>poris</span> <span class='ocrx_word' id='word_1_595' title='bbox 650 5022 958 5078; x_wconf 86' lang='lat' dir='ltr'>progressu</span> <span class='ocrx_word' id='word_1_596' title='bbox 1026 5006 1251 5061; x_wconf 85' lang='lat' dir='ltr'>faciens</span> <span class='ocrx_word' id='word_1_597' title='bbox 1296 5005 1526 5061; x_wconf 85' lang='lat' dir='ltr'>virtutis</span> <span class='ocrx_word' id='word_1_598' title='bbox 1588 5004 2072 5075; x_wconf 83' lang='lat' dir='ltr'>progressionem.</span> 
     </span>
    </p>
   </div>
   <div class='ocr_carea' id='block_1_84' title="bbox 422 5093 2074 5166">
    <p class='ocr_par' dir='ltr' id='par_1_84' title="bbox 422 5093 2074 5166">
     <span class='ocr_line' id='line_1_84' title="bbox 422 5093 2074 5166; baseline 0 -17"><span class='ocrx_word' id='word_1_599' title='bbox 422 5093 566 5150; x_wconf 89' lang='lat' dir='ltr'>Cum</span> <span class='ocrx_word' id='word_1_600' title='bbox 615 5111 749 5152; x_wconf 89' lang='lat' dir='ltr'>vero</span> <span class='ocrx_word' id='word_1_601' title='bbox 798 5099 1037 5165; x_wconf 90' lang='lat' dir='ltr'>tempus</span> <span class='ocrx_word' id='word_1_602' title='bbox 1083 5093 1229 5149; x_wconf 87' lang='lat' dir='ltr'>illud</span> <span class='ocrx_word' id='word_1_603' title='bbox 1278 5094 1531 5150; x_wconf 90' lang='lat' dir='ltr'>salutare</span> <span class='ocrx_word' id='word_1_604' title='bbox 1584 5093 1923 5160; x_wconf 87' lang='lat' dir='ltr'>advenisset,</span> <span class='ocrx_word' id='word_1_605' title='bbox 1959 5109 2074 5166; x_wconf 93' lang='lat' dir='ltr'>quo</span> 
     </span>
    </p>
   </div>
   <div class='ocr_carea' id='block_1_85' title="bbox 497 5282 2074 5357">
    <p class='ocr_par' dir='ltr' id='par_1_85' title="bbox 497 5282 2074 5357">
     <span class='ocr_line' id='line_1_85' title="bbox 497 5282 2074 5357; baseline 0.001 -21"><span class='ocrx_word' id='word_1_606' title='bbox 497 5284 572 5354; x_wconf 85' lang='lat'>(2)</span> <span class='ocrx_word' id='word_1_607' title='bbox 605 5285 681 5340; x_wconf 89' lang='lat' dir='ltr'>De</span> <span class='ocrx_word' id='word_1_608' title='bbox 716 5284 825 5340; x_wconf 87' lang='lat' dir='ltr'>hoc</span> <span class='ocrx_word' id='word_1_609' title='bbox 857 5284 1007 5340; x_wconf 88' lang='lat' dir='ltr'>inter</span> <span class='ocrx_word' id='word_1_610' title='bbox 1038 5283 1384 5357; x_wconf 84' lang='lat' dir='ltr'>publicanos</span> <span class='ocrx_word' id='word_1_611' title='bbox 1436 5284 1770 5357; x_wconf 88' lang='lat' dir='ltr'>principatu</span> <span class='ocrx_word' id='word_1_612' title='bbox 1818 5282 2074 5357; x_wconf 81' lang='lat' dir='ltr'>dubitari</span> 
     </span>
    </p>
   </div>
   <div class='ocr_carea' id='block_1_86' title="bbox 428 5354 2076 5427">
    <p class='ocr_par' dir='ltr' id='par_1_86' title="bbox 428 5354 2076 5427">
     <span class='ocr_line' id='line_1_86' title="bbox 428 5354 2076 5427; baseline 0.001 -19"><span class='ocrx_word' id='word_1_613' title='bbox 428 5357 636 5409; x_wconf 90' lang='lat' dir='ltr'>merito</span> <span class='ocrx_word' id='word_1_614' title='bbox 670 5361 876 5427; x_wconf 90' lang='lat' dir='ltr'>potest,</span> <span class='ocrx_word' id='word_1_615' title='bbox 906 5354 1134 5413; x_wconf 87' lang='lat' dir='ltr'>etiamsi</span> <span class='ocrx_word' id='word_1_616' title='bbox 1168 5356 1362 5411; x_wconf 87' lang='lat' dir='ltr'>solum</span> <span class='ocrx_word' id='word_1_617' title='bbox 1396 5354 1723 5424; x_wconf 81' lang='lat' dir='ltr'>credamus,</span> <span class='ocrx_word' id='word_1_618' title='bbox 1752 5354 1987 5427; x_wconf 85' lang='lat' dir='ltr'>ingenio</span> <span class='ocrx_word' id='word_1_619' title='bbox 2019 5360 2076 5410; x_wconf 90' lang='lat' dir='ltr'>et</span> 
     </span>
    </p>
   </div>
   <div class='ocr_carea' id='block_1_87' title="bbox 428 5426 2071 5499">
    <p class='ocr_par' dir='ltr' id='par_1_87' title="bbox 428 5426 2071 5499">
     <span class='ocr_line' id='line_1_87' title="bbox 428 5426 2071 5499; baseline 0.002 -20"><span class='ocrx_word' id='word_1_620' title='bbox 428 5426 761 5499; x_wconf 81' lang='lat' dir='ltr'>dexteritate</span> <span class='ocrx_word' id='word_1_621' title='bbox 808 5429 1131 5499; x_wconf 90' lang='lat' dir='ltr'>principem</span> <span class='ocrx_word' id='word_1_622' title='bbox 1187 5428 1393 5496; x_wconf 85' lang='lat' dir='ltr'>asseri,</span> <span class='ocrx_word' id='word_1_623' title='bbox 1429 5434 1491 5484; x_wconf 91' lang='lat' dir='ltr'>ut</span> <span class='ocrx_word' id='word_1_624' title='bbox 1524 5428 1685 5485; x_wconf 89' lang='lat' dir='ltr'>locus</span> <span class='ocrx_word' id='word_1_625' title='bbox 1715 5426 1867 5482; x_wconf 90' lang='lat' dir='ltr'>clare</span> <span class='ocrx_word' id='word_1_626' title='bbox 1898 5443 2071 5498; x_wconf 81' lang='lat' dir='ltr'>expo-</span> 
     </span>
    </p>
   </div>
   <div class='ocr_carea' id='block_1_88' title="bbox 427 5498 1217 5570">
    <p class='ocr_par' dir='ltr' id='par_1_88' title="bbox 427 5498 1217 5570">
     <span class='ocr_line' id='line_1_88' title="bbox 427 5498 1217 5570; baseline 0.001 -19"><span class='ocrx_word' id='word_1_627' title='bbox 427 5498 591 5552; x_wconf 89' lang='lat' dir='ltr'>nitur</span> <span class='ocrx_word' id='word_1_628' title='bbox 620 5500 773 5569; x_wconf 88' lang='lat' dir='ltr'>apud</span> <span class='ocrx_word' id='word_1_629' title='bbox 810 5498 1217 5570; x_wconf 85' lang='lat' dir='ltr'>Lipomanum.</span> 
     </span>
    </p>
   </div>
   <div class='ocr_carea' id='block_1_89' title="bbox 498 5568 2074 5639">
    <p class='ocr_par' dir='ltr' id='par_1_89' title="bbox 498 5568 2074 5639">
     <span class='ocr_line' id='line_1_89' title="bbox 498 5568 2074 5639; baseline 0.001 -15"><span class='ocrx_word' id='word_1_630' title='bbox 498 5570 568 5639; x_wconf 88' lang='lat'>(3)</span> <span class='ocrx_word' id='word_1_631' title='bbox 600 5568 965 5627; x_wconf 75' lang='lat' dir='ltr'>Existimavit</span> <span class='ocrx_word' id='word_1_632' title='bbox 1005 5577 1229 5638; x_wconf 89' lang='lat' dir='ltr'>auctor,</span> <span class='ocrx_word' id='word_1_633' title='bbox 1271 5587 1387 5628; x_wconf 93' lang='lat' dir='ltr'>non</span> <span class='ocrx_word' id='word_1_634' title='bbox 1438 5570 1619 5627; x_wconf 84' lang='lat' dir='ltr'>fuisse</span> <span class='ocrx_word' id='word_1_635' title='bbox 1669 5570 1893 5626; x_wconf 90' lang='lat' dir='ltr'>dictum</span> <span class='ocrx_word' id='word_1_636' title='bbox 1926 5568 2074 5625; x_wconf 80' lang='lat' dir='ltr'>Mat-</span> 
     </span>
    </p>
   </div>
   <div class='ocr_carea' id='block_1_90' title="bbox 425 5640 2071 5712">
    <p class='ocr_par' dir='ltr' id='par_1_90' title="bbox 425 5640 2071 5712">
     <span class='ocr_line' id='line_1_90' title="bbox 425 5640 2071 5712; baseline -0.001 -14"><span class='ocrx_word' id='word_1_637' title='bbox 425 5640 641 5699; x_wconf 78' lang='lat' dir='ltr'>thasum</span> <span class='ocrx_word' id='word_1_638' title='bbox 702 5647 835 5700; x_wconf 91' lang='lat' dir='ltr'>ante</span> <span class='ocrx_word' id='word_1_639' title='bbox 888 5644 1267 5712; x_wconf 88' lang='lat' dir='ltr'>vocationem,</span> <span class='ocrx_word' id='word_1_640' title='bbox 1316 5644 1414 5698; x_wconf 90' lang='lat' dir='ltr'>sed</span> <span class='ocrx_word' id='word_1_641' title='bbox 1464 5642 1614 5700; x_wconf 88' lang='lat' dir='ltr'>Levi.</span> <span class='ocrx_word' id='word_1_642' title='bbox 1664 5644 1900 5699; x_wconf 89' lang='lat' dir='ltr'>Certum</span> <span class='ocrx_word' id='word_1_643' title='bbox 1959 5646 2071 5711; x_wconf 87' lang='lat' dir='ltr'>est,</span> 
     </span>
    </p>
   </div>
   <div class='ocr_carea' id='block_1_91' title="bbox 424 5713 2066 5784">
    <p class='ocr_par' dir='ltr' id='par_1_91' title="bbox 424 5713 2066 5784">
     <span class='ocr_line' id='line_1_91' title="bbox 424 5713 2066 5784; baseline -0.002 -10"><span class='ocrx_word' id='word_1_644' title='bbox 424 5730 638 5776; x_wconf 88' lang='lat' dir='ltr'>nomen</span> <span class='ocrx_word' id='word_1_645' title='bbox 671 5714 805 5773; x_wconf 89' lang='lat' dir='ltr'>Levi</span> <span class='ocrx_word' id='word_1_646' title='bbox 849 5714 1038 5771; x_wconf 90' lang='lat' dir='ltr'>eidem</span> <span class='ocrx_word' id='word_1_647' title='bbox 1088 5713 1269 5771; x_wconf 78' lang='lat' dir='ltr'>fuisse</span> <span class='ocrx_word' id='word_1_648' title='bbox 1306 5714 1481 5771; x_wconf 85' lang='lat' dir='ltr'>etiam</span> <span class='ocrx_word' id='word_1_649' title='bbox 1512 5723 1641 5772; x_wconf 88' lang='lat' dir='ltr'>ante</span> <span class='ocrx_word' id='word_1_650' title='bbox 1667 5713 2066 5784; x_wconf 81' lang='lat' dir='ltr'>vocationem;</span> 
     </span>
    </p>
   </div>
   <div class='ocr_carea' id='block_1_92' title="bbox 2187 3132 3847 3213">
    <p class='ocr_par' dir='ltr' id='par_1_92' title="bbox 2187 3132 3847 3213">
     <span class='ocr_line' id='line_1_92' title="bbox 2187 3132 3847 3213; baseline 0.004 -28"><span class='ocrx_word' id='word_1_651' title='bbox 2187 3132 2260 3195; x_wconf 87' lang='grc' dir='ltr'>εἷς</span> <span class='ocrx_word' id='word_1_652' title='bbox 2322 3135 2597 3190; x_wconf 86' lang='grc' dir='ltr'>Ματθαῖον</span> <span class='ocrx_word' id='word_1_653' title='bbox 2650 3138 2740 3191; x_wconf 87' lang='grc' dir='ltr'>καὶ</span> <span class='ocrx_word' id='word_1_654' title='bbox 2793 3138 2892 3207; x_wconf 79' lang='grc' dir='ltr'>τὴν</span> <span class='ocrx_word' id='word_1_655' title='bbox 2944 3137 3314 3213; x_wconf 80' lang='grc' dir='ltr'>προσηγορίαν</span> <span class='ocrx_word' id='word_1_656' title='bbox 3359 3135 3665 3207; x_wconf 82' lang='grc' dir='ltr'>ἠλλάξατο,</span> <span class='ocrx_word' id='word_1_657' title='bbox 3699 3136 3847 3193; x_wconf 79' lang='grc' dir='ltr'>ὥστε</span> 
     </span>
    </p>
   </div>
   <div class='ocr_carea' id='block_1_93' title="bbox 2184 3221 3844 3299">
    <p class='ocr_par' dir='ltr' id='par_1_93' title="bbox 2184 3221 3844 3299">
     <span class='ocr_line' id='line_1_93' title="bbox 2184 3221 3844 3299; baseline 0.004 -25"><span class='ocrx_word' id='word_1_658' title='bbox 2184 3221 2273 3275; x_wconf 81' lang='grc' dir='ltr'>καὶ</span> <span class='ocrx_word' id='word_1_659' title='bbox 2313 3221 2649 3298; x_wconf 71' lang='grc' dir='ltr'>ἀνακειμένῳ</span> <span class='ocrx_word' id='word_1_660' title='bbox 2683 3228 2817 3298; x_wconf 88' lang='grc' dir='ltr'>μετὰ</span> <span class='ocrx_word' id='word_1_661' title='bbox 2864 3230 3030 3281; x_wconf 84' lang='grc' dir='ltr'>ταῦτα</span> <span class='ocrx_word' id='word_1_662' title='bbox 3071 3225 3130 3281; x_wconf 69' lang='grc' dir='ltr'>ἐκ</span> <span class='ocrx_word' id='word_1_663' title='bbox 3164 3229 3233 3299; x_wconf 80' lang='grc' dir='ltr'>τῇ</span> <span class='ocrx_word' id='word_1_664' title='bbox 3286 3225 3433 3297; x_wconf 80' lang='grc' dir='ltr'>οἰκίᾳ</span> <span class='ocrx_word' id='word_1_665' title='bbox 3488 3231 3571 3297; x_wconf 82' lang='grc' dir='ltr'>τῷ</span> <span class='ocrx_word' id='word_1_666' title='bbox 3630 3228 3844 3296; x_wconf 82' lang='grc' dir='ltr'>Ἰησοῦ,</span> 
     </span>
    </p>
   </div>
   <div class='ocr_carea' id='block_1_94' title="bbox 2186 3312 3844 3395">
    <p class='ocr_par' dir='ltr' id='par_1_94' title="bbox 2186 3312 3844 3395">
     <span class='ocr_line' id='line_1_94' title="bbox 2186 3312 3844 3395; baseline 0.002 -30"><span class='ocrx_word' id='word_1_667' title='bbox 2186 3316 2593 3369; x_wconf 86' lang='grc' dir='ltr'>συνανακεῖσθαι</span> <span class='ocrx_word' id='word_1_668' title='bbox 2653 3314 2801 3387; x_wconf 80' lang='grc' dir='ltr'>αὐτῴ</span> <span class='ocrx_word' id='word_1_669' title='bbox 2858 3316 2946 3370; x_wconf 73' lang='grc' dir='ltr'>καὶ</span> <span class='ocrx_word' id='word_1_670' title='bbox 3001 3322 3302 3385; x_wconf 78' lang='grc' dir='ltr'>Ματθαῖον,</span> <span class='ocrx_word' id='word_1_671' title='bbox 3345 3316 3425 3395; x_wconf 73' lang='grc' dir='ltr'>ἐφ’</span> <span class='ocrx_word' id='word_1_672' title='bbox 3457 3316 3502 3388; x_wconf 80' lang='grc' dir='ltr'>ᾧ</span> <span class='ocrx_word' id='word_1_673' title='bbox 3556 3312 3844 3392; x_wconf 75' lang='grc' dir='ltr'>διαπορεῖ-</span> 
     </span>
    </p>
   </div>
   <div class='ocr_carea' id='block_1_95' title="bbox 2188 3403 3843 3480">
    <p class='ocr_par' dir='ltr' id='par_1_95' title="bbox 2188 3403 3843 3480">
     <span class='ocr_line' id='line_1_95' title="bbox 2188 3403 3843 3480; baseline 0.003 -26"><span class='ocrx_word' id='word_1_674' title='bbox 2188 3412 2308 3464; x_wconf 85' lang='grc' dir='ltr'>σθαι</span> <span class='ocrx_word' id='word_1_675' title='bbox 2346 3403 2472 3464; x_wconf 82' lang='grc' dir='ltr'>τοὺς</span> <span class='ocrx_word' id='word_1_676' title='bbox 2524 3405 2877 3480; x_wconf 83' lang='grc' dir='ltr'>Φαρισαίους,</span> <span class='ocrx_word' id='word_1_677' title='bbox 2911 3405 3000 3458; x_wconf 81' lang='grc' dir='ltr'>καὶ</span> <span class='ocrx_word' id='word_1_678' title='bbox 3054 3403 3516 3469; x_wconf 77' lang='grc' dir='ltr'>ἀναπυνθανεσθαι</span> <span class='ocrx_word' id='word_1_679' title='bbox 3563 3410 3672 3460; x_wconf 79' lang='grc' dir='ltr'>τῶν</span> <span class='ocrx_word' id='word_1_680' title='bbox 3737 3426 3843 3478; x_wconf 64' lang='grc' dir='ltr'>μαι</span> 
     </span>
    </p>
   </div>
   <div class='ocr_carea' id='block_1_96' title="bbox 2187 3489 3841 3567">
    <p class='ocr_par' dir='ltr' id='par_1_96' title="bbox 2187 3489 3841 3567">
     <span class='ocr_line' id='line_1_96' title="bbox 2187 3489 3841 3567; baseline 0.002 -24"><span class='ocrx_word' id='word_1_681' title='bbox 2187 3495 2367 3559; x_wconf 81' lang='grc' dir='ltr'>θητῶν</span> <span class='ocrx_word' id='word_1_682' title='bbox 2405 3512 2417 3524; x_wconf 66' lang='lat'>:</span> <span class='ocrx_word' id='word_1_683' title='bbox 2452 3494 2519 3548; x_wconf 85' lang='grc' dir='ltr'>Τι</span> <span class='ocrx_word' id='word_1_684' title='bbox 2578 3489 2714 3561; x_wconf 76' lang='grc' dir='ltr'>δῆτα</span> <span class='ocrx_word' id='word_1_685' title='bbox 2758 3494 2893 3565; x_wconf 82' lang='grc' dir='ltr'>μετὰ</span> <span class='ocrx_word' id='word_1_686' title='bbox 2948 3493 3199 3549; x_wconf 83' lang='grc' dir='ltr'>τελωνῶν</span> <span class='ocrx_word' id='word_1_687' title='bbox 3243 3494 3271 3548; x_wconf 93' lang='lat'>6</span> <span class='ocrx_word' id='word_1_688' title='bbox 3304 3491 3628 3556; x_wconf 85' lang='grc' dir='ltr'>διδάσκαλος</span> <span class='ocrx_word' id='word_1_689' title='bbox 3682 3495 3841 3567; x_wconf 81' lang='grc' dir='ltr'>ὑμῶν</span> 
     </span>
    </p>
   </div>
   <div class='ocr_carea' id='block_1_97' title="bbox 2186 3578 3840 3661">
    <p class='ocr_par' dir='ltr' id='par_1_97' title="bbox 2186 3578 3840 3661">
     <span class='ocr_line' id='line_1_97' title="bbox 2186 3578 3840 3661; baseline 0.004 -28"><span class='ocrx_word' id='word_1_690' title='bbox 2186 3578 2380 3642; x_wconf 82' lang='grc' dir='ltr'>ἐσθίεις</span> <span class='ocrx_word' id='word_1_691' title='bbox 2410 3582 2500 3636; x_wconf 88' lang='grc' dir='ltr'>τὸν</span> <span class='ocrx_word' id='word_1_692' title='bbox 2533 3580 2589 3635; x_wconf 75' lang='grc' dir='ltr'>δὲ</span> <span class='ocrx_word' id='word_1_693' title='bbox 2620 3582 2917 3638; x_wconf 81' lang='grc' dir='ltr'>ἀκούσαντα</span> <span class='ocrx_word' id='word_1_694' title='bbox 2948 3604 3130 3661; x_wconf 68' lang='grc' dir='ltr'>φάναι,</span> <span class='ocrx_word' id='word_1_695' title='bbox 3163 3608 3191 3636; x_wconf 82' lang='grc' dir='ltr'>ι(</span> <span class='ocrx_word' id='word_1_696' title='bbox 3242 3583 3318 3641; x_wconf 79' lang='grc' dir='ltr'>Οὐ</span> <span class='ocrx_word' id='word_1_697' title='bbox 3366 3583 3554 3661; x_wconf 78' lang='grc' dir='ltr'>χρείαν</span> <span class='ocrx_word' id='word_1_698' title='bbox 3615 3578 3840 3660; x_wconf 81' lang='grc' dir='ltr'>ἔχουσιν</span> 
     </span>
    </p>
   </div>
   <div class='ocr_carea' id='block_1_98' title="bbox 2187 3668 3841 3750">
    <p class='ocr_par' dir='ltr' id='par_1_98' title="bbox 2187 3668 3841 3750">
     <span class='ocr_line' id='line_1_98' title="bbox 2187 3668 3841 3750; baseline 0.004 -28"><span class='ocrx_word' id='word_1_699' title='bbox 2187 3669 2237 3722; x_wconf 77' lang='lat' dir='ltr'>oi</span> <span class='ocrx_word' id='word_1_700' title='bbox 2298 3668 2579 3745; x_wconf 71' lang='grc' dir='ltr'>ἴσχύοντες</span> <span class='ocrx_word' id='word_1_701' title='bbox 2622 3677 2840 3747; x_wconf 88' lang='grc' dir='ltr'>ῖατροῦ,</span> <span class='ocrx_word' id='word_1_702' title='bbox 2872 3672 2999 3728; x_wconf 81' lang='grc' dir='ltr'>ἀλλ’</span> <span class='ocrx_word' id='word_1_703' title='bbox 3031 3675 3080 3729; x_wconf 74' lang='grc' dir='ltr'>ὸί</span> <span class='ocrx_word' id='word_1_704' title='bbox 3134 3679 3312 3736; x_wconf 80' lang='grc' dir='ltr'>κακῶς</span> <span class='ocrx_word' id='word_1_705' title='bbox 3362 3670 3601 3750; x_wconf 76' lang='grc' dir='ltr'>ἔχοντες.</span> <span class='ocrx_word' id='word_1_706' title='bbox 3639 3698 3659 3724; x_wconf 80' lang='grc' dir='ltr'>ι</span> <span class='ocrx_word' id='word_1_707' title='bbox 3709 3676 3841 3749; x_wconf 69' lang='grc' dir='ltr'>Καὶ,</span> 
     </span>
    </p>
   </div>
   <div class='ocr_carea' id='block_1_99' title="bbox 2186 3760 3839 3835">
    <p class='ocr_par' dir='ltr' id='par_1_99' title="bbox 2186 3760 3839 3835">
     <span class='ocr_line' id='line_1_99' title="bbox 2186 3760 3839 3835; baseline 0.002 -21"><span class='ocrx_word' id='word_1_708' title='bbox 2186 3782 2213 3809; x_wconf 88' lang='grc'>‹‹</span> <span class='ocrx_word' id='word_1_709' title='bbox 2254 3760 2599 3832; x_wconf 71' lang='grc' dir='ltr'>Πορευθέντες</span> <span class='ocrx_word' id='word_1_710' title='bbox 2636 3763 2831 3835; x_wconf 85' lang='grc' dir='ltr'>μάθετε</span> <span class='ocrx_word' id='word_1_711' title='bbox 2859 3762 2907 3817; x_wconf 89' lang='grc' dir='ltr'>τί</span> <span class='ocrx_word' id='word_1_712' title='bbox 2943 3762 3107 3817; x_wconf 81' lang='grc' dir='ltr'>ἐστιν·</span> <span class='ocrx_word' id='word_1_713' title='bbox 3136 3762 3330 3819; x_wconf 82' lang='grc' dir='ltr'>’Έλεον</span> <span class='ocrx_word' id='word_1_714' title='bbox 3353 3763 3496 3827; x_wconf 79' lang='grc' dir='ltr'>θὲλω</span> <span class='ocrx_word' id='word_1_715' title='bbox 3525 3762 3615 3816; x_wconf 83' lang='grc' dir='ltr'>καὶ</span> <span class='ocrx_word' id='word_1_716' title='bbox 3647 3761 3709 3817; x_wconf 72' lang='grc' dir='ltr'>οὺ</span> <span class='ocrx_word' id='word_1_717' title='bbox 3744 3765 3839 3817; x_wconf 82' lang='grc' dir='ltr'>θυ-</span> 
     </span>
    </p>
   </div>
   <div class='ocr_carea' id='block_1_100' title="bbox 2185 3847 3842 3923">
    <p class='ocr_par' dir='ltr' id='par_1_100' title="bbox 2185 3847 3842 3923">
     <span class='ocr_line' id='line_1_100' title="bbox 2185 3847 3842 3923; baseline 0.004 -20"><span class='ocrx_word' id='word_1_718' title='bbox 2185 3847 2322 3905; x_wconf 84' lang='grc' dir='ltr'>σίαν.</span> <span class='ocrx_word' id='word_1_719' title='bbox 2360 3873 2387 3901; x_wconf 93' lang='grc'><strong>››</strong></span> <span class='ocrx_word' id='word_1_720' title='bbox 2418 3851 2484 3907; x_wconf 90' lang='grc' dir='ltr'>Τί</span> <span class='ocrx_word' id='word_1_721' title='bbox 2515 3856 2676 3906; x_wconf 87' lang='grc' dir='ltr'>τοῦτο</span> <span class='ocrx_word' id='word_1_722' title='bbox 2710 3848 2921 3923; x_wconf 81' lang='grc' dir='ltr'>δηλῶν,</span> <span class='ocrx_word' id='word_1_723' title='bbox 2954 3854 3027 3915; x_wconf 84' lang='grc' dir='ltr'>ὡς</span> <span class='ocrx_word' id='word_1_724' title='bbox 3061 3852 3121 3908; x_wconf 83' lang='grc' dir='ltr'>οὐ</span> <span class='ocrx_word' id='word_1_725' title='bbox 3154 3851 3397 3916; x_wconf 86' lang='grc' dir='ltr'>δικαίους</span> <span class='ocrx_word' id='word_1_726' title='bbox 3437 3854 3572 3923; x_wconf 76' lang='grc' dir='ltr'>ἦλθε</span> <span class='ocrx_word' id='word_1_727' title='bbox 3605 3853 3842 3910; x_wconf 71' lang='grc' dir='ltr'>καλέσαι</span> 
     </span>
    </p>
   </div>
   <div class='ocr_carea' id='block_1_101' title="bbox 2184 3939 3837 4015">
    <p class='ocr_par' dir='ltr' id='par_1_101' title="bbox 2184 3939 3837 4015">
     <span class='ocr_line' id='line_1_101' title="bbox 2184 3939 3837 4015; baseline 0.005 -23"><span class='ocrx_word' id='word_1_728' title='bbox 2184 3939 2422 4007; x_wconf 87' lang='grc' dir='ltr'>πάντως,</span> <span class='ocrx_word' id='word_1_729' title='bbox 2456 3939 2602 3995; x_wconf 76' lang='grc' dir='ltr'>ἀλλὰ</span> <span class='ocrx_word' id='word_1_730' title='bbox 2648 3941 3012 4014; x_wconf 77' lang='grc' dir='ltr'>ἁμαρτωλοὺς</span> <span class='ocrx_word' id='word_1_731' title='bbox 3062 3942 3138 4006; x_wconf 70' lang='grc' dir='ltr'>είς</span> <span class='ocrx_word' id='word_1_732' title='bbox 3201 3944 3509 4015; x_wconf 78' lang='grc' dir='ltr'>μετάνοιαν.</span> <span class='ocrx_word' id='word_1_733' title='bbox 3559 3946 3837 4009; x_wconf 75' lang='grc' dir='ltr'>Ἐντεῦθεν</span> 
     </span>
    </p>
   </div>
   <div class='ocr_carea' id='block_1_102' title="bbox 2188 4030 3840 4107">
    <p class='ocr_par' dir='ltr' id='par_1_102' title="bbox 2188 4030 3840 4107">
     <span class='ocr_line' id='line_1_102' title="bbox 2188 4030 3840 4107; baseline 0.004 -25"><span class='ocrx_word' id='word_1_734' title='bbox 2188 4034 2507 4105; x_wconf 77' lang='grc' dir='ltr'>σταυροῦται</span> <span class='ocrx_word' id='word_1_735' title='bbox 2554 4030 2648 4103; x_wconf 75' lang='grc' dir='ltr'>μὲν</span> <span class='ocrx_word' id='word_1_736' title='bbox 2694 4032 2721 4085; x_wconf 93' lang='lat'>6</span> <span class='ocrx_word' id='word_1_737' title='bbox 2771 4034 3045 4095; x_wconf 87' lang='grc' dir='ltr'>Ματθαῖος</span> <span class='ocrx_word' id='word_1_738' title='bbox 3096 4037 3175 4105; x_wconf 78' lang='grc' dir='ltr'>τῷ</span> <span class='ocrx_word' id='word_1_739' title='bbox 3214 4032 3406 4107; x_wconf 85' lang='grc' dir='ltr'>κόσμῳ</span> <span class='ocrx_word' id='word_1_740' title='bbox 3451 4033 3636 4103; x_wconf 78' lang='grc' dir='ltr'>παντὶ,</span> <span class='ocrx_word' id='word_1_741' title='bbox 3671 4055 3840 4089; x_wconf 76' lang='grc' dir='ltr'>σταυ·</span> 
     </span>
    </p>
   </div>
   <div class='ocr_carea' id='block_1_103' title="bbox 2190 4116 3839 4197">
    <p class='ocr_par' dir='ltr' id='par_1_103' title="bbox 2190 4116 3839 4197">
     <span class='ocr_line' id='line_1_103' title="bbox 2190 4116 3839 4197; baseline 0.003 -24"><span class='ocrx_word' id='word_1_742' title='bbox 2190 4123 2374 4193; x_wconf 79' lang='grc' dir='ltr'>ροῦται</span> <span class='ocrx_word' id='word_1_743' title='bbox 2421 4116 2477 4174; x_wconf 73' lang='grc' dir='ltr'>δὲ</span> <span class='ocrx_word' id='word_1_744' title='bbox 2516 4126 2635 4181; x_wconf 84' lang='grc' dir='ltr'>ταῖς</span> <span class='ocrx_word' id='word_1_745' title='bbox 2684 4126 2977 4193; x_wconf 85' lang='grc' dir='ltr'>κοσμικαῖς</span> <span class='ocrx_word' id='word_1_746' title='bbox 3027 4120 3259 4183; x_wconf 78' lang='grc' dir='ltr'>ἀπάσαις</span> <span class='ocrx_word' id='word_1_747' title='bbox 3299 4120 3637 4195; x_wconf 82' lang='grc' dir='ltr'>ἐπιθυμίαις,</span> <span class='ocrx_word' id='word_1_748' title='bbox 3681 4124 3839 4197; x_wconf 81' lang='grc' dir='ltr'>μόνῳ</span> 
     </span>
    </p>
   </div>
   <div class='ocr_carea' id='block_1_104' title="bbox 2184 4209 3839 4290">
    <p class='ocr_par' dir='ltr' id='par_1_104' title="bbox 2184 4209 3839 4290">
     <span class='ocr_line' id='line_1_104' title="bbox 2184 4209 3839 4290; baseline 0.004 -28"><span class='ocrx_word' id='word_1_749' title='bbox 2184 4228 2240 4261; x_wconf 89' lang='grc' dir='ltr'>τε</span> <span class='ocrx_word' id='word_1_750' title='bbox 2271 4212 2351 4279; x_wconf 76' lang='grc' dir='ltr'>τῷ</span> <span class='ocrx_word' id='word_1_751' title='bbox 2380 4212 2495 4280; x_wconf 85' lang='grc' dir='ltr'>Θεῷ</span> <span class='ocrx_word' id='word_1_752' title='bbox 2542 4213 2670 4279; x_wconf 86' lang='grc' dir='ltr'>ζῶν,</span> <span class='ocrx_word' id='word_1_753' title='bbox 2704 4209 2793 4263; x_wconf 87' lang='grc' dir='ltr'>καὶ</span> <span class='ocrx_word' id='word_1_754' title='bbox 2850 4211 3026 4283; x_wconf 74' lang='grc' dir='ltr'>τούτῳ</span> <span class='ocrx_word' id='word_1_755' title='bbox 3064 4212 3179 4265; x_wconf 87' lang='grc' dir='ltr'>κατ’</span> <span class='ocrx_word' id='word_1_756' title='bbox 3214 4210 3369 4290; x_wconf 76' lang='grc' dir='ltr'>ἴχνος</span> <span class='ocrx_word' id='word_1_757' title='bbox 3424 4210 3711 4284; x_wconf 79' lang='grc' dir='ltr'>ἒπὸμενος,</span> <span class='ocrx_word' id='word_1_758' title='bbox 3744 4235 3839 4268; x_wconf 89' lang='grc' dir='ltr'>και</span> 
     </span>
    </p>
   </div>
   <div class='ocr_carea' id='block_1_105' title="bbox 2184 4296 3842 4375">
    <p class='ocr_par' dir='ltr' id='par_1_105' title="bbox 2184 4296 3842 4375">
     <span class='ocr_line' id='line_1_105' title="bbox 2184 4296 3842 4375; baseline 0.004 -24"><span class='ocrx_word' id='word_1_759' title='bbox 2184 4296 2395 4352; x_wconf 73' lang='grc' dir='ltr'>πάντων</span> <span class='ocrx_word' id='word_1_760' title='bbox 2456 4297 2621 4353; x_wconf 84' lang='grc' dir='ltr'>αὐτοῦ</span> <span class='ocrx_word' id='word_1_761' title='bbox 2677 4303 2785 4353; x_wconf 82' lang='grc' dir='ltr'>τῶν</span> <span class='ocrx_word' id='word_1_762' title='bbox 2839 4299 3080 4374; x_wconf 82' lang='grc' dir='ltr'>σημείων</span> <span class='ocrx_word' id='word_1_763' title='bbox 3112 4321 3169 4355; x_wconf 89' lang='grc' dir='ltr'>τε</span> <span class='ocrx_word' id='word_1_764' title='bbox 3197 4301 3285 4355; x_wconf 84' lang='grc' dir='ltr'>καὶ</span> <span class='ocrx_word' id='word_1_765' title='bbox 3318 4302 3605 4375; x_wconf 87' lang='grc' dir='ltr'>θαυμάτων</span> <span class='ocrx_word' id='word_1_766' title='bbox 3666 4304 3842 4358; x_wconf 78' lang='grc' dir='ltr'>αὐτό-</span> 
     </span>
    </p>
   </div>
   <div class='ocr_carea' id='block_1_106' title="bbox 2185 4385 3840 4464">
    <p class='ocr_par' dir='ltr' id='par_1_106' title="bbox 2185 4385 3840 4464">
     <span class='ocr_line' id='line_1_106' title="bbox 2185 4385 3840 4464; baseline 0.004 -23"><span class='ocrx_word' id='word_1_767' title='bbox 2185 4408 2327 4457; x_wconf 87' lang='grc' dir='ltr'>πτης</span> <span class='ocrx_word' id='word_1_768' title='bbox 2374 4389 2461 4442; x_wconf 91' lang='grc' dir='ltr'>καί</span> <span class='ocrx_word' id='word_1_769' title='bbox 2509 4388 2767 4451; x_wconf 85' lang='grc' dir='ltr'>κοινωνὸς</span> <span class='ocrx_word' id='word_1_770' title='bbox 2822 4385 3033 4459; x_wconf 80' lang='grc' dir='ltr'>ὢν,άτε</span> <span class='ocrx_word' id='word_1_771' title='bbox 3080 4391 3205 4464; x_wconf 88' lang='grc' dir='ltr'>παρ’</span> <span class='ocrx_word' id='word_1_772' title='bbox 3254 4389 3383 4445; x_wconf 81' lang='grc' dir='ltr'>ὅλον</span> <span class='ocrx_word' id='word_1_773' title='bbox 3424 4391 3514 4445; x_wconf 84' lang='grc' dir='ltr'>τὸν</span> <span class='ocrx_word' id='word_1_774' title='bbox 3554 4398 3653 4460; x_wconf 78' lang='grc' dir='ltr'>τῆς</span> <span class='ocrx_word' id='word_1_775' title='bbox 3682 4392 3840 4448; x_wconf 80' lang='grc' dir='ltr'>οἰκο-</span> 
     </span>
    </p>
   </div>
   <div class='ocr_carea' id='block_1_107' title="bbox 2184 4477 3840 4555">
    <p class='ocr_par' dir='ltr' id='par_1_107' title="bbox 2184 4477 3840 4555">
     <span class='ocr_line' id='line_1_107' title="bbox 2184 4477 3840 4555; baseline 0.002 -23"><span class='ocrx_word' id='word_1_776' title='bbox 2184 4477 2377 4552; x_wconf 89' lang='grc' dir='ltr'>νομίας</span> <span class='ocrx_word' id='word_1_777' title='bbox 2434 4478 2634 4551; x_wconf 86' lang='grc' dir='ltr'>χρόνον</span> <span class='ocrx_word' id='word_1_778' title='bbox 2694 4478 2845 4549; x_wconf 82' lang='grc' dir='ltr'>αὐτῷ</span> <span class='ocrx_word' id='word_1_779' title='bbox 2890 4478 3295 4555; x_wconf 73' lang='grc' dir='ltr'>συγγινόμενος,</span> <span class='ocrx_word' id='word_1_780' title='bbox 3330 4485 3447 4541; x_wconf 85' lang='grc' dir='ltr'>τοῖς</span> <span class='ocrx_word' id='word_1_781' title='bbox 3505 4485 3613 4535; x_wconf 82' lang='grc' dir='ltr'>τῶν</span> <span class='ocrx_word' id='word_1_782' title='bbox 3654 4484 3840 4553; x_wconf 78' lang='grc' dir='ltr'>μαθηο</span> 
     </span>
    </p>
   </div>
   <div class='ocr_carea' id='block_1_108' title="bbox 2182 4566 3838 4644">
    <p class='ocr_par' dir='ltr' id='par_1_108' title="bbox 2182 4566 3838 4644">
     <span class='ocr_line' id='line_1_108' title="bbox 2182 4566 3838 4644; baseline 0.002 -23"><span class='ocrx_word' id='word_1_783' title='bbox 2182 4571 2288 4621; x_wconf 79' lang='grc' dir='ltr'>τῶν</span> <span class='ocrx_word' id='word_1_784' title='bbox 2345 4587 2403 4621; x_wconf 89' lang='grc' dir='ltr'>τε</span> <span class='ocrx_word' id='word_1_785' title='bbox 2441 4568 2761 4640; x_wconf 72' lang='grc' dir='ltr'>κορυφαίοις</span> <span class='ocrx_word' id='word_1_786' title='bbox 2804 4566 3325 4643; x_wconf 83' lang='grc' dir='ltr'>συναριθμούμενος,</span> <span class='ocrx_word' id='word_1_787' title='bbox 3376 4568 3467 4623; x_wconf 81' lang='grc' dir='ltr'>καὶ</span> <span class='ocrx_word' id='word_1_788' title='bbox 3512 4573 3591 4642; x_wconf 77' lang='grc' dir='ltr'>τῷ</span> <span class='ocrx_word' id='word_1_789' title='bbox 3642 4570 3838 4644; x_wconf 80' lang='grc' dir='ltr'>χρόνῳ</span> 
     </span>
    </p>
   </div>
   <div class='ocr_carea' id='block_1_109' title="bbox 2183 4652 3837 4735">
    <p class='ocr_par' dir='ltr' id='par_1_109' title="bbox 2183 4652 3837 4735">
     <span class='ocr_line' id='line_1_109' title="bbox 2183 4652 3837 4735; baseline 0.002 -24"><span class='ocrx_word' id='word_1_790' title='bbox 2183 4662 2589 4731; x_wconf 88' lang='grc' dir='ltr'>συμπροῖοῦσαν</span> <span class='ocrx_word' id='word_1_791' title='bbox 2636 4652 2779 4734; x_wconf 77' lang='grc' dir='ltr'>ἔχων</span> <span class='ocrx_word' id='word_1_792' title='bbox 2840 4660 2938 4727; x_wconf 71' lang='grc' dir='ltr'>τὴν</span> <span class='ocrx_word' id='word_1_793' title='bbox 2994 4658 3211 4735; x_wconf 79' lang='grc' dir='ltr'>ἀρετήν.</span> <span class='ocrx_word' id='word_1_794' title='bbox 3240 4660 3389 4716; x_wconf 84' lang='grc' dir='ltr'>Ἐπεὶ</span> <span class='ocrx_word' id='word_1_795' title='bbox 3448 4656 3504 4714; x_wconf 76' lang='grc' dir='ltr'>δὲ</span> <span class='ocrx_word' id='word_1_796' title='bbox 3548 4659 3636 4715; x_wconf 83' lang='grc' dir='ltr'>καί</span> <span class='ocrx_word' id='word_1_797' title='bbox 3679 4660 3707 4714; x_wconf 89' lang='lat'>6</span> <span class='ocrx_word' id='word_1_798' title='bbox 3734 4664 3837 4715; x_wconf 86' lang='grc' dir='ltr'>τοῦ</span> 
     </span>
    </p>
   </div>
   <div class='ocr_carea' id='block_1_110' title="bbox 2183 4744 3836 4825">
    <p class='ocr_par' dir='ltr' id='par_1_110' title="bbox 2183 4744 3836 4825">
     <span class='ocr_line' id='line_1_110' title="bbox 2183 4744 3836 4825; baseline 0.003 -26"><span class='ocrx_word' id='word_1_799' title='bbox 2183 4744 2456 4820; x_wconf 87' lang='grc' dir='ltr'>σωτηρίου</span> <span class='ocrx_word' id='word_1_800' title='bbox 2502 4747 2707 4809; x_wconf 86' lang='grc' dir='ltr'>πάθους</span> <span class='ocrx_word' id='word_1_801' title='bbox 2750 4746 3055 4825; x_wconf 70' lang='grc' dir='ltr'>ἐφειστήκει</span> <span class='ocrx_word' id='word_1_802' title='bbox 3095 4750 3305 4823; x_wconf 83' lang='grc' dir='ltr'>καιρὸς,</span> <span class='ocrx_word' id='word_1_803' title='bbox 3344 4750 3434 4804; x_wconf 78' lang='grc' dir='ltr'>καὶ</span> <span class='ocrx_word' id='word_1_804' title='bbox 3489 4752 3634 4824; x_wconf 73' lang='grc' dir='ltr'>ταρῇ</span> <span class='ocrx_word' id='word_1_805' title='bbox 3695 4750 3836 4821; x_wconf 78' lang='grc' dir='ltr'>μετὰ</span> 
     </span>
    </p>
   </div>
   <div class='ocr_carea' id='block_1_111' title="bbox 2179 4834 3833 4912">
    <p class='ocr_par' dir='ltr' id='par_1_111' title="bbox 2179 4834 3833 4912">
     <span class='ocr_line' id='line_1_111' title="bbox 2179 4834 3833 4912; baseline 0.001 -21"><span class='ocrx_word' id='word_1_806' title='bbox 2179 4834 2272 4891; x_wconf 79' lang='grc' dir='ltr'>τὸν</span> <span class='ocrx_word' id='word_1_807' title='bbox 2305 4836 2531 4910; x_wconf 87' lang='grc' dir='ltr'>σταυρὸν</span> <span class='ocrx_word' id='word_1_808' title='bbox 2560 4836 2621 4890; x_wconf 91' lang='grc' dir='ltr'>τὸ</span> <span class='ocrx_word' id='word_1_809' title='bbox 2650 4841 2747 4892; x_wconf 87' lang='grc' dir='ltr'>τοῦ</span> <span class='ocrx_word' id='word_1_810' title='bbox 2799 4837 3002 4912; x_wconf 87' lang='grc' dir='ltr'>Κυρίου</span> <span class='ocrx_word' id='word_1_811' title='bbox 3052 4836 3327 4912; x_wconf 80' lang='grc' dir='ltr'>παρεδόθη</span> <span class='ocrx_word' id='word_1_812' title='bbox 3377 4843 3561 4912; x_wconf 82' lang='grc' dir='ltr'>σῶμα,</span> <span class='ocrx_word' id='word_1_813' title='bbox 3591 4839 3681 4893; x_wconf 80' lang='grc' dir='ltr'>καὶ</span> <span class='ocrx_word' id='word_1_814' title='bbox 3740 4842 3833 4893; x_wconf 85' lang='grc' dir='ltr'>νῦν</span> 
     </span>
    </p>
   </div>
   <div class='ocr_carea' id='block_1_112' title="bbox 2186 4925 3833 5005">
    <p class='ocr_par' dir='ltr' id='par_1_112' title="bbox 2186 4925 3833 5005">
     <span class='ocr_line' id='line_1_112' title="bbox 2186 4925 3833 5005; baseline 0.002 -26"><span class='ocrx_word' id='word_1_815' title='bbox 2186 4925 2279 4997; x_wconf 75' lang='grc' dir='ltr'>μὲν</span> <span class='ocrx_word' id='word_1_816' title='bbox 2328 4930 2445 4988; x_wconf 87' lang='grc' dir='ltr'>τοῖς</span> <span class='ocrx_word' id='word_1_817' title='bbox 2504 4931 2776 4997; x_wconf 87' lang='grc' dir='ltr'>μαθηταῖς</span> <span class='ocrx_word' id='word_1_818' title='bbox 2830 4928 2967 4999; x_wconf 75' lang='grc' dir='ltr'>μετὰ</span> <span class='ocrx_word' id='word_1_819' title='bbox 3002 4929 3102 4997; x_wconf 69' lang='grc' dir='ltr'>τὴν</span> <span class='ocrx_word' id='word_1_820' title='bbox 3150 4928 3436 4984; x_wconf 85' lang='grc' dir='ltr'>ἆνάστασιν</span> <span class='ocrx_word' id='word_1_821' title='bbox 3475 4927 3833 5005; x_wconf 71' lang='grc' dir='ltr'>ἐπιφαίνεται,</span> 
     </span>
    </p>
   </div>
   <div class='ocr_carea' id='block_1_113' title="bbox 2181 5012 3830 5089">
    <p class='ocr_par' dir='ltr' id='par_1_113' title="bbox 2181 5012 3830 5089">
     <span class='ocr_line' id='line_1_113' title="bbox 2181 5012 3830 5089; baseline 0.003 -21"><span class='ocrx_word' id='word_1_822' title='bbox 2181 5018 2270 5068; x_wconf 87' lang='grc' dir='ltr'>νῦν</span> <span class='ocrx_word' id='word_1_823' title='bbox 2302 5012 2359 5069; x_wconf 74' lang='grc' dir='ltr'>δὲ</span> <span class='ocrx_word' id='word_1_824' title='bbox 2389 5014 2611 5078; x_wconf 82' lang='grc' dir='ltr'>ἀθέατος</span> <span class='ocrx_word' id='word_1_825' title='bbox 2642 5016 2707 5084; x_wconf 77' lang='grc' dir='ltr'>ἦν</span> <span class='ocrx_word' id='word_1_826' title='bbox 2758 5015 2943 5078; x_wconf 72' lang='grc' dir='ltr'>αὐτοῖς</span> <span class='ocrx_word' id='word_1_827' title='bbox 3004 5017 3070 5071; x_wconf 73' lang='grc' dir='ltr'>τὰ</span> <span class='ocrx_word' id='word_1_828' title='bbox 3128 5017 3336 5089; x_wconf 78' lang='grc' dir='ltr'>πολλὰ,</span> <span class='ocrx_word' id='word_1_829' title='bbox 3366 5016 3524 5080; x_wconf 73' lang='grc' dir='ltr'>τέλος</span> <span class='ocrx_word' id='word_1_830' title='bbox 3584 5018 3661 5079; x_wconf 74' lang='grc' dir='ltr'>εἷς</span> <span class='ocrx_word' id='word_1_831' title='bbox 3731 5018 3830 5073; x_wconf 73' lang='grc' dir='ltr'>οὗ·</span> 
     </span>
    </p>
   </div>
   <div class='ocr_carea' id='block_1_114' title="bbox 2184 5103 3830 5183">
    <p class='ocr_par' dir='ltr' id='par_1_114' title="bbox 2184 5103 3830 5183">
     <span class='ocr_line' id='line_1_114' title="bbox 2184 5103 3830 5183; baseline 0.003 -26"><span class='ocrx_word' id='word_1_832' title='bbox 2184 5104 2370 5178; x_wconf 73' lang='grc' dir='ltr'>ρανους</span> <span class='ocrx_word' id='word_1_833' title='bbox 2431 5103 2708 5183; x_wconf 67' lang='grc' dir='ltr'>ἀνελήφθη</span> <span class='ocrx_word' id='word_1_834' title='bbox 2768 5106 2859 5160; x_wconf 83' lang='grc' dir='ltr'>καὶ</span> <span class='ocrx_word' id='word_1_835' title='bbox 2916 5107 3006 5161; x_wconf 85' lang='grc' dir='ltr'>τὸν</span> <span class='ocrx_word' id='word_1_836' title='bbox 3084 5105 3443 5182; x_wconf 82' lang='grc' dir='ltr'>Παράκλητον</span> <span class='ocrx_word' id='word_1_837' title='bbox 3509 5106 3709 5172; x_wconf 74' lang='grc' dir='ltr'>ἐκεῖθεν</span> <span class='ocrx_word' id='word_1_838' title='bbox 3774 5107 3830 5163; x_wconf 67' lang='grc' dir='ltr'>ἐν</span> 
     </span>
    </p>
   </div>
   <div class='ocr_carea' id='block_1_115' title="bbox 2182 5295 3835 5370">
    <p class='ocr_par' dir='ltr' id='par_1_115' title="bbox 2182 5295 3835 5370">
     <span class='ocr_line' id='line_1_115' title="bbox 2182 5295 3835 5370; baseline 0.001 -20"><span class='ocrx_word' id='word_1_839' title='bbox 2182 5298 2239 5351; x_wconf 92' lang='lat' dir='ltr'>at</span> <span class='ocrx_word' id='word_1_840' title='bbox 2270 5312 2477 5351; x_wconf 89' lang='lat' dir='ltr'>nomen</span> <span class='ocrx_word' id='word_1_841' title='bbox 2519 5295 2776 5370; x_wconf 74' lang='lat' dir='ltr'>Matthaai</span> <span class='ocrx_word' id='word_1_842' title='bbox 2828 5304 3024 5369; x_wconf 83' lang='lat' dir='ltr'>postea</span> <span class='ocrx_word' id='word_1_843' title='bbox 3071 5300 3294 5370; x_wconf 87' lang='lat' dir='ltr'>tantum</span> <span class='ocrx_word' id='word_1_844' title='bbox 3323 5297 3393 5352; x_wconf 91' lang='lat' dir='ltr'>ab</span> <span class='ocrx_word' id='word_1_845' title='bbox 3427 5295 3553 5370; x_wconf 86' lang='lat' dir='ltr'>ipso</span> <span class='ocrx_word' id='word_1_846' title='bbox 3586 5312 3835 5370; x_wconf 77' lang='lat' dir='ltr'>usurpa-</span> 
     </span>
    </p>
   </div>
   <div class='ocr_carea' id='block_1_116' title="bbox 2180 5368 3829 5439">
    <p class='ocr_par' dir='ltr' id='par_1_116' title="bbox 2180 5368 3829 5439">
     <span class='ocr_line' id='line_1_116' title="bbox 2180 5368 3829 5439; baseline 0 -17"><span class='ocrx_word' id='word_1_847' title='bbox 2180 5373 2329 5434; x_wconf 92' lang='lat' dir='ltr'>tum,</span> <span class='ocrx_word' id='word_1_848' title='bbox 2379 5385 2490 5423; x_wconf 91' lang='lat' dir='ltr'>non</span> <span class='ocrx_word' id='word_1_849' title='bbox 2551 5368 2839 5438; x_wconf 85' lang='lat' dir='ltr'>existimo,</span> <span class='ocrx_word' id='word_1_850' title='bbox 2892 5384 3027 5424; x_wconf 89' lang='lat' dir='ltr'>cum</span> <span class='ocrx_word' id='word_1_851' title='bbox 3080 5369 3387 5424; x_wconf 65' lang='lat' dir='ltr'>Mattheus</span> <span class='ocrx_word' id='word_1_852' title='bbox 3438 5369 3561 5439; x_wconf 87' lang='lat' dir='ltr'>ipse</span> <span class='ocrx_word' id='word_1_853' title='bbox 3608 5368 3829 5439; x_wconf 42' lang='lat' dir='ltr'>capi9,</span> 
     </span>
    </p>
   </div>
   <div class='ocr_carea' id='block_1_117' title="bbox 2178 5439 3829 5510">
    <p class='ocr_par' dir='ltr' id='par_1_117' title="bbox 2178 5439 3829 5510">
     <span class='ocr_line' id='line_1_117' title="bbox 2178 5439 3829 5510; baseline 0.002 -17"><span class='ocrx_word' id='word_1_854' title='bbox 2178 5456 2323 5494; x_wconf 90' lang='lat' dir='ltr'>vers.</span> <span class='ocrx_word' id='word_1_855' title='bbox 2365 5441 2400 5493; x_wconf 89' lang='lat'>9</span> <span class='ocrx_word' id='word_1_856' title='bbox 2448 5441 2804 5495; x_wconf 88' lang='lat' dir='ltr'>contrarium</span> <span class='ocrx_word' id='word_1_857' title='bbox 2862 5442 3089 5510; x_wconf 80' lang='lat' dir='ltr'>innuat,</span> <span class='ocrx_word' id='word_1_858' title='bbox 3149 5442 3246 5496; x_wconf 91' lang='lat' dir='ltr'>ubi</span> <span class='ocrx_word' id='word_1_859' title='bbox 3306 5439 3447 5496; x_wconf 91' lang='lat' dir='ltr'>dicit</span> <span class='ocrx_word' id='word_1_860' title='bbox 3507 5456 3520 5494; x_wconf 91' lang='lat'>:</span> <span class='ocrx_word' id='word_1_861' title='bbox 3573 5462 3602 5489; x_wconf 87' lang='grc'><strong>‹‹</strong></span> <span class='ocrx_word' id='word_1_862' title='bbox 3664 5440 3829 5497; x_wconf 80' lang='lat' dir='ltr'>Vidit</span> 
     </span>
    </p>
   </div>
   <div class='ocr_carea' id='block_1_118' title="bbox 2180 5510 3825 5582">
    <p class='ocr_par' dir='ltr' id='par_1_118' title="bbox 2180 5510 3825 5582">
     <span class='ocr_line' id='line_1_118' title="bbox 2180 5510 3825 5582; baseline 0.001 -16"><span class='ocrx_word' id='word_1_863' title='bbox 2180 5511 2391 5582; x_wconf 84' lang='lat' dir='ltr'>(Jesus)</span> <span class='ocrx_word' id='word_1_864' title='bbox 2424 5512 2716 5568; x_wconf 92' lang='lat' dir='ltr'>hominem</span> <span class='ocrx_word' id='word_1_865' title='bbox 2766 5512 3062 5569; x_wconf 85' lang='lat' dir='ltr'>sedentem</span> <span class='ocrx_word' id='word_1_866' title='bbox 3105 5512 3162 5567; x_wconf 91' lang='lat' dir='ltr'>in</span> <span class='ocrx_word' id='word_1_867' title='bbox 3206 5511 3454 5579; x_wconf 90' lang='lat' dir='ltr'>teloneo,</span> <span class='ocrx_word' id='word_1_868' title='bbox 3485 5510 3825 5568; x_wconf 65' lang='lat' dir='ltr'>Matthmum</span> 
     </span>
    </p>
   </div>
   <div class='ocr_carea' id='block_1_119' title="bbox 2180 5583 3827 5659">
    <p class='ocr_par' dir='ltr' id='par_1_119' title="bbox 2180 5583 3827 5659">
     <span class='ocr_line' id='line_1_119' title="bbox 2180 5583 3827 5659; baseline 0.002 -21"><span class='ocrx_word' id='word_1_869' title='bbox 2180 5583 2435 5640; x_wconf 89' lang='lat' dir='ltr'>nomine.</span> <span class='ocrx_word' id='word_1_870' title='bbox 2478 5604 2506 5635; x_wconf 76' lang='grc' dir='ltr'>υ</span> <span class='ocrx_word' id='word_1_871' title='bbox 2542 5585 2742 5658; x_wconf 89' lang='lat' dir='ltr'>Itaque</span> <span class='ocrx_word' id='word_1_872' title='bbox 2766 5584 2885 5657; x_wconf 86' lang='lat' dir='ltr'>jam</span> <span class='ocrx_word' id='word_1_873' title='bbox 2917 5590 3043 5641; x_wconf 87' lang='lat' dir='ltr'>tum</span> <span class='ocrx_word' id='word_1_874' title='bbox 3092 5583 3344 5641; x_wconf 85' lang='lat' dir='ltr'>habebat</span> <span class='ocrx_word' id='word_1_875' title='bbox 3384 5583 3689 5659; x_wconf 84' lang='lat' dir='ltr'>geminum</span> <span class='ocrx_word' id='word_1_876' title='bbox 3720 5599 3827 5641; x_wconf 90' lang='lat' dir='ltr'>no-</span> 
     </span>
    </p>
   </div>
   <div class='ocr_carea' id='block_1_120' title="bbox 2180 5670 2335 5713">
    <p class='ocr_par' dir='ltr' id='par_1_120' title="bbox 2180 5670 2335 5713">
     <span class='ocr_line' id='line_1_120' title="bbox 2180 5670 2335 5713; baseline 0 -2"><span class='ocrx_word' id='word_1_877' title='bbox 2180 5670 2335 5713; x_wconf 86' lang='lat' dir='ltr'>men.</span> 
     </span>
    </p>
   </div>
  </div>
