4094 6230
297 363 419 423 817

1631 361 1819 427 νΙΤΑ
1865 364 1928 425 S.
1979 361 2033 421 Μ
2042 361 2385 423 ATTH/EI.

3589 369 3706 433 818

292 518 427 577 εἴδει
483 520 722 593 πυρίνων
777 518 1041 596 γλωσσῶν
1122 525 1241 584 τοῖς
1295 519 1625 584 ἀποστόλοις
1681 521 1923 597 ἐκπέμπε

2057 523 2231 579 Jesus
2272 538 2503 579 crucem
2564 537 2772 595 passus
2827 526 2933 592 est,
2966 528 3023 578 et
3048 522 3281 581 Domini
3316 542 3529 598 corpus
3570 535 3706 602 post

292 608 445 670 ὅπως
504 613 570 682 τῇ
622 608 819 664 τούτου
878 608 1160 683 ἐμπνεόσει
1200 611 1300 679 τὴν
1356 611 1518 686 χάριν
1573 617 1688 674 τοῖς
1740 608 1943 676 ἔθνεσιν

290 698 719 776 ἀπαγγείλωσιν,
754 698 925 761 ἄλλος
956 720 1017 754 τε
1044 704 1152 754 τῶν
1187 703 1446 773 μαθητῶν
1495 699 1755 777 ἀλλαχοῦ
1814 699 1944 755 ἐπο-

290 789 481 863 ρεύθη,
539 787 627 843 ἒπὶ
677 794 780 844 πᾶν
834 791 933 857 τῆς
984 788 1311 863 οἰκουμένης
1370 786 1522 854 ἔθνος
1587 791 1661 853 ὡς
1719 787 1941 853 ἕκαστος

291 879 383 934 ὑπ’
413 878 620 934 ἐκείνου
655 877 847 953 λάχοι.

2053 627 2285 669 crucem
2344 613 2533 684 ipsam
2593 612 2907 682 sepulturae
2970 613 3249 668 traditum
3313 617 3440 683 fuit,
3493 623 3551 673 et
3607 618 3705 675 ille

2052 707 2187 774 post
2218 703 2704 758 resurrectionem
2750 701 3067 772 aliquando
3110 702 3415 773 discipulis
3437 707 3561 761 suis
3594 724 3699 778 ap-

2052 793 2367 863 paruisset,
2416 793 2631 863 saapius
2677 807 2810 846 vero
2862 790 3094 847 illorum
3144 792 3343 848 oculos
3404 794 3696 864 latuisset,

2053 886 2347 952 postremo
2395 882 2455 937 in
2504 882 2715 938 ccelum
2766 886 3105 951 assumptus
3156 886 3267 947 est,
3311 890 3365 937 et
3414 882 3700 954 Spiritum

290 972 649 1046 paraeletum
701 972 863 1027 illinc
909 971 1018 1027 sub
1067 972 1239 1043 ignea
1294 970 1624 1044 linguarum
1682 973 1873 1045 specie
1905 974 1976 1029 ad
2010 975 2307 1042 apostolos
2365 990 2504 1029 suos
2564 973 2750 1042 misit,
2783 978 2845 1026 ut
2886 988 2988 1043 per
3038 974 3167 1042 ejus
3216 973 3404 1045 ipsius
3451 974 3700 1047 Spiritus

288 1061 552 1119 amatum
612 1063 884 1136 gentibus
943 1063 1189 1135 gratiam
1249 1063 1564 1128 nuntiaret,
1598 1069 1740 1120 tunc
1796 1064 2096 1135 Discipuli,
2128 1063 2241 1120 alio
2293 1063 2413 1131 alii,
2465 1064 2709 1136 profecti
2766 1068 2906 1119 sunt
2948 1064 3020 1119 ad
3070 1062 3253 1119 totius
3302 1064 3461 1121 orbis
3519 1074 3698 1123 terra-

286 1171 421 1211 rum
453 1158 658 1226 gentes
686 1154 787 1226 (4),
820 1158 995 1226 prout
1025 1153 1425 1225 unusquisque
1452 1155 1523 1210 ab
1553 1154 1653 1210 illo
1684 1156 1808 1225 ipso
1838 1155 2053 1225 Spiritu
2087 1155 2426 1212 ducebatur.

359 1248 429 1301 Δ’.
459 1241 609 1299 Ἐπεὶ
663 1240 758 1297 οὗν
818 1242 966 1297 οὕτω
1022 1246 1211 1311 ταῦτα,
1269 1242 1359 1297 καὶ
1418 1244 1469 1296 οἱ
1530 1243 1767 1316 μαθηταὶ
1840 1244 1936 1304 τὰς

290 1334 479 1407 χώρας
510 1326 789 1402 διέλαϐον,
821 1333 943 1387 τότε
985 1332 1076 1387 καὶ
1134 1333 1161 1386 ὁ
1219 1333 1526 1406 θαυμαστὸς
1558 1331 1714 1393 οὗτος
1781 1334 1936 1389 Ματ-

285 1427 441 1485 θαῖος
498 1420 587 1475 καὶ
650 1423 821 1497 μέγας
878 1419 1187 1482 ἀπόστολος
1245 1422 1346 1475 οὐκ
1402 1418 1563 1482 αυτὸς
1624 1422 1788 1494 μόνος
1837 1425 1933 1475 τοῦ

284 1511 486 1584 ἀγαθοῦ
532 1511 844 1588 μετασχὼν,
878 1511 1082 1583 ἒτὲροις
1138 1510 1483 1584 ἀπεκρύψατο
1536 1512 1634 1577 τὴν
1689 1509 1931 1582 μετάλη-

283 1603 395 1673 ψιν,
428 1596 574 1655 ἀλλὰ
607 1598 694 1653 καὶ
724 1604 842 1662 τοῖς
870 1597 1066 1661 ἄλλοις
1106 1604 1380 1654 κοινοῦται
1439 1604 1500 1655 τὸ
1558 1599 1775 1673 ἀγαθόν.
1826 1599 1929 1655 Καὶ

282 1688 417 1744 ὅλον
479 1689 665 1745 ἑαυτὸν
727 1691 845 1744 οἷον
909 1690 1214 1766 συναγαγών
1270 1711 1329 1745 τε
1387 1691 1476 1745 καὶ
1554 1691 1928 1765 συγκροτήσας

2118 1246 2208 1299 1V.
2242 1246 2383 1300 Cum
2418 1245 2594 1316 igitur
2632 1244 2754 1300 haec
2784 1246 2866 1300 ita
2897 1262 2957 1301 se
2990 1245 3296 1312 haberent,
3328 1250 3386 1302 et
3418 1247 3695 1317 discipuli

2044 1334 2309 1405 regiones
2337 1333 2481 1389 alias
2503 1333 2601 1389 alii
2624 1334 2878 1405 aggressi
2909 1334 3179 1401 fuissent,
3204 1338 3343 1390 tunc
3374 1336 3696 1393 admirabi-

2041 1422 2115 1479 lis
2144 1426 2199 1479 et
2232 1437 2483 1493 magnus
2513 1421 2808 1492 apostolus
2839 1422 3167 1489 Mattheus,
3190 1427 3485 1479 tantarum
3508 1425 3692 1481 bona-

2042 1529 2174 1569 rum
2209 1529 2405 1569 rerum
2456 1512 2619 1569 solus
2671 1513 2961 1584 particeps
3006 1529 3136 1569 esse
3185 1512 3390 1577 noluit,
3424 1515 3525 1570 sed
3558 1515 3689 1572 aliis

2040 1601 2212 1658 etiam
2246 1602 2596 1659 beneﬁcium
2629 1602 2967 1667 impertivit.
3003 1601 3204 1673 Itaque
3242 1620 3376 1659 cum
3408 1620 3472 1660 se
3502 1607 3687 1661 totum

2038 1690 2389 1764 collegisset.
2420 1692 2794 1763 Evangelium
2818 1707 3016 1760 suum,
3048 1696 3106 1747 et
3136 1691 3437 1763 religionis
3468 1710 3534 1749 ac
3566 1694 3687 1765 pie-

288 1776 640 1857 διαχαράττει
670 1781 733 1833 τὸ
790 1780 905 1833 κατ’
934 1778 1092 1835 αὐτὸν
1130 1778 1456 1854 Εὐαγγέλιον
1512 1781 1599 1835 καὶ
1655 1778 1928 1856 λογαγρα-

2042 1781 2175 1837 latis
2204 1782 2552 1849 doctrinam,
2576 1780 2905 1837 litterarum
2938 1782 3339 1838 monumentis
3370 1784 3686 1854 consigna-

280 1874 373 1947 φεῖ
398 1870 498 1937 τὴν
532 1862 821 1936 εὐσέϐειαν,
849 1866 921 1922 'tv’
953 1870 1087 1942 ἅπερ
1121 1870 1173 1923 οἱ
1219 1866 1383 1923 ἄλλοι
1416 1868 1505 1923 διά
1533 1869 1789 1943 γλώττης
1822 1866 1933 1923 ἐδί-

283 1955 496 2026 δασκον,
561 1961 729 2013 ταῦτα
786 1959 944 2019 οὗτος
999 1956 1343 2033 ἐγγράμμασι
1402 1956 1649 2033 παραδῷ.
1696 1960 1928 2015 Ἀνωθεν

279 2045 340 2103 δὲ
396 2047 484 2102 καὶ
540 2046 645 2102 ἀπὸ
703 2041 955 2121 ’Λϐραάμ
1022 2054 1123 2116 τῆς
1190 2046 1546 2123 γενεαλογίας
1604 2048 1928 2121 ἀρξάμενος,

273 2136 366 2192 καὶ
425 2135 567 2191 οὕτω
623 2138 849 2206 καθεξῆς
908 2137 1138 2211 προϊὼν,
1197 2141 1389 2212 πρῶτα
1449 2138 1545 2210 μὲν
1626 2140 1725 2207 τήν
1793 2136 1930 2193 κατά

274 2225 445 2301 σάρκα
473 2230 570 2280 τοῦ
600 2228 836 2301 Χριστοῦ
879 2223 1127 2301 γέννησιν
1186 2226 1615 2303 εὐαγγελίζεται,
1647 2230 1747 2297 τὴν
1806 2227 1930 2283 ἀνά-

270 2312 455 2386 δειξιν,
490 2315 603 2370 εἶτα
634 2317 733 2385 τήν
768 2316 1041 2390 βάπτισιν,
1072 2318 1173 2386 τὴν
1221 2322 1333 2372 τῶν
1390 2317 1715 2373 ἀποστόλων
1766 2316 1928 2373 ἐκλο-

269 2407 399 2480 γὴν,
427 2406 556 2467 τοὺς
614 2407 975 2480 πειρασμοῦς,
1010 2406 1179 2476 αὐτήν
1235 2427 1294 2461 τε
1336 2407 1529 2461 ἑαυτοῦ
1560 2407 1923 2482 πρόσκλησιν,

268 2494 487 2557 καὶτὰς
519 2494 666 2569 ἶερὶς
711 2496 1118 2570 μυσταγωγίας,
1152 2496 1284 2550 δσασ
1338 2516 1396 2550 τε
1454 2494 1542 2550 διὰ
1590 2491 1920 2567 παραϐολῶν

273 2585 301 2638 ὁ
334 2585 578 2659 Χριστὸς
611 2584 699 2639 ααὶ
731 2584 857 2647 ὅσας
908 2583 962 2639 ἐν
999 2584 1277 2661 παρῥησίᾳ
1328 2590 1443 2645 τοῖς
1506 2587 1775 2658 μαθηταῖς
1834 2584 1924 2640 συν

270 2680 390 2737 τοῖς
448 2674 646 2749 ὄχλοις
697 2674 921 2748 ὡμίλει,
953 2676 1057 2746 ξτᾶς
1117 2676 1407 2752 ὑπερφυεῖς
1466 2676 1921 2748 θαυματοποιίας,

270 2765 365 2828 τὰς
396 2768 502 2820 τῶν
533 2764 832 2821 νοσούντων
879 2766 1191 2840 θεραπείας,
1222 2766 1319 2827 τὰς
1371 2770 1478 2820 τῶν
1510 2763 1920 2838 δαιμονώντων,

266 2859 378 2910 τῶν
409 2853 788 2929 ἐνοχλούντων
839 2853 1189 2931 ἀπαλλαγὰς,
1219 2855 1317 2922 τὴν
1373 2859 1481 2908 τῶν
1538 2856 1712 2929 ἄρτων
1760 2854 1920 2911 εὐλό-

269 2965 453 3019 γησιν,
508 2945 600 2998 τὸν
660 2943 711 2999 ἐν
767 2942 1010 3019 θαλάσσῃ
1069 2942 1390 3020 περίπατον,
1445 2944 1534 2997 καὶ
1590 2946 1689 3013 τὴν
1738 2944 1789 2999 ἐν
1843 2949 1921 3017 τῷ

269 3033 386 3107 ὅρει
434 3038 530 3088 τοῦ
562 3029 757 3108 Θαϐὼρ
810 3035 1255 3111 μεταμόρφωσιν.
1290 3039 1521 3090 ’Έπειτα
1560 3035 1647 3088 καὶ
1706 3037 1772 3088 τα
1818 3041 1920 3104 τῆς

2035 1872 2133 1942 vit,
2166 1876 2233 1927 ut
2259 1870 2552 1937 videlicet,
2576 1887 2705 1942 quae
2736 1870 2833 1925 alii
2865 1886 2963 1926 ore
2994 1887 3059 1926 ac
3090 1870 3293 1942 lingua
3324 1871 3680 1939 docuissent,

2035 1976 2103 2015 ea
2130 1960 2257 2031 ipse
2278 1959 2513 2032 scriptis
2545 1960 2870 2015 mandaret.
2900 1958 3095 2016 Altius
3125 1959 3302 2032 igitur
3331 1960 3466 2015 inde
3497 1977 3683 2032 usque

2034 2051 2105 2106 ab
2138 2050 2265 2120 ipso
2304 2050 2596 2105 Abraham
2630 2049 2845 2105 Christi
2888 2049 3173 2121 originem
3217 2066 3481 2115 exorsus,
3512 2059 3683 2121 atque

2032 2139 2113 2195 ita
2145 2139 2418 2211 deinceps
2450 2154 2811 2210 progressus,
2844 2139 3103 2209 primum
3135 2139 3345 2193 Christi
3395 2140 3681 2210 originem

2032 2230 2357 2286 secundum
2388 2245 2625 2286 carnem
2659 2228 2825 2285 nobis
2858 2229 3165 2299 nuntiavit,
3206 2229 3417 2285 deinde
3465 2244 3679 2300 quem-

2031 2320 2351 2375 admodum
2385 2319 2713 2388 baptizatus
2745 2319 2874 2385 fuit,
2907 2316 3229 2388 discipulos
3260 2316 3455 2390 elegit,
3487 2322 3679 2373 tenta-

2028 2409 2218 2464 tiones
2250 2408 2569 2480 superavit,
2594 2412 2649 2463 et
2682 2408 2807 2479 ipse
2837 2425 2871 2462 a
2896 2407 3035 2463 Jesu
3068 2412 3309 2463 vocatus
3342 2412 3449 2473 est,
3483 2423 3682 2479 quem-

2028 2497 2344 2551 admodum
2377 2496 2553 2550 etiam
2588 2511 2753 2550 sacra
2784 2495 3113 2549 divinarum
3158 2510 3354 2550 rerum
3404 2495 3683 2567 mysteria

2027 2585 2282 2649 edocuit,
2315 2584 2528 2655 partim
2564 2582 2876 2654 parabolis,
2903 2581 3115 2654 partim
3148 2586 3341 2653 aperte
3371 2583 3679 2654 discipulis

2026 2677 2083 2730 et
2129 2673 2325 2729 turbis
2354 2689 2419 2729 ea
2460 2671 2867 2739 pronuntians.
2900 2671 3144 2742 Scripsit
3190 2671 3346 2725 idem
3398 2671 3680 2729 miracula

2029 2780 2206 2834 supra
2235 2762 2510 2818 humanas
2539 2767 2759 2817 natura;
2793 2770 3027 2833 captum
3075 2760 3145 2815 ab
3187 2760 3388 2816 eodem
3419 2759 3556 2816 Jesu
3591 2762 3676 2816 fa-

2025 2859 2137 2921 cta,
2186 2854 2321 2909 item
2369 2852 2771 2924 aegrotantium
2821 2851 3172 2919 curationes,
3224 2866 3449 2916 eorum,
3493 2851 3589 2921 qui
3643 2867 3677 2905 a

2024 2943 2388 2999 daemonibus
2436 2942 2813 3009 vexabantur,
2856 2940 3246 3009 liberationes,
3294 2955 3473 3010 panes
3521 2938 3673 3008 illos,

2025 3034 2245 3105 quibus
2278 3033 2402 3103 ipse
2432 3030 2743 3097 benedixit,
2766 3034 2823 3085 et
2845 3030 3058 3085 multos
3089 3029 3264 3100 pavit,
3299 3030 3673 3101 qaemadmo-

269 3120 517 3197 δευτέρα)
570 3124 739 3178 αὐτοῦ
796 3124 1101 3198 παρουσίας
1139 3118 1378 3193 ἀκριϐῶς
1432 3127 1514 3195 τῷ
1572 3122 1725 3197 λόγῳ
1781 3143 1917 3198 προ-

2040 3122 2171 3177 rlum
2230 3137 2332 3193 per
2382 3136 2540 3177 mare
2598 3119 2846 3192 pedibus
2905 3117 3241 3183 ambularit,
3274 3121 3332 3173 et
3371 3117 3432 3172 in
3482 3125 3678 3173 monte

268 3210 745 3289 διαζωγραφησας,
805 3213 929 3267 τότε
982 3214 1105 3288 περὶ
1189 3216 1286 3267 τοῦ
1374 3217 1639 3285 μυστικοῦ
1699 3210 1917 3267 δείπνου

265 3302 356 3357 καὶ
417 3302 516 3357 ὅσα
572 3304 696 3377 περὶ
752 3304 852 3370 τὴν
909 3301 961 3357 ἐν
1009 3302 1157 3375 αὐτῷ
1239 3300 1535 3377 προδοσίαν
1609 3304 1917 3377 συνηνέχθη

266 3387 577 3460 διεξελθὼν,
610 3392 708 3459 τὴν
771 3390 1209 3465 ὑποκεκριμένην
1269 3411 1327 3446 τε
1365 3395 1463 3446 τοῦ
1522 3389 1762 3446 Πιλάτου
1806 3392 1921 3467 κρί-

266 3501 373 3544 σιν,
406 3480 495 3534 καὶ
551 3482 650 3548 τὴν
706 3484 801 3534 τοῦ
861 3476 1087 3542 δικαίως
1142 3479 1391 3544 ἐλθόντος
1434 3485 1612 3555 κρῖναι
1662 3482 1923 3556 κατάκρι-

268 3586 377 3635 σιν,
414 3565 528 3621 εἶτα
549 3567 647 3635 τὴν
683 3568 885 3643 ταφὴν,
918 3570 1015 3637 τήν
1048 3568 1355 3636 ἀνάστασιν,
1387 3569 1486 3634 τὴν
1547 3567 1632 3623 ἐπὶ
1683 3576 1783 3638 τῆς
1818 3575 1921 3623 Γα-

270 3652 496 3716 λιλαίας
553 3660 670 3715 τοῖς
728 3655 1058 3717 ἀποστόλοις
1090 3656 1400 3731 ἐμφάνειαν,
1434 3657 1522 3709 ὅτε
1578 3676 1665 3709 και
1702 3653 1921 3724 δοθῆναι

270 3748 446 3801 πᾶσαν
505 3745 743 3817 ἐξουσίαν
803 3744 951 3820 αὒτῷ
983 3746 1032 3801 ἐν
1068 3746 1282 3822 οὐρανῷ
1311 3746 1400 3801 καὶ
1431 3745 1518 3802 ἐπὶ
1568 3750 1669 3825 γῆς
1714 3746 1921 3820 εἷ’ρηκε.

350 4015 431 4070 Ε’.
462 4011 564 4069 Καὶ
592 4013 693 4080 τὴν
722 4010 1034 4084 οἰκονομίαν
1093 4010 1381 4084 συντόμως
1412 4010 1573 4090 φάναι
1601 4014 1697 4065 τοῦ
1756 4011 1924 4086 λόγου

276 4107 452 4157 πᾶσαν
485 4100 791 4175 ἐκθέμενος,
826 4100 969 4157 οὕτω
1002 4101 1329 4176 Παρθυαίοις
1363 4102 1534 4174 μήπω
1580 4106 1648 4175 τῇ
1707 4107 1925 4175 Περσῶν

275 4192 430 4267 ἀρχῇ
488 4191 879 4265 προσθεμένοις
962 4192 1059 4259 τὴν
1146 4190 1420 4265 σωτηρίαν
1508 4191 1926 4266 εὐηγγελίσατο,

278 4284 369 4338 καί⁸
429 4280 496 4336 τὰ
552 4282 689 4336 κατά
740 4283 840 4350 τὴν
900 4280 1269 4348 Παλαιστίνην
1315 4281 1619 4356 περιελθὼν
1661 4279 1926 4353 κλίματα,

276 4369 515 4441 πλήθεσί
573 4391 628 4425 τε
676 4369 1016 4444 πμπλακεῖς
1044 4369 1486 4445 πολυγλώσσοις.
1519 4369 1673 4444 λιμῷ
1728 4391 1786 4424 τε
1838 4369 1927 4424 καὶ

280 4460 427 4536 δίψει
487 4458 575 4514 καὶ
638 4464 860 4538 συχναῖς
918 4459 1331 4534 προσπαλαίσας
1358 4462 1624 4515 κακώσεσι
1677 4459 1766 4513 καὶ
1822 4480 1932 4513 κιν-

2028 3210 2261 3267 Thabor
2291 3210 2352 3266 in
2382 3209 2558 3265 aliam
2592 3209 2905 3279 quamdam
2943 3208 3187 3263 formam
3211 3222 3274 3261 se
3293 3204 3676 3263 transtulerit.

2029 3300 2247 3357 Deinde
2268 3300 2518 3354 alterum
2537 3299 2667 3368 ejus
2690 3298 3002 3353 adventum
3031 3295 3389 3367 diligentiori
3419 3294 3678 3351 oratione

2028 3390 2421 3461 conscripsit:
2474 3405 2715 3459 quisque
2772 3389 2842 3443 de
2900 3388 3151 3458 mystica
3205 3387 3329 3455 ejus
3386 3402 3570 3450 coena,
3622 3390 3679 3442 et

2032 3483 2102 3538 de
2158 3480 2347 3552 ipsius
2406 3477 2735 3549 proditione
2790 3478 2934 3532 facta
2983 3482 3173 3545 erant,
3207 3476 3564 3547 perstrinxit.
3590 3475 3674 3530 Ad

2032 3572 2151 3626 haec
2184 3569 2396 3625 falsum
2430 3567 2571 3622 illud
2605 3566 3106 3636 Pilalijudicium,
3130 3571 3187 3621 et
3206 3566 3355 3635 ejus.
3380 3566 3476 3637 qui
3501 3565 3678 3633 venit,

2036 3670 2093 3715 ut
2119 3662 2278 3730 juste
2307 3658 2453 3712 alios
2478 3657 2797 3725 judicaret,
2818 3657 3079 3726 iniquam
3104 3656 3679 3722 condemnationem,

2033 3749 2411 3821 sepulturam,
2446 3744 3068 3814 resurrectionemque,
3093 3748 3150 3799 et
3180 3741 3680 3812 quemadmodum

2031 3839 2182 3911 apud
2216 3834 2513 3891 Galilaeam
2548 3833 2816 3905 apparuit
2836 3832 3133 3904 apostolis,
3157 3848 3271 3903 quo
3294 3837 3554 3901 tempore
3584 3832 3681 3886 da-

2034 3934 2151 3983 tam
2176 3926 2288 3983 sibi
2308 3926 2453 3980 dixit
2474 3940 2704 3979 omnem
2731 3927 3076 3996 potestatem
3101 3922 3162 3977 in
3180 3921 3323 3976 caelo
3345 3925 3400 3975 et
3421 3921 3479 3974 in
3504 3925 3679 3975 terra.

2104 4015 2175 4072 V.
2209 4017 2350 4071 Cum
2385 4014 2585 4085 igitur,
2609 4022 2671 4068 ut
2700 4013 3040 4068 summatim
3076 4011 3289 4079 dicam,
3314 4015 3491 4064 totam
3523 4008 3684 4064 Chri-

2036 4105 2111 4162 sti
2171 4104 2667 4171 dispensationem
2724 4102 3148 4172 explicavisset,
3208 4098 3449 4154 Parthos
3518 4097 3680 4165 adiit,

2037 4197 2138 4267 qui
2171 4195 2429 4249 nondum
2482 4194 2789 4248 Persarum
2823 4192 3065 4259 imperio
3099 4189 3359 4259 adjuncti
3394 4196 3555 4243 erant
3588 4188 3681 4259 (5),

2037 4285 2291 4357 ipsisque
2333 4283 2521 4338 salute
2569 4282 2855 4347 nuntiata,
2889 4280 3207 4335 Palaestinae
3236 4278 3489 4349 regionis
3540 4277 3685 4332 fines

2040 4375 2388 4446 peragravit.
2416 4373 2513 4427 ubi
2547 4388 2678 4426 cum
2714 4370 2935 4442 ingenti
2965 4368 3344 4424 multitudine
3372 4366 3551 4423 variis
3581 4366 3689 4421 lin-

2041 4466 2172 4536 guis
2232 4462 2473 4533 praedita
2530 4475 2881 4534 congressus
2931 4462 3040 4523 est,
3086 4473 3218 4512 cum
3271 4458 3440 4524 fame,
3494 4456 3589 4512 siti
3633 4459 3689 4511 et

282 4548 493 4618 δόνοις,
522 4554 639 4612 τοῖς
697 4550 790 4622 μὲν
850 4548 909 4604 ἐκ
962 4554 1072 4605 τῶν
1130 4552 1227 4619 τῆς
1269 4545 1513 4613 ἀσεϐείας
1567 4549 1925 4625 προεστώτων

2040 4532 2258 4610 crebris
2318 4551 2595 4607 aerumnis
2649 4532 2715 4606 ac
2774 4548 3048 4621 periculis
3108 4547 3386 4614 luctatus,
3439 4562 3686 4618 quorum

280 4638 666 4716 ἰπαγομὲνοις,
713 4644 831 4701 τοῖς
890 4636 947 4694 δὲ
1003 4640 1092 4694 καὶ
1153 4639 1261 4694 ἀπὸ
1342 4642 1451 4695 τῶν
1517 4638 1927 4714 χαλεπωτάτων

280 4728 489 4785 τούτων
540 4725 915 4806 δημαγωγῶν,
944 4730 1036 4784 τὸν
1072 4735 1306 4803 Σωτῆρα
1360 4730 1599 4806 Χριστὸν
1658 4728 1930 4808 θαρῥαλέᾳ

358 4875 432 4947 (4)
462 4875 584 4949 Non
640 4878 760 4929 tam
792 4874 906 4949 cito
948 4875 1147 4949 Judaea
1212 4880 1589 4949 excesserunt
1650 4876 1928 4949 Apostoli,

284 4962 459 5018 quam
493 4946 588 5018 hic
635 4952 835 5018 auctor
880 4946 1177 5002 insinuat:
1211 4963 1397 5017 neque
1434 4946 1740 5003 Mattheus
1779 4950 1933 5004 vide-

284 5017 377 5073 tur
410 5017 771 5091 mansissein
794 5017 995 5091 Judaea
1024 5019 1093 5091 ad
1124 5020 1499 5091 scribendum
1533 5020 1929 5091 Evangelium,

284 5089 521 5161 quando
554 5087 653 5144 alii
677 5089 802 5159 jam
837 5090 1359 5162 proficiscebantur
1378 5092 1447 5145 ad
1476 5087 1821 5162 longinquas
1843 5087 1931 5148 νος

283 5162 508 5232 giones,
561 5164 632 5232 ut
667 5176 801 5215 mox
853 5161 1076 5227 innuit;
1111 5161 1211 5216 sed
1268 5161 1643 5232 Evangelium
1699 5161 1935 5231 scripsit

284 5230 423 5288 ante
468 5230 813 5287 divisionem
863 5234 1274 5302 apostolorum.
1308 5230 1456 5288 Vide
1489 5234 1647 5290 dicta
1675 5236 1732 5290 in
1762 5230 1934 5291 Gom-

286 5302 597 5369 mentario,
630 5318 794 5357 num.
829 5304 897 5357 42
928 5310 984 5359 et
1012 5305 1101 5358 43.

358 5375 434 5445 (5)
466 5373 637 5445 Apud
665 5374 1051 5445 Lipomanum
1088 5392 1189 5447 pro
1216 5392 1228 5431 :
1255 5375 1500 5431 Parthos
1532 5377 1697 5446 adiit,
1722 5377 1937 5433 dicitur

286 5447 638 5519 praedicasse
660 5469 689 5496 ‹‹
715 5446 868 5516 apud
892 5447 1219 5519 Thebanos,
1240 5449 1339 5519 qui
1363 5449 1607 5519 imperio
1624 5451 1934 5505 Persarum

285 5518 548 5574 nondum
598 5522 985 5574 accesserant.
1019 5540 1046 5569 »
1082 5518 1219 5575 Uter
1260 5518 1481 5575 rectius
1530 5525 1753 5576 textum
1787 5523 1934 5575 Grae-

287 5606 421 5646 cum
481 5590 852 5662 expresserit,
896 5595 1052 5646 certo
1110 5591 1260 5647 scire
1316 5607 1560 5662 nequeo,
1610 5609 1744 5648 cum
1806 5596 1942 5647 Acta

287 5665 488 5737 Graeca
529 5677 662 5737 praa_
695 5661 881 5737 oculis
911 5678 1025 5717 non
1059 5662 1321 5737 habeam.
1354 5661 1622 5720 Attamen
1672 5665 1938 5737 conjicio,

289 5732 596 5790 lectionem
628 5732 781 5790 Surii
814 5748 939 5791 esse
968 5733 1440 5806 probabiliorem,
1473 5751 1602 5793 cum
1634 5736 1733 5794 alii
1763 5732 1940 5793 etiam

2039 4644 2152 4700 alia
2191 4642 2612 4714 superstitiosa:
2662 4639 2984 4712 impietatis
3037 4637 3335 4709 praesides,
3370 4634 3485 4691 alia
3525 4651 3687 4691 acer-

2041 4733 2265 4790 bissimi
2299 4731 2647 4805 populorum
2672 4730 2890 4786 tribuni
2912 4728 3317 4785 crudelissime
3345 4725 3686 4783 ati'erebant.

2041 4877 2257 4945 dicant,
2293 4875 2449 4949 apud
2480 4874 2746 4949 Parthos
2767 4873 3140 4949 praedicasse
3163 4870 3527 4949 Matthae_u_m,
3559 4869 3691 4949 Par-

2044 4942 2262 5020 thique,
2289 4942 2389 5019 qui
2411 4952 2671 5017 tempore
2692 4942 2947 5000 Matlhaei
2981 4945 3269 5020 habebant
3288 4942 3496 5020 in_illis_
3514 4942 3695 5020 parti-

2039 5012 2165 5076 bus.
2210 5012 2621 5091 principatum,
2674 5021 2897 5091 postea,
2935 5016 3135 5091 multis
3193 5014 3420 5091 smculis
3471 5012 3692 5091 fuerint

2043 5094 2150 5148 sub
2210 5083 2455 5161 imperio
2514 5083 2841 5161 Persarum.
2878 5089 3042 5161 Atde
3090 5086 3493 5161 praedicatione
3540 5083 3691 5161 Mat-

2044 5164 2178 5220 thaei
2211 5155 2366 5233 apud
2388 5162 2691 5216 Thebanos
2721 5159 2920 5233 nullus
2948 5159 3222 5233 loquitur,
3247 5155 3460 5233 nec_i_lli
3489 5159 3693 5233 postea

2044 5226 2281 5291 fuerunt
2312 5234 2421 5288 sub
2451 5235 2753 5288 Persarum
2783 5226 3050 5302 imperio.
3086 5233 3285 5302 Itaque
3315 5226 3540 5283 videtur
3569 5226 3692 5281 Me—

2044 5306 2375 5378 taphrastes
2420 5304 2758 5378 credidisse,
2796 5300 3158 5378 Matthmum,
3189 5300 3381 5378 aliquo
3428 5302 3692 5368 tempore

2050 5372 2393 5452 praedicasse
2426 5376 2485 5452 in
2516 5376 2759 5452 imperio
2809 5375 3176 5452 Parthorum,
3210 5372 3420 5452 deind‘e
3465 5386 3691 5452 regres-

2048 5443 2179 5505 sum
2212 5464 2339 5504 esse
2370 5449 2430 5502 in
2461 5443 2849 5513 Palaestinam,
2886 5462 2952 5501 ac
2983 5446 3222 5500 demum
3264 5443 3584 5515 profectum
3606 5443 3691 5515 fin

2046 5522 2419 5592 EthiOpiam.
2457 5520 2582 5574 lllic
2614 5522 2808 5592 autem
2854 5518 2994 5592 ordo
3047 5514 3477 5592 prmdicationis
3506 5514 3693 5584 ipsius

2050 5609 2161 5648 non
2195 5586 2283 5647 est
2310 5590 2739 5662 improbabilia,
2773 5593 2839 5662 ut
2868 5589 3396 5662 colligetgprudens
3418 5586 3596 5662 lector
3624 5600 3693 5640 ex

2052 5658 2463 5736 disputatisgde
2496 5661 2898 5736 praedicatione
2933 5658 3401 5717 sancti’Mattba’i
3432 5658 3492 5712 in
3524 5659 3692 5712 Com-

2052 5733 2336 5793 mehtario
2366 5733 2395 5805 §
2426 5735 2477 5789 4.
