4094 6230
407 356 526 419 819

1708 351 1988 413 MENSIS
2036 348 2519 410 SEPTEMBER.

3698 339 3827 399 820

401 518 599 577 Atille
649 516 1031 574 nihilominus
1080 518 1275 571 tamen
1325 515 1685 570 Salvatorem
1732 514 2053 582 Christum,

2173 510 2253 564 καὶ
2319 512 2474 588 φωνῇ
2559 505 2650 560 καὶ
2714 503 2903 579 γνώμῃ
2960 500 3204 575 ἐκήρυξε,
3267 496 3397 562 τοὺς
3462 497 3688 558 ἁλόντας
3747 502 3821 570 τῇ

404 615 463 665 et
512 610 705 664 mente
752 611 808 661 et
855 621 990 661 voce
1046 604 1232 660 libera
1285 605 1653 675 praedicabat,
1688 608 1745 658 et
1793 618 1912 667 eos,
1960 603 2058 672 qui

406 714 598 755 errore
650 696 874 766 decepti
934 695 1179 764 fuerant,
1230 695 1299 749 ad
1352 693 1607 749 divinam
1664 692 2057 765 cognitionem

410 787 786 858 perducebat,
820 785 891 840 ab
923 786 1138 840 erroris
1186 783 1418 839 fallacia
1469 788 1723 839 remotos
1764 786 1821 838 et
1852 783 1921 837 ad
1954 798 2056 837 ve-

412 876 604 933 ritatis
626 875 1017 947 cognitionem
1040 873 1371 930 translatos.
1397 874 1581 944 Impia
1601 873 1780 944 igitur
1799 872 2057 943 gentium

414 964 829 1035 superstitione
881 964 953 1017 de
999 963 1189 1018 medio
1240 962 1496 1029 sublata,
1546 978 1745 1017 omnes
1795 960 2060 1016 homines

413 1070 547 1111 vero
577 1058 633 1110 et
662 1054 768 1109 soli
819 1052 934 1107 Deo
978 1052 1265 1122 adjunxit,
1311 1068 1497 1123 neque
1545 1068 1663 1106 suae
1712 1050 2060 1122 predicatio-

415 1144 508 1199 nis
550 1143 875 1199 doctrinam
901 1142 1017 1197 illis
1040 1145 1271 1197 tantum
1304 1142 1522 1196 finibus
1554 1140 1835 1195 contineri
1856 1138 2059 1205 voluit,

412 1234 514 1289 sed
549 1234 619 1288 ad
646 1232 999 1303 )Ethiopiam
1035 1233 1133 1303 (6),
1166 1247 1341 1303 quam
1395 1230 1641 1286 sortitus
1690 1231 1898 1298 fuerat,
1934 1243 2059 1298 per-

410 1324 605 1388 venit;
639 1324 807 1393 cujus
868 1320 1121 1393 regionis
1183 1320 1448 1375 homines
1497 1334 1628 1374 cum
1678 1319 1749 1373 ad
1799 1317 2060 1374 veritatis

412 1412 680 1468 notitiam
714 1410 1103 1483 perduxisset.
1138 1410 1605 1479 Christianmque
1648 1408 1781 1463 ﬁdei
1813 1423 2057 1480 gymna-

414 1502 565 1556 sium
600 1500 717 1555 illis
749 1500 1167 1567 constituisset,
1200 1502 1257 1554 et
1287 1514 1667 1569 quoscunque
1698 1498 1887 1568 potuit
1914 1512 2059 1567 prte-

421 1589 732 1645 dicationis
764 1606 885 1645 suae
910 1589 1131 1645 retibus
1157 1587 1509 1653 inclusisset,
1545 1587 1847 1656 multaque
1886 1585 2061 1639 mira-

419 1681 570 1746 cula,
602 1680 817 1736 Christi
849 1696 955 1750 cpe
984 1681 1242 1751 adjutus,
1277 1679 1582 1748 effecisset,
1614 1687 1668 1733 et
1698 1694 1817 1747 eos,
1851 1677 1948 1746 qui
1989 1678 2059 1730 ad

418 1769 521 1825 Dei
565 1770 736 1825 ﬁdem
787 1771 1047 1826 conversi
1095 1774 1280 1835 erant,
1315 1784 1415 1841 per
1455 1785 1666 1840 aquam
1697 1773 1755 1824 et
1785 1768 2058 1838 spiritum

417 1857 643 1914 Christo
674 1859 1061 1929 adjunxisset,
1089 1857 1394 1915 ecclesiam
1447 1862 1707 1914 sanctam
1741 1857 1853 1928 ipsi
1882 1856 2061 1911 aediﬁ-
2089 1900 2144 1966 B

415 1950 664 2004 caudam
711 1948 954 2019 curavit,
988 1949 1475 2021 presbyterosque
1505 1965 1571 2003 ac
1601 1947 1876 2002 diaconos
1920 1962 2057 2000 con-

416 2038 633 2105 stituit,
665 2038 911 2107 singulis
943 2037 1149 2093 diebus
1182 2038 1521 2094 concionem
1576 2037 1817 2103 habens,
1852 2034 2060 2104 partim

417 2128 485 2182 ad
528 2127 825 2184 veritatem
875 2127 1242 2183 retinendam
1292 2126 1425 2182 illos
1475 2125 1814 2190 adhortans,
1850 2122 2060 2195 partim

420 2214 697 2287 mysteria
719 2216 954 2271 tradens
980 2230 992 2269 :
1016 2231 1114 2270 eos
1138 2231 1289 2284 vero,
1314 2215 1412 2286 qui
1436 2212 1810 2286 languoribus
1834 2216 1890 2267 et
1912 2227 2064 2266 mor-

414 2305 505 2361 bis
533 2304 621 2360 vel
653 2305 981 2361 dzemonum
1015 2303 1240 2359 malitia
1265 2304 1551 2375 oppressi,
1583 2302 1655 2359 de
1682 2305 1803 2357 vita
1833 2300 2062 2372 pericli-

416 2395 719 2463 tabantur,
750 2394 925 2449 verbo
956 2397 1013 2449 et
1042 2408 1252 2449 manus
1284 2398 1503 2449 attactu
1530 2393 1601 2449 ab
1634 2391 1911 2447 omnibus
1943 2404 2065 2446 mo-

415 2483 605 2539 lestiis
635 2485 831 2539 statim
864 2482 1168 2541 liberabat.

493 2571 590 2629 VI.
639 2572 848 2629 Postea
893 2588 1028 2628 vero
1077 2588 1252 2643 quam
1304 2589 1449 2644 opus
1494 2572 1684 2645 exegit
1732 2588 1841 2628 sua
1894 2586 2067 2627 voca-

423 2662 583 2719 tione
640 2662 910 2734 dignum,
969 2668 1028 2719 et
1085 2661 1347 2718 debitum
1406 2678 1552 2735 Opus
1605 2661 1935 2735 complevit,
1994 2660 2066 2715 ad

424 2754 580 2825 quod
631 2756 872 2808 vocatus
918 2751 1127 2819 fuerat,
1160 2767 1262 2821 per
1318 2752 1660 2825 martyrium
1713 2752 1771 2805 in
1824 2749 2068 2805 Domino

418 2842 655 2914 quievit,
688 2845 746 2897 et
776 2842 969 2909 nobis,
1014 2841 1115 2913 qui
1171 2858 1476 2897 versamur
1525 2843 1582 2897 in
1631 2841 1823 2907 terris,
1856 2854 2070 2911 corpus

417 2931 653 3003 reliquit
704 2932 892 3003 gloria
939 2936 997 2985 et
1050 2931 1282 3003 hymnis
1339 2939 1630 2997 ornatum,
1681 2945 1917 3001 eosque,
1969 2927 2069 2999 qui

414 3019 761 3077 memoriam
793 3021 922 3091 ejus
945 3019 1259 3089 celebrant,
1277 3020 1533 3075 vicissim
1561 3018 1743 3075 multo
1764 3017 2070 3090 splendore

411 3126 653 3179 ornans,
674 3126 739 3165 ac
762 3113 999 3166 sanctos
1022 3108 1313 3166 efﬁciens:
1331 3108 1391 3164 id
1413 3110 1566 3180 quod
1588 3108 1758 3163 multi
1780 3125 1849 3165 ex
1868 3123 2068 3164 eorum

412 3215 682 3269 numero,
708 3200 805 3270 qui
839 3216 940 3271 per
970 3197 1312 3268 Apostolum
1344 3198 1536 3270 ipsum
1576 3196 1766 3253 salute
1791 3197 1953 3269 digni
1985 3197 2065 3253 fa-

413 3290 493 3347 cti
525 3298 683 3357 sunt,
718 3288 899 3344 sacris
942 3287 1301 3344 orationibus
1355 3292 1692 3343 consuetam
1723 3293 1780 3343 et
1809 3292 2064 3343 sanctam

417 3381 548 3452 ejus
594 3379 987 3435 celebritatem
1046 3378 1364 3434 honoriﬁce
1413 3378 1723 3433 admodum
1775 3378 2067 3450 prosecuti

416 3469 712 3524 memoria;
762 3468 1165 3539 prodiderunt.
1219 3467 1345 3539 Ipse
1395 3483 1527 3523 vero
1580 3468 1708 3523 sine
1764 3466 2067 3523 intervallo

419 3558 607 3629 aliquo
628 3575 769 3629 puro
792 3564 1029 3629 aspectu
1058 3558 1277 3612 Domini
1299 3558 1436 3613 Jesu
1459 3556 1677 3613 Christi
1700 3558 1904 3614 faciem
1932 3575 2067 3613 con-

416 3647 755 3720 templatur,
777 3652 834 3703 et
854 3647 911 3701 in
944 3647 1072 3716 ejus
1103 3646 1403 3703 immensae
1434 3646 1630 3717 glorias
1660 3663 1875 3703 corona
1904 3648 2069 3704 deco-

420 3742 602 3803 ratur,
620 3742 793 3808 atque
810 3751 941 3792 cum
962 3752 1029 3792 eo
1047 3735 1223 3792 simul
1242 3752 1505 3802 versans,
1520 3735 1737 3793 exultat
1756 3742 2064 3808 perpetuo:

417 3828 510 3885 cui
533 3827 803 3883 convenit
820 3826 1012 3882 omnis
1034 3825 1240 3898 gloria,
1256 3825 1460 3893 honor,
1482 3826 1742 3883 adoratio
1761 3830 1819 3881 et
1842 3827 2068 3899 magni-

417 3916 674 3982 ficentia,
703 3932 861 3972 nunc
892 3920 945 3972 et
975 3930 1227 3987 semper,
1260 3920 1319 3971 et
1348 3916 1410 3972 in
1440 3914 1649 3971 secula
1696 3916 2064 3973 saeculorum.

412 4008 619 4064 Amen.

495 4194 572 4265 (6)
602 4193 706 4266 Hie
726 4209 926 4266 rursus
955 4192 1203 4266 multum
1236 4192 1510 4248 dissentit
1540 4195 1717 4250 editio
1744 4195 2066 4266 Lipomani,

422 4268 480 4320 et
506 4264 616 4335 pro
645 4264 937 4333 {Ethiopia
968 4264 1277 4319 substituit
1323 4266 1679 4335 Hierapolim
1712 4264 1820 4321 his'
1834 4268 2027 4323 verbis
2053 4284 2067 4323 :

425 4358 447 4386 ι
482 4336 697 4408 Nolens
729 4341 923 4391 autem
958 4352 1022 4391 eo
1056 4352 1445 4408 usqueisuam
1478 4344 1681 4395 sistere
1710 4338 2069 4408 doctrinam,

420 4408 493 4463 ad
545 4407 596 4462 ei
645 4412 797 4463 sorte
849 4408 1187 4482 attributam
1247 4407 1421 4478 Syriae
1467 4410 1852 4482 iHierapolim,
1896 4407 2067 4466 sitam

420 4496 597 4551 prope
630 4486 848 4550 partem
902 4478 1277 4549 Euphratem,
1313 4481 1554 4543 accedit,
1587 4503 1614 4531 »
1649 4478 1758 4536 etc.
1807 4488 1879 4537 At
1927 4499 2067 4537 rur-

418 4550 549 4606 sum
602 4566 717 4605 non
764 4550 951 4621 capio.
983 4551 1273 4620 quomodo
1323 4553 1414 4606 hic
1463 4554 1534 4607 de
1584 4553 1869 4622 Hierapoli
1921 4555 2064 4608 refe-

2166 585 2343 671 πλάνῄ
2404 597 2541 671 πρὸς
2602 592 2925 669 θεογνωσίαν
2985 589 3422 665 έχειραγώγησε,
3456 594 3557 656 τῆς
3608 585 3823 654 ἀπάτης

2164 689 2453 758 ἀπέστησε,
2500 687 2736 759 προσῇξε
2809 687 2877 757 τῇ
2938 680 3191 751 ἀληθείᾳ,
3250 678 3312 733 ὲκ
3368 678 3535 751 μέσου
3592 677 3663 730 τὰ
3719 682 3825 743 τῆς

2164 773 2410 838 ἀσεϐείας
2468 774 2757 844 πεποίηκε,
2778 773 2869 827 καὶ
2916 772 3113 831 πάντας
3146 774 3225 841 τῷ
3255 768 3454 839 ἀληθεῖ
3503 766 3593 821 καὶ
3664 765 3824 837 μόνῳ

2166 872 2282 940 Θεῷ
2338 867 2743 943 προσηγάγετο,
2808 864 2884 936 μὴ
2956 860 3121 935 μέχρι
3196 880 3254 914 τε
3331 856 3542 913 τούτων
3627 863 3822 924 στῆναι

2170 956 2509 1031 βουλόμενος
2540 955 2686 1026 αύτῷ
2727 953 2795 1010 τὰ
2836 958 2935 1021 τῆς
2978 947 3233 1027 διδαχῆς.
3275 949 3365 1003 καὶ
3412 949 3513 1015 τὴν
3564 943 3827 1014 ἀποκλη-

2168 1048 2425 1120 ρωθεῖσαν
2479 1044 2625 1115 αὐτῷ
2680 1040 2965 1117 ἱεράπόλιν
3014 1046 3112 1107 τῆς
3173 1038 3397 1112 Συρίας,
3435 1040 3515 1107 τῷ
3555 1039 3651 1089 τοῦ
3714 1034 3826 1091 Εὖ-

2168 1137 2370 1213 φράτου
2415 1136 2563 1209 μέρει
2616 1131 2965 1204 διακειμένην
3013 1122 3445 1200 καταλαμϐάνει,
3481 1124 3567 1179 καὶ
3624 1122 3820 1193 ἐπειδὴ

2165 1211 2301 1300 πρὸς
2330 1224 2589 1296 ἀληθείας
2621 1221 2910 1295 ἐπίγνωσιν
2944 1218 3242 1291 ἐπανήγαγε
3271 1217 3358 1271 καὶ
3401 1215 3526 1275 τοὺς
3567 1213 3621 1268 έν
3652 1211 3824 1287 αῧτῇ,

2168 1314 2543 1371 διδασκαλεῖόν
2601 1336 2659 1369 τε
2706 1313 2940 1373 πίστεως
2989 1308 3100 1364 ἐκεῖ
3130 1309 3558 1380 συστησάμενος,
3588 1303 3679 1358 καὶ
3737 1308 3827 1374 τῷ

2166 1411 2262 1461 τοῦ
2295 1405 2463 1481 λόγου
2497 1402 2698 1475 δικτύῳ
2727 1404 2926 1463 πάντας
2959 1402 3044 1461 οἷς
3094 1397 3154 1453 ἃν
3208 1396 3428 1471 ἐντύχοι
3496 1395 3821 1470 ζωγρήσας,

2170 1495 2457 1570 θαυμάτων
2496 1514 2553 1549 τε
2601 1492 2819 1563 πληθὺν
2863 1489 3251 1564 ἐργασάμενος,
3281 1489 3373 1542 καὶ
3430 1484 3497 1553 δὴ
3542 1484 3632 1539 καὶ
3686 1482 3824 1544 τοὺς

2167 1582 2612 1649 πεπιστευκότας,
2647 1578 2714 1635 δι’
2746 1578 2941 1641 ὕδατός
2973 1599 3030 1633 τε
3066 1579 3156 1632 καὶ
3189 1576 3505 1648 Πνεύματος
3537 1593 3825 1648 προσαγα-

2167 1674 2280 1747 γὼν
2310 1676 2389 1743 τῷ
2410 1675 2655 1746 Χριστῷ,
2690 1667 2982 1739 ἐκκλησίαν
3016 1666 3161 1737 αὐτῷ
3202 1665 3357 1742 ἁγίαν
3389 1661 3824 1737 ᾠκοδομήσατο,

2164 1764 2328 1837 ἱερεῖς
2379 1760 2438 1816 δὲ
2476 1761 2565 1815 καὶ
2609 1755 3003 1833 πρεσϐυτέρους
3062 1753 3489 1829 ἀποκληρώσας,
3547 1754 3638 1809 καὶ
3699 1752 3825 1809 δια-

2166 1854 2356 1914 κόνους
2383 1856 2465 1924 τῷ
2514 1850 2749 1921 τοιούτῳ
2788 1846 2954 1903 πάλιν
3002 1844 3355 1922 ἐγκαταλέξας
3416 1847 3635 1918 βαθμῷ,
3693 1846 3827 1900 ἑκά-

2171 1963 2301 2013 στης
2355 1962 2414 1995 τε
2461 1939 2982 2010 έκκλησιαζόμενος,
3014 1936 3105 1990 καὶ
3160 1938 3321 1990 τοῦτο
3382 1935 3476 2007 μὲν
3536 1934 3673 2007 πρὸς
3715 1936 3822 2003 τήν

2171 2030 2432 2101 ἀλήθειαν
2475 2027 2812 2105 ὑπαλείφων,
2842 2030 3003 2081 τοῦτο
3040 2022 3098 2079 δὲ
3140 2019 3472 2099 παραδιδοὺς
3501 2023 3567 2077 τὰ
3601 2025 3825 2093 μυστή-

2173 2142 2283 2196 ρια,
2312 2124 2429 2180 τοῖς
2458 2116 2648 2173 πάθεσί
2676 2137 2735 2170 τε
2780 2116 2871 2170 καὶ
2915 2116 3097 2176 νόσοις
3136 2111 3482 2185 πιεζόμενος.
3513 2113 3549 2183 ἢ
3611 2108 3826 2184 δαιμο-

2170 2210 2302 2266 νίων
2358 2207 2620 2277 κακότητι
2675 2202 3101 2274 κινδυνεύοντας,
3134 2200 3290 2277 λόγῳ
3327 2201 3417 2256 καὶ
3456 2198 3643 2275 χειρὸς
3686 2199 3827 2253 ἐπα-

2173 2302 2273 2378 φῇ,
2300 2304 2409 2354 τῶν
2436 2296 2814 2372 ἐνοχλούντων
2848 2292 3004 2355 εὐθὺς
3036 2288 3368 2363 ἀπήλαττεν.

2248 2588 2298 2632 ς.
2331 2564 2557 2640 Ἀμέλει
2596 2561 2689 2618 καὶ
2710 2568 2809 2632 τῆς
2841 2561 3035 2616 ἑαυτοῦ
3075 2559 3327 2632 κλήσεως
3358 2558 3505 2630 ἀξίαν
3537 2559 3636 2627 τὴν
3664 2558 3829 2634 ἐργα-

2175 2654 2293 2710 σίαν
2327 2649 2691 2714 ἀποδεδωκὼς
2719 2653 2799 2721 τῷ
2844 2645 3149 2717 καλέσαντι,
3179 2647 3271 2702 καὶ
3318 2644 3544 2722 πλήρης
3598 2648 3829 2719 ἡμερῶν

2174 2746 2468 2820 γενόμενος
2498 2745 2607 2797 τῶν
2636 2743 2734 2795 τοῦ
2766 2737 3102 2811 Πνεύματος,
3134 2734 3186 2791 ἒν
3219 2735 3410 2810 εἰρήνῃ
3435 2737 3571 2810 πρὸς
3600 2736 3693 2791 τὸν
3722 2742 3834 2805 τῆς

2178 2833 2402 2908 εἷ’ρήνης
2436 2828 2659 2886 ἀναλύει
2688 2828 2838 2897 Θεὸν,
2872 2826 2963 2882 καὶ
2999 2825 3114 2888 τοῖς
3148 2826 3241 2899 μὶν
3271 2824 3359 2881 ἐπὶ
3381 2831 3487 2901 γῆς
3506 2828 3639 2899 ἡμῖν
3666 2845 3833 2880 κατα-

2178 2920 2358 2977 λείπει
2395 2920 2457 2975 τὸ
2488 2923 2668 2991 σῶμα,
2702 2915 2830 2991 δόξῃ
2861 2936 2921 2971 τε
2956 2916 3047 2971 καὶ
3086 2916 3275 2987 ὕμνοις
3306 2913 3701 2988 κοσμούμενον,
3735 2914 3832 2969 καὶ

2178 3010 2447 3085 λαμπρῶς
2473 3010 2838 3080 ἀντικοσμοῦν
2867 3006 2959 3061 καὶ
2987 3006 3312 3079 καθαγιάζον
3349 3004 3545 3065 ἱκανῶς
3572 3003 3700 3065 τοὺς
3742 3001 3835 3059 δο-

2180 3102 2456 3175 ξάζοντας,
2488 3100 2517 3153 ’ὁ
2550 3095 2617 3166 δὴ
2648 3094 2851 3152 πολλοὶ
2897 3098 3006 3150 τῶν
3057 3095 3144 3149 ὑπ’
3174 3095 3343 3150 αὐτοῦ
3389 3100 3491 3163 τῆς
3548 3094 3831 3167 σωτηρίας

2178 3189 2499 3263 ἠξιωμένων
2545 3182 3001 3263 ἱερολογήσαντές
3038 3205 3098 3239 τε
3152 3183 3242 3238 καὶ
3297 3178 3707 3257 περιϐαλόντες,
3741 3182 3833 3238 ὲν-

2176 3280 2352 3353 τίμως
2408 3283 2478 3353 τῇ
2537 3273 2900 3349 νενομισμένῃ
2972 3272 3094 3344 ὀσίᾳ
3148 3270 3475 3349 παρέδοσαν.
3537 3270 3710 3333 Αὐτὸς
3769 3269 3831 3328 δὲ

2173 3369 2455 3445 προσώπῳ
2487 3366 2690 3440 Κυρίου
2734 3362 2951 3436 ἀμέσως
3009 3362 3098 3417 καὶ
3154 3363 3400 3437 καθαρῶς
3453 3358 3831 3438 ἐμφανίζεται,

2172 3463 2254 3531 τῷ
2307 3464 2410 3527 τῆς
2467 3453 2666 3519 ἐκεῖθέν
2715 3474 2775 3509 τε
2842 3450 3001 3523 δόξη)
3063 3451 3307 3527 στεφάνῳ
3365 3455 3674 3525 κοσμεῖται,
3736 3452 3829 3505 καὶ

2173 3547 2353 3619 τούτῳ
2410 3544 2615 3600 σύνεστι
2700 3542 2792 3597 καὶ
2873 3538 3292 3615 συναγάλλεται,
3325 3541 3371 3612 ᾦ
3428 3540 3623 3614 πρέπει
3682 3543 3834 3593 πᾶσα

2177 3635 2328 3708 δόξα,
2357 3636 2493 3706 τιμή
2526 3632 2615 3687 καὶ
2646 3629 3044 3706 προσκύνησις,
3081 3628 3443 3704 μεγαλωσύνη
3502 3649 3561 3684 τε
3599 3628 3690 3683 καὶ
3729 3649 3833 3700 με-

2176 3724 2569 3800 γαλοπρέπεια,
2602 3726 2692 3777 νῦν
2724 3719 2813 3776 καὶ
2864 3720 2946 3775 ἀεὶ
3002 3719 3092 3774 καὶ
3151 3718 3225 3781 είς
3271 3716 3399 3780 τοὺς
3459 3717 3657 3779 αἰῶνας
3720 3722 3831 3773 τῶν

2176 3816 2417 3870 αἰώνων.
2451 3814 2655 3885 ’Δμήν.

2178 4212 2449 4270 pomano,
2483 4194 2822 4270 probatiora
2869 4210 2998 4250 esse
3024 4260 3033 4270 ι
3055 4194 3360 4270 Suriani_s_,_
3391 4210 3518 4270 quin
3551 4194 3650 4270 ab
3699 4194 3831 4270 ipso

2177 4266 2351 4323 etiam
2389 4266 2703 4338 Lipbmano
2732 4267 2887 4321 edita
2925 4266 3060 4321 sunt
3094 4275 3229 4321 tom.
3265 4268 3385 4338 Vit,
3420 4266 3514 4338 fol.
3546 4266 3689 4331 265;
3721 4268 3831 4321 sed

2179 4339 2397 4395 nullam
2435 4336 2595 4394 addit
2628 4339 2947 4393 rationem:
2978 4344 3034 4391 et
3061 4354 3203 4392 sane
3232 4336 3543 4393 difficulter
3572 4339 3835 4394 dedisset

2178 4412 2470 4466 idoneam.
2515 4411 2740 4465 Etenim
2803 4409 3161 4480 probabilius
3211 4415 3319 4477 est,
3365 4409 3518 4479 apud
3580 4408 3833 4465 Parthos

2179 4483 2524 4553 praedicasse
2557 4482 3120 4553 Matthmumtquam
3169 4486 3317 4550 apud
3365 4481 3696 4547 Thebanos,
3732 4497 3834 4553 nee

2180 4552 2299 4609 scio
2330 4572 2492 4621 quos,
2528 4557 2622 4622 qui
2678 4562 2869 4623 postea
2917 4552 3221 4607 Persarum
3274 4554 3518 4621 imperio
3567 4552 3831 4621 adjuneti

416 4628 621 4696 rantur
637 4622 854 4683 omnia.
876 4638 1002 4693 quas
1022 4625 1175 4691 apud
1200 4622 1435 4677 Surium
1458 4625 1527 4678 de
1544 4625 1853 4696 EthiOpia.
1876 4627 2062 4690 Quare
2091 4627 2149 4693 Β
2174 4625 2426 4691 fuerint;
2463 4625 2817 4693 probabilius
2851 4640 3094 4696 quoque
3118 4633 3220 4688 est,
3254 4625 3600 4693 Ethiopiam
3632 4624 3830 4696 eidem

414 4695 683 4753 dubitare
711 4695 804 4749 vix
840 4710 1097 4767 possum,
1132 4695 1273 4767 quin
1317 4702 1585 4765 corrupta
1616 4702 1671 4751 et
1712 4695 2064 4767 interpolata

418 4767 533 4822 sint
568 4772 730 4833 Acta,
764 4782 890 4836 quae
941 4766 1125 4820 edidit
1177 4765 1550 4835 Lipomanus,
1581 4772 1638 4822 et
1669 4778 1820 4823 certe
1853 4765 2065 4824 alteru-

418 4843 509 4894 tra
540 4842 676 4894 sunt
705 4838 934 4892 duobus
959 4836 1100 4891 locis
1118 4844 1414 4908 corrupta.
1438 4841 1826 4895 Combetisius
1857 4840 1913 4894 in
1947 4843 2064 4895 Au-

420 4910 602 4964 ctario
632 4909 951 4964 novissimo
984 4913 1133 4979 part.
1160 4910 1185 4964 1
1222 4925 1347 4979 pag.
1382 4910 1485 4963 497
1518 4911 1617 4965 dat
1645 4912 2064 4968 Adnotationes

419 4980 482 5036 in
512 4980 844 5053 Orationem
894 4980 1104 5035 Nicetes
1136 4981 1194 5035 in
1225 4981 1579 5044 Matthteum,
1614 4983 1806 5053 ibique
1852 4984 1941 5038 bis
1971 5000 2065 5039 as-

422 5055 580 5121 serit,
613 5056 758 5109 Acta
788 5051 887 5106 illa
916 5052 1337 5123 Metaphrastae,
1370 5054 1522 5110 sicut
1551 5051 1871 5111 edita—sunt
1901 5072 1933 5110 a
1965 5055 2066 5111 Li—

2172 4698 2448 4769 obiigisse
2483 4697 2889 4767 praedicatione
2914 4695 3383 4769 illuminandam,
3416 4711 3593 4766 quam
3627 4695 3831 4769 civita-

2172 4766 2499 4823 tem'unam
2530 4768 2701 4836 Syriae
2733 4768 3107 4838 Hierapolim.
3148 4769 3207 4822 In
3244 4766 3403 4822 hisce
3434 4772 3633 4822 autem
3686 4767 3834 4823 solis

2171 4842 2314 4895 Acta
2344 4841 2639 4904 differunt,
2672 4840 2730 4893 in
2765 4837 3009 4909 reliquis
3040 4844 3367 4894 consonant
3397 4843 3603 4909 praeter
3634 4838 3833 4894 diver-

2174 4913 2397 4967 sitatem
2448 4911 2969 4981 interpretationis.
3022 4909 3238 4965 Verum
3297 4910 3369 4965 de
3417 4910 3829 4980 praedicatione

2174 4985 2358 5038 sancti
2386 4983 2635 5038 Mattheei
2657 4987 2713 5037 et
2736 4982 2804 5037 de
2826 4983 2949 5037 loco
2982 4982 3243 5054 martyrii
3283 4986 3385 5037 aut
3418 4981 3622 5038 mortis
3656 4981 3831 5054 plura

2174 5055 2426 5111 disserui
2455 5054 2515 5110 in
2546 5054 3002 5118 Commentario,
3040 5052 3069 5125 §
3102 5052 3154 5108 4.
