4144 6184
307 305 422 365 821

1516 304 1996 369 MARTYRIUM
2045 309 2111 370 S.
2162 308 2510 369 THEGLIE.

3600 324 3718 385 822

2064 471 3714 501 ...ψ-..Ἧ-

2063 487 3711 518 Ἤ

1001 624 1301 718 ΠΕΡΙ
1382 626 1624 719 ΤΗΣ
1709 626 2074 721 ΑΓΙΑΣ
2158 627 2373 722 ΚΑΙ
2438 631 3039 730 ΕΝΔΟΞΟΥ

1500 826 1621 879 ΚΑΙ
1668 828 1931 883 ΚΑΛΛΙΝ
1948 829 2104 885 ΙΚΟΥ
2143 830 2241 885 MA
2252 830 2515 887 ΡΤΥΡΟΣ

915 1028 1624 1157 ΘΕΚΛΗΣ
1735 1034 2077 1161 ΤΗΣ
2194 1038 2419 1165 ΕΝ
2556 1039 3105 1171 ΙΚΝΙΩ.

628 1485 770 1569 DE
843 1485 1297 1573 S.\NCTA.
1387 1486 1968 1577 GLORIOSA
2037 1494 2171 1577 AC
2248 1492 2772 1588 VICTRICE
2849 1498 3396 1590 MARTYRE

961 1718 1751 1885 THECLA
1834 1723 2039 1887 ΙΝ
2053 1722 2796 1891 CONIEN
2809 1728 3053 1893 SI.

682 1990 1038 2055 (Septembris
1070 1990 1153 2040 die
1182 1992 1259 2041 23.
1290 2019 1351 2031 —
1379 1994 1561 2044 Graece
1593 1998 1645 2045 et
1677 1995 1863 2046 Latine
1902 1996 2070 2047 edidit
2099 1998 2282 2048 Petrus
2306 1999 2582 2049 Pantinus.
2616 2000 2937 2065 Antwerpias
2969 2001 3109 2064 1608,
3151 2002 3337 2066 in-4°.)

380 2338 440 2392 A.
474 2334 633 2407 Ἀρτι
697 2336 795 2387 τοῦ
845 2332 1084 2407 μεγάλου
1114 2338 1215 2403 τῆς
1262 2332 1523 2403 ἀληθείας
1572 2334 1959 2408 εὐαγγελιστοῦ

2147 2341 2187 2397 Ι.
2239 2341 2384 2398 Cum
2434 2344 2692 2415 primum
2745 2346 2961 2402 Paulus
3006 2362 3258 2418 magnus
3304 2346 3401 2403 ille
3454 2344 3713 2403 veritatis

306 2446 365 2481 τε
389 2422 480 2479 καὶ
521 2423 786 2496 κήρυκος,
828 2422 1047 2478 Παύλου
1082 2422 1226 2497 φημὶ
1283 2430 1383 2491 τῆς
1415 2423 1812 2501 πολυφθόγγου
1870 2431 1966 2479 τοῦ

308 2516 553 2589 Χριστοῦ
602 2509 929 2587 σάλπιγγος,
962 2511 1069 2566 ἀπὸ
1120 2512 1461 2588 Ἀντιοχείας
1501 2519 1600 2582 τῆς
1661 2513 1711 2567 ἐν
1774 2515 1963 2589 Συρίᾳ,

310 2603 398 2659 ἐπὶ
424 2604 485 2657 τὸ
518 2600 744 2660 Ἰκόνιον
768 2600 1127 2678 ἀφικομένου,
1160 2600 1247 2655 καὶ
1278 2604 1372 2656 τὸν
1404 2608 1502 2671 τῆς
1565 2608 1709 2670 ζωῆς
1772 2605 1963 2677 λόγον,

308 2692 473 2747 οἱονεὶ
523 2689 739 2765 σπέρμα
797 2695 964 2757 θεῖον,
1033 2688 1143 2744 ἐκεῖ
1202 2686 1714 2763 καταϐαλλομένου,
1775 2698 1965 2764 Δημᾶς

308 2782 401 2835 καὶ
456 2778 819 2855 Ἑρμογένης,
869 2777 1060 2853 ἄνδρες
1120 2779 1180 2833 οὸ
1244 2780 1379 2853 πρὸς
1423 2777 1686 2849 ἀλήθειαν
1747 2784 1962 2852 ζῶντες,

311 2869 441 2925 ἀλλ’
484 2867 818 2942 ὑποκρίσεως
867 2866 1016 2929 ὄντες
1066 2867 1520 2942 πεπληρωμένοι,
1571 2868 1717 2941 αὐτῷ
1786 2871 1964 2924 συνεί-

311 2958 591 3014 ποντο.Ὀ
650 2956 866 3019 Παῦλος
926 2956 1042 3026 οῦν,
1098 2957 1190 3012 ἅτε
1243 2962 1339 3012 τοῦ
1388 2960 1627 3032 Χριστοῦ
1689 2961 1960 3031 μαθητὴς,

311 3048 401 3103 καὶ
462 3046 655 3119 μεστὸς
709 3043 781 3099 ὢν
842 3045 1176 3121 ἀγαθότητος
1241 3048 1341 3115 την
1418 3049 1624 3122 ψυχὴν,
1682 3046 1963 3109 ἁπλοϊκῶς

310 3136 500 3197 αὐτοῖς
546 3136 633 3190 καὶ
693 3135 893 3214 φιλίως
946 3134 1268 3211 προσέκειτο
1304 3157 1315 3169 ⁸
1376 3136 1466 3190 καὶ
1541 3138 1716 3191 πάντα
1770 3137 1837 3205 ἦν
1894 3138 1961 3191 τὰ

310 3226 447 3281 κατᾶ
476 3225 573 3293 τήν
609 3222 932 3293 δεσποτικὴν
965 3223 1282 3297 οἰκονομίαν
1330 3224 1513 3287 αὐτοῖς
1556 3222 1956 3299 διοικούμενος,

307 3316 375 3370 τὰ
409 3312 668 3389 μεγαλεῖα
702 3333 760 3367 τε
798 3316 893 3366 τοῦ
917 3317 1049 3368 Θεοῦ
1072 3310 1435 3388 διαγγέλλων,
1467 3314 1557 3368 καὶ
1616 3315 1763 3378 ὅπως
1819 3313 1958 3369 ἄπο-

308 3403 610 3479 καλυφθείη
671 3401 818 3473 αὐτῷ
880 3401 1096 3473 Κύριος,
1152 3403 1243 3457 καὶ
1301 3403 1436 3477 πρὸς
1496 3404 1683 3459 ἑαυτὸν
1729 3403 1960 3460 ἐπισπά-

314 3513 488 3550 σοιτο.
530 3488 752 3559 Ἐπειδὴ
787 3489 844 3545 δὲ
875 3491 964 3545 καὶ
998 3491 1048 3546 ἐν
1083 3490 1217 3564 αὐτῇ
1256 3495 1324 3565 τῇ
1356 3491 1515 3547 πόλει
1545 3498 1651 3548 τῶν
1692 3493 1960 3550 Ἰκονιέων

310 3584 551 3658 γένοιτο,
616 3580 949 3651 ἐπιξενοῦται
1006 3584 1151 3653 παρά
1221 3603 1323 3637 τινι
1410 3579 1560 3655 ἀνδρί
1617 3583 1958 3660 Ὠνησιφόρῳ

310 3671 554 3750 τοῦνομα
598 3675 655 3736 ’ὀς
689 3670 914 3744 εὐσεϐής
960 3695 1018 3729 τε
1058 3671 1132 3729 ὢν
1183 3674 1268 3728 καὶ
1331 3673 1509 3730 τᾶλλα
1548 3675 1744 3751 ἀγαθὸς
1799 3675 1956 3749 ἀνὴρ,

311 3765 386 3827 ὡς
424 3764 587 3837 μόνον
623 3767 718 3818 τοῦ
749 3765 980 3819 Ἰκονίου
1021 3759 1357 3837 παραλαϐεῖν
1404 3764 1493 3818 τὸν
1556 3763 1773 3819 Ηαῦλου
1834 3765 1958 3834 ἀνή-

308 3875 456 3922 κοεν,
489 3852 714 3922 ἐξελθὼν
772 3852 885 3925 ἅμα
940 3854 1153 3925 γυναικὶ
1183 3853 1273 3907 καὶ
1312 3852 1522 3915 τέκνοις
1552 3853 1697 3925 αὑτῷ
1732 3853 1953 3925 ὑπαντᾷ.

309 3944 521 4015 Ἐμαθε
576 3943 679 4018 γὰρ
738 3943 884 4016 παρᾶ
938 3943 1122 4011 Τίτου,
1173 3945 1363 4005 ὁποῖος
1431 3944 1532 4018 ἄρα
1588 3945 1686 4012 τήν
1726 3941 1869 3997 ἰδέαν
1929 3944 1957 3998 ὁ

310 4028 550 4099 Παῦλος,
591 4031 681 4085 καὶ
740 4031 896 4103 πόθῳ
954 4036 1035 4103 τῷ
1084 4029 1285 4086 ἐκείνου
1347 4031 1572 4107 βληθείς
1641 4032 1777 4086 κατὰ
1839 4031 1958 4095 θέαν

310 4118 478 4175 αὐτοῦ
512 4118 675 4192 ἐξῄει.
710 4116 859 4176 Ἰδὼν
894 4118 951 4174 δὲ
1003 4119 1214 4176 Παῦλον
1262 4120 1587 4196 ἐρχόμενον,
1621 4118 1792 4195 ἄνδρα
1840 4122 1955 4175 οἷον

312 4212 339 4265 ὁ
371 4209 537 4268 Τίτου
569 4208 743 4284 λόγος
774 4210 1072 4283 ὑπὲγραψε,
1110 4210 1318 4289 βραχὺν
1360 4214 1461 4280 τήν
1518 4210 1764 4281 ἡλικίαν,
1797 4210 1958 4284 ψιλὸν

310 4301 410 4368 τὴν
474 4298 740 4376 κεφαλὴν,
801 4298 1046 4375 ἆγγῦλον
1086 4301 1179 4360 τὰς
1222 4302 1437 4373 κνήμας
1496 4303 1728 4377 γρυπὸν,
1791 4302 1957 4356 σύνο-

312 4409 471 4465 φουν,
502 4389 562 4441 τὸ
598 4392 788 4460 μεῖζον
822 4388 984 4463 φάναι
1016 4388 1103 4442 καὶ
1134 4390 1497 4461 καιριώτατον
1532 4391 1779 4464 χάριτος,
1811 4390 1957 4460 θείης

313 4475 753 4550 πεπληρωμένον
786 4496 797 4509 ⁸
859 4481 1054 4551 Χαῖρε,
1103 4479 1257 4556 φησὶ.
1307 4479 1445 4552 πρὸς
1494 4481 1680 4549 αὐτὸν,
1718 4480 1960 4555 ὑπηρὲτα

310 4569 408 4621 τοῦ
439 4564 835 4639 εὐλογημένου.
866 4568 925 4624 ⁸0
958 4565 1171 4629 Ιῐαῦλος
1223 4564 1300 4633 δὲ,
1332 4568 1421 4623 καὶ
1473 4568 1631 4631 αὐτὸς
1687 4570 1960 4644 ΙΙνεύματι

317 4655 447 4727 θείῳ
468 4655 560 4708 τὸν
594 4652 759 4728 ἄνδρα
788 4655 1134 4727 καταμαθὼν,
1167 4658 1362 4729 σεμνόν
1392 4678 1447 4712 τε
1494 4660 1795 4732 προσώπου
1832 4681 1958 4731 μει-

315 4740 508 4815 δίαμα,
540 4742 629 4797 καὶ
660 4744 794 4812 ἦθος
828 4744 1011 4817 χαρίεν
1045 4744 1191 4816 αὐτῷ
1221 4744 1583 4817 ἐπιδείξας-Ἦ
1622 4747 1802 4823 χάρις,
1834 4746 1958 4825 ἔφη,

316 4832 415 4889 τοῦ
446 4837 579 4888 Θεοῦ
612 4832 694 4903 εἴη
733 4835 865 4905 μετὰ
896 4836 1008 4902 σοῦ,
1042 4836 1132 4891 καὶ
1165 4842 1265 4890 τοῦ
1308 4836 1459 4893 οἷ’κου
1507 4860 1620 4893 σου.
1666 4844 1853 4913 Δημᾶς
1906 4836 1961 4895 δὲ

318 4924 410 4978 καὶ
439 4923 803 4997 Ἑρμογένης,
837 4922 925 4985 οὖς
954 4923 1060 4995 ἤδη
1112 4925 1201 4980 καί
1261 4926 1578 4991 ἀκολουθεῖν
1630 4929 1778 5001 αὐτῷ
1825 4926 1950 5005 ἔφη·

317 5032 435 5084 μεν,
469 5010 651 5088 φθόνῳ
691 5012 771 5083 τῷ
821 5014 956 5086 πρὸς
1008 5016 1100 5069 τὸν
1157 5016 1375 5071 Παῦλον
1435 5017 1529 5078 τὰς
1591 5020 1770 5092 ψυχὰς
1810 5017 1958 5089 πλη-

317 5100 635 5175 γὲντες,καὶ
666 5102 763 5170 τὴν
794 5099 961 5156 ὠδῖνα
991 5108 1088 5172 τῆς
1130 5105 1353 5173 καρδίας
1405 5106 1513 5181 οὐχ
1556 5109 1663 5162 οἷοί
1706 5130 1764 5164 τε
1814 5108 1957 5169 ὄντες

316 5188 541 5263 στέγειν,
603 5188 727 5245 ἀλλ’
781 5190 859 5255 είς
913 5197 1030 5270 φῶς
1088 5191 1426 5269 ἔνεγκόντες·
1486 5197 1678 5272 Ἡμεῖς
1739 5196 1794 5253 δέ
1852 5220 1958 5270 σοι,

313 5278 452 5353 πρὸς
491 5278 582 5333 τὸν
629 5279 981 5356 Ὀνησιφόρον
1035 5285 1215 5360 φασὶν,
1263 5284 1324 5339 οὐ
1368 5282 1631 5360 δοκοῦμεν
1682 5289 1808 5342 slva:
1866 5293 1963 5342 τοῦ

316 5367 718 5443 εὖλογημὲνου,
777 5368 859 5423 ὅτι
919 5372 995 5443 μη
1046 5373 1135 5426 καί
1195 5374 1330 5447 πρὸς
1389 5379 1558 5448 ἡμᾶς,
1626 5375 1770 5431 ἀλλὰ
1828 5378 1963 5452 πρὸς

315 5455 536 5511 Παῦλον
579 5456 743 5527 μόνον
766 5460 864 5526 τήν
899 5460 1203 5534 πρόσρησιν
1234 5462 1477 5533 ἐποιήσω
1506 5487 1518 5535 ς
1554 5466 1612 5521 Ὀ
1645 5463 1700 5519 δὲ
1756 5467 1844 5520 καὶ
1877 5466 1965 5518 ἀπ’

1988 3710 2044 3776 Β

1989 5065 2039 5133 C

317 5546 498 5600 αὐτῶν
554 5549 660 5598 τῶν
696 5546 958 5619 ῥημάτων
990 5551 1091 5620 τήν
1125 5551 1548 5627 ὑποκαθημένην
1610 5554 1789 5617 αὐτοῖς
1823 5553 1971 5609 ἔνδον

317 5632 501 5688 κακίαν
552 5636 921 5711 κατανοήσας,
981 5639 1131 5697 Ἐπεὶ
1186 5641 1292 5716 οὐχ
1352 5642 1463 5717 ὁρω
1517 5642 1567 5699 ἐν
1629 5646 1782 5717 ὒμῖν,
1836 5645 1970 5715 εἶπε,

2081 2431 2324 2488 nuntius
2374 2449 2442 2488 aa
2493 2449 2699 2505 praeco,
2735 2438 2791 2489 et
2821 2452 3032 2491 sonora
3079 2436 3290 2492 Christi
3331 2437 3491 2503 tuba,
3524 2434 3725 2491 relicta

2076 2520 2403 2586 Antiochia,
2446 2522 2618 2593 Syriae
2672 2522 2829 2592 urbe,
2877 2524 3140 2578 Iconium
3199 2525 3474 2589 venisset,
3528 2524 3728 2594 ibique

2075 2608 2207 2663 vitae
2245 2610 2500 2678 verbum,
2537 2611 2724 2665 instar
2744 2611 2922 2665 divini
2960 2612 3226 2679 seminis,
3258 2616 3575 2684 spargeret,
3616 2613 3724 2667 De-

2078 2713 2196 2752 mas
2238 2701 2294 2751 et
2342 2702 2752 2768 Hermogenes,
2802 2715 2916 2754 non
2968 2715 3035 2752 ex
3082 2700 3346 2755 veritatis
3386 2700 3724 2770 prescripto

2074 2786 2351 2855 viventes,
2411 2786 2511 2842 sed
2568 2786 2798 2843 ﬁctione
2856 2787 3035 2857 pleni,
3088 2804 3201 2843 una
3257 2787 3425 2843 illum
3475 2787 3722 2843 comita-

2075 2874 2287 2930 bantur
2327 2892 2340 2929 :
2384 2891 2533 2946 quos
2582 2874 2821 2945 Paulus,
2866 2875 3082 2946 quippe
3120 2874 3336 2931 Christi
3377 2874 3721 2946 discipulus,

2073 2964 2268 3020 animo
2308 2963 2468 3019 omni
2526 2964 2887 3019 humanitate
2944 2964 3188 3033 imbuto,
3248 2964 3495 3021 candide
3544 2969 3719 3035 atque

2072 3053 2257 3108 amice
2314 3052 2789 3123 amplectebatur,
2848 3053 3158 3121 omniaque
3231 3053 3373 3121 illis,
3450 3069 3577 3125 quae
3648 3054 3721 3108 ad

2069 3140 2435 3196 Dominicam
2481 3140 2875 3212 disciplinam,
2907 3141 3243 3211 vivendique
3282 3146 3498 3197 rectam
3540 3141 3719 3196 ratio-

2068 3244 2202 3283 nem
2245 3228 2617 3298 pertinerent,
2651 3228 3082 3301 suppeditabat,
3109 3228 3402 3299 magnalia
3430 3228 3552 3295 Dei,
3586 3244 3707 3284 mo-

2067 3317 2328 3388 dumque
2372 3334 2485 3388 quo
2516 3318 2795 3373 Dominus
2839 3318 2952 3389 ipsi
2994 3318 3382 3390 apparuisset,
3422 3324 3479 3374 et
3520 3318 3595 3374 ad
3642 3333 3705 3374 se

2066 3407 2363 3472 traxisset,
2410 3406 2529 3462 illis
2576 3423 2874 3463 enarrans.
2919 3407 2979 3461 In
3020 3407 3206 3477 ipssm
3252 3424 3423 3479 porro
3454 3407 3712 3465 Iconien-

2067 3497 2218 3552 sium
2270 3497 2476 3551 urbem
2509 3498 2631 3568 jam
2685 3498 3005 3566 ingressus,
3056 3497 3309 3569 hospitio
3357 3500 3640 3571 excipitur
3676 3514 3711 3554 a

2069 3587 2324 3656 quodam
2384 3585 2527 3652 viro,
2569 3586 2664 3641 cui
2721 3585 3081 3657 Onesiphoro
3134 3603 3370 3656 nomen,
3428 3587 3529 3657 qui
3576 3603 3710 3641 cum

2067 3682 2273 3732 caetera
2330 3674 2417 3730 vir
2466 3674 2680 3745 probus
2728 3680 2902 3743 esset,
2949 3681 3071 3730 tum
3132 3674 3304 3729 etiam
3349 3676 3505 3746 pius,
3536 3675 3710 3729 simul

2067 3771 2246 3837 atque
2280 3765 2524 3831 audivit,
2557 3763 2795 3818 Paulum
2836 3765 2905 3819 ad
2955 3764 3157 3818 urbem
3209 3765 3540 3831 adventare,
3574 3780 3709 3818 cum

2068 3870 2245 3911 uxore
2301 3858 2360 3909 et
2415 3853 2616 3909 liberis
2663 3853 2890 3909 obviam
2956 3853 3275 3924 procedens
3326 3851 3710 3923 (intellexerat

2067 3944 2222 4000 enim
2270 3960 2340 3998 ex
2371 3942 2523 4009 Tito,
2553 3959 2670 4014 qua
2726 3940 2912 3997 forma
2960 3941 3170 3997 Paulus
3228 3942 3401 4011 esset)
3454 3942 3582 4011 ejus
3620 3941 3707 3995 vi-

2066 4032 2237 4089 dendi
2285 4031 2573 4087 desiderio
2626 4035 2835 4098 tactus,
2876 4030 3068 4086 exivit.
3110 4030 3291 4094 Quem
3340 4029 3708 4085 accedentem

2068 4126 2457 4195 conspiciens,
2509 4125 2697 4179 virum
2749 4122 3033 4192 videlicet,
3077 4122 3312 4193 qualem
3350 4122 3463 4177 Titi
3521 4137 3707 4177 sermo

2070 4216 2477 4285 descripserat,
2529 4213 2687 4267 brevi
2719 4211 2975 4282 corporis
3013 4216 3261 4279 statura,
3307 4212 3495 4284 capite
3551 4210 3707 4281 exili,

2066 4303 2230 4358 tibiis
2296 4301 2575 4367 incurvis,
2635 4317 2779 4355 naso
2858 4301 3104 4370 adunco,
3153 4299 3304 4355 ciliis
3376 4298 3710 4368 contractis,

2069 4394 2264 4449 animo
2296 4408 2363 4448 ac
2415 4395 2609 4447 mente
2657 4394 2896 4457 attenta,
2922 4397 3120 4460 utque,
3177 4389 3327 4458 quod
3379 4389 3568 4459 majus
3597 4393 3708 4456 est,

2068 4490 2124 4540 et
2154 4484 2406 4539 maxime
2437 4482 2506 4537 ad
2555 4499 2675 4538 rem
2708 4481 2864 4547 facit,
2900 4481 3166 4547 referam,
3199 4480 3391 4534 virum
3422 4479 3707 4550 (inquam)

2068 4574 2265 4628 divina
2320 4571 2505 4643 gratia
2566 4570 2823 4640 plenum,
2883 4569 3069 4635 Salve,
3132 4568 3344 4639 inquit,
3394 4583 3554 4623 serve
3614 4569 3709 4622 Dei

2068 4660 2381 4725 benedicti,
2416 4658 2506 4714 cui
2563 4658 2777 4714 Paulus
2816 4663 2874 4713 et
2932 4659 3058 4731 ipse
3105 4657 3313 4725 virum,
3350 4656 3445 4710 Dei
3491 4655 3708 4727 Spiritu

2069 4752 2331 4817 docente,
2369 4766 2747 4820 cognoscens,
2779 4747 2966 4803 laetam
3002 4748 3318 4820 quamdam
3350 4745 3549 4800 vultus
3580 4761 3709 4815 gra-

2066 4840 2321 4906 vitatem,
2369 4844 2712 4910 gratamque
2742 4837 2956 4907 ingenii
2989 4837 3333 4891 suavitatem
3376 4835 3705 4899 ostendens,

2068 4932 2286 4996 Gratia,
2330 4929 2542 4999 inquit,
2577 4928 2677 4982 Dei
2709 4934 2895 4983 tecum
2939 4932 2995 4982 et
3042 4944 3172 4981 cum
3207 4931 3305 4981 tua
3337 4923 3533 4979 famlia
3564 4931 3705 4977 esto.

2070 5019 2281 5075 Demas
2312 5036 2477 5089 porro
2502 5030 2555 5073 et
2584 5020 2976 5086 Hermogenes
3006 5018 3176 5087 (quos
3206 5016 3397 5085 ipsum
3444 5010 3711 5068 comitari

2070 5110 2367 5180 diximus),
2387 5108 2598 5163 animis
2622 5124 2722 5179 per
2742 5106 3018 5161 invidiam
3046 5107 3101 5159 in
3128 5104 3371 5158 Paulum
3386 5102 3711 5167 concitatis,

2072 5201 2127 5253 et
2157 5198 2344 5252 cordis
2376 5198 2466 5253 sui
2492 5197 2771 5264 dolorem,
2799 5196 2984 5250 instar
3008 5200 3231 5264 partus,
3265 5192 3507 5247 minime
3527 5195 3715 5261 tegere

2071 5288 2351 5355 valentes,
2385 5287 2482 5343 sed
2517 5286 2573 5340 in
2608 5292 2865 5355 apertum
2901 5286 3255 5355 proferentes
3290 5298 3301 5336 :
3336 5281 3506 5348 Quid,
3529 5280 3714 5345 aiunt,

2076 5377 2452 5443 Onesiphore,
2482 5393 2553 5430 an
2591 5392 2693 5429 nos
2724 5389 2958 5444 quoque
2999 5372 3072 5427 ad
3124 5374 3303 5427 Deum
3345 5369 3716 5426 benedictum

2078 5484 2191 5521 non
2234 5466 2495 5520 videmur
2528 5464 2630 5519 tibi
2670 5465 2972 5535 pertinere,
3008 5461 3164 5534 quod
3188 5460 3353 5516 nobis
3385 5458 3717 5531 preteritis,

2081 5574 2265 5612 unum
2305 5556 2548 5611 Paulum
2570 5559 2652 5612 sis
2684 5556 3008 5611 allocutus?
3032 5555 3107 5609 Ex
3140 5552 3350 5623 quibus
3372 5551 3563 5606 verbis
3582 5566 3716 5605 cum

2085 5649 2508 5719 improbitatem
2566 5650 2624 5703 in
2681 5646 2825 5718 ipsis
2884 5646 3230 5700 insidentem
3306 5640 3714 5715 perspexisset,
