4144 6184
403 324 520 385 823

1714 320 1997 382 MENSIS
2045 319 2529 382 SEPTEMBER.

3690 309 3809 369 824

408 490 526 547 Hoc
556 489 710 558 ideo,
759 489 971 562 inquit,
1011 507 1045 545 a
1084 503 1174 545 me
1206 490 1402 543 aetum
1452 488 1559 553 est,
1594 485 1747 557 quod
1797 502 1912 541 non
1945 486 2046 541 de-

2158 482 2363 555 καρπὸν
2394 477 2581 535 οὐδένα
2612 475 2965 546 δικκιοσύνης
2998 494 3010 506 ο
3041 472 3154 529 οὐδ’
3189 469 3279 528 οῦν
3332 469 3477 526 ἀλλᾶ
3507 468 3595 525 καὶ
3651 468 3808 544 ὑμεῖς

407 579 768 653 prehendam
796 579 856 635 in
889 579 1052 636 vobis
1086 578 1270 633 ullum
1297 576 1536 647 justitiae
1572 576 1819 630 fructum
1852 591 1865 629 :
1899 574 2050 629 nihi-

404 669 661 725 lominus
692 673 881 725 tamen
914 685 1013 725 vos
1044 683 1276 739 quoque
1307 666 1547 722 domum
1601 680 1792 721 meam
1840 665 2048 735 venite,

406 763 465 814 et
494 762 555 814 in
585 775 653 814 ea
690 758 1058 830 requiescite.

476 848 545 903 II.
588 848 806 903 Paulus
862 848 1043 920 igitur
1092 864 1156 903 eo
1202 847 1524 918 ingressus,
1581 848 1749 916 capta
1792 844 2051 916 primum

407 937 619 1008 quiete,
655 937 863 993 deinde
891 942 1123 1009 sumpto
1154 936 1303 1004 cibo,
1339 936 1516 991 verba
1548 935 1734 991 facere
1768 935 2049 1004 instituit,

409 1031 467 1083 et
496 1026 728 1099 pietatis
773 1027 1100 1083 doctrinam
1141 1025 1354 1082 animis
1384 1040 1606 1092 eorum,
1640 1024 1733 1095 qui
1767 1041 2055 1081 convene-

406 1123 560 1180 rant,
606 1114 1005 1171 disseminare.
1057 1114 1232 1185 Cujus
1271 1114 1551 1170 doctrinae
1580 1115 2050 1186 principiumz’ac

407 1205 852 1260 fundamentum
886 1205 971 1259 illi
1022 1204 1150 1271 fuit,
1196 1204 1595 1259 Beatitudines
1626 1221 1657 1258 a
1700 1202 1927 1259 Christo
1964 1205 2052 1260 de-

408 1296 750 1367 praadicatae.
784 1294 942 1350 Beati
984 1293 1164 1365 enim,
1216 1293 1427 1366 inquit,
1475 1309 1758 1365 pauperes
1788 1294 1998 1365 Spiritu
2035 1311 2048 1350 :

406 1386 685 1457 quoniam
706 1383 969 1457 ipsorum
994 1388 1083 1440 est
1100 1400 1345 1456 regnum
1362 1384 1641 1439 caelorum
1657 1383 1697 1439 ί.
1714 1384 1867 1439 Beati
1890 1400 2053 1439 mun-

407 1475 481 1529 do
506 1475 710 1529 corde:
745 1474 1021 1545 quoniam
1054 1473 1165 1544 ipsi
1199 1474 1381 1529 Deum
1417 1473 1710 1528 videbunt.
1744 1472 1901 1528 Beati
1924 1488 2053 1527 con-

406 1564 682 1627 tinentes,
724 1567 779 1619 et
811 1564 990 1619 stulto
1040 1561 1177 1617 huic
1228 1564 1448 1617 mundo
1480 1560 1883 1628 valedieentes,
1916 1561 2051 1633 quia

406 1655 523 1709 Deo
580 1652 872 1724 imprimis
930 1652 1260 1724 placebunt.
1316 1653 1474 1707 Beati
1542 1653 1811 1708 timorem
1864 1654 1959 1708 Dei
1991 1652 2048 1708 in

405 1742 597 1799 cordis
626 1741 778 1797 velut
824 1746 984 1798 utero
1026 1742 1431 1813 parturientes,
1475 1742 1779 1813 ipsiusque
1819 1741 2051 1798 oracula

404 1836 719 1887 trementes
753 1849 765 1887 :
800 1832 1079 1903 quoniam
1117 1834 1311 1903 ipsum
1352 1832 1653 1900 videbunt,
1681 1839 1734 1887 et
1766 1838 2047 1903 tanquam

406 1920 597 1993 angeli
630 1928 909 1993 perpetuo
940 1938 1070 1977 cum
1122 1922 1249 1994 ipso
1278 1922 1507 1994 degant.
1549 1921 1634 1976 Ad
1663 1938 1836 1993 quem
1870 1922 2045 1990 enim,

405 2011 601 2082 inquit
629 2009 745 2079 ille,
778 2012 1121 2083 adspiciam,
1143 2011 1256 2066 nisi
1287 2012 1356 2066 ad
1391 2011 1612 2082 mitem,
1645 2015 1698 2066 et
1729 2010 1970 2066 tacitum
1994 2015 2051 2066 et

404 2104 754 2156 trementem
785 2116 1083 2157 sermones
1116 2117 1278 2156 meos
1310 2100 1337 2155 ?
1368 2100 1529 2156 Beati
1584 2100 1682 2171 qui
1737 2104 2047 2171 postquam

404 2188 502 2245 Dei
544 2188 841 2244 lavacrum
871 2194 1277 2260 susceperunt,
1312 2205 1557 2261 corpora
1586 2206 1694 2245 sua
1724 2206 1867 2260 pura
1895 2190 2051 2245 dein-

401 2293 537 2351 ceps
577 2278 649 2333 ab
680 2278 842 2334 omni
874 2279 1045 2333 sorde
1075 2278 1495 2346 custodientes,
1522 2279 1799 2351 pacificos
1830 2278 2049 2349 seipsos

397 2366 515 2423 vita
545 2384 610 2424 ac
645 2366 908 2422 moribus
938 2366 1213 2423 exhibent
1245 2384 1259 2423 :
1294 2368 1575 2439 quoniam
1625 2368 1730 2424 ﬁlii
1760 2368 2048 2424 Altissimi

396 2458 778 2514 vocabuntur.
813 2458 972 2513 Beati
1005 2458 1410 2515 misericordes
1444 2477 1457 2515 :
1500 2460 1780 2532 quoniam
1814 2460 2044 2514 miseri-

404 2549 665 2605 cordiam
724 2553 1179 2619 consequentur,
1227 2554 1283 2604 et
1338 2548 1399 2603 in
1459 2549 1550 2605 die
1605 2548 1811 2619 judicii
1855 2547 2048 2604 nullas

400 2638 670 2711 supplicii
690 2655 892 2711 pcenas
922 2638 1313 2710 experientur.
1339 2637 1499 2694 Beati
1527 2655 1773 2710 quorum
1809 2655 2051 2711 corpora

399 2729 616 2801 pariter
698 2732 869 2800 atque
916 2730 1145 2799 animae,
1216 2732 1402 2797 castae,
1484 2729 1673 2785 instar
1728 2729 2048 2800 virginum,

397 2822 644 2875 servatas
704 2818 969 2873 fuerint:
1020 2818 1303 2889 quoniam
1354 2816 1470 2874 Deo
1516 2818 1735 2889 accepti
1767 2820 1962 2887 erunt,
1994 2824 2051 2873 et

386 2906 635 2978 justitiaa
683 2907 1071 2979 puritatisque
1119 2923 1232 2962 sua
1279 2907 1602 2962 mercedem
1651 2908 1805 2978 apud
1850 2907 2047 2976 ipsum

395 2996 717 3063 invenient,
781 2996 1036 3067 quietem
1096 2996 1511 3067 sempiternam
1573 2995 1923 3065 adepturi‘.
1982 2995 2051 3051 Et

398 3083 579 3139 Paulo
638 3083 874 3154 quidem
925 3084 1217 3154 ejusmodi
1282 3083 1453 3139 verba
1510 3084 1569 3138 in
1618 3085 1788 3139 domo
1838 3083 2049 3140 Onesi-

402 3171 571 3243 phori
603 3188 798 3228 coram
850 3172 990 3239 illis,
1022 3172 1123 3244 qui
1172 3175 1239 3229 ad
1283 3189 1341 3228 se
1373 3177 1670 3240 venerant,
1712 3174 2048 3235 disserente.

408 3266 467 3318 et
515 3261 816 3319 nonnullis
865 3263 1101 3334 quidem
1172 3262 1417 3319 libenter
1475 3264 1815 3335 placideque
1879 3263 2047 3320 illum

406 3351 805 3417 audientibus,
862 3351 993 3407 aliis
1051 3355 1245 3409 autem
1294 3353 1838 3409 sermocinationem
1898 3354 2050 3410 hanc

404 3440 766 3512 negligenter
794 3439 1235 3512 accipientibus,
1264 3448 1318 3498 et
1349 3442 1658 3499 surdorum
1681 3442 1863 3499 instar
1883 3444 2050 3499 affec-

403 3528 502 3599 tis,
551 3528 684 3585 aliis
736 3528 1012 3602 denique,
1078 3547 1193 3586 non
1253 3531 1444 3587 solum
1487 3533 1557 3587 ad
1617 3532 1739 3589 hac
1778 3532 2048 3589 attentio-

400 3634 534 3674 nem
581 3635 695 3675 non
729 3619 1166 3691 praestantibus,
1190 3621 1292 3676 sed
1336 3620 1482 3677 mala
1511 3620 1750 3693 insuper
1787 3622 1847 3677 in
1878 3621 2050 3678 corde

406 3708 785 3780 agitantibus,
825 3708 1058 3775 Thecla,
1089 3709 1250 3782 virgo
1290 3710 1558 3780 quaedam
1600 3710 1834 3779 nobilis,
1864 3713 2046 3768 Theo-

405 3797 540 3855 cleaa
579 3798 720 3867 filia,
754 3798 875 3855 viro
908 3799 1221 3872 desponsa,
1254 3799 1346 3855 cui
1380 3816 1593 3857 nomen
1625 3800 1957 3875 Thamyris,
1988 3804 2047 3858 in

403 3886 615 3943 vicinia
654 3888 1002 3960 Onesiphori
1037 3888 1319 3957 habitans,
1351 3906 1451 3961 per
1494 3890 1807 3946 fenestram
1848 3908 2049 3948 aurem

404 3977 635 4032 avidam
695 3976 965 4032 audiendi
998 3977 1321 4049 porrigens,
1355 3978 1518 4035 Pauli
1548 3980 1727 4037 verba
1760 3981 2052 4039 ausculta-

404 4065 502 4121 bat
526 4083 538 4120 :
566 4067 733 4136 cujus
754 4066 1133 4137 quantumvis
1158 4067 1361 4123 faciem
1384 4068 1626 4124 minime
1645 4069 1948 4141 aspiceret,
1971 4072 2052 4128 ita

404 4160 600 4210 tamen
642 4170 706 4210 ex
750 4156 874 4226 ejus
926 4172 1196 4213 sermone
1250 4158 1551 4228 pendebat,
1586 4166 1649 4213 ut
1697 4158 2048 4229 reliquarum

404 4259 599 4299 rerum
632 4245 898 4300 omnium
930 4262 1071 4301 cura
1102 4246 1380 4311 demissa,
1414 4247 1483 4302 ad
1516 4247 1712 4318 ipsum
1740 4247 1931 4305 solum
1962 4254 2050 4306 at.

405 4333 689 4403 tenderet,
722 4338 779 4388 et
822 4350 926 4406 per
956 4335 1151 4405 ipsum
1186 4334 1413 4391 Christo
1454 4340 1837 4408 coaptaretur.
1873 4339 2048 4395 Cum-

407 4438 518 4495 que
548 4424 769 4479 videret
817 4424 1032 4481 multas
1082 4431 1200 4483 tam
1249 4426 1621 4485 matrimonio
1678 4430 2047 4501 conjunctas,

407 4527 583 4584 quam
606 4512 859 4585 virgines
882 4515 954 4570 ad
980 4514 1221 4572 Paulum
1248 4516 1664 4587 ingredientes,
1686 4518 2051 4577 desiderabat

2159 569 2381 646 ἕρχεσθε
2405 569 2480 631 εἷς
2508 569 2597 624 τὸν
2628 566 2756 642 ἐμὸν
2788 565 2958 634 οἶκον,
2990 565 3078 620 καὶ
3111 562 3462 620 ἀναπαύεσθε.

2231 846 2393 902 Β’.¹Ο
2462 841 2677 905 Παῦλος
2737 839 2827 896 οῦν
2871 840 3041 895 ἐκεῖσε
3094 837 3406 915 γενόμενος,
3463 837 3555 892 καὶ
3617 842 3808 911 πρῶτα

2162 936 2255 1011 μὶν
2320 932 2686 1003 ἀναπαύσεως,
2735 928 2921 986 ἔπειτα
2979 928 3035 985 δὲ
3089 930 3178 984 καί
3242 929 3514 1002 τραπέζης
3576 927 3812 1000 μεταλα-

2158 1024 2299 1100 χὼν,
2333 1022 2495 1099 λόγον
2545 1021 2770 1091 ἥπτετο,
2801 1022 2890 1075 καὶ
2938 1024 3054 1082 ταῖς
3098 1022 3302 1093 ψυχαῖς
3367 1022 3468 1072 τῶν
3526 1014 3809 1092 συνειλεγ-

2161 1114 2336 1188 μένων
2389 1114 2451 1168 τὸ
2510 1119 2611 1182 τῆς
2665 1106 2935 1176 εὐσεϐείας
2992 1108 3176 1187 δόγμα
3203 1107 3573 1183 καταςπείρειν
3626 1106 3809 1177 ἀπήρ-

2158 1226 2309 1285 χετο.
2346 1206 2587 1260 Γίνονται
2619 1201 2675 1258 δὲ
2704 1202 2851 1275 αὐτῷ
2890 1203 3037 1277 ἀρχὴ
3069 1201 3160 1255 καὶ
3203 1194 3487 1266 καταϐολὴ
3518 1204 3618 1266 τῆς
3649 1195 3809 1252 διδα-

2156 1293 2382 1355 σκαλίας
2414 1296 2464 1348 οἱ
2511 1291 2848 1367 μακαρισμοὶ
2898 1295 2994 1346 τοῦ
3052 1291 3312 1363 Χριστοῦ.
3347 1288 3617 1361 Μακάριοι
3678 1287 3809 1362 γὰρ,

2158 1385 2324 1455 εἶπεν,
2359 1386 2409 1439 οἱ
2442 1385 2660 1459 πτωχοὶ
2691 1388 2770 1455 τῷ
2801 1382 3087 1454 πνεύματι,
3123 1378 3206 1435 ὅτι
3264 1377 3439 1433 αὐτῶν
3474 1377 3617 1432 ἐστιν
3641 1379 3674 1445 ἡ
3715 1378 3812 1440 Βα-

2157 1473 2334 1530 σιλεία
2389 1478 2498 1528 τῶν
2563 1472 2823 1546 οὐρανῶν.
2875 1469 3147 1544 Μακάριοι
3190 1469 3239 1522 οἱ
3286 1467 3583 1542 ἐγκρατεῖς,
3606 1466 3694 1519 καὶ
3753 1468 3809 1521 οἱ

2153 1566 2233 1635 τῷ
2289 1564 2502 1636 ματαίῳ
2584 1563 2760 1633 τούτῳ
2850 1559 3043 1633 κόσμῳ
3110 1556 3527 1631 ἀποταξάμενοι,
3588 1557 3669 1610 δτι
3728 1560 3809 1626 τῷ

2156 1658 2269 1725 Θεῷ
2318 1654 2725 1726 εὐαρεστοῦντες
2791 1645 3023 1707 ἔσονται.
3083 1648 3357 1721 Μακάριοι
3425 1646 3476 1699 οἱ
3560 1646 3649 1699 τὸν
3704 1649 3807 1699 τοῦ

2155 1748 2288 1799 Θεοῦ
2329 1738 2499 1817 φόϐον
2555 1742 2607 1795 ἐν
2663 1741 2856 1817 γαστρὶ
2923 1735 3142 1813 καρδίας
3223 1734 3527 1803 ὡδίνοντες,
3582 1735 3672 1789 καὶ
3738 1736 3807 1789 τὰ

2158 1832 2323 1887 αὐτοῦ
2369 1834 2657 1907 τρέμοντες
2717 1829 2896 1905 λόγια,
2930 1828 3012 1883 ὅτι
3080 1826 3239 1881 αὐτὸν
3301 1823 3669 1899 ὄψονται,καὶ
3727 1825 3807 1887 ὡς

2156 1922 2381 1999 ἄγγελοι
2420 1923 2598 1995 τούτῳ
2630 1920 2718 1976 διά
2748 1920 2946 1981 παντὸς
2989 1917 3464 1973 συνέσονται.Ἐπὶ
3511 1916 3631 1970 τίνα
3676 1916 3807 1991 γὰρ,

2155 2013 2315 2092 φησὶν
2372 2012 2553 2084 αὐτὸς,
2585 2006 2887 2084 ἐπιϐλέψῃ),
2920 2006 3047 2063 ἄλλ’
3091 2005 3126 2076 ἢ
3195 2006 3282 2061 ἐπὶ
3348 2006 3439 2060 τὸν
3487 2009 3655 2080 πρᾶον
3716 2005 3807 2059 καὶ

2154 2102 2388 2181 ἡσύχιον
2441 2102 2529 2156 καὶ
2586 2098 2853 2174 τρέμοντά
2910 2118 3014 2169 μου
3072 2095 3198 2157 τοὺς
3242 2094 3483 2170 λόγους;
3535 2098 3807 2167 Μακάριοι

2155 2194 2205 2246 οἱ
2236 2192 2296 2246 τὸ
2329 2196 2471 2255 θεῖον
2520 2188 2798 2261 δεξάμενοι
2854 2188 3156 2263 βάπτισμα,
3203 2186 3313 2240 εἶτα
3375 2184 3545 2261 ῥύπου
3597 2185 3811 2258 καθαρὰ

2154 2280 2221 2335 τά
2251 2281 2455 2335 ἑαυτῶν
2481 2281 2819 2351 τηρήσαντες
2858 2276 3108 2349 σώματα,
3142 2274 3233 2330 καὶ
3263 2279 3344 2346 τῷ
3394 2275 3580 2348 τρόπῳ
3626 2273 3808 2345 τούτῳ

2154 2370 2503 2443 εἰρηνοποιοί
2557 2366 2948 2429 καταστάντες·
3001 2364 3085 2420 ὅτι
3160 2364 3316 2419 αὐτοὶ
3384 2363 3494 2417 υἱοὶ
3553 2362 3809 2437 Ὑψίστου

2153 2458 2550 2530 κληθήσονται.
2584 2457 2854 2530 Μακάριοι
2888 2456 2941 2510 οἱ
2970 2454 3270 2527 ἐλεήμονες
3293 2473 3305 2486 ·
3342 2452 3422 2507 δτι
3451 2451 3604 2506 αὐτοὶ
3645 2450 3808 2522 ἐλεη-

2157 2552 2436 2620 θήσονται,
2467 2548 2556 2604 καὶ
2588 2546 2868 2610 κολάσεως
2908 2546 3020 2620 οὐχ
3063 2541 3242 2614 ’ἐξουσι
3290 2547 3481 2618 πεῖραν
3523 2540 3574 2596 ἐν
3625 2540 3812 2616 ἡμέρᾳ

2154 2641 2404 2714 κρίσεως.
2439 2640 2718 2713 Μακάριοι
2776 2638 2849 2691 ὦν
2902 2638 2992 2691 καὶ
3060 2636 3126 2691 τὰ
3177 2636 3404 2708 σώματα
3452 2635 3541 2688 καὶ
3590 2635 3647 2687 αἱ
3700 2637 3810 2707 ψυ-

2155 2730 2253 2806 χαὶ
2309 2729 2561 2803 παρθένοι
2621 2726 3055 2801 διετηρήθησαν·
3108 2726 3193 2782 ὅτι
3250 2725 3665 2796 εὐαρεστήσουσι
3724 2728 3808 2795 τῷ

2156 2824 2295 2891 Θεῷ,
2354 2818 2445 2875 καὶ
2486 2819 2576 2874 τὸν
2628 2824 2730 2887 τῆς
2789 2814 3137 2887 δικαιοσύνης
3196 2815 3287 2870 καὶ
3344 2814 3562 2890 ἁγνείας
3614 2812 3810 2887 μισθὸν

2155 2909 2279 2983 παρ’
2353 2908 2498 2979 αὐτῷ
2563 2907 2874 2981 εὑρήσουσι,
2940 2907 3031 2960 καὶ
3106 2906 3399 2961 ἀνάπαυσιν
3464 2904 3542 2964 εἷς
3605 2901 3810 2963 αἰῶνας

2156 2992 2351 3068 ἕξουσί.
2403 3000 2642 3054 Τοιαῦτα
2689 3001 2785 3051 τοῦ
2842 2994 3083 3068 Παύλου,
3113 2994 3249 3051 κατὰ
3314 2994 3408 3049 τὸν
3440 2991 3807 3069 Ὀνησιφόρου

2158 3090 2329 3157 οἶκον,
2394 3096 2511 3152 τοῖς
2566 3087 2927 3164 προσελθοῦσι
3006 3085 3422 3161 διαλεγομένου,
3498 3086 3586 3139 καὶ
3638 3104 3806 3139 τινων

2163 3180 2255 3253 μὲν
2314 3176 2489 3250 ἡδέως
2546 3179 2637 3234 καὶ
2693 3182 2987 3254 προσηνῶς
3064 3178 3166 3245 τὴν
3251 3177 3421 3245 ἀκοὴν
3468 3174 3806 3249 ὑπεχόντων,

2162 3267 2314 3324 ἐνίων
2384 3266 2442 3323 δὲ
2496 3265 3014 3343 κατολιγωρούντων
3072 3269 3167 3321 τοῦ
3217 3265 3406 3341 λόγου,
3446 3268 3535 3320 καί
3596 3268 3807 3339 κωφοῖς

2161 3358 2352 3429 ἐπίσης
2383 3355 2756 3431 διακειμένων,
2778 3356 2966 3412 ἄλλων
3000 3354 3056 3411 δὲ
3085 3355 3222 3430 πρὸς
3248 3359 3326 3427 τῷ
3389 3356 3465 3427 μή
3514 3354 3809 3431 προσέχειν

2158 3446 2237 3505 ἔτι
2295 3447 2381 3503 καὶ
2430 3449 2640 3523 πονηρὰ
2690 3446 3063 3521 λογιζομένων
3123 3444 3175 3499 ἐν
3234 3448 3355 3508 ταῖς
3390 3440 3637 3517 καρδίαις
3670 3462 3681 3474 ⁸
3718 3441 3812 3497 Θέ-

2157 3538 2263 3595 κλα
2317 3559 2401 3600 τις
2459 3537 2678 3613 εὐγενὴς
2736 3537 3019 3610 παρθένος,
3062 3531 3354 3594 Θεοκλείας
3414 3532 3670 3607 θυγάτηρ,
3709 3553 3812 3604 με-

2163 3628 2541 3702 μνηστευμένη
2574 3622 2723 3701 ἀνδρὶ
2758 3625 2820 3679 οὗ
2859 3625 2921 3679 τὸ
2966 3620 3140 3697 ὄνομα
3189 3621 3428 3698 Θάμυρίς
3467 3622 3554 3691 ἦν,
3587 3620 3638 3675 ἐν
3688 3641 3806 3695 γει-

2156 3720 2329 3773 τόνων
2378 3717 2833 3792 τῷὈνησιφόρῳ
2886 3715 2983 3775 τὰς
3041 3713 3284 3784 οἰκήσεις
3329 3710 3663 3784 ποιουμένη,
3715 3707 3813 3765 διὰ

2158 3815 2258 3877 τῆς
2315 3805 2530 3883 Θυρίδος
2587 3805 2853 3883 φιλήκοον
2892 3801 2985 3866 οῦς
3014 3804 3387 3881 εὑποσχοῦσα,
3420 3806 3525 3856 τῶν
3584 3799 3806 3857 Ηαύλου

2160 3895 2343 3972 λόγων
2392 3894 2737 3970 ἐπηκροᾶτο·
2790 3895 2880 3949 καὶ
2929 3892 3220 3968 πρόσωπον
3277 3892 3371 3965 μὲν
3429 3890 3640 3946 ἐκεῖνου
3706 3889 3812 3945 οὐκ

2160 3990 2304 4061 εἶχεν
2354 3986 2503 4060 ὁρᾷν.
2565 3983 2710 4039 οὕτω
2769 3979 2825 4037 δὲ
2878 3985 2986 4036 τῶν
3044 3981 3213 4036 αὐτοῦ
3274 3978 3452 4055 λόγων
3514 3978 3807 4054 ἐξήρτητο,

2161 4076 2297 4132 ὥστε
2370 4077 2587 4130 πάντων
2656 4072 2913 4146 ἀμέλειαν
2981 4075 3351 4145 καταγνοῦσαν
3421 4074 3528 4125 τῶν
3590 4068 3805 4139 ἄλλων,

2160 4164 2305 4237 αὐτῷ
2348 4164 2497 4237 μόνῳ
2553 4165 3044 4237 προσκεῖσθαι,καῖ
3094 4158 3163 4214 δι’
3193 4160 3361 4215 αὐτοῦ
3389 4161 3617 4233 ῗΧριστῷ
3683 4179 3809 4213 συν-

2158 4254 2505 4329 αρμόζεσθαι.
2556 4256 2767 4327 Ὀρῶσα
2821 4249 2878 4306 δὲ
2935 4249 3150 4313 πολλάς
3207 4254 3313 4306 τῶν
3374 4252 3636 4325 γυναικῶν
3711 4248 3807 4303 καὶ

2159 4342 2439 4419 παρθένων
2496 4344 2631 4417 πρὸς
2690 4339 2904 4396 Παῦλον
2965 4340 3262 4405 εἰσιούσας,
3314 4338 3499 4403 ἐπόθει
3555 4340 3647 4413 μὲν
3710 4338 3805 4393 καὶ

2158 4434 2293 4502 αὐτή
2326 4430 2441 4487 ὄκιν
2475 4430 2627 4500 ἰδεῖν,
2661 4432 2722 4486 οῦ
2779 4434 3027 4485 τοιοῦτον
3078 4425 3318 4485 ἀπέλαϐε
3359 4433 3467 4483 τῶν
3519 4428 3804 4502 ῥημάτων.

2159 4523 2308 4579 Ἐπεὶ
2343 4519 2399 4578 δέ
2428 4523 2564 4577 κατά
2594 4522 2655 4576 τὸ
2687 4521 2859 4595 παρὸν
2887 4523 3048 4575 τοῦτο
3089 4515 3350 4574 ἀδύνατον
3392 4519 3478 4588 ἦν,
3509 4516 3636 4580 τοὺς
3676 4529 3805 4592 θερ-

408 4602 643 4674 quidem
702 4606 759 4660 et
795 4602 926 4675 ipsa
981 4603 1089 4659 viri
1150 4610 1452 4677 aspectum
1496 4605 1733 4679 intueri,
1765 4624 1833 4663 ex
1881 4610 2048 4681 cuius

2163 4612 2299 4685 μοὺς
2342 4613 2658 4686 μιμουμένη
2694 4616 2802 4665 τῶν
2855 4609 3117 4685 ἐραστῶν,
3149 4609 3372 4681 ἠρκεῖτο
3405 4606 3496 4663 λαὶ
3532 4608 3671 4682 μόνῃ
3731 4611 3804 4682 τῇ

406 4708 672 4749 sermone
745 4696 974 4749 tantum
1034 4692 1289 4750 fructum
1370 4694 1699 4764 hauriebat,
1748 4702 2043 4769 caeterum,

406 4782 561 4852 quod
599 4780 709 4852 ipsi
739 4784 867 4837 tum
905 4781 1183 4851 temporis
1230 4783 1281 4839 id
1315 4783 1498 4840 facere
1537 4785 1780 4843 minime
1826 4786 2046 4859 liceret,

404 4872 658 4928 fervidos
715 4876 976 4927 amantes
1007 4870 1255 4941 imitata,
1294 4872 1353 4929 in
1386 4874 1509 4931 sola
1530 4876 1783 4933 fenestra
1814 4879 2045 4950 acquie-

406 4960 628 5023 seebat,
686 4958 856 5033 eique
894 4960 1170 5018 continuo
1219 4963 1583 5021 aedhazrebat.
1638 4966 1801 5022 Pauli
1857 4969 2047 5024 verbis

404 5047 828 5118 indesinenter,
861 5054 1139 5122 tanquam
1182 5050 1406 5123 lignum
1454 5054 1613 5123 juxta
1657 5072 1859 5126 aquas,
1901 5074 2046 5129 qua-

406 5155 538 5195 rum
578 5139 637 5196 in
685 5138 927 5195 Psalmis
984 5141 1197 5197 mentio
1248 5147 1352 5209 est,
1395 5142 1746 5214 plantatum,
1781 5146 2041 5218 irrigata.

406 5226 591 5291 Quam
624 5229 722 5285 ubi
765 5234 952 5286 mater
996 5231 1259 5301 advertit,
1314 5236 1476 5287 tanto
1507 5235 1634 5305 jam
1670 5239 1931 5308 tempore
1962 5237 2045 5293 fe-

408 5321 614 5372 nestras
647 5317 733 5372 illi
766 5320 1017 5387 afiixam,
1051 5320 1329 5392 ignorans
1379 5322 1599 5380 scilicet
1626 5340 1750 5395 quae
1784 5326 1842 5380 in
1874 5327 2045 5382 corde

405 5403 491 5459 illi
548 5404 778 5463 inclusa
832 5409 1099 5481 laterent,
1158 5416 1484 5483 suspectam
1556 5418 1752 5470 tamen
1811 5415 2044 5471 interim

405 5494 757 5555 immensam
797 5500 945 5558 hanc
975 5502 1046 5557 ad
1097 5502 1406 5560 fenestram
1449 5504 1767 5562 sessionem
1801 5504 2043 5577 habens,

478 5685 495 5720 ¹
529 5682 737 5741 Matth.
770 5700 822 5757 ν,
853 5685 907 5740 5.

2158 4699 2357 4775 θυρίδι,
2414 4700 2502 4757 καὶ
2551 4699 2751 4771 ταύτης
2811 4697 3101 4762 διαπαντὸς
3158 4695 3360 4773 εἶ’χετο,
3420 4701 3536 4759 τοῖς
3595 4695 3803 4751 ἐκείνου

2156 4792 2342 4867 λόγοις
2418 4787 2783 4851 ἀδιαλείπτως
2870 4785 3227 4862 ἀρδευομένη,
3285 4785 3375 4841 καὶ
3414 4784 3581 4840 οἷονεί
3639 4784 3803 4856 ξύλον

2157 4882 2287 4937 οὖσα
2334 4879 2732 4958 πεφυτευμένον
2817 4880 2963 4952 παρὰ
3018 4884 3136 4939 τοῖς
3222 4880 3524 4951 ψαΛμικοῖς
3587 4874 3803 4946 ὕοασιν,

2154 4972 2218 5028 Ἡ
2279 4971 2461 5043 μέντοι
2524 4972 2707 5043 μήτηρ
2765 4968 2948 5042 αὐτῆςι
2988 4966 3075 5024 ἐπὶ
3135 4965 3332 5045 χρόνον
3396 4963 3537 5021 οὕτω
3596 4966 3798 5039 συχνὸν

2156 5062 2337 5134 ὁρῶσα
2391 5060 2594 5130 ταύτην
2650 5062 2718 5133 τῇ
2778 5054 2954 5131 θυρίδι
3014 5052 3477 5131 πρυσηλωμὲνην.
3538 5055 3629 5109 καὶ
3687 5058 3800 5111 τῶν

2159 5150 2251 5225 μὲν
2303 5149 2377 5211 εἷς
2434 5146 2658 5224 καρδίαν
2700 5146 2845 5211 ὅλως
2876 5146 3091 5220 ἀμαθὴς
3125 5144 3280 5215 οὖσα,
3312 5142 3459 5212 πλὴν
3506 5142 3651 5199 ἀλλὰ
3708 5144 3802 5203 καὶ

2155 5240 2324 5308 αὐτὴν
2355 5241 2453 5308 τὴν
2484 5238 2715 5313 ἄμετρον
2759 5236 3133 5292 ὑποπτεύουσα
3179 5232 3531 5309 προσεδρίαυ,
3561 5232 3801 5296 ἁπαλοῖς

2154 5328 2442 5403 πρότερον,
2475 5328 2563 5381 καὶ
2604 5327 2749 5381 τοῦτ’
2785 5325 2915 5381 αὐτὸ
2958 5324 3163 5399 ῥήμασι
3195 5327 3485 5399 μητρικοῖς
3546 5321 3799 5397 ἐπειρᾶτο

2153 5418 2384 5474 κωλύειν
2421 5437 2434 5451 ’
2495 5416 2708 5487 Τέκνον,
2751 5416 3001 5494 λέγουσα,
3072 5413 3271 5485 Θέκλα,
3326 5416 3379 5468 τί
3429 5412 3513 5468 σοὶ
3571 5412 3659 5467 καὶ
3716 5417 3801 5484 τῷ

2153 5510 2285 5585 ξένῳ
2324 5509 2502 5583 τούτῳ
2551 5509 2640 5564 καὶ
2690 5508 2875 5583 γόητι,
2907 5507 2952 5579 ᾧ
3001 5504 3293 5582 προσέχεις
3340 5500 3655 5573 διαπαντὸς,
3704 5502 3797 5558 καὶ
