4144 6184
331 363 446 425 825

1532 354 2015 423 MARTYRIUM
2062 355 2127 418 S.
2173 349 2531 415 THECLE.

3614 328 3734 391 826

330 518 505 583 οὕτως
532 518 651 590 ἥλω
680 525 798 583 τοῖς
830 518 995 575 αὐτοῦ
1026 520 1233 594 ῥήμασι
1261 539 1275 582 ;
1315 519 1516 594 βλέψον
1553 515 1661 589 ἤδη
1705 517 1794 573 καὶ
1841 517 1977 592 πρὸς

2100 512 2317 571 blandis
2339 509 2619 584 primum,
2641 507 2752 562 hoc
2784 508 2872 560 est
2902 499 3179 559 maternis
3211 496 3424 565 verbis,
3447 494 3637 566 ipsam
3662 490 3732 547 ab

330 616 497 685 ἡμᾶς,
550 612 639 667 καὶ
703 609 874 687 λύγου
935 608 1188 684 μετάδος,
1246 610 1333 665 καὶ
1416 613 1704 684 μετασχεῖν
1767 614 1975 683 τροφῆς

330 704 744 779 προθυμήθητι.
780 700 930 758 Ἐπεὶ
990 697 1046 754 δὲ
1086 698 1231 755 οὕτω
1292 698 1522 773 λέγουσα
1569 695 1738 772 μηδὲν
1803 699 1980 767 ἤνυεν,

331 792 477 849 ἀλλά
526 793 588 846 τὸ
636 795 732 846 τοῦ
777 790 972 865 λόγου,
1004 794 1173 863 νεκρῷ
1226 791 1361 864 πρὸς
1404 790 1496 851 οῦς
1528 786 1828 863 διελέγετο,
1857 790 1891 857 ἡ
1925 784 1983 841 δὲ

334 884 422 938 καὶ
462 879 879 955 αὐστηροτέρων
928 878 1130 949 ἥπτετο
1171 879 1469 952 ῥημάτων·
1520 881 1633 933 Ἵνα
1662 876 1713 933 τί
1756 875 1828 938 ὥς
1874 896 1979 945 τις,

335 970 595 1046 λέγουσα,
632 968 730 1042 μία
778 973 881 1023 τῶν
929 967 1174 1042 ἀφρόνων
1214 967 1303 1023 καὶ
1345 969 1439 1030 τὰς
1496 968 1771 1037 αἰσθήσεις
1820 966 1981 1027 αὐτὰς

335 1058 745 1129 ἀπολωλεκυῖα,
792 1056 945 1132 ἀνδρὶ
1010 1057 1215 1133 ἀγνῶτι
1272 1056 1466 1132 καθέξῃ
1526 1056 1723 1117 ἀτενῶς
1780 1057 1982 1129 προσέ-

337 1168 549 1226 χουσας
583 1145 863 1219 αἰδέσθητι
918 1148 1188 1224 συγγενέῖς
1224 1166 1235 1178 ·
1270 1144 1547 1217 αἰδέσθητι
1597 1144 1817 1224 φίλους,
1850 1143 1981 1213 ἡλι-

334 1237 594 1303 κιώτιδας
629 1256 642 1270 ’
677 1238 834 1316 φύσιν
863 1237 1030 1305 αὐτὴν
1066 1235 1447 1307 δυσωπήθητι.
1490 1237 1595 1292 Καὶ
1639 1234 1788 1296 ὅπως
1827 1232 1979 1289 ἔλευ-

338 1330 465 1404 θέρα
518 1328 867 1404 τυγχάνουσα
920 1324 1129 1397 δούλην
1189 1321 1336 1401 ἔχεις
1394 1327 1606 1400 ψυχὴν,
1665 1325 1757 1380 καὶ
1815 1328 1985 1379 ταῦτα

337 1420 585 1495 θυφάτηρ
650 1418 744 1493 μὲν
802 1414 1091 1479 Θεοκλείας
1160 1418 1314 1487 οῦσα,
1376 1417 1591 1488 μνηστὴ
1674 1413 1731 1470 δὲ
1797 1413 1984 1487 Θαμύ-

336 1506 524 1584 ριδοςς
573 1511 757 1567 Ταῦτα
817 1506 1075 1582 λέγουσα,
1131 1506 1220 1561 καὶ
1286 1508 1377 1561 τὸν
1465 1512 1753 1579 μνηστῆρα
1840 1525 1986 1576 μετε-

333 1597 578 1669 καλεῖτο,
636 1596 726 1652 καὶ
775 1596 833 1657 ὃς
891 1595 1089 1669 παρῄει
1139 1596 1363 1665 πτηνὸς,
1422 1599 1529 1649 τῶν
1578 1594 1769 1670 γάμων
1828 1590 1984 1647 ἕνεκα

334 1690 432 1758 τήν
474 1685 671 1757 κλῆσιν
706 1685 977 1759 οἰόμενος,
1009 1685 1098 1745 Ὦς
1129 1683 1218 1739 οῦν
1252 1682 1417 1753 ἤκουε
1457 1685 1583 1758 παρ’
1624 1684 1795 1751 αὐτῆς
1837 1681 1985 1743 ὅπως

336 1780 372 1847 ἡ
418 1776 616 1844 Θέκλα,
648 1777 735 1831 καὶ
782 1777 867 1830 ὅτι
902 1780 1050 1849 τρεῖς
1099 1773 1301 1848 ἡμέραι
1353 1772 1440 1828 καὶ
1473 1772 1661 1836 νύκτες
1687 1774 1797 1826 ἴσαι
1853 1792 1988 1843 παρ·

337 1866 567 1934 έλθοιεν,
618 1868 709 1921 καὶ
754 1865 890 1935 αύτὴ
949 1871 1049 1935 τῆς
1119 1862 1336 1940 θυρίδος
1418 1864 1479 1917 τὸ
1552 1862 1804 1937 παράπαν
1887 1861 2077 1960 οὖκΒ

339 1957 629 2026 ἀποσταίη,
664 1957 881 2031 βρωτοῦ
945 1955 1042 2028 μὲν
1082 1953 1173 2008 καὶ
1230 1956 1399 2008 ποτοῦ
1458 1950 1596 2025 μηδὲ
1647 1950 1825 2027 βραχὺ
1860 1973 1993 2024 μνη·

342 2045 667 2122 μονεύσασα,
697 2048 807 2100 τῶν
868 2042 1088 2099 Παύλου
1144 2041 1202 2097 δὲ
1263 2044 1432 2116 μόνου
1485 2042 1663 2116 λόγων
1723 2040 1991 2114 ἐκκρεμα-

343 2137 476 2211 μένη
512 2155 524 2169 ο
562 2134 675 2189 ἐπεὶ
728 2137 896 2189 ταῦτα
945 2134 972 2187 ὁ
1005 2133 1250 2207 Θάμυρις
1306 2133 1504 2202 ἤκουεν
1562 2132 1669 2187 ἀπὸ
1724 2137 1824 2200 τῆς
1887 2152 1989 2203 μη-

337 2228 484 2302 τρὸς,
518 2225 636 2280 εἶτα
682 2223 773 2279 καὶ
820 2222 1225 2299 προστιθείσης,
1259 2221 1332 2277 Σῦ
1376 2219 1452 2289 δὲ,
1488 2222 1738 2295 μνηστήρ
1782 2221 1887 2296 γὰρ
1920 2220 1986 2289 εἴ,

337 2314 604 2393 πρόσελθε
632 2312 936 2388 ταύτῃ,καὶ
967 2312 1265 2382 ἀποστῆναι
1308 2318 1426 2375 τοῖς
1486 2316 1601 2373 σοῖς
1647 2310 1838 2385 λόγοις
1891 2317 1990 2380 τῆς

338 2403 555 2481 θυρίδος
613 2404 779 2473 αὐτὴν
839 2403 1247 2479 παρασκεύασον
1291 2421 1304 2435 ·
1366 2401 1643 2477 πρόσεισιν
1702 2401 1900 2465 εὐθέως
1960 2402 1988 2456 ὁ

339 2496 603 2570 Θάμυρις,
645 2493 734 2549 καὶ
775 2491 1117 2555 παντοδαπὸς
1158 2492 1363 2570 γίνεται
1405 2497 1521 2554 τοῖς
1573 2490 1786 2566 λόγοις,
1824 2496 1988 2546 τοῦτο

345 2586 438 2659 μὶν
488 2582 823 2655 κολακεύων,
871 2585 1033 2638 τοῦτο
1094 2579 1152 2637 δὲ
1208 2586 1506 2655 παραινῶν,
1562 2585 1723 2636 τοῦτο
1784 2578 1841 2635 δὲ
1897 2581 1984 2635 καὶ

339 2672 813 2749 πληκτικωτέροις
862 2672 1027 2742 αὐτὴν
1094 2672 1333 2745 ῥήμασιν
1382 2671 1722 2747 ἐπιστρέφειν
1781 2671 1988 2745 πειρώ-

344 2782 527 2837 μενος,
558 2761 647 2816 καὶ
680 2782 692 2794 ·
724 2761 792 2819 Τί
863 2761 939 2833 μὴ
984 2760 1120 2832 πρὸς
1166 2760 1257 2815 τὸν
1312 2760 1554 2833 Θάμυριν
1587 2759 1677 2813 τὸν
1713 2759 1802 2812 σὸν
1838 2760 1987 2832 ὁρᾷς,

343 2850 513 2928 ἔλεγε,
534 2852 625 2905 τὸν
650 2850 905 2927 νυμφίον,
939 2847 1193 2925 φιλτάτῃ,
1224 2849 1313 2903 τὸν
1357 2850 1485 2917 σόν;
1518 2846 1636 2902 τίνα
1694 2845 1751 2902 δὲ
1806 2845 1988 2925 φιλεῖς

342 2938 536 3010 ἄλλον,
594 2940 721 3005 τοῦς
786 2940 953 3014 ἐμοὺς
1024 2934 1229 3016 ἔρωτας
1294 2940 1639 3012 ἀτιμάσασα;
1696 2936 1749 2992 τί
1814 2936 1987 2998 οὕτως

341 3027 645 3101 ἐξέστηκας,
678 3031 732 3085 τί
784 3028 927 3085 οὕτω
956 3029 1196 3104 κάτοχος
1230 3029 1310 3099 si;
1348 3030 1422 3102 μή
1457 3048 1509 3081 τι
1567 3048 1652 3082 σοι
1718 3032 1804 3081 κα“
1842 3023 1985 3080 ἄκων

341 3118 733 3195 προσέκρουσα,
794 3117 1071 3197 φιλτάτῃ;
1125 3119 1203 3192 μὴ
1258 3123 1375 3181 τοῖς
1433 3118 1571 3172 κατά
1627 3117 1725 3185 σὴν
1768 3114 1989 3185 θέλησιν

344 3210 664 3285 ἀγνοοῦντες
692 3209 799 3286 οὐχ
845 3209 1312 3285 ὑπουργήσαμενς
1360 3208 1506 3283 τάχα
1565 3205 1842 3279 μέλλομεν
1911 3206 1986 3267 εἰς

342 3298 470 3364 τοὺς
524 3300 757 3374 γάμους.
819 3299 1094 3373 Ὀψίζουσι
1150 3303 1267 3362 τοῖς
1322 3268 1657 3370 ᾠδιέίοῖς1οί
1716 3268 1983 3368 ὑμέναιοι,
2020 3268 2069 3335 C

346 3390 448 3447 Καὶ
489 3388 535 3443 εί
597 3388 806 3463 βούλει,
852 3386 1211 3452 τελείσθωσαν
1270 3388 1464 3442 πάντα.
1497 3388 1566 3444 ἸΙ
1611 3387 1701 3442 καὶ
1750 3384 1829 3441 ἔτι
1888 3406 1986 3440 πε-

346 3482 705 3554 ριμενοῦμεν;
755 3481 851 3533 τοῦ
929 3481 1023 3532 σοῦ
1087 3478 1187 3553 γὰρ
1243 3476 1578 3550 θελήματος,
1638 3477 1834 3545 ΘέκΛα,
1894 3474 1984 3530 καὶ

347 3569 514 3642 μόνου
586 3571 682 3623 τοῦ
765 3567 1024 3640 νεύματος
1117 3566 1277 3628 αὐτὸς
1349 3567 1619 3641 ἤρτημαι.
1678 3567 1861 3622 Ταῦτά
1928 3587 1986 3621 τε

344 3653 522 3733 ἔλεγε,
571 3658 661 3712 καὶ
711 3660 965 3734 σχήμασι
1042 3655 1479 3732 παρακλητικοῑς
1531 3650 1609 3710 ἔτι
1666 3652 1840 3710 ἕλκειν
1911 3656 1986 3717 εἰς

346 3747 533 3803 ἑαυτὸν
586 3746 859 3823 ἐπειρᾶτο,
900 3746 1080 3821 ἡρέμα
1138 3744 1194 3800 δὲ
1250 3744 1340 3800 καὶ
1409 3745 1606 3815 ὀθόνης
1658 3746 1986 3818 ἁπτόμενος,

344 3837 655 3908 Ἀνάστηθι,
734 3835 1010 3915 φάγωμεν,
1097 3835 1413 3912 ὁπεφώνει·
1481 3835 1763 3904 ἀνάστηθι,
1848 3833 1989 3887 πίω-

351 3949 469 4000 μεν.
502 3927 570 3985 Τί
597 3926 696 4002 γάρ
728 3929 865 3999 ἡμῖν
897 3926 986 3980 καὶ
1011 3925 1074 3980 τὸ
1120 3923 1265 3979 πολὺ
1317 3925 1477 3979 τοῦτο
1523 3927 1623 3994 τῆς
1680 3923 1853 3985 αἰτίας
1914 3921 1989 3983 εἰς

345 4011 568 4087 ὅνησιν;
602 4013 774 4073 Ἀλλά
810 4018 977 4070 ταῦτα
1019 4016 1113 4088 μὲν
1145 4013 1350 4075 ἐκεῖνος
1385 4032 1399 4045 ·
1433 4011 1579 4082 πλὴν
1626 4011 1715 4067 καὶ
1772 4016 1886 4073 τοῖς
1939 4012 1991 4067 έν

343 4110 423 4178 τῷ
472 4104 608 4179 οἴκῳ
664 4110 793 4159 πᾶσι
852 4103 1030 4165 κοινὸς
1071 4103 1140 4172 ἦν
1198 4102 1227 4157 ὁ
1282 4104 1474 4176 θρῆνος
1510 4120 1522 4135 ·
1580 4098 1850 4176 Θαμύριδι
1895 4102 1991 4174 μὶν

346 4196 599 4272 γυναικὸς
648 4193 976 4269 ἀστοχοῦντι
1010 4210 1022 4222 ·
1086 4191 1349 4264 Θεοκλείᾳ
1422 4188 1500 4258 δὲ,
1558 4192 1748 4247 τέγνου
1800 4209 1813 4225 °
1874 4195 1992 4253 ταῖς

347 4283 405 4341 δὶ
456 4282 791 4350 παιδίσκαις,
831 4281 1059 4357 κυρίας⁹
1111 4281 1201 4336 καὶ
1262 4281 1530 4360 σύγχυσις
1587 4283 1652 4352 ἦν
1704 4280 1757 4336 έν
1816 4282 1993 4353 τούτῳ

344 4373 561 4447 πολλὴ,
595 4373 685 4428 καὶ
714 4372 912 4437 πένθος
942 4371 1387 4448 ἀπαρηγόρητον.

2090 603 2193 660 illa
2257 600 2561 673 prohibere
2625 594 2970 653 contendit:
3023 588 3187 655 Filia,
3246 585 3542 657 inquiens,
3603 598 3732 637 mea

2093 672 2326 762 Thecla,
2359 690 2496 761 quid
2537 687 2642 743 tibi
2685 700 2816 741 cum
2864 686 3134 738 extraneo
3186 676 3283 731 illo
3319 672 3735 745 praestigiatore

2094 785 2196 852 rei,
2241 798 2412 854 quem
2454 781 2535 836 ita
2574 778 2806 835 assidue
2847 770 3168 838 auscultas,
3210 767 3498 837 cujusque
3542 760 3734 816 verbis

2094 848 2281 945 usque
2332 873 2473 928 adeo
2524 874 2693 941 capta
2740 861 3006 920 teneris?
3038 876 3142 915 nos
3193 868 3419 928 quoque
3461 853 3587 921 jam
3639 848 3739 903 ad-

2093 938 2274 1036 spice,
2309 965 2364 1018 et
2403 938 2676 1029 colloquii
2706 954 2791 1010 tui
2834 950 3142 1024 participes
3174 945 3370 1008 redde,
3404 958 3470 997 ac
3508 941 3580 995 de
3609 938 3736 994 cibo

2095 1052 2379 1110 sumendo
2411 1049 2617 1120 cogita.
2652 1046 2774 1109 Quo
2824 1041 2924 1096 illa
2963 1051 3232 1095 sermone
3264 1050 3394 1098 usa,
3423 1046 3554 1086 cum
3586 1025 3733 1082 nihil

2094 1141 2420 1215 proﬁceret,
2470 1137 2571 1193 sed
2643 1140 2705 1190 ut
2753 1131 2866 1188 dici
2933 1128 3099 1195 solet,
3149 1126 3377 1179 mortuo
3428 1120 3490 1175 in
3534 1131 3733 1173 aurem

2091 1234 2267 1289 verba
2298 1232 2525 1296 faceret,
2552 1223 2828 1297 asperiori
2849 1217 3116 1290 loquendi
3148 1228 3357 1287 genere
3387 1210 3467 1267 uti
3500 1223 3737 1279 aggres-

2094 1342 2197 1382 sa:
2248 1326 2311 1377 Et
2367 1320 2530 1393 quid,
2574 1315 2786 1388 inquit,
2836 1312 3024 1367 instar
3067 1310 3309 1372 insanae,
3353 1306 3410 1359 et
3457 1299 3734 1358 sensibus

2094 1414 2235 1487 ipsis
2284 1410 2567 1484 spoliatae,
2609 1404 2882 1462 continuo
2937 1399 3031 1455 hic
3075 1396 3367 1463 assidens,
3411 1392 3481 1448 ad
3547 1390 3735 1445 virum

2094 1505 2362 1577 ignotum
2393 1499 2478 1555 ita
2506 1496 2758 1552 attendis
2786 1493 2813 1547 ?
2845 1503 3101 1546 reverere
3141 1488 3442 1556 cognatos,
3478 1495 3738 1537 reverere

2097 1576 2339 1660 amicos,
2386 1601 2643 1645 reverere
2690 1580 2959 1654 aequales,
3005 1581 3271 1633 naturam
3326 1576 3511 1642 ipsam
3565 1584 3735 1624 reve-

2098 1700 2246 1747 rere,
2278 1698 2379 1737 cur
2423 1678 2602 1734 libera
2643 1690 2779 1730 cum
2819 1672 2919 1739 sis,
2947 1668 3211 1724 animum
3254 1661 3520 1719 servilem
3561 1660 3735 1733 geris,

2097 1775 2274 1846 idque
2317 1770 2439 1825 ﬁlia
2505 1764 2822 1830 Theoclesa,
2866 1774 3084 1831 sponsa
3137 1750 3558 1823 Thamyridis?
3617 1749 3736 1813 Quo

2102 1840 2273 1930 dicto,
2324 1861 2519 1932 ipsum
2570 1868 2848 1927 sponsum
2896 1847 3157 1911 arcessit,
3218 1843 3319 1915 qui
3367 1848 3422 1897 et
3470 1840 3738 1902 festinus,

2102 1959 2160 2010 et
2187 1928 2565 2007 velut‘alatus
2602 1941 2855 2011 advenit,
2888 1938 3227 2010 nuptiarum
3268 1948 3330 1988 se
3360 1945 3536 1987 causa
3568 1928 3743 1983 advo-

2105 2041 2224 2098 cari
2255 2037 2615 2096 existimans.
2652 2032 2930 2088 Caeterum
2983 2027 3083 2082 ubi
3113 2041 3180 2080 ex
3219 2040 3306 2091 ea,
3341 2036 3453 2092 quo
3492 2018 3618 2073 loco
3648 2031 3741 2071 res

2098 2129 2321 2189 Thecla;
2359 2128 2579 2194 essent,
2622 2119 2987 2189 intelligeret,
3021 2114 3295 2188 quodque
3334 2112 3466 2181 post
3512 2109 3741 2163 exactos

2094 2223 2217 2294 jam
2262 2224 2379 2275 tres
2428 2216 2575 2284 dies,
2617 2215 2672 2269 et
2721 2209 2961 2266 totidem
3014 2207 3234 2269 noctes,
3286 2199 3387 2255 illa
3425 2196 3663 2254 omnino
3708 2211 3741 2250 a

2099 2314 2356 2368 fenestra
2405 2323 2519 2362 non
2574 2300 2922 2368 recessisset,
2950 2294 3061 2352 cibi
3094 2300 3378 2365 polusque
3427 2303 3497 2342 ne
3538 2283 3744 2341 tantil-

2100 2402 2221 2457 lum
2264 2398 2501 2471 quidem
2548 2407 2790 2455 memor,
2825 2392 3054 2444 tantum
3086 2401 3153 2440 ex
3196 2379 3357 2437 Pauli
3390 2376 3578 2433 verbis
3614 2390 3744 2429 sus-

2099 2506 2278 2563 pensa
2329 2503 2343 2543 :
2396 2486 2541 2553 haec,
2604 2482 2859 2550 inquam,
2902 2491 3033 2531 cum
3098 2468 3404 2541 Thamyris
3449 2482 3519 2521 ex
3564 2466 3746 2518 matre

2096 2556 2467 2650 intelligeret,
2500 2573 2734 2643 illaque,
2766 2567 3007 2624 adderet
3039 2581 3052 2619 :
3085 2562 3194 2618 Adi
3224 2566 3287 2616 tu
3314 2558 3474 2613 illam
3505 2556 3745 2628 (quippe

2098 2643 2349 2743 sponsus
2397 2666 2525 2736 ejus
2574 2661 2661 2733 es)
2708 2664 2767 2715 et
2812 2655 3004 2712 verbis
3035 2670 3068 2709 a
3115 2652 3365 2706 fenestra
3407 2655 3465 2702 ut
3496 2643 3743 2700 absistat

2097 2731 2327 2816 elﬁcere
2401 2731 2706 2818 contende,
2767 2744 2991 2804 accedit
3054 2741 3321 2814 protinus
3405 2731 3735 2805 Thamyris,

2099 2848 2527 2919 omnigenoque
2570 2853 2860 2903 sermone,
2894 2849 3049 2890 nunc
3088 2829 3327 2903 quidem
3360 2822 3739 2889 assentando,

2098 2954 2255 2995 nunc
2306 2915 2695 2999 admonendo,
2728 2942 2884 2983 nunc
2927 2920 3303 2991 increpando,
3339 2915 3500 2970 illam
3541 2930 3573 2968 a
3603 2927 3742 2983 pro-

2101 3029 2286 3103 posito
2332 3040 2599 3083 revocare
2645 3023 2913 3077 conatur.
2947 3017 3017 3071 Et
3046 3013 3211 3086 quid,
3243 3007 3460 3081 inquit,
3493 3004 3741 3076 Thamy-

2098 3119 2208 3176 rim
2241 3131 2521 3190 sponsum
2553 3118 2717 3169 tuum
2751 3124 2869 3166 non
2900 3103 3134 3175 aspicis,
3168 3098 3311 3157 mihi
3343 3092 3739 3154 charissima?

2100 3205 2386 3279 numquid
2424 3205 2572 3259 forte
2621 3202 2800 3257 alium
2844 3212 3030 3263 amas,
3062 3194 3121 3248 in
3152 3191 3493 3261 despectum
3524 3182 3738 3241 amoris

2099 3316 2237 3371 erga
2266 3271 2321 3353 te
2351 3294 2465 3351 mei
2495 3294 2523 3348 ‘?
2567 3308 2670 3348 cur
2699 3290 2800 3356 ita,
2832 3285 3011 3343 veluti
3043 3280 3307 3346 attonita,
3341 3295 3375 3333 a
3404 3281 3461 3333 te
3487 3272 3683 3331 abiisti
3713 3271 3741 3327 ?

2096 3364 2232 3446 nuin
2267 3403 2369 3460 per
2402 3380 2855 3455 imprudentiam
2898 3377 3045 3433 forte
3075 3377 3133 3428 te
3163 3367 3397 3437 oﬁ‘endi,
3430 3364 3739 3422 dilectissi-

2097 3457 2430 3534 maPinum
2478 3472 2762 3528 voluntati
2805 3472 2917 3523 tuae
2961 3461 3357 3533 obsequioque
3395 3457 3456 3512 in
3501 3460 3556 3512 te
3607 3470 3735 3511 meo

2097 3567 2325 3639 uspiam
2375 3563 2588 3620 defui?
2616 3558 2794 3615 nimis
2838 3558 3058 3613 fortean
3122 3552 3222 3606 diu
3266 3550 3494 3604 nostras
3542 3545 3737 3601 hacte-

2098 3673 2213 3713 nus
2262 3669 2553 3710 moramur
2584 3648 2861 3720 nuptias:
2894 3643 3074 3701 nimis
3105 3641 3205 3696 diu
3236 3635 3522 3710 hymenaei
3557 3634 3740 3689 nostri

2096 3752 2302 3804 cantus
2347 3740 2588 3798 musicis
2634 3738 2915 3794 differtur.
2950 3736 3134 3801 Quare
3164 3728 3214 3784 si
3245 3725 3424 3793 lubet,
3457 3739 3584 3794 age,
3616 3738 3742 3777 om-

2099 3836 2199 3891 nia
2229 3832 2636 3890 conﬁciantur.
2686 3829 2776 3884 An
2824 3824 3145 3881 etiamnum
3177 3815 3589 3875 cunctabimur
3615 3811 3642 3867 τ
3672 3826 3741 3867 ex

2097 3925 2395 3981 voluntate
2456 3922 2614 3977 enim
2676 3922 2799 3984 tua,
2846 3930 2975 3970 mea
3011 3910 3250 3979 Thecta,
3302 3904 3538 3975 soloque
3597 3908 3739 3956 nutu

2103 4016 2339 4086 pendeo.
2377 4013 2506 4069 Hec
2545 4014 2603 4066 et
2641 4006 2891 4071 dicebat,
2922 4013 2975 4060 et
3005 4008 3170 4075 gestu
3196 3997 3450 4072 quodam
3478 3991 3739 4064 corporis

2103 4104 2175 4159 ad
2234 4100 2690 4175 permovendum
2742 4092 2965 4151 efﬁcaci
3013 4091 3174 4147 illam
3217 4090 3275 4144 in
3307 4100 3478 4144 suam
3507 4090 3745 4139 senten-

2107 4173 2251 4248 tiam
2298 4188 2635 4262 pertrahere
2666 4185 2980 4249 nitebatur,
3013 4179 3158 4253 quin
3197 4182 3252 4235 et
3280 4178 3498 4233 vestem
3532 4173 3743 4229 lineam

2104 4280 2291 4354 ipsius
2338 4278 2585 4335 remisse
2618 4281 2885 4349 tangens,
2919 4272 3124 4344 Surge,
3159 4266 3430 4339 subjecit,
3462 4264 3742 4326 edamus;

2104 4387 2293 4443 surge,
2327 4370 2598 4428 bibamus
2624 4383 2638 4422 :
2673 4366 2813 4440 quid
2837 4366 2993 4421 enim
3027 4366 3190 4419 tanta
3210 4358 3405 4415 inedia
3426 4354 3596 4412 nobis
3618 4367 3746 4425 pro-

347 4465 578 4523 fuerit?
624 4465 915 4521 Hactenus
964 4445 1081 4521 ille.
1144 4445 1360 4520 omnes
1409 4462 1641 4520 interim
1701 4461 2051 4520 domesticos
2116 4459 2452 4519 communis
2506 4458 2701 4514 luctus
2758 4455 2989 4522 invasit,
3029 4449 3434 4520 Thamyridem
3488 4445 3747 4518 quidem,

348 4556 505 4628 quod
573 4570 747 4611 uxore
797 4554 1105 4624 excideret,
1158 4553 1527 4621 Theocleam,
1588 4553 1743 4626 quod
1796 4552 1937 4619 ﬁlia,
1987 4550 2231 4608 ancillas
2286 4551 2559 4622 denique,
2605 4547 2761 4622 quod
2818 4544 3099 4602 domina:
3145 4541 3421 4612 hincque,
3479 4531 3745 4592 confusio

348 4662 415 4704 ac
446 4662 660 4702 mceror
688 4648 919 4702 exortus
949 4643 1110 4699 omni
1142 4641 1537 4700 consolatione
1577 4644 1784 4713 major.

419 4739 488 4788 I".
521 4729 700 4791 Ἀλλά
746 4735 816 4806 τῇ
862 4729 1058 4803 Θέκλᾳ,
1090 4732 1180 4786 καί
1228 4729 1438 4785 τούτων
1471 4728 1797 4806 γινομένων,
1825 4729 1989 4804 ὀλίγη
2023 4728 2081 4795 D

349 4821 569 4900 φροντίς
602 4839 615 4851 ⁸
650 4826 757 4877 τῶν
789 4822 964 4876 αὐτῶν
995 4819 1052 4875 δὲ
1101 4818 1309 4899 εἷ’χετο,
1340 4820 1430 4876 καί
1483 4827 1583 4891 τῆς
1638 4817 1855 4896 θυρίδος
1907 4820 1995 4875 ού-

349 4909 536 4985 δαμῶς
567 4911 848 4989 ἀφίστατο,
880 4911 969 4966 καὶ
1010 4910 1063 4965 οἱ
1102 4909 1319 4966 Παύλου
1351 4909 1513 4985 λόγοι
1575 4909 1774 4984 μελέτη
1829 4910 1996 4987 ταύτῃ

350 4999 624 5073 διηνεκής.
664 5001 727 5059 Ὀ
784 5000 1028 5076 Θάμυρις
1061 4998 1175 5070 οῦν,
1210 4997 1367 5062 εἰδὼς
1420 5002 1493 5062 ὡς
1538 4998 1824 5071 ἀνονήτοις
1874 5000 1994 5055 ἐπι-

347 5095 549 5165 χειρεῖ,
609 5088 781 5161 ζήλου
827 5094 1047 5165 πικροῦ,
1083 5093 1258 5161 θυμοῦ
1286 5111 1344 5144 τε
1398 5089 1488 5144 καὶ
1548 5089 1716 5166 ὀργῆς
1760 5090 1994 5146 ἐντεῦθεν

353 5179 747 5252 ὑποπλησθεὶς,
805 5180 1050 5253 πρόεισιν
1110 5174 1211 5251 ἔξω
1268 5180 1401 5235 κατά
1457 5177 1725 5257 ἄμφοδον,
1785 5181 1873 5235 καὶ
1928 5181 1994 5250 ἧν

349 5271 493 5325 οὕτω
550 5274 904 5345 παρατηρῶν,
956 5269 1036 5331 τίς
1098 5290 1157 5325 τε
1203 5270 1338 5343 πρὸς
1392 5270 1482 5323 τὸν
1533 5270 1748 5325 Παῦλον
1811 5270 1991 5341 εἰσίοι,

347 5362 437 5415 καὶ
464 5359 545 5421 τίς
573 5357 876 5435 ἐξέρχοιτο.
911 5360 1014 5415 Καὶ
1060 5356 1127 5426 δὴ
1179 5355 1275 5412 δύο
1304 5359 1449 5421 τινας
1484 5358 1583 5432 6ρᾷ
1643 5362 1993 5438 μαχομένους

348 5451 485 5525 πρὸς
542 5448 827 5520 ἀλλήλους
884 5468 942 5503 τε
996 5448 1086 5503 καὶ
1141 5426 1545 5518 στασιάζοντας.
1591 5426 1993 5523 Δημάςοῦτοι

350 5541 441 5597 καὶ
497 5539 833 5616 Ἑρμογένης
880 5540 1034 5610 ἦσαν·
1083 5538 1177 5602 οὓς
1211 5541 1238 5595 ὁ
1270 5540 1435 5615 λόγος
1477 5540 1679 5617 φθάσας
1725 5538 1992 5614 ἐδήμησε,

352 5630 443 5687 καὶ
473 5628 613 5694 ὅτως
648 5630 852 5703 Παύλῳ
881 5628 978 5705 μὶν
1019 5626 1258 5700 εἵποντο,
1289 5629 1488 5701 ἥκιστα
1544 5628 1601 5685 δὲ
1654 5633 1732 5702 τῷ
1786 5627 1993 5687 ἐκείνου

358 5717 466 5793 βίῳ
514 5717 830 5774 συνείποντο
863 5737 877 5754 ⁸
931 5718 1014 5780 οἷς
1071 5715 1160 5773 καὶ
1218 5718 1247 5773 ὁ
1304 5719 1546 5794 Θάμυρις
1602 5715 1863 5794 ἒντυχὼν,
1904 5720 1995 5775 καὶ

2178 4730 2276 4787 ΙΙΙ.
2310 4730 2592 4788 Caeterum
2615 4725 2844 4785 Thecla:
2868 4740 3038 4798 parva
3056 4721 3235 4780 etiam
3257 4719 3467 4776 borum
3490 4713 3746 4772 omnium

2104 4839 2262 4892 cura,
2297 4826 2351 4879 st
2380 4822 2438 4877 in
2472 4820 2563 4888 iis,
2598 4837 2725 4892 qua
2757 4820 3026 4889 coeperat,
3062 4825 3457 4886 perseverans,
3493 4807 3746 4862 fenestra

2108 4911 2443 4968 nullatenus
2499 4907 2839 4973 absistebat,
2890 4905 3061 4961 unius
3135 4901 3299 4958 Pauli
3366 4893 3740 4954 sermonibus

2104 5008 2225 5061 tota
2273 5002 2453 5058 animi
2501 5000 2871 5056 contentione
2923 4995 3231 5065 studioque
3279 4991 3524 5046 intenta.
3583 4982 3744 5049 Quod

2105 5093 2201 5149 ubi
2258 5090 2569 5160 Thamyris
2625 5089 2802 5155 videt,
2842 5101 3012 5157 seque
3061 5082 3140 5138 rei
3190 5092 3553 5152 nequaquam
3606 5088 3742 5129 suc-

2104 5199 2355 5239 cessurae
2402 5195 2637 5252 operam
2694 5179 2851 5245 dare,
2883 5174 3001 5231 acri
3057 5171 3343 5243 zelotypia
3398 5171 3572 5237 atque
3628 5162 3746 5218 ira-

2104 5272 2321 5330 cundia
2368 5269 2693 5341 perculsus,
2731 5267 2884 5322 foras
2943 5264 3003 5319 in
3055 5261 3301 5335 plateam
3351 5254 3742 5330 progreditur,

2103 5358 2234 5431 quis
2266 5358 2336 5413 ad
2360 5356 2607 5412 Paulum
2640 5354 2903 5418 intraret,
2928 5350 3133 5422 quisve
3162 5346 3297 5402 inde
3320 5343 3519 5409 exiret,
3551 5341 3744 5397 obser-

2103 5468 2246 5509 vans
2278 5466 2291 5505 :
2327 5465 2459 5505 cum
2492 5448 2640 5502 duos
2663 5444 2948 5516 quosdam
2979 5442 3130 5496 inter
3159 5455 3221 5495 se
3252 5437 3655 5507 depugnantes
3686 5433 3742 5487 et

2105 5541 2362 5598 rixantes
2422 5537 2591 5604 videt,
2652 5540 2888 5592 Demam
2960 5544 3166 5601 nempe
3222 5532 3277 5584 et
3318 5526 3740 5596 Hermogenem

2104 5631 2197 5705 (de
2227 5628 2443 5703 quibus
2474 5631 2648 5683 antea
2692 5623 2967 5690 diximus,
2998 5618 3167 5676 Pauli
3200 5616 3437 5691 quidem
3468 5610 3742 5677 asseclas,

2102 5697 2221 5777 non
2244 5697 2393 5777 item
2424 5714 2557 5776 vitae
2584 5714 2907 5774 imitatores
2938 5708 3163 5783 fuisse),
3184 5706 3245 5764 in
3268 5720 3414 5778 quos
3444 5716 3579 5759 cum
3599 5697 3747 5756 Tha-
