4144 6184
404 239 518 304 827

1692 254 1968 323 MENSIS
2016 261 2502 329 SEPTEMBER.

3682 278 3805 341 828

402 400 585 473 myris
626 402 951 472 incidisset,
984 410 1043 462 et
1080 409 1149 465 de
1205 410 1383 467 Paulo
1416 416 1796 487 quaesivisset,
1827 421 2001 479 volun

2147 426 2269 498 περὶ
2334 427 2549 483 Παύλου
2609 428 2884 504 ἐρόμενος,
2944 433 3065 507 εὗρε
3150 453 3574 508 συναιρομενους
3633 435 3803 493 αὐτοῦ

401 492 503 546 tati
539 509 657 547 suae
691 495 1015 551 conformes
1065 500 1275 569 reperit
1309 518 1321 556 :
1356 503 1543 559 virum
1577 522 1638 562 se
1668 508 1855 581 illum,
1886 514 2043 582 quis-

399 596 538 636 nam
562 587 736 648 esset,
768 590 1035 641 accurate
1059 604 1422 661 nequaquam
1448 595 1672 651 novisse
1694 606 2037 674 asserentes,

400 670 794 741 virginitatem
849 681 1041 730 autem
1098 677 1252 733 velut
1302 681 1486 754 legem
1538 688 1783 755 sancire,
1832 689 2039 763 hisque

394 760 587 816 verbis
638 762 767 817 uti:
816 763 939 819 Nisi
988 767 1043 821 in
1093 769 1356 825 castitate
1403 774 1745 847 persistatis,
1799 796 2037 853 corpora

393 855 589 906 vestra
633 856 765 922 post
797 859 1040 910 mortem
1075 874 1444 931 nequaquam
1492 878 1810 937 resurgant,
1846 887 2033 943 neque

385 957 489 997 vos
524 944 648 997 vitae
692 946 1087 1003 haereditatem
1132 952 1557 1023 adipiscemini.
1593 959 1713 1023 Quo
1745 968 2031 1023 sermonis

388 1046 598 1102 genere
641 1034 887 1103 juvenes
932 1039 1208 1095 uxoribus
1260 1044 1464 1114 privat,
1497 1047 1750 1120 virgines
1782 1055 2029 1127 maritis,

390 1121 725 1179 caelibatum
757 1130 1053 1192 astruens,
1082 1146 1267 1201 eoque
1300 1133 1445 1191 facto
1469 1137 1698 1195 animos
1720 1143 2027 1214 simplicio-

388 1227 521 1266 rum
582 1212 898 1283 decipiens.
959 1216 1106 1280 Quos
1150 1220 1304 1276 viros
1335 1224 1643 1297 Thamyris
1675 1247 1742 1286 ex
1775 1212 2028 1306 tempore

394 1301 507 1356 sibi
558 1302 894 1360 conciliatos
942 1305 1098 1361 domi
1136 1324 1253 1363 suae
1303 1311 1550 1385 hospitio
1581 1320 1808 1391 excipit,
1844 1301 2025 1396 appo-

392 1389 618 1462 sithue
666 1409 947 1464 perquam
998 1404 1340 1468 sumptuoso
1390 1408 1653 1475 prandio,
1711 1414 1907 1468 omnia
1956 1416 2027 1470 de

384 1478 564 1535 Paulo
620 1482 907 1539 curiosius
956 1494 1389 1559 percunctatus,
1433 1494 1564 1551 illos
1608 1497 1667 1552 in
1711 1502 2021 1559 consilium

386 1567 664 1624 adhibet:
699 1587 952 1641 quonam
998 1578 1168 1631 modo
1213 1579 1311 1635 illo
1353 1581 1597 1651 devicto,
1633 1592 1689 1643 et
1719 1590 1789 1644 de
1834 1592 2024 1650 medio

387 1656 630 1725 sublato,
666 1660 954 1731 desponsa
998 1665 1109 1720 sibi
1140 1667 1347 1723 Thecla
1382 1672 1620 1729 minime
1652 1679 2018 1747 spoliaretur.

2152 521 2268 577 τοὶς
2300 514 2622 590 θελήμασιν.
2656 518 2925 593 Είρήκασι
2955 522 3079 596 γὰρ,
3120 522 3196 584 ὡς
3225 524 3316 577 τὸν
3363 520 3529 597 ἄνδρα
3581 529 3801 595 τοῦτον,

2150 605 2209 667 ὅς
2261 628 2344 668 τις
2403 608 2495 679 μὲν
2555 606 2662 679 εἶἠ,
2702 612 2774 681 μὴ
2812 606 2957 684 ἔχειν
2992 608 3230 686 ἀκριϐῶς
3263 610 3480 681 εἰδέναι,
3512 618 3805 687 νομοθετεῖ

2149 692 2205 750 δὲ
2257 696 2568 770 παρθενίαν,
2601 700 2699 752 Ἢν
2735 701 2811 772 μὴ
2868 698 3011 772 ἁγνοὶ
3078 699 3316 772 μείνητε,
3354 702 3545 777 λέγων,
3603 702 3798 769 ἄλλως

2147 784 2245 837 ούκ
2300 783 2360 839 ἂν
2424 787 2557 858 μετὰ
2607 786 2838 850 θάνατον
2892 786 2958 842 τᾶ
3016 789 3243 860 σώματα
3304 792 3454 863 ὑμῶν
3503 792 3790 864 ἀνασταίη,

2143 874 2231 927 καὶ
2292 880 2437 945 ζωῆς
2500 878 2748 951 γένοισθε
2795 876 3162 952 κληρονόμοι.
3223 882 3321 934 Καὶ
3381 885 3546 936 ταῦτα
3600 882 3795 957 λέγων,

2141 961 2431 1039 ἀποστερεῖ
2488 967 2581 1039 μὲν
2652 967 2803 1030 νέους
2872 972 3163 1043 γυναικῶν,
3220 972 3516 1043 παρθένους
3576 970 3632 1027 δὲ
3700 974 3797 1027 ἀν-

2141 1049 2281 1124 δρῶν
2316 1074 2328 1085 ·
2381 1063 2693 1127 νομοθετῶν
2728 1057 2989 1132 ἀγαμίαν,
3020 1060 3111 1112 καὶ
3163 1061 3308 1114 οὕτω
3347 1060 3444 1123 τὰς
3475 1062 3653 1137 ψυχᾶς
3685 1069 3796 1118 τῶν

2139 1142 2519 1220 ἁπλουστέρων
2551 1148 2827 1216 ἐξαπατῶν
2864 1167 2874 1179 ·
2908 1149 2978 1204 Ὀ
3013 1150 3255 1224 Θάμυρις
3297 1148 3386 1204 οῦν
3419 1150 3544 1212 τοὺς
3590 1150 3793 1228 ἄνδρας

2135 1242 2479 1310 παραχρῆμα
2539 1237 2971 1309 ὑποποιούμενος
3039 1238 3114 1299 εἷς
3172 1240 3263 1294 τὸν
3359 1241 3554 1295 ἑαυτοῦ
3636 1242 3791 1297 οἶκον

2136 1322 2322 1392 ξενίζει
2358 1342 2369 1355 ’
2422 1326 2510 1379 καὶ
2571 1322 2751 1379 δεῖπνα
2805 1323 3085 1396 πολυτελῆ
3145 1329 3483 1403 παρατιθεὶς,
3540 1330 3610 1383 τὰ
3660 1330 3793 1405 περὶ

2134 1417 2230 1469 τοῦ
2304 1412 2522 1468 Παύλου
2580 1436 2637 1469 τε
2692 1415 3101 1490 περιεργότερον
3180 1417 3455 1491 ἀνηρώτα,
3502 1418 3593 1472 καὶ
3644 1440 3794 1493 συμο

2134 1498 2369 1565 ϐούλους
2418 1499 2719 1577 ἐλάμϐανε,
2780 1508 2896 1566 πῶς
2954 1503 3015 1559 ἃν
3095 1506 3292 1560 τούτου
3372 1506 3796 1582 περιγενόμενος

2133 1591 2192 1647 ἐκ
2247 1593 2411 1665 μέσου
2470 1615 2527 1649 τε
2593 1596 2851 1664 ποιήσας,
2907 1596 3005 1663 τῆς
3090 1596 3577 1669 μεμνηστευμένης
3640 1597 3793 1668 αύτῷ

2133 1680 2343 1751 Θέκλης
2376 1685 2452 1755 μὴ
2488 1684 2814 1756 ἆστοχήσοι,
2848 1688 3038 1755 Δημᾶς
3071 1681 3128 1738 δὲ
3172 1684 3262 1738 καὶ
3303 1686 3663 1759 Ἑρμογένης,
3694 1691 3790 1757 Τῷ

392 1745 496 1800 Cui
544 1750 741 1803 Demas
790 1754 847 1805 et
899 1751 1312 1827 Hermogenes,
1367 1745 2010 1839 Caestellio,—inquiunt.

392 1836 622 1866 ηκηιρςιῑζ
658 1838 780 1866 ..ἔσο-ρ.
816 1840 999 1866 ενιηε..-
1042 1844 1293 1866 :_-i:i_,.,
1448 1852 1461 1866 ει
1637 1856 1671 1866 ..
1770 1858 1781 1866 .
1855 1860 1865 1866 .

2135 1770 2369 1848 ἡγεμόνι
2395 1769 2737 1845 Καστελλίῳ,
2770 1773 2943 1845 εἶπον,
2970 1775 3038 1827 τά
3068 1773 3190 1847 περὶ
3224 1774 3391 1829 αὐτοῦ
3424 1772 3795 1851 διασάφησον,

390 1836 624 1906 praesidi
658 1838 781 1892 vitae
816 1840 1000 1911 ipsius
1042 1844 1379 1905 institutum
1431 1852 1731 1924 denuntia,
1766 1836 2026 1919 imbuere

388 1923 825 1984 multitudinem
858 1948 1004 1986 nova
1026 1938 1082 1989 et
1107 1942 1375 1994 extranea
1397 1941 1859 2003 Christianorum
1892 1950 2026 2006 doc-

384 2014 536 2071 trina
567 2033 580 2071 :
615 2033 761 2073 curas
794 2021 1071 2078 nimirum
1106 2025 1190 2079 illi
1221 2030 1289 2082 de
1321 2035 1526 2086 caetero
1562 2033 1735 2090 fuerit
1774 2039 2023 2096 Paulum

384 2104 455 2158 ad
487 2105 730 2162 Caesaris
759 2108 1016 2166 edictum
1047 2113 1316 2183 perdere:
1343 2123 1512 2190 atque
1544 2137 1611 2177 ea
1642 2124 1865 2183 ratione
1889 2145 2026 2185 uxo-

378 2207 501 2248 rem
550 2198 710 2250 tuam
755 2196 998 2255 liberam
1038 2200 1217 2259 libere
1244 2204 1345 2261 tibi
1392 2207 1607 2267 habere
1656 2213 1874 2283 licebit,
1910 2234 2024 2288 qua

375 2280 434 2336 in
469 2298 529 2339 re
579 2301 650 2340 ne
705 2302 810 2342 nos
859 2289 1093 2359 quidem
1128 2296 1182 2348 te
1214 2297 1597 2371 negligemus,
1630 2303 1769 2373 quin
1802 2280 2019 2378 potius,

378 2373 568 2442 quoad
602 2375 728 2444 ejus
756 2376 943 2433 facere
974 2380 1317 2450 poterimus,
1349 2402 1465 2443 una
1494 2373 1926 2460 adiuvabimus.

450 2459 541 2517 IV.
575 2464 885 2536 Thamyris
921 2467 1121 2540 igitur,
1154 2472 1433 2547 zelotypia
1472 2459 1666 2535 adhuc
1697 2488 1755 2538 et
1785 2484 2018 2543 iracun-

369 2548 466 2605 dia
524 2551 749 2622 plenus,
782 2554 1038 2613 diluculo
1095 2576 1471 2635 consurgens,
1523 2569 1763 2627 domum
1807 2573 2015 2630 Onesi-

373 2640 542 2712 phori
574 2644 760 2715 pergit
789 2661 922 2702 cum
957 2650 1322 2722 magistratu,
1357 2660 1413 2710 et
1444 2674 1621 2714 manu
1648 2678 1761 2717 non
1794 2680 2008 2735 pauca:

372 2729 581 2786 deinde
629 2732 684 2787 in
738 2734 979 2792 Paulum
1019 2738 1304 2810 incidens,
1346 2744 1695 2821 Corrupisti,
1729 2729 1942 2823 inquit,
1976 2772 2008 2811 ο

371 2816 566 2889 homo,
600 2821 987 2882 Icoaiensium
1038 2831 1265 2895 urbem,
1316 2834 1658 2909 Theclzeque
1710 2841 1850 2896 mihi
1883 2844 2011 2899 des-

366 2916 648 2980 ponsatas,
699 2915 1040 2987 conjugium
1088 2935 1277 2975 meum
1327 2928 1386 2977 ut
1446 2926 1612 2981 nihili
1669 2930 2004 3003 aestimaret,

369 3000 714 3067 persuasisti
745 3018 760 3069 ;
791 3002 919 3057 veni
953 3004 1195 3074 proinde
1226 3010 1511 3067 rationem
1544 3012 1720 3085 hujus
1752 3019 1834 3073 tui
1870 3020 2007 3078 facti

366 3101 562 3140 coram
605 3088 850 3157 praeside
898 3092 1252 3151 redditurus.
1289 3100 1423 3162 Quas
1469 3102 1567 3158 ubi
1613 3104 1775 3173 dixit,
1817 3110 2004 3166 omnis

2139 1861 2213 1921 ὡς
2245 1860 2516 1915 ἀναπείθει
2546 1860 2673 1923 τοὺς
2706 1858 2914 1937 ὄχλους
2963 1866 3031 1936 τῇ
3071 1866 3231 1936 καινῇ
3300 1863 3388 1917 καὶ
3456 1865 3574 1937 ξένῃ
3610 1864 3786 1939 ταύτῃ

2135 1958 2239 2008 τῶν
2302 1955 2637 2023 Χριστιανῶν
2693 1950 3060 2024 διδασκαλίᾳ·
3121 1955 3210 2008 καὶ
3262 1955 3324 2009 τὸ
3384 1952 3577 2009 λοιπὸν
3633 1954 3786 2027 αὐτῷ

2139 2044 2233 2117 μὲν
2293 2042 2523 2116 μελήσει
2571 2044 2707 2097 κατὰ
2759 2043 2821 2098 τὸ
2881 2039 3064 2119 δόγμα
3099 2047 3195 2097 τοῦ
3256 2044 3540 2118 Καίσαρος,
3564 2043 3786 2101 Παῦλον

2133 2133 2435 2189 ἀπολέσαι·
2472 2133 2557 2188 σοὶ
2604 2130 2661 2188 δὲ
2713 2131 2888 2195 οὕτως
2942 2128 3091 2187 ἔσται
3141 2133 3240 2201 τήν
3278 2139 3508 2208 γυναῖκα
3539 2135 3636 2203 τήν
3678 2135 3780 2199 σήν

2130 2219 2276 2300 ἔχειν
2320 2222 2599 2298 ἐλευθέραν
2632 2222 2950 2298 ἐλευθέρως.
2987 2221 3139 2293 Ιιλήν
3170 2222 3317 2280 ἀλλὰ
3370 2223 3459 2279 καὶ
3492 2226 3655 2298 ἡμεῖς
3712 2223 3783 2279 οὗ

2128 2312 2509 2387 περιοψόμεθά
2568 2334 2646 2384 σε,
2701 2310 2847 2367 ἀλλὰ
2899 2312 2966 2367 τὰ
3023 2309 3223 2368 δυνατὰ
3286 2312 3521 2387 ἐσόμεθα
3596 2334 3783 2388 συνερ-

2126 2407 2368 2480 γοῦντες.
3486 2491 3504 2507 κ
3711 2492 3725 2507 ι

2210 2501 2218 2507 .
2236 2495 2248 2507 1
2300 2495 2365 2507 ..η
2488 2492 2517 2507 εν
2585 2498 2612 2507 μ
2638 2491 2678 2507 1‘
2881 2490 2895 2507 \
2967 2490 2982 2507 9
3066 2498 3093 2507 η
3172 2498 3200 2507 Α
3224 2492 3234 2507 ο
3653 2504 3665 2507 _

2197 2495 2267 2550 Δ’.
2300 2495 2424 2550 Ἔτι
2459 2492 2548 2547 οῦν
2585 2491 2760 2563 ζήλου
2808 2490 2897 2547 καὶ
2959 2490 3128 2567 όργῆς
3167 2492 3409 2566 Θάμυρις
3440 2491 3781 2566 πληρωθείςι

2125 2580 2326 2658 ὄρθρου
2358 2580 2664 2643 διαναστὰς.
2700 2580 2776 2644 εἷς
2809 2582 2899 2636 τὸν
2961 2581 3118 2636 οἶκον
3152 2582 3512 2659 Ὀνησιφόρου
3542 2580 3775 2656 γίνεται,

2127 2672 2259 2746 μετά
2287 2673 2378 2727 καὶ
2409 2672 2717 2747 ἀρχόντων,
2750 2671 2839 2726 καὶ
2874 2671 3061 2745 χειρὸς
3104 2670 3203 2726 ούκ
3243 2669 3439 2745 ὀλίγης
3474 2690 3487 2703 ·
3544 2671 3655 2726 εἶτα
3695 2676 3775 2743 τῷ

2122 2760 2325 2834 Παύλῳ
2378 2761 2715 2836 περιτυχὼν,
2759 2761 3095 2839 Διέφθειρας,
3128 2754 3337 2837 ἔλεγεν,
3370 2760 3640 2834 ἄνθρωπε,
3673 2761 3775 2828 τὴν

2122 2849 2386 2907 Ἰκονιέων
2442 2847 2605 2904 πόλιν
2641 2866 2655 2881 ⁸
2687 2851 2778 2904 καὶ
2828 2851 2927 2918 τὴν
2980 2850 3333 2923 ἡρμοσμένην
3377 2848 3498 2921 ἐμοὶ
3561 2848 3771 2903 Θέκλαν

2114 2938 2396 3001 ἀνέπεισας
2452 2938 2575 3012 περὶ
2635 2934 2858 3000 οὐδενὸς
2915 2936 3042 3000 τοὺς
3085 2938 3249 3011 ἐμοὺς
3284 2938 3464 2992 θέσθαι
3530 2939 3767 3012 γάμους,

2116 3031 2323 3104 Ἔρχου
2380 3031 2688 3101 τοιγαροῦν,
2722 3024 2889 3103 λόγον
2933 3025 3134 3105 ὑφέξων
3184 3028 3319 3101 πρὸς
3360 3028 3451 3081 τὸν
3501 3027 3764 3099 ἡγεμόνα.

2117 3114 2305 3179 Οὕτως
2362 3115 2535 3192 ἔλεγε,
2565 3117 2654 3171 καὶ
2712 3120 2818 3179 πᾶς
2872 3117 2899 3170 ὁ
2959 3114 3133 3192 ὄχλος
3190 3115 3340 3187 αὐτῷ
3397 3116 3763 3191 συνηγόρουν,

368 3174 689 3231 multitudo
731 3176 812 3232 illi
862 3185 951 3235 est
992 3199 1253 3253 assensa,
1286 3189 1481 3262 Apage
1508 3171 2003 3269 praestigiatorem,

2127 3171 2151 3176 -
2212 3171 2220 3172 κ
2291 3171 2304 3179 .
2375 3171 2401 3172 η
2523 3171 2534 3185 ,
2804 3171 2816 3179 ,
2995 3171 3020 3192 ρ
3121 3171 3131 3177 ,
3314 3171 3324 3187 ,
3518 3171 3559 3191 η
3608 3171 3617 3190 ,
3751 3171 3762 3184 ,

2123 3210 2326 3281 Ἄπαγε
2364 3171 2687 3279 τὸνιγόητα,
2722 3201 2975 3279 λέγοντες
3008 3224 3021 3237 ⁸
3055 3204 3226 3266 πάσας
3267 3206 3367 3278 γὰρ
3399 3206 3559 3276 ἡμῶν
3606 3205 3766 3258 ἄπώ-

366 3261 951 3334 οῐεωειηιθελοωῐιεε
1000 3271 1155 3329 enim
1206 3261 1438 3335 nostras
1480 3298 1684 3339 uxores
1732 3289 1999 3357 perdidit.

365 3351 536 3408 Stans
566 3353 741 3423 igitur
761 3357 1065 3431 Thamyris
1095 3368 1227 3420 ante
1261 3368 1537 3440 tribunal,
1571 3351 1783 3447 magna
1815 3378 2002 3434 homi-

362 3456 501 3496 num
598 3445 968 3505 multitudine
1044 3451 1293 3522 cinctus,
1363 3458 1581 3529 ingenti
1640 3445 1777 3521 vcce
1828 3482 1840 3522 :
1899 3468 2002 3524 Hic

366 3527 561 3600 homo,
588 3530 802 3603 inquit,
841 3537 994 3593 unde
1024 3539 1102 3594 sit
1130 3527 1490 3614 ignoramus,
1530 3550 1778 3622 virgines
1809 3562 2001 3611 autem

365 3633 435 3673 ne
496 3619 722 3677 nubant
790 3625 1080 3694 prohibet,
1150 3633 1527 3707 tumultuque
1595 3619 1794 3699 urbem
1852 3643 2004 3701 hanc

363 3710 635 3783 complet,
668 3712 823 3770 dicat
845 3732 981 3789 ergo
1000 3735 1103 3774 cur
1134 3720 1252 3778 haec
1282 3724 1471 3782 faciat.
1494 3728 1697 3787 Demas
1726 3739 1919 3791 autem
1952 3745 2006 3793 et

364 3803 783 3874 Hermogenes,
815 3820 1006 3862 rerum
1030 3814 1432 3880 praestantium
1456 3818 1673 3875 indocti
1706 3823 2001 3896 discipuli,

365 3904 552 3961 neque
583 3892 902 3963 quidquam
938 3896 1101 3953 Judaa
1133 3902 1416 3959 scelerata
1453 3904 1823 3977 improbitate
1855 3892 2003 3970 infe?

363 3977 566 4044 riores,
599 3980 783 4038 eidem
812 3994 1248 4057 suggesserunt,
1280 3990 1494 4050 diceret
1524 3996 1769 4055 Paulum
1800 4002 2002 4059 Chris-

362 4065 589 4123 tianum
623 4085 772 4138 esse,
802 4076 975 4144 atque
1009 4075 1087 4131 ita
1118 4078 1401 4137 citissime
1426 4085 1778 4154 periturum.

434 4158 497 4211 V.
531 4160 748 4215 Presses
791 4178 953 4233 porro
1004 4166 1267 4223 animum
1309 4173 1636 4232 accuratius
1670 4179 1999 4249 intendens,

361 4244 541 4301 Paulo
591 4247 663 4302 ad
712 4264 774 4303 se
815 4253 1051 4324 propius
1105 4258 1445 4331 constituto,
1478 4264 1617 4329 Quis
1675 4273 1739 4322 tu
1785 4285 1865 4337 es,
1902 4244 2000 4339 ait,

365 4337 420 4388 et
451 4351 715 4405 quisnam
748 4337 867 4408 illa,
900 4346 955 4396 et
987 4343 1183 4414 qualia
1214 4364 1344 4419 qua:
1373 4350 1542 4407 doces
1573 4353 1600 4409 ?
1631 4371 1814 4427 neque
1845 4337 1999 4416 enim

365 4423 435 4478 de
465 4440 525 4479 re
576 4425 740 4481 nihili
791 4437 841 4483 te
888 4439 1190 4490 accusant.
1231 4438 1314 4491 Ad
1350 4456 1473 4509 quae
1523 4423 1741 4501 Paulus
1772 4449 2003 4506 sublata

2114 3294 2236 3352 λεσε
2285 3294 2381 3355 τὰς
2428 3298 2704 3369 γυναῖκας.
2767 3295 2908 3355 Στάς
2967 3291 3058 3348 οῦν
3115 3294 3143 3347 ὁ
3201 3293 3443 3366 Θάμυρις
3502 3294 3608 3367 πρὸ
3662 3298 3761 3347 τοῦ

2116 3386 2388 3461 βήματος,
2446 3379 2590 3457 ἔχων
2648 3383 2737 3436 ὕπ’
2786 3383 2938 3454 αύτῷ
2989 3382 3079 3437 καὶ
3138 3383 3199 3438 τὸ
3257 3383 3491 3452 πλῆθος,
3550 3386 3761 3458 κραυγῇ

2116 3474 2369 3550 μεγίστῃ,
2400 3474 2461 3529 Ὀ
2491 3471 2772 3546 ἄνθρωπος
2811 3471 2989 3532 οὗτος.
3032 3466 3237 3545 ἔλεγεν,
3271 3472 3386 3526 ὅθεν
3444 3471 3562 3545 μὲν,
3594 3472 3762 3545 ἀγνο-

2113 3568 2317 3637 οῦμεν’
2378 3566 2665 3638 γαμεῖσθαι
2726 3558 2782 3614 δὲ
2834 3560 2929 3621 τὰς
2996 3561 3289 3633 παρθένους
3348 3560 3416 3665 οὐ,
3460 3566 3760 3665 συγχωρεῖ,

2112 3654 2199 3708 καὶ
2250 3655 2499 3727 ταραχῆς
2557 3651 2649 3724 μὲν
2687 3652 2786 3719 τήν
2842 3648 3005 3705 πόλιν
3065 3648 3311 3724 πληροῖ”
3374 3649 3576 3704 εἰπάτω
3627 3653 3759 3725 γοῦν

2111 3742 2239 3798 ὅτου
2293 3743 2453 3816 χάριν
2509 3744 2671 3796 τοῦτο
2721 3744 2898 3813 ποιεῖ.
2933 3743 3123 3811 Δημᾶς
3181 3736 3237 3794 δὲ
3276 3738 3366 3793 καὶ
3397 3736 3759 3813 Ἑρμογένης,

2112 3834 2164 3887 οἱ
2196 3829 2420 3903 ἅμαθεῖς
2448 3834 2554 3884 τῶν
2594 3830 2777 3885 καλῶν
2832 3828 3094 3902 μαθηταὶ,
3136 3829 3227 3884 καὶ
3270 3825 3439 3902 μηδὲν
3481 3830 3625 3907 τάχα
3653 3835 3759 3897 τῆς

2109 3916 2288 3979 Ἰούδα
2348 3920 2664 3994 μοχθηρίας
2723 3916 3176 3990 ἀπολειπόμενοι,
3247 3917 3528 3973 ὑπετίθουν
3582 3916 3756 3989 αύτῳ.

2111 4010 2266 4085 Λέγε,
2317 4009 2635 4086 φάσκοντες,
2689 4008 2770 4062 δτι
2830 4008 3157 4080 Χριστιανὸς
3206 4004 3315 4077 εἴη,
3372 4007 3461 4061 καὶ
3520 4006 3760 4081 τάχιστα

2111 4098 2416 4154 ἀπολεῖται.

2183 4190 2257 4246 Ε’.
2290 4189 2351 4245 Ὁ
2382 4188 2606 4262 ἡγεμὼν
2642 4183 2699 4241 δὲ
2738 4187 2838 4254 τὴν
2866 4183 3107 4240 διάνοιαν
3167 4184 3481 4255 ἐπιστήσας,
3514 4184 3603 4239 καὶ
3660 4186 3754 4239 τὸν

2111 4276 2328 4334 Παῦλον
2388 4275 2660 4352 ἐγγυτέρω
2709 4277 3196 4350 παραστησάμενος
3232 4293 3243 4306 ·
3304 4273 3395 4335 Τίς
3436 4274 3512 4335 εἷς
3566 4272 3753 4346 λέγει’

2107 4366 2229 4423 τίνα
2260 4364 2315 4421 δὲ
2363 4366 2451 4420 καὶ
2484 4366 2617 4439 ἅπερ
2652 4362 2961 4432 διδᾶσκεις;
3005 4363 3064 4417 οὐ
3096 4364 3199 4438 γὰρ
3250 4364 3315 4417 ιὰ
3369 4363 3608 4438 τυχόντα
3657 4383 3758 4469 σου

2163 4462 2171 4469 .
2388 4458 2411 4468 ..
2779 4450 2821 4469 κς
2942 4454 2955 4469 ι
3182 4452 3195 4469 ε
3302 4453 3315 4469 .
3381 4458 3422 4469 τ.
3466 4451 3522 4469 η
3688 4453 3730 4469 ,η

2112 4458 2523 4529 κατηγοροῦσιν.
2558 4456 2727 4527 ’Ἄρας
2776 4450 2832 4507 δὲ
2898 4454 2995 4521 τὴν
3051 4452 3235 4526 φωνὴν
3295 4453 3323 4506 ὁ
3381 4451 3598 4513 Παῦλος
3632 4470 3646 4483 ·
3688 4451 3757 4508 Εἰ

357 4528 536 4574 voce:
580 4515 637 4571 Si
697 4517 867 4573 hodie
915 4538 1088 4592 super
1152 4525 1417 4584 doctrina
1464 4536 1793 4603 convenior,
1856 4541 1992 4597 audi

2123 4547 2208 4620 ,γὼ
2236 4515 2504 4616 σήμερον,
2545 4538 2673 4618 ἔφη,
2705 4540 2829 4616 περί
2878 4538 3113 4615 διδαχῆς
3163 4540 3543 4615 ἀνακρίνομαι,
3574 4540 3755 4595 τᾶκουε

357 4603 495 4673 quid
546 4605 758 4675 dicam,
790 4612 1118 4679 proconsul.
1169 4614 1323 4671 Deus
1371 4619 1583 4689 vivens,
1617 4623 1767 4682 Deus
1818 4629 1997 4686 ultio-

356 4709 520 4760 num,
555 4693 708 4751 Deus
753 4697 975 4754 nullius
1007 4702 1085 4755 rei
1118 4702 1409 4775 indigens,
1443 4709 1542 4765 sed
1573 4714 1756 4770 solam
1800 4719 1993 4774 homi-

359 4798 499 4837 num
525 4789 797 4854 expetens
829 4787 1097 4859 salutem,
1134 4793 1291 4849 misit
1330 4813 1441 4866 me,
1474 4800 1671 4857 Jesum
1696 4804 1990 4863 Christum

355 4870 567 4927 Filium
612 4889 785 4929 suum
834 4876 1217 4937 denuntiare:
1250 4900 1418 4954 quem
1468 4888 1640 4945 etiam
1689 4892 1991 4967 denuntio,

354 4965 505 5016 etut
554 4962 614 5017 in
645 4962 769 5033 ipso
820 4981 980 5037 spem
1041 4967 1291 5028 habeant
1334 4974 1603 5035 homines
1650 4981 1856 5041 doceo:
1892 4962 1995 5057 qui

357 5051 517 5107 solus
576 5053 860 5110 mundum
920 5067 1206 5116 errantem
1258 5067 1705 5127 commiseratus
1763 5079 1873 5140 est,
1921 5091 1991 5131 ne

358 5139 626 5213 deinceps
712 5144 987 5202 simulate
1063 5150 1333 5207 mortales
1395 5157 1606 5228 vivant,
1656 5162 1753 5217 sed
1810 5139 1985 5220 ﬁdem

355 5230 611 5299 teneant,
645 5233 989 5306 animosque
1022 5235 1122 5293 Dei
1162 5241 1372 5297 timore
1412 5254 1766 5321 coercentes,
1798 5254 1986 5323 pravis

356 5317 633 5374 omnibus
665 5324 937 5391 operibus
984 5330 1339 5399 renuntient,
1372 5339 1428 5389 et
1460 5336 1515 5391 in
1550 5338 1819 5408 puritate,
1842 5345 1990 5399 veri-

353 5406 612 5477 tatisque
649 5424 845 5467 amore
874 5414 1085 5470 vivant.
1119 5420 1306 5482 Quare
1348 5422 1393 5476 si
1425 5406 1617 5496 ego,_o
1658 5431 1989 5499 proconsul,

349 5510 416 5548 ea
449 5509 576 5565 quis
611 5496 751 5550 mihi
787 5501 1035 5556 revelata
1068 5522 1101 5559 a
1148 5508 1261 5563 Deo
1294 5518 1449 5579 sunt,
1484 5516 1625 5571 doce
1658 5496 1987 5589 c,quidnam

342 5584 564 5655 injuste
614 5586 798 5644 facere
850 5588 1158 5650 invenior?
1184 5598 1401 5662 Quibus
1430 5602 1526 5660 ille
1560 5584 1800 5678 auditis,
1832 5612 1992 5669 Pau-

2104 4638 2210 4688 τῶν
2262 4632 2409 4706 ἐμῶν
2459 4630 2657 4707 λόγων,
2693 4630 2976 4695 ὀινθύπατε.
3008 4630 3138 4692 Θεὸς
3192 4635 3316 4699 ζῶν,
3361 4630 3491 4693 Θεὸς
3530 4625 3754 4700 ἐκδική-

2104 4744 2262 4792 σεων,
2297 4722 2426 4784 Θεὸς
2478 4717 2804 4794 ἀπροσδεὴς,
2840 4720 3009 4793 μόνης
3051 4716 3108 4772 δὶ
3166 4718 3390 4793 χρῄζων
3451 4718 3751 4791 ἀνθρώπων

2106 4811 2396 4885 σωτηρίας,
2444 4807 2748 4864 ἁπέσταλκέ
2799 4829 2885 4882 με,
2943 4808 3032 4862 τὸν
3086 4807 3248 4863 αὐτοῦ
3291 4804 3461 4862 παῖδα
3516 4808 3752 4883 εὐαγγε-

2105 4900 2342 4970 λίζεσθαι
2402 4901 2612 4968 Ἰησοῦν
2671 4899 2925 4970 Χριστὸν,
2967 4895 3129 4971 ὅνπερ
3188 4894 3255 4965 δή
3314 4897 3403 4951 καὶ
3456 4894 3749 4970 εὐαγγελί-

2105 4996 2291 5062 ζομαι,
2324 4987 2374 5043 ἐν
2432 4986 2618 5059 ἐκείνῳ
2677 4984 2824 5061 ἔχειν
2866 4987 2961 5050 τὰς
3010 4983 3234 5049 ἐλπίδας
3270 4986 3395 5047 τοὺς
3426 4984 3749 5058 ἀνθρώπους

2103 5075 2395 5145 διδᾶσκων,
2435 5078 2492 5138 ὃς
2548 5078 2704 5151 μόνῳ
2745 5076 3077 5145 συνεπάθησε
3115 5073 3461 5147 πλανωμένῳ
3512 5073 3705 5146 κόσμῳ
3731 5092 3745 5104 ’

2097 5166 2189 5222 τίνα
2248 5165 2439 5241 μηκέτι
2492 5165 2566 5228 εἷς
2610 5165 2889 5239 ὑπόκρισιν
2925 5166 3079 5231 ὦσιν,
3114 5163 3257 5220 ἀλλὰ
3312 5166 3495 5218 πίστιν
3549 5159 3745 5238 ἔχωσι,

2100 5258 2191 5312 καὶ
2224 5253 2382 5331 φόϐῳ
2428 5260 2563 5311 Θεοῦ
2594 5255 2952 5330 συνεχόμενοι
2981 5254 3074 5318 τὰς
3119 5251 3363 5329 καρδίας,
3396 5258 3557 5307 πᾶσιν
3614 5252 3750 5308 ἀπο-

2099 5346 2359 5417 τάξωνται
2426 5348 2687 5419 πονηροῖς
2753 5338 2953 5418 ἔργοις,
3012 5344 3104 5396 καὶ
3162 5341 3216 5396 ἐν
3278 5339 3457 5417 ἁγνείᾳ
3516 5342 3745 5412 ξήσωσι,

2100 5434 2187 5489 καὶ
2240 5434 2420 5509 ἀγάπῃ
2476 5436 2575 5506 τῇς
2633 5430 2912 5502 ἀληθείας.
2943 5430 3003 5487 Et
3064 5431 3154 5485 οῦν
3205 5430 3331 5506 ἐγὼ,
3362 5428 3649 5499 ἆνθύπατε,
3682 5429 3750 5483 τὰ

2100 5522 2247 5597 παρὰ
2310 5526 2404 5578 τοῦ
2457 5524 2591 5577 Θεοῦ
2673 5541 2767 5594 μοι
2826 5519 3321 5594 ἀποκεκαλυμμένα
3378 5515 3636 5588 διδάσκω,
3693 5521 3748 5573 τί

2100 5633 2232 5669 ποτε
2285 5609 2470 5670 ἄδικον
2516 5611 2837 5687 εὑρίσκομαι
2894 5606 3067 5687 δρῶν;
3109 5613 3288 5668 Ταῦτα
3329 5609 3531 5671 ἐκεῖνος
3574 5605 3743 5662 ἂκού-
