4094 6230
320 337 436 399 829

1559 333 2037 395 MARTYRIUM
2082 333 2146 395 S.
2193 330 2545 393 THECLE.

3594 315 3714 380 830

307 517 425 565 σας,
456 492 666 549 κελεύει
699 490 917 562 δεθῆναι
973 494 1065 548 τὸν
1124 491 1363 562 Παῦλον,
1402 491 1493 548 καὶ
1534 494 1679 548 οὕτω
1728 499 1795 567 τῇ
1857 516 1951 571 φυ.

2076 497 2193 551 lum
2226 493 2431 548 vinciri
2476 496 2533 546 et
2575 489 2635 544 in
2684 503 2975 544 carcerem
3026 484 3177 539 tradi
3211 482 3479 553 imperat,
3518 479 3709 551 quoad

308 585 453 657 λοικῇ
515 581 763 652 δοθῆναι,
793 580 897 645 ἕως
956 582 1015 636 ἂν
1074 581 1229 637 αύτὸν
1285 581 1419 636 κατὰ
1478 582 1694 658 σχολὴν
1736 583 1955 657 γένηται

306 674 374 730 τὰ
404 674 607 729 ἐκείνου
639 678 893 743 ζητῆσαι.

380 766 445 827 ς’.
474 764 540 819 Ἡ
584 762 761 817 Θέκλα
812 760 869 816 δὲ
918 766 1084 817 ταῦτα
1146 760 1649 836 μαθοῦσα,σπουδῇ
1707 761 1956 836 περιελοο

310 854 469 927 μένη,
528 851 659 927 ὅπερ
734 854 799 921 ἦν
864 852 999 926 αὐτῇ
1067 851 1260 907 ἐνώτιά
1332 872 1390 907 τε
1446 854 1536 907 καὶ
1585 850 1958 926 περιδὲῥραια,

306 944 399 999 καὶ
448 942 726 1016 ὁρμίσκοι,
788 948 997 1017 χρυσοῦ
1046 942 1533 1014 κατεσκευασμένα,
1580 947 1659 1013 τῷ
1716 942 1959 1015 πυλωρῷ

309 1041 409 1102 τῆς
444 1030 618 1093 οἰκίας
650 1028 838 1086 δίδωσι
874 1051 886 1063 ·
939 1030 1027 1085 καὶ
1087 1030 1261 1094 οὕτως
1301 1031 1582 1085 ἀκώλυτον
1617 1035 1828 1106 σχοῦσα
1858 1032 1957 1099 τὴν

309 1118 520 1192 ἔξοδον,
580 1121 683 1175 ὑπὸ
742 1121 907 1175 νύκτα
956 1120 1089 1194 πρὸς
1145 1121 1243 1187 τὴν
1314 1120 1561 1199 φυλακὴν
1634 1121 1956 1197 ἀφικνεῖται.

310 1209 440 1263 Εἶτα
492 1208 626 1283 πρὸς
678 1210 775 1261 τοῦ
860 1203 1275 1283 δεσμοφύΛακος
1362 1208 1654 1283 κατόπτρῳ
1740 1208 1958 1281 ἀργυρῷ

309 1296 475 1352 πάλιν
502 1297 600 1365 τήν
635 1292 845 1350 εἷ’σοδον
888 1296 1189 1370 πριαμένη,
1222 1295 1410 1350 εἷ’σεισι
1467 1297 1604 1371 πρὸς
1660 1298 1752 1351 τὸν
1815 1301 1956 1350 Παῦ-

311 1386 429 1453 λον,
464 1384 553 1440 καὶ
610 1386 879 1439 καθίσασα
908 1385 1053 1461 παρὰ
1099 1386 1225 1445 τοὺς
1285 1385 1451 1439 αὐτοῦ
1510 1382 1701 1453 πόδας,
1731 1382 1958 1457 ἕτοιμον

307 1474 476 1545 ἀκοὴν
508 1474 697 1550 λόγοις
727 1472 933 1539 ἐδίδου,
966 1474 1161 1549 κηρίου
1192 1476 1391 1536 παντὸς
1425 1474 1513 1529 καὶ
1566 1473 1787 1547 μέλιτος
1832 1471 1959 1543 ἡδυ-

305 1566 506 1639 τέροις,
538 1564 627 1619 καὶ
680 1560 802 1619 οὔτε
855 1569 933 1635 τῷ
991 1562 1193 1637 Παύλῳ
1253 1562 1373 1624 δέος
1413 1566 1477 1635 ἦν
1506 1568 1604 1620 τοῦ
1636 1570 1822 1627 παθεῖν
1872 1584 1962 1618 κα-

307 1660 418 1718 κῶς
454 1673 466 1685 ·
529 1652 740 1724 ἐκείνης
809 1674 867 1709 τε
922 1656 955 1723 ἡ
1014 1653 1193 1715 πίστις

308 1746 473 1799 αὐτοῦ
530 1745 597 1799 τὰ
655 1741 847 1816 δεσμά.
905 1740 1126 1812 Ἐπειδὴ
1186 1740 1241 1798 δὲ
1317 1745 1431 1817 ἅμα
1510 1744 1659 1818 πρωϊ
1712 1742 1959 1812 ἐζητεῖτο

1278 1651 1492 1724 ηὔξανε,
1551 1650 1958 1727 καταφιλούσης

2069 586 2252 641 otium
2298 582 2410 654 ipsi
2466 586 2639 648 esset,
2675 580 2743 634 de
2775 577 2934 633 hisce
2990 575 3061 629 ad
3093 573 3260 627 illum
3306 570 3707 643 spectantibus

2069 677 2328 747 amplius
2355 670 2714 744 inquirendi.

2143 767 2228 822 VI.
2294 765 2512 829 Quibus
2563 760 2887 826 intellectis,
2937 754 3149 811 Thecla
3224 750 3447 822 ingenti
3515 749 3707 803 studio

2069 855 2333 923 incitata,
2375 869 2521 923 quas
2564 850 2815 905 habebat
2853 847 3085 900 inaures
3128 848 3184 897 et
3224 840 3481 906 collaria,
3516 854 3711 909 parva-

2069 962 2182 1016 que
2208 944 2446 1000 monilia
2476 959 2541 997 ex
2591 955 2729 995 auro
2760 938 3041 999 confecta,
3070 931 3308 1005 janitori
3348 930 3558 983 domus
3591 943 3709 981 suae

2070 1036 2222 1090 dono
2280 1033 2400 1099 dat,
2460 1036 2635 1102 atque
2693 1028 2771 1082 ita
2830 1026 3076 1081 liberum
3121 1022 3335 1078 exitum
3396 1022 3584 1085 nacta,
3646 1017 3714 1071 de

2071 1129 2238 1180 nocte
2295 1122 2365 1177 ad
2421 1134 2710 1176 carcerem
2770 1116 2988 1172 accedit
3074 1128 3086 1167 :
3166 1111 3257 1165 ubi
3319 1127 3353 1164 a
3418 1107 3708 1180 praefecto,

2070 1219 2343 1287 argenteo
2375 1227 2576 1267 rursus
2615 1207 2849 1280 speculo
2904 1205 3123 1260 aditum
3172 1203 3580 1266 commercata,
3643 1196 3711 1250 ad

2070 1284 2314 1360 Paulum
2340 1298 2665 1373 ingreditur
2696 1315 2708 1352 :
2748 1297 2819 1351 ad
2851 1295 3020 1364 cujus
3056 1292 3228 1363 pedes
3261 1288 3491 1353 sedens,
3522 1284 3715 1340 verbis

2071 1397 2195 1464 ejus
2224 1392 2379 1448 omni
2418 1392 2546 1445 favo
2578 1393 2635 1443 et
2668 1386 2834 1443 melle
2865 1382 3221 1440 dulcioribus
3254 1382 3503 1434 attentas
3544 1389 3715 1431 aures

2074 1485 2382 1556 prazbebat.
2416 1481 2613 1551 Neque
2652 1477 2827 1532 Paulo
2876 1475 3095 1529 interea
3126 1477 3314 1525 metus
3350 1472 3473 1522 erat
3510 1464 3717 1519 durius

2072 1555 2286 1642 aliquid
2351 1567 2732 1642 perpetiendi,
2767 1570 2822 1620 et
2862 1564 3037 1631 hujus
3071 1562 3234 1627 ﬁdes,
3295 1555 3526 1612 vincula
3575 1569 3715 1624 quo-

2071 1680 2183 1734 que
2214 1662 2341 1731 ejus
2369 1655 2775 1719 exosculantis,
2813 1652 2999 1723 magis
3033 1648 3337 1719 magisque
3375 1643 3718 1715 augebatur.

2070 1730 2215 1807 Cum
2246 1730 2461 1805 fantem
2506 1745 2684 1802 simul
2742 1761 2805 1798 ac
2860 1742 2983 1812 jam
3025 1737 3357 1802 diluxisset,
3388 1752 3422 1789 a
3478 1730 3716 1788 famulis

309 1833 487 1889 Θέκλα
545 1832 649 1888 ὑπὸ
704 1836 811 1887 τῶν
868 1831 1081 1887 οἲκείων
1109 1853 1167 1887 τε
1196 1832 1285 1887 καὶ
1327 1830 1660 1907 Θαμύριδος,
1693 1833 1784 1887 ἅτε
1822 1832 1959 1887 ἀπο-

309 1923 330 1941 ‘
436 1925 446 1941 ο
643 1924 656 1941 1
819 1924 833 1941 \
934 1926 947 1941 \
1053 1923 1105 1941 QN
1146 1926 1156 1940 1
1265 1922 1313 1941 ’ἢ
1365 1925 1376 1941 Ι
1647 1925 1657 1941 1
1890 1927 1915 1938 ~

2076 1838 2411 1896 domesticis
2470 1847 2522 1893 et
2580 1831 2932 1905 Thamyride
2978 1827 3211 1893 Thecla,
3244 1831 3528 1895 tanquam
3587 1837 3720 1893 per-

308 1923 538 1997 λομένη,
568 1924 659 1979 καὶ
707 1924 843 1979 κατὰ
890 1926 984 1987 τὰς
1045 1923 1202 1986 ὁδοὺς
1260 1922 1537 1995 ἐδιώκετο,
1569 1925 1657 1978 καί
1714 1946 1795 1985 τις
1849 1927 1956 1978 τῶν

310 2012 637 2087 ὁμοδούλων
665 2018 761 2069 τοῦ
802 2013 1065 2088 πυλωροῦ
1094 2016 1156 2068 τὸ
1201 2014 1421 2091 γεγονὸς
1472 2014 1689 2087 μηνύει,
1723 2014 1805 2068 ὅτι
1859 2016 1959 2068 νύ-

305 2121 454 2177 κτωρ
512 2103 741 2175 ἐξέλθοι,
769 2104 861 2158 καὶ
918 2104 945 2157 6
1000 2100 1282 2179 πυλωρὸς,
1330 2103 1613 2174 ἐξετάσεως
1700 2104 1956 2181 ἀνάγκαις

305 2192 655 2268 παραδοθεὶς.
690 2192 904 2269 εἷ’ρηκεν
959 2190 1042 2249 ὅτι
1092 2194 1227 2270 πρὸς
1265 2195 1356 2249 τὸν
1408 2194 1552 2264 ξένον
1599 2192 1803 2251 ἐκεῖνον
1858 2194 1958 2251 ἀπ-

309 2281 485 2355 έλθοι,
526 2284 617 2339 τὸν
674 2282 725 2338 ἐν
784 2288 1050 2362 φυλακαῖς
1103 2282 1464 2359 τηρούμενον,
1522 2283 1741 2339 ἀπίασιν
1798 2284 1955 2349 εὐθὺς

308 2372 385 2437 εἷς
437 2374 500 2428 τὸ
546 2368 948 2448 δεσμωτήριον,
992 2373 1082 2427 καὶ
1132 2372 1439 2447 εὑρίσκουσι
1497 2373 1697 2444 ταύτην
1756 2373 1956 2449 τρόπον

304 2464 429 2518 τινὰ
485 2460 709 2537 δεσμοῖς
750 2462 926 2518 πόθου
982 2463 1062 2535 τῷ
1120 2463 1325 2536 Παύλῳ
1382 2460 1791 2537 συνδεδεμένην.
1852 2462 1955 2520 Καὶ

311 2551 482 2627 μηδὲν
539 2553 736 2608 τούτου
794 2551 961 2608 πλέον
1021 2552 1285 2623 εἰπόντες,
1338 2553 1373 2623 ἢ
1425 2551 1732 2629 δράσαντες,
1786 2551 1952 2622 ἐξίασι

306 2642 473 2699 πάλιν
498 2662 509 2674 ’
546 2642 661 2697 εἶτα
689 2646 814 2705 τοὺς
844 2638 1054 2718 ὄχλους
1104 2642 1555 2717 ἐπισπασάμενοι,
1590 2640 1762 2712 δῆλον
1791 2646 1954 2698 τοῦτο

304 2737 386 2805 τῷ
441 2732 671 2807 ἡγεμόνι
728 2737 975 2803 ποιοῦσι,
1032 2734 1122 2788 καὶ
1179 2735 1236 2795 ὃς
1285 2732 1373 2789 ἐπὶ
1428 2736 1489 2789 τὸ
1544 2734 1697 2808 βῆμα
1744 2732 1953 2790 κελεύει

304 2824 397 2879 τὸν
429 2821 645 2879 Παῦλον
674 2820 917 2898 ἄγεσθαι.
950 2824 1011 2880 Ἡ
1062 2821 1239 2879 Θέκλα
1294 2821 1370 2895 δὲ,
1406 2824 1481 2885 ὡς
1538 2821 1954 2903 ἀπολειφθεῖσα,

306 2914 572 2969 πενθοῦσα
600 2916 689 2983 ἦν,
720 2914 809 2967 καὶ
859 2913 993 2986 πρὸς
1037 2917 1118 2986 τῷ
1163 2913 1317 2986 τόπῳ
1359 2912 1690 2988 κυλιομενη,
1721 2912 1772 2969 ἐν
1829 2914 1874 2987 ᾦ
1923 2916 1951 2970 6

311 3002 528 3066 Παῦλος
583 3006 891 3077 καθήμενος
950 3001 1187 3059 ἐποιεῖτο
1247 3005 1346 3074 τήν
1404 3001 1663 3080 διδαχήν.
1723 3007 1953 3061 Ἔπειτα

309 3094 667 3155 κελεύσαντος
718 3096 814 3148 τοῦ
868 3093 1141 3170 ἡγεμόνος
1198 3092 1288 3147 καὶ
1337 3091 1502 3163 αὐτὴν
1555 3093 1819 3173 ἀχθῆναι,
1852 3095 1955 3150 ούκ

312 3177 617 3255 ἀπέϐλεψεν
679 3183 712 3250 ἡ
764 3177 1021 3253 ἀοίδιμος
1079 3180 1216 3254 πρὸς
1273 3181 1374 3250 τὴν
1434 3180 1616 3255 φύσιν,
1674 3180 1756 3237 ὅτι
1814 3186 1952 3259 γυνὴ

2072 1931 2210 1996 dita,
2248 1945 2349 2001 per
2397 1928 2516 1982 vias
2557 1928 2932 1996 quareretur,
2968 1919 3323 1991 quidamque
3372 1928 3440 1967 ex
3484 1925 3721 1967 conser-

2072 2022 2157 2075 vis
2202 2018 2475 2090 janitoris
2524 2018 2739 2071 factum
2790 2011 3094 2074 indicaret,
3129 2006 3281 2078 quod
3313 2002 3413 2058 illa
3453 2002 3523 2057 de
3558 2002 3722 2055 nocte

2070 2110 2360 2174 exivisset,
2423 2108 2644 2179 janitor
2701 2100 3003 2175 quaestioni
3057 2096 3329 2162 traditus,
3381 2092 3455 2148 ad
3517 2105 3715 2147 senem

2070 2198 2259 2265 illum,
2312 2200 2408 2270 qui
2468 2198 2527 2251 in
2585 2210 2813 2251 carcere
2857 2188 3232 2252 attinebatur,
3283 2181 3498 2238 adiisse
3552 2178 3715 2234 dixit.

2070 2290 2157 2347 Illi
2234 2289 2503 2361 protinus
2562 2287 2633 2342 ad
2696 2297 2987 2340 carcerem
3048 2278 3354 2342 abeuntes,
3414 2270 3721 2327 inveniunt

2067 2356 2539 2434 illam—desiderii
2584 2372 2831 2429 vinculis
2880 2366 3056 2424 Paulo
3088 2359 3512 2435 quodammodo
3552 2356 3720 2413 colli-

2066 2474 2286 2541 gatam,
2321 2466 2586 2537 nihilque
2626 2470 2751 2520 tum
2785 2459 3039 2531 amplius
3080 2457 3339 2512 dicentes
3370 2459 3469 2507 aut
3500 2450 3713 2506 facien-

2068 2566 2172 2626 tes,
2207 2573 2439 2613 rursum
2471 2558 2705 2620 exeunt,
2737 2556 2793 2606 et
2835 2546 3208 2604 multitudine
3239 2543 3310 2598 ad
3352 2557 3413 2597 se
3444 2541 3709 2606 attracta,

2069 2664 2190 2703 rem
2224 2651 2404 2702 totam
2440 2642 2667 2715 praesidi
2694 2640 2954 2695 indicant
2988 2634 3125 2707 :qui
3159 2630 3403 2688 Paulum
3426 2630 3494 2684 ad
3530 2627 3713 2683 tribu-

2069 2736 2163 2793 nal
2205 2735 2297 2807 agi
2341 2735 2533 2805 jubet.
2583 2729 2797 2787 Thecla
2839 2728 3071 2783 interim
3106 2731 3374 2790 tanquam
3416 2715 3715 2782 derelicta,

2066 2827 2126 2881 in
2187 2839 2429 2879 maerore
2482 2838 2633 2886 esse,
2672 2824 2729 2875 et
2788 2818 2847 2873 in
2890 2817 3035 2880 loco,
3085 2812 3184 2868 ubi
3234 2806 3452 2865 Paulus
3502 2805 3713 2862 sedens

2068 2917 2363 2983 docuerat,
2412 2910 2681 2969 volutari.
2715 2908 2931 2965 Deinde
2962 2920 3095 2960 cum
3136 2915 3344 2972 praeses
3384 2895 3541 2953 illam
3572 2909 3715 2966 quo-

2068 3022 2181 3078 que
2237 3003 2449 3059 adduci
2507 3002 2811 3073 jussisset,
2869 3012 2983 3052 non
3053 2991 3297 3065 aspexit,
3338 2986 3715 3044 celeberrima

2068 3074 2189 3152 hac
2229 3094 2413 3165 virgo,
2448 3092 2519 3148 ad
2572 3096 2863 3158 naturam,
2912 3085 3066 3158 quod
3110 3082 3325 3139 femina
3366 3081 3520 3136 esset
3564 3094 3577 3133 :
3612 3074 3712 3131 sed

2068 3185 2177 3240 hoc
2232 3184 2425 3254 ipsum
2468 3182 2621 3254 quod
2665 3195 2798 3235 cum
2845 3175 3044 3243 Paulo,
3093 3171 3182 3227 vel
3232 3170 3425 3242 potius
3488 3168 3721 3254 propter

315 3272 383 3340 ἦν
416 3288 431 3305 ο
464 3253 591 3327 ἀλλ’
621 3270 752 3327 αὐτὸ
802 3272 864 3325 τὸ
916 3272 1051 3344 μετά
1091 3253 1333 3340 Παύλου,
1365 3272 1399 3341 ἢ
1438 3253 1651 3343 μᾶλλον
1685 3269 1773 3326 διὰ
1828 3253 1961 3329 Παῦ-

2076 3253 2345 3340 Paulurm,
2402 3253 2600 3344 poenas
2649 3274 2800 3325 esset
2856 3267 3084 3331 datura,
3120 3266 3183 3318 ut
3232 3261 3290 3315 in
3341 3275 3401 3314 re
3452 3253 3724 3329 praclara

318 3360 438 3429 λον,
466 3360 923 3430 κολασθήσεσθαι,
956 3356 1176 3427 πολλὴν
1209 3358 1345 3433 αὐτῇ
1378 3356 1558 3414 ἐδίδου
1608 3361 1706 3429 τὴν
1756 3358 1962 3430 ἡδονὴν

316 3450 407 3504 καὶ
463 3451 565 3519 τὴν
624 3446 886 3505 εὔκλειαν.
944 3449 1004 3507 Ὀ
1058 3447 1241 3522 μέντοι
1297 3444 1496 3523 ὄχλος,
1560 3451 1965 3529 προσαχθέντος

316 3538 483 3594 πάλιν
540 3542 637 3594 τοῦ
660 3538 902 3610 Παύλου,
933 3537 1146 3593 πλείονι
1201 3536 1505 3614 ἐκέχρηντο
1535 3545 1604 3615 τῇ
1641 3541 1749 3615 βοῇ
1774 3546 1790 3572 ⁴
1823 3541 1963 3611 Γόης

317 3628 452 3700 ἐστὶ,
486 3627 759 3704 λέγοντες,
790 3626 912 3705 ἔρῥε
959 3632 1169 3684 τοῦτον.
1223 3626 1380 3698 Ηλήν
1437 3628 1498 3683 ού
1567 3627 1768 3703 ῥᾳδίως
1819 3626 1965 3685 ἕπει-

316 3720 406 3773 θον
453 3736 466 3749 ·
526 3718 814 3790 ἀνθυπάτῳ
852 3718 955 3793 γὰρ
1014 3715 1453 3788 ἐσπουδάσθησαν
1490 3719 1541 3773 οἱ
1596 3723 1693 3774 τοῦ
1747 3718 1964 3775 Παύλου

317 3806 501 3882 λόγοι,
558 3808 647 3861 καὶ
706 3804 882 3876 ἡδέως
949 3806 1117 3863 ἀύτοῦ
1190 3808 1409 3878 ἤκουεν,
1467 3806 1547 3883 ἐφ’
1609 3808 1689 3872 οἷς
1737 3808 1963 3881 ὡμίλει,

314 3898 436 3969 περὶ
495 3901 603 3952 τῶν
669 3895 833 3951 ὁσίων
902 3901 1002 3952 τοῦ
1067 3897 1306 3973 Χριστοῦ
1360 3892 1552 3973 ἔργων.
1614 3897 1857 3960 Καλέσας
1911 3895 1967 3952 δὲ

311 3986 412 4055 τήν
493 3984 718 4055 Θέκλαν,
769 3985 865 4040 Διᾶ
948 3985 1024 4055 τί,
1075 3983 1377 4061 ἔλεγεν,ού
1453 3990 1607 4061 γαμῇ
1692 3984 1966 4062 Θαμύριδι

313 4074 452 4131 κατὰ
536 4075 625 4130 τὸν
687 4074 953 4131 Ἰκονιὲων
1032 4076 1242 4149 νόμον;
1303 4074 1479 4131 Θέκλα
1547 4072 1604 4130 δὲ
1662 4076 1964 4139 ἀνθύπατον

320 4164 414 4237 μὲν
502 4164 689 4225 αὐτοῖς
777 4162 1006 4239 ῥήμασι,
1064 4164 1155 4219 καὶ
1237 4169 1318 4237 τῷ
1394 4171 1496 4235 τῆς
1553 4165 1733 4241 ἀρχῆς
1793 4164 1966 4243 ὄγκῳ,

320 4254 514 4329 μικρὸν
572 4252 730 4308 ἐτίθει
789 4253 878 4308 καὶ
918 4255 979 4308 τὸ
1029 4255 1199 4331 τυχόν
1236 4270 1249 4285 ’
1301 4254 1422 4318 ὅθεν
1473 4252 1598 4310 οὐδὲ
1646 4254 1966 4328 ἀπεκρίνατό

316 4365 370 4399 τι
401 4344 539 4419 πρὸς
570 4343 729 4398 αὐτὸν
761 4344 1079 4419 τοπαράπαν
1114 4364 1126 4376 ·
1182 4344 1397 4400 Παῦλον
1448 4340 1505 4400 δὲ
1533 4349 1596 4414 ἦν
1644 4346 1793 4407 ὅλως
1839 4345 1965 4401 ἀτε-

314 4437 420 4494 νῶς
474 4433 772 4507 βλέπουσα,
808 4430 990 4508 ὥσπερ
1020 4432 1081 4487 ἐκ
1132 4434 1327 4489 τούτου
1390 4436 1577 4508 μόνου,
1609 4440 1704 4491 τοῦ
1763 4434 1967 4489 ἐκεῖνον

320 4524 472 4597 ὁρᾷν,
495 4523 556 4577 τὸ
589 4522 835 4577 ἀναπνεῖν
868 4519 1076 4597 ἔχουσα
1107 4524 1194 4577 καὶ
1236 4524 1298 4578 τὸ
1348 4528 1468 4598 ζῇν.
1502 4524 1762 4579 Θεοκλεία
1820 4522 1875 4579 δὲ
1931 4525 1965 4593 ἡ

2075 3379 2345 3435 magnam
2379 3361 2463 3415 illi
2491 3360 2672 3415 animi
2693 3356 3052 3413 alacritatem
3088 3350 3360 3409 addebat.
3385 3346 3584 3403 Turba
3614 3360 3718 3400 au-

2072 3434 2213 3521 tem,
2248 3465 2483 3505 rursum
2520 3448 2801 3519 producto
2836 3444 3028 3510 Paulo,
3061 3456 3275 3512 magna
3311 3434 3719 3492 vociferatione

2073 3559 2199 3608 usa,
2235 3538 2634 3610 Praestigiator
2686 3540 2794 3596 est.
2840 3532 3135 3604 inquiunt,
3183 3530 3397 3601 pereat.
3438 3529 3717 3580 Caeterum

2075 3648 2190 3686 non
2242 3629 2409 3685 facile
2462 3627 2617 3699 quod
2678 3624 2971 3687 volebant,
3032 3616 3365 3692 proconsuli
3416 3628 3721 3686 persuase-

2075 3724 2232 3789 runt,
2284 3718 2374 3773 cui
2434 3715 2594 3771 Pauli
2654 3730 2844 3770 sermo
2877 3729 3008 3767 cum
3057 3709 3249 3765 studio
3298 3704 3715 3775 accipiebatur,

2074 3811 2435 3880 libenterque
2493 3805 2785 3870 audiebat,
2828 3819 2957 3874 quae
2998 3800 3095 3855 ille
3139 3799 3209 3853 de
3258 3795 3438 3851 sacris
3490 3794 3663 3848 rebus
3693 3807 3726 3845 a

2075 3899 2306 3957 Christo
2338 3897 2517 3969 gestis
2561 3893 2794 3967 publice
2835 3890 3174 3947 disserebat.
3211 3887 3498 3941 Advocata
3530 3884 3724 3937 autem

2076 3987 2306 4057 Thecla,
2342 3988 2477 4054 Cur,
2512 3984 2723 4057 inquit.
2756 3978 3093 4051 Thamyridi
3128 3978 3296 4050 juxta
3328 3970 3720 4030 lconiensium

2075 4077 2261 4148 legem
2302 4092 2415 4132 non
2469 4073 2687 4131 nubis?
2717 4070 2929 4128 Thecla
2959 4085 3091 4126 vero
3130 4062 3535 4139 proconsulem
3587 4074 3721 4116 cum

2076 4167 2200 4223 suis
2232 4166 2364 4222 istis
2394 4165 2608 4231 verbis,
2642 4162 2889 4233 ipsoque
2929 4160 3072 4213 adeo
3120 4155 3501 4227 magistratus
3542 4150 3717 4216 fastu,

2078 4274 2180 4329 pro
2218 4273 2392 4327 parvo
2432 4270 2572 4310 sane
2611 4268 2677 4309 ac
2706 4250 2805 4306 vili
2838 4249 3088 4305 habebat
3119 4263 3133 4302 :
3168 4247 3246 4300 ita
3278 4249 3339 4300 ut
3368 4258 3441 4299 ne
3477 4239 3719 4297 verbum

2076 4347 2314 4419 quidem
2348 4345 2431 4399 illi
2484 4342 2879 4413 responderet,
2912 4339 2982 4393 ad
3034 4335 3281 4392 Paulum
3325 4331 3723 4389 indesinenter

2076 4437 2315 4493 omnino
2347 4434 2599 4499 intuens,
2626 4441 2900 4501 tanquam
2926 4428 2972 4484 si
3006 4444 3075 4483 ex
3099 4424 3219 4481 solo
3250 4424 3378 4493 ejus
3407 4421 3724 4491 conspectu

2079 4526 2393 4597 respiraret
2448 4540 2511 4579 ac
2565 4522 2797 4577 viveret.
2831 4522 2966 4586 Quae
3024 4519 3163 4573 dum
3210 4511 3498 4570 Theoclea
3542 4513 3728 4565 mater

324 4615 519 4711 μητηρ
566 4612 731 4681 αὐτῆς
791 4613 973 4687 ὁρῶσα
1030 4616 1219 4684 ταῦτα,
1268 4612 1359 4668 καὶ
1415 4618 1495 4685 τῷ
1552 4618 1766 4687 θυμικῷ
1813 4615 1961 4686 σάλῳ

2079 4618 2207 4688 ejus
2246 4616 2421 4680 videt,
2454 4613 2769 4669 iracundiae
2801 4614 2941 4665 testu
2980 4608 3057 4663 ita
3104 4606 3342 4678 agitata,
3375 4606 3441 4657 ut
3482 4604 3723 4655 matrem

318 4703 409 4757 καὶ
459 4702 627 4757 αὐτοῦ
681 4706 777 4757 τοῦ
834 4702 973 4757 εἶναι
1044 4704 1231 4777 μήτηρ
1291 4702 1649 4777 ἐκλαθομένη.
1703 4701 1967 4758 Κατᾶκαιε

318 4792 411 4846 τὸν
472 4788 694 4863 ἄνομον,
738 4787 910 4868 ἔλεγε,
943 4791 1200 4847 κατάκαιε
1254 4793 1345 4848 τὸν
1405 4790 1669 4869 όίνυμερον,
1703 4792 1753 4848 ὲν
1818 4794 1965 4866 μέσῳ

319 4887 420 4938 τοῦ
452 4880 668 4939 σταδίου
699 4884 788 4938 καὶ
817 4887 913 4938 τοῦ
945 4882 1189 4959 θεάτρου.

396 4974 465 5030 Ζ’.
492 4974 724 5029 Ἔπαθεν
756 4972 847 5029 οῦν
878 4976 976 5043 τὴν
1020 4976 1205 5053 ψυχὴν
1258 4975 1347 5030 καὶ
1384 4976 1411 5029 6
1441 4976 1665 5049 ἡγεμὼν
1700 4974 1967 5044 ἐκτόπως,

324 5060 551 5123 καὶτοῖς
601 5061 753 5125 ὅλοις
814 5062 1244 5138 ἀπορηθεὶς,τὸν
1305 5063 1397 5135 μὲν
1454 5063 1669 5118 Παῦλον
1726 5064 1968 5141 φλαγελ-

324 5152 528 5222 λώσας,
563 5146 819 5206 ἐκϐάλλει
882 5159 982 5221 τῆς
1039 5151 1530 5214 πόλεως·Θὲκλαν
1590 5150 1646 5207 δὲ
1704 5154 1969 5227 πυρίκαυ-

324 5262 446 5295 στον
532 5238 772 5316 γενεσθαι
858 5239 1227 5311 καταδικάζει.
1312 5242 1487 5303 Δύτὸς
1578 5240 1635 5296 δῖε
1716 5243 1967 5305 ἀναστὰς.

324 5328 581 5405 ἠπείγετο
610 5330 745 5405 πρὸς
777 5331 839 5385 τὸ
871 5330 1117 5405 θέατρον,
1162 5333 1247 5386 καὶ
1310 5337 1411 5394 πᾶς
1470 5329 1527 5386 δὶ
1584 5333 1610 5386 ὁ
1671 5328 1845 5408 ὄχλος
1882 5331 1970 5387 ἐπὶ

322 5419 423 5485 τήν
474 5418 593 5473 θέαν
650 5419 850 5489 ταύτην
909 5420 1072 5493 ἐξῄει.
1105 5422 1167 5479 Ἦ
1200 5420 1373 5478 Θέκλα
1428 5424 1612 5494 μέντοι
1670 5422 1742 5484 ὡς
1802 5420 1971 5495 ἀμνὸς

324 5507 377 5562 ἐν
434 5505 628 5581 ἐρήμῳ
685 5509 778 5563 τὸν
836 5510 1092 5583 ποιμένα,
1126 5511 1301 5575 οὕτως
1356 5510 1489 5580 αύτή
1535 5509 1749 5565 Παῦλον
1808 5531 1971 5587 περι-

328 5600 605 5651 σκοποῦσα
658 5600 723 5666 ἦν
758 5616 771 5629 ⁸
831 5599 921 5653 καὶ
980 5599 1120 5654 οὕτω
1178 5596 1582 5674 περιϐλεπούσῃ
1638 5599 1971 5679 ἐπιφαίνεται

329 5687 637 5759 καθήμενος
703 5688 731 5743 ὁ
790 5690 1044 5765 Χριστὸς,
1105 5689 1317 5747 Παῦλον
1406 5689 1852 5767 ὑποκρινάμενος.
1910 5692 1971 5748 Ἦ

2078 4706 2317 4762 omnino
2341 4720 2403 4759 se
2427 4720 2552 4759 esse
2576 4702 3041 4764 oblivisceretur,
3065 4700 3197 4763 Ure,
3214 4689 3721 4764 inquit,exlegem,

2080 4812 2183 4852 ure
2222 4794 2475 4866 conjugii
2509 4794 2729 4848 hostem
2760 4790 2817 4845 in
2854 4788 3041 4844 medio
3074 4785 3233 4853 circi,
3266 4784 3383 4839 sive
3414 4777 3647 4835 theatri.

2151 4975 2274 5031 VII.
2318 4977 2536 5029 Praeses
2571 4971 2805 5027 interim
2838 4986 3013 5041 supra
3073 4967 3312 5023 modum
3358 4961 3555 5019 animo
3606 4966 3723 5014 tur-

2081 5065 2273 5129 batus,
2308 5068 2362 5119 et
2412 5060 2640 5119 consilii
2668 5061 2859 5132 inops,
2887 5057 3129 5114 Paulum
3168 5052 3524 5126 ﬂagellatum
3586 5046 3731 5104 urbe

2082 5153 2262 5224 ejicit,
2320 5151 2590 5207 Theclam
2652 5167 2785 5207 vero
2843 5148 2963 5221 igni
3030 5144 3384 5202 exurendam
3456 5139 3726 5196 condem-

2083 5248 2186 5299 nat
2238 5258 2250 5298 :
2297 5258 2659 5313 surgensque
2690 5240 2749 5295 in
2783 5242 3102 5302 theatrum,
3135 5251 3254 5290 una
3283 5248 3418 5289 cum
3465 5233 3583 5286 tota
3620 5225 3725 5283 illa

2084 5330 2482 5397 multitudine,
2531 5330 2604 5386 ad
2662 5329 2773 5386 tale
2821 5325 3220 5401 spectaculum
3271 5321 3520 5380 festinus
3579 5318 3719 5375 exit.

2085 5419 2322 5476 Interim
2354 5423 2429 5483 ut,
2464 5436 2650 5489 agnus
2676 5419 2735 5474 in
2793 5419 2919 5475 loco
2950 5419 3173 5473 deserto
3219 5414 3289 5469 ad
3321 5426 3496 5468 suum
3529 5413 3725 5482 pasto-

2083 5530 2229 5581 rem,
2262 5512 2345 5567 ita
2377 5508 2588 5568 Thecla
2636 5510 2706 5565 ad
2742 5507 2989 5564 Paulum
3034 5502 3433 5577 aspiciendam
3465 5499 3723 5556 circum-

2084 5622 2308 5678 quaque
2356 5604 2552 5661 oculos
2600 5600 2869 5658 intendit.
2905 5599 3062 5664 Quod
3095 5598 3234 5653 dum
3274 5594 3432 5662 facit,
3464 5590 3725 5647 Christus

2085 5694 2249 5752 Pauli
2298 5695 2484 5753 forma
2537 5690 2883 5760 assimilata,
2941 5688 3152 5747 sedens
3214 5685 3404 5743 eidem
3462 5681 3723 5755 apparet.
