4144 6184
337 318 454 381 833

1576 306 2059 371 MABTYRIUM
2105 310 2168 371 S.
2214 307 2566 371 THECL/E.

3623 319 3741 382 834

335 482 536 557 κόμην,
567 481 658 538 καὶ
712 482 774 538 τό
832 485 1029 555 σχῆμα
1077 474 1354 549 ἀμείψασα
1408 471 1694 546 πρόθυμος
1778 464 1979 543 ἕψομαι

2109 486 2445 543 quocunque
2478 470 2635 534 ieris,
2680 472 3021 529 comitabor.
3063 474 3167 531 Cui
3208 476 3339 534 ille:
3382 480 3595 554 Turpe,
3638 484 3741 540 ait.

338 593 444 642 σοι,
467 568 595 636 ἔνθα
640 567 700 625 ἂν
751 570 841 625 καὶ
899 568 1083 641 ἀπίῃς.
1108 567 1167 623 Ὀ
1217 562 1293 633 δὲ,
1328 563 1388 621 Ὀ
1434 561 1644 634 καιρὸς,
1679 559 1843 628 εἶπεν,
1896 558 1981 613 αἷ-

338 663 531 736 σχρὸς,
562 661 653 716 καὶ
701 659 763 714 σὺ
821 657 966 726 καλή
1005 658 1105 725 τὴν
1156 653 1371 731 μορφήν
1405 667 1421 682 ·
1484 652 1561 723 μή
1625 669 1752 705 ποτε
1800 648 1890 702 οὖν
1928 667 1985 701 σε

340 751 641 824 πειρασμὸς
680 747 959 819 ἐκδέξηται
1010 742 1217 819 ἔτερος,
1275 745 1372 795 τοῦ
1428 740 1698 815 προτέρου
1747 736 1981 813 χείρων·

339 838 403 895 σὺ
453 836 511 893 δὲ
568 836 748 909 δειλίᾳ
805 833 1086 910 εἴξῃς,καὶ
1145 832 1206 887 οὐ
1254 827 1453 899 δυνατή
1512 826 1635 904 γένῃ
1672 826 1984 898 ὑπομεῖναι.

339 932 403 985 ’Π
444 925 520 997 δὲ,
552 929 663 996 Τῆς
716 925 769 981 ἐν
810 927 1025 1000 Χριστῷ
1078 922 1240 995 μόνον
1293 915 1609 997 σφραγῖδος,
1658 913 1783 986 ἔφη,
1828 916 1987 985 ἀξιω-

342 1017 635 1088 θείην,καὶ
687 1012 870 1077 οὐδεὶς
928 1012 988 1068 ἂν
1045 1010 1349 1087 πειρασμὸς
1404 1007 1601 1080 ἅψαιτό
1660 1026 1786 1079 μου.
1843 1004 1986 1079 Πρὸς

342 1111 403 1179 ἣν
433 1110 462 1164 6
496 1105 736 1174 Παῦλος,
791 1110 899 1175 Δεῖ,
934 1103 1080 1173 εἶπε,
1129 1104 1521 1175 μακροθυμεῖν,
1581 1096 1669 1151 καὶ
1718 1098 1753 1165 ἡ
1814 1092 1991 1168 δωρεά

343 1204 441 1255 τοῦ
490 1202 623 1254 Θεοῦ
679 1194 796 1267 ἥξει
851 1215 957 1251 σοι.
992 1191 1182 1256 Οὕτως
1221 1192 1249 1245 6
1309 1187 1525 1250 Παῦλος
1586 1186 1780 1253 εἰπὼν,
1831 1186 1992 1254 Ὀνη-

346 1287 569 1367 σιφόρον
614 1287 708 1360 μὲν
740 1284 1059 1353 πανοικεσίᾳ
1088 1282 1164 1343 εἰς
1215 1280 1306 1335 τὸν
1354 1278 1522 1333 αὐτοῦ
1570 1276 1719 1331 οἶκον
1775 1274 1992 1347 ἓκπέμ-

345 1398 434 1434 πει
468 1396 481 1408 ⁸
516 1374 722 1431 Θέκλαν
751 1371 808 1429 δὲ
838 1367 1043 1429 λαϐὼν.
1075 1370 1240 1443 ἀπῄει
1270 1368 1343 1430 εἷς
1376 1368 1741 1440 Ἀντιόχειαν.

418 1466 491 1526 8'.
524 1467 673 1538 Ἀμα
722 1460 778 1518 δὲ
828 1466 901 1533 τῷ
949 1460 1166 1517 εἱσιέναι
1199 1458 1396 1518 αὐτοὺς
1442 1454 1518 1518 εἷς
1548 1456 1650 1523 τὴν
1680 1452 1867 1522 πόλιν,
1899 1450 1996 1507 Σύ-

350 1577 439 1632 ρος
507 1575 590 1617 τις
647 1550 1003 1625 Ἀλέξανδρος
1080 1545 1346 1621 τοῦνομα,
1412 1544 1706 1617 πρωτεύων
1782 1544 1993 1601 Ἀντιο-

348 1650 517 1728 χέων,
544 1648 636 1703 καὶ
665 1645 839 1708 πολὺς
868 1644 941 1699 ὢν
972 1643 1024 1699 ἐν
1058 1642 1163 1716 ὅλῃ
1193 1640 1358 1696 αὑτοῦ
1396 1642 1465 1708 τῇ
1507 1639 1679 1715 ἀρχῇ,
1715 1633 1844 1690 ἰδὼν
1867 1634 1995 1728 ,Θ-ὲ-

346 1724 501 1807 κϋλαν,
541 1735 773 1810 ἒφίλησέ
817 1754 877 1789 τε
931 1733 1122 1803 αὐτὴν,
1164 1732 1253 1785 καὶ
1309 1727 1523 1787 Παῦλον
1584 1728 1799 1799 θερμῶς
1861 1724 1992 1797 ὑπὲρ

346 1828 521 1896 αὐτῆς
577 1822 772 1894 ἐδεῖτο,
805 1821 979 1896 συχνὰ
1018 1822 1283 1899 χρήματα
1330 1816 1419 1872 καὶ
1462 1814 1609 1889 δῶρα
1666 1812 1992 1899 κατατιθεὶς,

349 1917 412 1973 Ὁ
465 1915 521 1971 δέ
554 1936 566 1948 ·
626 1913 741 1971 Οὐκ
799 1910 941 1980 οἶδα,
980 1898 1109 1988 ἔφη,
1165 1910 1265 1977 τήν
1324 1912 1554 1983 γυναῖκα
1602 1904 1828 1974 ταύτην,
1870 1898 1995 1956 οὐδὲ

350 2006 458 2079 ἰμή
509 2005 642 2060 οὖσα
695 2001 977 2077 τυγχάνει.
1033 2000 1128 2054 Καὶ
1189 2000 1263 2061 ὡς
1314 1996 1585 2073 θαρρήσας
1656 1998 1734 2065 τῷ
1808 1989 1995 2079 πολλὰ

348 2077 496 2169 παρὰ
522 2097 591 2167 τῇ
622 2091 783 2148 πόλει
816 2089 1093 2155 δύνασθαι.
1142 2085 1362 2158 ἀναίδην
1405 2106 1461 2141 τε
1510 2085 1676 2154 αὐτὴν
1724 2077 1991 2169 περιϐάλ-

351 2167 458 2255 λει,
496 2182 587 2239 καὶ
619 2184 686 2252 ἦν
728 2180 901 2244 οὕτως
957 2178 1009 2234 ἐν
1070 2182 1149 2250 τῷ
1206 2175 1440 2256 ἀμφόδῳ
1496 2170 1835 2247 καταφιλῶν,
1867 2173 1902 2240 ἡ
1936 2167 1993 2224 δὲ

343 2274 617 2339 ἀπωθεῖτό
675 2294 733 2328 τε
788 2272 878 2326 καὶ
940 2272 1041 2326 οὐκ
1104 2268 1383 2347 ἠνείχετο,
1425 2265 1570 2322 ἀλλά
1626 2262 1842 2321 Παῦλον
1901 2262 1993 2317 τὸν

347 2366 709 2441 πνευματικὸν
738 2364 915 2435 ἐζήτει
972 2361 1205 2441 νυμφίον
1242 2377 1256 2392 ⁸
1297 2361 1386 2415 καὶ
1432 2360 1532 2429 τὴν
1582 2358 1766 2437 φωνὴν
1798 2354 1990 2429 ἄρασα,

482 2456 645 2533 βιάσῃ
700 2475 765 2528 με
808 2455 909 2523 τὴν
966 2456 1062 2508 τοῦ
1094 2454 1227 2508 Θεοῦ
1259 2448 1483 2521 δούλην,
1509 2446 1634 2525 ἔφη,
1679 2448 1756 2521 μὴ
1810 2446 1991 2521 βιάσῃ,

342 2546 610 2603 ’[κονιξων
670 2544 785 2618 εἰμὶ
842 2544 1060 2619 πρώτη,
1108 2536 1451 2613 ἐκϐέϐλημαι
1518 2536 1575 2592 δὲ
1622 2543 1721 2605 τῆς
1777 2534 1993 2593 πόλεως

340 2640 466 2714 παρ’
498 2637 628 2693 αὐτὸ
678 2641 840 2693 τοῦτο
879 2635 942 2690 τὸ
993 2636 1068 2708 μή
1124 2631 1415 2708 βούλεσθαι
1472 2628 1742 2703 Θαμύριδι
1800 2649 1995 2703 γαμη-

342 2731 522 2798 θῆναι.
554 2730 735 2785 Ταῦτα
792 2722 951 2801 ἔλεγε
1009 2724 1101 2779 σὺν
1166 2725 1272 2797 βοῇ
1329 2726 1398 2795 τῇ
1461 2718 1697 2795 μεγάλῃ,
1747 2720 1839 2774 καὶ
1895 2725 1994 2787 τῆς

342 2816 639 2897 χλαμύδος
699 2811 1074 2887 ἐπιλαϐομένη
1134 2816 1231 2869 τοῦ
1292 2807 1672 2883 Ἀλεξάνδρου,
1715 2808 1881 2877 αὐτήν
1934 2828 1994 2862 τε

347 2907 611 2982 διέῥρηξε,
645 2906 735 2961 καὶ
772 2905 865 2961 τὸν
917 2906 1173 2980 στέφανον
1223 2898 1476 2977 ἀφείλετο
1531 2901 1628 2967 τῆς
1678 2897 1842 2952 αὐτοῦ
1899 2916 1995 2951 κε-

348 2997 553 3075 φαλῆς,
584 2996 833 3052 κάκεῖνον
890 2987 1160 3069 θρίαμϐον
1200 2988 1454 3060 ἐποίησεν
1515 2987 1604 3043 ἰπὶ
1660 2987 1900 3043 πάντων.
1932 2987 1993 3075 ’,Ο

352 3074 410 3142 δὲ
439 3087 537 3154 τὴν
575 3084 838 3159 αἰσχύνην
886 3082 986 3137 οὐκ
1024 3081 1282 3155 ἐνεγκὼν,
1315 3077 1434 3154 ἄγει
1484 3078 1652 3146 αὐτὴν
1712 3077 1848 3152 πρὸς
1904 3074 1994 3129 τὸν

350 3177 600 3251 ἡγεμόνα
633 3194 645 3208 ·
705 3173 822 3229 ἐπεὶ
881 3170 937 3227 δὲ
980 3173 1053 3245 μὴ
1088 3167 1302 3243 ἔξαρνος
1332 3171 1417 3237 ἦν,
1450 3165 1576 3222 ἀλλ’
1607 3163 1886 3241 ὡμολόγει
1932 3164 1995 3220 τὸ

2095 560 2204 616 hoc
2235 564 2468 631 tempus
2508 564 2598 616 est
2627 564 2685 617 et
2714 565 2777 616 tu
2812 562 2995 618 forma
3039 564 3353 636 praeclara:
3388 569 3539 639 vide,
3582 588 3653 628 ne
3685 581 3736 628 te

2096 648 2212 705 alia
2266 649 2501 706 tentatio
2564 650 2756 722 priore
2802 652 3054 710 deterior
3103 654 3375 728 excipiat,
3426 662 3608 730 tuque
3653 661 3743 717 illi

2095 757 2213 812 prae
2279 739 2592 796 timiditate
2660 743 3028 800 succumbas.
3091 745 3243 799 Tum
3312 745 3457 803 illa:
3528 749 3743 805 Christi

2098 832 2269 886 modo
2317 830 2639 903 signaculo,
2681 831 2894 903 inquit,
2941 833 3118 906 digna
3175 835 3413 907 habear,
3449 838 3612 894 nulla
3652 858 3745 898 me

2096 921 2339 977 tentatio
2407 938 2645 993 prorsus
2712 924 2989 995 attigerit.
3067 926 3155 981 Ad
3227 944 3402 998 quam
3481 929 3745 1003 Paulus;

2097 1012 2342 1068 Patienti
2373 1012 2570 1068 animo
2613 1012 2695 1068 sis
2727 1018 2974 1085 oportet,
3019 1023 3072 1070 et
3102 1016 3323 1073 donum
3366 1017 3509 1074 illud
3542 1020 3641 1076 Dei
3671 1024 3741 1077 ad

2099 1107 2157 1159 te
2200 1102 2517 1174 perveniet.
2568 1105 2688 1170 Quo
2737 1105 2893 1161 dicto
2943 1106 3393 1179 Onesiphorum,
3444 1127 3578 1166 cum
3626 1117 3744 1169 tota

2100 1208 2207 1247 sua
2283 1190 2524 1261 familia,
2595 1194 2834 1249 domum
2902 1195 3142 1252 remittit
3200 1214 3214 1251 :
3276 1198 3480 1255 Thecla
3548 1205 3740 1258 autem

2102 1296 2301 1337 secum
2333 1286 2661 1353 assumpta,
2706 1284 3072 1341 Antiochiam
3114 1286 3282 1343 abiit.

2179 1463 2268 1519 IX.
2303 1463 2411 1533 lbi,
2452 1464 2630 1521 simul
2661 1470 2834 1538 atque
2865 1467 2922 1523 in
2956 1469 3156 1525 urbem
3192 1470 3622 1543 ingrediuntur,
3654 1473 3743 1530 vir

2103 1552 2343 1624 quidam
2388 1555 2585 1626 Syrus,
2642 1554 2964 1613 Alexander
3012 1559 3268 1627 nomine,
3321 1563 3549 1632 primus
3590 1563 3744 1619 inter
3842 1602 3845 1605 γ

2102 1643 2543 1713 Antiochenses,
2609 1652 2662 1701 et
2730 1663 2832 1717 per
2896 1652 3078 1703 totam
3156 1649 3320 1705 illam
3394 1651 3745 1723 provinciam

2104 1732 2379 1802 potentia
2407 1737 2713 1805 praestans,
2756 1741 3121 1807 conspectam
3168 1738 3443 1795 Theclam
3482 1741 3748 1812 protinus

2026 1821 2417 1919 Badamavit,
2473 1822 2839 1919 Paulumque
2883 1825 3067 1882 calide
3116 1844 3288 1897 super
3330 1828 3459 1900 ipsa
3505 1830 3749 1902 rogavit,

2104 1911 2411 1981 pecuniam
2472 1913 2716 1968 multam
2776 1919 2833 1970 et
2888 1916 3041 1972 dona
3095 1917 3395 1988 adjiciens.
3458 1920 3562 1975 Cui
3610 1919 3745 1976 ille:

2102 2000 2231 2057 Non
2262 2001 2421 2069 novi,
2470 2002 2678 2073 inquit,
2736 2003 3036 2061 mulierem
3088 2006 3261 2078 hanc,
3313 2024 3495 2080 neque
3538 2010 3609 2065 ad
3655 2024 3749 2066 me

2104 2092 2375 2164 pertinet.
2435 2091 2537 2147 Ille
2596 2097 2788 2148 autem
2852 2095 3213 2165 auctoritate,
3264 2099 3746 2169 qanplurimum

2102 2184 2161 2238 in
2212 2182 2313 2237 illa
2362 2182 2505 2238 urbe
2548 2182 2793 2254 valebat,
2828 2184 3110 2253 conﬁsus,
3157 2186 3531 2259 impudenter
3576 2189 3741 2245 illam

2103 2270 2490 2343 amplectitur,
2538 2276 2595 2328 et
2637 2273 2695 2329 in
2726 2273 2820 2330 via
2866 2274 3252 2333 deosculatur.
3300 2276 3399 2333 llla
3447 2278 3741 2334 hominem

2103 2359 2344 2415 minime
2376 2359 2541 2428 ferre,
2572 2362 2673 2417 sed
2707 2379 2739 2417 a
2768 2378 2829 2419 se
2860 2364 3155 2435 repellere,
3189 2365 3427 2422 Paulum
3459 2383 3743 2438 sponsum

2104 2466 2279 2506 suum
2320 2449 2683 2521 spiritualem
2728 2453 3016 2522 requirere
3050 2471 3063 2509 :
3116 2460 3173 2511 et
3202 2472 3336 2511 voce
3384 2455 3635 2522 sublata,
3668 2456 3751 2514 Ne

2104 2539 2241 2602 vim,
2290 2538 2507 2609 inquit,
2550 2539 2695 2595 mihi
2744 2542 2975 2597 famula:
3018 2544 3119 2599 Dei
3163 2545 3390 2615 afferas,
3439 2562 3510 2601 ne
3548 2546 3747 2615 violes,

2103 2627 2256 2684 inter
2284 2626 2613 2684 Iconienses
2662 2629 2848 2700 prima
2896 2648 3055 2699 sum,
3105 2649 3172 2688 ex
3214 2634 3357 2689 urbe
3387 2651 3514 2690 mea
3544 2635 3748 2705 ejecta,

2104 2719 2255 2774 hanc
2294 2719 2484 2790 ipsam
2535 2719 2607 2775 ob
2640 2736 2903 2791 causam,
2950 2722 3100 2791 quod
3142 2722 3478 2793 Thamyridi
3524 2725 3746 2781 nubere

2105 2809 2412 2877 noluerim,
2493 2809 2714 2880 hocque
2789 2810 2973 2865 altum
3040 2810 3387 2881 inclamans,
3450 2818 3745 2884 arreptum

2104 2896 2415 2953 Alexandri
2454 2896 2697 2968 pallium
2747 2898 3105 2968 dilaceravit,
3150 2905 3206 2956 et
3253 2916 3525 2956 coronam
3573 2901 3746 2972 capiti

2104 2987 2233 3057 ejus
2291 2986 2575 3042 detraxit:
2628 2987 2901 3060 huncque
2951 2990 3320 3060 triumphum
3382 2991 3451 3045 de
3508 2988 3631 3059 illo,
3690 2990 3750 3046 in

2106 3075 2411 3147 praesentia
2440 3076 2730 3144 omnium,
2781 3079 3116 3149 reportavit.
3170 3080 3352 3145 Quam
3394 3079 3489 3136 ille
3538 3083 3748 3135 contu-

2116 3166 2347 3222 meliam
2382 3183 2498 3222 non
2530 3167 2722 3223 ferens
2755 3169 2827 3223 ad
2860 3168 3191 3238 prasfectum
3226 3168 3501 3225 Theclam
3533 3168 3750 3225 trahit:

352 3230 712 3341 πεπραχέναι,
780 3230 992 3338 θηρίοις
1044 3230 1740 3333 ’κατέκρινε-εονἐκδοθῆναι,
1774 3230 1842 3313 Ai
1877 3256 1998 3328 μὲν-

2116 3260 2172 3311 et
2203 3255 2474 3326 quoniam
2520 3255 2623 3311 illa
2671 3230 2886 3312 factum
2936 3273 3053 3314 non
3104 3262 3357 3330 negaret,
3410 3274 3511 3329 sep
3560 3257 3750 3330 palam

351 3376 439 3410 τοι
485 3358 760 3429 γυναῖκες,
801 3352 922 3406 ὅσαι
977 3356 1251 3424 παρῆσαν,
1304 3353 1372 3423 τῇ
1431 3348 1568 3421 πρὸς
1616 3346 1677 3400 τὸ
1717 3346 1871 3421 γὲνος
1925 3365 2004 3399 νι-

352 3445 598 3517 κώμεναι
664 3438 990 3515 σομπαθείᾳ,
1048 3440 1137 3494 καὶ
1200 3438 1366 3493 οἱονεὶ
1422 3438 1485 3491 τὸ
1534 3440 1759 3511 πρᾶγμα
1823 3433 2004 3489 κοινὸν

348 3534 673 3610 ἡγούμεναι,
703 3533 791 3587 καὶ
850 3531 1161 3609 ἐμὲμφοντο
1219 3530 1317 3597 τήν
1375 3526 1665 3602 ἀπόφασιν,
1699 3525 1810 3592 καὶ,
1854 3525 2000 3593 Κακὴ

347 3622 549 3700 κρίσις,
581 3622 727 3697 παρᾶ
765 3622 827 3677 τὸ
862 3622 1020 3695 βῆμα
1067 3622 1310 3697 φανερῶς
1343 3610 1584 3688 ἔκραζον.
1623 3613 1778 3673 Ἀλλ’
1826 3617 1861 3684 ἠ
1905 3613 2003 3668 Θὲο

350 3712 459 3768 κλα
522 3713 609 3767 καὶ
674 3713 817 3767 οὕτω
883 3710 1238 3787 σωφροσύνης
1302 3701 1736 3779 ἐπιμελουμὲνη,
1805 3702 1999 3773 ἐδεήθη

350 3805 451 3857 τοῦ
480 3800 781 3876 ἡγεμόνος,
830 3798 962 3876 ἄχρι
1021 3796 1111 3851 καὶ
1150 3800 1266 3858 τοῖς
1300 3793 1517 3870 θηρίοις
1567 3794 2003 3869 ἓγχειρισθῆναι,

356 3892 525 3964 ἁγνήν
574 3890 743 3957 αὐτὴν
801 3886 1095 3961 διαμεῖναι.
1127 3890 1228 3941 Ἢν
1264 3883 1353 3940 οὖν
1406 3884 1545 3961 γυνή
1601 3903 1684 3944 τις
1742 3880 2002 3948 πλουσία,

354 3975 601 4051 τοῦνομα
655 3976 954 4055 Τρύφαινα,
987 3978 1053 4045 ἧς
1102 3977 1135 4043 ἡ
1198 3974 1435 4050 θυγάτηρ
1468 3969 1828 4027 Φαλκόνιλλα
1886 3980 2003 4033 τεθ-

354 4074 555 4140 νηκυῖα
580 4068 649 4137 ἧν
684 4087 696 4101 ·
740 4066 875 4135 αὕτη
916 4069 1208 4140 τοιγαροῦν
1263 4064 1567 4118 πιστεύεται
1626 4058 1856 4127 Θὲκλαν,
1914 4057 2005 4112 καὶ

354 4160 423 4229 ἦν
450 4159 512 4214 τὸ
549 4155 741 4231 μεταξὺ
799 4157 1005 4225 ταύτης
1064 4154 1139 4216 είς
1207 4153 1569 4227 ποραμύθιον.
1600 4152 1728 4207 Εἶτα
1776 4150 1913 4224 πρὸς
1942 4148 2005 4203 τὸ

357 4252 773 4320 θηριομαχῆσαι
815 4246 1211 4322 προαχθεῖσαν,
1246 4241 1535 4315 δεσμοῦσιν
1594 4242 1766 4310 αὐτην
1815 4237 2002 4312 λεαίνῃ

355 4339 543 4409 πικρᾷ.
574 4332 850 4409 Τρύφαινα
878 4329 936 4387 δέ
978 4330 1077 4385 οὒκ
1126 4330 1387 4404 ἀφίστατο
1433 4328 1658 4398 ταύτης,
1690 4325 1815 4383 ἀλλ’
1864 4327 2005 4396 ἠκο-

356 4420 564 4496 λούθει,
592 4419 696 4485 ἕως
728 4420 837 4493 ἤδη
869 4422 960 4477 καὶ
989 4421 1050 4475 τὸ
1081 4421 1301 4494 θέατρον
1350 4418 1479 4473 αὐτὸ
1520 4415 1777 4481 εἰσέλθοι.
1812 4417 2007 4470 Λέαινα

2107 3342 2402 3413 fateretur,
2464 3345 2535 3400 ad
2596 3345 2813 3402 bestias
2862 3350 2951 3403 est
3005 3348 3410 3404 condemnata.
3469 3348 3749 3404 Caeterum

2110 3434 2389 3490 mulieres
2420 3450 2543 3505 quae
2574 3434 2836 3501 aderant,
2882 3436 3389 3492 commiseratione
3422 3452 3559 3508 erga
3588 3453 3750 3493 com—

2110 3540 2307 3596 parem
2357 3524 2443 3579 sui
2494 3540 2668 3581 sexus
2716 3530 3045 3595 commotae,
3101 3530 3157 3581 et
3209 3542 3331 3582 rem
3372 3530 3553 3581 totam
3609 3543 3753 3597 quo-

2111 3614 2423 3670 dammodo
2473 3615 2854 3669 communiter
2912 3616 2981 3669 ad
3052 3632 3115 3670 se
3172 3632 3406 3687 quoque
3469 3617 3755 3687 pertinere

2111 3704 2523 3774 interpretatis,
2539 3703 2885 3758 sententiam
2903 3703 3542 3773 prtesidisincusabant,
3559 3704 3751 3775 palam

2111 3793 2378 3864 iniquum
2403 3793 2693 3862 judicium
2725 3797 2858 3848 ante
2889 3792 3148 3849 tribunal
3169 3794 3574 3851 vociferantes.
3606 3794 3755 3850 The-

2110 3882 2199 3937 cla
2245 3884 2485 3949 interea,
2534 3882 2617 3937 sic
2665 3898 2899 3954 quoque
2948 3883 3242 3954 pudicitiae
3302 3900 3420 3938 suae
3479 3882 3747 3951 sollicita,

2111 3971 2276 4043 petiit
2316 3989 2350 4025 a
2398 3972 2656 4042 preside,
2692 3980 2752 4027 ut
2800 3988 3107 4045 quousque
3151 3972 3355 4029 bestiis
3402 3972 3750 4040 traderetur,

2110 4060 2572 4117 incontaminata
2646 4066 3031 4133 permaneret.
3103 4063 3234 4119 Erat
3301 4061 3478 4132 igitur
3545 4060 3752 4117 mulier

2112 4152 2371 4221 quaedam
2415 4150 2713 4224 opulenta,
2764 4154 3088 4224 Tryphaena
3136 4152 3387 4221 nomine,
3432 4151 3601 4224 cujus
3631 4150 3753 4206 ﬁlia

2112 4241 2428 4298 Falconilla
2457 4243 2716 4299 obierat:
2764 4242 2900 4298 huic
2945 4243 3161 4299 Thecla
3208 4243 3599 4310 concreditur,
3632 4257 3754 4312 qua

2113 4330 2193 4387 illi
2236 4332 2457 4387 interea
2504 4330 2890 4387 consolationi
2940 4333 3068 4389 fuit.
3120 4331 3340 4388 Deinde
3388 4332 3755 4402 productam,

2112 4426 2167 4476 et
2216 4437 2347 4475 cum
2401 4420 2602 4475 bestiis
2657 4425 2951 4477 certamen
3008 4421 3311 4489 inituram,
3372 4422 3505 4476 feras
3562 4420 3757 4476 leaena

358 4514 562 4587 μέντοι,
629 4508 897 4583 ἔπιϐάσης
955 4509 1126 4580 αὐτῆς
1192 4515 1292 4579 τῆς
1352 4507 1576 4576 Θὲκλας,
1631 4506 1805 4568 οὕτως
1863 4506 1998 4578 εἶχεν

2110 4509 2359 4567 vinctam
2404 4510 2730 4580 objiciunt:
2774 4510 3098 4583 Tryphmna
3139 4509 3377 4566 interim
3429 4511 3502 4565 ab
3542 4526 3608 4566 ea
3639 4524 3759 4565 non

355 4583 604 4664 εὐλαϐῶς
663 4603 753 4657 καὶ
808 4600 1269 4678 πεφυλαγμένως,
1317 4599 1391 4661 ὼς
1463 4599 1538 4670 μὴ
1612 4595 1776 4670 μόνον
1830 4591 1998 4668 μηδὲν

2114 4602 2435 4668 recedente,
2479 4602 2577 4657 sed
2602 4603 2985 4674 quoadusque
3013 4601 3209 4673 ipsum
3239 4601 3537 4657 theatrum
3568 4599 3760 4672 ingre-

357 4692 644 4748 ἀτίθασσον
710 4688 851 4764 μηδὲ
910 4687 1177 4763 θηριῶδες
1236 4688 1317 4743 ἔπ’
1364 4688 1497 4761 αὐτῇ
1551 4684 1833 4756 ἐπιδεῖξαι,
1866 4682 2014 4739 ἀλλὰ

358 4784 448 4838 καὶ
485 4782 743 4856 μαλακῶς
787 4781 1090 4857 ἐπαφᾶσθαι
1131 4782 1199 4851 τῇ
1243 4776 1487 4854 γλώττῃ,
1526 4776 1616 4831 καὶ
1675 4773 2012 4849 περιλείχειν

362 4871 530 4942 αὐτῆς
575 4874 703 4933 τοὺς
754 4868 944 4932 πόδας.
977 4870 1039 4926 Ἥ
1084 4868 1141 4923 δὲ
1190 4868 1337 4923 αἰτία
1374 4868 1439 4937 ἧν
1480 4874 1579 4936 τῆς
1632 4864 2012 4941 ὲπενεχθείσης

365 4960 501 5027 αὐτῆ
536 4967 770 5039 γραφῆς,
801 4958 1101 5034 ἱεροσυλία.
1138 4958 1413 5029 Έξίστατο
1469 4954 1525 5011 δὲ
1582 4958 1609 5011 ὁ
1642 4952 1813 5032 ὄχλος
1844 4959 2013 5010 ταῦτα

363 5050 506 5124 ὁρῶν
540 5070 552 5083 ’
595 5050 686 5105 καὶ
735 5048 943 5105 τούτων
995 5049 1113 5103 ὅσοι
1167 5048 1511 5122 θερμότεροι,
1542 5046 1631 5100 καὶ
1689 5050 1853 5100 τοῦτο
1923 5042 2012 5098 διὰ

359 5138 551 5212 μίσους
603 5141 663 5196 τὸ
726 5146 955 5216 πρᾶγμα
1002 5138 1349 5211 ποιούμενοι,
1407 5134 1845 5212 ἐπεμαρτύροντο
1918 5135 2010 5189 τὸν

358 5229 509 5298 Θεὸν,
545 5228 757 5286 ἀνοσίαν
818 5231 952 5283 εἶναι
1005 5230 1104 5297 τὴν
1161 5229 1338 5303 κρίσιν
1372 5224 1645 5301 λέγοντες,
1680 5226 1811 5282 Εἶτα
1864 5222 2008 5297 λαμ-

353 5312 502 5374 ϐάνει
554 5319 720 5375 πάλιν
787 5319 886 5388 τὴν
935 5317 1138 5373 Θὲκλαν
1199 5320 1232 5386 ἡ
1282 5316 1583 5391 Τρύφαινα,
1612 5316 1687 5377 ὡς
1734 5314 1824 5370 καὶ
1876 5315 2012 5387 μετὰ

351 5412 527 5463 ταῦτα
586 5407 897 5483 μέλλουσαν
954 5411 1346 5481 θηριομαχεῖν.
1380 5407 1441 5461 Ἣ
1491 5407 1674 5478 μεντοι
1718 5405 2011 5474 τεθνηκυῖα

358 5498 602 5572 θυγάτηρ
667 5498 858 5567 αὐτῆς,
892 5493 1022 5570 ὄναρ
1080 5495 1339 5551 ἐπιστᾶσα
1394 5493 1671 5572 Τρυφαίνῃ
1711 5512 1722 5524 ·
1760 5497 1894 5547 Θεοῦ
1954 5489 2011 5547 δὲ

357 5590 549 5656 ταῦτα,
605 5588 695 5643 καὶ
754 5592 851 5654 τῆς
916 5586 1122 5643 ἐκείνου
1182 5583 1597 5665 φιλανθρωπίας
1666 5582 2007 5657 οἰκονομία’

366 5678 556 5754 Μῆτερ
586 5676 720 5754 ἐμὴ,
750 5674 876 5756 ἔφη,
907 5680 942 5747 ἡ
976 5676 1095 5749 ξένη
1139 5674 1315 5732 Θὲκλα
1351 5676 1443 5731 τὸν
1485 5674 1615 5751 ἐμὸν
1661 5672 2010 5751 ἀναπληρού-

2118 4690 2351 4746 deretur
2382 4707 2501 4745 una
2531 4691 2942 4762 subsequente.
2979 4691 3103 4755 Qua
3132 4692 3417 4763 ingressa,
3451 4689 3533 4745 ita
3562 4705 3625 4745 se
3656 4689 3762 4745 cir-

2117 4784 2426 4850 cunspecte
2456 4784 2737 4850 cauteque
2786 4778 2966 4835 lemne
3012 4780 3215 4851 gessit,
3265 4784 3329 4835 ut
3376 4795 3492 4835 non
3532 4781 3760 4835 tantum

2118 4868 2263 4924 nihil
2294 4869 2562 4925 indomiti
2594 4873 2693 4924 aut
2722 4868 2894 4924 ferini
2942 4870 3219 4925 adversus
3266 4870 3453 4941 ipsam
3495 4868 3763 4939 designa-

2118 4962 2224 5024 ret,
2258 4959 2357 5015 sed
2390 4958 2592 5031 lingua
2622 4975 2728 5014 sua
2768 4958 3019 5015 molliter
3059 4960 3232 5031 pedes
3265 4960 3391 5031 ejus
3420 4960 3760 5029 contingens

2118 5048 2397 5105 lamberet
2446 5050 2760 5119 \accusatio
2813 5052 3007 5105 autem
3058 5049 3320 5105 criminis
3367 5050 3427 5106 in
3481 5048 3757 5104 Theclam

2115 5138 2383 5193 intentati
2442 5138 2812 5209 sacrilegium
2870 5140 3036 5211 erat),
3098 5156 3223 5211 qua)
3282 5139 3383 5195 ubi
3442 5138 3760 5196 multitudo

2116 5226 2287 5293 videt,
2320 5226 2491 5281 etiam
2540 5226 3003 5284 vehementiores
3052 5229 3267 5299 quique
3297 5232 3355 5284 et
3399 5226 3758 5284 inciiatiores

2118 5317 2487 5389 obstupuere,
2520 5322 2577 5373 et
2613 5319 2744 5375 odio
2777 5322 2962 5375 totum
3008 5319 3116 5375 hoc
3148 5320 3365 5375 factum
3398 5333 3756 5391 prosequen-

2118 5412 2219 5473 tes,
2270 5406 2537 5477 iniquum
2581 5422 2707 5462 esse
2759 5406 3073 5476 judicium,
3135 5406 3320 5464 Deum
3369 5406 3751 5464 testabantur.

2115 5497 2330 5553 Deinde
2362 5496 2689 5569 Tryphaena
2727 5497 3006 5553 Theclam
3038 5500 3109 5555 ad
3155 5516 3217 5555 se
3261 5498 3511 5570 recipit:
3553 5500 3654 5556 sed
3696 5504 3759 5555 ut

2116 5603 2241 5658 quae
2292 5586 2501 5643 iterum
2546 5604 2682 5644 eum
2731 5588 2935 5645 bestiis
2977 5591 3133 5645 esset
3177 5588 3599 5662 depugnatum.
3652 5589 3758 5643 De-

2114 5677 2315 5736 functa
2362 5676 2596 5735 interim
2641 5676 2983 5752 Tryphaena
3038 5676 3161 5734 filia
3204 5677 3437 5751 (nempe
3484 5676 3586 5734 Dei
3639 5675 3761 5733 hac
