4094 6230
420 292 535 357 835

1727 288 2012 352 MENSIS
2058 288 2549 352 SEPTEMBER.

3698 301 3820 362 836

416 462 559 529 erat,
593 461 840 531 ejusque
872 472 1008 528 erga
1052 455 1322 511 homines
1374 453 1787 509 benevolentia
1820 450 2040 523 providi

2167 470 2245 503 τω
2293 470 2379 503 σοι
2434 451 2625 508 τόπον.
2674 452 2903 506 Δύναται
2961 453 3067 528 γὰρ
3125 456 3531 528 προσευξαμένη
3591 457 3669 519 εἰς
3724 460 3819 514 τὸν

421 550 751 620 dispositio)
773 548 829 602 in
853 562 1054 602 somno
1077 545 1161 600 illi
1194 549 1417 608 astans,
1444 543 1592 608 Mea,
1615 541 1825 612 inquit,
1853 546 2052 608 mater,

421 639 635 711 hospes
666 638 787 693 haec
817 636 1055 703 Thecla,
1082 651 1271 690 meum
1305 634 1456 704 apud
1490 638 1544 688 te
1570 632 1761 688 locum
1794 630 2051 701 impleat.

416 729 611 783 Potest
644 728 818 793 enim,
865 725 914 780 si
961 728 1189 778 tantum
1225 740 1325 793 pro
1366 738 1457 777 me
1505 725 1686 792 roget,
1741 737 1831 775 me
1863 720 1919 775 in
1962 720 2054 790 ju-

413 824 639 875 storum
691 817 1079 873 transmittere
1136 816 1321 870 sedes.
1372 813 1693 884 Tryphaena
1745 828 1934 884 porro,
1984 812 2053 866 de

408 920 621 965 somno
651 909 1001 979 experrecta,
1035 904 1170 960 filiae
1200 921 1320 959 sua:
1353 901 1677 959 Falconillaa
1714 915 2050 956 sermonum

411 997 699 1068 ejusmodi
753 1012 990 1061 memor,
1040 993 1236 1050 Altera
1297 1008 1425 1047 mea
1472 991 1610 1058 ﬁlia,
1660 991 1762 1057 ait,
1818 989 2049 1058 Thecla,

409 1088 587 1144 Deum
620 1092 787 1143 tuum
821 1100 1207 1156 comprecare,
1253 1098 1366 1153 quo
1398 1080 1713 1137 Falconilla
1747 1080 1806 1134 in
1842 1079 2051 1134 saecula

410 1178 601 1233 vivat:
645 1176 752 1232 hoc
792 1175 947 1232 enim
985 1174 1081 1229 illa
1112 1189 1214 1243 per
1255 1173 1611 1227 insomnium
1645 1186 1677 1224 a
1711 1185 1801 1225 me
1831 1168 2046 1241 petivit.

408 1270 531 1331 Quo
556 1265 657 1321 illa
686 1266 903 1331 audito,
938 1280 1070 1319 cum
1102 1277 1240 1319 voce
1271 1260 1514 1317 sublatis
1546 1261 1838 1328 manibus,
1876 1261 2045 1327 Deus,

410 1355 622 1426 inquit,
658 1355 764 1409 Fili
807 1353 908 1409 Dei
957 1352 1099 1420 veri,
1150 1351 1368 1423 placeat
1405 1353 1520 1405 tum
1568 1348 1853 1404 voluntati
1902 1349 2048 1419 Try-

402 1445 621 1516 phaanaa
671 1444 1005 1508 concedere,
1056 1458 1168 1513 quo
1218 1441 1336 1496 filia
1385 1440 1512 1509 ejus
1565 1440 1742 1495 vitam
1790 1439 1943 1509 apud
1991 1441 2047 1493 te

403 1534 559 1590 vivat
590 1534 1026 1605 sempiternam.
1078 1532 1301 1596 Quibus
1348 1529 1543 1586 verbis
1574 1528 1814 1596 auditis,
1847 1528 2048 1601 gavisa

405 1622 643 1695 quidem
675 1622 1000 1694 Tryphaena
1028 1624 1135 1687 est,
1169 1619 1269 1675 sed
1294 1618 1533 1674 aliunde
1563 1616 2042 1683 discruciabatur,

407 1713 561 1783 quod
602 1710 815 1766 Thecla
866 1726 1072 1765 rursus
1121 1713 1277 1764 esset
1324 1706 1525 1763 bestiis
1573 1705 1924 1777 objicienda.
1979 1705 2047 1761 Ut

2165 545 2273 594 τῶν
2323 539 2549 597 δικαίων
2616 540 2714 614 ἐμὲ
2774 548 3081 617 μεταθεῖναι
3138 544 3330 601 τόπον.
3366 547 3515 601 Ἐπεὶ
3578 546 3637 604 δὲ
3670 550 3816 624 Τρύ-

2166 652 2354 709 φαιναν
2400 634 2427 687 ὁ
2486 632 2652 694 ὕπνος
2719 631 2931 701 ἇνῆκεν,
2964 633 3041 694 εἷς
3097 641 3222 690 νοῦν
3280 631 3484 712 ἔχουσα
3538 639 3671 702 τοὺς
3717 648 3819 710 τῆς

2165 725 2429 797 θυγατρὸς
2462 719 2859 789 Φαλκονίλλης
2892 721 3109 798 λόγους·
3144 726 3345 782 Τέκνον
3391 724 3637 801 δεύτερόν
3696 751 3814 802 μοι,

2163 811 2295 886 φησί
2326 810 2462 886 πρὸς
2501 813 2601 880 τὴν
2646 810 2873 884 Θέκλαν,
2907 809 3135 883 δεήθητι
3186 819 3283 869 τοῦ
3340 821 3436 870 σοῦ
3487 822 3643 889 Θεοῦ,
3676 818 3817 874 ὥστε

2163 897 2549 955 Φαλκόνιλλαν
2610 902 2685 961 εἰς
2734 901 2936 963 αἷῶνας
2988 906 3105 974 ζῇν.
3130 906 3302 959 Τοῦτο
3351 926 3453 979 γαρ
3508 928 3575 979 με
3631 907 3813 981 ἐκείνη

2162 984 2230 1041 δι’
2303 988 2525 1064 ὀνείρων
2567 986 2759 1064 ᾔτησε.
2808 990 2984 1046 Θέκλα
3039 988 3095 1045 δὲ
3151 992 3423 1049 ἀκούσασα
3480 1000 3673 1064 ταῦτα,
3722 999 3816 1053 καί

2159 1072 2582 1151 ἀναϐαλλομένη
2652 1085 2863 1157 χεῖρας,
2897 1077 3070 1152 ἄρασα
3125 1082 3215 1135 καὶ
3264 1085 3450 1160 φωνήν
3484 1103 3497 1116 ⁸
3532 1087 3649 1153 θεὲ»
3682 1085 3814 1163 ἔφη,

2160 1167 2247 1221 Υἱὲ
2303 1172 2442 1222 Θεοῦ
2493 1165 2781 1241 ἀψευδοῦς,
2825 1167 2918 1233 δὸς
2971 1170 3247 1247 Τρυφαίνῃ
3303 1174 3444 1228 κατά
3493 1175 3557 1229 τὸ
3596 1176 3690 1230 σὸν
3724 1177 3815 1231 θέ-

2160 1256 2339 1329 λημα,
2390 1256 2526 1312 ὥστε
2574 1259 2673 1326 τὴν
2736 1258 2904 1326 αὐτῆς
2959 1258 3251 1335 θυγατέρα,
3293 1262 3386 1317 τὸν
3443 1262 3663 1320 αἰώνιον
3714 1271 3815 1340 ζῇν

2156 1346 2303 1418 παρὰ
2359 1344 2443 1399 σοὶ
2493 1344 2714 1421 χρόνον.
2774 1347 3046 1423 Τρύφαινα
3115 1346 3171 1403 δὲ
3238 1345 3428 1428 ἔχαιρε
3471 1354 3585 1427 μὶν,
3646 1355 3816 1410 ἀκού-

2158 1454 2292 1488 σασα
2347 1439 2516 1491 ταῦτα
2547 1454 2561 1470 '
2623 1437 2816 1505 ἠνιᾶτο
2875 1433 2933 1491 δὲ
2992 1434 3082 1492 διὰ
3124 1437 3349 1511 Θέκλαν,
3383 1442 3596 1517 θηρίοις
3642 1443 3811 1499 πάλιν

2157 1520 2539 1595 ἔνδοθήσεσθαι
2595 1524 2926 1599 μέλλουσαν.
2985 1533 3071 1589 Ὡς
3129 1527 3226 1583 οὖν
3302 1527 3410 1602 ἤδη
3472 1531 3668 1608 ὄρθρος
3717 1537 3812 1609 ἦν,

2156 1609 2374 1689 ἔρχεται
2409 1612 2757 1691 Ἀλέξανδρος
2787 1614 2865 1678 εἷς
2909 1617 3001 1672 τὸν
3050 1616 3199 1673 οἶκον
3248 1620 3563 1695 Τρυφαίνης
3600 1624 3809 1681 Θέκλαν

2157 1700 2343 1760 λαϐεῖν
2375 1722 2388 1735 ·
2441 1704 2632 1777 ἐκείνῳ
2690 1705 2794 1782 γὰρ
2843 1702 3049 1780 ἔμελλε
3094 1712 3204 1763 τῶν
3260 1709 3613 1785 κυνηγεσίων.
3667 1714 3814 1789 Τρύ-

405 1800 586 1871 igitur
635 1799 864 1866 diluxit,
919 1796 1241 1852 Alexander
1287 1794 1525 1866 (quippe
1573 1792 1669 1849 cui
1718 1791 2040 1848 venationis

2154 1815 2316 1867 φαινα
2347 1791 2404 1849 δὲ
2447 1794 2561 1850 οὔθ’
2592 1797 2775 1851 ὁτιοῦν
2832 1798 3146 1873 παρεχώρει
3187 1798 3335 1873 αὐτῷ
3390 1808 3492 1871 τῆς
3546 1802 3764 1875 Θέκλης
3796 1825 3811 1839 ·

397 1887 559 1945 illius
615 1905 755 1944 cura
799 1887 1195 1953 incumbebat)
1226 1885 1465 1940 domum
1505 1882 1838 1954 Tryphaenae
1868 1881 2043 1951 venit,

405 1977 679 2034 Theclam
732 1975 1276 2047 comprehensurus.
1326 1975 1604 2029 Caeterum
1651 1970 1799 2026 nihil
1846 1970 1943 2025 illa
1986 1970 2046 2026 in

401 2067 620 2123 Thecla
648 2067 760 2138 ipsi
794 2065 1078 2137 permisit,
1121 2064 1244 2132 sed,
1278 2063 1427 2129 Quid
1457 2062 1565 2118 hoc
1586 2062 1614 2116 ?
1642 2060 1823 2116 altum
1855 2060 2046 2117 excla-

400 2159 566 2211 mat:
602 2155 745 2227 quid
773 2155 884 2211 hoc
904 2155 932 2208 ?
962 2154 1174 2208 iterum
1206 2152 1347 2206 mihi
1371 2150 1590 2207 luctcm
1621 2150 1776 2206 intra
1806 2152 2043 2205 domum

398 2244 818 2300 introducitis?
840 2258 1027 2313 neque
1054 2241 1361 2313 quisquam
1392 2244 1500 2309 est,
1535 2238 1631 2311 qui
1662 2253 1833 2310 opem
1864 2238 2047 2294 ferat?

402 2352 521 2391 non
568 2334 837 2402 maritus,
886 2331 1059 2388 vidua
1106 2331 1264 2386 enim
1316 2345 1495 2386 sum:
1549 2344 1664 2385 non
1713 2328 1853 2396 filia,
1903 2326 2046 2384 obiit

403 2426 659 2497 quippe:
692 2424 849 2496 quod
883 2426 1172 2495 superest,
1194 2424 1345 2478 Deus
1375 2420 1503 2476 ﬁlia:
1539 2436 1677 2476 mea:
1701 2419 1946 2487 Theclas,
1982 2424 2045 2475 tu

399 2515 512 2588 ipsi
534 2515 745 2571 auxilio
768 2514 867 2572 sis.
896 2514 1118 2581 Quibus
1140 2527 1369 2568 summo
1391 2527 1635 2566 maerore
1653 2510 1831 2566 animi
1852 2510 2041 2578 dictis,

2155 1881 2320 1953 ἀλλὰ,
2354 1882 2423 1940 Τί
2452 1888 2651 1956 τοῦτο;
2698 1884 2839 1961 μέγα
2871 1887 3140 1960 βοήσασα,
3171 1887 3221 1942 τί
3285 1886 3342 1944 δὲ
3401 1887 3647 1967 δεύτερόν
3711 1914 3812 1965 μοι

2153 1971 2375 2048 έπάγετε
2422 1975 2615 2037 πένθος
2671 1975 2747 2036 εἰς
2795 1976 2895 2042 τὴν
2957 1975 3151 2047 οἰκίαν,
3185 1977 3275 2033 καὶ
3329 1977 3506 2044 οὐδεὶς
3539 1982 3567 2037 ὁ
3599 1983 3814 2056 βοηθή-

2155 2082 2299 2133 σων;
2328 2064 2430 2118 οὐκ
2476 2064 2637 2137 ἀνὴρ.
2670 2068 2824 2142 χήρα
2876 2068 2980 2142 γὰρ
3045 2067 3198 2142 εἰμί’
3233 2069 3296 2125 ού
3346 2068 3557 2144 τέκνον,
3586 2072 3811 2145 τέθνηκε

2152 2152 2276 2228 γάρ.
2307 2156 2365 2211 Ὀ
2392 2155 2521 2217 Θεὸς
2553 2154 2764 2227 Θέκλης
2795 2157 2893 2212 τοῦ
2945 2158 3131 2213 τέκνου
3201 2181 3329 2233 μου,
3364 2162 3568 2234 βοηθὸς
3624 2163 3805 2239 etiam

2151 2247 2327 2317 γενοῦ.
2377 2243 2563 2309 Οὕτως
2627 2245 2680 2301 ἐν
2741 2245 2906 2322 ὀδύνῃ
2978 2251 3168 2328 ψυχῆς
3241 2249 3467 2307 εἷποῦσα
3550 2250 3810 2325 διακονῇς

2153 2334 2307 2407 ψυχῇ
2370 2330 2729 2410 Ἀλεξάνδρου
2787 2335 3125 2411 ἀποπέμπει.
3188 2341 3464 2397 Μανθάνει
3549 2346 3721 2399 ταῦτα
3779 2346 3808 2399 ὁ

2153 2423 2395 2497 ἡγεμὼν,
2454 2425 2544 2478 καὶ
2613 2430 2941 2499 στρατιῶται
3003 2427 3323 2485 στέλλονται
3384 2430 3594 2504 Θέκλην
3683 2434 3810 2509 ἀγα-

2153 2530 2286 2586 γειν.

400 2608 631 2663 inanem
663 2624 695 2661 a
728 2622 790 2661 se
820 2604 1209 2661 Alexandrum
1262 2602 1468 2673 rejicit.
1520 2601 1677 2665 Quod
1710 2600 1809 2655 ubi
1861 2616 2077 2671 praeses
2110 2602 2360 2672 rescivit,
2416 2604 2632 2661 milites
2662 2608 2976 2677 submittit,
3029 2611 3124 2680 qui
3167 2611 3435 2668 Theclam
3485 2614 3805 2672 adducant.

471 2698 546 2753 X.
580 2697 859 2751 Caeterum
900 2693 1241 2765 Tryphaena,
1283 2708 1355 2747 ne
1385 2692 1469 2748 sic
1498 2691 1733 2762 quidem
1765 2707 1798 2745 a
1827 2689 2042 2745 Thecla

398 2785 727 2851 recedebat,
762 2784 861 2838 sed
895 2787 1161 2851 correpta
1198 2797 1396 2847 manu,
1431 2796 1549 2835 una
1577 2795 1708 2834 cum
1751 2779 1879 2848 ipsa
1910 2778 2039 2833 abi-

394 2875 512 2944 bat,
546 2874 639 2929 bis
669 2873 861 2929 verbis
906 2888 1052 2926 usa:
1086 2870 1290 2925 Filiam
1328 2885 1515 2925 meam
1558 2867 1930 2924 Falconillam
1962 2867 2033 2922 ad

397 2965 729 3036 sepulcrum
776 2967 947 3018 antea
987 2961 1378 3016 deduxeram:
1430 2964 1506 3025 te,
1558 2957 1677 3012 filia
1709 2972 1834 3012 mea
1882 2957 2035 3011 The-

398 3053 505 3120 cla,
540 3068 672 3107 cum
708 3050 910 3106 bestiis
942 3051 1407 3121 depugnaturam
1443 3063 1778 3118 prosequor.
1811 3046 2033 3110 Quibus

394 3140 640 3207 auditis,
676 3144 894 3211 martyr
925 3139 985 3194 in
1034 3138 1317 3206 lacrymas
1348 3138 1614 3208 prorupit
1644 3144 1696 3191 et
1741 3134 1991 3206 gemitus
2020 3152 2031 3188 :

393 3234 472 3297 et,
514 3231 560 3286 Ο
602 3229 867 3296 Domine,
920 3228 1131 3299 inquit,
1168 3227 1406 3282 Domine
1455 3231 1511 3282 et
1557 3242 1656 3281 rex
1704 3241 1892 3291 meus,
1945 3226 2039 3281 cui

389 3336 494 3391 ego
545 3318 786 3387 credidi,
825 3320 892 3374 ad
936 3334 1109 3388 quem
1150 3316 1406 3388 confugi,
1441 3333 1473 3370 a
1505 3332 1613 3387 quo
1645 3332 1712 3371 ex
1754 3316 1888 3387 igne
1919 3332 2037 3371 ser-

391 3412 529 3463 vata
579 3424 735 3475 sum,
780 3407 953 3463 redde
984 3406 1315 3479 Tryphaenae
1361 3422 1468 3461 sua
1508 3406 1566 3460 in
1618 3422 1712 3461 me
1761 3403 2038 3461 famulam

392 3502 553 3553 tuam
587 3497 991 3567 humanitatis,
1027 3498 1292 3569 quodque
1318 3513 1407 3552 me
1433 3495 1832 3551 intaminatam
1862 3495 2041 3551 hacte-

394 3604 504 3642 nus
538 3587 899 3656 custodierit,
944 3587 1178 3658 dignam
1232 3586 1570 3642 mercedem.
1604 3585 1919 3641 Tumultus
1950 3585 2040 3639 in-

392 3677 585 3741 terim,
621 3676 813 3748 fragor
842 3682 898 3732 et
931 3676 1151 3732 clamor
1183 3675 1473 3730 maximus
1507 3674 1562 3728 in
1598 3672 1832 3746 populo.
1866 3678 2041 3744 atque

400 3766 544 3821 adeo
576 3766 840 3821 confusio
871 3770 1016 3832 erat,
1053 3764 1389 3819 mulieribus
1422 3780 1534 3817 una
1564 3763 1924 3831 sedentibus,
1957 3763 2041 3817 in-

396 3855 703 3927 vicemque
762 3856 1342 3911 contradicentibus:
1398 3854 1485 3909 his
1537 3854 1797 3924 quidem,
1861 3854 2042 3907 Indue

400 3946 769 4016 sacrilegam,
802 3944 932 3998 aliis
964 3950 1158 3997 autem
1210 3942 1311 3997 tali
1354 3942 1604 3997 facinore
1654 3942 1893 3996 minime
1946 3958 2040 3997 ac-

400 4035 861 4105 quiescentibus,
890 4032 1435 4101 clamantibusque;
1469 4035 1583 4084 Cur
1611 4048 1713 4085 nos
1737 4046 2039 4101 quoque,o

398 4140 635 4195 praeses,
683 4140 887 4178 omnes
928 4140 1041 4177 non
1090 4138 1203 4176 una
1253 4120 1453 4176 tollis?
1495 4136 1826 4190 perversum
1878 4118 2043 4189 judi-

398 4213 578 4279 cium,
611 4213 832 4281 injusta
854 4212 908 4266 in
936 4211 1215 4283 virginem
1242 4210 1355 4264 lata
1384 4210 1692 4264 sententia.
1725 4207 1932 4263 Thecla
1953 4210 2041 4263 in-

395 4300 565 4355 terim
614 4317 681 4355 ex
731 4302 1002 4355 manibus
1057 4299 1393 4371 Tryphaenae
1450 4304 1643 4369 erepta
1699 4298 2037 4368 exuebatur,

396 4395 452 4444 et
486 4395 720 4462 sumpto
751 4390 1138 4463 subligaculo,
1176 4392 1231 4445 in
1262 4390 1481 4445 circum
1516 4387 1765 4459 impulsa
1790 4392 1895 4455 est,
1930 4387 2042 4444 leo-

396 4496 610 4551 nesque
642 4487 697 4537 et
729 4481 851 4537 ursi
885 4482 944 4537 in
991 4482 1177 4553 ipsam
1225 4480 1499 4535 immissi.
1544 4479 1694 4534 Inter
1743 4496 1888 4550 quos
1923 4494 2040 4533 una

2222 2691 2276 2746 l'.
2337 2690 2611 2776 Τρύφαινα
2669 2691 2727 2748 δὲ
2784 2693 2909 2750 οὐδὲ
2984 2695 3163 2758 οὕτως
3237 2698 3503 2776 ἀφίστατο
3561 2701 3800 2773 Θέκλης,

2146 2776 2292 2832 ἀλλά
2350 2775 2596 2836 λαϐοῦοα
2651 2782 2851 2854 ταύτην
2913 2791 3016 2854 τῆς
3060 2775 3470 2861 χειρὸς,ἀπῄει
3504 2808 3516 2822 ·
3553 2791 3663 2858 Τήν
3706 2792 3801 2864 μὲν

2145 2867 2407 2943 θυγατέρα
2471 2871 2570 2938 τὴν
2628 2868 2769 2943 ἐμὴν
2825 2870 3239 2948 Φαλκόνιλλαν,
3292 2874 3548 2953 λέγουσα,
3598 2880 3674 2941 εἰς
3742 2882 3804 2935 τὸ

2148 2961 2413 3047 μνημεῖον
2462 2963 2669 3032 προτοῦ
2718 2962 3087 3036 παρέπεμψαο
3143 2964 3201 3018 σὲ
3242 2963 3319 3035 δὲ,
3358 2966 3542 3021 τέκνον
3601 2966 3803 3047 Θέκλα,

2142 3046 2280 3117 πρὸς
2318 3046 2381 3099 τὸ
2440 3046 2652 3121 θηρίοις
2710 3053 2802 3103 νῦν
2858 3052 3127 3125 μάχεσθαι
3176 3056 3545 3129 παραπέμπω.
3577 3046 3799 3112 Τούτων

2146 3134 2179 3201 ἡ
2245 3134 2447 3207 μάρτυς
2506 3136 2799 3208 ἀκούσασα,
2860 3138 2935 3201 εἰς
2986 3137 3192 3215 δάκρυά
3258 3163 3316 3197 τε
3381 3146 3642 3220 προήχθη
3710 3146 3802 3201 καὶ

2150 3224 2504 3310 στεναγμοὺς,
2538 3225 2651 3297 καὶ,
2684 3233 2747 3280 Ὠ
2800 3227 2980 3301 Κύριε,
3006 3226 3131 3308 ἔφη,
3166 3232 3331 3307 Κύριέ
3382 3254 3487 3305 μου
3516 3234 3607 3288 καὶ
3642 3236 3801 3310 βασι-

2149 3309 2266 3381 λεῦ,
2300 3313 2345 3384 ᾧ
2402 3311 2508 3386 ἓγὼ
2566 3313 2871 3374 ἐπίστευσα.
2906 3316 2985 3394 ἐφ’
3045 3318 3102 3373 ’ὀν
3163 3320 3267 3395 ἐγὼ
3324 3309 3650 3397 κατέφυγον,
3708 3324 3800 3378 καὶ

2148 3402 2317 3474 πυρὸς
2370 3400 2655 3476 έρῥύσθην,
2692 3402 2895 3467 ἀπόδος
2944 3407 3133 3478 μισθὸν
3179 3407 3325 3478 ἄξιον
3357 3412 3635 3488 Τρυφαίνῃ
3695 3420 3799 3483 τῆς

2148 3489 2285 3561 πρός
2355 3510 2422 3563 με
2471 3493 2569 3561 τήν
2621 3490 2826 3563 δούλην
2896 3516 2992 3550 σου
3048 3498 3400 3571 συμπαθείας,
3433 3501 3522 3554 καὶ
3583 3499 3668 3555 ὅτι
3733 3523 3799 3574 με

2149 3579 2321 3641 οὕτως
2380 3582 2549 3658 ἀγνὴν
2607 3580 2923 3643 διεσώσατο.
2968 3583 3209 3661 Θὸρυϐος
3251 3590 3341 3643 οὗν
3408 3591 3495 3645 καὶ
3554 3590 3797 3667 πάταγος

2148 3669 2236 3722 καὶ
2273 3670 2375 3743 βοὴ
2425 3668 2658 3740 πλείστη
2717 3678 2812 3728 τοῦ
2854 3673 3034 3748 δήμου
3088 3679 3177 3731 καὶ
3216 3673 3444 3757 ἔγχυσις
3489 3682 3578 3749 ἦν,
3610 3702 3797 3754 γυναι·

2149 3763 2257 3813 κῶν
2290 3781 2347 3814 τε
2386 3762 2525 3833 ὁμοῦ
2565 3760 3035 3838 παρεδρευουσῶν,
3060 3768 3149 3821 καὶ
3182 3765 3459 3838 ἀλλήλαις
3513 3770 3799 3849 ἀντιφθεγ-

2151 3850 2415 3924 γομένων,
2454 3850 2542 3904 καὶ
2585 3856 2692 3905 τῶν
2749 3854 2864 3924 μὲν,
2901 3854 3165 3931 Εὶσάγαγε
3219 3858 3318 3924 τήν
3372 3857 3679 3933 ἱερόσυλον,
3717 3861 3807 3917 λε-

2149 3943 2400 4010 γουσῶν”
2458 3944 2565 3995 τῶν
2638 3938 2693 3995 δὲ
2773 3948 2891 4005 τοῖς
2958 3948 3266 4020 γινομένοις
3318 3947 3805 4023 ἀπαρεσκομένων,

2153 4027 2260 4081 καὶ.
2304 4029 2369 4083 Τί
2414 4030 2488 4101 μή
2532 4031 2620 4083 καὶ
2679 4035 2852 4095 πᾶσας
2905 4031 3075 4106 α’ίρεις
3132 4037 3299 4108 ἡμᾶς,
3349 4039 3619 4111 ἡγεμώνς
3683 4039 3807 4094 ἐπι-

2152 4118 2555 4192 φθειρομένων⁹
2591 4121 2731 4187 κακὴ
2783 4121 3198 4195 κρίσις,ἅδικος
3257 4126 3395 4180 κατὰ
3453 4139 3553 4196 τῆς
3599 4130 3806 4203 παρθέ-

2149 4226 2244 4259 νου
2276 4206 2566 4284 ἀπόφασις.
2602 4211 2666 4265 Ἡ
2716 4210 2893 4266 Θέκλα
2949 4213 3129 4267 τοίνυν
3185 4214 3258 4277 εἰς
3316 4222 3511 4291 χεῖρας
3562 4220 3803 4293 Τρυφαί-

2150 4315 2248 4363 νης
2309 4295 2574 4373 ληφθεῖσα
2629 4298 2918 4372 περιεδύθη
2956 4322 2968 4333 ·
3012 4303 3099 4356 καὶ
3152 4299 3396 4359 λαϐοῦσα
3427 4303 3701 4380 διάζωμα,
3730 4308 3807 4373 εἷς

2149 4385 2212 4438 τὸ
2246 4385 2464 4441 στάδιον
2497 4384 2792 4459 ἐνεϐλήθη,
2828 4389 3045 4455 λέοντές
3075 4414 3130 4447 τε
3162 4395 3249 4448 καὶ
3282 4392 3495 4471 ιᾶρκτοι
3554 4397 3803 4472 ἀφίενται

2150 4477 2267 4529 κατ’
2309 4476 2499 4546 αὐτῆς.
2535 4478 2646 4535 Μία
2685 4485 2815 4553 γοῦν
2846 4481 3053 4551 λέαινα,
3092 4488 3199 4537 τῶν
3244 4482 3432 4540 ἄλλων
3472 4487 3803 4563 ἀγριωτέρα,

391 4570 575 4626 lezena
601 4573 822 4628 caeteris
856 4571 1044 4643 magis
1067 4571 1241 4625 eﬁ‘era
1263 4569 1562 4624 confestim
1588 4569 1660 4624 ad
1684 4570 1858 4640 pedes
1892 4584 2038 4623 mar-

2152 4562 2242 4617 σὺν
2274 4564 2431 4641 τάγει
2462 4569 2606 4641 παρᾶ
2632 4567 2759 4631 τοὺς
2798 4566 2967 4632 πόδας
3024 4577 3124 4640 τῆς
3186 4574 3462 4651 μάρτυρος
3516 4544 3801 4651 grauiter);

390 4661 540 4732 tyris
570 4677 629 4717 se
662 4661 1024 4732 proclinavit.
1060 4662 1181 4727 Quo
1230 4658 1352 4714 viso
1400 4658 1740 4714 acclamatio
1775 4672 1875 4728 per
1905 4674 2035 4712 mu-

394 4751 604 4807 lierum
661 4768 870 4824 agmen
930 4750 1192 4822 protinus
1241 4754 1329 4805 est
1385 4752 1717 4804 consecuta.
1777 4746 2037 4815 Cumque

394 4858 531 4897 ursa
563 4842 634 4897 ad
666 4846 927 4897 sanctam
963 4840 1110 4896 hanc
1140 4838 1420 4911 virginem
1454 4840 1799 4902 accurreret,
1834 4836 2034 4903 leaena,

396 4937 459 4987 ut
489 4933 539 4988 ei
572 4936 985 5005 propugnaret,
1033 4930 1260 4987 obviam
1309 4946 1630 5002 progressa,
1678 4945 1877 4983 ursam
1917 4929 2036 4983 dis-

391 5023 624 5094 cerpsit.
662 5020 882 5077 Deinde
911 5019 1002 5077 leo
1032 5020 1106 5075 ad
1140 5020 1403 5075 homines
1433 5019 1790 5074 devorandos
1822 5016 2034 5072 exerci-

392 5114 574 5179 tatus,
609 5111 706 5179 qui
733 5110 1041 5165 Alexandri
1072 5115 1211 5175 erat,
1248 5110 1305 5164 in
1338 5110 1527 5181 ipsam
1560 5123 1785 5179 quoque
1826 5106 2033 5162 incita-

391 5203 506 5254 tur.
562 5200 705 5254 Cum
726 5214 840 5269 quo
864 5200 1003 5253 dum
1028 5199 1207 5255 leaena
1237 5199 1509 5255 similiter
1538 5198 1596 5252 in
1629 5203 1915 5253 certamen
1946 5210 2036 5251 ve-

395 5288 501 5355 nit,
552 5291 792 5357 nterque
842 5293 1046 5344 mutuo
1095 5288 1313 5344 laniatu
1364 5292 1627 5359 pereunt.
1687 5287 1806 5351 Quo
1856 5288 2031 5353 facto,

392 5378 761 5449 maximaque
784 5379 1011 5435 interim
1038 5380 1282 5435 feratum
1302 5378 1467 5449 copia
1489 5378 1544 5432 in
1564 5376 1725 5432 illam
1745 5375 2031 5444 immissa,

393 5472 559 5524 stans
597 5476 805 5536 erecta,
840 5471 910 5525 ad
942 5471 1123 5526 Deum
1152 5486 1346 5541 preces
1379 5468 1645 5524 faciebat.
1679 5467 1900 5532 Quibus
1932 5465 2029 5520 ab-

389 5556 621 5626 solutis,
655 5576 954 5629 conversa,
1002 5560 1197 5617 lacum
1234 5559 1384 5615 videt
1415 5575 1579 5629 aqua:
1629 5556 1902 5629 plenum:
1953 5561 2029 5623 et,

381 5651 572 5721 Nunc,
618 5649 826 5726 inquit,
859 5654 1092 5727 tempus
1123 5653 1212 5707 est
1259 5655 1321 5707 ut
1369 5648 1595 5721 abluar,
1638 5655 1691 5704 et
1733 5662 1851 5703 una
1895 5660 2029 5703 cum

2145 4654 2234 4707 καὶ
2287 4654 2349 4709 τὸ
2396 4660 2503 4710 τῶν
2557 4664 2829 4732 γυναικῶν
2881 4659 3095 4730 πλῆθος
3136 4661 3288 4723 εὐθὺς
3316 4661 3643 4735 ἐπεϐόησαν.
3674 4669 3802 4743 Ἃρ-

2146 4759 2279 4799 κτου
2325 4741 2381 4799 δὲ
2420 4752 2486 4820 τῇ
2529 4747 2654 4823 ἁγίᾳ
2684 4746 3127 4823 ἐπιδραμούσης,
3159 4754 3193 4821 ἡ
3229 4751 3434 4821 λέαινα,
3469 4755 3652 4831 ὥσπερ
3710 4741 3803 4813 ati-

2145 4840 2247 4903 τῆς
2312 4837 3049 4910 προασπίζουσα,ὑπήντησέ
3098 4861 3155 4895 τε
3211 4842 3299 4896 καὶ
3359 4840 3605 4919 διέῥρηεε
3660 4846 3803 4902 ταύ-

2144 4944 2263 4993 την,
2321 4925 2549 4980 Ἔπειτα
2605 4924 2743 4981 λέων
2806 4927 3019 5007 ἀφίεται
3081 4936 3194 4985 κατ’
3241 4931 3410 5001 αὐτῆς
3455 4950 3469 4966 ⁸
3529 4934 3588 4996 ’ὸς
3635 4935 3803 4991 Ἀλε-

2144 5011 2370 5086 ξάνδρου
2424 5015 2517 5087 μὲν
2576 5016 2902 5087 ἦν,ἤσκητο
2934 5015 2993 5072 δὲ
3049 5020 3369 5094 ἀνθρώπους
3430 5017 3798 5097 βιϐρώσκειν“

2143 5102 2188 5173 ᾧ
2218 5102 2306 5156 καὶ
2357 5103 2503 5175 αὐτῷ
2550 5111 2650 5175 τῆς
2709 5104 2933 5177 λεαίνης
2964 5108 3099 5183 πρὸς
3134 5108 3460 5182 συμπλοκὴν
3502 5110 3799 5186 ἐλθούσης.

2142 5192 2486 5264 ἀναιροῦνται
2521 5195 2606 5249 ὑπ’
2640 5194 2906 5267 ἀλλήλων
2940 5197 3260 5274 ἀμφότεροι.
3298 5202 3391 5255 Καὶ
3436 5200 3562 5257 τότε
3607 5202 3800 5261 πολλὰ

2139 5286 2246 5335 τῶν
2299 5282 2504 5357 θηρίων
2562 5284 2805 5364 ἀφιᾶσιν,
2859 5285 3103 5358 ἑστώσης
3154 5287 3511 5361 Θέκλης,καὶ
3571 5313 3799 5367 προσευ-

2140 5372 2386 5446 χομένης
2418 5380 2553 5448 Θεῷ.
2586 5376 2733 5431 Ἐπεὶ
2766 5374 2824 5431 δὲ
2873 5378 2963 5432 κάὶ
3020 5376 3176 5440 τέλος
3228 5380 3373 5453 εἶχεν
3416 5382 3450 5450 ἡ
3482 5386 3794 5459 προσευχὴ,

2140 5461 2545 5539 ἐπιστραφεῖσα,
2612 5464 2817 5522 Ράκκον
2893 5468 3012 5542 ὁρᾷ,
3099 5468 3290 5541 μεστὸν
3370 5466 3586 5534 ὕδατος.
3642 5475 3790 5543 Eata,

2139 5552 2249 5609 Νῦν
2281 5555 2493 5629 καιρὸς,
2543 5550 2668 5634 ἔφη,
2700 5560 2796 5611 τοῦ
2829 5553 3126 5622 λούσασθαί
3177 5579 3243 5631 με
3274 5580 3288 5593 ο
3332 5561 3422 5614 καὶ
3472 5561 3585 5635 ἅμα
3623 5570 3794 5634 καθῆ-

2138 5662 2224 5698 κεν
2259 5643 2452 5716 έαυτήν
2482 5644 2557 5709 εἰς
2586 5644 2648 5700 τὸ
2682 5642 2851 5723 ὕδωρ.
2885 5648 2973 5706 Ἐν
2998 5650 3078 5723 τῷ
3109 5644 3336 5727 ὀνὸματί
3366 5670 3485 5723 σου,
3527 5649 3785 5733 λέγουσα,
