4094 6230
299 360 417 419 837

295 516 465 591 Κύριε
540 518 725 586 Ἰησοῦ
812 517 1034 591 Χριστέ,
1092 518 1160 588 τῇ
1232 514 1483 588 ὑστεραίᾳ
1562 511 1692 587 τῇδε

300 605 660 680 βαπτίζομαι.
748 608 818 662 Αἱ
907 605 1089 678 μέντοι
1168 610 1413 680 γυναῖκες
1489 604 1948 678 περιπαθήσασαι,

296 696 389 750 καὶ
417 696 601 750 οἶκτον
651 696 824 763 αύτῆς
884 690 1150 749 λαϐοῦσαι
1183 713 1196 727 ·
1241 693 1330 747 καὶ
1384 690 1562 763 ἓοοξεν
1596 690 1784 752 αὐταῖς
1816 691 1955 745 ἀπο-

301 783 549 838 λεῖσθαι·
611 784 701 852 Μή
764 782 910 838 οὕτω
962 780 1178 857 δράσῃς,
1230 777 1552 851 ἐπεϐόησαν.
1614 779 1689 837 Οὐ
1732 778 1953 840 ταύταις

302 870 360 927 δὲ
393 874 577 946 μόνον,
611 871 757 927 ἀλλά
808 872 899 927 καὶ
957 872 1105 945 αὐτῷ
1143 876 1222 943 τῷ
1280 871 1535 947 ἡγεμόνι,
1568 868 1757 930 ἐλέους
1812 866 1952 938 ἄςιον

302 961 559 1036 ἐνομίσθη
620 963 682 1018 τὸ
737 964 983 1037 γεγονὸς,
1034 962 1083 1017 εἷ’
1138 961 1349 1025 κάλλος
1429 960 1571 1016 οὕτω
1649 959 1956 1032 θαυμαστὸν

303 1052 625 1107 ἀπολέσειαν
664 1053 720 1107 αἱ
776 1056 857 1125 τῷ
914 1051 1065 1107 ὕδατι
1127 1050 1466 1125 ἐμπαροῦσαι
1525 1055 1726 1128 φῶκαι.
1785 1053 1955 1103 Τοῦτο

304 1139 362 1195 δε
411 1140 510 1197 οὐκ
566 1137 800 1215 ἔμελλεν
859 1135 1092 1213 ἔσεσθαι,
1126 1139 1240 1195 ἐπεὶ
1298 1138 1439 1213 μηδὲ
1495 1137 1693 1211 ἠμέλει
1745 1137 1955 1208 ΘέκΑης

301 1232 555 1306 Χριστὸς,
588 1230 649 1286 οῦ
698 1231 870 1303 ἐκείνη
928 1232 1069 1301 ὅλην
1124 1233 1321 1301 ἑαυτὴν
1370 1231 1691 1305 ἀνήρτησεν.
1726 1227 1953 1302 Ἀμέλει

301 1322 476 1395 πυρὸς
534 1320 625 1376 καὶ
685 1322 965 1395 ἀστραπῆς
1024 1321 1221 1398 φέγγος
1292 1326 1411 1382 ταῖς
1494 1322 1703 1396 φώκαις
1768 1316 1956 1396 ἐπιφα-

300 1411 410 1480 νὲν,
468 1410 657 1485 νεκρὰς
730 1412 907 1472 πάσας
964 1409 1294 1465 ἀναπλεῦσαι
1371 1408 1640 1479 πεποίηκε
1674 1426 1686 1443 ⁶
1749 1407 1954 1465 Θέκλαν

301 1496 360 1551 δὶ
413 1495 613 1575 νεφέλη
667 1500 838 1573 πυρός
898 1497 1231 1570 ἐπεσκίαζεν,
1264 1499 1292 1552 ’ὀ
1343 1498 1407 1553 ού
1461 1496 1621 1570 μόνον
1681 1494 1958 1570 ἄψαυστον

302 1587 473 1656 αὐτὴν
531 1592 647 1649 τοῖς
706 1588 897 1661 θηρσὶν
948 1586 1143 1657 ἐποίει,
1199 1585 1346 1643 ἀλλὰ
1402 1587 1492 1642 καὶ
1561 1588 1779 1663 γυμνὴν
1830 1597 1960 1650 θεω-

306 1679 512 1750 ρεῖσθαι
592 1676 781 1750 μηδενὶ
865 1684 1143 1758 παρεῖχεν,
1206 1680 1277 1736 Αἱ
1347 1684 1592 1755 γυναῖκες
1653 1677 1710 1733 δὲ
1766 1675 1958 1745 πάλιν,

304 1766 504 1841 ἑτέρων
561 1762 962 1839 ἐπιϐληθεισῶν
1016 1769 1151 1842 αὐτῇ
1212 1767 1439 1843 θηρίων,
1496 1766 1775 1839 ἠλάλαξαν
1816 1789 1827 1800 ⁸
1869 1767 1958 1823 καὶ

1544 354 2012 417 MARTYBIUM
2062 350 2121 416 S.
2170 354 2520 417 THECLZE.

3593 358 3712 423 838

1776 515 2036 586 ἡμέρᾳΑ
2065 515 2218 570 dicto
2251 531 2313 571 se
2358 515 2416 571 in
2464 531 2675 586 aquam
2728 516 2992 588 conjecit.
3048 516 3113 573 In
3174 520 3409 576 nomine
3455 525 3577 590 tuo,
3610 523 3702 577 in-

2062 606 2291 676 quiens,
2316 605 2559 661 Domine
2578 607 2710 662 Jesu
2737 606 2981 675 Christe,
3007 607 3113 663 hac
3146 608 3349 663 ultima
3371 610 3462 666 die
3490 612 3707 683 tingor.

2060 693 2327 751 Mulieres
2374 694 2606 751 interim
2656 694 3027 751 vehementer
3073 696 3417 765 indolentes,
3463 701 3710 771 ejusque

2061 784 2567 840 commiseratione
2614 784 2794 856 (quod
2839 789 3112 857 putarent
3144 786 3302 841 illam
3334 804 3460 843 mox
3495 792 3713 858 peritu-

2062 872 2211 944 ram)
2240 878 2567 939 commotaa,
2592 878 2667 928 Ne
2697 873 2779 929 ita
2811 875 3007 939 facias,
3027 874 3394 931 exclamant:
3432 893 3536 932 nec
3568 878 3713 949 ipsis

2064 962 2257 1029 modo,
2282 964 2381 1017 sed
2406 963 2516 1034 ipsi
2552 978 2781 1034 quoque
2814 963 3046 1034 praesidi
3070 965 3125 1020 id
3152 966 3377 1020 facinus
3408 970 3716 1023 commise-

2064 1050 2283 1105 ratione
2314 1050 2553 1120 dignum
2587 1051 2910 1120 videbatur,
2935 1053 2981 1107 si
3009 1053 3226 1125 phocas,
3248 1070 3375 1125 quae
3400 1071 3562 1127 aqua:
3586 1056 3712 1112 ine-

2063 1144 2217 1207 rant,
2243 1139 2734 1211 pulchritudinem
2758 1140 2898 1197 adeo
2930 1143 3331 1200 admirabilem
3363 1152 3559 1203 essent
3586 1163 3710 1218 per-

2064 1228 2292 1283 ditum.
2356 1230 2640 1286 Caeterum
2702 1247 3064 1303 nequaquam
3118 1233 3176 1289 id
3231 1234 3486 1291 futurum
3547 1241 3705 1292 erat:

2065 1320 2296 1389 quando
2345 1320 2631 1388 Christus,
2664 1337 2731 1377 ex
2762 1338 2877 1393 quo
2906 1322 3007 1378 illa
3045 1326 3167 1380 tota
3217 1327 3527 1397 pendebat,
3560 1326 3712 1383 The-

2065 1408 2165 1464 cla:
2197 1423 2399 1465 curam
2435 1410 2688 1481 gerebat.
2739 1410 3026 1482 Splendor
3073 1414 3285 1487 quippe
3325 1415 3478 1488 ignis
3511 1421 3569 1472 et
3600 1416 3719 1473 ful-

2066 1497 2265 1566 minis,
2300 1514 2477 1571 super
2504 1499 2720 1571 pbocas
2752 1499 3065 1573 refulgens,
3099 1503 3232 1561 illas
3263 1521 3467 1563 omnes
3511 1522 3714 1577 super-

2066 1592 2336 1645 natantes
2384 1589 2658 1645 exstinxit
2707 1606 2720 1643 :
2776 1590 3050 1647 Theclam
3111 1609 3243 1650 vero
3302 1597 3488 1653 nubes
3545 1597 3713 1669 ignea

2065 1678 2449 1745 obumbrans,
2473 1693 2587 1732 non
2614 1677 2804 1734 solum
2841 1679 2975 1735 feris
3007 1680 3398 1739 inviolabilem
3435 1684 3711 1752 reddidit,

2066 1766 2169 1822 sed
2203 1782 2307 1822 nec
2338 1768 2555 1822 nudam
2589 1784 2620 1822 a
2652 1784 2942 1839 quoquam
2976 1770 3232 1841 conspici
3264 1772 3546 1843 permisit.
3582 1774 3713 1829 Mu-

306 1857 343 1925 ἠ
380 1856 475 1927 μὲν
502 1854 721 1929 νάρδου,
754 1858 788 1926 ἡ
821 1854 877 1958 8ρὶ
906 1858 1119 1929 κασίας,
1153 1859 1187 1926 ἡ
1218 1855 1275 1913 δὲ
1306 1858 1567 1931 ἀμώμου,
1600 1860 1634 1927 ὴ
1687 1854 1743 1911 δὲ
1783 1854 1959 1912 ἄλλου

2071 1854 2240 1912 lieres
2274 1856 2629 1926 autem,aliis
2654 1874 2887 1914 rursum
2914 1860 2972 1913 in
2995 1857 3154 1915 illam
3190 1860 3389 1917 bestiis
3428 1862 3712 1931 incitatis,

313 1942 488 2017 μύρου
545 1944 680 2018 αὐτῇ
734 1940 1060 2015 ἰπέόαλλον,
1120 1947 1194 2009 ὡς
1254 1943 1481 2002 θεοειδεῖ
1539 1944 1724 2007 ἄλλως
1784 1966 1955 2019 πρυσ-

311 2033 537 2111 ἔχουσαι
592 2034 786 2109 ταύτῃ,
834 2037 924 2091 καὶ
992 2034 1254 2110 κρείττονι
1316 2036 1533 2099 πάντως
1589 2037 1624 2106 ἢ
1674 2036 1809 2090 κατὰ
1861 2033 1957 2090 άν-

312 2123 551 2197 θρωπον.

379 2392 485 2448 ΙΛ’.
530 2393 707 2448 Πάντα
764 2389 822 2449 δὲ
860 2393 927 2450 τά
984 2394 1238 2472 ἀφεθέντα
1297 2393 1380 2449 ἐπ’
1428 2394 1594 2463 αὐτὴν
1650 2392 1830 2469 θηρία,
1865 2394 1960 2449 οἷά

305 2501 414 2535 τινι
446 2486 624 2555 φιμῷ,
659 2483 695 2553 ἢ
728 2482 881 2556 κάρῳ
911 2484 1329 2559 κατασχεθέντα,
1362 2482 1486 2539 οὐδὲ
1521 2484 1701 2562 βραχὺ
1742 2483 1957 2556 ἥψαντο

304 2568 536 2641 ταύτης,
587 2570 661 2632 ὡς
715 2571 807 2626 τὸν
864 2570 1214 2647 Ἀλέξανδρον
1251 2568 1555 2627 ἀπειπόντα
1609 2577 1729 2634 τοῖς
1781 2572 1956 2643 ὅλοις,

306 2660 511 2734 Ταῦροί
539 2681 598 2715 τε
626 2663 752 2735 παρ’
783 2660 908 2735 ἐμοὶ
959 2658 1183 2742 φοϐεροὶ
1230 2661 1369 2732 λίαν,
1403 2663 1539 2736 πρὸς
1583 2663 1674 2717 τὸν
1713 2662 1960 2736 ἡγεμόνα

306 2750 467 2827 φάναι
506 2768 519 2780 ·
554 2748 765 2812 τούτοις
815 2751 906 2805 οὗν
960 2748 1356 2825 προσδήσωμεν
1418 2749 1622 2806 Θέκλαν
1655 2771 1666 2783 ·
1715 2749 1960 2807 κάκεῖνον

305 2838 783 2913 ἰπιστυγνάσαντα,
814 2842 887 2897 Τὸ
947 2838 1140 2895 δοκοῦν
1198 2861 1306 2910 σοι,
1368 2840 1559 2909 εἰπεῖν,
1620 2840 1785 2900 ποίει.
1839 2842 1960 2897 Ἐκ-

310 2924 566 2988 δύσαντες
596 2929 773 2983 τοίνυν
800 2933 907 2983 τῶν
939 2927 1121 2985 ποδῶν
1186 2930 1390 2986 Θέκλαν
1457 2930 1618 3003 μέσον
1665 2936 1774 2985 τῶν
1831 2930 1959 2985 ταύ-

310 3036 420 3089 ρων
480 3017 791 3087 ἐξάπτουσιν
828 3036 841 3049 ’
898 3019 1011 3074 εἶτα
1077 3020 1391 3095 πυρωθέντα
1460 3017 1650 3095 σίδῃρα
1701 3025 1818 3084 τοῖς
1874 3019 1959 3075 al-

305 3104 479 3167 δοίοις
520 3106 734 3162 ἐκείνων
790 3108 1158 3177 ὑποτιθοῦσιν,
1201 3108 1272 3164 ἵν’
1325 3110 1468 3166 οὕτω
1529 3108 1962 3186 διαταραχθέντα

302 3196 370 3249 τά
430 3199 562 3267 ζῶα,
612 3198 701 3250 καὶ
751 3200 852 3267 τήν
928 3201 1160 3273 φυαικήν
1224 3198 1526 3273 ἀγριότητα
1593 3200 1679 3254 ἐπὶ
1747 3197 1957 3273 μᾶλλον

303 3284 662 3359 ἑρεθισθέντα,
714 3262 989 3343 ἐλκύσωσί
1066 3310 1124 3344 τε
1205 3262 1552 3363 θρασύτερον,
1612 3288 1701 3344 καὶ
1747 3262 1961 3344 ’ἀπολέο
1994 3262 2042 3330 C

306 3395 440 3429 σωσι
483 3374 714 3433 Θέκλαν.
749 3375 924 3432 Ἀλλὰ
981 3378 1075 3432 καὶ
1136 3378 1308 3439 οῦτως
1358 3380 1492 3448 ἦσαν
1546 3379 1793 3453 ἄπρακτα
1852 3376 1964 3434 δια-

308 3466 710 3538 μηχανώμενοι
746 3483 759 3497 ·
790 3465 882 3519 καὶ
919 3491 947 3519 ‹‹
991 3468 1050 3523 Ἥ
1114 3464 1317 3537 ἀδικία,
1350 3469 1412 3523 τὸ
1468 3473 1566 3523 τοῦ
1617 3469 1760 3523 θείου
1801 3470 1959 3546 φάναι

306 3551 497 3621 Δαϐἶδ,
530 3554 789 3629 ἐψεύσατο
842 3558 1059 3627 ἑαυτήν.
1116 3582 1143 3609 ››
1177 3559 1351 3622 Εὐθὺς
1391 3561 1494 3633 γὰρ
1538 3561 1587 3613 οἱ
1625 3561 1717 3633 μὲν
1768 3565 1961 3633 ταῦροι

302 3641 550 3713 ἥλλοντο
600 3643 773 3700 δεινὸν
822 3642 1157 3719 ἐμϐοῶντες,
1188 3650 1267 3720 τῷ
1300 3649 1429 3722 πυρὶ
1482 3646 1538 3703 δὲ
1593 3650 1658 3703 τά
1702 3648 1960 3722 παρακεί-

310 3753 439 3804 μενα
495 3738 601 3788 τῶν
659 3734 844 3790 κάλων
904 3734 1075 3809 δεσμά
1116 3736 1418 3807 κατεκαύθη
1458 3758 1468 3769 ·
1503 3738 1593 3790 καὶ
1659 3739 1724 3806 ἦν
1782 3735 1963 3799 ἄνετος

307 3821 503 3893 Θέκλα,
543 3822 632 3878 καὶ
683 3824 756 3886 ὡς
814 3825 878 3879 ού
930 3822 1189 3899 δεδεμένη
1253 3826 1304 3880 ἐν
1374 3831 1451 3897 τῷ
1512 3824 1731 3899 σταδίῳ.
1784 3827 1962 3883 Τοῦτο

310 3906 477 3988 φόϐον
536 3909 761 3968 ἐνέϐαλε
798 3915 945 3989 πάσῃ
1003 3919 1070 3988 τῇ
1129 3914 1307 3970 πόλει.
1354 3916 1628 3992 Τρύφαινα
1692 3913 1749 3970 δὲ
1806 3919 1961 3972 πάθει

311 3999 603 4075 ληφθεῖσα,
667 4008 876 4076 νεκροῖς
937 4004 1123 4076 ὁμοία,
1182 4005 1318 4078 πρὸς
1374 4011 1492 4068 τοῖς
1548 4000 1730 4075 ἅϐαξιν
1783 4006 1962 4081 ῶρᾶτο

309 4090 557 4163 κειμένη.
615 4090 970 4166 Ἀλέξανδρός
1029 4115 1087 4148 τε
1130 4094 1314 4163 αὐτὸς,
1368 4096 1431 4149 τὰ
1492 4094 1701 4172 μεγάλα
1760 4094 1961 4167 δείσας,

309 4174 502 4249 ἐδεήθη
552 4183 648 4234 τοῦ
696 4182 963 4254 ἡγεμόνος
1024 4185 1275 4252 ἂνεοῆναι
1337 4183 1543 4238 Θέκλαν
1579 4201 1592 4213 ⁸
1660 4187 1745 4254 Μή
1808 4206 1963 4258 ποτε,

312 4265 512 4340 λέγων,
547 4270 637 4323 καὶ
689 4272 723 4338 ἡ
776 4270 939 4332 πόλις
974 4274 1064 4325 σὺν
1100 4272 1185 4326 σοί
1234 4294 1291 4327 τε
1346 4274 1435 4328 καί
1484 4272 1606 4348 ἐμοὶ
1669 4274 1959 4345 ἆοόληται.

312 4359 496 4413 Ταῦτα
552 4358 653 4433 γὰρ
712 4360 757 4413 εἰ
814 4362 1049 4415 ἄκουστὰ
1107 4362 1329 4436 γένηται
1388 4363 1630 4439 Καίσαρι,
1682 4365 1771 4419 καὶ
1830 4365 1960 4439 ὅπερ

309 4448 581 4523 Τρύφαινα
664 4450 698 4515 ἡ
788 4452 1054 4525 συγγενὴς
1140 4452 1307 4506 αὐτοῦ
1383 4452 1553 4513 πάθος
1636 4457 1712 4525 (1)
1790 4452 1959 4529 ἄρδην

312 4538 549 4597 ἅπαντας
617 4534 835 4595 ἀπολεῖ.
916 4540 1427 4614 Μεταπεμψάμενος
1484 4542 1577 4597 οὖν
1647 4545 1674 4598 ὁ
1733 4545 1957 4618 ἡγεμὼν

2069 1943 2541 2015 perstrepebant:
2574 1947 2632 1999 et
2663 1944 2779 1999 haec
2828 1945 3097 2014 nardum,
3132 1946 3229 2003 illa
3279 1948 3514 2016 casiam,
3545 1949 3716 2005 tertia

2069 2048 2389 2099 amomum,
2434 2032 2547 2088 alia
2595 2033 2847 2104 denique
2893 2033 3049 2090 aliud
3102 2036 3380 2094 aromatis
3423 2054 3608 2110 genus
3652 2038 3713 2094 in

2067 2122 2338 2179 Theclam
2389 2121 2788 2194 conjicientes,
2825 2122 3009 2194 illam,
3059 2128 3341 2197 tanquam
3394 2127 3717 2183 divinitatis

2068 2211 2370 2285 quidpiam
2404 2211 2741 2281 habentem,
2772 2219 2825 2270 et
2856 2212 3015 2271 omni
3062 2214 3320 2272 humana
3359 2225 3511 2273 sorte
3543 2232 3719 2289 supe-

2069 2302 2303 2369 riorem,
2338 2303 2734 2359 attendebant.

2139 2392 2236 2448 XI.
2258 2394 2535 2449 Caeterum
2558 2409 2763 2449 omnes
2787 2394 2844 2449 in
2869 2393 3032 2450 illam
3058 2395 3189 2450 ferae
3215 2396 3518 2465 immisszs,
3540 2396 3721 2453 veluti

2070 2486 2171 2535 aut
2196 2480 2450 2538 vinculis
2482 2482 2826 2552 constrictas,
2861 2488 2963 2538 aut
2991 2488 3225 2555 torpore
3266 2487 3613 2556 praepeditas,
3646 2502 3721 2541 ne

2070 2569 2363 2625 tantillum
2389 2571 2622 2643 quidem
2647 2587 2771 2626 eam
2798 2572 3190 2641 attingebant:
3213 2574 3293 2627 ita
3317 2582 3377 2628 ut
3398 2573 3726 2629 Alexander

2069 2659 2348 2714 omnibus
2410 2660 2536 2715 suis
2596 2660 2823 2715 artibus
2878 2660 3130 2729 diffisus,
3181 2662 3375 2730 Tauri,
3426 2664 3640 2733 inquit,
3690 2680 3722 2718 ο

2071 2766 2293 2821 praeses,
2332 2751 2486 2821 apud
2520 2767 2611 2806 me
2641 2756 2779 2806 sunt
2810 2751 3204 2807 formidabiles
3238 2753 3555 2809 admodum
3585 2770 3597 2807 :
3628 2753 3721 2809 his

2070 2839 2252 2911 igitur
2281 2840 2552 2895 Theclam
2584 2840 2916 2912 alligamus.
2950 2840 3054 2896 Cui
3086 2839 3204 2910 ille,
3238 2841 3481 2897 tristitia
3510 2842 3719 2910 victus,

2072 2928 2200 2999 Fac,
2262 2931 2471 3001 inquit,
2524 2931 2675 3002 quod
2729 2930 2834 2985 tibi
2893 2931 3141 2987 videtur.
3202 2931 3470 2987 Theclam
3530 2934 3723 3003 itaque

2071 3027 2326 3087 exutum,
2361 3020 2609 3075 mediam
2657 3020 2808 3076 inter
2838 3024 3037 3075 tauros
3069 3037 3136 3075 ex
3168 3021 3413 3091 pedibus
3456 3020 3721 3093 alligant,

2072 3108 2281 3163 deinde
2313 3109 2667 3165 ferramenta
2697 3110 2832 3180 igne
2864 3110 3168 3164 candentia
3208 3110 3481 3165 membris
3521 3125 3724 3165 eorum

2073 3198 2424 3271 genitalibus
2457 3199 2800 3269 subjiciunt,
2825 3216 2937 3269 quo
2965 3198 3081 3255 illis
3114 3198 3395 3255 animalia
3424 3200 3726 3264 inlestata,

2074 3291 2129 3342 et
2160 3288 2227 3341 ad
2265 3291 2481 3342 natura:
2513 3288 2752 3343 insitam
2787 3288 3072 3344 feritatem
3100 3289 3290 3359 magis
3314 3286 3562 3352 irritata,
3586 3288 3731 3341 The-

2070 3376 2220 3431 clam
2254 3375 2425 3432 citius
2458 3377 2747 3443 differant,
2776 3377 3256 3448 interimantque.
3280 3376 3387 3432 Sed
3412 3376 3470 3431 hi
3496 3390 3727 3447 quoque

2070 3465 2303 3521 illorum
2360 3471 2604 3521 conatus
2657 3466 2874 3521 frustra
2924 3466 3121 3521 fuere:
3156 3472 3213 3521 et
3234 3468 3407 3537 juxta
3455 3464 3717 3520 divinum

2071 3555 2366 3626 Davidem,
2394 3579 2421 3605 «
2446 3556 2682 3610 Mentita
2713 3560 2799 3611 est
2824 3555 3107 3626 iniquitas
3138 3555 3249 3609 sibi
3274 3555 3316 3623 ³,
3346 3578 3372 3604 ››
3399 3572 3533 3610 nam
3567 3554 3718 3610 tauri

2073 3645 2308 3715 quidem
2330 3645 2525 3700 statim
2552 3644 3210 3712 exsiliere,horrendum
3238 3645 3527 3714 mugitum
3553 3644 3723 3698 eden-

2072 3740 2180 3801 tes,
2214 3740 2268 3789 et
2301 3736 2528 3789 funium
2580 3750 2762 3788 nexus
2795 3734 2867 3789 iis
2898 3734 3154 3802 adaptati
3210 3734 3342 3803 igne
3394 3732 3722 3802 conﬂagra-

2071 3832 2245 3881 runt:
2283 3827 2494 3883 Tbecla
2523 3832 2737 3891 autem,
2770 3829 3047 3894 tanquam
3098 3824 3289 3880 vincta
3320 3825 3559 3880 omnino
3605 3840 3721 3880 non

2074 3916 2304 3982 fuisset,
2341 3918 2532 3973 soluta
2581 3916 2639 3971 in
2684 3917 2875 3971 stadio
2924 3917 3205 3987 apparuit.
3240 3914 3401 3981 Quod
3450 3914 3718 3969 timorem

2074 4008 2355 4062 universae
2380 4007 2593 4061 civitati
2617 4007 2885 4061 incussit.
2910 4007 3188 4061 Caeterum
3211 4005 3530 4077 Tryphaena
3554 4007 3718 4059 tanto

2072 4097 2221 4152 malo
2256 4097 2542 4168 perculsa,
2576 4100 2815 4151 mortua:
2848 4094 3084 4161 similis,
3118 4095 3175 4149 in
3210 4111 3390 4149 caveas
3441 4091 3714 4148 tabulatis

2065 4189 2257 4256 jacere
2288 4186 2770 4257 conspiciebatur.
2808 4186 3132 4240 Alexander
3162 4201 3293 4240 vero
3326 4182 3569 4238 multum
3604 4181 3715 4237 sibi

2074 4292 2302 4347 quoque
2353 4282 2635 4340 metuens,
2681 4274 2923 4346 rogabat
2969 4273 3273 4345 praesidem
3310 4278 3374 4328 ut
3405 4272 3723 4327 dimitteret

2072 4365 2344 4419 Theclam
2375 4380 2386 4418 :
2421 4363 2501 4419 Ne
2551 4365 2715 4433 forte,
2749 4365 2958 4435 inquit,
3002 4364 3142 4418 urbs
3194 4363 3311 4417 haec
3359 4366 3548 4417 tecum
3603 4374 3729 4414 me-

2074 4469 2328 4523 cumque
2406 4460 2620 4523 pereat.
2684 4451 2828 4508 Nam
2886 4454 2934 4508 si
2997 4453 3111 4506 haec
3170 4453 3360 4507 Caesar
3430 4449 3722 4518 resciscat,

2075 4543 2344 4613 quodque
2360 4559 2461 4597 con
2474 4544 2796 4615 sanguinea
2810 4560 2912 4597 sua
2927 4542 3247 4614 Tryphaena
3264 4558 3361 4613 per
3378 4557 3483 4596 nos
3498 4543 3725 4595 tantum

314 4624 521 4680 Θέκλαν
568 4624 626 4679 ἐκ
695 4626 859 4698 μέσου
920 4625 987 4695 δὴ
1045 4634 1141 4683 τοῦ
1196 4634 1421 4705 θεάτρου
1457 4651 1468 4664 ·
1515 4631 1615 4695 Τίς
1646 4633 1695 4686 εἴ
1720 4634 1813 4701 σύ;
1854 4632 1959 4705 διη-

2084 4631 2220 4685 mali
2254 4632 2560 4701 sustineat,
2597 4630 2770 4687 simul
2806 4648 2911 4686 nos
2942 4647 3142 4685 omnes
3176 4631 3394 4702 perdet.
3430 4628 3725 4685 Accersita

316 4714 485 4788 ρώτα,
517 4714 606 4769 καὶ
634 4715 752 4770 τίνα
780 4717 844 4771 τὰ
887 4718 1010 4791 περὶ
1055 4720 1135 4788 σὲ,
1168 4718 1251 4773 ὅτι
1313 4718 1453 4792 μηδὲ
1508 4718 1560 4775 ἓν
1608 4726 1713 4776 τῶν
1760 4722 1962 4797 θηρίων

313 4801 495 4876 ἣψατό
528 4824 654 4873 σους
688 4806 751 4862 Ἠ
784 4804 839 4860 δὲ
872 4807 1076 4877 Δουλη,
1107 4806 1230 4885 ἔφη.
1268 4808 1382 4881 εἷμί
1432 4815 1565 4865 Θεοῦ
1605 4817 1700 4865 τοῦ
1748 4818 1964 4881 ζῶντος.

316 4894 399 4949 Τὰ
460 4890 514 4947 δὲ
558 4896 682 4966 περὶ
731 4895 827 4967 ἐμὲ
877 4898 1046 4952 ταῦτά
1088 4895 1255 4968 ἐστιν,
1302 4898 1385 4954 ὅτι
1437 4900 1512 4962 εἰς
1562 4900 1621 4954 ’ὀν
1675 4898 1965 4972 εῦδόκησεν

316 4982 439 5036 Υἱὸν
498 4982 663 5037 αὐτοῦ
724 4986 932 5054 Ἰησοῦν
1003 4988 1241 5053 Χριστὸν
1320 4990 1694 5045 πεπίστευκα·
1756 4996 1879 5065 παρ’
1938 4992 1965 5045 ὃ

317 5071 442 5125 οὐδὲ
472 5068 525 5125 ἓν
582 5094 686 5145 μου
744 5078 853 5128 τῶν
914 5077 1120 5150 θηρίων
1181 5072 1428 5150 ἔψαυσεν,
1480 5078 1645 5141 αὐτὸς
1703 5081 1805 5156 γὰρ
1861 5081 1967 5154 μού

315 5158 427 5215 ἐστι
484 5161 748 5235 σωτηρία,
797 5164 887 5217 καὶ
940 5170 1087 5234 ζωῆς
1160 5165 1425 5230 ἀθανάτου
1486 5168 1776 5231 ὑπόστασις
1811 5188 1823 5202 ·
1876 5169 1967 5223 καὶ

315 5250 376 5308 ’ὀς
406 5248 487 5303 ἐπ’
521 5250 682 5305 αὐτὸν
738 5254 811 5323 μὴ
856 5254 1180 5327 πιστεύσειε,
1216 5260 1361 5325 ζωῆς·
1395 5257 1553 5319 οὗτος
1612 5262 1719 5333 οῦχ
1775 5257 1964 5327 ἕξεται·

314 5335 446 5391 ἀλλ’
503 5338 579 5403 εἷς
654 5340 852 5405 αἰῶνας
922 5344 1297 5401 ἀποθανεῖται.
1367 5346 1583 5402 Τούτων
1638 5348 1891 5412 ῗᾶκούσας
1942 5349 1969 5401 ὁ

315 5428 564 5501 ἡγεμὼν,
594 5432 680 5485 καὶ
722 5432 814 5486 οἷα
844 5434 943 5502 τὴν
978 5435 1221 5510 μάρτυρα
1263 5436 1350 5489 καὶ
1390 5436 1516 5499 τοὺς
1562 5435 1729 5507 αὒτῆς
1773 5435 1972 5514 λόγους

389 5599 409 5633 ³
442 5598 597 5655 Psal.
629 5616 783 5668 xxvr,
818 5603 905 5659 l2.

395 5764 473 5844 (1)
509 5767 675 5827 Forte
710 5766 869 5829 deest
898 5769 1101 5831 vocula
1129 5768 1383 5845 πέπονθε,
1410 5778 1564 5835 certe
1585 5773 1805 5852 aliquid
1837 5777 1971 5839 tale.

2078 4721 2322 4792 proinde
2368 4721 2583 4776 Thecla
2614 4738 2679 4777 ex
2715 4722 2905 4776 medio
2956 4720 3199 4777 theatri:
3234 4720 3366 4783 Quae
3411 4724 3473 4774 tu
3506 4734 3568 4773 es
3592 4719 3619 4771 Ῥ
3650 4716 3735 4771 ait

2075 4825 2310 4880 praeses,
2336 4815 2389 4865 et
2416 4826 2681 4881 quamam
2717 4810 2815 4865 illa
2846 4813 2905 4864 in
2932 4814 2987 4864 te
3020 4810 3356 4877 efficacitas,
3381 4809 3533 4879 quod
3568 4805 3730 4861 nulla

2076 4900 2325 4955 ferarum
2381 4901 2641 4956 omnium
2692 4904 2747 4955 te
2783 4899 3021 4955 omnino
3073 4898 3556 4971 attigerit?Tum
3597 4894 3730 4951 illa:

2073 4989 2314 5045 Famula
2362 5007 2493 5045 sum
2527 4989 2626 5045 Dei
2658 4990 2937 5045 viventis:
2973 5005 3101 5061 quae
3136 5006 3268 5045 vero
3302 4988 3359 5043 in
3395 5004 3483 5043 me
3515 4985 3728 5053 habeo,

2075 5080 2199 5135 haec
2232 5082 2449 5135 suntin
2484 5080 2830 5149 remedium,
2865 5080 3015 5150 quod
3066 5081 3125 5133 in
3174 5080 3377 5134 Jesum
3428 5076 3728 5132 Christum

2079 5169 2286 5224 Filium
2316 5171 2463 5240 ejus,
2490 5169 2545 5223 in
2580 5186 2694 5240 quo
2729 5169 2839 5224 sibi
2871 5167 3243 5239 complacuit,
3278 5166 3538 5223 credidi:
3575 5165 3726 5219 unde

2078 5260 2316 5326 factum,
2352 5259 2499 5330 quod
2538 5258 2694 5313 nulla
2727 5274 2819 5313 me
2852 5259 3101 5312 ferarum
3144 5254 3565 5312 attrectaverit:
3600 5253 3724 5325 ipse

2077 5350 2233 5405 enim
2265 5358 2350 5403 est
2379 5348 2538 5403 salus
2571 5364 2719 5413 mea,
2753 5351 2810 5402 et
2839 5346 2964 5401 vita:
2992 5344 3343 5401 immortalis
3376 5342 3719 5399 fundamen-

2079 5444 2227 5509 tum,
2253 5448 2304 5496 et
2328 5440 2427 5512 qui
2459 5440 2515 5495 in
2548 5438 2736 5510 ipsum
2772 5454 2885 5493 non
2919 5437 3245 5506 crediderit,
3269 5435 3445 5491 vitam
3471 5434 3712 5491 minime
