4144 6184
335 274 444 334 841

1550 278 2027 341 MARTYIHUM
2076 270 2137 336 δέ
2182 277 2530 341 ΤΗΕΟῘΛΕ.

3620 278 3737 336 διε

336 432 464 504 δόξα
511 455 569 489 τε
623 437 713 489 καί
781 439 1147 509 προσκύνησις
1222 435 1298 497 εἰς
1363 437 1491 498 τοὺς
1560 437 1775 499 αἰῶνας.
1846 437 1983 511 Εὗρε

2122 454 2363 509 nquam,
2398 438 2501 492 tibi
2532 455 2662 507 ago,
2684 439 2821 509 quia
2842 441 2904 492 tu
2932 439 3093 493 solus
3124 453 3188 492 es
3223 440 3392 505 licus,
3415 442 3474 494 et
3497 437 3598 493 tibi
3637 437 3747 493 soli

339 525 525 599 μέντοι
558 525 800 598 Θάμυριν
845 525 1161 596 τεθνηκότα,
1210 528 1309 597 τὴν
1362 525 1418 581 δὲ
1468 525 1676 599 μητέρα
1716 530 1817 596 τὴν
1864 530 1990 585 ἑαυ-

334 620 435 682 τῆς
496 616 693 683 ζῶσαν·
748 613 815 683 ἥν
881 616 971 669 καὶ
1039 609 1287 670 λαϐοῦσα
1350 616 1485 671 κατὰ
1553 615 1790 690 σχολὴν,
1860 619 1989 675 Θεό-

335 700 513 770 κλεια,
557 701 681 777 ἔφη,
740 710 912 779 μῆτερ
943 701 1075 777 ἒμή,
1122 702 1338 759 δύνασαι
1383 711 1685 773 πιστεῦσαι,
1746 706 1832 762 ὅτι
1884 713 1987 777 ζῶν

338 792 533 868 Κύριος
563 792 590 846 ὁ
624 794 755 855 Θεός
788 792 929 849 ἐστιν
960 792 1012 848 ἐν
1053 792 1340 868 οὖρανοῖςς
1385 794 1506 850 Εἴτε
1535 796 1636 870 γὰρ
1687 798 1992 870 χρημάτων

338 879 485 954 ἐρᾷς,
547 881 716 955 ὀρέξει
775 903 863 937 σοι
918 887 1087 938 ταῦτα
1153 881 1222 937 δι’
1288 882 1422 955 ἐμοῦ
1490 885 1517 938 ὁ
1559 886 1709 946 Θεός”
1772 886 1878 941 εἴτε
1935 884 1992 943 δὲ

336 970 548 1043 τέκνου,
579 972 893 1046 παρέστηκά
940 993 1044 1029 σοι.
1090 971 1272 1030 Ἀλλα
1308 994 1367 1029 τε
1415 972 1592 1028 πλείω
1640 974 1846 1030 τούτων
1898 974 1993 1031 λέ-

339 1062 513 1136 γουσά
568 1083 626 1117 τε
683 1063 771 1117 καὶ
830 1062 1049 1135 ἀξιοῦσα
1105 1064 1306 1134 ταύτην
1395 1062 1803 1139 διεμαρτύρετο.
1864 1072 1993 1122 Θεο-

338 1152 499 1224 κλείᾳ
529 1149 586 1207 δὲ
636 1157 801 1207 ταῦτα
846 1153 1008 1228 φόροι
1080 1156 1248 1227 μόνον
1314 1155 1449 1224 ἦσαν
1509 1157 1675 1227 κενοὶ,
1733 1162 1838 1211 τῶν
1901 1158 1995 1230 μὶν

343 1238 499 1297 ὢτων
533 1242 957 1316 καταχεόμενοι,
997 1244 1297 1317 ἁπτόμενοι
1347 1242 1404 1298 δὲ
1448 1252 1548 1314 τῆς
1599 1243 1823 1319 καρδίας
1868 1243 1996 1300 οὐδὲ

345 1330 549 1407 βραχύ.
583 1329 792 1387 Βύουσα
824 1331 928 1407 γὰρ
979 1332 1044 1400 ἦν
1091 1332 1157 1387 τὰ
1204 1330 1317 1387 ὦτα
1362 1332 1451 1387 καὶ
1499 1334 1659 1403 αὐτή,
1711 1338 1845 1389 κατὰ
1893 1335 1991 1403 τήν

339 1415 564 1487 ἀσπίδα,
598 1419 672 1481 ὡς
708 1422 783 1492 μή
819 1420 1041 1476 ἀκοῦσαι
1074 1429 1261 1498 φωνῆς
1295 1420 1610 1493 ἐπᾴδοντος.

416 1598 515 1656 ῙΔ“.
545 1598 699 1654 Ἑπεί
740 1596 796 1654 δὲ
829 1596 934 1653 ἴδοι
982 1599 1159 1656 Θὲκλα
1223 1601 1305 1657 ὅτι
1361 1599 1529 1673 μηδὲν
1577 1602 1801 1677 ὠφελεῖ,
1853 1601 1997 1658 ἀλλὰ

341 1688 433 1742 τὸν
468 1687 701 1743 Αἰθίοπα
750 1690 986 1763 σμήχειν
1036 1688 1325 1765 ἐπιχειρεῖ,
1378 1693 1569 1761 σώζειν
1621 1689 1997 1761 σπουδάζουσα

343 1777 444 1845 τὴν
481 1778 713 1852 μητέρν
749 1776 1254 1855 ἑπισφραγισαμένη
1297 1778 1427 1835 ’ὀλον
1466 1781 1526 1835 τὸ
1569 1787 1728 1854 σῶμα
1770 1781 1832 1835 τὸ
1876 1781 1998 1837 ἒαυ.
2033 1817 2085 1884 Β

343 1871 468 1935 τῆς,
500 1867 601 1937 τήν
649 1866 919 1924 Ἰκονιέων
964 1867 1241 1947 ἐξέρχεται
1286 1867 1470 1925 πόλιν.
1522 1871 1614 1925 καί
1665 1870 1740 1933 εἰς
1788 1869 2000 1948 Δάφνην

345 1950 592 2032 ἔρχεται,
640 1956 717 2019 εἷς
762 1957 1026 2029 μνημεῖόν
1064 1978 1123 2012 τε
1183 1957 1371 2013 εἷ’σεισι
1429 1954 1551 2023 ἔνθα
1600 1958 1813 2021 Ηαῦλος
1873 1959 2005 2033 μετά

348 2045 717 2124 Ὀνησιφόρου
769 2047 839 2115 ἧν
899 2045 1154 2121 εὑρεθεὶς,
1216 2046 1326 2103 ἐκεῖ
1380 2052 1784 2122 προσπεσοῦσα,
1833 2070 2005 2124 προσ-

349 2130 576 2191 ἆκλαυσε
622 2139 700 2205 τῷ
750 2138 886 2207 Θεῷ,
936 2136 1054 2192 Εἶθ’
1105 2136 1279 2199 οὕτως
1331 2136 1407 2198 είς
1460 2135 1776 2192 Σελεύκειαν
1828 2137 2003 2193 εἰσελ-

352 2228 537 2288 θοῦσα,
581 2218 767 2294 ἔξεισιν
818 2219 919 2295 ἔξω
969 2231 1068 2294 τῆς
1118 2224 1335 2286 πόλεως
1388 2224 1562 2298 μιλίῳ
1611 2226 1708 2282 ἑνί.
1760 2227 1863 2283 Καὶ
1915 2235 2005 2282 Σε-

352 2312 563 2376 λευκεῖς
610 2315 713 2387 γὰρ
763 2312 1044 2382 ἐδεδοίκει,
1095 2315 1178 2369 ὅτι
1225 2315 1465 2371 κάκεῖνοι
1521 2313 1725 2371 εἴδωλα
1772 2336 2006 2391 προσκυ-

348 2406 562 2463 νοῦντις
622 2403 779 2470 ἦσαν.
833 2399 1051 2478 Ὀδηγῷ
1091 2400 1148 2458 δὲ
1187 2403 1448 2479 χρωμένη
1507 2408 1587 2476 τῷ
1637 2404 1775 2484 φωτὶ
1825 2402 2001 2475 ἐκείνη

348 2499 450 2562 τῆς
491 2490 743 2565 νεφέλης,
794 2491 1048 2569 ἀνάγεται
1093 2493 1230 2566 πρὸς
1272 2493 1336 2547 τὸ
1381 2488 1530 2567 ὅρος,
1564 2493 1592 2547 '6
1625 2491 1844 2567 ἐλέγετο
1897 2496 2005 2550 Κα-

349 2581 541 2653 λαμὼν
585 2580 759 2636 εἵτουν
808 2578 1060 2637 Ῥοδίων·
1111 2578 1235 2646 ἔνθα
1278 2580 1551 2652 σπήλαιον
1598 2582 1848 2657 εὑροῦσα,
1899 2582 2007 2637 εἶ’σ-

350 2691 486 2743 εισιν
538 2667 714 2739 ἔνδον,
771 2672 928 2726 κάκεῖ
975 2672 1210 2746 χρόνους
1269 2668 1509 2745 διαμένει
1560 2670 1811 2747 συχνοὺς,
1863 2671 2005 2727 πολ-

349 2759 482 2823 λοὺς
514 2761 607 2833 μὲν
637 2760 774 2834 αύτῇ
807 2760 895 2814 καὶ
939 2758 1219 2837 χαλεποὺς
1264 2762 1600 2836 πειρασμοὺς
1650 2765 1749 2816 τοῦ
1800 2760 2003 2835 ἐχθροῦ

350 2847 731 2925 διεγείραντος,
780 2853 981 2911 πάντας
1030 2847 1088 2904 δὲ
1135 2851 1379 2924 Χριστοῦ
1430 2849 1615 2924 χάριτι
1678 2850 2003 2921 νικησάσης,

350 2938 537 3010 Δήλην
596 2937 655 2994 δὲ
709 2937 873 3006 αύτήν
932 2943 1219 3013 πανταχοῦ
1283 2946 1381 3008 τῆς
1446 2939 1644 3010 ἀρετῆς
1711 2940 2002 3010 ποιούσης,

347 3027 562 3088 πολλάς
615 3033 722 3083 τῶν
774 3027 1005 3103 εὐγενῶν
1054 3032 1320 3103 γυναικῶν
1376 3028 1404 3082 ὁ
1451 3028 1654 3099 ταύτης
1717 3027 2001 3102 ἐχειροῦτο

348 3118 539 3188 πόθος,
589 3117 678 3173 καὶ
728 3118 802 3179 ὡς
869 3117 1035 3187 αὐτὴν
1104 3122 1391 3196 φοιτῶσαι,
1460 3117 1643 3192 λόγων
1699 3112 1999 3187 ἀπέλαϐον,

2098 530 2367 583 convenit
2383 528 2565 599 gloria
2585 532 2641 583 et
2664 527 2956 583 veneratio
2971 528 3028 582 in
3053 526 3285 582 secula.
3308 526 3531 582 Invenit
3549 532 3748 583 autem

2100 616 2460 689 'l‘hamyrida
2490 624 2810 687 mortuum,
2843 632 3062 671 marem
3082 620 3280 671 tamen
3302 615 3496 671 adhuc
3520 616 3705 673 vivam
3731 632 3746 670 :

2102 724 2214 778 qua
2264 724 2364 778 per
2413 709 2597 763 otium
2647 708 2717 763 ad
2768 724 2828 763 se
2873 713 3129 777 recepta,
3179 706 3487 777 Theoclea,
3536 706 3747 777 inquit,

2103 805 2288 852 mater
2339 814 2491 861 mea,
2525 806 2689 869 poles
2739 798 2974 853 credere
3004 796 3313 852 Dominum
3346 798 3525 852 Deum
3556 796 3746 850 vivum

2101 886 2160 942 in
2193 885 2353 942 caelis
2385 903 2513 942 esse
2537 887 2564 941 ?
2592 887 2647 940 Si
2692 887 2847 941 enim
2884 886 3224 941 divitiarum
3273 901 3334 940 es
3364 901 3587 954 amans,
3620 883 3748 939 illas

2104 976 2203 1031 tibi
2256 992 2356 1045 per
2406 993 2498 1029 me
2546 976 2972 1046 suppeditabit,
3023 976 3069 1029 si
3120 975 3250 1029 filia:
3298 978 3431 1043 tua,
3471 989 3604 1029 ecce
3642 971 3751 1028 tibi

2104 1070 2255 1120 asto.
2292 1065 2535 1135 Haecque
2577 1069 2634 1119 et
2679 1064 2771 1119 his
2822 1063 2987 1135 plura
3032 1063 3114 1118 illi
3166 1064 3389 1128 dicens,
3424 1077 3751 1134 rogansque

2103 1154 2263 1209 illam
2287 1154 2713 1209 obtestabatur.
2740 1154 2874 1219 Quae
2918 1152 3115 1208 omnia
3136 1154 3432 1209 Theoclete
3471 1152 3600 1207 soni
3625 1159 3753 1208 tau-

2105 1246 2229 1297 tum
2264 1242 2460 1297 inanes
2486 1243 2812 1309 verborum,
2839 1243 2938 1314 qui
2970 1243 3039 1296 ad
3065 1258 3235 1296 aures
3267 1241 3505 1312 quidem
3540 1241 3757 1295 diffun-

2107 1331 2406 1398 derentur,
2458 1348 2558 1386 cor
2606 1335 2799 1385 autem
2849 1331 3010 1387 illius
3059 1347 3133 1387 ne
3181 1330 3478 1386 tantillum
3524 1330 3757 1401 quidem

2104 1420 2479 1491 attingerent,
2510 1421 2880 1475 obturaverat
2908 1420 3064 1475 enim
3093 1432 3148 1476 et
3179 1420 3280 1475 illa
3310 1436 3502 1488 aures,
3534 1417 3755 1491 aspidis

2105 1509 2309 1578 instar,
2342 1526 2413 1566 ne
2444 1508 2673 1565 audiret
2702 1526 2898 1567 vocem
2931 1511 3306 1567 incantantis.

2177 1596 2320 1653 XIV.
2353 1598 2568 1654 Thecla
2598 1604 2791 1655 autem
2827 1616 2889 1655 se
2940 1600 3084 1655 nihil
3134 1600 3429 1671 proficere,
3464 1600 3588 1667 sed,
3623 1614 3752 1654 cum

2107 1694 2354 1743 matrem
2387 1705 2615 1744 servare
2646 1689 2873 1754 nititur,
2904 1706 3021 1744 non
3046 1689 3203 1744 aliud
3228 1706 3400 1762 quam
3423 1688 3752 1761 [Ethiopem

2107 1775 2301 1832 lavare
2330 1792 2392 1832 se
2422 1777 2643 1844 videns,
2678 1794 2888 1849 corpus
2927 1794 3101 1833 suum
3134 1782 3317 1833 totum
3359 1792 3529 1833 cruce
3560 1776 3757 1832 consi-

2112 1883 2319 1936 gnans,
2354 1867 2745 1922 Iconiensium
2780 1868 2982 1922 urbem
3016 1866 3333 1938 egreditur,
3366 1873 3423 1921 et
3452 1865 3755 1937 Daphnem

2113 1955 2377 2011 accedit:
2430 1953 2627 2025 ibique
2675 1959 3122 2010 monumentum
3156 1955 3281 2025 (ubi
3331 1953 3573 2009 Paulum
3622 1969 3757 2009 cum

2113 2042 2471 2113 Onesiphoro
2492 2044 2808 2114 invenerat)
2832 2047 3029 2112 intrat,
3049 2049 3106 2099 et
3129 2044 3454 2114 prouidens,
3474 2043 3762 2115 lacrymas

2112 2135 2183 2189 ad
2217 2135 2398 2189 Deum
2439 2135 2649 2190 fundit.
2683 2134 2902 2189 Deinde
2924 2134 3244 2190 Seleuciam
3269 2134 3554 2206 ingressa,
3579 2148 3762 2189 unum

2113 2224 2338 2279 miliare
2368 2225 2440 2280 ab
2475 2226 2615 2280 urbe
2641 2223 2914 2290 discedit,
2942 2225 3235 2280 metuebat
3254 2223 3410 2279 enim
3441 2222 3763 2279 Seleucian-

2114 2331 2228 2382 ses,
2251 2316 2404 2385 quod
2425 2320 2481 2369 et
2501 2314 2585 2369 illi
2610 2314 2757 2369 idola
2777 2315 3088 2369 adorarent
3110 2331 3123 2370 :
3150 2314 3324 2370 nubis
3347 2318 3544 2369 autem
3570 2312 3758 2369 lucem

2111 2404 2214 2459 vias
2248 2405 2454 2458 ducem
2489 2413 2677 2470 nacta,
2702 2407 2958 2459 montem
2992 2402 3350 2469 conscendit,
3373 2400 3470 2458 cui
3492 2401 3759 2457 Calamon

2116 2493 2235 2549 sive
2268 2493 2531 2548 Rhodion
2567 2510 2773 2548 nomen
2807 2497 2952 2558 erat,
2978 2494 3077 2546 ubi
3112 2494 3169 2547 in
3206 2502 3489 2563 repertam
3523 2492 3764 2563 spelun-

2114 2599 2239 2637 cam
2275 2581 2565 2648 concedit,
2596 2581 2961 2652 plurimoque
2991 2581 3206 2636 ibidem
3232 2587 3489 2651 tempore
3512 2597 3766 2637 commo-

2115 2681 2274 2725 ratur
2307 2686 2320 2723 :
2357 2669 2573 2725 multas
2605 2669 2719 2725 illis
2764 2686 3084 2740 gravesque
3135 2670 3369 2725 interim
3420 2669 3764 2725 tentationes

2115 2759 2282 2815 hoste
2334 2759 2566 2814 diabolo
2618 2759 2968 2828 concitante,
3021 2758 3269 2829 illasque
3316 2774 3516 2813 omnes
3571 2758 3767 2814 divino

2115 2849 2394 2905 beneficio
2418 2850 2542 2920 ipsa
2559 2856 2891 2920 superante.
2918 2849 3179 2919 Cumque
3197 2865 3324 2903 eam
3344 2849 3527 2904 virtus
3552 2848 3765 2920 ubique

2115 2937 2384 2993 redderet
2406 2938 2721 3003 illustrem,
2744 2937 2958 2993 multas
2975 2935 3256 2991 nobilium
3277 2936 3621 2991 feminarum
3640 2937 3768 3005 ejus

2112 3027 2356 3082 incessit
2412 3026 2771 3081 desiderium
2831 3041 2845 3080 :
2915 3024 3198 3096 illamque
3262 3025 3562 3092 adeuntes,
3623 3040 3756 3080 cum

2111 3116 2306 3171 verbis
2328 3116 2473 3183 ejus,
2496 3132 2608 3169 non
2635 3114 2917 3169 minorem
2939 3116 3307 3169 venustatem
3328 3129 3506 3185 quam
3529 3112 3759 3168 utilita—

348 3205 492 3262 πολὺ
524 3184 599 3262 ⁷τὸ
649 3205 838 3285 χαρίεν
893 3184 1028 3280 μετά
1078 3184 1175 3261 τοῦ
1234 3184 1464 3284 ὠφελεῖν
1525 3184 1996 3280 ἐπιδεδειγμένωνλ

2118 3213 2223 3258 lem
2254 3220 2322 3258 ex
2344 3221 2406 3258 se
2436 3203 2897 3269 ostendentibus,
2926 3202 3277 3266 fruerentur,
3304 3199 3474 3272 longe
3496 3199 3606 3255 hac
3636 3201 3755 3256 vita

350 3297 401 3367 ἐξ
434 3297 506 3350 ὧν
557 3297 657 3351 οὐκ
699 3294 901 3370 ὀλίγαι,
952 3298 1131 3369 μακρᾷ
1176 3302 1277 3366 τῆς
1340 3298 1440 3350 τοῦ
1502 3296 1624 3371 βίου
1674 3296 1886 3374 χαίρεῖν
1933 3295 2005 3350 εἱ-

348 3389 568 3455 ποῦσαι,
618 3389 982 3455 συνησκοῦντο
1019 3384 1213 3459 ταύτῃ.
1262 3385 1361 3441 Ἠν
1413 3382 1471 3439 δὲ
1500 3387 1534 3454 ἡ
1569 3383 1744 3441 Θὲκλα
1788 3384 1850 3439 ού
1900 3388 2004 3459 ψυ-

351 3474 454 3550 χᾶς
490 3475 679 3547 μόνον,
708 3474 854 3530 ἀλλὰ
887 3474 979 3529 καὶ
1028 3474 1256 3547 σώματα
1306 3475 1613 3550 θεραπεύειν
1651 3472 2000 3548 ἐπισταμένη,

351 3564 451 3619 οὐκ
511 3563 775 3638 ἰατρικαῖς
830 3565 1068 3638 τέχναις,
1128 3562 1273 3618 ἀλλὰ
1316 3566 1813 3640 θαυματουργικκῖς
1861 3562 2007 3638 μᾶλ-

352 3651 449 3708 λον
497 3653 772 3729 ἀνάγκαις.
820 3653 993 3728 Ὀπερ
1050 3654 1084 3721 ἡ
1144 3650 1308 3714 πόλις
1367 3656 1629 3725 μαθοῦσα,
1684 3652 1768 3707 δτι
1826 3658 2003 3726 παρῆν

352 3741 543 3815 ἀμισθί
616 3744 810 3807 νόσους
884 3739 1222 3812 ἐλαύνεσθαι,
1310 3748 1588 3816 προσῆγον
1668 3742 1805 3814 αὐτῄ
1879 3739 2007 3805 τοὺς

352 3832 682 3907 πάσχοντας,
744 3832 788 3903 ᾧ
846 3830 907 3885 ἂν
967 3831 1055 3885 καὶ
1122 3829 1318 3906 ἔτυχον
1382 3833 1659 3903 νοσήματι
1719 3851 2007 3906 προκατει-

352 3919 651 3993 λημμένοι.
681 3921 782 3978 Καὶ
824 3920 890 3989 ἦν
944 3916 1076 3976 ἰδεῖν
1128 3924 1357 3995 πρᾶγμα
1407 3918 1578 3995 λόγου
1627 3924 1868 3994 κρεῖττον
1918 3919 2009 3973 καὶ

356 4006 689 4085 διηγήσεως
755 4006 908 4065 οὔπω
967 4011 1073 4084 γὰρ
1111 4009 1249 4077 ἦσαν
1306 4012 1374 4083 τῇ
1432 4009 1567 4083 θύρᾳ
1613 4008 2008 4079 πλησιάζοντες

350 4102 449 4154 τοῦ
508 4098 808 4168 σπηλαίου,
864 4098 958 4153 καὶ
1025 4095 1207 4173 ὥσπερ
1267 4097 1321 4151 αἱ
1379 4098 1535 4153 νόσοι
1584 4097 1675 4152 τὸν
1718 4098 2009 4174 ἀνταγωνι-

354 4190 484 4259 στὴν
536 4185 833 4244 δεδοικυῖαι
893 4187 1047 4250 εὐθὺς
1105 4182 1319 4265 ἔφυγον,
1379 4188 1550 4263 ὑγιεῖς
1599 4188 1725 4249 τοὺς
1767 4187 2011 4260 πάσχον.

352 4299 448 4340 τας
505 4276 953 4335 καταλείπουσαι.
1012 4281 1190 4333 Τοῦτο
1251 4274 1310 4332 δὲ
1364 4278 1453 4332 καὶ
1512 4275 1565 4331 ἔν
1613 4281 1729 4339 τοῖς
1790 4273 2011 4350 δαίμοσι

355 4374 620 4443 πονηροῖς
672 4365 1141 4443 προσπαλαίουσιν
1228 4367 1355 4440 ὁρᾷν
1412 4367 1499 4435 ἦν·
1558 4366 1649 4420 καὶ
1698 4364 1851 4421 αὐτοὶ
1908 4364 2012 4440 γάρ

357 4460 530 4513 κακοῦ
560 4455 768 4528 ἐξάνται
805 4457 1110 4531 γινόμενοι,
1166 4454 1381 4518 πολλὰς
1430 4458 1545 4528 Θεῷ
1595 4475 1654 4510 τε
1699 4454 1789 4509 καὶ
1838 4452 2013 4528 Θέκλῃ

354 4545 451 4609 τὰς
484 4547 713 4621 χάριτας
746 4544 1097 4623 ὡμολόγουν.

431 4727 533 4784 1Ε“.
565 4731 692 4788 Τοῖς
727 4725 821 4799 μὶν
855 4726 947 4780 οῦν
976 4721 1176 4789 ἄλλοις
1203 4723 1391 4800 χαρίεν
1424 4721 1597 4780 ἒδόκει
1658 4724 1721 4779 τὸ
1763 4727 2012 4798 πρᾶγμα,

361 4815 636 4889 θαύματός
691 4834 748 4869 τε
802 4814 891 4870 καὶ
950 4812 1194 4885 σπουδῆς
1268 4813 1435 4885 ἄξιον,
1495 4813 1702 4888 ἰατροῖς
1776 4811 1831 4868 δὲ
1896 4818 2013 4875 τοῖς

360 4905 496 4960 κατᾶ
538 4902 857 4959 Σελεύκειαν
907 4902 996 4959 καὶ
1058 4902 1296 4978 μάλιστα
1348 4901 1621 4980 χαλεπὸν,
1679 4902 2014 4975 ἀτιμαζομέ-

360 5013 471 5055 νοις
504 4990 687 5067 ὥσπνρ
727 4992 894 5065 εῗκὸς,
943 4992 1033 5047 καὶ
1092 4990 1245 5068 εἷ’περ
1286 5013 1342 5047 τι
1390 4989 1533 5048 ἄλλο
1594 4997 1793 5067 χρῆμα
1848 4990 2013 5046 εὐκα-

360 5102 699 5160 ταφρονητον
769 5082 847 5146 εἷς
922 5083 1223 5159 παρόρασιν
1306 5081 1653 5158 ἐρχομένοιςο
1714 5081 2021 5152 κάντεῦθεν,

360 5171 428 5243 ἤν
459 5172 611 5251 εἶχον
648 5174 816 5245 μόνην
860 5172 1119 5250 ἀφορμήν
1155 5172 1276 5247 βίου
1308 5174 1409 5241 τὴν
1453 5172 1673 5247 τέχνην,
1729 5168 1881 5226 οὐδὲν
1924 5172 2026 5226 αὐ-

360 5267 480 5325 τοῖς
540 5260 838 5317 ἀπόνασθαι
902 5258 1241 5333 δυναμένοις.
1329 5260 1543 5325 Φθόνου
1600 5260 1782 5315 τοίνυν
1831 5260 2025 5337 ἀγρίου

362 5352 453 5408 καὶ
563 5352 757 5426 μανίας
832 5352 1186 5423 πλησθέντες,
1259 5352 1313 5407 τί
1388 5351 1737 5421 σκέπτονται,

363 5446 611 5498 ποιοῦσιν

1813 5353 1901 5407 καὶ
1974 5348 2028 5405 τί

659 5462 673 5512 ἱ
718 5449 805 5504 Ὧς
851 5443 1093 5517 πονηρὸν
1148 5440 1393 5514 ἀληθῶς,
1442 5442 1532 5497 καὶ
1583 5440 1750 5497 δόλου
1798 5441 1888 5496 καὶ
1938 5462 2028 5497 πι-

364 5532 525 5606 κρίας
579 5532 772 5607 μεστὸν
821 5531 970 5601 ἄξιόν
1016 5552 1076 5587 τε
1110 5535 1208 5586 τοῦ
1256 5535 1427 5588 ταῦτα
1476 5530 1814 5593 ὑποτιθέντος
1866 5528 2034 5609 χαλε-

368 5624 465 5677 τοῦ
508 5619 789 5696 δαίμονος.
845 5621 1247 5696 Ἀθροισθέντες
1294 5622 1423 5697 γάρ,
1471 5622 1561 5677 καὶ
1612 5620 1826 5695 λοιμῶν
1882 5619 2031 5686 καθέο

688 5745 955 5805 ΡΑτιιοι.
1005 5743 1113 5805 Gn.
1161 5744 1339 5807 CXV.

2110 3291 2301 3347 valere
2324 3292 2514 3361 jussa,
2547 3308 2663 3346 una
2693 3307 2822 3346 cum
2852 3292 2976 3361 ipsa
3002 3289 3075 3343 ad
3108 3289 3375 3360 pietatem
3405 3288 3749 3344 exerceban-

2112 3386 2226 3437 tur.
2250 3380 2449 3452 Neque
2472 3384 2602 3435 vero
2637 3380 2865 3434 animas
2896 3378 3109 3443 solum,
3130 3378 3227 3432 sed
3258 3394 3500 3448 corpora
3520 3391 3755 3450 quoque

2113 3487 2316 3527 curare
2346 3469 2444 3524 illa
2478 3477 2710 3524 noverat
2745 3484 2758 3523 :
2794 3484 2910 3524 non
2944 3473 3065 3522 arte
3096 3465 3344 3536 medica,
3376 3468 3475 3522 sed
3508 3467 3758 3521 admira-

2116 3561 2212 3617 bili
2241 3561 2434 3631 potius
2455 3566 2633 3630 atque
2654 3557 3058 3614 efﬁcacissima
3075 3557 3126 3611 vi
3151 3562 3326 3627 atque
3341 3556 3569 3611 virtute.
3595 3556 3758 3621 Quod

2116 3652 2216 3708 ubi
2260 3650 2461 3706 civitas
2516 3648 2823 3715 intellexit,
2857 3650 3061 3703 adesse
3109 3662 3320 3717 nempe
3361 3650 3616 3717 tempus,
3651 3662 3763 3715 quo

2116 3742 2244 3799 sine
2297 3742 2561 3798 mercede
2610 3740 2845 3796 morbos
2898 3738 3096 3793 liceret
3143 3734 3451 3807 depellere,
3484 3735 3553 3790 ad
3604 3734 3766 3791 illam

2118 3848 2321 3905 (egros,
2353 3846 2705 3902 quocunque
2751 3828 2981 3883 tandem
3026 3826 3176 3882 malo
3219 3822 3765 3891 detinerentur,ad-

2119 3923 2432 3978 ducebant.
2467 3920 2719 3991 Eratque
2740 3918 2933 3975 videre
2956 3933 3098 3984 rem,
3123 3932 3250 3986 quae
3282 3929 3515 3969 omnem
3540 3928 3764 3969 sermo-

2120 4026 2248 4067 nem
2276 4010 2669 4079 narrandique
2696 4007 3028 4062 facultatem
3056 4008 3378 4077 superaret,
3402 4018 3589 4074 neque
3610 4000 3767 4057 enim

2120 4100 2204 4155 illi
2235 4100 2426 4155 adhuc
2467 4098 2758 4170 speluncae
2803 4101 2977 4168 portae
3026 4091 3597 4166 appropinquabant,
3630 4106 3766 4147 cum

2116 4189 2327 4256 morbi,
2349 4193 2627 4259 tanquam
2652 4186 3047 4242 adversariam
3071 4200 3239 4240 suam
3266 4187 3613 4251 metuentes,
3639 4196 3769 4255 pro-

2122 4280 2280 4334 tinus
2311 4280 2679 4349 aufugerent,
2702 4293 2847 4346 quos
2877 4280 3048 4330 antea
3076 4277 3445 4342 vexaverant,
3473 4288 3649 4327 sanos
3681 4286 3765 4328 re-

2122 4367 2475 4439 linquentes.
2508 4368 2666 4420 Idem
2700 4380 2931 4436 quoque
2963 4364 3022 4418 in
3057 4363 3171 4417 illis
3220 4376 3455 4416 cernere
3487 4365 3632 4426 erat,
3666 4358 3768 4433 qui

2123 4472 2254 4511 cum
2308 4455 2479 4510 malis
2527 4454 2715 4527 geniis
2761 4453 3153 4514 luctabantur,
3203 4451 3396 4506 statim
3441 4450 3599 4506 enim
3634 4450 3772 4507 ilius

2037 4544 2259 4627 Dmali
2320 4544 2627 4600 indemnes
2687 4543 2893 4601 redditi
2971 4557 3214 4615 magnas
3271 4539 3492 4614 gratias
3544 4540 3659 4597 Deo
3717 4543 3779 4599 et

2120 4635 2345 4693 Thecla
2374 4636 2643 4708 agebant.

2192 4726 2304 4783 XV.
2338 4729 2527 4798 Atque
2559 4726 2638 4782 ita
2670 4724 2893 4783 caeteris
2926 4725 3161 4799 quidem
3197 4740 3287 4781 res
3320 4724 3443 4782 haec
3472 4721 3776 4796 imprimis

2118 4816 2381 4887 jucunda
2398 4816 2903 4887 admirationeque
2930 4821 2987 4871 et
3007 4814 3205 4871 studio
3230 4813 3409 4887 digna
3430 4812 3776 4880 habebatur,

2126 4905 2366 4962 medicis
2436 4913 2627 4961 autem
2703 4904 3173 4961 Seleuciensibus
3248 4903 3502 4960 maxime
3558 4902 3775 4974 gravis.

2125 4993 2475 5064 ignominia,
2508 4998 2569 5049 ut
2597 4993 2931 5060 videbatur,
2964 4993 3187 5049 aﬂ‘ectis
3218 5002 3270 5049 et
3294 4992 3453 5049 omni
3485 5006 3568 5059 re,
3600 4990 3776 5047 etiam

2134 5082 2426 5139 vilissima
2457 5085 2637 5152 magis
2664 5083 2973 5156 despectis,
3004 5090 3175 5153 atque
3199 5099 3263 5138 ex
3294 5086 3436 5147 arte,
3468 5082 3665 5152 (quam
3692 5096 3782 5137 ao-

2136 5175 2252 5230 lam
2294 5174 2421 5228 vitae
2461 5174 2846 5229 sustentandae
2878 5173 3206 5228 subsidium
3256 5172 3466 5228 habere
3497 5170 3782 5238 solebant)

2137 5266 2365 5320 nullum
2410 5266 2662 5319 fructum
2712 5262 3193 5335 percipientibus.
3222 5261 3439 5317 Invidia
3468 5260 3647 5332 igitur
3675 5260 3786 5315 im-

2135 5354 2261 5408 miti
2287 5359 2342 5408 et
2373 5354 2563 5408 furore
2588 5352 2810 5424 repleti,
2833 5351 2973 5423 quid
3000 5351 3370 5405 moliuntur?
3392 5350 3531 5422 quid
3558 5347 3789 5421 agunt?

2135 5447 2277 5499 Rem
2310 5442 2592 5498 nimirum
2636 5442 2795 5498 omni
2840 5442 3042 5496 fraude
3082 5446 3139 5495 et
3188 5442 3500 5496 acerbitate
3532 5439 3785 5510 plenam,

2138 5534 2380 5606 diroque
2409 5534 2671 5590 daemone
2704 5532 2845 5588 talia
2867 5544 3217 5604 suggerente
3239 5530 3410 5603 plane
3439 5532 3700 5603 dignam.
3726 5528 3791 5583 In

2142 5639 2326 5679 unum
2378 5623 2534 5679 enim
2586 5627 2886 5694 coeuntes,
2919 5626 2976 5678 et
3023 5620 3489 5695 pestilentiarum
3519 5617 3793 5675 cathedra

3381 5741 3458 5802 97
