4094 6230
1663 294 1938 355 MENSIS
1982 291 2470 355 SEPTEMBER.
3656 299 3787 358 8M

371 302 488 362 843

368 459 580 531 eil'ecti,
605 460 677 516 de
707 457 881 517 rebus
914 459 1040 515 suis
1073 458 1219 513 inter
1270 472 1333 513 se
1364 458 1822 515 communicant.
1857 456 2014 528 νινε(

2145 449 2244 525 δρα
2308 452 2617 529 γενόμενοι,
2693 452 3143 531 κοινολογοῦνται
3209 454 3325 518 καθ’
3408 452 3656 527 ἑαυτοὺς,
3729 455 3795 513 Ἦ

372 551 522 621 hec,
570 549 874 623 inquiunt,
926 563 1061 605 cum
1105 560 1333 619 magnes
1385 545 1581 605 Dianas
1629 547 1903 605 sacerdos
1951 546 2014 601 sil

2141 538 2402 616 παρθένος
2450 539 2611 614 αὕτη,
2660 537 2931 618 λέγοντες.
2981 541 3150 617 ἱέρεια
3195 546 3300 611 τῆς
3363 541 3613 617 μεγάλης
3661 546 3802 618 ’Λρ-

292 712 293 715 η
370 646 452 726 (et
478 640 563 697 ita
592 643 746 697 enim
772 638 1104 697 amentibus
1134 636 1251 693 illis
1273 637 1628 709 videbatur),
1662 639 1914 694 maxime
1937 633 2014 726 al

2138 625 2362 726 τέμιδος
2403 630 2555 700 οὖσα,
2588 630 2661 694 ὥς
2692 652 2757 708 γε
2785 628 2969 695 αὐτοῖς
3002 628 3175 686 ἐδόκει
3208 626 3298 685 διὰ
3329 628 3561 726 πολλήἶ
3583 630 3795 717 ἄνοιαν,

371 715 496 799 illa,
537 729 694 802 quod
726 728 1121 800 virginitatem
1170 726 1605 782 exactissimam
1639 730 1849 794 srvet,
1883 725 2014 780 ada-

2138 716 2377 793 φιλεῖται
2432 722 2568 795 πρὸς
2632 720 2800 790 αὐτῆς
2865 723 2949 793 τῷ
3020 718 3313 789 παρθενίαν
3400 715 3795 795 ἀκριϐεστάτην

371 825 571 876 matur
600 835 615 875 :
650 824 825 890 atque
856 816 990 873 inde
1020 816 1105 883 fit,
1131 820 1195 871 ut
1226 832 1406 888 super
1438 831 1788 888 quacunque
1820 830 1881 871 re
1909 813 2014 869 illi:

2136 812 2343 883 τηρεῖν.
2391 807 2492 864 Καὶ
2543 810 2688 884 παρὰ
2733 811 2916 877 τοῦτο,
2955 806 3037 885 ἐφ⁸
3066 807 3112 880 ᾧ
3141 804 3203 862 ἄν
3251 808 3341 863 καὶ
3397 805 3617 880 δεηθείη
3658 809 3796 865 ταί·

373 923 544 981 opem
594 916 814 981 poscat,
849 907 1120 979 protinus
1168 904 1281 961 sibi
1332 905 1751 977 obsequentem
1797 920 1867 959 ex
1894 910 2025 959 voto

371 999 604 1055 habeat.
639 998 848 1065 Quare,
881 1014 1013 1053 cum
1058 996 1213 1052 nulla
1244 996 1359 1053 alia
1390 996 1467 1052 sit
1498 1012 1695 1061 causa,
1730 995 1884 1067 quod
1916 995 2027 1050 dea

372 1089 451 1145 ita
470 1089 556 1145 illi
583 1088 884 1145 familiaris
907 1088 983 1144 sit
1011 1104 1190 1160 quam
1222 1086 1513 1144 castitatis
1542 1086 1641 1141 illa
1664 1083 2023 1158 praestantia,

372 1180 548 1252 agite,
570 1178 729 1234 illam
753 1177 1051 1234 solvamus
1082 1176 1353 1248 virosque
1382 1180 1438 1231 et
1467 1175 1868 1231 adolescentes
1900 1188 2025 1244 per-

374 1270 406 1324 d
419 1268 678 1325 itissimaa
694 1268 825 1325 vitae
842 1267 915 1323 ad
930 1266 987 1323 id
1009 1275 1362 1337 assumptos,
1380 1264 1678 1337 multaque
1695 1263 1813 1319 vini
1829 1268 1884 1319 et
1897 1262 2022 1319 auri

372 1359 541 1427 cupia
570 1357 815 1414 comiter
846 1357 1104 1427 praebita,
1136 1356 1366 1411 illorum
1409 1355 1621 1411 animis
1649 1353 1932 1424 excitatis,
1960 1352 2021 1408 in

372 1448 537 1504 illam
587 1446 999 1503 immittamus.
1054 1447 1113 1502 Id
1162 1443 1474 1501 consilium
1524 1444 1817 1508 ineuntes,
1863 1442 2019 1499 idem

373 1553 601 1609 quoque
630 1542 1046 1609 exsequuntur,
1073 1536 1439 1606 juvenesque
1462 1534 1728 1591 omnium
1759 1532 2023 1604 petulan-

372 1628 591 1683 tissiml
640 1634 697 1683 et
743 1624 1179 1684 sceleratissimi
1209 1626 1283 1681 ab
1324 1625 1472 1697 ipsis
1519 1623 1706 1691 electi,
1741 1625 2017 1679 adversus

368 1715 654 1788 virginem
697 1715 1039 1781 mittuntur,
1070 1718 1366 1770 certamen
1410 1712 1579 1785 longe
1610 1710 2016 1782 turpissimum

2132 919 2257 969 της,
2328 898 2699 955 ὑπακούουσαν
2759 894 2899 974 ἔχει,
2958 898 3047 954 καὶ
3116 896 3476 956 συντελοῦσαν
3532 904 3597 954 τὰ
3653 901 3794 956 κατὰ

2135 986 2377 1058 θέλησιν.
2412 989 2559 1044 Ἐπεὶ
2595 988 2686 1044 οῦν
2734 986 2889 1044 οὐδὲν
2940 985 3115 1043 αἴτιον
3168 986 3313 1044 ἃλλο
3353 996 3455 1059 τῆς
3501 989 3645 1065 πρὸς
3691 990 3795 1058 τήν

2135 1076 2255 1140 θεὰν
2307 1074 2474 1147 αὔτῆς
2532 1077 2881 1149 οἷ’κειώσεως,
2931 1075 2967 1146 ἤ
3005 1077 3068 1133 τὸ
3126 1084 3229 1148 τῆς
3278 1077 3493 1152 ἁγνείας
3554 1078 3791 1153 ὑπάρχει

2132 1165 2322 1236 καλὸν,
2353 1170 2515 1223 τοῦτο
2546 1166 2820 1242 λύσωμεν,
2851 1170 2942 1225 καὶ
2997 1164 3194 1242 ἄνδρας
3243 1167 3477 1244 αἰσχροῦ
3534 1168 3660 1244 βίου
3697 1167 3790 1224 καὶ

2130 1257 2445 1321 νεανίσκους
2501 1258 2639 1332 πρὸς
2692 1261 2861 1314 ταῦτα
2918 1252 3204 1329 λαϐόντες,
3266 1254 3405 1331 οἴνῳ
3466 1278 3526 1315 τε
3571 1256 3790 1314 πλείονι

2129 1346 2218 1401 καὶ
2252 1350 2464 1422 χρυσοῦ
2497 1343 2738 1418 δεξιώσει
2779 1349 2875 1409 τὰς
2918 1347 3093 1422 ὁρμάς
3138 1346 3315 1403 αὐτῶν
3360 1348 3791 1421 παραθήξαντες,

2131 1433 2421 1513 ἐπαφῶμεν
2480 1434 2641 1510 αὐτῇο
2701 1434 2860 1493 Οὕτω
2915 1437 3263 1511 σκεψάμενοι,
3326 1435 3502 1499 οὕτως
3551 1434 3789 1493 ἑποίουν.

2129 1526 2235 1581 Καὶ
2266 1524 2377 1581 νὲοι
2408 1530 2518 1581 τῶν
2559 1524 2882 1582 ἀκολάστῶν
2942 1526 3032 1582 καὶ
3086 1524 3365 1604 βδελυρῶν
3417 1528 3603 1590 αὐτοῖς
3642 1525 3790 1583 ἔκλεε

2128 1609 2332 1689 γέντες,
2365 1611 2669 1689 πέμπονται
2702 1615 2839 1671 κατὰ
2884 1618 2983 1686 τῆς
3030 1617 3320 1692 παρθένου,
3360 1618 3451 1672 τὸν
3498 1616 3787 1697 αἴσχιστον

2129 1700 2295 1767 ἆθλον
2335 1703 2748 1780 ἀγωνιούμενοι,
2806 1706 2894 1760 καὶ
2941 1706 3004 1761 τὸ
3051 1704 3463 1780 χαλεπώτερον,
3516 1704 3789 1780 ἔμμισθον

378 1805 769 1876 depugnaturi
805 1820 819 1859 :
852 1803 1125 1876 quodque
1179 1802 1345 1875 peius
1393 1805 1540 1867 erat,
1588 1799 2014 1871 improbitatem

2129 1788 2349 1867 ἔχοντες
2377 1794 2479 1863 τήν
2518 1793 2732 1860 κακίαν,
2785 1793 2874 1849 καὶ
2921 1794 3047 1870 περὶ
3094 1801 3197 1864 τῆς
3234 1793 3394 1867 νίκης
3438 1796 3508 1851 τὰ
3551 1799 3650 1852 τοῦ
3687 1816 3790 1852 κα-

370 1910 536 1949 suam
563 1895 688 1965 jam
721 1898 840 1949 tum
875 1894 1143 1950 mercede
1172 1891 1518 1947 obstrictum
1552 1889 1855 1959 habentes,
1890 1894 2025 1944 ante

368 1982 551 2055 ipsam
625 1983 951 2051 victoriam,
1012 1981 1286 2038 facinoris
1344 1982 1437 2037 sui
1492 1977 1735 2051 pessimi
1794 1982 2023 2049 recepto

372 2072 633 2145 praemio.
680 2071 896 2143 Spelan
935 2074 1083 2143 :ergo
1133 2076 1392 2127 astantes
1435 2070 1585 2125 fores
1628 2066 1889 2139 pulsant,
1925 2065 2026 2123 illa

380 2168 578 2219 autem
628 2163 870 2234 (quippe
926 2165 1164 2217 noverat
1219 2160 1413 2216 divino
1456 2158 1736 2215 beneﬁcio
1790 2173 1901 2229 qua
1955 2158 2026 2213 de

377 2265 555 2307 causa
588 2249 1119 2322 illa.sceleratorum
1144 2248 1425 2306 colluvies
1455 2247 1835 2320 advenisset),
1867 2247 2024 2316 Filii,

367 2340 582 2411 inquit,
616 2340 754 2412 quid
779 2340 958 2396 vultis
982 2339 1009 2395 Ἰ
1038 2339 1131 2396 Sic
1181 2338 1278 2395 illa
1310 2337 1548 2410 placide,
1581 2336 1816 2395 volebat
1862 2337 2022 2393 enim

372 2444 597 2485 morum
630 2431 942 2497 suavitate,
974 2437 1028 2486 et
1058 2428 1363 2485 verborum
1394 2426 1789 2499 simplicitate,
1817 2425 2023 2497 impu-

368 2518 605 2574 dentem
640 2518 869 2575 illorum
904 2523 960 2574 et
989 2519 1388 2574 truculentum
1417 2522 1693 2574 conatum
1718 2517 1778 2572 in
1813 2515 1904 2571 sui
1929 2531 2022 2570 re-

369 2608 689 2663 verentiam
739 2608 989 2665 ﬂectere.
1040 2607 1129 2665 Illi
1171 2613 1391 2673 autem,
1439 2624 1581 2663 num
1634 2605 1755 2661 illic
1800 2604 2022 2661 Thecla

373 2699 610 2753 nomine
658 2703 829 2767 esset,
880 2699 1261 2770 interrogant.
1295 2696 1366 2753 Et
1415 2713 1562 2765 quis,
1612 2694 1802 2768 inquit
1849 2694 2016 2751 beata

368 2786 491 2857 illa,
513 2786 676 2843 vobis
696 2786 968 2844 Theclam
995 2788 1291 2859 quaerendi
1322 2785 1468 2842 ratio
1488 2786 1517 2841 ?
1538 2786 1654 2854 Ego
1685 2787 1839 2841 enim
1863 2800 2016 2839 sum.

373 2875 461 2931 Illi
495 2878 691 2932 statim
724 2876 1099 2933 ostendentes
1121 2892 1179 2931 se
1209 2874 1343 2931 illos
1366 2891 1512 2943 esse,
1538 2890 1787 2945 quorum
1816 2879 2023 2944 guttur

368 2966 707 3037 sepulcrum
756 2977 960 3037 patens
999 2966 1149 3029 est‘,
1180 2981 1529 3035 responsum
1563 2963 1860 3034 impurum
1895 2968 2018 3016 tan-

373 3069 550 3125 quam
583 3070 652 3109 ex
696 3055 851 3108 fonte
890 3054 1118 3124 impuro
1162 3053 1459 3123 impurum
1491 3050 1723 3107 laticem
1750 3052 2018 3107 emitten-

2131 1885 2231 1938 κοῦ
2297 1879 2557 1958 ἒπίχειρα
2630 1880 2987 1958 δεδειγμένοι.
3066 1884 3413 1949 Ἐπιστάντες
3489 1884 3788 1962 τοιγαροῦν

2129 1978 2209 2046 τῷ
2248 1972 2527 2047 σπηλαίῳ,
2572 1975 2837 2032 κόπτουσι
2891 1977 2991 2045 τὴν
3053 1976 3239 2051 θύραν.
3296 1980 3357 2031 ἸΙ
3404 1973 3460 2031 δὶ
3516 1977 3626 2047 (καὶ
3680 1977 3788 2053 γάρ

2130 2056 2274 2137 ἔγνω
2326 2059 2414 2117 διὰ
2460 2069 2562 2134 τῆς
2618 2064 2868 2139 χάριτος,
2915 2063 3045 2121 ὅτου
3103 2065 3268 2141 χάριν
3316 2069 3422 2120 τῶν
3463 2067 3719 2139 πονηρῶν
3748 2069 3784 2138 ἦ

2133 2149 2313 2227 ἄφιξις
2388 2151 2807 2229 προσελθοῦσα),
2867 2151 3072 2225 Τεκνία,
3150 2153 3307 2233 φησὶ,
3364 2153 3419 2209 τί
3479 2154 3783 2231 βοόλεσθε;

2134 2241 2325 2303 Οὕτως
2392 2240 2579 2317 εἷ’ρηκε
2636 2242 2844 2318 πράως·
2905 2241 3071 2314 ἤθελε
3129 2245 3234 2319 γὰρ
3278 2247 3357 2316 τῷ
3413 2245 3635 2319 κοσμίῳ
3690 2250 3792 2302 τοῦ

2135 2326 2328 2399 ἤθους,
2357 2329 2447 2385 καὶ
2477 2335 2587 2386 τῶν
2638 2330 2823 2406 λόγων
2850 2335 2919 2406 τῇ
2950 2329 3249 2403 ἁπλότητι,
3296 2329 3502 2405 ἀναιδέ,
3554 2335 3791 2409 ὅρμημα

2130 2418 2222 2473 καὶ
2257 2418 2447 2493 ἰταμὸν
2477 2418 2830 2493 ςκαταιδὲσαι.
2888 2421 2951 2476 Ol
3004 2418 3082 2491 δὲ,
3131 2423 3214 2484 τίς
3264 2419 3350 2492 εἴη
3402 2421 3648 2495 ἐνταῦθα,
3696 2421 3794 2479 λὲ-

2131 2528 2313 2584 γουσι,
2363 2507 2609 2583 τοῦνομα
2648 2508 2874 2582 Θέκλας
2929 2511 3025 2566 Καὶ
3077 2513 3113 2580 ἡ
3177 2513 3434 2588 μακαρία·
3487 2513 3584 2578 Εἰς
3642 2511 3696 2567 τί
3740 2509 3796 2569 δὶ

2133 2598 2262 2671 ὑμῖν
2287 2599 2350 2654 τὸ
2380 2619 2584 2670 ταυτην
2620 2604 2802 2671 ζητεῖν
2829 2621 2843 2673 ;
2876 2601 3024 2677 Ἐγώ
3053 2600 3189 2674 εἶμι.
3237 2602 3470 2658 Ἐκεῖνοι
3520 2599 3577 2657 δὶ
3625 2623 3800 2678 παρα-

2131 2695 2330 2765 χρῆμα
2389 2687 2652 2763 δείξαντες
2712 2688 2868 2746 αὐτοὶ
2924 2690 3079 2761 εἶναι,
3150 2692 3227 2746 ὧν
3284 2693 3313 2747 6
3372 2693 3575 2768 λάρυγξ
3625 2696 3793 2773 τάφος

2131 2776 2480 2854 ἀνεῳγμένος
2534 2779 2697 2850 ἐστὶν,
2747 2780 2928 2857 ὥσπερ
2986 2779 3047 2836 ἐκ
3097 2785 3294 2856 μιαρᾶς
3329 2789 3542 2857 πηγῆς,
3597 2783 3792 2858 μιαρὸν

2132 2866 2351 2946 ἀφέντες
2378 2874 2525 2943 νᾶμα
2576 2869 2667 2925 τὸν
2716 2868 2900 2945 λόγον,
2955 2870 3022 2928 Τί
3062 2866 3120 2926 8t
3167 2868 3309 2927 ἄλλο
3338 2870 3375 2941 ἤ
3409 2870 3547 2927 ὥστε
3596 2892 3792 2950 συγκα-

2136 2953 2393 3026 θευδῆσαι
2453 2958 2668 3032 ταύτης
2728 2954 2913 3029 ἔλεξαν
2970 2956 3221 3022 ἀναιδῶς.
3289 2958 3387 3025 Εἷς
3462 2964 3626 3017 τοῦτο
3682 2962 3789 3039 γὰρ

2132 3045 2392 3119 πάριμεν.
2450 3048 2513 3104 Ἠ
2574 3044 2651 3115 δὲ,
2697 3046 2742 3101 ὢ
2798 3055 2901 3118 τῆς
2957 3047 3115 3125 ἁγίας
3173 3047 3388 3119 ἐκείνης
3448 3050 3540 3106 καὶ
3597 3054 3792 3126 ψυχῆς

371 3153 475 3199 tes.
510 3146 575 3197 Et
606 3159 733 3213 quas
775 3143 911 3209 alia,
945 3142 1322 3214 impudenter
1369 3141 1710 3213 subjiciunt,
1744 3157 1917 3211 quam
1952 3145 2014 3197 ut

2129 3134 2219 3189 καὶ
2275 3136 2507 3213 φωνῆςί
2558 3137 2729 3213 Ἐγὼ,
2786 3130 2912 3211 ἔφη,
2959 3140 3191 3209 ταπεινή
3244 3138 3411 3215 γραῦς
3456 3138 3593 3213 εἶμι,
3642 3139 3792 3209 πλὴν

2143 3220 2190 3240 9‘
2210 3221 2229 3240 ἱ
2260 3225 2271 3239 \
2325 3222 2349 3240 ἢ
2400 3223 2443 3240 I‘
2724 3229 2748 3240 \—
2810 3232 2847 3240 -.
2932 3227 2942 3240 Ι
3083 3229 3097 3240 ι
3164 3231 3192 3240 .-
3292 3228 3331 3240 .ο
3441 3232 3469 3240 .-
3526 3230 3568 3240 -ι
3735 3234 3761 3240 -

374 3248 506 3287 cum
541 3232 668 3304 ipsa
697 3231 1055 3287 dormiamus
1077 3230 1105 3287 Ἰ
1134 3232 1205 3287 ad
1237 3231 1346 3287 hoc
1383 3232 1537 3288 enim
1570 3231 1685 3287 huc
1725 3231 2014 3287 venimus.

2134 3220 2281 3279 ἃ).λά
2322 3222 2495 3297 δούλη
2546 3246 2610 3301 γε
2655 3229 2752 3282 τοῦ
2810 3227 3014 3303 Κυρίου
3072 3229 3232 3301 ἡμῶν
3292 3228 3473 3300 Ἰησοῦ
3526 3230 3787 3303 Χριστοῦ’

369 3325 511 3376 Tum
546 3321 645 3376 illa
692 3321 749 3391 (ο
798 3336 1019 3377 sacram
1060 3321 1340 3391 animam,
1375 3319 1554 3376 simul
1604 3325 1662 3377 et
1707 3321 2014 3390 vocem!):

2133 3312 2230 3369 κᾶν
2261 3334 2313 3369 τι
2358 3315 2596 3390 πονηρὸν
2646 3315 2742 3389 ἑμὶ
2792 3312 2985 3392 δρᾶσαι
3038 3320 3384 3393 πειράσασθε,
3444 3319 3510 3375 οὗ
3565 3315 3789 3376 δυνατοὶ

366 3415 504 3481 Ege,
547 3410 756 3482 inquit,
804 3409 1048 3467 humilis
1098 3411 1294 3467 vetula
1341 3426 1495 3480 sum,
1531 3414 1591 3466 at
1619 3426 1751 3466 vero
1805 3410 2014 3466 famula

2131 3397 2331 3462 ἔσεσθε.
2366 3405 2661 3477 Ἐπεμενον
2720 3407 2772 3460 ol
2820 3407 2999 3477 κακοὶ,
3049 3406 3181 3463 αὐτὸ
3226 3411 3387 3463 τοῦτο
3449 3402 3791 3484 βεϐαιοῦντες

372 3500 602 3555 Domini
636 3500 819 3556 nostri
848 3499 982 3556 Jesu
1019 3499 1233 3557 Christi
1259 3517 1272 3555 :
1301 3500 1474 3555 etiam
1506 3499 1556 3555 si
1588 3500 1847 3571 improbe
1878 3500 2014 3572 quid

2132 3489 2217 3547 δτι
2260 3490 2442 3561 κακοὶ,
2488 3490 2752 3549 ἀδύνατον
2803 3495 2938 3550 εἶναι
2990 3493 3248 3573 λέγοντες
3300 3496 3605 3568 ἀποστῆναι
3646 3500 3788 3575 πρό·

366 3604 459 3645 me
495 3594 751 3646 statuere
774 3590 1033 3660 tentetis,
1058 3606 1422 3662 nequaquam
1457 3589 1516 3646 id
1538 3590 1766 3646 efﬁcere
1806 3588 2019 3661 poteri-

364 3679 463 3735 tis.
523 3678 917 3736 Persistebant
963 3678 1047 3735 illi
1110 3683 1290 3752 parvi,
1353 3679 1458 3736 hoc
1506 3678 1722 3747 solum,
1780 3696 1841 3735 re
1892 3678 2021 3751 ipsa

367 3770 755 3837 ostendentes,
799 3785 927 3826 esse
957 3784 1019 3826 se
1048 3769 1220 3837 tales,
1250 3770 1487 3826 omnino
1521 3768 1642 3826 fieri
1692 3786 1807 3826 non
1840 3783 2012 3841 posse

363 3857 640 3930 dicentes,
681 3865 743 3916 ut
770 3859 933 3915 illinc
958 3858 1067 3915 nisi
1096 3860 1390 3925 fiacinore,
1416 3859 1568 3931 quod
1605 3858 2015 3928 moliebantur,

363 3956 689 4020 perpetrato
723 3949 1110 4006 discederent.
1142 3950 1269 4005 Hec
1301 3949 1583 4017 dicentes,
1613 3947 1775 4004 illam
1807 3963 2015 4021 aggre-

363 4038 695 4105 diebantur,
744 4046 799 4094 et
848 4044 1004 4094 arcte
1050 4038 1347 4093 tenebant.
1382 4038 1531 4093 Tum
1578 4037 1679 4092 illa
1706 4037 1909 4092 habitu
1961 4043 2017 4092 et

362 4128 554 4182 verbis
605 4126 962 4196 mitissimis,
1005 4128 1077 4182 At
1125 4132 1474 4198 exspectate,
1522 4126 1738 4196 inquit,
1790 4124 1917 4193 ﬁlii,
1960 4130 2017 4182 et

368 4216 642 4271 videbitis
674 4216 990 4287 potentiam
1016 4215 1137 4272 Dei.
1165 4215 1428 4288 Cumque
1452 4232 1568 4271 non
1593 4214 1834 4270 haberet
1857 4212 2015 4287 quod

359 4313 574 4378 ageret,
599 4322 633 4361 a
663 4311 815 4361 cmtu
849 4306 948 4362 illo
982 4305 1379 4362 maleficorum
1409 4306 1665 4372 detenta,
1693 4304 2013 4376 multisque

358 4392 607 4450 canibus
638 4392 1037 4450 circumventa
1068 4393 1209 4466 (jam
1242 4396 1398 4449 enim
1438 4392 1712 4449 manibus
1743 4407 2011 4465 compre-

355 4482 598 4538 hensam
630 4484 928 4554 tenebant,
962 4490 1019 4540 et
1067 4483 1282 4541 furiose
1324 4483 1443 4539 vim
1490 4482 1577 4538 illi
1612 4484 1821 4539 inferre
1854 4482 2009 4540 nite-

352 4571 615 4644 bantur),
666 4573 724 4627 in
775 4575 952 4630 ccelos
1006 4572 1106 4628 illa
1152 4573 1353 4629 oculos
1391 4572 1705 4629 attollens:
1745 4573 2004 4642 Domine,

351 4661 567 4733 inquit,
618 4661 1016 4734 omnipotens,
1067 4662 1229 4718 solus
1279 4666 1591 4735 potens'et
1648 4661 1998 4729 misericors,

349 4766 483 4821 spes
514 4750 979 4821 desperatorum,
1008 4750 1291 4807 auxilium
1314 4767 1423 4824 ope
1445 4750 1876 4814 destitutorum,
1902 4749 2002 4822 qui

349 4853 443 4895 me
473 4854 541 4893 ex
576 4840 731 4910 igne,
769 4839 988 4907 bestiis,
1016 4839 1395 4913 Thamyride,
1432 4839 1759 4895 Alexandro
1790 4847 1843 4894 et
1872 4838 2002 4895 lacu

349 4929 635 4999 liberasti,
688 4930 905 5001 ubique
952 4945 1192 4986 manum
1239 4930 1662 4986 auxiliatricem
1717 4931 1999 4999 praebens,

346 5019 559 5091 cuique
591 5019 867 5090 placitum
904 5019 1032 5086 fuit,
1067 5026 1130 5075 ut
1168 5036 1381 5076 nomen
1414 5020 1473 5075 in
1508 5035 1601 5076 me
1630 5022 1797 5075 tuum
1830 5018 1997 5091 glori-

345 5108 638 5177 ficaretur,
671 5110 847 5165 etiam
873 5125 1048 5177 nunc,
1072 5112 1307 5166 Domine
1333 5117 1483 5166 Deus
1509 5124 1695 5176 meus,
1723 5109 1880 5180 eripe
1903 5124 1996 5166 me

345 5212 413 5253 ex
446 5215 619 5255 manu
653 5199 861 5256 borum
893 5200 1252 5272 iniquorum,
1280 5194 1468 5270 neqi'ie
1500 5199 1804 5272 permittas
1825 5199 1998 5269 virgi-

344 5288 589 5345 nitatem
642 5304 830 5346 meam
889 5289 1109 5360 injuria
1165 5288 1392 5359 violari,
1451 5305 1627 5362 quam
1677 5292 1913 5360 propter
1940 5292 1998 5345 te

342 5381 399 5433 et
428 5393 638 5435 nomen
675 5383 844 5436 tuum
887 5379 1219 5436 conservavi
1256 5398 1272 5439 :
1304 5382 1442 5452 quia
1489 5383 1546 5435 te
1595 5393 1749 5446 amo,
1782 5392 1997 5450 sponse

341 5466 763 5541 irreprehense,
794 5473 968 5544 teque
991 5485 1254 5532 veneror.
1291 5473 1481 5539 Pater,
1512 5468 1619 5527 Fili
1651 5471 1707 5524 et
1736 5465 1995 5541 Spiritus

417 5688 429 5720 ι
465 5675 616 5737 Ps3].
650 5696 701 5751 v,
750 5644 831 5737 lO.

2036 4527 2095 4596 D

2126 3599 2303 3658 τερον,
2348 3582 2393 3638 εἰ
2437 3585 2513 3658 μή
2545 3585 2843 3659 πράξαιμεν
2892 3584 2922 3641 6'
2972 3585 3306 3662 βουλόμεθα.
3358 3589 3544 3646 Ταῦτα
3592 3587 3791 3665 λεγον-

2125 3691 2216 3736 τες
2243 3672 2336 3727 καὶ
2394 3671 2648 3750 ἰπείρων,
2706 3674 2797 3730 καὶ
2851 3673 3009 3751 ἀπρὶξ
3069 3676 3333 3752 κατέσχον
3388 3678 3579 3750 αὐτήν·
3640 3681 3675 3750 ἡ
3730 3676 3791 3735 δὶ

2124 3761 2215 3817 καὶ
2261 3763 2511 3837 σχήματι
2559 3763 2650 3818 καὶ
2697 3761 2847 3840 λόγῳ
2896 3762 3145 3837 ἐπιεικεῖ,
3196 3764 3374 3825 ’Δλλὰ
3414 3766 3786 3843 περιμείνατε,

2125 3848 2251 3928 ἔφη,
2307 3853 2485 3923 τέκνα,
2531 3853 2620 3908 καὶ
2660 3854 2761 3923 τὴν
2800 3850 2956 3924 δόξαν
2998 3849 3193 3929 ὄψεσθε
3239 3858 3337 3911 τοῦ
3382 3860 3537 3914 Θεοῦ.
3584 3857 3675 3922 Ὠς
3727 3855 3785 3915 δδ

2125 3938 2223 3996 οὐκ
2267 3941 2409 4016 εἶχεν
2464 3942 2495 3997 ’ὀ
2550 3962 2603 3997 τι
2660 3942 2749 3997 καὶ
2819 3938 3051 4017 δράσειε,
3121 3947 3407 4022 συναγωγῇ
3473 3966 3785 4021 πονηρευο-

2130 4030 2306 4105 μὲνων
2351 4032 2757 4109 περισχεθεῖσα,
2804 4030 2896 4087 καὶ
2950 4029 3179 4088 πολλῶν
3230 4033 3400 4103 αὐτὴν
3445 4038 3555 4090 τῶν
3605 4039 3782 4091 κυνῶν

2122 4117 2647 4195 περικυκλωσάντων
2708 4120 2882 4196 (εἶχον
2930 4121 3033 4200 γὰρ
3101 4122 3153 4178 ἐν
3209 4124 3394 4199 χερσὶ,
3441 4125 3531 4181 καὶ
3588 4125 3782 4202 βιάσα-

2122 4209 2243 4263 σθαι
2291 4212 2533 4282 μανικῶς
2581 4206 2896 4287 ἒφώρμων),
2948 4208 3027 4271 εἷς
3067 4209 3294 4285 οὐρανὸν
3351 4209 3415 4266 τὸ
3460 4206 3617 4286 ὄμμα
3659 4212 3783 4268 διά·-

2122 4316 2277 4373 ρασα,
2311 4295 2479 4373 Κύριε
2536 4298 2933 4375 παντοκράτορ,
2983 4293 3109 4376 ἔφη,
3142 4299 3168 4354 ὁ
3204 4298 3367 4373 μόνος
3412 4297 3637 4363 δυνατὸς
3682 4304 3776 4357 καὶ

2118 4384 2446 4462 οἰκτίρμων,
2478 4388 2513 4457 ἡ
2548 4384 2707 4450 ἐλπὶς
2754 4391 2863 4443 τῶν
2914 4384 3374 4462 ἀπηλπισμένων,
3405 4390 3441 4460 ἡ
3472 4394 3581 4447 τῶν
3612 4387 3782 4463 ἀϐοη-

2118 4477 2297 4547 θήτων
2327 4476 2579 4551 βοήθεια,
2634 4478 2663 4531 6
2694 4475 2753 4532 ἐκ
2783 4477 2954 4552 πυρὸς
3006 4477 3101 4551 μὶν
3146 4476 3237 4533 καὶ
3286 4480 3492 4555 θηρῶν,
3532 4482 3783 4556 Θαμύρι-

2118 4563 2212 4628 δός
2242 4586 2301 4621 τε
2337 4565 2427 4621 καὶ
2473 4563 2859 4639 Ἀλεξάνδρου,
2904 4567 2992 4622 καὶ
3047 4567 3216 4643 βυθοῦ
3267 4565 3562 4643 διασώσας,
3608 4570 3779 4626 ἀπαν-

2112 4658 2289 4732 ταχοῦ
2333 4676 2391 4712 τε
2446 4656 2647 4732 βοηθὸν
2705 4655 2891 4733 ὀρέξας
2951 4677 3049 4731 μοι
3108 4662 3295 4737 χεῖρα,
3352 4657 3444 4714 καὶ
3500 4660 3563 4716 τὸ
3632 4665 3777 4726 θεῖον

2112 4742 2291 4821 ὄνομά
2320 4766 2416 4801 σου
2465 4743 2767 4817 εὐδοκήσας
2826 4744 2880 4801 ἐν
2935 4746 3062 4820 ἐμοὶ
3117 4744 3465 4821 δοξασθῆναι·
3521 4749 3614 4806 καὶ
3654 4754 3770 4824 νῦν,

2114 4834 2275 4910 Κύριε
2306 4835 2334 4890 ὁ
2366 4836 2496 4897 Θεός
2552 4854 2679 4910 μου,
2732 4834 2889 4910 ῥῦσαί
2940 4856 3007 4909 με
3052 4833 3113 4892 ἒκ
3158 4837 3348 4913 χειρὸς
3393 4843 3503 4894 τῶν
3546 4838 3772 4915 ἀνόμων

2110 4925 2340 4996 τούτων,
2399 4924 2489 4979 καὶ
2553 4925 2630 4999 μὴ
2680 4924 2840 5000 ἐάσῃς
2892 4920 3215 5001 ὑϐρισθῆναί
3266 4948 3376 5001 μου
3416 4929 3517 4998 τήν
3566 4941 3766 5004 παρθε-

2109 5014 2243 5081 νίαν,
2276 5014 2344 5083 ἤν
2386 5009 2475 5070 διὰ
2505 5015 2563 5069 σὲ
2602 5013 2691 5070 καὶ
2732 5016 2796 5071 τὸ
2845 5014 2937 5070 σὸν
2997 5012 3291 5093 διεφύλαξα
3337 5013 3534 5093 ὄνομα,
3585 5020 3668 5075 δτι
3708 5022 3769 5077 cl

2110 5104 2278 5176 φιλῶ,
2324 5105 2524 5185 νυμφίε
2570 5104 2791 5181 ἅμωμε.
2842 5107 2932 5162 καὶ
2976 5107 3060 5163 σοὶ
3101 5113 3393 5183 προσκυνῷ
3437 5114 3517 5184 τῷ
3590 5110 3768 5186 Πατρὶ

2105 5193 2195 5249 καὶ
2253 5197 2333 5267 τῶ
2381 5195 2491 5266 Υἱῷ
2546 5195 2639 5250 καὶ
2694 5199 2774 5268 τῶ
2832 5194 2969 5271 ἁγίῳ
3036 5196 3309 5271 Πνεόματι
3378 5202 3470 5255 νῦν
3544 5200 3635 5255 καὶ
3687 5199 3767 5257 εἰς

2106 5282 2235 5346 τοὺς
2267 5282 2490 5347 αἰῶνας.
2524 5285 2628 5341 Καὶ
2660 5283 2990 5356 ἐπειποόσης
3020 5283 3190 5356 αὐτῆς
3236 5287 3301 5343 τὸ
3351 5290 3555 5363 Ἀμὴν,
3608 5290 3764 5369 φωνή

2105 5371 2391 5447 οὐρανόθεν
2424 5374 2563 5448 πρὸς
2618 5372 2789 5445 αὐτὴν
2835 5373 3067 5451 γίνεται,
3108 5377 3199 5447 Μὴ
3249 5372 3451 5456 φοϐοῦ,
3503 5376 3768 5454 λέγουσα,

2102 5461 2297 5518 Θέκλα·
2362 5464 2497 5537 μετὰ
2563 5466 2661 5520 σοῦ
2724 5466 2827 5542 γάρ
2893 5464 3032 5540 εἶμι,
3101 5462 3275 5539 δούλη
3346 5465 3452 5543 ἰμή
3521 5464 3764 5542 ἀληθής,
