4144 6184
389 320 506 381 845

1455 324 1638 383 VI'l‘A
1685 324 1747 383 S.
1797 323 2163 384 CYPRIANI
2214 320 2716 381 ANTIOCHENI.

3670 321 3787 379 846

385 477 595 551 Ἀρασα
654 475 710 533 δὶ
766 480 894 541 τοὺς
953 477 1293 557 ὀφθαλμοὺς,
1362 478 1445 534 ἴδε
1503 479 1652 540 ὅπως
1711 500 1794 534 σοι
1860 478 2062 555 πέτραι

2141 484 2363 549 sancte,
2400 495 2557 535 nunc
2588 482 2643 535 et
2674 478 2734 533 in
2760 477 3273 548 saecula.Cumque
3294 476 3550 549 adderet,
3574 480 3785 548 Amen,

385 563 621 628 ἕνώπιος
667 566 937 637 ἤνοικται·
996 568 1089 623 καὶ
1136 568 1244 643 γὰρ
1292 566 1437 625 ἔσται
1489 589 1573 625 σοι
1623 567 1759 641 αὕτη
1811 568 2033 632 αἰώνιος

386 655 559 726 οἶκος,
592 654 645 713 ἐν
676 656 814 733 αὐτῇ
845 677 903 712 τε
948 659 1049 727 τὴν
1100 657 1394 713 ἀνάπαυσιν
1444 655 1564 733 δέξῃ
1609 662 1709 729 τήν
1762 662 1882 731 σήν.
1935 660 2031 714 Καὶ

381 750 703 825 προοχοῦσα
733 748 767 817 ἡ
816 748 1044 823 μάρτυς,
1095 748 1196 823 ὁρᾷ
1243 750 1361 804 κατ’
1407 745 1529 823 ὄψιν
1579 748 1777 824 πέτραν
1833 747 2037 805 διανοι-

383 842 593 914 γεῖσαν,
649 836 777 893 ὅσον
833 838 1103 913 ἀνθρώπῳ
1182 838 1437 894 εἰσελθεῖν
1512 840 1797 915 χωρητόν.
1858 838 2031 903 Εὐθὺς

383 924 497 994 οὗν,
546 927 682 983 κατὰ
730 927 792 982 τὸ
838 925 1131 1000 ἐπίταγμα,
1179 931 1287 981 τῶν
1339 926 1578 1003 ἐχόντων
1626 925 1888 1002 διαδρᾶσα
1938 928 2032 989 τὰς

380 1021 597 1092 χεῖρας,
648 1016 725 1078 εἷς
790 1018 891 1086 τήν
942 1019 1139 1093 πέτραν
1198 1014 1374 1085 ἐσέδυ,
1433 1020 1523 1073 καί
1581 1018 1693 1091 ἅμα
1750 1018 2031 1097 ἀμφότερα

382 1099 578 1174 συνέϐη
609 1106 676 1162 τὰ
710 1106 873 1181 μέρη,
916 1106 1005 1162 καὶ
1047 1106 1125 1169 εἷς
1173 1100 1228 1162 ἕν
1276 1106 1492 1184 γέγονεν
1546 1107 1742 1179 οὓτως,
1792 1108 1864 1163 ὡ)
1914 1130 2032 1181 μη-

382 1191 571 1269 δεμίαν
640 1192 772 1269 μηδ’
837 1194 984 1259 ὅλως
1055 1197 1305 1273 ἁρμογὴν
1389 1196 1682 1274 φαίνεσθαι.
1770 1198 2030 1263 Ἐκείνοις

383 1279 441 1339 δὲ
466 1288 591 1347 τοῖς
626 1279 913 1360 βεϐήλοις,
944 1285 1006 1341 τὸ
1040 1284 1176 1359 μέγα
1222 1289 1387 1341 τοῦτο
1438 1286 1787 1360 θεασαμένοις
1825 1288 2027 1361 θαῦμα,

380 1373 581 1447 ἀπορία
609 1374 702 1429 καὶ
748 1370 1010 1445 ἔκπληξις
1038 1373 1354 1443 ἠκολούθει.
1416 1376 1515 1430 Καὶ
1564 1373 1718 1431 οὐδὲν
1770 1371 1849 1431 ἔτι
1906 1374 2030 1451 δρᾶ-

379 1483 467 1518 σαι
520 1458 736 1519 δυνατοὶ
793 1463 1050 1539 ὑπῆρξαν,
1103 1464 1185 1518 ὅτι
1237 1466 1313 1537 μὴ
1363 1465 1564 1535 ταύτην
1616 1465 1689 1527 ὡς
1740 1464 1790 1520 ἐν
1838 1467 2025 1543 χερσῖν

380 1552 553 1627 εἶχον,
608 1556 705 1608 τοῦ
755 1553 1075 1627 ὡμοφορίου
1122 1549 1537 1628 ἐπιλαϐόμενοι,
1588 1551 1881 1610 διασπάσαι
1934 1556 2029 1629 μὲ-

380 1661 495 1718 ρος.
560 1643 710 1699 Κατά
766 1641 907 1698 θείαν
960 1646 1122 1698 τοῦτο
1197 1644 1443 1722 πραχθὲν
1518 1643 1856 1719 οἰκονομίαν,
1914 1644 2029 1719 ἅμα

381 1731 475 1804 μὲν
505 1731 581 1794 εἰς
612 1731 794 1787 πίστιν
833 1737 931 1787 τοῦ
978 1733 1296 1809 γενομένου,
1329 1733 1441 1807 ἅμα
1494 1730 1551 1789 δὲ
1598 1732 1688 1789 καὶ
1738 1734 1813 1797 εἷς
1864 1736 2028 1791 εὐλοο

374 1820 496 1896 γῖαν
550 1820 641 1876 καὶ
698 1822 1043 1896 παραμύθιον
1092 1827 1200 1878 τῶν
1260 1821 1335 1883 εἷς
1393 1824 1613 1900 ὕστερον
1654 1819 1918 1888 θεοσεϐὧν
1971 1846 2029 1881 τε

374 1910 465 1966 καὶ
494 1910 894 1990 φιλοχρίστων.

2141 586 2250 626 vox
2287 571 2358 626 de
2411 567 2553 625 ccelo
2607 568 2678 624 ad
2718 566 2907 639 ipsam
2939 566 3198 623 defertur
3232 582 3245 621 :
3278 566 3358 623 Ne
3388 569 3618 637 timeas,
3654 582 3787 626 mea

2142 660 2352 717 Thecla
2379 676 2392 716 :
2433 665 2623 715 tecum
2654 657 2808 713 enim
2841 673 2997 724 sum,
3028 672 3164 713 vera
3197 673 3323 713 mea
3353 657 3571 713 famula
3602 673 3617 713 :
3650 676 3785 716 sus-

2140 750 2277 807 tolle
2316 753 2544 806 tantum
2575 749 2798 818 oculos,
2857 755 2911 803 et
2948 746 3097 818 vide,
3130 747 3418 819 quomodo
3478 748 3585 803 tibi
3626 755 3790 820 petra

2141 848 2277 898 ante
2297 847 2677 913 conspectum
2706 845 2902 909 aperta
2926 840 3019 909 sit,
3046 840 3149 896 illa
3178 838 3283 894 tibi
3316 843 3659 910 perpetuum
3683 839 3789 895 erit

2140 931 2561 999 habitaculum,
2588 931 2647 986 in
2671 930 2770 987 illa
2790 929 3050 1002 requiem
3083 934 3241 986 tuam
3262 927 3527 1001 recipies.
3547 928 3632 985 Ad
3659 945 3785 1001 qua

2141 1026 2358 1094 martyr
2387 1023 2709 1090 attendens,
2744 1021 2897 1077 videt
2948 1025 3081 1076 ante
3139 1034 3202 1074 se
3250 1023 3473 1091 petram
3506 1026 3783 1091 apertam,

2140 1115 2427 1183 quantum
2457 1110 2682 1166 homini
2715 1109 3048 1181 recipiendo
3070 1109 3212 1165 satis
3244 1114 3420 1165 esset.
3451 1111 3636 1176 Quare
3664 1108 3789 1178 illa,

2140 1208 2313 1274 prout
2332 1202 2443 1273 ipsi
2466 1209 2816 1273 praeceptum
2836 1201 3050 1267 fuerat,
3081 1199 3356 1255 manibus
3378 1215 3439 1256 se
3462 1199 3785 1256 tenentium

2138 1291 2358 1364 elapsa,
2400 1292 2458 1346 in
2492 1296 2717 1363 petram
2752 1306 2814 1346 se
2860 1288 3125 1359 immisit,
3168 1290 3340 1359 cujus
3380 1289 3574 1345 statim
3613 1288 3786 1344 ambo

2138 1386 2335 1453 partes
2366 1379 2572 1447 coiere,
2605 1380 2802 1451 itaque
2836 1379 2894 1435 in
2929 1394 3114 1435 unum
3170 1377 3453 1447 coaluere,
3503 1381 3567 1433 ut
3624 1377 3787 1434 nulla

2138 1470 2379 1527 omnino
2428 1472 2707 1540 junctura
2766 1472 3091 1541 appareret.
3149 1468 3402 1540 Impuris
3452 1484 3620 1540 porro
3668 1466 3785 1524 illis

2138 1575 2418 1632 magnum
2437 1560 2544 1616 hoc
2560 1558 2911 1616 miraculum
2927 1558 3538 1629 intuentibus,ingens
3552 1556 3786 1615 consilii

2135 1649 2335 1721 inopia
2366 1647 2668 1719 animique
2717 1648 3111 1705 consternatio
3143 1646 3514 1702 oboriebatur
3548 1664 3561 1704 :
3597 1662 3785 1719 neque

2137 1739 2462 1812 quidquam
2493 1738 2751 1811 amplius
2768 1737 2925 1809 quod
2956 1738 3144 1795 facere
3165 1741 3457 1809 poterant,
3490 1736 3602 1793 nisi
3633 1736 3787 1809 quod

2137 1845 2269 1885 cum
2303 1828 2463 1885 illam
2497 1830 2773 1885 manibus
2804 1828 3305 1895 adhuctenerent,
3338 1827 3783 1899 amiculo,quod

2136 1920 2397 1977 humeris
2429 1920 2715 1992 gestabat,
2749 1919 3187 1992 comprehenso,
3240 1922 3461 1990 partem
3502 1918 3628 1987 ejus
3658 1918 3780 1972 dis-

374 2012 717 2076 cerperent:
770 2004 948 2078 idque
990 2005 1188 2062 divina
1226 2006 1664 2079 dispensatione
1703 2000 1942 2078 factum,
1984 2010 2192 2081 partim
2241 2012 2299 2066 in
2350 2011 2434 2068 rei
2480 2017 2650 2068 tantas
2702 2011 2901 2082 fidem,
2948 2010 3157 2083 partim
3209 2009 3386 2066 etiam
3439 2009 3499 2065 in
3548 2009 3783 2066 laudem

375 2102 430 2151 et
459 2095 919 2153 consolationem
953 2112 1175 2167 eorum,
1209 2097 1309 2170 qui
1343 2098 1617 2171 deinceps
1650 2099 1726 2171 pii
1752 2100 1852 2156 Dei
1884 2101 2139 2159 cultores
2170 2106 2227 2159 et
2248 2103 2423 2160 amici
2453 2108 2652 2161 essent
2675 2102 2874 2161 tuturi.

449 2184 634 2259 ’Ήχθη
690 2184 786 2257 μὲν
839 2183 930 2239 οὖν
988 2185 1067 2247 εἱς
1106 2185 1172 2240 τὸ
1224 2186 1517 2263 μαρτύριον
1547 2187 1581 2253 ἡ
1616 2189 1851 2265 γενναία,
1906 2190 2030 2265 περὶ

371 2272 438 2327 τὸ
472 2269 599 2328 δέκα
626 2274 715 2328 καὶ
753 2271 896 2329 ὀκτὼ
936 2267 1029 2345 ἔτη
1066 2273 1216 2329 οὖσαι
1272 2272 1325 2330 ἐν
1377 2270 1434 2329 δὶ
1477 2279 1548 2349 τῇ
1600 2272 1889 2351 ὁδοιπορίᾳ
1936 2276 2027 2333 καὶ

372 2364 443 2436 τῇ
497 2362 721 2433 ἀσκήσει
772 2367 840 2437 τῇ
891 2363 944 2419 ἐν
999 2367 1078 2435 τῷ
1133 2364 1271 2439 ὸρει,
1315 2363 1404 2419 καὶ
1456 2365 1600 2440 πάσῃ
1645 2370 1713 2440 τῇ
1764 2364 2025 2440 περιόδῳ,

377 2448 752 2528 διαγεγόνασιν
798 2446 888 2523 ἔτη
925 2450 1022 2508 δύο
1062 2455 1152 2508 καὶ
1201 2448 1597 2527 ἑϐδομήκοντα·
1649 2456 1725 2518 ὡς
1773 2453 2026 2530 ἐκδημῆ-

372 2562 462 2596 σαι
534 2542 636 2611 τήν
712 2543 1154 2618 πρωτομάρτυρα
1226 2544 1361 2619 πρὸς
1456 2545 1585 2600 Θεὸν
1676 2544 2022 2617 ἐνενηκοστὸν

371 2629 481 2703 ἤδη
544 2632 605 2689 τὸ
662 2628 781 2697 ἔτος
820 2631 1080 2710 ἄγουσαν.
1130 2636 1394 2692 Τοιοῦτον
1437 2635 1501 2689 τὸ
1548 2641 1648 2704 τῆς
1708 2643 2025 2708 θαυμαστῆς

373 2721 584 2794 Θὲκλης
612 2722 794 2793 τέλος,
825 2727 1073 2786 τοιοῦτος
1109 2724 1136 2779 ὁ
1172 2724 1314 2797 βίος,
1346 2726 1595 2779 τοιοῦτον
1624 2726 1685 2780 τὸ
1722 2725 1854 2800 ὑπὲρ
1884 2729 2022 2801 Χρι-

372 2815 502 2868 στοῦ
560 2811 856 2889 μαρτύριον
914 2812 1000 2883 ἦν.
1069 2813 1172 2871 Καὶ
1224 2809 1450 2888 ἔχοιμεν
1525 2815 1689 2887 ἡμεῖς
1753 2813 2023 2889 ἃγρυπνον

2208 2194 2353 2250 Acta
2372 2192 2553 2265 igitur
2574 2193 2643 2250 ad
2670 2191 3009 2265 martyrium
3042 2191 3319 2263 praeclara
3341 2190 3459 2249 haec
3488 2190 3650 2265 virgo
3675 2191 3783 2249 fuit

2140 2282 2364 2339 decimo
2419 2289 2619 2340 octavo
2658 2284 2841 2340 etatis
2872 2298 2990 2338 sua
3031 2298 3222 2350 anno;
3257 2280 3316 2338 in
3349 2282 3557 2338 itinere
3588 2286 3783 2340 autem

2136 2373 2526 2445 exercitioque
2557 2371 2789 2446 pietatis
2835 2372 2894 2428 in
2928 2377 3125 2428 monte
3156 2372 3228 2427 ab
3274 2371 3404 2445 ipsa
3435 2371 3613 2433 obito.
3648 2371 3779 2428 reli-

2137 2478 2371 2535 quoque
2426 2466 2553 2518 vitae
2612 2461 2877 2524 circuitu,
2913 2462 3052 2517 anni
3110 2460 3485 2534 septuaginta
3529 2462 3645 2517 duo
3694 2460 3780 2517 illi

2134 2552 2434 2616 transacti,
2475 2552 2556 2606 ita
2610 2555 2674 2605 ut
2713 2551 2784 2605 ad
2836 2550 3017 2606 Deum
3064 2550 3335 2621 princeps
3393 2549 3515 2605 haec
3569 2555 3784 2623 martyr

2135 2640 2390 2712 profecta
2420 2639 2517 2706 sit,
2557 2639 3006 2711 nonagesimum
3030 2639 3155 2709 jam
3204 2654 3422 2694 annum
3478 2654 3678 2711 agens.
3712 2639 3782 2695 Et

2134 2727 2470 2798 hujusmodi
2501 2728 2738 2799 quidem
2771 2725 3127 2783 admiranda:
3156 2727 3379 2782 Theclse
3402 2728 3558 2794 finis,
3578 2725 3783 2797 hujus-

2133 2819 2287 2876 modi
2309 2818 2449 2887 vita,
2472 2819 2809 2892 hujusmodi
2836 2836 2940 2891 pro
2967 2818 3197 2876 Christo
3222 2818 3593 2891 martyrium.
3618 2817 3779 2876 Hanc

371 2902 454 2956 ἀεὶ
505 2906 614 2958 τῶν
661 2906 852 2980 ψυχῶν
912 2901 1148 2980 φύλακα,
1189 2899 1423 2975 πρέσϐυν
1472 2903 1827 2978 εὐπρόσωπον
1882 2906 2019 2981 πρὸς

2140 2926 2237 2965 nos
2270 2909 2609 2982 pervigilem
2631 2926 2865 2983 semper
2885 2908 3213 2966 animarum
3231 2916 3562 2965 nostrarum
3584 2914 3780 2965 custo-

372 2992 525 3062 Θεὸν,
559 2993 733 3063 ὀξεῖαν
790 2992 841 3048 ἐν
888 2989 1161 3048 κινδύνοις
1229 2992 1536 3067 ἀντίληψιν.
1584 2998 1681 3055 ’Πς
1724 3000 1842 3057 ταῖς
1889 3014 2020 3069 πρε-

2140 2999 2257 3055 iem
2301 2999 2645 3069 habeamus,
2689 2999 2838 3055 hanc
2869 3003 3168 3070 acceptam
3191 2998 3343 3070 apud
3375 2996 3561 3054 Deum
3589 2998 3777 3057 nostri

371 3077 577 3145 σϐιξαις
619 3083 707 3138 καὶ
756 3086 862 3138 τῶν
912 3081 1149 3137 αἰωνίων
1194 3079 1460 3157 τῦχοιμεν
1508 3082 1727 3158 ἀγαθῶν
1784 3082 1834 3138 ἐν
1884 3085 2020 3160 Χρι-

2140 3095 2447 3159 patronam,
2472 3092 2925 3161 promptamque
2944 3087 3003 3143 in
3030 3088 3306 3161 periculis
3329 3086 3772 3151 auxiliatriccm.

372 3169 483 3244 σ’τῷ
512 3172 693 3241 Ἰησοῦ
723 3172 803 3244 τῷ
835 3171 1016 3246 Κυρίῳ
1045 3173 1230 3245 ἡμῶν,
1263 3172 1308 3244 ᾧ
1338 3174 1372 3242 ἡ
1406 3169 1534 3241 δόξα
1572 3173 1661 3227 καὶ
1708 3173 1771 3228 τὸ
1818 3174 2016 3250 κράτος
2048 3205 2062 3268 ⁴

2140 3176 2309 3249 Sujus
2340 3178 2755 3235 intercessione
2785 3184 3058 3234 aeternam
3082 3176 3420 3234 felicitatem
3451 3192 3775 3250 consequa-

369 3264 463 3317 νῦν
490 3259 580 3318 καὶ
610 3259 693 3316 ἀεὶ
723 3260 811 3317 καὶ
845 3259 921 3324 εἷς
969 3259 1097 3324 τοὺς
1135 3261 1332 3323 αἰῶνας
1377 3264 1486 3317 τῶν
1536 3261 1765 3318 αἰώνων.
1811 3264 2011 3337 ’Δμήν.
2053 3259 2062 3268 ’

2140 3283 2260 3323 mur
2290 3267 2349 3322 in
2374 3266 2605 3323 Christo
2634 3268 2776 3324 Jesu
2806 3266 3055 3324 Domino
3088 3271 3327 3324 nostro:
3358 3264 3451 3323 cui
3483 3266 3562 3323 sit
3590 3264 3775 3339 gloria

2124 3360 2183 3412 et
2212 3359 2467 3427 potestas
2497 3371 2653 3413 nunc
2675 3360 2732 3413 et
2747 3371 2978 3429 semper
2999 3359 3056 3412 et
3077 3355 3134 3412 in
3168 3355 3381 3414 saecula
3400 3353 3769 3412 saeculorum.

2116 3445 2320 3503 Amen.

625 3871 888 4036 DE
976 3871 1142 4037 S.
1239 3869 2187 4040 CYPRIANI
2266 3868 3511 4041 ANTIOCHENI

1441 4179 1711 4272 VITA
1801 4185 1941 4269 ET
2026 4182 2682 4274 CERTAMINE

837 4409 1019 4536 ι).
1110 4410 1847 4539 ΕΜιιιι
1931 4327 3293 4547 BLAMPIGNON

1856 4656 2275 4722 MONITUM.

512 4828 601 4894 Ex
632 4829 845 4894 libello
878 4847 1059 4913 quem
1090 4831 1407 4898 Facultati
1437 4833 1785 4897 litterarum
1817 4834 2149 4899 Parisienai
2178 4835 2534 4901 licentiatus
2562 4837 2976 4920 proponebat,
3009 4836 3080 4902 de
3106 4843 3177 4905 ις.
3216 4835 3521 4923 Cypriane
3552 4848 3607 4900 et

1271 4931 1344 4995 de
1364 4934 1662 5015 primzva
1703 4933 2193 5015 Carthaginiensi
2220 4935 2519 4999 Ecclesia.
2555 4970 2630 4985 -—
2663 4938 2845 5001 1862.

423 5267 747 5341 Cyprianus
778 5270 895 5341 ille,
928 5269 1027 5344 qui
1061 5268 1554 5343 Carthaginiensis
1577 5271 1884 5345 episcopus
1916 5272 2068 5346 apud
2094 5272 2319 5331 Graecos
2358 5271 2503 5331 falso
2532 5273 2732 5331 haberi
2758 5274 2921 5346 solet,
2954 5275 3349 5334 Antiochenus
3380 5276 3467 5333 vel
3496 5274 3766 5335 Nicome-

350 5359 574 5417 diensis
611 5364 811 5433 quarto
867 5359 1079 5417 saeculo
1119 5364 1341 5433 martyr
1392 5360 1574 5417 fuisse
1611 5362 1855 5419 videtur.
1906 5363 2083 5434 Cujus
2122 5362 2388 5432 historia,
2425 5364 2660 5421 casibus
2701 5364 2916 5436 repleta
2954 5365 3241 5435 mirificis,
3271 5367 3593 5439 praesrtim
3627 5382 3760 5426 cum

348 5450 712 5523 maximique
741 5455 799 5509 et
827 5450 1125 5509 notissimi
1154 5450 1425 5524 Cypriani
1457 5450 1739 5508 niteretur
1769 5452 2026 5521 nomine,
2058 5451 2309 5510 Orientis
2340 5453 2589 5526 populos
2618 5454 2793 5527 vulgo
2822 5455 3107 5529 prodigiis
3138 5455 3478 5527 gaudentes,
3504 5474 3766 5515 summo-

345 5556 481 5612 pere
513 5540 859 5599 delectabat.
894 5540 1134 5599 Photius
1176 5557 1317 5600 sane
1345 5540 1404 5599 in
1438 5540 1772 5600 Bibliotheca
1803 5543 1883 5614 (a)
1914 5542 2172 5600 declarat
2217 5544 2530 5602 Eudociam
2578 5548 2923 5619 Augustam,
2958 5546 3182 5606 Leontii
3215 5548 3545 5622 philosophi
3581 5548 3766 5605 Athe-

418 5702 496 5776 (a)
526 5704 667 5777 Cap.
714 5702 835 5760 183.
875 5733 942 5746 -
990 5703 1150 5777 Opus
1180 5704 1446 5763 Eudocias
1501 5710 1777 5779 Augusta:
1824 5721 1892 5764 ex
1931 5707 2126 5767 codice
2181 5706 2438 5767 Mediceo
2486 5708 2786 5769 Florentia
2833 5726 2988 5771 anno
3040 5711 3173 5767 1761
3224 5710 3409 5769 edidit
3436 5710 3582 5781 Aug.
3615 5712 3759 5765 Mar.
