  <div class='ocr_page' id='page_1' title='image "/cluster/home/n/w/nwhite01/storage/ocr_20150623/115/hvd.32044073502262/430.png"; bbox 0 0 4094 6230; ppageno 0'>
   <div class='ocr_carea' id='block_1_1' title="bbox 349 364 465 427">
    <p class='ocr_par' dir='ltr' id='par_1_1' title="bbox 349 364 465 427">
     <span class='ocr_line' id='line_1_1' title="bbox 349 364 465 427; baseline 0 0"><span class='ocrx_word' id='word_1_1' title='bbox 349 364 465 427; x_wconf 72' lang='grc'><strong>849</strong></span> 
     </span>
    </p>
   </div>
   <div class='ocr_carea' id='block_1_2' title="bbox 1445 361 2721 427">
    <p class='ocr_par' dir='ltr' id='par_1_2' title="bbox 1445 361 2721 427">
     <span class='ocr_line' id='line_1_2' title="bbox 1445 361 2721 427; baseline -0.002 -3"><span class='ocrx_word' id='word_1_2' title='bbox 1445 364 1632 426; x_wconf 83' lang='lat' dir='ltr'><strong>Vl&#39;l‘A</strong></span> <span class='ocrx_word' id='word_1_3' title='bbox 1675 365 1743 427; x_wconf 87' lang='lat' dir='ltr'><strong>S.</strong></span> <span class='ocrx_word' id='word_1_4' title='bbox 1790 363 2170 425; x_wconf 80' lang='lat' dir='ltr'><strong>CYPRIANI</strong></span> <span class='ocrx_word' id='word_1_5' title='bbox 2214 361 2721 426; x_wconf 75' lang='lat' dir='ltr'><strong>ANTIOCHENI.</strong></span> 
     </span>
    </p>
   </div>
   <div class='ocr_carea' id='block_1_3' title="bbox 3634 364 3757 427">
    <p class='ocr_par' dir='ltr' id='par_1_3' title="bbox 3634 364 3757 427">
     <span class='ocr_line' id='line_1_3' title="bbox 3634 364 3757 427; baseline -0.008 0"><span class='ocrx_word' id='word_1_6' title='bbox 3634 364 3757 427; x_wconf 74' lang='lat'><strong>850</strong></span> 
     </span>
    </p>
   </div>
   <div class='ocr_carea' id='block_1_4' title="bbox 345 520 2013 599">
    <p class='ocr_par' dir='ltr' id='par_1_4' title="bbox 345 520 2001 599">
     <span class='ocr_line' id='line_1_4' title="bbox 345 520 2001 599; baseline 0 -20"><span class='ocrx_word' id='word_1_7' title='bbox 345 524 578 599; x_wconf 89' lang='grc' dir='ltr'>προσθεν</span> <span class='ocrx_word' id='word_1_8' title='bbox 621 524 644 559; x_wconf 78' lang='grc'>³</span> <span class='ocrx_word' id='word_1_9' title='bbox 690 521 785 577; x_wconf 87' lang='grc' dir='ltr'><strong>τὸν</strong></span> <span class='ocrx_word' id='word_1_10' title='bbox 830 520 977 595; x_wconf 88' lang='grc' dir='ltr'><strong>παρά</strong></span> <span class='ocrx_word' id='word_1_11' title='bbox 1024 525 1132 577; x_wconf 88' lang='grc' dir='ltr'><strong>τῶν</strong></span> <span class='ocrx_word' id='word_1_12' title='bbox 1181 522 1552 599; x_wconf 76' lang='grc' dir='ltr'>ἱεροκηρύκων</span> <span class='ocrx_word' id='word_1_13' title='bbox 1603 523 1842 599; x_wconf 79' lang='grc' dir='ltr'><strong>Χριστοῦ</strong></span> <span class='ocrx_word' id='word_1_14' title='bbox 1893 544 2001 598; x_wconf 90' lang='grc' dir='ltr'>μα-</span> 
     </span>
    </p>
   </div>
   <div class='ocr_carea' id='block_1_5' title="bbox 2122 520 3742 599">
    <p class='ocr_par' dir='ltr' id='par_1_5' title="bbox 2122 522 3742 594">
     <span class='ocr_line' id='line_1_5' title="bbox 2122 522 3742 594; baseline 0.002 -15"><span class='ocrx_word' id='word_1_15' title='bbox 2122 530 2277 579; x_wconf 69' lang='lat' dir='ltr'><strong>terrae</strong></span> <span class='ocrx_word' id='word_1_16' title='bbox 2305 522 2438 578; x_wconf 67' lang='lat' dir='ltr'><strong>leta</strong></span> <span class='ocrx_word' id='word_1_17' title='bbox 2455 524 2677 591; x_wconf 88' lang='lat' dir='ltr'><strong>accepit</strong></span> <span class='ocrx_word' id='word_1_18' title='bbox 2699 539 2899 579; x_wconf 90' lang='lat' dir='ltr'><strong>semen</strong></span> <span class='ocrx_word' id='word_1_19' title='bbox 2916 524 3206 594; x_wconf 86' lang='lat' dir='ltr'><strong>dejeclum</strong></span> <span class='ocrx_word' id='word_1_20' title='bbox 3239 542 3273 580; x_wconf 90' lang='lat' dir='ltr'><strong>a</strong></span> <span class='ocrx_word' id='word_1_21' title='bbox 3296 525 3510 583; x_wconf 86' lang='lat' dir='ltr'><strong>sanctis</strong></span> <span class='ocrx_word' id='word_1_22' title='bbox 3527 524 3742 582; x_wconf 78' lang='lat' dir='ltr'><strong>Christi</strong></span> 
     </span>
    </p>
   </div>
   <div class='ocr_carea' id='block_1_6' title="bbox 348 608 2005 690">
    <p class='ocr_par' dir='ltr' id='par_1_6' title="bbox 348 608 2005 690">
     <span class='ocr_line' id='line_1_6' title="bbox 348 608 2005 690; baseline -0.001 -20"><span class='ocrx_word' id='word_1_23' title='bbox 348 617 530 686; x_wconf 83' lang='grc' dir='ltr'><strong>θητῶν</strong></span> <span class='ocrx_word' id='word_1_24' title='bbox 562 618 881 690; x_wconf 80' lang='grc' dir='ltr'>περιχαρῶς</span> <span class='ocrx_word' id='word_1_25' title='bbox 906 608 1321 681; x_wconf 84' lang='grc' dir='ltr'>καταϐληθὲντα</span> <span class='ocrx_word' id='word_1_26' title='bbox 1379 616 1580 689; x_wconf 82' lang='grc' dir='ltr'><strong>σπόρον</strong></span> <span class='ocrx_word' id='word_1_27' title='bbox 1632 613 1864 685; x_wconf 71' lang='grc' dir='ltr'>ἐδέξατο,</span> <span class='ocrx_word' id='word_1_28' title='bbox 1917 617 2005 671; x_wconf 81' lang='grc' dir='ltr'>καὶ</span> 
     </span>
    </p>
   </div>
   <div class='ocr_carea' id='block_1_7' title="bbox 350 700 2004 782">
    <p class='ocr_par' dir='ltr' id='par_1_7' title="bbox 350 700 2004 782">
     <span class='ocr_line' id='line_1_7' title="bbox 350 700 2004 782; baseline -0.001 -21"><span class='ocrx_word' id='word_1_29' title='bbox 350 703 667 777; x_wconf 70' lang='grc' dir='ltr'><strong>Χριστιανοὶ</strong></span> <span class='ocrx_word' id='word_1_30' title='bbox 700 708 915 776; x_wconf 75' lang='grc' dir='ltr'>πρῶτον</span> <span class='ocrx_word' id='word_1_31' title='bbox 958 700 1009 757; x_wconf 76' lang='grc' dir='ltr'>ἒν</span> <span class='ocrx_word' id='word_1_32' title='bbox 1059 704 1199 777; x_wconf 77' lang='grc' dir='ltr'>αὐτῇ</span> <span class='ocrx_word' id='word_1_33' title='bbox 1247 704 1383 759; x_wconf 85' lang='grc' dir='ltr'><strong>κατά</strong></span> <span class='ocrx_word' id='word_1_34' title='bbox 1430 706 1520 760; x_wconf 89' lang='grc' dir='ltr'>τὸν</span> <span class='ocrx_word' id='word_1_35' title='bbox 1577 706 1739 782; x_wconf 79' lang='grc' dir='ltr'>μὲγαν</span> <span class='ocrx_word' id='word_1_36' title='bbox 1797 711 2004 761; x_wconf 80' lang='grc' dir='ltr'>Λουκᾶν</span> 
     </span>
    </p>
   </div>
   <div class='ocr_carea' id='block_1_8' title="bbox 348 790 2004 870">
    <p class='ocr_par' dir='ltr' id='par_1_8' title="bbox 348 790 2004 870">
     <span class='ocr_line' id='line_1_8' title="bbox 348 790 2004 870; baseline 0 -21"><span class='ocrx_word' id='word_1_37' title='bbox 348 793 726 869; x_wconf 66' lang='grc' dir='ltr'><strong>ἐχρημάτισαν</strong></span> <span class='ocrx_word' id='word_1_38' title='bbox 761 796 803 861; x_wconf 81' lang='grc'>³,</span> <span class='ocrx_word' id='word_1_39' title='bbox 830 790 921 847; x_wconf 79' lang='grc' dir='ltr'>καί</span> <span class='ocrx_word' id='word_1_40' title='bbox 968 791 1155 866; x_wconf 78' lang='grc' dir='ltr'>ὅτιπερ</span> <span class='ocrx_word' id='word_1_41' title='bbox 1205 790 1401 869; x_wconf 78' lang='grc' dir='ltr'>ἄνδρας</span> <span class='ocrx_word' id='word_1_42' title='bbox 1447 798 1527 866; x_wconf 80' lang='grc' dir='ltr'>τῷ</span> <span class='ocrx_word' id='word_1_43' title='bbox 1573 794 1679 869; x_wconf 88' lang='grc' dir='ltr'><strong>βίῳ</strong></span> <span class='ocrx_word' id='word_1_44' title='bbox 1726 798 2004 870; x_wconf 77' lang='grc' dir='ltr'>προήνεγ-</span> 
     </span>
    </p>
   </div>
   <div class='ocr_carea' id='block_1_9' title="bbox 348 881 2004 957">
    <p class='ocr_par' dir='ltr' id='par_1_9' title="bbox 348 881 2004 957">
     <span class='ocr_line' id='line_1_9' title="bbox 348 881 2004 957; baseline 0.001 -20"><span class='ocrx_word' id='word_1_45' title='bbox 348 904 439 938; x_wconf 86' lang='grc' dir='ltr'><strong>κεν</strong></span> <span class='ocrx_word' id='word_1_46' title='bbox 470 886 494 919; x_wconf 67' lang='grc' dir='ltr'>δ</span> <span class='ocrx_word' id='word_1_47' title='bbox 523 882 599 943; x_wconf 80' lang='grc' dir='ltr'>εἷς</span> <span class='ocrx_word' id='word_1_48' title='bbox 648 881 985 956; x_wconf 87' lang='grc' dir='ltr'>(τρίάκοντα)</span> <span class='ocrx_word' id='word_1_49' title='bbox 1036 884 1057 918; x_wconf 85' lang='grc'>⁸</span> <span class='ocrx_word' id='word_1_50' title='bbox 1094 882 1183 937; x_wconf 78' lang='grc' dir='ltr'><strong>καὶ</strong></span> <span class='ocrx_word' id='word_1_51' title='bbox 1234 883 1420 938; x_wconf 65' lang='grc' dir='ltr'>ἑκατὸν</span> <span class='ocrx_word' id='word_1_52' title='bbox 1470 883 1557 939; x_wconf 84' lang='grc' dir='ltr'><strong>καὶ</strong></span> <span class='ocrx_word' id='word_1_53' title='bbox 1608 885 1863 957; x_wconf 75' lang='grc' dir='ltr'>ἑξήκοντα</span> <span class='ocrx_word' id='word_1_54' title='bbox 1904 891 2004 953; x_wconf 81' lang='grc' dir='ltr'><strong>τῆς</strong></span> 
     </span>
    </p>
   </div>
   <div class='ocr_carea' id='block_1_10' title="bbox 348 970 2007 1049">
    <p class='ocr_par' dir='ltr' id='par_1_10' title="bbox 348 970 2007 1049">
     <span class='ocr_line' id='line_1_10' title="bbox 348 970 2007 1049; baseline 0.001 -21"><span class='ocrx_word' id='word_1_55' title='bbox 348 972 547 1047; x_wconf 81' lang='grc' dir='ltr'>ἀρετῆς</span> <span class='ocrx_word' id='word_1_56' title='bbox 591 970 964 1047; x_wconf 82' lang='grc' dir='ltr'>εὐαγγελικῶς</span> <span class='ocrx_word' id='word_1_57' title='bbox 1014 972 1107 1026; x_wconf 89' lang='grc' dir='ltr'>τὸν</span> <span class='ocrx_word' id='word_1_58' title='bbox 1158 972 1360 1047; x_wconf 82' lang='grc' dir='ltr'>στάχυν</span> <span class='ocrx_word' id='word_1_59' title='bbox 1408 970 1764 1049; x_wconf 75' lang='grc' dir='ltr'>ἐκθρέψαντας</span> <span class='ocrx_word' id='word_1_60' title='bbox 1813 976 1857 1043; x_wconf 72' lang='grc'>³,</span> <span class='ocrx_word' id='word_1_61' title='bbox 1908 973 2007 1029; x_wconf 83' lang='grc' dir='ltr'><strong>οὐκ</strong></span> 
     </span>
    </p>
   </div>
   <div class='ocr_carea' id='block_1_11' title="bbox 351 1059 2003 1139">
    <p class='ocr_par' dir='ltr' id='par_1_11' title="bbox 351 1059 2003 1139">
     <span class='ocr_line' id='line_1_11' title="bbox 351 1059 2003 1139; baseline 0.002 -22"><span class='ocrx_word' id='word_1_62' title='bbox 351 1060 551 1136; x_wconf 72' lang='grc' dir='ltr'>ἄνδρας</span> <span class='ocrx_word' id='word_1_63' title='bbox 584 1059 642 1118; x_wconf 75' lang='grc' dir='ltr'>δὶ</span> <span class='ocrx_word' id='word_1_64' title='bbox 675 1061 862 1135; x_wconf 90' lang='grc' dir='ltr'>μόνον,</span> <span class='ocrx_word' id='word_1_65' title='bbox 892 1060 1039 1118; x_wconf 85' lang='grc' dir='ltr'>ἀλλὰ</span> <span class='ocrx_word' id='word_1_66' title='bbox 1069 1064 1159 1117; x_wconf 82' lang='grc' dir='ltr'>καὶ</span> <span class='ocrx_word' id='word_1_67' title='bbox 1188 1068 1297 1118; x_wconf 89' lang='grc' dir='ltr'><strong>τῶν</strong></span> <span class='ocrx_word' id='word_1_68' title='bbox 1334 1066 1600 1139; x_wconf 87' lang='grc' dir='ltr'>γυναικῶν</span> <span class='ocrx_word' id='word_1_69' title='bbox 1644 1066 1747 1119; x_wconf 84' lang='grc' dir='ltr'>οὐκ</span> <span class='ocrx_word' id='word_1_70' title='bbox 1793 1064 2003 1139; x_wconf 82' lang='grc' dir='ltr'><strong>ὀλίγας.</strong></span> 
     </span>
    </p>
   </div>
   <div class='ocr_carea' id='block_1_12' title="bbox 352 1148 2008 1228">
    <p class='ocr_par' dir='ltr' id='par_1_12' title="bbox 352 1148 2008 1228">
     <span class='ocr_line' id='line_1_12' title="bbox 352 1148 2008 1228; baseline -0.002 -18"><span class='ocrx_word' id='word_1_71' title='bbox 352 1152 532 1228; x_wconf 72' lang='grc' dir='ltr'>Ἀφεὶς</span> <span class='ocrx_word' id='word_1_72' title='bbox 580 1149 673 1206; x_wconf 82' lang='grc' dir='ltr'>οὖν</span> <span class='ocrx_word' id='word_1_73' title='bbox 718 1148 903 1221; x_wconf 87' lang='grc' dir='ltr'>κάλλη</span> <span class='ocrx_word' id='word_1_74' title='bbox 959 1150 982 1186; x_wconf 89' lang='grc'>⁷</span> <span class='ocrx_word' id='word_1_75' title='bbox 1044 1153 1338 1224; x_wconf 76' lang='grc' dir='ltr'>θαυμάζειν</span> <span class='ocrx_word' id='word_1_76' title='bbox 1385 1157 1550 1221; x_wconf 82' lang='grc' dir='ltr'>ναῶν,</span> <span class='ocrx_word' id='word_1_77' title='bbox 1600 1153 1691 1207; x_wconf 84' lang='grc' dir='ltr'><strong>καὶ</strong></span> <span class='ocrx_word' id='word_1_78' title='bbox 1744 1152 1941 1227; x_wconf 70' lang='grc' dir='ltr'>μεγέθη</span> <span class='ocrx_word' id='word_1_79' title='bbox 1983 1153 2008 1187; x_wconf 82' lang='grc'><strong>⁸</strong></span> 
     </span>
    </p>
   </div>
   <div class='ocr_carea' id='block_1_13' title="bbox 350 1238 2001 1318">
    <p class='ocr_par' dir='ltr' id='par_1_13' title="bbox 350 1238 2001 1318">
     <span class='ocr_line' id='line_1_13' title="bbox 350 1238 2001 1318; baseline -0.001 -22"><span class='ocrx_word' id='word_1_80' title='bbox 350 1245 582 1315; x_wconf 82' lang='grc' dir='ltr'>τειχῶν,</span> <span class='ocrx_word' id='word_1_81' title='bbox 631 1239 721 1295; x_wconf 83' lang='grc' dir='ltr'><strong>καὶ</strong></span> <span class='ocrx_word' id='word_1_82' title='bbox 764 1238 953 1310; x_wconf 80' lang='grc' dir='ltr'>πλήθη</span> <span class='ocrx_word' id='word_1_83' title='bbox 999 1240 1023 1275; x_wconf 80' lang='grc'><strong>⁹</strong></span> <span class='ocrx_word' id='word_1_84' title='bbox 1070 1245 1274 1316; x_wconf 80' lang='grc' dir='ltr'>φυτῶν,</span> <span class='ocrx_word' id='word_1_85' title='bbox 1324 1241 1649 1311; x_wconf 80' lang='grc' dir='ltr'>εὐθηνοῦσαν</span> <span class='ocrx_word' id='word_1_86' title='bbox 1700 1243 1745 1279; x_wconf 77' lang='grc'><strong>¹⁰</strong></span> <span class='ocrx_word' id='word_1_87' title='bbox 1789 1262 1847 1296; x_wconf 88' lang='grc' dir='ltr'><strong>τε</strong></span> <span class='ocrx_word' id='word_1_88' title='bbox 1900 1248 2001 1318; x_wconf 77' lang='grc' dir='ltr'><strong>γῆν</strong></span> 
     </span>
    </p>
   </div>
   <div class='ocr_carea' id='block_1_14' title="bbox 351 1326 2006 1405">
    <p class='ocr_par' dir='ltr' id='par_1_14' title="bbox 351 1326 2006 1405">
     <span class='ocr_line' id='line_1_14' title="bbox 351 1326 2006 1405; baseline -0.001 -20"><span class='ocrx_word' id='word_1_89' title='bbox 351 1329 602 1403; x_wconf 78' lang='grc' dir='ltr'><strong>ἀγαθοῖς,</strong></span> <span class='ocrx_word' id='word_1_90' title='bbox 631 1326 698 1399; x_wconf 75' lang='grc' dir='ltr'>ἤν</span> <span class='ocrx_word' id='word_1_91' title='bbox 727 1326 878 1403; x_wconf 81' lang='grc' dir='ltr'>ἄρδει</span> <span class='ocrx_word' id='word_1_92' title='bbox 910 1326 1229 1405; x_wconf 69' lang='grc' dir='ltr'>παραρρέων</span> <span class='ocrx_word' id='word_1_93' title='bbox 1283 1330 1541 1404; x_wconf 81' lang='grc' dir='ltr'>Ὀρόντης</span> <span class='ocrx_word' id='word_1_94' title='bbox 1593 1333 1660 1401; x_wconf 85' lang='grc'><strong>¹¹,</strong></span> <span class='ocrx_word' id='word_1_95' title='bbox 1717 1330 2006 1387; x_wconf 87' lang='grc' dir='ltr'>Ἰουστίναν</span> 
     </span>
    </p>
   </div>
   <div class='ocr_carea' id='block_1_15' title="bbox 348 1416 2006 1494">
    <p class='ocr_par' dir='ltr' id='par_1_15' title="bbox 348 1416 2006 1494">
     <span class='ocr_line' id='line_1_15' title="bbox 348 1416 2006 1494; baseline -0.001 -19"><span class='ocrx_word' id='word_1_96' title='bbox 348 1424 431 1492; x_wconf 80' lang='grc' dir='ltr'>τῷ</span> <span class='ocrx_word' id='word_1_97' title='bbox 460 1417 609 1493; x_wconf 88' lang='grc' dir='ltr'>λόγῳ</span> <span class='ocrx_word' id='word_1_98' title='bbox 638 1416 891 1493; x_wconf 81' lang='grc' dir='ltr'>διήγημα</span> <span class='ocrx_word' id='word_1_99' title='bbox 924 1420 1186 1492; x_wconf 76' lang='grc' dir='ltr'>θήσομαι·</span> <span class='ocrx_word' id='word_1_100' title='bbox 1223 1420 1257 1487; x_wconf 78' lang='grc' dir='ltr'>ἤ</span> <span class='ocrx_word' id='word_1_101' title='bbox 1288 1420 1389 1488; x_wconf 80' lang='grc' dir='ltr'>τὴν</span> <span class='ocrx_word' id='word_1_102' title='bbox 1429 1417 1662 1494; x_wconf 84' lang='grc' dir='ltr'>παρδίαν</span> <span class='ocrx_word' id='word_1_103' title='bbox 1718 1422 1850 1492; x_wconf 86' lang='grc' dir='ltr'><strong>μετά</strong></span> <span class='ocrx_word' id='word_1_104' title='bbox 1902 1440 2006 1493; x_wconf 88' lang='grc' dir='ltr'>μα-</span> 
     </span>
    </p>
   </div>
   <div class='ocr_carea' id='block_1_16' title="bbox 350 1507 2004 1584">
    <p class='ocr_par' dir='ltr' id='par_1_16' title="bbox 350 1507 2004 1584">
     <span class='ocr_line' id='line_1_16' title="bbox 350 1507 2004 1584; baseline 0 -20"><span class='ocrx_word' id='word_1_105' title='bbox 350 1509 517 1581; x_wconf 77' lang='grc' dir='ltr'>κροὺς</span> <span class='ocrx_word' id='word_1_106' title='bbox 542 1513 655 1564; x_wconf 87' lang='grc' dir='ltr'><strong>τῶν</strong></span> <span class='ocrx_word' id='word_1_107' title='bbox 705 1510 866 1583; x_wconf 71' lang='grc' dir='ltr'>ἱερῶν</span> <span class='ocrx_word' id='word_1_108' title='bbox 927 1507 1250 1564; x_wconf 82' lang='grc' dir='ltr'>ἀποστόλων</span> <span class='ocrx_word' id='word_1_109' title='bbox 1311 1510 1548 1584; x_wconf 87' lang='grc' dir='ltr'>χρόνους</span> <span class='ocrx_word' id='word_1_110' title='bbox 1606 1510 1848 1564; x_wconf 88' lang='grc' dir='ltr'>νεώσασα</span> <span class='ocrx_word' id='word_1_111' title='bbox 1888 1515 2004 1572; x_wconf 76' lang='grc' dir='ltr'>τοῖς</span> 
     </span>
    </p>
   </div>
   <div class='ocr_carea' id='block_1_17' title="bbox 350 1594 2006 1673">
    <p class='ocr_par' dir='ltr' id='par_1_17' title="bbox 350 1594 2006 1673">
     <span class='ocr_line' id='line_1_17' title="bbox 350 1594 2006 1673; baseline 0.001 -19"><span class='ocrx_word' id='word_1_112' title='bbox 350 1600 566 1656; x_wconf 70' lang='grc' dir='ltr'>ἰκείνων</span> <span class='ocrx_word' id='word_1_113' title='bbox 619 1596 934 1673; x_wconf 87' lang='grc' dir='ltr'>διδάγμασι,</span> <span class='ocrx_word' id='word_1_114' title='bbox 995 1600 1199 1673; x_wconf 84' lang='grc' dir='ltr'>στάχυν</span> <span class='ocrx_word' id='word_1_115' title='bbox 1248 1598 1545 1669; x_wconf 79' lang='grc' dir='ltr'>ἀθλητικὸν</span> <span class='ocrx_word' id='word_1_116' title='bbox 1614 1594 2006 1670; x_wconf 80' lang='grc' dir='ltr'>ἀνεϐλάστησε,</span> 
     </span>
    </p>
   </div>
   <div class='ocr_carea' id='block_1_18' title="bbox 356 1682 2004 1761">
    <p class='ocr_par' dir='ltr' id='par_1_18' title="bbox 356 1682 2004 1761">
     <span class='ocr_line' id='line_1_18' title="bbox 356 1682 2004 1761; baseline -0.001 -18"><span class='ocrx_word' id='word_1_117' title='bbox 356 1686 505 1761; x_wconf 81' lang='grc' dir='ltr'>μάλα</span> <span class='ocrx_word' id='word_1_118' title='bbox 576 1684 671 1761; x_wconf 72' lang='grc' dir='ltr'>μὶν</span> <span class='ocrx_word' id='word_1_119' title='bbox 730 1686 953 1761; x_wconf 83' lang='grc' dir='ltr'>ὡραῖον,</span> <span class='ocrx_word' id='word_1_120' title='bbox 1017 1686 1166 1758; x_wconf 89' lang='grc' dir='ltr'>μάλα</span> <span class='ocrx_word' id='word_1_121' title='bbox 1224 1682 1282 1741; x_wconf 74' lang='grc' dir='ltr'>δὶ</span> <span class='ocrx_word' id='word_1_122' title='bbox 1338 1690 1416 1759; x_wconf 81' lang='grc' dir='ltr'><strong>τῷ</strong></span> <span class='ocrx_word' id='word_1_123' title='bbox 1474 1692 1669 1761; x_wconf 80' lang='grc' dir='ltr'>καρπῷ</span> <span class='ocrx_word' id='word_1_124' title='bbox 1729 1686 2004 1761; x_wconf 86' lang='grc' dir='ltr'>βρίθοντα.</span> 
     </span>
    </p>
   </div>
   <div class='ocr_carea' id='block_1_19' title="bbox 352 1772 2005 1852">
    <p class='ocr_par' dir='ltr' id='par_1_19' title="bbox 352 1772 2005 1852">
     <span class='ocr_line' id='line_1_19' title="bbox 352 1772 2005 1852; baseline -0.001 -21"><span class='ocrx_word' id='word_1_125' title='bbox 352 1774 528 1849; x_wconf 79' lang='grc' dir='ltr'>Ταύτῃ</span> <span class='ocrx_word' id='word_1_126' title='bbox 596 1776 792 1849; x_wconf 85' lang='grc' dir='ltr'>πατρὶς</span> <span class='ocrx_word' id='word_1_127' title='bbox 846 1776 961 1848; x_wconf 78' lang='grc' dir='ltr'>μὶν,</span> <span class='ocrx_word' id='word_1_128' title='bbox 1019 1773 1086 1845; x_wconf 74' lang='grc' dir='ltr'>ἤν</span> <span class='ocrx_word' id='word_1_129' title='bbox 1144 1772 1526 1849; x_wconf 72' lang='grc' dir='ltr'>ἐδηλώσαμεν,</span> <span class='ocrx_word' id='word_1_130' title='bbox 1574 1778 1889 1852; x_wconf 81' lang='grc' dir='ltr'>’Δντιόχεια</span> <span class='ocrx_word' id='word_1_131' title='bbox 1940 1779 2005 1845; x_wconf 73' lang='grc' dir='ltr'>η,</span> 
     </span>
    </p>
   </div>
   <div class='ocr_carea' id='block_1_20' title="bbox 352 1861 2008 1941">
    <p class='ocr_par' dir='ltr' id='par_1_20' title="bbox 352 1861 2008 1941">
     <span class='ocr_line' id='line_1_20' title="bbox 352 1861 2008 1941; baseline 0.002 -23"><span class='ocrx_word' id='word_1_132' title='bbox 352 1861 608 1927; x_wconf 77' lang='grc' dir='ltr'>Αίδέσιος</span> <span class='ocrx_word' id='word_1_133' title='bbox 628 1861 686 1918; x_wconf 79' lang='grc' dir='ltr'>δὶ</span> <span class='ocrx_word' id='word_1_134' title='bbox 714 1864 806 1919; x_wconf 86' lang='grc' dir='ltr'><strong>καὶ</strong></span> <span class='ocrx_word' id='word_1_135' title='bbox 837 1861 1127 1935; x_wconf 86' lang='grc' dir='ltr'>Κληδονία</span> <span class='ocrx_word' id='word_1_136' title='bbox 1164 1867 1505 1941; x_wconf 79' lang='grc' dir='ltr'>γεννήτορες.</span> <span class='ocrx_word' id='word_1_137' title='bbox 1542 1864 1719 1923; x_wconf 83' lang='grc' dir='ltr'>Ἀλλά</span> <span class='ocrx_word' id='word_1_138' title='bbox 1763 1867 1915 1921; x_wconf 84' lang='grc' dir='ltr'>τουτὶ</span> <span class='ocrx_word' id='word_1_139' title='bbox 1946 1867 2008 1921; x_wconf 84' lang='grc' dir='ltr'>τὸ</span> 
     </span>
    </p>
   </div>
   <div class='ocr_carea' id='block_1_21' title="bbox 355 1952 2007 2031">
    <p class='ocr_par' dir='ltr' id='par_1_21' title="bbox 355 1952 2007 2031">
     <span class='ocr_line' id='line_1_21' title="bbox 355 1952 2007 2031; baseline 0.002 -23"><span class='ocrx_word' id='word_1_140' title='bbox 355 1952 527 2009; x_wconf 80' lang='grc' dir='ltr'>καλὸν</span> <span class='ocrx_word' id='word_1_141' title='bbox 560 1954 727 2031; x_wconf 77' lang='grc' dir='ltr'>φυτὸν</span> <span class='ocrx_word' id='word_1_142' title='bbox 765 1952 1007 2017; x_wconf 80' lang='grc' dir='ltr'>πολλαῖς</span> <span class='ocrx_word' id='word_1_143' title='bbox 1039 1953 1214 2027; x_wconf 71' lang='grc' dir='ltr'>ἐκόμα</span> <span class='ocrx_word' id='word_1_144' title='bbox 1256 1956 1519 2031; x_wconf 78' lang='grc' dir='ltr'>πρότερον</span> <span class='ocrx_word' id='word_1_145' title='bbox 1567 1962 1685 2017; x_wconf 85' lang='grc' dir='ltr'>ταῖς</span> <span class='ocrx_word' id='word_1_146' title='bbox 1730 1956 2007 2025; x_wconf 82' lang='grc' dir='ltr'>ἀκάνθαις,</span> 
     </span>
    </p>
   </div>
   <div class='ocr_carea' id='block_1_22' title="bbox 357 2042 2009 2120">
    <p class='ocr_par' dir='ltr' id='par_1_22' title="bbox 357 2042 2009 2120">
     <span class='ocr_line' id='line_1_22' title="bbox 357 2042 2009 2120; baseline 0.002 -22"><span class='ocrx_word' id='word_1_147' title='bbox 357 2043 449 2098; x_wconf 81' lang='grc' dir='ltr'><strong>καὶ</strong></span> <span class='ocrx_word' id='word_1_148' title='bbox 504 2044 609 2117; x_wconf 75' lang='grc' dir='ltr'><strong>γὰρ</strong></span> <span class='ocrx_word' id='word_1_149' title='bbox 663 2042 754 2098; x_wconf 87' lang='grc' dir='ltr'><strong>καὶ</strong></span> <span class='ocrx_word' id='word_1_150' title='bbox 810 2044 948 2112; x_wconf 84' lang='grc' dir='ltr'><strong>αύτή</strong></span> <span class='ocrx_word' id='word_1_151' title='bbox 1008 2048 1115 2100; x_wconf 89' lang='grc' dir='ltr'><strong>τῶν</strong></span> <span class='ocrx_word' id='word_1_152' title='bbox 1170 2047 1417 2120; x_wconf 72' lang='grc' dir='ltr'>πατέρων</span> <span class='ocrx_word' id='word_1_153' title='bbox 1500 2044 1873 2101; x_wconf 75' lang='grc' dir='ltr'>ἀκολουθοῦσα</span> <span class='ocrx_word' id='word_1_154' title='bbox 1940 2050 2009 2120; x_wconf 78' lang='grc' dir='ltr'><strong>τῇ</strong></span> 
     </span>
    </p>
   </div>
   <div class='ocr_carea' id='block_1_23' title="bbox 356 2128 2009 2207">
    <p class='ocr_par' dir='ltr' id='par_1_23' title="bbox 356 2128 2009 2207">
     <span class='ocr_line' id='line_1_23' title="bbox 356 2128 2009 2207; baseline 0.001 -20"><span class='ocrx_word' id='word_1_155' title='bbox 356 2131 539 2207; x_wconf 79' lang='grc' dir='ltr'>πλάνῃ</span> <span class='ocrx_word' id='word_1_156' title='bbox 586 2128 861 2205; x_wconf 84' lang='grc' dir='ltr'>(εἰδώλων</span> <span class='ocrx_word' id='word_1_157' title='bbox 916 2129 974 2188; x_wconf 75' lang='grc' dir='ltr'>δὲ</span> <span class='ocrx_word' id='word_1_158' title='bbox 1022 2133 1171 2189; x_wconf 83' lang='grc' dir='ltr'>οὗτοι</span> <span class='ocrx_word' id='word_1_159' title='bbox 1223 2134 1543 2207; x_wconf 84' lang='grc' dir='ltr'>θεραπευταὶ</span> <span class='ocrx_word' id='word_1_160' title='bbox 1590 2136 1678 2189; x_wconf 85' lang='grc' dir='ltr'><strong>καὶ</strong></span> <span class='ocrx_word' id='word_1_161' title='bbox 1726 2135 2009 2206; x_wconf 89' lang='grc' dir='ltr'>ἀντίθεοι),</span> 
     </span>
    </p>
   </div>
   <div class='ocr_carea' id='block_1_24' title="bbox 356 2218 1796 2296">
    <p class='ocr_par' dir='ltr' id='par_1_24' title="bbox 356 2218 1796 2296">
     <span class='ocr_line' id='line_1_24' title="bbox 356 2218 1796 2296; baseline 0.005 -23"><span class='ocrx_word' id='word_1_162' title='bbox 356 2220 426 2275; x_wconf 84' lang='grc' dir='ltr'><strong>τά</strong></span> <span class='ocrx_word' id='word_1_163' title='bbox 456 2219 673 2275; x_wconf 70' lang='grc' dir='ltr'>ἐκείνων</span> <span class='ocrx_word' id='word_1_164' title='bbox 706 2226 926 2293; x_wconf 81' lang='grc' dir='ltr'>τιμῶσα</span> <span class='ocrx_word' id='word_1_165' title='bbox 952 2222 1020 2291; x_wconf 82' lang='grc' dir='ltr'><strong>ἧν</strong></span> <span class='ocrx_word' id='word_1_166' title='bbox 1051 2221 1141 2277; x_wconf 85' lang='grc' dir='ltr'><strong>καὶ</strong></span> <span class='ocrx_word' id='word_1_167' title='bbox 1174 2218 1443 2296; x_wconf 75' lang='grc' dir='ltr'>σεϐομένη</span> <span class='ocrx_word' id='word_1_168' title='bbox 1474 2223 1541 2277; x_wconf 85' lang='grc' dir='ltr'><strong>τὰ</strong></span> <span class='ocrx_word' id='word_1_169' title='bbox 1572 2219 1796 2281; x_wconf 77' lang='grc' dir='ltr'>εἷ’δωλα.</span> 
     </span>
    </p>
   </div>
   <div class='ocr_carea' id='block_1_25' title="bbox 432 2307 2010 2387">
    <p class='ocr_par' dir='ltr' id='par_1_25' title="bbox 432 2307 2010 2387">
     <span class='ocr_line' id='line_1_25' title="bbox 432 2307 2010 2387; baseline 0 -20"><span class='ocrx_word' id='word_1_170' title='bbox 432 2311 508 2367; x_wconf 78' lang='grc' dir='ltr'>Β“.</span> <span class='ocrx_word' id='word_1_171' title='bbox 570 2309 724 2367; x_wconf 74' lang='grc' dir='ltr'>Ἐπεὶ</span> <span class='ocrx_word' id='word_1_172' title='bbox 793 2307 851 2366; x_wconf 72' lang='grc' dir='ltr'>δὲ</span> <span class='ocrx_word' id='word_1_173' title='bbox 917 2312 1103 2385; x_wconf 86' lang='grc' dir='ltr'>χρόνῳ</span> <span class='ocrx_word' id='word_1_174' title='bbox 1162 2312 1259 2381; x_wconf 78' lang='grc' dir='ltr'><strong>τήν</strong></span> <span class='ocrx_word' id='word_1_175' title='bbox 1319 2311 1541 2381; x_wconf 75' lang='grc' dir='ltr'>ἡλικίαν</span> <span class='ocrx_word' id='word_1_176' title='bbox 1602 2312 2010 2387; x_wconf 83' lang='grc' dir='ltr'>προκύπτουσα,</span> 
     </span>
    </p>
   </div>
   <div class='ocr_carea' id='block_1_26' title="bbox 356 2398 2012 2478">
    <p class='ocr_par' dir='ltr' id='par_1_26' title="bbox 356 2398 2012 2478">
     <span class='ocr_line' id='line_1_26' title="bbox 356 2398 2012 2478; baseline 0.002 -23"><span class='ocrx_word' id='word_1_177' title='bbox 356 2398 448 2455; x_wconf 76' lang='grc' dir='ltr'><strong>καὶ</strong></span> <span class='ocrx_word' id='word_1_178' title='bbox 496 2401 542 2438; x_wconf 83' lang='grc'><strong>¹³</strong></span> <span class='ocrx_word' id='word_1_179' title='bbox 590 2398 943 2476; x_wconf 74' lang='grc' dir='ltr'>στερροτέρου</span> <span class='ocrx_word' id='word_1_180' title='bbox 999 2404 1349 2478; x_wconf 80' lang='grc' dir='ltr'>φρονήματος</span> <span class='ocrx_word' id='word_1_181' title='bbox 1400 2404 1625 2473; x_wconf 62' lang='grc' dir='ltr'>ἥπτετο,</span> <span class='ocrx_word' id='word_1_182' title='bbox 1678 2405 1875 2477; x_wconf 69' lang='grc' dir='ltr'>φέγγος</span> <span class='ocrx_word' id='word_1_183' title='bbox 1918 2402 2012 2458; x_wconf 85' lang='grc' dir='ltr'>αύ-</span> 
     </span>
    </p>
   </div>
   <div class='ocr_carea' id='block_1_27' title="bbox 362 2488 2013 2568">
    <p class='ocr_par' dir='ltr' id='par_1_27' title="bbox 362 2488 2013 2568">
     <span class='ocr_line' id='line_1_27' title="bbox 362 2488 2013 2568; baseline 0.001 -26"><span class='ocrx_word' id='word_1_184' title='bbox 362 2489 463 2558; x_wconf 76' lang='grc' dir='ltr'><strong>τὴν</strong></span> <span class='ocrx_word' id='word_1_185' title='bbox 513 2488 682 2563; x_wconf 69' lang='grc' dir='ltr'>εἰσῄει</span> <span class='ocrx_word' id='word_1_186' title='bbox 732 2492 1083 2561; x_wconf 86' lang='grc' dir='ltr'>θεογνωσίας,</span> <span class='ocrx_word' id='word_1_187' title='bbox 1135 2494 1226 2547; x_wconf 80' lang='grc' dir='ltr'>ἅτε</span> <span class='ocrx_word' id='word_1_188' title='bbox 1277 2489 1494 2567; x_wconf 82' lang='grc' dir='ltr'>δοχεῖον</span> <span class='ocrx_word' id='word_1_189' title='bbox 1544 2492 1700 2547; x_wconf 81' lang='grc' dir='ltr'>οὖσαν</span> <span class='ocrx_word' id='word_1_190' title='bbox 1754 2497 1796 2532; x_wconf 74' lang='grc'><strong>¹⁸</strong></span> <span class='ocrx_word' id='word_1_191' title='bbox 1842 2513 2013 2568; x_wconf 82' lang='grc' dir='ltr'>φωτι-</span> 
     </span>
    </p>
   </div>
   <div class='ocr_carea' id='block_1_28' title="bbox 364 2576 2014 2653">
    <p class='ocr_par' dir='ltr' id='par_1_28' title="bbox 364 2576 2014 2653">
     <span class='ocr_line' id='line_1_28' title="bbox 364 2576 2014 2653; baseline 0.002 -21"><span class='ocrx_word' id='word_1_192' title='bbox 364 2582 509 2651; x_wconf 87' lang='grc' dir='ltr'>σμοῦ</span> <span class='ocrx_word' id='word_1_193' title='bbox 537 2576 793 2633; x_wconf 87' lang='grc' dir='ltr'>τοιούτου</span> <span class='ocrx_word' id='word_1_194' title='bbox 815 2577 906 2633; x_wconf 80' lang='grc' dir='ltr'>καί</span> <span class='ocrx_word' id='word_1_195' title='bbox 937 2580 1161 2653; x_wconf 84' lang='grc' dir='ltr'>χάριτες</span> <span class='ocrx_word' id='word_1_196' title='bbox 1190 2577 1362 2650; x_wconf 76' lang='grc' dir='ltr'>ἄξιον·</span> <span class='ocrx_word' id='word_1_197' title='bbox 1404 2582 1491 2635; x_wconf 84' lang='grc' dir='ltr'><strong>καὶ</strong></span> <span class='ocrx_word' id='word_1_198' title='bbox 1542 2586 1649 2635; x_wconf 88' lang='grc' dir='ltr'><strong>τῶν</strong></span> <span class='ocrx_word' id='word_1_199' title='bbox 1704 2582 1800 2653; x_wconf 68' lang='grc' dir='ltr'>μὲν</span> <span class='ocrx_word' id='word_1_200' title='bbox 1850 2579 2014 2635; x_wconf 78' lang='grc' dir='ltr'>εἰδώ-</span> 
     </span>
    </p>
   </div>
   <div class='ocr_carea' id='block_1_29' title="bbox 360 2665 2014 2742">
    <p class='ocr_par' dir='ltr' id='par_1_29' title="bbox 360 2665 2014 2742">
     <span class='ocr_line' id='line_1_29' title="bbox 360 2665 2014 2742; baseline 0.002 -20"><span class='ocrx_word' id='word_1_201' title='bbox 360 2665 473 2722; x_wconf 85' lang='grc' dir='ltr'><strong>λων</strong></span> <span class='ocrx_word' id='word_1_202' title='bbox 534 2665 801 2724; x_wconf 74' lang='grc' dir='ltr'>ἀσθένειαν</span> <span class='ocrx_word' id='word_1_203' title='bbox 861 2669 1275 2742; x_wconf 80' lang='grc' dir='ltr'>καταγινώσκειν</span> <span class='ocrx_word' id='word_1_204' title='bbox 1324 2671 1543 2742; x_wconf 74' lang='grc' dir='ltr'>ἤρξατο,</span> <span class='ocrx_word' id='word_1_205' title='bbox 1594 2671 1685 2725; x_wconf 84' lang='grc' dir='ltr'><strong>τὸν</strong></span> <span class='ocrx_word' id='word_1_206' title='bbox 1734 2669 1914 2739; x_wconf 81' lang='grc' dir='ltr'>ἀληθῆ</span> <span class='ocrx_word' id='word_1_207' title='bbox 1968 2671 2014 2706; x_wconf 78' lang='grc'>¹⁵</span> 
     </span>
    </p>
   </div>
   <div class='ocr_carea' id='block_1_30' title="bbox 366 2753 2016 2831">
    <p class='ocr_par' dir='ltr' id='par_1_30' title="bbox 366 2753 2016 2831">
     <span class='ocr_line' id='line_1_30' title="bbox 366 2753 2016 2831; baseline 0.001 -21"><span class='ocrx_word' id='word_1_208' title='bbox 366 2753 425 2811; x_wconf 73' lang='grc' dir='ltr'>δὶ</span> <span class='ocrx_word' id='word_1_209' title='bbox 489 2756 580 2811; x_wconf 79' lang='grc' dir='ltr'><strong>καί</strong></span> <span class='ocrx_word' id='word_1_210' title='bbox 642 2758 803 2829; x_wconf 89' lang='grc' dir='ltr'>μόνον</span> <span class='ocrx_word' id='word_1_211' title='bbox 863 2757 1241 2831; x_wconf 70' lang='grc' dir='ltr'>ἐπιγινώσκειν</span> <span class='ocrx_word' id='word_1_212' title='bbox 1300 2759 1452 2814; x_wconf 85' lang='grc' dir='ltr'>Θεόν.</span> <span class='ocrx_word' id='word_1_213' title='bbox 1531 2760 1667 2820; x_wconf 84' lang='grc' dir='ltr'>Ταῖς</span> <span class='ocrx_word' id='word_1_214' title='bbox 1739 2760 2016 2823; x_wconf 83' lang='grc' dir='ltr'>τοιαύταις</span> 
     </span>
    </p>
   </div>
   <div class='ocr_carea' id='block_1_31' title="bbox 366 2840 2013 2924">
    <p class='ocr_par' dir='ltr' id='par_1_31' title="bbox 366 2840 2013 2924">
     <span class='ocr_line' id='line_1_31' title="bbox 366 2840 2013 2924; baseline 0.001 -24"><span class='ocrx_word' id='word_1_215' title='bbox 366 2848 474 2900; x_wconf 87' lang='grc' dir='ltr'><strong>τῶν</strong></span> <span class='ocrx_word' id='word_1_216' title='bbox 527 2846 573 2880; x_wconf 62' lang='grc'><strong>1⁸</strong></span> <span class='ocrx_word' id='word_1_217' title='bbox 617 2844 905 2920; x_wconf 85' lang='grc' dir='ltr'>λυγισμῶν</span> <span class='ocrx_word' id='word_1_218' title='bbox 946 2840 1232 2901; x_wconf 86' lang='grc' dir='ltr'>ἀναϐάσεσι</span> <span class='ocrx_word' id='word_1_219' title='bbox 1279 2848 1379 2916; x_wconf 78' lang='grc' dir='ltr'>τήν</span> <span class='ocrx_word' id='word_1_220' title='bbox 1430 2848 1614 2922; x_wconf 69' lang='grc' dir='ltr'>ψυχὴν</span> <span class='ocrx_word' id='word_1_221' title='bbox 1664 2851 1699 2916; x_wconf 83' lang='grc' dir='ltr'>ἡ</span> <span class='ocrx_word' id='word_1_222' title='bbox 1749 2849 2013 2924; x_wconf 68' lang='grc' dir='ltr'>παρθένος</span> 
     </span>
    </p>
   </div>
   <div class='ocr_carea' id='block_1_32' title="bbox 360 2936 2014 3012">
    <p class='ocr_par' dir='ltr' id='par_1_32' title="bbox 360 2936 2014 3012">
     <span class='ocr_line' id='line_1_32' title="bbox 360 2936 2014 3012; baseline 0.001 -22"><span class='ocrx_word' id='word_1_223' title='bbox 360 2936 868 3008; x_wconf 82' lang='grc' dir='ltr'>προεκκαθαίρουσα</span> <span class='ocrx_word' id='word_1_224' title='bbox 937 2936 1004 3003; x_wconf 81' lang='grc'><strong>⁸⁷,</strong></span> <span class='ocrx_word' id='word_1_225' title='bbox 1055 2936 1131 2998; x_wconf 80' lang='grc' dir='ltr'>εἷς</span> <span class='ocrx_word' id='word_1_226' title='bbox 1180 2938 1279 3006; x_wconf 77' lang='grc' dir='ltr'><strong>τήν</strong></span> <span class='ocrx_word' id='word_1_227' title='bbox 1324 2940 1420 2991; x_wconf 88' lang='grc' dir='ltr'><strong>τοῦ</strong></span> <span class='ocrx_word' id='word_1_228' title='bbox 1478 2938 1754 3012; x_wconf 82' lang='grc' dir='ltr'>σωτηρίου</span> <span class='ocrx_word' id='word_1_229' title='bbox 1805 2937 2014 3012; x_wconf 87' lang='grc' dir='ltr'>σπόρου</span> 
     </span>
    </p>
   </div>
   <div class='ocr_carea' id='block_1_33' title="bbox 361 3019 2016 3101">
    <p class='ocr_par' dir='ltr' id='par_1_33' title="bbox 361 3019 2016 3101">
     <span class='ocr_line' id='line_1_33' title="bbox 361 3019 2016 3101; baseline 0.002 -22"><span class='ocrx_word' id='word_1_230' title='bbox 361 3019 678 3094; x_wconf 70' lang='grc' dir='ltr'>καταϐολὴν</span> <span class='ocrx_word' id='word_1_231' title='bbox 707 3024 1092 3099; x_wconf 85' lang='grc' dir='ltr'>ηύτρεπίζετο.</span> <span class='ocrx_word' id='word_1_232' title='bbox 1128 3028 1213 3080; x_wconf 86' lang='grc' dir='ltr'>Ἐν</span> <span class='ocrx_word' id='word_1_233' title='bbox 1243 3026 1289 3098; x_wconf 84' lang='grc' dir='ltr'>ᾧ</span> <span class='ocrx_word' id='word_1_234' title='bbox 1322 3023 1379 3080; x_wconf 74' lang='grc' dir='ltr'>δὲ</span> <span class='ocrx_word' id='word_1_235' title='bbox 1422 3028 1539 3081; x_wconf 83' lang='grc' dir='ltr'>καθ’</span> <span class='ocrx_word' id='word_1_236' title='bbox 1590 3028 1786 3096; x_wconf 71' lang='grc' dir='ltr'>ἑαυτὴν</span> <span class='ocrx_word' id='word_1_237' title='bbox 1826 3025 2016 3101; x_wconf 75' lang='grc' dir='ltr'>ἔτρεφε</span> 
     </span>
    </p>
   </div>
   <div class='ocr_carea' id='block_1_34' title="bbox 360 3110 2015 3193">
    <p class='ocr_par' dir='ltr' id='par_1_34' title="bbox 360 3110 2015 3193">
     <span class='ocr_line' id='line_1_34' title="bbox 360 3110 2015 3193; baseline 0.002 -23"><span class='ocrx_word' id='word_1_238' title='bbox 360 3117 554 3182; x_wconf 83' lang='grc' dir='ltr'>ταῦτα,</span> <span class='ocrx_word' id='word_1_239' title='bbox 612 3114 701 3169; x_wconf 81' lang='grc' dir='ltr'><strong>καὶ</strong></span> <span class='ocrx_word' id='word_1_240' title='bbox 760 3112 1111 3193; x_wconf 58' lang='grc' dir='ltr'>σχολάζουσα</span> <span class='ocrx_word' id='word_1_241' title='bbox 1160 3117 1262 3185; x_wconf 78' lang='grc' dir='ltr'><strong>τήν</strong></span> <span class='ocrx_word' id='word_1_242' title='bbox 1316 3110 1516 3191; x_wconf 78' lang='grc' dir='ltr'>ἀκριϐῆ</span> <span class='ocrx_word' id='word_1_243' title='bbox 1584 3121 1777 3191; x_wconf 91' lang='grc' dir='ltr'>γνῶσιν</span> <span class='ocrx_word' id='word_1_244' title='bbox 1834 3117 2015 3187; x_wconf 74' lang='grc' dir='ltr'>ἐζήτει</span> 
     </span>
    </p>
   </div>
   <div class='ocr_carea' id='block_1_35' title="bbox 362 3200 2015 3278">
    <p class='ocr_par' dir='ltr' id='par_1_35' title="bbox 362 3200 2015 3278">
     <span class='ocr_line' id='line_1_35' title="bbox 362 3200 2015 3278; baseline 0.001 -22"><span class='ocrx_word' id='word_1_245' title='bbox 362 3201 509 3275; x_wconf 85' lang='grc' dir='ltr'><strong>παρά</strong></span> <span class='ocrx_word' id='word_1_246' title='bbox 539 3204 696 3265; x_wconf 85' lang='grc' dir='ltr'>Θεοῦ,</span> <span class='ocrx_word' id='word_1_247' title='bbox 736 3200 1014 3275; x_wconf 77' lang='grc' dir='ltr'>Πραῦλιός</span> <span class='ocrx_word' id='word_1_248' title='bbox 1063 3222 1145 3263; x_wconf 91' lang='grc' dir='ltr'><strong>τις</strong></span> <span class='ocrx_word' id='word_1_249' title='bbox 1194 3206 1301 3256; x_wconf 85' lang='grc' dir='ltr'><strong>τῶν</strong></span> <span class='ocrx_word' id='word_1_250' title='bbox 1358 3202 1410 3256; x_wconf 80' lang='grc' dir='ltr'>ἐν</span> <span class='ocrx_word' id='word_1_251' title='bbox 1473 3203 1787 3278; x_wconf 76' lang='grc' dir='ltr'>Ἀντιοχείᾳ</span> <span class='ocrx_word' id='word_1_252' title='bbox 1835 3200 2015 3258; x_wconf 85' lang='grc' dir='ltr'>διάκο-</span> 
     </span>
    </p>
   </div>
   <div class='ocr_carea' id='block_1_36' title="bbox 362 3288 2010 3367">
    <p class='ocr_par' dir='ltr' id='par_1_36' title="bbox 362 3288 2010 3367">
     <span class='ocr_line' id='line_1_36' title="bbox 362 3288 2010 3367; baseline 0.002 -23"><span class='ocrx_word' id='word_1_253' title='bbox 362 3310 457 3351; x_wconf 88' lang='grc' dir='ltr'><strong>νος</strong></span> <span class='ocrx_word' id='word_1_254' title='bbox 488 3288 541 3346; x_wconf 70' lang='grc' dir='ltr'>ἰν</span> <span class='ocrx_word' id='word_1_255' title='bbox 581 3289 807 3362; x_wconf 68' lang='grc' dir='ltr'>ἐπηκόῳ</span> <span class='ocrx_word' id='word_1_256' title='bbox 864 3297 962 3359; x_wconf 84' lang='grc' dir='ltr'><strong>τῆς</strong></span> <span class='ocrx_word' id='word_1_257' title='bbox 1019 3293 1213 3367; x_wconf 85' lang='grc' dir='ltr'>κόρης,</span> <span class='ocrx_word' id='word_1_258' title='bbox 1270 3293 1413 3346; x_wconf 75' lang='grc' dir='ltr'>οὕτω</span> <span class='ocrx_word' id='word_1_259' title='bbox 1471 3288 1707 3366; x_wconf 77' lang='grc' dir='ltr'>συμϐὰν,</span> <span class='ocrx_word' id='word_1_260' title='bbox 1764 3295 1832 3347; x_wconf 80' lang='grc' dir='ltr'><strong>τά</strong></span> <span class='ocrx_word' id='word_1_261' title='bbox 1885 3295 2010 3367; x_wconf 85' lang='grc' dir='ltr'>περῖ</span> 
     </span>
    </p>
   </div>
   <div class='ocr_carea' id='block_1_37' title="bbox 363 3378 2018 3452">
    <p class='ocr_par' dir='ltr' id='par_1_37' title="bbox 363 3378 2018 3452">
     <span class='ocr_line' id='line_1_37' title="bbox 363 3378 2018 3452; baseline 0.001 -21"><span class='ocrx_word' id='word_1_262' title='bbox 363 3385 463 3447; x_wconf 83' lang='grc' dir='ltr'><strong>τῆς</strong></span> <span class='ocrx_word' id='word_1_263' title='bbox 492 3380 590 3432; x_wconf 89' lang='grc' dir='ltr'><strong>τοῦ</strong></span> <span class='ocrx_word' id='word_1_264' title='bbox 628 3383 884 3452; x_wconf 80' lang='grc' dir='ltr'>Σωτῆρος</span> <span class='ocrx_word' id='word_1_265' title='bbox 931 3379 1092 3450; x_wconf 79' lang='grc' dir='ltr'>ἡμῶν</span> <span class='ocrx_word' id='word_1_266' title='bbox 1141 3378 1232 3433; x_wconf 88' lang='grc' dir='ltr'><strong>καὶ</strong></span> <span class='ocrx_word' id='word_1_267' title='bbox 1276 3382 1409 3433; x_wconf 86' lang='grc' dir='ltr'>Θεοῦ</span> <span class='ocrx_word' id='word_1_268' title='bbox 1456 3378 1776 3452; x_wconf 71' lang='grc' dir='ltr'>οῗκονομίας</span> <span class='ocrx_word' id='word_1_269' title='bbox 1822 3400 1881 3435; x_wconf 87' lang='grc' dir='ltr'><strong>τε</strong></span> <span class='ocrx_word' id='word_1_270' title='bbox 1927 3380 2018 3435; x_wconf 89' lang='grc' dir='ltr'><strong>καὶ</strong></span> 
     </span>
    </p>
   </div>
   <div class='ocr_carea' id='block_1_38' title="bbox 368 3464 2019 3542">
    <p class='ocr_par' dir='ltr' id='par_1_38' title="bbox 368 3464 2019 3542">
     <span class='ocr_line' id='line_1_38' title="bbox 368 3464 2019 3542; baseline 0.001 -19"><span class='ocrx_word' id='word_1_271' title='bbox 368 3468 691 3542; x_wconf 88' lang='grc' dir='ltr'>σαρκώσεως</span> <span class='ocrx_word' id='word_1_272' title='bbox 745 3464 963 3539; x_wconf 75' lang='grc' dir='ltr'>διεξῄει·</span> <span class='ocrx_word' id='word_1_273' title='bbox 1023 3467 1172 3529; x_wconf 83' lang='grc' dir='ltr'>ὅπως</span> <span class='ocrx_word' id='word_1_274' title='bbox 1235 3469 1328 3539; x_wconf 74' lang='grc' dir='ltr'>μὲν</span> <span class='ocrx_word' id='word_1_275' title='bbox 1389 3469 1417 3523; x_wconf 80' lang='grc' dir='ltr'>ὁ</span> <span class='ocrx_word' id='word_1_276' title='bbox 1476 3473 1584 3524; x_wconf 90' lang='grc' dir='ltr'><strong>τῶν</strong></span> <span class='ocrx_word' id='word_1_277' title='bbox 1644 3468 1856 3524; x_wconf 85' lang='grc' dir='ltr'>αἰώνων</span> <span class='ocrx_word' id='word_1_278' title='bbox 1916 3466 2019 3540; x_wconf 88' lang='grc' dir='ltr'>δη-</span> 
     </span>
    </p>
   </div>
   <div class='ocr_carea' id='block_1_39' title="bbox 368 3554 2018 3631">
    <p class='ocr_par' dir='ltr' id='par_1_39' title="bbox 368 3554 2018 3631">
     <span class='ocr_line' id='line_1_39' title="bbox 368 3554 2018 3631; baseline 0.002 -22"><span class='ocrx_word' id='word_1_279' title='bbox 368 3555 632 3631; x_wconf 85' lang='grc' dir='ltr'>μιουργὸς</span> <span class='ocrx_word' id='word_1_280' title='bbox 667 3555 743 3617; x_wconf 85' lang='grc' dir='ltr'>εἷς</span> <span class='ocrx_word' id='word_1_281' title='bbox 775 3556 953 3611; x_wconf 83' lang='grc' dir='ltr'>οἶκτον</span> <span class='ocrx_word' id='word_1_282' title='bbox 980 3554 1118 3625; x_wconf 83' lang='grc' dir='ltr'>ἦλθε</span> <span class='ocrx_word' id='word_1_283' title='bbox 1141 3561 1240 3611; x_wconf 91' lang='grc' dir='ltr'><strong>τοῦ</strong></span> <span class='ocrx_word' id='word_1_284' title='bbox 1270 3555 1624 3631; x_wconf 78' lang='grc' dir='ltr'>πλαστουργή</span> <span class='ocrx_word' id='word_1_285' title='bbox 1638 3579 1828 3631; x_wconf 87' lang='grc' dir='ltr'>ματος,</span> <span class='ocrx_word' id='word_1_286' title='bbox 1869 3560 2018 3620; x_wconf 82' lang='grc' dir='ltr'>ὅπως</span> 
     </span>
    </p>
   </div>
   <div class='ocr_carea' id='block_1_40' title="bbox 373 3639 2020 3723">
    <p class='ocr_par' dir='ltr' id='par_1_40' title="bbox 373 3639 2020 3723">
     <span class='ocr_line' id='line_1_40' title="bbox 373 3639 2020 3723; baseline 0.001 -22"><span class='ocrx_word' id='word_1_287' title='bbox 373 3642 431 3701; x_wconf 70' lang='grc' dir='ltr'>δὲ</span> <span class='ocrx_word' id='word_1_288' title='bbox 464 3648 506 3682; x_wconf 82' lang='grc'><strong>¹⁹</strong></span> <span class='ocrx_word' id='word_1_289' title='bbox 547 3639 791 3716; x_wconf 75' lang='grc' dir='ltr'>Γαϐριὴλ</span> <span class='ocrx_word' id='word_1_290' title='bbox 851 3645 879 3699; x_wconf 84' lang='grc' dir='ltr'>ὁ</span> <span class='ocrx_word' id='word_1_291' title='bbox 913 3649 1020 3699; x_wconf 86' lang='grc' dir='ltr'><strong>τῶν</strong></span> <span class='ocrx_word' id='word_1_292' title='bbox 1079 3644 1190 3700; x_wconf 78' lang='grc' dir='ltr'>ἅνω</span> <span class='ocrx_word' id='word_1_293' title='bbox 1236 3646 1435 3717; x_wconf 81' lang='grc' dir='ltr'>τάξεων</span> <span class='ocrx_word' id='word_1_294' title='bbox 1488 3648 1737 3723; x_wconf 82' lang='grc' dir='ltr'>ἀρχηγὸς</span> <span class='ocrx_word' id='word_1_295' title='bbox 1786 3651 1854 3720; x_wconf 78' lang='grc' dir='ltr'><strong>τῇ</strong></span> <span class='ocrx_word' id='word_1_296' title='bbox 1914 3650 2020 3722; x_wconf 88' lang='grc' dir='ltr'>πρὸ</span> 
     </span>
    </p>
   </div>
   <div class='ocr_carea' id='block_1_41' title="bbox 373 3735 2018 3813">
    <p class='ocr_par' dir='ltr' id='par_1_41' title="bbox 373 3735 2018 3813">
     <span class='ocr_line' id='line_1_41' title="bbox 373 3735 2018 3813; baseline 0 -22"><span class='ocrx_word' id='word_1_297' title='bbox 373 3739 569 3813; x_wconf 80' lang='grc' dir='ltr'>γενεῶν</span> <span class='ocrx_word' id='word_1_298' title='bbox 632 3736 978 3809; x_wconf 75' lang='grc' dir='ltr'>τετηρημένῃ</span> <span class='ocrx_word' id='word_1_299' title='bbox 1040 3735 1296 3808; x_wconf 66' lang='grc' dir='ltr'>Παρθένῳ</span> <span class='ocrx_word' id='word_1_300' title='bbox 1355 3742 1451 3791; x_wconf 87' lang='grc' dir='ltr'><strong>τοῦ</strong></span> <span class='ocrx_word' id='word_1_301' title='bbox 1504 3737 1807 3812; x_wconf 81' lang='grc' dir='ltr'>μυστηρίου</span> <span class='ocrx_word' id='word_1_302' title='bbox 1850 3739 2018 3811; x_wconf 80' lang='grc' dir='ltr'>κήρυξ</span> 
     </span>
    </p>
   </div>
   <div class='ocr_carea' id='block_1_42' title="bbox 369 3822 2020 3903">
    <p class='ocr_par' dir='ltr' id='par_1_42' title="bbox 369 3822 2020 3903">
     <span class='ocr_line' id='line_1_42' title="bbox 369 3822 2020 3903; baseline -0.001 -22"><span class='ocrx_word' id='word_1_303' title='bbox 369 3824 655 3899; x_wconf 74' lang='grc' dir='ltr'>εὐάγγελος</span> <span class='ocrx_word' id='word_1_304' title='bbox 714 3824 762 3860; x_wconf 84' lang='grc'><strong>²⁰</strong></span> <span class='ocrx_word' id='word_1_305' title='bbox 818 3823 1027 3897; x_wconf 76' lang='grc' dir='ltr'>γέγονε,</span> <span class='ocrx_word' id='word_1_306' title='bbox 1084 3824 1175 3878; x_wconf 89' lang='grc' dir='ltr'><strong>καὶ</strong></span> <span class='ocrx_word' id='word_1_307' title='bbox 1219 3825 1293 3887; x_wconf 84' lang='grc' dir='ltr'>ὡς</span> <span class='ocrx_word' id='word_1_308' title='bbox 1353 3822 1639 3881; x_wconf 72' lang='grc' dir='ltr'>συνέλαϐεν</span> <span class='ocrx_word' id='word_1_309' title='bbox 1688 3826 1745 3882; x_wconf 80' lang='grc' dir='ltr'>ἓν</span> <span class='ocrx_word' id='word_1_310' title='bbox 1803 3827 2020 3903; x_wconf 70' lang='grc' dir='ltr'>γαστρὶ,</span> 
     </span>
    </p>
   </div>
   <div class='ocr_carea' id='block_1_43' title="bbox 367 3911 2021 3993">
    <p class='ocr_par' dir='ltr' id='par_1_43' title="bbox 367 3911 2021 3993">
     <span class='ocr_line' id='line_1_43' title="bbox 367 3911 2021 3993; baseline 0.001 -24"><span class='ocrx_word' id='word_1_311' title='bbox 367 3916 457 3970; x_wconf 88' lang='grc' dir='ltr'><strong>καί</strong></span> <span class='ocrx_word' id='word_1_312' title='bbox 489 3911 800 3984; x_wconf 84' lang='grc' dir='ltr'>ὠδινήσασα</span> <span class='ocrx_word' id='word_1_313' title='bbox 828 3914 1035 3982; x_wconf 79' lang='grc' dir='ltr'>τὲτοκε,</span> <span class='ocrx_word' id='word_1_314' title='bbox 1080 3914 1170 3968; x_wconf 82' lang='grc' dir='ltr'><strong>καὶ</strong></span> <span class='ocrx_word' id='word_1_315' title='bbox 1215 3914 1292 3973; x_wconf 78' lang='grc' dir='ltr'>ὠς</span> <span class='ocrx_word' id='word_1_316' title='bbox 1340 3918 1439 3985; x_wconf 79' lang='grc' dir='ltr'><strong>τήν</strong></span> <span class='ocrx_word' id='word_1_317' title='bbox 1478 3921 1574 3970; x_wconf 85' lang='grc' dir='ltr'><strong>τοῦ</strong></span> <span class='ocrx_word' id='word_1_318' title='bbox 1627 3914 1848 3971; x_wconf 83' lang='grc' dir='ltr'>παιδίου</span> <span class='ocrx_word' id='word_1_319' title='bbox 1898 3916 2021 3993; x_wconf 73' lang='grc' dir='ltr'>γέν-</span> 
     </span>
    </p>
   </div>
   <div class='ocr_carea' id='block_1_44' title="bbox 368 4000 2019 4077">
    <p class='ocr_par' dir='ltr' id='par_1_44' title="bbox 368 4000 2019 4077">
     <span class='ocr_line' id='line_1_44' title="bbox 368 4000 2019 4077; baseline 0.001 -19"><span class='ocrx_word' id='word_1_320' title='bbox 368 4025 526 4073; x_wconf 84' lang='grc' dir='ltr'>νησιν</span> <span class='ocrx_word' id='word_1_321' title='bbox 558 4005 733 4077; x_wconf 76' lang='grc' dir='ltr'>ἀστὴρ</span> <span class='ocrx_word' id='word_1_322' title='bbox 761 4006 869 4057; x_wconf 89' lang='grc' dir='ltr'><strong>τῶν</strong></span> <span class='ocrx_word' id='word_1_323' title='bbox 900 4000 1089 4058; x_wconf 81' lang='grc' dir='ltr'>ἄλλων</span> <span class='ocrx_word' id='word_1_324' title='bbox 1129 4000 1530 4072; x_wconf 79' lang='grc' dir='ltr'>ἒπιδηλότατος</span> <span class='ocrx_word' id='word_1_325' title='bbox 1565 4007 1605 4041; x_wconf 76' lang='grc'>¹¹</span> <span class='ocrx_word' id='word_1_326' title='bbox 1640 4010 1755 4061; x_wconf 82' lang='grc' dir='ltr'>τοῖς</span> <span class='ocrx_word' id='word_1_327' title='bbox 1805 4007 2019 4073; x_wconf 83' lang='grc' dir='ltr'>Μάγοις</span> 
     </span>
    </p>
   </div>
   <div class='ocr_carea' id='block_1_45' title="bbox 368 4092 2021 4171">
    <p class='ocr_par' dir='ltr' id='par_1_45' title="bbox 368 4092 2021 4171">
     <span class='ocr_line' id='line_1_45' title="bbox 368 4092 2021 4171; baseline 0.001 -22"><span class='ocrx_word' id='word_1_328' title='bbox 368 4092 652 4168; x_wconf 75' lang='grc' dir='ltr'>ἰγνώρισε·</span> <span class='ocrx_word' id='word_1_329' title='bbox 704 4093 922 4154; x_wconf 78' lang='grc' dir='ltr'>τούτοις</span> <span class='ocrx_word' id='word_1_330' title='bbox 972 4092 1185 4165; x_wconf 73' lang='grc' dir='ltr'>ἐπεξῄει</span> <span class='ocrx_word' id='word_1_331' title='bbox 1231 4095 1332 4163; x_wconf 82' lang='grc' dir='ltr'><strong>τήν</strong></span> <span class='ocrx_word' id='word_1_332' title='bbox 1401 4093 1452 4149; x_wconf 78' lang='grc' dir='ltr'>ἐν</span> <span class='ocrx_word' id='word_1_333' title='bbox 1514 4099 1594 4166; x_wconf 85' lang='grc' dir='ltr'>τῷ</span> <span class='ocrx_word' id='word_1_334' title='bbox 1654 4093 1778 4169; x_wconf 78' lang='grc' dir='ltr'>ἰδίῳ</span> <span class='ocrx_word' id='word_1_335' title='bbox 1828 4096 2021 4171; x_wconf 83' lang='grc' dir='ltr'>κόσμῳ</span> 
     </span>
    </p>
   </div>
   <div class='ocr_carea' id='block_1_46' title="bbox 370 4182 2023 4262">
    <p class='ocr_par' dir='ltr' id='par_1_46' title="bbox 370 4182 2023 4262">
     <span class='ocr_line' id='line_1_46' title="bbox 370 4182 2023 4262; baseline 0.002 -25"><span class='ocrx_word' id='word_1_336' title='bbox 370 4184 600 4262; x_wconf 71' lang='grc' dir='ltr'>φανερὰν</span> <span class='ocrx_word' id='word_1_337' title='bbox 636 4186 682 4220; x_wconf 84' lang='grc'><strong>²²</strong></span> <span class='ocrx_word' id='word_1_338' title='bbox 722 4182 887 4238; x_wconf 80' lang='grc' dir='ltr'>αὐτοῦ</span> <span class='ocrx_word' id='word_1_339' title='bbox 933 4185 979 4219; x_wconf 79' lang='grc'>³³</span> <span class='ocrx_word' id='word_1_340' title='bbox 1030 4182 1361 4256; x_wconf 73' lang='grc' dir='ltr'>ἐπιφάνειαν,</span> <span class='ocrx_word' id='word_1_341' title='bbox 1428 4184 1526 4253; x_wconf 75' lang='grc' dir='ltr'>τὴν</span> <span class='ocrx_word' id='word_1_342' title='bbox 1569 4183 1622 4240; x_wconf 76' lang='grc' dir='ltr'>ἐν</span> <span class='ocrx_word' id='word_1_343' title='bbox 1671 4187 1847 4259; x_wconf 89' lang='grc' dir='ltr'>τούτῳ</span> <span class='ocrx_word' id='word_1_344' title='bbox 1900 4184 2023 4241; x_wconf 85' lang='grc' dir='ltr'>δια-</span> 
     </span>
    </p>
   </div>
   <div class='ocr_carea' id='block_1_47' title="bbox 369 4268 2021 4349">
    <p class='ocr_par' dir='ltr' id='par_1_47' title="bbox 369 4268 2021 4349">
     <span class='ocr_line' id='line_1_47' title="bbox 369 4268 2021 4349; baseline 0.002 -23"><span class='ocrx_word' id='word_1_345' title='bbox 369 4268 584 4347; x_wconf 72' lang='grc' dir='ltr'>τριϐήν,</span> <span class='ocrx_word' id='word_1_346' title='bbox 636 4274 705 4326; x_wconf 79' lang='grc' dir='ltr'>τὰ</span> <span class='ocrx_word' id='word_1_347' title='bbox 760 4269 1090 4345; x_wconf 87' lang='grc' dir='ltr'>σωτηριώδη</span> <span class='ocrx_word' id='word_1_348' title='bbox 1151 4273 1197 4308; x_wconf 81' lang='grc'><strong><em>²⁴</em></strong></span> <span class='ocrx_word' id='word_1_349' title='bbox 1250 4270 1574 4349; x_wconf 81' lang='grc' dir='ltr'>διδάγματα,</span> <span class='ocrx_word' id='word_1_350' title='bbox 1632 4277 1698 4329; x_wconf 74' lang='grc' dir='ltr'><strong>τὰ</strong></span> <span class='ocrx_word' id='word_1_351' title='bbox 1754 4277 2021 4348; x_wconf 82' lang='grc' dir='ltr'>θαύματα,</span> 
     </span>
    </p>
   </div>
   <div class='ocr_carea' id='block_1_48' title="bbox 372 4359 2022 4441">
    <p class='ocr_par' dir='ltr' id='par_1_48' title="bbox 372 4359 2022 4441">
     <span class='ocr_line' id='line_1_48' title="bbox 372 4359 2022 4441; baseline 0.001 -23"><span class='ocrx_word' id='word_1_352' title='bbox 372 4364 463 4418; x_wconf 82' lang='grc' dir='ltr'><strong>τὸν</strong></span> <span class='ocrx_word' id='word_1_353' title='bbox 516 4359 606 4416; x_wconf 87' lang='grc' dir='ltr'><strong>διά</strong></span> <span class='ocrx_word' id='word_1_354' title='bbox 654 4363 699 4397; x_wconf 84' lang='grc'><strong>²⁸</strong></span> <span class='ocrx_word' id='word_1_355' title='bbox 745 4365 916 4417; x_wconf 75' lang='grc' dir='ltr'>ταῦτα</span> <span class='ocrx_word' id='word_1_356' title='bbox 954 4362 1174 4440; x_wconf 76' lang='grc' dir='ltr'>φθόνον,</span> <span class='ocrx_word' id='word_1_357' title='bbox 1231 4361 1324 4416; x_wconf 85' lang='grc' dir='ltr'>τὸν</span> <span class='ocrx_word' id='word_1_358' title='bbox 1379 4364 1626 4437; x_wconf 88' lang='grc' dir='ltr'>σταυρὸν,</span> <span class='ocrx_word' id='word_1_359' title='bbox 1666 4367 1764 4434; x_wconf 76' lang='grc' dir='ltr'>τὴν</span> <span class='ocrx_word' id='word_1_360' title='bbox 1823 4366 2022 4441; x_wconf 71' lang='grc' dir='ltr'>ταφὴν,</span> 
     </span>
    </p>
   </div>
   <div class='ocr_carea' id='block_1_49' title="bbox 371 4448 2026 4519">
    <p class='ocr_par' dir='ltr' id='par_1_49' title="bbox 371 4448 2026 4519">
     <span class='ocr_line' id='line_1_49' title="bbox 371 4448 2026 4519; baseline 0.003 -15"><span class='ocrx_word' id='word_1_361' title='bbox 371 4452 461 4505; x_wconf 82' lang='grc' dir='ltr'><strong>καὶ</strong></span> <span class='ocrx_word' id='word_1_362' title='bbox 519 4448 678 4511; x_wconf 68' lang='grc' dir='ltr'>τέλος</span> <span class='ocrx_word' id='word_1_363' title='bbox 738 4449 905 4519; x_wconf 72' lang='grc' dir='ltr'>αὐτὴν</span> <span class='ocrx_word' id='word_1_364' title='bbox 973 4451 1071 4519; x_wconf 73' lang='grc' dir='ltr'>τὴν</span> <span class='ocrx_word' id='word_1_365' title='bbox 1128 4449 1271 4506; x_wconf 86' lang='grc' dir='ltr'>θείαν</span> <span class='ocrx_word' id='word_1_366' title='bbox 1325 4450 1633 4510; x_wconf 76' lang='grc' dir='ltr'>ἀνάστασιν.</span> <span class='ocrx_word' id='word_1_367' title='bbox 1705 4452 1802 4508; x_wconf 87' lang='grc' dir='ltr'>Καὶ</span> <span class='ocrx_word' id='word_1_368' title='bbox 1856 4459 2026 4510; x_wconf 90' lang='grc' dir='ltr'>ταῦτα</span> 
     </span>
    </p>
   </div>
   <div class='ocr_carea' id='block_1_50' title="bbox 376 4536 2025 4618">
    <p class='ocr_par' dir='ltr' id='par_1_50' title="bbox 376 4536 2025 4618">
     <span class='ocr_line' id='line_1_50' title="bbox 376 4536 2025 4618; baseline 0.004 -24"><span class='ocrx_word' id='word_1_369' title='bbox 376 4541 469 4611; x_wconf 77' lang='grc' dir='ltr'>μὶν</span> <span class='ocrx_word' id='word_1_370' title='bbox 505 4541 533 4594; x_wconf 87' lang='grc' dir='ltr'>ὁ</span> <span class='ocrx_word' id='word_1_371' title='bbox 565 4539 858 4614; x_wconf 77' lang='grc' dir='ltr'>ηραῦλιος·</span> <span class='ocrx_word' id='word_1_372' title='bbox 896 4536 1104 4598; x_wconf 86' lang='grc' dir='ltr'>Ἰούστα</span> <span class='ocrx_word' id='word_1_373' title='bbox 1146 4537 1204 4595; x_wconf 69' lang='grc' dir='ltr'>δὲ</span> <span class='ocrx_word' id='word_1_374' title='bbox 1230 4543 1299 4613; x_wconf 83' lang='grc' dir='ltr'><strong>τῇ</strong></span> <span class='ocrx_word' id='word_1_375' title='bbox 1331 4541 1526 4606; x_wconf 66' lang='grc' dir='ltr'>εαυτῆς</span> <span class='ocrx_word' id='word_1_376' title='bbox 1559 4546 1715 4618; x_wconf 80' lang='grc' dir='ltr'>ψυχῇ</span> <span class='ocrx_word' id='word_1_377' title='bbox 1745 4543 1811 4597; x_wconf 84' lang='grc' dir='ltr'><strong>τά</strong></span> <span class='ocrx_word' id='word_1_378' title='bbox 1860 4542 2025 4601; x_wconf 76' lang='grc' dir='ltr'>ἀκού.</span> 
     </span>
    </p>
   </div>
   <div class='ocr_carea' id='block_1_51' title="bbox 2114 613 3753 683">
    <p class='ocr_par' dir='ltr' id='par_1_51' title="bbox 2114 613 3753 683">
     <span class='ocr_line' id='line_1_51' title="bbox 2114 613 3753 683; baseline -0.001 -14"><span class='ocrx_word' id='word_1_379' title='bbox 2114 613 2419 683; x_wconf 80' lang='lat' dir='ltr'><strong>discipulis</strong></span> <span class='ocrx_word' id='word_1_380' title='bbox 2453 630 2468 681; x_wconf 88' lang='lat'><strong>;</strong></span> <span class='ocrx_word' id='word_1_381' title='bbox 2499 620 2556 667; x_wconf 88' lang='lat' dir='ltr'><strong>et</strong></span> <span class='ocrx_word' id='word_1_382' title='bbox 2574 614 2886 668; x_wconf 88' lang='lat' dir='ltr'><strong>Christiani</strong></span> <span class='ocrx_word' id='word_1_383' title='bbox 2921 616 3173 683; x_wconf 87' lang='lat' dir='ltr'><strong>primum</strong></span> <span class='ocrx_word' id='word_1_384' title='bbox 3199 616 3256 669; x_wconf 92' lang='lat' dir='ltr'><strong>in</strong></span> <span class='ocrx_word' id='word_1_385' title='bbox 3289 631 3355 668; x_wconf 89' lang='lat' dir='ltr'><strong>ea</strong></span> <span class='ocrx_word' id='word_1_386' title='bbox 3377 621 3516 669; x_wconf 90' lang='lat' dir='ltr'><strong>sunt</strong></span> <span class='ocrx_word' id='word_1_387' title='bbox 3544 617 3753 683; x_wconf 81' lang='lat' dir='ltr'><strong>vocati,</strong></span> 
     </span>
    </p>
   </div>
   <div class='ocr_carea' id='block_1_52' title="bbox 2114 703 3754 773">
    <p class='ocr_par' dir='ltr' id='par_1_52' title="bbox 2114 703 3754 773">
     <span class='ocr_line' id='line_1_52' title="bbox 2114 703 3754 773; baseline 0.001 -15"><span class='ocrx_word' id='word_1_388' title='bbox 2114 710 2176 758; x_wconf 88' lang='lat' dir='ltr'><strong>ut</strong></span> <span class='ocrx_word' id='word_1_389' title='bbox 2205 704 2408 765; x_wconf 88' lang='lat' dir='ltr'><strong>scribit</strong></span> <span class='ocrx_word' id='word_1_390' title='bbox 2431 720 2675 773; x_wconf 83' lang='lat' dir='ltr'><strong>magnus</strong></span> <span class='ocrx_word' id='word_1_391' title='bbox 2701 709 2910 759; x_wconf 86' lang='lat' dir='ltr'><strong>Lucas:</strong></span> <span class='ocrx_word' id='word_1_392' title='bbox 2937 708 2994 758; x_wconf 88' lang='lat' dir='ltr'><strong>et</strong></span> <span class='ocrx_word' id='word_1_393' title='bbox 3024 704 3176 773; x_wconf 92' lang='lat' dir='ltr'><strong>quod</strong></span> <span class='ocrx_word' id='word_1_394' title='bbox 3200 703 3256 757; x_wconf 94' lang='lat' dir='ltr'><strong>in</strong></span> <span class='ocrx_word' id='word_1_395' title='bbox 3280 704 3449 758; x_wconf 90' lang='lat' dir='ltr'><strong>vitam</strong></span> <span class='ocrx_word' id='word_1_396' title='bbox 3474 708 3754 773; x_wconf 79' lang='lat' dir='ltr'><strong>produxe-</strong></span> 
     </span>
    </p>
   </div>
   <div class='ocr_carea' id='block_1_53' title="bbox 2113 790 3755 863">
    <p class='ocr_par' dir='ltr' id='par_1_53' title="bbox 2113 790 3755 863">
     <span class='ocr_line' id='line_1_53' title="bbox 2113 790 3755 863; baseline 0.002 -19"><span class='ocrx_word' id='word_1_397' title='bbox 2113 790 2189 846; x_wconf 90' lang='lat' dir='ltr'><strong>rit</strong></span> <span class='ocrx_word' id='word_1_398' title='bbox 2214 796 2282 847; x_wconf 92' lang='lat' dir='ltr'><strong>ad</strong></span> <span class='ocrx_word' id='word_1_399' title='bbox 2317 799 2552 848; x_wconf 90' lang='lat' dir='ltr'><strong>centum</strong></span> <span class='ocrx_word' id='word_1_400' title='bbox 2593 798 2651 847; x_wconf 91' lang='lat' dir='ltr'><strong>et</strong></span> <span class='ocrx_word' id='word_1_401' title='bbox 2681 792 2979 860; x_wconf 79' lang='lat' dir='ltr'><strong>sexaginta</strong></span> <span class='ocrx_word' id='word_1_402' title='bbox 3007 794 3184 859; x_wconf 90' lang='lat' dir='ltr'><strong>viros,</strong></span> <span class='ocrx_word' id='word_1_403' title='bbox 3216 793 3316 862; x_wconf 92' lang='lat' dir='ltr'><strong>qui</strong></span> <span class='ocrx_word' id='word_1_404' title='bbox 3341 791 3608 847; x_wconf 89' lang='lat' dir='ltr'><strong>aluerunt</strong></span> <span class='ocrx_word' id='word_1_405' title='bbox 3637 794 3755 863; x_wconf 84' lang='lat' dir='ltr'><strong>spi-</strong></span> 
     </span>
    </p>
   </div>
   <div class='ocr_carea' id='block_1_54' title="bbox 2113 882 3757 961">
    <p class='ocr_par' dir='ltr' id='par_1_54' title="bbox 2113 882 3757 961">
     <span class='ocr_line' id='line_1_54' title="bbox 2113 882 3757 961; baseline 0.001 -25"><span class='ocrx_word' id='word_1_406' title='bbox 2113 898 2237 936; x_wconf 90' lang='lat' dir='ltr'><strong>cam</strong></span> <span class='ocrx_word' id='word_1_407' title='bbox 2273 882 2503 937; x_wconf 89' lang='lat' dir='ltr'><strong>virtutis</strong></span> <span class='ocrx_word' id='word_1_408' title='bbox 2534 882 2879 953; x_wconf 67' lang='lat' dir='ltr'><strong>evangelicae</strong></span> <span class='ocrx_word' id='word_1_409' title='bbox 2922 898 2936 936; x_wconf 93' lang='lat'><strong>:</strong></span> <span class='ocrx_word' id='word_1_410' title='bbox 2972 898 3086 937; x_wconf 92' lang='lat' dir='ltr'><strong>non</strong></span> <span class='ocrx_word' id='word_1_411' title='bbox 3127 882 3319 937; x_wconf 90' lang='lat' dir='ltr'><strong>solum</strong></span> <span class='ocrx_word' id='word_1_412' title='bbox 3350 888 3547 938; x_wconf 90' lang='lat' dir='ltr'><strong>autem</strong></span> <span class='ocrx_word' id='word_1_413' title='bbox 3581 882 3757 961; x_wconf 83' lang='lat' dir='ltr'><strong>viros,</strong></span> 
     </span>
    </p>
   </div>
   <div class='ocr_carea' id='block_1_55' title="bbox 2110 972 3759 1044">
    <p class='ocr_par' dir='ltr' id='par_1_55' title="bbox 2110 972 3759 1044">
     <span class='ocr_line' id='line_1_55' title="bbox 2110 972 3759 1044; baseline 0 -18"><span class='ocrx_word' id='word_1_414' title='bbox 2110 972 2211 1027; x_wconf 87' lang='lat' dir='ltr'><strong>sed</strong></span> <span class='ocrx_word' id='word_1_415' title='bbox 2236 972 2411 1028; x_wconf 89' lang='lat' dir='ltr'><strong>etiam</strong></span> <span class='ocrx_word' id='word_1_416' title='bbox 2446 990 2563 1028; x_wconf 93' lang='lat' dir='ltr'><strong>non</strong></span> <span class='ocrx_word' id='word_1_417' title='bbox 2598 990 2812 1042; x_wconf 87' lang='lat' dir='ltr'><strong>paucas</strong></span> <span class='ocrx_word' id='word_1_418' title='bbox 2845 973 3114 1028; x_wconf 78' lang='lat' dir='ltr'><strong>feminas.</strong></span> <span class='ocrx_word' id='word_1_419' title='bbox 3149 972 3384 1029; x_wconf 90' lang='lat' dir='ltr'><strong>Mittens</strong></span> <span class='ocrx_word' id='word_1_420' title='bbox 3414 987 3550 1044; x_wconf 91' lang='lat' dir='ltr'><strong>ergo</strong></span> <span class='ocrx_word' id='word_1_421' title='bbox 3581 972 3759 1027; x_wconf 86' lang='lat' dir='ltr'><strong>admi-</strong></span> 
     </span>
    </p>
   </div>
   <div class='ocr_carea' id='block_1_56' title="bbox 2112 1061 3757 1133">
    <p class='ocr_par' dir='ltr' id='par_1_56' title="bbox 2112 1061 3757 1133">
     <span class='ocr_line' id='line_1_56' title="bbox 2112 1061 3757 1133; baseline 0 -17"><span class='ocrx_word' id='word_1_422' title='bbox 2112 1062 2227 1116; x_wconf 87' lang='lat' dir='ltr'><strong>rari</strong></span> <span class='ocrx_word' id='word_1_423' title='bbox 2260 1062 2612 1133; x_wconf 79' lang='lat' dir='ltr'><strong>templorum</strong></span> <span class='ocrx_word' id='word_1_424' title='bbox 2645 1062 2772 1133; x_wconf 85' lang='lat' dir='ltr'><strong>ejus</strong></span> <span class='ocrx_word' id='word_1_425' title='bbox 2815 1061 3333 1132; x_wconf 81' lang='lat' dir='ltr'><strong>pulchritudinem,</strong></span> <span class='ocrx_word' id='word_1_426' title='bbox 3365 1066 3422 1115; x_wconf 92' lang='lat' dir='ltr'><strong>et</strong></span> <span class='ocrx_word' id='word_1_427' title='bbox 3452 1076 3757 1116; x_wconf 86' lang='lat' dir='ltr'><strong>murorum</strong></span> 
     </span>
    </p>
   </div>
   <div class='ocr_carea' id='block_1_57' title="bbox 2116 1149 3759 1221">
    <p class='ocr_par' dir='ltr' id='par_1_57' title="bbox 2116 1149 3759 1221">
     <span class='ocr_line' id='line_1_57' title="bbox 2116 1149 3759 1221; baseline -0.001 -15"><span class='ocrx_word' id='word_1_428' title='bbox 2116 1151 2604 1221; x_wconf 77' lang='lat' dir='ltr'><strong>magnitudinem,</strong></span> <span class='ocrx_word' id='word_1_429' title='bbox 2633 1156 2690 1205; x_wconf 86' lang='lat' dir='ltr'><strong>et</strong></span> <span class='ocrx_word' id='word_1_430' title='bbox 2712 1151 3044 1221; x_wconf 73' lang='lat' dir='ltr'><strong>plantarum</strong></span> <span class='ocrx_word' id='word_1_431' title='bbox 3070 1149 3531 1218; x_wconf 82' lang='lat' dir='ltr'><strong>multitudinem,</strong></span> <span class='ocrx_word' id='word_1_432' title='bbox 3564 1154 3621 1205; x_wconf 88' lang='lat' dir='ltr'><strong>et</strong></span> <span class='ocrx_word' id='word_1_433' title='bbox 3651 1154 3759 1205; x_wconf 79' lang='lat' dir='ltr'><strong>ter-</strong></span> 
     </span>
    </p>
   </div>
   <div class='ocr_carea' id='block_1_58' title="bbox 2113 1238 3755 1311">
    <p class='ocr_par' dir='ltr' id='par_1_58' title="bbox 2113 1238 3755 1311">
     <span class='ocr_line' id='line_1_58' title="bbox 2113 1238 3755 1311; baseline 0 -16"><span class='ocrx_word' id='word_1_434' title='bbox 2113 1256 2237 1295; x_wconf 89' lang='lat' dir='ltr'><strong>ram</strong></span> <span class='ocrx_word' id='word_1_435' title='bbox 2253 1239 2418 1295; x_wconf 90' lang='lat' dir='ltr'><strong>bonis</strong></span> <span class='ocrx_word' id='word_1_436' title='bbox 2436 1241 2692 1307; x_wconf 80' lang='lat' dir='ltr'><strong>uberem,</strong></span> <span class='ocrx_word' id='word_1_437' title='bbox 2709 1256 2883 1307; x_wconf 89' lang='lat' dir='ltr'><strong>quam</strong></span> <span class='ocrx_word' id='word_1_438' title='bbox 2900 1240 3050 1311; x_wconf 88' lang='lat' dir='ltr'><strong>rigat</strong></span> <span class='ocrx_word' id='word_1_439' title='bbox 3070 1240 3309 1296; x_wconf 89' lang='lat' dir='ltr'><strong>Orontes</strong></span> <span class='ocrx_word' id='word_1_440' title='bbox 3330 1238 3755 1310; x_wconf 70' lang='lat' dir='ltr'><strong>praeterﬂuens,</strong></span> 
     </span>
    </p>
   </div>
   <div class='ocr_carea' id='block_1_59' title="bbox 2113 1327 3755 1400">
    <p class='ocr_par' dir='ltr' id='par_1_59' title="bbox 2113 1327 3755 1400">
     <span class='ocr_line' id='line_1_59' title="bbox 2113 1327 3755 1400; baseline 0 -17"><span class='ocrx_word' id='word_1_441' title='bbox 2113 1329 2184 1385; x_wconf 86' lang='lat' dir='ltr'><strong>de</strong></span> <span class='ocrx_word' id='word_1_442' title='bbox 2220 1327 2447 1384; x_wconf 84' lang='lat' dir='ltr'><strong>Justina</strong></span> <span class='ocrx_word' id='word_1_443' title='bbox 2478 1328 2623 1384; x_wconf 86' lang='lat' dir='ltr'><strong>mihi</strong></span> <span class='ocrx_word' id='word_1_444' title='bbox 2655 1344 2972 1400; x_wconf 85' lang='lat' dir='ltr'><strong>proponam</strong></span> <span class='ocrx_word' id='word_1_445' title='bbox 3006 1330 3423 1385; x_wconf 81' lang='lat' dir='ltr'><strong>narrationem.</strong></span> <span class='ocrx_word' id='word_1_446' title='bbox 3458 1330 3592 1395; x_wconf 66' lang='lat' dir='ltr'><strong>Quae</strong></span> <span class='ocrx_word' id='word_1_447' title='bbox 3622 1344 3755 1384; x_wconf 92' lang='lat' dir='ltr'><strong>cum</strong></span> 
     </span>
    </p>
   </div>
   <div class='ocr_carea' id='block_1_60' title="bbox 2114 1416 3758 1489">
    <p class='ocr_par' dir='ltr' id='par_1_60' title="bbox 2114 1416 3758 1489">
     <span class='ocr_line' id='line_1_60' title="bbox 2114 1416 3758 1489; baseline -0.001 -17"><span class='ocrx_word' id='word_1_448' title='bbox 2114 1422 2248 1489; x_wconf 89' lang='lat' dir='ltr'><strong>post</strong></span> <span class='ocrx_word' id='word_1_449' title='bbox 2277 1416 2453 1489; x_wconf 84' lang='lat' dir='ltr'><strong>longa</strong></span> <span class='ocrx_word' id='word_1_450' title='bbox 2484 1429 2740 1489; x_wconf 81' lang='lat' dir='ltr'><strong>tempora</strong></span> <span class='ocrx_word' id='word_1_451' title='bbox 2780 1422 3119 1475; x_wconf 89' lang='lat' dir='ltr'><strong>sanctorum</strong></span> <span class='ocrx_word' id='word_1_452' title='bbox 3151 1416 3550 1488; x_wconf 89' lang='lat' dir='ltr'><strong>apostolorum</strong></span> <span class='ocrx_word' id='word_1_453' title='bbox 3584 1434 3758 1473; x_wconf 89' lang='lat' dir='ltr'><strong>reno-</strong></span> 
     </span>
    </p>
   </div>
   <div class='ocr_carea' id='block_1_61' title="bbox 2112 1507 3759 1581">
    <p class='ocr_par' dir='ltr' id='par_1_61' title="bbox 2112 1507 3759 1581">
     <span class='ocr_line' id='line_1_61' title="bbox 2112 1507 3759 1581; baseline -0.001 -17"><span class='ocrx_word' id='word_1_454' title='bbox 2112 1517 2303 1564; x_wconf 87' lang='lat' dir='ltr'><strong>vasset</strong></span> <span class='ocrx_word' id='word_1_455' title='bbox 2351 1524 2449 1563; x_wconf 91' lang='lat' dir='ltr'><strong>cor</strong></span> <span class='ocrx_word' id='word_1_456' title='bbox 2487 1507 2721 1563; x_wconf 91' lang='lat' dir='ltr'><strong>illorum</strong></span> <span class='ocrx_word' id='word_1_457' title='bbox 2770 1507 3057 1575; x_wconf 89' lang='lat' dir='ltr'><strong>doctrina,</strong></span> <span class='ocrx_word' id='word_1_458' title='bbox 3091 1508 3427 1564; x_wconf 84' lang='lat' dir='ltr'><strong>athleticam</strong></span> <span class='ocrx_word' id='word_1_459' title='bbox 3486 1507 3759 1581; x_wconf 84' lang='lat' dir='ltr'><strong>produxit</strong></span> 
     </span>
    </p>
   </div>
   <div class='ocr_carea' id='block_1_62' title="bbox 2114 1596 3757 1669">
    <p class='ocr_par' dir='ltr' id='par_1_62' title="bbox 2114 1596 3757 1669">
     <span class='ocr_line' id='line_1_62' title="bbox 2114 1596 3757 1669; baseline -0.001 -17"><span class='ocrx_word' id='word_1_460' title='bbox 2114 1598 2359 1668; x_wconf 84' lang='lat' dir='ltr'><strong>spicam,</strong></span> <span class='ocrx_word' id='word_1_461' title='bbox 2390 1596 2557 1652; x_wconf 85' lang='lat' dir='ltr'><strong>valde</strong></span> <span class='ocrx_word' id='word_1_462' title='bbox 2579 1597 2818 1669; x_wconf 90' lang='lat' dir='ltr'><strong>quidem</strong></span> <span class='ocrx_word' id='word_1_463' title='bbox 2851 1596 3194 1667; x_wconf 83' lang='lat' dir='ltr'><strong>speciosam,</strong></span> <span class='ocrx_word' id='word_1_464' title='bbox 3228 1597 3412 1653; x_wconf 83' lang='lat' dir='ltr'><strong>fructu</strong></span> <span class='ocrx_word' id='word_1_465' title='bbox 3444 1606 3635 1653; x_wconf 81' lang='lat' dir='ltr'><strong>autem</strong></span> <span class='ocrx_word' id='word_1_466' title='bbox 3654 1597 3757 1651; x_wconf 87' lang='lat' dir='ltr'><strong>ad-</strong></span> 
     </span>
    </p>
   </div>
   <div class='ocr_carea' id='block_1_63' title="bbox 2116 1688 3755 1759">
    <p class='ocr_par' dir='ltr' id='par_1_63' title="bbox 2116 1688 3755 1759">
     <span class='ocr_line' id='line_1_63' title="bbox 2116 1688 3755 1759; baseline -0.002 -14"><span class='ocrx_word' id='word_1_467' title='bbox 2116 1690 2356 1745; x_wconf 88' lang='lat' dir='ltr'><strong>modum</strong></span> <span class='ocrx_word' id='word_1_468' title='bbox 2413 1688 2703 1745; x_wconf 83' lang='lat' dir='ltr'><strong>refertam.</strong></span> <span class='ocrx_word' id='word_1_469' title='bbox 2736 1688 2801 1743; x_wconf 88' lang='lat' dir='ltr'><strong>Ei</strong></span> <span class='ocrx_word' id='word_1_470' title='bbox 2857 1694 2980 1743; x_wconf 87' lang='lat' dir='ltr'><strong>erat</strong></span> <span class='ocrx_word' id='word_1_471' title='bbox 3028 1689 3233 1758; x_wconf 79' lang='lat' dir='ltr'><strong>patria,</strong></span> <span class='ocrx_word' id='word_1_472' title='bbox 3266 1704 3443 1759; x_wconf 90' lang='lat' dir='ltr'><strong>quam</strong></span> <span class='ocrx_word' id='word_1_473' title='bbox 3476 1688 3755 1756; x_wconf 81' lang='lat' dir='ltr'><strong>diximus,</strong></span> 
     </span>
    </p>
   </div>
   <div class='ocr_carea' id='block_1_64' title="bbox 2116 1777 3754 1849">
    <p class='ocr_par' dir='ltr' id='par_1_64' title="bbox 2116 1777 3754 1849">
     <span class='ocr_line' id='line_1_64' title="bbox 2116 1777 3754 1849; baseline -0.002 -16"><span class='ocrx_word' id='word_1_474' title='bbox 2116 1778 2451 1843; x_wconf 80' lang='lat' dir='ltr'><strong>Antiochia,</strong></span> <span class='ocrx_word' id='word_1_475' title='bbox 2481 1778 2750 1833; x_wconf 68' lang='lat' dir='ltr'><strong>Edesius</strong></span> <span class='ocrx_word' id='word_1_476' title='bbox 2779 1783 2976 1833; x_wconf 87' lang='lat' dir='ltr'><strong>autem</strong></span> <span class='ocrx_word' id='word_1_477' title='bbox 3028 1787 3082 1834; x_wconf 89' lang='lat' dir='ltr'><strong>et</strong></span> <span class='ocrx_word' id='word_1_478' title='bbox 3128 1777 3423 1844; x_wconf 89' lang='lat' dir='ltr'><strong>Cledonia,</strong></span> <span class='ocrx_word' id='word_1_479' title='bbox 3468 1783 3754 1849; x_wconf 84' lang='lat' dir='ltr'><strong>parentes.</strong></span> 
     </span>
    </p>
   </div>
   <div class='ocr_carea' id='block_1_65' title="bbox 2118 1866 3757 1940">
    <p class='ocr_par' dir='ltr' id='par_1_65' title="bbox 2118 1866 3757 1940">
     <span class='ocr_line' id='line_1_65' title="bbox 2118 1866 3757 1940; baseline -0.002 -16"><span class='ocrx_word' id='word_1_480' title='bbox 2118 1868 2231 1925; x_wconf 86' lang='lat' dir='ltr'><strong>Sed</strong></span> <span class='ocrx_word' id='word_1_481' title='bbox 2262 1868 2382 1924; x_wconf 71' lang='lat' dir='ltr'><strong>hinc</strong></span> <span class='ocrx_word' id='word_1_482' title='bbox 2412 1867 2660 1940; x_wconf 84' lang='lat' dir='ltr'><strong>pulchra</strong></span> <span class='ocrx_word' id='word_1_483' title='bbox 2706 1868 2902 1938; x_wconf 88' lang='lat' dir='ltr'><strong>planta</strong></span> <span class='ocrx_word' id='word_1_484' title='bbox 2934 1868 3147 1923; x_wconf 89' lang='lat' dir='ltr'><strong>multas</strong></span> <span class='ocrx_word' id='word_1_485' title='bbox 3195 1868 3432 1939; x_wconf 89' lang='lat' dir='ltr'><strong>quidem</strong></span> <span class='ocrx_word' id='word_1_486' title='bbox 3476 1866 3640 1938; x_wconf 85' lang='lat' dir='ltr'><strong>prius</strong></span> <span class='ocrx_word' id='word_1_487' title='bbox 3674 1866 3757 1920; x_wconf 80' lang='lat' dir='ltr'><strong>fe—</strong></span> 
     </span>
    </p>
   </div>
   <div class='ocr_carea' id='block_1_66' title="bbox 2118 1955 3761 2029">
    <p class='ocr_par' dir='ltr' id='par_1_66' title="bbox 2118 1955 3761 2029">
     <span class='ocr_line' id='line_1_66' title="bbox 2118 1955 3761 2029; baseline -0.002 -17"><span class='ocrx_word' id='word_1_488' title='bbox 2118 1958 2281 2013; x_wconf 89' lang='lat' dir='ltr'><strong>rebat</strong></span> <span class='ocrx_word' id='word_1_489' title='bbox 2302 1958 2524 2029; x_wconf 88' lang='lat' dir='ltr'><strong>spinas.</strong></span> <span class='ocrx_word' id='word_1_490' title='bbox 2544 1955 2687 2011; x_wconf 87' lang='lat' dir='ltr'><strong>Nam</strong></span> <span class='ocrx_word' id='word_1_491' title='bbox 2711 1956 2837 2027; x_wconf 91' lang='lat' dir='ltr'><strong>ipsa</strong></span> <span class='ocrx_word' id='word_1_492' title='bbox 2858 1970 3093 2028; x_wconf 89' lang='lat' dir='ltr'><strong>quoque</strong></span> <span class='ocrx_word' id='word_1_493' title='bbox 3115 1971 3370 2027; x_wconf 89' lang='lat' dir='ltr'><strong>sequens</strong></span> <span class='ocrx_word' id='word_1_494' title='bbox 3390 1970 3643 2010; x_wconf 89' lang='lat' dir='ltr'><strong>errorem</strong></span> <span class='ocrx_word' id='word_1_495' title='bbox 3665 1970 3761 2025; x_wconf 87' lang='lat' dir='ltr'><strong>pa-</strong></span> 
     </span>
    </p>
   </div>
   <div class='ocr_carea' id='block_1_67' title="bbox 2115 2042 3757 2116">
    <p class='ocr_par' dir='ltr' id='par_1_67' title="bbox 2115 2042 3757 2116">
     <span class='ocr_line' id='line_1_67' title="bbox 2115 2042 3757 2116; baseline -0.002 -14"><span class='ocrx_word' id='word_1_496' title='bbox 2115 2051 2344 2102; x_wconf 88' lang='lat' dir='ltr'><strong>rentum</strong></span> <span class='ocrx_word' id='word_1_497' title='bbox 2375 2046 2569 2116; x_wconf 86' lang='lat' dir='ltr'><strong>(erant</strong></span> <span class='ocrx_word' id='word_1_498' title='bbox 2599 2061 2734 2100; x_wconf 91' lang='lat' dir='ltr'><strong>vero</strong></span> <span class='ocrx_word' id='word_1_499' title='bbox 2764 2043 2805 2099; x_wconf 91' lang='lat' dir='ltr'><strong>ii</strong></span> <span class='ocrx_word' id='word_1_500' title='bbox 2836 2044 3088 2102; x_wconf 88' lang='lat' dir='ltr'><strong>cultores</strong></span> <span class='ocrx_word' id='word_1_501' title='bbox 3115 2043 3406 2101; x_wconf 90' lang='lat' dir='ltr'><strong>idolorum</strong></span> <span class='ocrx_word' id='word_1_502' title='bbox 3437 2047 3496 2098; x_wconf 86' lang='lat' dir='ltr'><strong>et</strong></span> <span class='ocrx_word' id='word_1_503' title='bbox 3525 2042 3625 2098; x_wconf 90' lang='lat' dir='ltr'><strong>Dei</strong></span> <span class='ocrx_word' id='word_1_504' title='bbox 3655 2042 3757 2098; x_wconf 84' lang='lat' dir='ltr'><strong>ad-</strong></span> 
     </span>
    </p>
   </div>
   <div class='ocr_carea' id='block_1_68' title="bbox 2113 2131 3720 2205">
    <p class='ocr_par' dir='ltr' id='par_1_68' title="bbox 2113 2131 3720 2205">
     <span class='ocr_line' id='line_1_68' title="bbox 2113 2131 3720 2205; baseline -0.004 -14"><span class='ocrx_word' id='word_1_505' title='bbox 2113 2134 2399 2205; x_wconf 88' lang='lat' dir='ltr'><strong>versarii),</strong></span> <span class='ocrx_word' id='word_1_506' title='bbox 2433 2134 2748 2190; x_wconf 90' lang='lat' dir='ltr'><strong>honorabat</strong></span> <span class='ocrx_word' id='word_1_507' title='bbox 2780 2141 2835 2189; x_wconf 91' lang='lat' dir='ltr'><strong>et</strong></span> <span class='ocrx_word' id='word_1_508' title='bbox 2864 2133 3093 2191; x_wconf 90' lang='lat' dir='ltr'><strong>colebat</strong></span> <span class='ocrx_word' id='word_1_509' title='bbox 3121 2133 3355 2189; x_wconf 89' lang='lat' dir='ltr'><strong>illorum</strong></span> <span class='ocrx_word' id='word_1_510' title='bbox 3388 2131 3720 2187; x_wconf 89' lang='lat' dir='ltr'><strong>simulacra.</strong></span> 
     </span>
    </p>
   </div>
   <div class='ocr_carea' id='block_1_69' title="bbox 2190 2310 3763 2384">
    <p class='ocr_par' dir='ltr' id='par_1_69' title="bbox 2190 2310 3763 2384">
     <span class='ocr_line' id='line_1_69' title="bbox 2190 2310 3763 2384; baseline -0.001 -15"><span class='ocrx_word' id='word_1_511' title='bbox 2190 2315 2258 2371; x_wconf 89' lang='lat' dir='ltr'><strong>ll.</strong></span> <span class='ocrx_word' id='word_1_512' title='bbox 2290 2316 2435 2371; x_wconf 90' lang='lat' dir='ltr'><strong>Cum</strong></span> <span class='ocrx_word' id='word_1_513' title='bbox 2470 2319 2688 2383; x_wconf 90' lang='lat' dir='ltr'><strong>autem,</strong></span> <span class='ocrx_word' id='word_1_514' title='bbox 2720 2315 2890 2369; x_wconf 66' lang='lat' dir='ltr'><strong>astate</strong></span> <span class='ocrx_word' id='word_1_515' title='bbox 2935 2313 3277 2384; x_wconf 86' lang='lat' dir='ltr'><strong>procedens,</strong></span> <span class='ocrx_word' id='word_1_516' title='bbox 3310 2312 3381 2367; x_wconf 90' lang='lat' dir='ltr'><strong>ad</strong></span> <span class='ocrx_word' id='word_1_517' title='bbox 3430 2310 3763 2367; x_wconf 80' lang='lat' dir='ltr'><strong>solidiorcm</strong></span> 
     </span>
    </p>
   </div>
   <div class='ocr_carea' id='block_1_70' title="bbox 2115 2400 3761 2477">
    <p class='ocr_par' dir='ltr' id='par_1_70' title="bbox 2115 2400 3761 2477">
     <span class='ocr_line' id='line_1_70' title="bbox 2115 2400 3761 2477; baseline -0.002 -17"><span class='ocrx_word' id='word_1_518' title='bbox 2115 2405 2378 2477; x_wconf 87' lang='lat' dir='ltr'><strong>pervenit</strong></span> <span class='ocrx_word' id='word_1_519' title='bbox 2405 2403 2879 2475; x_wconf 78' lang='lat' dir='ltr'><strong>intelligentiam,</strong></span> <span class='ocrx_word' id='word_1_520' title='bbox 2909 2419 3037 2459; x_wconf 89' lang='lat' dir='ltr'><strong>eam</strong></span> <span class='ocrx_word' id='word_1_521' title='bbox 3073 2404 3170 2457; x_wconf 83' lang='lat' dir='ltr'><strong>lux</strong></span> <span class='ocrx_word' id='word_1_522' title='bbox 3218 2402 3396 2458; x_wconf 88' lang='lat' dir='ltr'><strong>subiit</strong></span> <span class='ocrx_word' id='word_1_523' title='bbox 3428 2400 3635 2455; x_wconf 68' lang='lat' dir='ltr'><strong>divinm</strong></span> <span class='ocrx_word' id='word_1_524' title='bbox 3667 2414 3761 2456; x_wconf 85' lang='lat' dir='ltr'><strong>co-</strong></span> 
     </span>
    </p>
   </div>
   <div class='ocr_carea' id='block_1_71' title="bbox 2116 2486 3763 2565">
    <p class='ocr_par' dir='ltr' id='par_1_71' title="bbox 2116 2486 3763 2565">
     <span class='ocr_line' id='line_1_71' title="bbox 2116 2486 3763 2565; baseline -0.001 -17"><span class='ocrx_word' id='word_1_525' title='bbox 2116 2493 2397 2565; x_wconf 89' lang='lat' dir='ltr'><strong>gnitionis</strong></span> <span class='ocrx_word' id='word_1_526' title='bbox 2438 2500 2503 2548; x_wconf 92' lang='lat' dir='ltr'><strong>ut</strong></span> <span class='ocrx_word' id='word_1_527' title='bbox 2532 2510 2660 2564; x_wconf 69' lang='lat' dir='ltr'><strong>qum</strong></span> <span class='ocrx_word' id='word_1_528' title='bbox 2692 2502 2843 2549; x_wconf 87' lang='lat' dir='ltr'><strong>esset</strong></span> <span class='ocrx_word' id='word_1_529' title='bbox 2874 2492 3308 2562; x_wconf 87' lang='lat' dir='ltr'><strong>receptaculum</strong></span> <span class='ocrx_word' id='word_1_530' title='bbox 3350 2490 3591 2562; x_wconf 91' lang='lat' dir='ltr'><strong>dignum</strong></span> <span class='ocrx_word' id='word_1_531' title='bbox 3625 2486 3763 2547; x_wconf 80' lang='lat' dir='ltr'><strong>illn-</strong></span> 
     </span>
    </p>
   </div>
   <div class='ocr_carea' id='block_1_72' title="bbox 2120 2577 3764 2651">
    <p class='ocr_par' dir='ltr' id='par_1_72' title="bbox 2120 2577 3764 2651">
     <span class='ocr_line' id='line_1_72' title="bbox 2120 2577 3764 2651; baseline -0.003 -14"><span class='ocrx_word' id='word_1_532' title='bbox 2120 2583 2433 2637; x_wconf 88' lang='lat' dir='ltr'><strong>minatione</strong></span> <span class='ocrx_word' id='word_1_533' title='bbox 2454 2582 2814 2650; x_wconf 84' lang='lat' dir='ltr'><strong>ejusmodiet</strong></span> <span class='ocrx_word' id='word_1_534' title='bbox 2844 2584 3069 2651; x_wconf 84' lang='lat' dir='ltr'><strong>gratia;</strong></span> <span class='ocrx_word' id='word_1_535' title='bbox 3101 2584 3158 2634; x_wconf 91' lang='lat' dir='ltr'><strong>et</strong></span> <span class='ocrx_word' id='word_1_536' title='bbox 3190 2580 3363 2650; x_wconf 72' lang='lat' dir='ltr'><strong>coepit</strong></span> <span class='ocrx_word' id='word_1_537' title='bbox 3392 2579 3625 2646; x_wconf 88' lang='lat' dir='ltr'><strong>quidem</strong></span> <span class='ocrx_word' id='word_1_538' title='bbox 3657 2577 3764 2635; x_wconf 78' lang='lat' dir='ltr'><strong>da-</strong></span> 
     </span>
    </p>
   </div>
   <div class='ocr_carea' id='block_1_73' title="bbox 2119 2670 3763 2739">
    <p class='ocr_par' dir='ltr' id='par_1_73' title="bbox 2119 2670 3763 2739">
     <span class='ocr_line' id='line_1_73' title="bbox 2119 2670 3763 2739; baseline -0.004 -12"><span class='ocrx_word' id='word_1_539' title='bbox 2119 2670 2619 2727; x_wconf 85' lang='lat' dir='ltr'><strong>mnareidolorum</strong></span> <span class='ocrx_word' id='word_1_540' title='bbox 2644 2670 3122 2736; x_wconf 82' lang='lat' dir='ltr'><strong>imbecillitatem,</strong></span> <span class='ocrx_word' id='word_1_541' title='bbox 3138 2683 3450 2739; x_wconf 77' lang='lat' dir='ltr'><strong>agnoscere</strong></span> <span class='ocrx_word' id='word_1_542' title='bbox 3464 2673 3659 2722; x_wconf 89' lang='lat' dir='ltr'><strong>autem</strong></span> <span class='ocrx_word' id='word_1_543' title='bbox 3677 2683 3763 2722; x_wconf 60' lang='lat' dir='ltr'><strong>veo</strong></span> 
     </span>
    </p>
   </div>
   <div class='ocr_carea' id='block_1_74' title="bbox 2118 2757 3764 2830">
    <p class='ocr_par' dir='ltr' id='par_1_74' title="bbox 2118 2757 3764 2830">
     <span class='ocr_line' id='line_1_74' title="bbox 2118 2757 3764 2830; baseline -0.005 -13"><span class='ocrx_word' id='word_1_544' title='bbox 2118 2778 2248 2817; x_wconf 92' lang='lat' dir='ltr'><strong>rum</strong></span> <span class='ocrx_word' id='word_1_545' title='bbox 2280 2772 2337 2815; x_wconf 92' lang='lat' dir='ltr'><strong>et</strong></span> <span class='ocrx_word' id='word_1_546' title='bbox 2366 2760 2556 2816; x_wconf 91' lang='lat' dir='ltr'><strong>solum</strong></span> <span class='ocrx_word' id='word_1_547' title='bbox 2592 2759 2792 2814; x_wconf 91' lang='lat' dir='ltr'><strong>Deum.</strong></span> <span class='ocrx_word' id='word_1_548' title='bbox 2823 2757 3061 2813; x_wconf 86' lang='lat' dir='ltr'><strong>Talibus</strong></span> <span class='ocrx_word' id='word_1_549' title='bbox 3087 2773 3221 2830; x_wconf 85' lang='lat' dir='ltr'><strong>ergo</strong></span> <span class='ocrx_word' id='word_1_550' title='bbox 3240 2757 3521 2811; x_wconf 84' lang='lat' dir='ltr'><strong>rationem</strong></span> <span class='ocrx_word' id='word_1_551' title='bbox 3554 2770 3764 2811; x_wconf 89' lang='lat' dir='ltr'><strong>ascen-</strong></span> 
     </span>
    </p>
   </div>
   <div class='ocr_carea' id='block_1_75' title="bbox 2118 2844 3766 2921">
    <p class='ocr_par' dir='ltr' id='par_1_75' title="bbox 2118 2844 3766 2921">
     <span class='ocr_line' id='line_1_75' title="bbox 2118 2844 3766 2921; baseline -0.005 -14"><span class='ocrx_word' id='word_1_552' title='bbox 2118 2850 2384 2907; x_wconf 89' lang='lat' dir='ltr'><strong>sionibus</strong></span> <span class='ocrx_word' id='word_1_553' title='bbox 2407 2849 2569 2921; x_wconf 91' lang='lat' dir='ltr'><strong>virgo</strong></span> <span class='ocrx_word' id='word_1_554' title='bbox 2588 2849 2851 2903; x_wconf 90' lang='lat' dir='ltr'><strong>animum</strong></span> <span class='ocrx_word' id='word_1_555' title='bbox 2885 2847 3047 2918; x_wconf 90' lang='lat' dir='ltr'><strong>prius</strong></span> <span class='ocrx_word' id='word_1_556' title='bbox 3067 2861 3415 2918; x_wconf 82' lang='lat' dir='ltr'><strong>expurgans,</strong></span> <span class='ocrx_word' id='word_1_557' title='bbox 3450 2844 3766 2914; x_wconf 88' lang='lat' dir='ltr'><strong>parabatur</strong></span> 
     </span>
    </p>
   </div>
   <div class='ocr_carea' id='block_1_76' title="bbox 2119 2933 3764 3007">
    <p class='ocr_par' dir='ltr' id='par_1_76' title="bbox 2119 2933 3764 3007">
     <span class='ocr_line' id='line_1_76' title="bbox 2119 2933 3764 3007; baseline -0.005 -13"><span class='ocrx_word' id='word_1_558' title='bbox 2119 2942 2187 2994; x_wconf 90' lang='lat' dir='ltr'><strong>ad</strong></span> <span class='ocrx_word' id='word_1_559' title='bbox 2230 2939 2611 3007; x_wconf 86' lang='lat' dir='ltr'><strong>dejectionem</strong></span> <span class='ocrx_word' id='word_1_560' title='bbox 2645 2936 2921 2992; x_wconf 85' lang='lat' dir='ltr'><strong>salutaris</strong></span> <span class='ocrx_word' id='word_1_561' title='bbox 2946 2935 3243 2991; x_wconf 85' lang='lat' dir='ltr'><strong>semenlis.</strong></span> <span class='ocrx_word' id='word_1_562' title='bbox 3278 2933 3515 2989; x_wconf 87' lang='lat' dir='ltr'><strong>Interim</strong></span> <span class='ocrx_word' id='word_1_563' title='bbox 3547 2938 3764 2997; x_wconf 89' lang='lat' dir='ltr'><strong>autem,</strong></span> 
     </span>
    </p>
   </div>
   <div class='ocr_carea' id='block_1_77' title="bbox 2119 3020 3768 3098">
    <p class='ocr_par' dir='ltr' id='par_1_77' title="bbox 2119 3020 3768 3098">
     <span class='ocr_line' id='line_1_77' title="bbox 2119 3020 3768 3098; baseline -0.004 -14"><span class='ocrx_word' id='word_1_564' title='bbox 2119 3031 2259 3084; x_wconf 90' lang='lat' dir='ltr'><strong>dum</strong></span> <span class='ocrx_word' id='word_1_565' title='bbox 2294 3028 2416 3084; x_wconf 60' lang='lat' dir='ltr'><strong>haec</strong></span> <span class='ocrx_word' id='word_1_566' title='bbox 2438 3028 2591 3098; x_wconf 91' lang='lat' dir='ltr'><strong>apud</strong></span> <span class='ocrx_word' id='word_1_567' title='bbox 2626 3043 2687 3082; x_wconf 90' lang='lat' dir='ltr'><strong>se</strong></span> <span class='ocrx_word' id='word_1_568' title='bbox 2718 3030 2999 3092; x_wconf 89' lang='lat' dir='ltr'><strong>versaret,</strong></span> <span class='ocrx_word' id='word_1_569' title='bbox 3030 3031 3087 3079; x_wconf 88' lang='lat' dir='ltr'><strong>et</strong></span> <span class='ocrx_word' id='word_1_570' title='bbox 3113 3024 3338 3080; x_wconf 88' lang='lat' dir='ltr'><strong>intenta</strong></span> <span class='ocrx_word' id='word_1_571' title='bbox 3369 3040 3402 3077; x_wconf 90' lang='lat' dir='ltr'><strong>a</strong></span> <span class='ocrx_word' id='word_1_572' title='bbox 3436 3023 3546 3078; x_wconf 89' lang='lat' dir='ltr'><strong>Deo</strong></span> <span class='ocrx_word' id='word_1_573' title='bbox 3580 3020 3768 3092; x_wconf 75' lang='lat' dir='ltr'><strong>perle-</strong></span> 
     </span>
    </p>
   </div>
   <div class='ocr_carea' id='block_1_78' title="bbox 2116 3109 3768 3190">
    <p class='ocr_par' dir='ltr' id='par_1_78' title="bbox 2116 3109 3768 3190">
     <span class='ocr_line' id='line_1_78' title="bbox 2116 3109 3768 3190; baseline -0.007 -15"><span class='ocrx_word' id='word_1_574' title='bbox 2116 3124 2269 3175; x_wconf 88' lang='lat' dir='ltr'><strong>ctam</strong></span> <span class='ocrx_word' id='word_1_575' title='bbox 2304 3122 2594 3190; x_wconf 66' lang='lat' dir='ltr'><strong>quaareret</strong></span> <span class='ocrx_word' id='word_1_576' title='bbox 2621 3115 3042 3189; x_wconf 90' lang='lat' dir='ltr'><strong>cognitienem,</strong></span> <span class='ocrx_word' id='word_1_577' title='bbox 3075 3115 3316 3187; x_wconf 87' lang='lat' dir='ltr'><strong>quidam</strong></span> <span class='ocrx_word' id='word_1_578' title='bbox 3349 3112 3616 3184; x_wconf 81' lang='lat' dir='ltr'><strong>Praylius</strong></span> <span class='ocrx_word' id='word_1_579' title='bbox 3645 3109 3768 3165; x_wconf 81' lang='lat' dir='ltr'><strong>dia-</strong></span> 
     </span>
    </p>
   </div>
   <div class='ocr_carea' id='block_1_79' title="bbox 2121 3199 3769 3275">
    <p class='ocr_par' dir='ltr' id='par_1_79' title="bbox 2121 3199 3769 3275">
     <span class='ocr_line' id='line_1_79' title="bbox 2121 3199 3769 3275; baseline -0.007 -10"><span class='ocrx_word' id='word_1_580' title='bbox 2121 3225 2303 3265; x_wconf 89' lang='lat' dir='ltr'><strong>conus</strong></span> <span class='ocrx_word' id='word_1_581' title='bbox 2332 3206 2745 3275; x_wconf 83' lang='lat' dir='ltr'><strong>Antiochenns,</strong></span> <span class='ocrx_word' id='word_1_582' title='bbox 2779 3205 3048 3261; x_wconf 90' lang='lat' dir='ltr'><strong>audiente</strong></span> <span class='ocrx_word' id='word_1_583' title='bbox 3066 3204 3307 3275; x_wconf 84' lang='lat' dir='ltr'><strong>virgine,</strong></span> <span class='ocrx_word' id='word_1_584' title='bbox 3331 3219 3465 3257; x_wconf 90' lang='lat' dir='ltr'><strong>cum</strong></span> <span class='ocrx_word' id='word_1_585' title='bbox 3490 3202 3570 3256; x_wconf 89' lang='lat' dir='ltr'><strong>ita</strong></span> <span class='ocrx_word' id='word_1_586' title='bbox 3590 3199 3769 3256; x_wconf 83' lang='lat' dir='ltr'><strong>conli-</strong></span> 
     </span>
    </p>
   </div>
   <div class='ocr_carea' id='block_1_80' title="bbox 2121 3290 3771 3371">
    <p class='ocr_par' dir='ltr' id='par_1_80' title="bbox 2121 3290 3771 3371">
     <span class='ocr_line' id='line_1_80' title="bbox 2121 3290 3771 3371; baseline -0.005 -20"><span class='ocrx_word' id='word_1_587' title='bbox 2121 3301 2301 3371; x_wconf 87' lang='lat' dir='ltr'><strong>gisset</strong></span> <span class='ocrx_word' id='word_1_588' title='bbox 2329 3300 2400 3353; x_wconf 92' lang='lat' dir='ltr'><strong>de</strong></span> <span class='ocrx_word' id='word_1_589' title='bbox 2448 3296 2762 3352; x_wconf 88' lang='lat' dir='ltr'><strong>Salvatoris</strong></span> <span class='ocrx_word' id='word_1_590' title='bbox 2795 3296 2976 3351; x_wconf 81' lang='lat' dir='ltr'><strong>nostri</strong></span> <span class='ocrx_word' id='word_1_591' title='bbox 3009 3302 3064 3349; x_wconf 92' lang='lat' dir='ltr'><strong>et</strong></span> <span class='ocrx_word' id='word_1_592' title='bbox 3096 3293 3193 3349; x_wconf 86' lang='lat' dir='ltr'><strong>Dei</strong></span> <span class='ocrx_word' id='word_1_593' title='bbox 3225 3290 3682 3363; x_wconf 86' lang='lat' dir='ltr'><strong>dispensatione,</strong></span> <span class='ocrx_word' id='word_1_594' title='bbox 3713 3292 3771 3344; x_wconf 88' lang='lat' dir='ltr'><strong>et</strong></span> 
     </span>
    </p>
   </div>
   <div class='ocr_carea' id='block_1_81' title="bbox 2123 3381 3771 3457">
    <p class='ocr_par' dir='ltr' id='par_1_81' title="bbox 2123 3381 3771 3457">
     <span class='ocr_line' id='line_1_81' title="bbox 2123 3381 3771 3457; baseline -0.007 -14"><span class='ocrx_word' id='word_1_595' title='bbox 2123 3387 2315 3443; x_wconf 86' lang='lat' dir='ltr'><strong>carnis</strong></span> <span class='ocrx_word' id='word_1_596' title='bbox 2346 3384 2717 3457; x_wconf 89' lang='lat' dir='ltr'><strong>susceptione</strong></span> <span class='ocrx_word' id='word_1_597' title='bbox 2748 3384 3002 3440; x_wconf 86' lang='lat' dir='ltr'><strong>narravit</strong></span> <span class='ocrx_word' id='word_1_598' title='bbox 3034 3400 3048 3438; x_wconf 91' lang='lat'>:</span> <span class='ocrx_word' id='word_1_599' title='bbox 3082 3381 3571 3453; x_wconf 84' lang='lat' dir='ltr'><strong>quemadmodum</strong></span> <span class='ocrx_word' id='word_1_600' title='bbox 3591 3394 3771 3433; x_wconf 66' lang='lat' dir='ltr'><strong>saecu-</strong></span> 
     </span>
    </p>
   </div>
   <div class='ocr_carea' id='block_1_82' title="bbox 2122 3468 3768 3547">
    <p class='ocr_par' dir='ltr' id='par_1_82' title="bbox 2122 3468 3768 3547">
     <span class='ocr_line' id='line_1_82' title="bbox 2122 3468 3768 3547; baseline -0.007 -15"><span class='ocrx_word' id='word_1_601' title='bbox 2122 3478 2310 3532; x_wconf 87' lang='lat' dir='ltr'><strong>lorum</strong></span> <span class='ocrx_word' id='word_1_602' title='bbox 2346 3476 2584 3547; x_wconf 89' lang='lat' dir='ltr'><strong>quidem</strong></span> <span class='ocrx_word' id='word_1_603' title='bbox 2616 3474 2808 3545; x_wconf 82' lang='lat' dir='ltr'><strong>opifex</strong></span> <span class='ocrx_word' id='word_1_604' title='bbox 2837 3475 2925 3528; x_wconf 91' lang='lat' dir='ltr'><strong>sui</strong></span> <span class='ocrx_word' id='word_1_605' title='bbox 2954 3471 3221 3543; x_wconf 80' lang='lat' dir='ltr'><strong>ﬁgmenti</strong></span> <span class='ocrx_word' id='word_1_606' title='bbox 3255 3474 3453 3526; x_wconf 90' lang='lat' dir='ltr'><strong>motus</strong></span> <span class='ocrx_word' id='word_1_607' title='bbox 3483 3473 3573 3525; x_wconf 88' lang='lat' dir='ltr'><strong>est</strong></span> <span class='ocrx_word' id='word_1_608' title='bbox 3599 3468 3768 3523; x_wconf 75' lang='lat' dir='ltr'><strong>mise-</strong></span> 
     </span>
    </p>
   </div>
   <div class='ocr_carea' id='block_1_83' title="bbox 2124 3558 3771 3636">
    <p class='ocr_par' dir='ltr' id='par_1_83' title="bbox 2124 3558 3771 3636">
     <span class='ocr_line' id='line_1_83' title="bbox 2124 3558 3771 3636; baseline -0.007 -14"><span class='ocrx_word' id='word_1_609' title='bbox 2124 3566 2374 3622; x_wconf 89' lang='lat' dir='ltr'><strong>ricordia</strong></span> <span class='ocrx_word' id='word_1_610' title='bbox 2395 3584 2411 3633; x_wconf 85' lang='lat'><strong>;</strong></span> <span class='ocrx_word' id='word_1_611' title='bbox 2436 3563 2935 3636; x_wconf 89' lang='lat' dir='ltr'><strong>quemadmodum</strong></span> <span class='ocrx_word' id='word_1_612' title='bbox 2955 3577 3087 3617; x_wconf 92' lang='lat' dir='ltr'><strong>vero</strong></span> <span class='ocrx_word' id='word_1_613' title='bbox 3109 3558 3362 3626; x_wconf 85' lang='lat' dir='ltr'><strong>Gabriel,</strong></span> <span class='ocrx_word' id='word_1_614' title='bbox 3389 3558 3657 3628; x_wconf 78' lang='lat' dir='ltr'><strong>princeps</strong></span> <span class='ocrx_word' id='word_1_615' title='bbox 3674 3573 3771 3612; x_wconf 89' lang='lat' dir='ltr'><strong>su-</strong></span> 
     </span>
    </p>
   </div>
   <div class='ocr_carea' id='block_1_84' title="bbox 2126 3647 3770 3726">
    <p class='ocr_par' dir='ltr' id='par_1_84' title="bbox 2126 3647 3770 3726">
     <span class='ocr_line' id='line_1_84' title="bbox 2126 3647 3770 3726; baseline -0.007 -15"><span class='ocrx_word' id='word_1_616' title='bbox 2126 3655 2410 3726; x_wconf 88' lang='lat' dir='ltr'><strong>periorum</strong></span> <span class='ocrx_word' id='word_1_617' title='bbox 2471 3652 2767 3716; x_wconf 85' lang='lat' dir='ltr'><strong>ordinum,</strong></span> <span class='ocrx_word' id='word_1_618' title='bbox 2817 3653 2889 3714; x_wconf 87' lang='lat' dir='ltr'><strong>ei,</strong></span> <span class='ocrx_word' id='word_1_619' title='bbox 2925 3667 3052 3721; x_wconf 68' lang='lat' dir='ltr'><strong>qua)</strong></span> <span class='ocrx_word' id='word_1_620' title='bbox 3105 3654 3332 3705; x_wconf 89' lang='lat' dir='ltr'><strong>servata</strong></span> <span class='ocrx_word' id='word_1_621' title='bbox 3372 3648 3553 3703; x_wconf 82' lang='lat' dir='ltr'><strong>fuerat</strong></span> <span class='ocrx_word' id='word_1_622' title='bbox 3593 3647 3770 3717; x_wconf 90' lang='lat' dir='ltr'><strong>Virgo</strong></span> 
     </span>
    </p>
   </div>
   <div class='ocr_carea' id='block_1_85' title="bbox 2126 3734 3773 3813">
    <p class='ocr_par' dir='ltr' id='par_1_85' title="bbox 2126 3734 3773 3813">
     <span class='ocr_line' id='line_1_85' title="bbox 2126 3734 3773 3813; baseline -0.009 -13"><span class='ocrx_word' id='word_1_623' title='bbox 2126 3750 2259 3800; x_wconf 89' lang='lat' dir='ltr'><strong>ante</strong></span> <span class='ocrx_word' id='word_1_624' title='bbox 2291 3742 2714 3813; x_wconf 87' lang='lat' dir='ltr'><strong>generationes,</strong></span> <span class='ocrx_word' id='word_1_625' title='bbox 2750 3741 2855 3793; x_wconf 84' lang='lat' dir='ltr'><strong>fuit</strong></span> <span class='ocrx_word' id='word_1_626' title='bbox 2887 3741 3111 3794; x_wconf 78' lang='lat' dir='ltr'><strong>faustus</strong></span> <span class='ocrx_word' id='word_1_627' title='bbox 3141 3737 3383 3792; x_wconf 86' lang='lat' dir='ltr'><strong>nuntius</strong></span> <span class='ocrx_word' id='word_1_628' title='bbox 3416 3734 3695 3803; x_wconf 80' lang='lat' dir='ltr'><strong>mysterii,</strong></span> <span class='ocrx_word' id='word_1_629' title='bbox 3717 3740 3773 3788; x_wconf 88' lang='lat' dir='ltr'><strong>et</strong></span> 
     </span>
    </p>
   </div>
   <div class='ocr_carea' id='block_1_86' title="bbox 2127 3822 3770 3905">
    <p class='ocr_par' dir='ltr' id='par_1_86' title="bbox 2127 3822 3770 3905">
     <span class='ocr_line' id='line_1_86' title="bbox 2127 3822 3770 3905; baseline -0.009 -17"><span class='ocrx_word' id='word_1_630' title='bbox 2127 3834 2279 3905; x_wconf 92' lang='lat' dir='ltr'><strong>quod</strong></span> <span class='ocrx_word' id='word_1_631' title='bbox 2335 3831 2598 3900; x_wconf 90' lang='lat' dir='ltr'><strong>concepit</strong></span> <span class='ocrx_word' id='word_1_632' title='bbox 2628 3832 2686 3884; x_wconf 91' lang='lat' dir='ltr'><strong>in</strong></span> <span class='ocrx_word' id='word_1_633' title='bbox 2722 3834 2911 3892; x_wconf 89' lang='lat' dir='ltr'><strong>utero;</strong></span> <span class='ocrx_word' id='word_1_634' title='bbox 2968 3832 3025 3881; x_wconf 89' lang='lat' dir='ltr'><strong>et</strong></span> <span class='ocrx_word' id='word_1_635' title='bbox 3054 3842 3187 3881; x_wconf 88' lang='lat' dir='ltr'><strong>cum</strong></span> <span class='ocrx_word' id='word_1_636' title='bbox 3239 3830 3472 3879; x_wconf 89' lang='lat' dir='ltr'><strong>uterum</strong></span> <span class='ocrx_word' id='word_1_637' title='bbox 3523 3822 3770 3887; x_wconf 87' lang='lat' dir='ltr'><strong>tulisset,</strong></span> 
     </span>
    </p>
   </div>
   <div class='ocr_carea' id='block_1_87' title="bbox 2128 3912 3777 3994">
    <p class='ocr_par' dir='ltr' id='par_1_87' title="bbox 2128 3912 3777 3994">
     <span class='ocr_line' id='line_1_87' title="bbox 2128 3912 3777 3994; baseline -0.009 -16"><span class='ocrx_word' id='word_1_638' title='bbox 2128 3921 2377 3994; x_wconf 87' lang='lat' dir='ltr'><strong>peperit;</strong></span> <span class='ocrx_word' id='word_1_639' title='bbox 2412 3931 2465 3975; x_wconf 89' lang='lat' dir='ltr'><strong>et</strong></span> <span class='ocrx_word' id='word_1_640' title='bbox 2496 3922 2647 3991; x_wconf 90' lang='lat' dir='ltr'><strong>quod</strong></span> <span class='ocrx_word' id='word_1_641' title='bbox 2681 3923 2874 3973; x_wconf 89' lang='lat' dir='ltr'><strong>ortum</strong></span> <span class='ocrx_word' id='word_1_642' title='bbox 2910 3915 3155 3971; x_wconf 80' lang='lat' dir='ltr'><strong>Infantis</strong></span> <span class='ocrx_word' id='word_1_643' title='bbox 3177 3912 3347 3969; x_wconf 87' lang='lat' dir='ltr'><strong>stella</strong></span> <span class='ocrx_word' id='word_1_644' title='bbox 3376 3912 3622 3966; x_wconf 88' lang='lat' dir='ltr'><strong>aliarum</strong></span> <span class='ocrx_word' id='word_1_645' title='bbox 3653 3926 3777 3964; x_wconf 89' lang='lat' dir='ltr'><strong>om-</strong></span> 
     </span>
    </p>
   </div>
   <div class='ocr_carea' id='block_1_88' title="bbox 2127 4001 3775 4076">
    <p class='ocr_par' dir='ltr' id='par_1_88' title="bbox 2127 4001 3775 4076">
     <span class='ocr_line' id='line_1_88' title="bbox 2127 4001 3775 4076; baseline -0.008 -9"><span class='ocrx_word' id='word_1_646' title='bbox 2127 4014 2288 4068; x_wconf 90' lang='lat' dir='ltr'><strong>nium</strong></span> <span class='ocrx_word' id='word_1_647' title='bbox 2321 4010 2643 4065; x_wconf 86' lang='lat' dir='ltr'><strong>clarissima</strong></span> <span class='ocrx_word' id='word_1_648' title='bbox 2675 4008 2858 4076; x_wconf 80' lang='lat' dir='ltr'><strong>Magis</strong></span> <span class='ocrx_word' id='word_1_649' title='bbox 2889 4004 3258 4076; x_wconf 81' lang='lat' dir='ltr'><strong>signiﬁcavit.</strong></span> <span class='ocrx_word' id='word_1_650' title='bbox 3276 4007 3413 4058; x_wconf 88' lang='lat' dir='ltr'><strong>Post</strong></span> <span class='ocrx_word' id='word_1_651' title='bbox 3437 4001 3555 4054; x_wconf 57' lang='lat' dir='ltr'><strong>ba‘c</strong></span> <span class='ocrx_word' id='word_1_652' title='bbox 3580 4014 3775 4071; x_wconf 84' lang='lat' dir='ltr'><strong>perse-</strong></span> 
     </span>
    </p>
   </div>
   <div class='ocr_carea' id='block_1_89' title="bbox 2126 4091 3773 4168">
    <p class='ocr_par' dir='ltr' id='par_1_89' title="bbox 2126 4091 3773 4168">
     <span class='ocr_line' id='line_1_89' title="bbox 2126 4091 3773 4168; baseline -0.01 -11"><span class='ocrx_word' id='word_1_653' title='bbox 2126 4108 2301 4157; x_wconf 91' lang='lat' dir='ltr'><strong>cutus</strong></span> <span class='ocrx_word' id='word_1_654' title='bbox 2348 4104 2439 4154; x_wconf 89' lang='lat' dir='ltr'><strong>est</strong></span> <span class='ocrx_word' id='word_1_655' title='bbox 2480 4098 2606 4168; x_wconf 88' lang='lat' dir='ltr'><strong>ejus</strong></span> <span class='ocrx_word' id='word_1_656' title='bbox 2638 4097 3004 4151; x_wconf 79' lang='lat' dir='ltr'><strong>manifestam</strong></span> <span class='ocrx_word' id='word_1_657' title='bbox 3047 4096 3106 4149; x_wconf 90' lang='lat' dir='ltr'><strong>in</strong></span> <span class='ocrx_word' id='word_1_658' title='bbox 3158 4091 3390 4165; x_wconf 89' lang='lat' dir='ltr'><strong>proprio</strong></span> <span class='ocrx_word' id='word_1_659' title='bbox 3424 4093 3640 4144; x_wconf 85' lang='lat' dir='ltr'><strong>mundo</strong></span> <span class='ocrx_word' id='word_1_660' title='bbox 3669 4105 3773 4159; x_wconf 87' lang='lat' dir='ltr'><strong>ap-</strong></span> 
     </span>
    </p>
   </div>
   <div class='ocr_carea' id='block_1_90' title="bbox 2127 4178 3775 4264">
    <p class='ocr_par' dir='ltr' id='par_1_90' title="bbox 2127 4178 3775 4264">
     <span class='ocr_line' id='line_1_90' title="bbox 2127 4178 3775 4264; baseline -0.011 -16"><span class='ocrx_word' id='word_1_661' title='bbox 2127 4190 2494 4264; x_wconf 82' lang='lat' dir='ltr'><strong>paritionem,</strong></span> <span class='ocrx_word' id='word_1_662' title='bbox 2564 4186 2623 4243; x_wconf 91' lang='lat' dir='ltr'><strong>in</strong></span> <span class='ocrx_word' id='word_1_663' title='bbox 2698 4202 2765 4242; x_wconf 87' lang='lat' dir='ltr'><strong>eo</strong></span> <span class='ocrx_word' id='word_1_664' title='bbox 2847 4184 3372 4246; x_wconf 84' lang='lat' dir='ltr'><strong>conversationem,</strong></span> <span class='ocrx_word' id='word_1_665' title='bbox 3458 4178 3775 4235; x_wconf 87' lang='lat' dir='ltr'><strong>salutarem</strong></span> 
     </span>
    </p>
   </div>
   <div class='ocr_carea' id='block_1_91' title="bbox 2127 4268 3775 4345">
    <p class='ocr_par' dir='ltr' id='par_1_91' title="bbox 2127 4268 3775 4345">
     <span class='ocr_line' id='line_1_91' title="bbox 2127 4268 3775 4345; baseline -0.008 -11"><span class='ocrx_word' id='word_1_666' title='bbox 2127 4282 2474 4345; x_wconf 77' lang='lat' dir='ltr'><strong>doctrinam,</strong></span> <span class='ocrx_word' id='word_1_667' title='bbox 2514 4275 2811 4343; x_wconf 91' lang='lat' dir='ltr'><strong>miracula,</strong></span> <span class='ocrx_word' id='word_1_668' title='bbox 2836 4278 3071 4345; x_wconf 86' lang='lat' dir='ltr'><strong>propter</strong></span> <span class='ocrx_word' id='word_1_669' title='bbox 3101 4272 3222 4327; x_wconf 73' lang='lat' dir='ltr'><strong>haec</strong></span> <span class='ocrx_word' id='word_1_670' title='bbox 3247 4275 3436 4326; x_wconf 89' lang='lat' dir='ltr'><strong>ortam</strong></span> <span class='ocrx_word' id='word_1_671' title='bbox 3470 4268 3775 4333; x_wconf 83' lang='lat' dir='ltr'><strong>invidiam,</strong></span> 
     </span>
    </p>
   </div>
   <div class='ocr_carea' id='block_1_92' title="bbox 2129 4359 3779 4441">
    <p class='ocr_par' dir='ltr' id='par_1_92' title="bbox 2129 4359 3779 4441">
     <span class='ocr_line' id='line_1_92' title="bbox 2129 4359 3779 4441; baseline -0.008 -16"><span class='ocrx_word' id='word_1_672' title='bbox 2129 4386 2381 4437; x_wconf 89' lang='lat' dir='ltr'><strong>crucem,</strong></span> <span class='ocrx_word' id='word_1_673' title='bbox 2414 4369 2798 4441; x_wconf 85' lang='lat' dir='ltr'><strong>sepulturam.</strong></span> <span class='ocrx_word' id='word_1_674' title='bbox 2855 4370 2912 4421; x_wconf 90' lang='lat' dir='ltr'><strong>et</strong></span> <span class='ocrx_word' id='word_1_675' title='bbox 2950 4368 3246 4436; x_wconf 89' lang='lat' dir='ltr'><strong>postremo</strong></span> <span class='ocrx_word' id='word_1_676' title='bbox 3297 4360 3551 4417; x_wconf 79' lang='lat' dir='ltr'><strong>divinam</strong></span> <span class='ocrx_word' id='word_1_677' title='bbox 3588 4359 3779 4429; x_wconf 90' lang='lat' dir='ltr'><strong>ipsam</strong></span> 
     </span>
    </p>
   </div>
   <div class='ocr_carea' id='block_1_93' title="bbox 2130 4448 3780 4523">
    <p class='ocr_par' dir='ltr' id='par_1_93' title="bbox 2130 4448 3780 4523">
     <span class='ocr_line' id='line_1_93' title="bbox 2130 4448 3780 4523; baseline -0.008 -10"><span class='ocrx_word' id='word_1_678' title='bbox 2130 4457 2637 4513; x_wconf 89' lang='lat' dir='ltr'><strong>resurrectionem.</strong></span> <span class='ocrx_word' id='word_1_679' title='bbox 2687 4456 2758 4511; x_wconf 89' lang='lat' dir='ltr'><strong>Et</strong></span> <span class='ocrx_word' id='word_1_680' title='bbox 2814 4452 2935 4508; x_wconf 68' lang='lat' dir='ltr'><strong>hac</strong></span> <span class='ocrx_word' id='word_1_681' title='bbox 3004 4450 3243 4523; x_wconf 86' lang='lat' dir='ltr'><strong>quidem</strong></span> <span class='ocrx_word' id='word_1_682' title='bbox 3302 4448 3780 4521; x_wconf 81' lang='lat' dir='ltr'><strong>Praylius.Justa</strong></span> 
     </span>
    </p>
   </div>
   <div class='ocr_carea' id='block_1_94' title="bbox 2132 4536 3779 4616">
    <p class='ocr_par' dir='ltr' id='par_1_94' title="bbox 2132 4536 3779 4616">
     <span class='ocr_line' id='line_1_94' title="bbox 2132 4536 3779 4616; baseline -0.007 -16"><span class='ocrx_word' id='word_1_683' title='bbox 2132 4557 2327 4601; x_wconf 87' lang='lat' dir='ltr'><strong>autem</strong></span> <span class='ocrx_word' id='word_1_684' title='bbox 2377 4547 2479 4616; x_wconf 78' lang='lat' dir='ltr'><strong>(ita</strong></span> <span class='ocrx_word' id='word_1_685' title='bbox 2534 4544 2691 4600; x_wconf 89' lang='lat' dir='ltr'><strong>enim</strong></span> <span class='ocrx_word' id='word_1_686' title='bbox 2744 4542 2908 4614; x_wconf 89' lang='lat' dir='ltr'><strong>prius</strong></span> <span class='ocrx_word' id='word_1_687' title='bbox 2957 4538 3386 4613; x_wconf 87' lang='lat' dir='ltr'><strong>appellabatur)</strong></span> <span class='ocrx_word' id='word_1_688' title='bbox 3416 4539 3522 4592; x_wconf 86' lang='lat' dir='ltr'><strong>has</strong></span> <span class='ocrx_word' id='word_1_689' title='bbox 3570 4536 3779 4592; x_wconf 68' lang='lat' dir='ltr'><strong>animm</strong></span> 
     </span>
    </p>
   </div>
   <div class='ocr_carea' id='block_1_95' title="bbox 373 4614 2013 4705">
    <p class='ocr_par' dir='ltr' id='par_1_95' title="bbox 373 4614 2013 4705">
     <span class='ocr_line' id='line_1_95' title="bbox 373 4614 2013 4705; baseline 0.001 -23"><span class='ocrx_word' id='word_1_690' title='bbox 373 4648 550 4700; x_wconf 89' lang='grc' dir='ltr'>σματα</span> <span class='ocrx_word' id='word_1_691' title='bbox 578 4632 767 4695; x_wconf 88' lang='grc' dir='ltr'>ταῦτα,</span> <span class='ocrx_word' id='word_1_692' title='bbox 824 4628 898 4690; x_wconf 84' lang='grc' dir='ltr'><strong>ὡς</strong></span> <span class='ocrx_word' id='word_1_693' title='bbox 946 4629 1117 4703; x_wconf 81' lang='grc' dir='ltr'>ἀγαθή</span> <span class='ocrx_word' id='word_1_694' title='bbox 1148 4635 1215 4705; x_wconf 86' lang='grc' dir='ltr'><strong>γῆ</strong></span> <span class='ocrx_word' id='word_1_695' title='bbox 1260 4629 1305 4665; x_wconf 75' lang='grc'><strong>³⁸</strong></span> <span class='ocrx_word' id='word_1_696' title='bbox 1350 4614 2013 4704; x_wconf 35' lang='grc' dir='ltr'>σπέρματαίπαρεδίδουι</span> 
     </span>
    </p>
   </div>
   <div class='ocr_carea' id='block_1_96' title="bbox 2122 4614 3779 4705">
    <p class='ocr_par' dir='ltr' id='par_1_96' title="bbox 2142 4614 3779 4699">
     <span class='ocr_line' id='line_1_96' title="bbox 2142 4614 3779 4699; baseline -0.008 -11"><span class='ocrx_word' id='word_1_697' title='bbox 2142 4650 2260 4688; x_wconf 66' lang='lat' dir='ltr'><strong>sua:</strong></span> <span class='ocrx_word' id='word_1_698' title='bbox 2297 4614 2609 4687; x_wconf 85' lang='lat' dir='ltr'><strong>mandabat</strong></span> <span class='ocrx_word' id='word_1_699' title='bbox 2649 4629 2978 4686; x_wconf 87' lang='lat' dir='ltr'><strong>auditiones</strong></span> <span class='ocrx_word' id='word_1_700' title='bbox 3003 4633 3283 4699; x_wconf 89' lang='lat' dir='ltr'><strong>tanquam</strong></span> <span class='ocrx_word' id='word_1_701' title='bbox 3314 4625 3478 4679; x_wconf 72' lang='lat' dir='ltr'><strong>bona:</strong></span> <span class='ocrx_word' id='word_1_702' title='bbox 3505 4628 3665 4678; x_wconf 63' lang='lat' dir='ltr'><strong>terra</strong></span> <span class='ocrx_word' id='word_1_703' title='bbox 3687 4637 3779 4675; x_wconf 87' lang='lat' dir='ltr'><strong>se-</strong></span> 
     </span>
    </p>
   </div>
   <div class='ocr_carea' id='block_1_97' title="bbox 373 4711 2025 4794">
    <p class='ocr_par' dir='ltr' id='par_1_97' title="bbox 373 4711 2025 4794">
     <span class='ocr_line' id='line_1_97' title="bbox 373 4711 2025 4794; baseline 0.004 -23"><span class='ocrx_word' id='word_1_704' title='bbox 373 4717 461 4771; x_wconf 85' lang='grc' dir='ltr'><strong>καὶ</strong></span> <span class='ocrx_word' id='word_1_705' title='bbox 499 4717 676 4779; x_wconf 77' lang='grc' dir='ltr'>οὓτως</span> <span class='ocrx_word' id='word_1_706' title='bbox 732 4711 1110 4791; x_wconf 65' lang='grc' dir='ltr'>ἀκριϐέστερον</span> <span class='ocrx_word' id='word_1_707' title='bbox 1168 4717 1292 4773; x_wconf 77' lang='grc' dir='ltr'>ὅσαι</span> <span class='ocrx_word' id='word_1_708' title='bbox 1348 4719 1485 4793; x_wconf 84' lang='grc' dir='ltr'>ὧραι</span> <span class='ocrx_word' id='word_1_709' title='bbox 1544 4724 1680 4794; x_wconf 85' lang='grc' dir='ltr'>πρὸς</span> <span class='ocrx_word' id='word_1_710' title='bbox 1735 4722 1832 4790; x_wconf 79' lang='grc' dir='ltr'><strong>τήν</strong></span> <span class='ocrx_word' id='word_1_711' title='bbox 1881 4721 2025 4792; x_wconf 79' lang='grc' dir='ltr'>ἀλή-</span> 
     </span>
    </p>
   </div>
   <div class='ocr_carea' id='block_1_98' title="bbox 377 4800 2029 4879">
    <p class='ocr_par' dir='ltr' id='par_1_98' title="bbox 377 4800 2029 4879">
     <span class='ocr_line' id='line_1_98' title="bbox 377 4800 2029 4879; baseline 0.001 -19"><span class='ocrx_word' id='word_1_712' title='bbox 377 4816 523 4869; x_wconf 86' lang='grc' dir='ltr'>θειαε</span> <span class='ocrx_word' id='word_1_713' title='bbox 577 4800 957 4878; x_wconf 67' lang='grc' dir='ltr'>ἐμϐαθύνουσα</span> <span class='ocrx_word' id='word_1_714' title='bbox 1012 4805 1079 4874; x_wconf 75' lang='grc'><strong>⁸⁷,</strong></span> <span class='ocrx_word' id='word_1_715' title='bbox 1136 4809 1244 4860; x_wconf 89' lang='grc' dir='ltr'><strong>τῶν</strong></span> <span class='ocrx_word' id='word_1_716' title='bbox 1303 4808 1399 4879; x_wconf 76' lang='grc' dir='ltr'>μὲν</span> <span class='ocrx_word' id='word_1_717' title='bbox 1471 4807 1716 4864; x_wconf 76' lang='grc' dir='ltr'>εἰδώλων</span> <span class='ocrx_word' id='word_1_718' title='bbox 1780 4808 1925 4866; x_wconf 78' lang='grc' dir='ltr'>πολὺ</span> <span class='ocrx_word' id='word_1_719' title='bbox 1983 4812 2029 4861; x_wconf 69' lang='grc' dir='ltr'>τε</span> 
     </span>
    </p>
   </div>
   <div class='ocr_carea' id='block_1_99' title="bbox 375 4891 2031 4973">
    <p class='ocr_par' dir='ltr' id='par_1_99' title="bbox 375 4891 2031 4973">
     <span class='ocr_line' id='line_1_99' title="bbox 375 4891 2031 4973; baseline 0.003 -25"><span class='ocrx_word' id='word_1_720' title='bbox 375 4895 605 4969; x_wconf 69' lang='grc' dir='ltr'>κατέχεε</span> <span class='ocrx_word' id='word_1_721' title='bbox 656 4894 893 4971; x_wconf 73' lang='grc' dir='ltr'>γέλωτα,</span> <span class='ocrx_word' id='word_1_722' title='bbox 957 4894 1023 4949; x_wconf 80' lang='grc' dir='ltr'>τὰ</span> <span class='ocrx_word' id='word_1_723' title='bbox 1091 4891 1147 4949; x_wconf 74' lang='grc' dir='ltr'>δὲ</span> <span class='ocrx_word' id='word_1_724' title='bbox 1201 4902 1299 4964; x_wconf 82' lang='grc' dir='ltr'>τῆς</span> <span class='ocrx_word' id='word_1_725' title='bbox 1370 4896 1554 4973; x_wconf 83' lang='grc' dir='ltr'>ὑγιοῦς</span> <span class='ocrx_word' id='word_1_726' title='bbox 1614 4898 1845 4960; x_wconf 80' lang='grc' dir='ltr'>πίστεως</span> <span class='ocrx_word' id='word_1_727' title='bbox 1910 4905 2031 4961; x_wconf 87' lang='grc' dir='ltr'>ταῖς</span> 
     </span>
    </p>
   </div>
   <div class='ocr_carea' id='block_1_100' title="bbox 377 4981 2030 5064">
    <p class='ocr_par' dir='ltr' id='par_1_100' title="bbox 377 4981 2030 5064">
     <span class='ocr_line' id='line_1_100' title="bbox 377 4981 2030 5064; baseline 0.002 -24"><span class='ocrx_word' id='word_1_728' title='bbox 377 4982 575 5054; x_wconf 80' lang='grc' dir='ltr'>πλαξὶν</span> <span class='ocrx_word' id='word_1_729' title='bbox 617 4984 873 5064; x_wconf 69' lang='grc' dir='ltr'>ἐνέγραφε</span> <span class='ocrx_word' id='word_1_730' title='bbox 915 4991 1015 5053; x_wconf 79' lang='grc' dir='ltr'>τῆς</span> <span class='ocrx_word' id='word_1_731' title='bbox 1058 4981 1303 5056; x_wconf 88' lang='grc' dir='ltr'>καρδίας·</span> <span class='ocrx_word' id='word_1_732' title='bbox 1351 4988 1467 5041; x_wconf 80' lang='grc' dir='ltr'>ὅθεν</span> <span class='ocrx_word' id='word_1_733' title='bbox 1519 4988 1758 5058; x_wconf 80' lang='grc' dir='ltr'>ήθέλησε</span> <span class='ocrx_word' id='word_1_734' title='bbox 1809 4988 1904 5061; x_wconf 71' lang='grc' dir='ltr'>μὲν</span> <span class='ocrx_word' id='word_1_735' title='bbox 1954 4989 2030 5050; x_wconf 86' lang='grc' dir='ltr'><strong>εἰς</strong></span> 
     </span>
    </p>
   </div>
   <div class='ocr_carea' id='block_1_101' title="bbox 447 5292 1401 5381">
    <p class='ocr_par' dir='ltr' id='par_1_101' title="bbox 447 5292 1401 5381">
     <span class='ocr_line' id='line_1_101' title="bbox 447 5292 1401 5381; baseline 0.001 -33"><span class='ocrx_word' id='word_1_736' title='bbox 447 5293 470 5328; x_wconf 79' lang='grc'>²</span> <span class='ocrx_word' id='word_1_737' title='bbox 520 5292 742 5381; x_wconf 48' lang='lat' dir='ltr'><strong>de‘sun‘t’</strong></span> <span class='ocrx_word' id='word_1_738' title='bbox 798 5300 1046 5381; x_wconf 62' lang='lat' dir='ltr'><strong>quatuor</strong></span> <span class='ocrx_word' id='word_1_739' title='bbox 1098 5293 1401 5381; x_wconf 56' lang='lat' dir='ltr'><strong>voces,”E.</strong></span> 
     </span>
    </p>
   </div>
   <div class='ocr_carea' id='block_1_102' title="bbox 378 5362 1432 5545">
    <p class='ocr_par' dir='ltr' id='par_1_102' title="bbox 378 5362 1432 5545">
     <span class='ocr_line' id='line_1_102' title="bbox 384 5362 1423 5438; baseline 0 -21"><span class='ocrx_word' id='word_1_740' title='bbox 384 5362 636 5436; x_wconf 75' lang='grc' dir='ltr'>μαθητὰς</span> <span class='ocrx_word' id='word_1_741' title='bbox 700 5362 1080 5428; x_wconf 84' lang='grc' dir='ltr'>Χριστιανούς.</span> <span class='ocrx_word' id='word_1_742' title='bbox 1194 5363 1423 5438; x_wconf 78' lang='grc' dir='ltr'>Ηράξεις</span> 
     </span>
     <span class='ocr_line' id='line_1_103' title="bbox 378 5434 1432 5545; baseline 0.001 0"><span class='ocrx_word' id='word_1_743' title='bbox 378 5434 796 5545; x_wconf 57' lang='grc' dir='ltr'><strong>ξὲἳὲῗῗηξῖζῖί</strong></span> <span class='ocrx_word' id='word_1_744' title='bbox 836 5435 1432 5545; x_wconf 54' lang='grc' dir='ltr'><strong>ιῗξθίριδίῖθῗηέἓὲὶῖῗὶ</strong></span> 
     </span>
    </p>
   </div>
   <div class='ocr_carea' id='block_1_103' title="bbox 380 5506 1181 5653">
    <p class='ocr_par' dir='ltr' id='par_1_103' title="bbox 380 5506 1181 5653">
     <span class='ocr_line' id='line_1_104' title="bbox 380 5506 1181 5571; baseline 0.002 -10"><span class='ocrx_word' id='word_1_745' title='bbox 380 5508 426 5545; x_wconf 78' lang='grc'><strong>⁸⁸</strong></span> <span class='ocrx_word' id='word_1_746' title='bbox 456 5506 803 5571; x_wconf 86' lang='grc' dir='ltr'>εύθυνοῦσαν,</span> <span class='ocrx_word' id='word_1_747' title='bbox 836 5506 903 5562; x_wconf 84' lang='grc' dir='ltr'>Ε.</span> <span class='ocrx_word' id='word_1_748' title='bbox 936 5506 996 5562; x_wconf 77' lang='lat' dir='ltr'><strong>F.</strong></span> <span class='ocrx_word' id='word_1_749' title='bbox 1095 5506 1135 5541; x_wconf 78' lang='lat'>“</span> <span class='ocrx_word' id='word_1_750' title='bbox 1172 5506 1181 5525; x_wconf 77' lang='grc'><strong><em>⁸</em></strong></span> 
     </span>
     <span class='ocr_line' id='line_1_105' title="bbox 380 5576 1181 5653; baseline 0.001 -21"><span class='ocrx_word' id='word_1_751' title='bbox 380 5596 562 5653; x_wconf 87' lang='grc' dir='ltr'>χειαν,</span> <span class='ocrx_word' id='word_1_752' title='bbox 746 5576 809 5653; x_wconf 10' lang='grc' dir='ltr'><strong>ίξ³</strong></span> <span class='ocrx_word' id='word_1_753' title='bbox 839 5578 973 5653; x_wconf 47' lang='lat' dir='ltr'><strong>add:</strong></span> <span class='ocrx_word' id='word_1_754' title='bbox 1006 5577 1181 5653; x_wconf 32' lang='grc' dir='ltr'>ἦνκβ.</span> 
     </span>
    </p>
   </div>
   <div class='ocr_carea' id='block_1_104' title="bbox 379 5644 1301 5719">
    <p class='ocr_par' dir='ltr' id='par_1_104' title="bbox 379 5644 1301 5719">
     <span class='ocr_line' id='line_1_106' title="bbox 379 5644 1301 5719; baseline -0.003 -12"><span class='ocrx_word' id='word_1_755' title='bbox 379 5644 685 5719; x_wconf 55' lang='lat' dir='ltr'><strong>Sationis.</strong></span> <span class='ocrx_word' id='word_1_756' title='bbox 739 5648 786 5686; x_wconf 78' lang='grc'><strong>¹⁹</strong></span> <span class='ocrx_word' id='word_1_757' title='bbox 813 5650 895 5719; x_wconf 72' lang='grc' dir='ltr'>τὶ,</span> <span class='ocrx_word' id='word_1_758' title='bbox 920 5648 1002 5719; x_wconf 91' lang='grc' dir='ltr'><strong>Β.</strong></span> <span class='ocrx_word' id='word_1_759' title='bbox 1032 5644 1035 5645; x_wconf 7' lang='grc' dir='ltr'><strong>Β</strong></span> <span class='ocrx_word' id='word_1_760' title='bbox 1078 5644 1144 5685; x_wconf 20' lang='grc' dir='ltr'><strong>ί²⁰</strong></span> <span class='ocrx_word' id='word_1_761' title='bbox 1172 5644 1301 5719; x_wconf 77' lang='grc' dir='ltr'>ἄγγε</span> 
     </span>
    </p>
   </div>
   <div class='ocr_carea' id='block_1_105' title="bbox 379 5669 1300 5797">
    <p class='ocr_par' dir='ltr' id='par_1_105' title="bbox 379 5669 1300 5797">
     <span class='ocr_line' id='line_1_107' title="bbox 379 5669 1300 5719; baseline -0.003 -12"><span class='ocrx_word' id='word_1_762' title='bbox 379 5669 659 5707; x_wconf 77' lang='lat' dir='ltr'><strong>nationis.</strong></span> <span class='ocrx_word' id='word_1_763' title='bbox 740 5669 784 5686; x_wconf 83' lang='lat'><strong>&quot;</strong></span> <span class='ocrx_word' id='word_1_764' title='bbox 813 5669 895 5719; x_wconf 88' lang='grc' dir='ltr'><strong>τε,</strong></span> <span class='ocrx_word' id='word_1_765' title='bbox 941 5669 1002 5704; x_wconf 80' lang='lat' dir='ltr'><strong>n.</strong></span> <span class='ocrx_word' id='word_1_766' title='bbox 1099 5669 1206 5703; x_wconf 72' lang='lat' dir='ltr'><strong>&quot;at</strong></span> <span class='ocrx_word' id='word_1_767' title='bbox 1280 5669 1300 5704; x_wconf 91' lang='grc' dir='ltr'><strong>ε</strong></span> 
     </span>
     <span class='ocr_line' id='line_1_108' title="bbox 379 5669 1300 5797; baseline 0.003 -23"><span class='ocrx_word' id='word_1_768' title='bbox 379 5721 427 5756; x_wconf 75' lang='grc'><strong>’⁸</strong></span> <span class='ocrx_word' id='word_1_769' title='bbox 469 5717 540 5774; x_wconf 83' lang='grc' dir='ltr'>δι’</span> <span class='ocrx_word' id='word_1_770' title='bbox 574 5718 754 5776; x_wconf 74' lang='grc' dir='ltr'>αὐτὸν.</span> <span class='ocrx_word' id='word_1_771' title='bbox 832 5720 877 5758; x_wconf 70' lang='grc'><strong>’⁸</strong></span> <span class='ocrx_word' id='word_1_772' title='bbox 903 5718 1082 5797; x_wconf 79' lang='grc' dir='ltr'>ἀγαθῇ</span> 
     </span>
    </p>
   </div>
   <div class='ocr_carea' id='block_1_106' title="bbox 1290 5577 1615 5644">
    <p class='ocr_par' dir='ltr' id='par_1_106' title="bbox 1290 5577 1615 5644">
     <span class='ocr_line' id='line_1_109' title="bbox 1290 5577 1615 5644; baseline 0.009 -13"><span class='ocrx_word' id='word_1_773' title='bbox 1290 5579 1335 5616; x_wconf 77' lang='grc'><strong>¹⁴</strong></span> <span class='ocrx_word' id='word_1_774' title='bbox 1366 5577 1518 5644; x_wconf 79' lang='grc' dir='ltr'>οὖσα,</span> <span class='ocrx_word' id='word_1_775' title='bbox 1556 5583 1615 5634; x_wconf 85' lang='grc' dir='ltr'><strong>Β.</strong></span> 
     </span>
    </p>
   </div>
   <div class='ocr_carea' id='block_1_107' title="bbox 1307 5647 1526 5719">
    <p class='ocr_par' dir='ltr' id='par_1_107' title="bbox 1307 5647 1526 5719">
     <span class='ocr_line' id='line_1_110' title="bbox 1307 5647 1526 5719; baseline 0 -14"><span class='ocrx_word' id='word_1_776' title='bbox 1307 5647 1431 5719; x_wconf 88' lang='grc' dir='ltr'>λος,</span> <span class='ocrx_word' id='word_1_777' title='bbox 1464 5652 1526 5719; x_wconf 87' lang='grc' dir='ltr'><strong>Β.</strong></span> 
     </span>
    </p>
   </div>
   <div class='ocr_carea' id='block_1_108' title="bbox 2140 4714 3778 4787">
    <p class='ocr_par' dir='ltr' id='par_1_108' title="bbox 2140 4714 3778 4787">
     <span class='ocr_line' id='line_1_111' title="bbox 2140 4714 3778 4787; baseline -0.01 -9"><span class='ocrx_word' id='word_1_778' title='bbox 2140 4721 2317 4787; x_wconf 89' lang='lat' dir='ltr'><strong>mina,</strong></span> <span class='ocrx_word' id='word_1_779' title='bbox 2349 4728 2406 4776; x_wconf 89' lang='lat' dir='ltr'><strong>et</strong></span> <span class='ocrx_word' id='word_1_780' title='bbox 2436 4721 2521 4775; x_wconf 88' lang='lat' dir='ltr'><strong>sic</strong></span> <span class='ocrx_word' id='word_1_781' title='bbox 2544 4721 2840 4776; x_wconf 87' lang='lat' dir='ltr'><strong>veritatem</strong></span> <span class='ocrx_word' id='word_1_782' title='bbox 2865 4718 3066 4772; x_wconf 90' lang='lat' dir='ltr'><strong>indies</strong></span> <span class='ocrx_word' id='word_1_783' title='bbox 3093 4714 3425 4770; x_wconf 88' lang='lat' dir='ltr'><strong>accuratius</strong></span> <span class='ocrx_word' id='word_1_784' title='bbox 3448 4721 3778 4783; x_wconf 80' lang='lat' dir='ltr'><strong>penetrans,</strong></span> 
     </span>
    </p>
   </div>
   <div class='ocr_carea' id='block_1_109' title="bbox 2142 4804 3779 4884">
    <p class='ocr_par' dir='ltr' id='par_1_109' title="bbox 2142 4804 3779 4884">
     <span class='ocr_line' id='line_1_112' title="bbox 2142 4804 3779 4884; baseline -0.009 -19"><span class='ocrx_word' id='word_1_785' title='bbox 2142 4813 2373 4884; x_wconf 78' lang='lat' dir='ltr'><strong>profuse</strong></span> <span class='ocrx_word' id='word_1_786' title='bbox 2425 4811 2661 4882; x_wconf 88' lang='lat' dir='ltr'><strong>quidem</strong></span> <span class='ocrx_word' id='word_1_787' title='bbox 2698 4809 2919 4863; x_wconf 78' lang='lat' dir='ltr'><strong>ridebat</strong></span> <span class='ocrx_word' id='word_1_788' title='bbox 2964 4806 3302 4870; x_wconf 80' lang='lat' dir='ltr'><strong>simulacra,</strong></span> <span class='ocrx_word' id='word_1_789' title='bbox 3337 4806 3549 4858; x_wconf 86' lang='lat' dir='ltr'><strong>rectam</strong></span> <span class='ocrx_word' id='word_1_790' title='bbox 3584 4804 3779 4854; x_wconf 85' lang='lat' dir='ltr'><strong>autem</strong></span> 
     </span>
    </p>
   </div>
   <div class='ocr_carea' id='block_1_110' title="bbox 2142 4890 3786 4959">
    <p class='ocr_par' dir='ltr' id='par_1_110' title="bbox 2142 4890 3786 4959">
     <span class='ocr_line' id='line_1_113' title="bbox 2142 4890 3786 4959; baseline -0.009 -3"><span class='ocrx_word' id='word_1_791' title='bbox 2142 4901 2313 4957; x_wconf 79' lang='lat' dir='ltr'><strong>ﬁdem</strong></span> <span class='ocrx_word' id='word_1_792' title='bbox 2348 4902 2540 4955; x_wconf 89' lang='lat' dir='ltr'><strong>cordis</strong></span> <span class='ocrx_word' id='word_1_793' title='bbox 2573 4898 2930 4955; x_wconf 84' lang='lat' dir='ltr'><strong>inscribebat</strong></span> <span class='ocrx_word' id='word_1_794' title='bbox 2960 4896 3200 4951; x_wconf 88' lang='lat' dir='ltr'><strong>tabulis.</strong></span> <span class='ocrx_word' id='word_1_795' title='bbox 3246 4890 3633 4959; x_wconf 87' lang='lat' dir='ltr'><strong>Quamobrem</strong></span> <span class='ocrx_word' id='word_1_796' title='bbox 3687 4902 3786 4943; x_wconf 84' lang='lat' dir='ltr'><strong>vo-</strong></span> 
     </span>
    </p>
   </div>
   <div class='ocr_carea' id='block_1_111' title="bbox 2142 4978 3782 5063">
    <p class='ocr_par' dir='ltr' id='par_1_111' title="bbox 2142 4978 3782 5063">
     <span class='ocr_line' id='line_1_114' title="bbox 2142 4978 3782 5063; baseline -0.009 -18"><span class='ocrx_word' id='word_1_797' title='bbox 2142 4989 2252 5045; x_wconf 88' lang='lat' dir='ltr'><strong>luit</strong></span> <span class='ocrx_word' id='word_1_798' title='bbox 2280 4990 2514 5063; x_wconf 87' lang='lat' dir='ltr'><strong>quidem</strong></span> <span class='ocrx_word' id='word_1_799' title='bbox 2548 4987 2739 5045; x_wconf 81' lang='lat' dir='ltr'><strong>venire</strong></span> <span class='ocrx_word' id='word_1_800' title='bbox 2770 4989 2831 5045; x_wconf 89' lang='lat' dir='ltr'><strong>in</strong></span> <span class='ocrx_word' id='word_1_801' title='bbox 2870 4991 3251 5056; x_wconf 89' lang='lat' dir='ltr'><strong>conspectum</strong></span> <span class='ocrx_word' id='word_1_802' title='bbox 3304 4979 3515 5053; x_wconf 78' lang='lat' dir='ltr'><strong>Praylii</strong></span> <span class='ocrx_word' id='word_1_803' title='bbox 3544 4994 3560 5044; x_wconf 84' lang='lat'><strong>;</strong></span> <span class='ocrx_word' id='word_1_804' title='bbox 3591 4978 3782 5034; x_wconf 89' lang='lat' dir='ltr'><strong>solum</strong></span> 
     </span>
    </p>
   </div>
   <div class='ocr_carea' id='block_1_112' title="bbox 1496 5276 3787 5367">
    <p class='ocr_par' dir='ltr' id='par_1_112' title="bbox 1496 5276 3787 5367">
     <span class='ocr_line' id='line_1_115' title="bbox 1496 5276 3787 5367; baseline -0.003 -21"><span class='ocrx_word' id='word_1_805' title='bbox 1496 5293 1517 5367; x_wconf 62' lang='grc' dir='ltr'><strong>ξ</strong></span> <span class='ocrx_word' id='word_1_806' title='bbox 1564 5291 1979 5366; x_wconf 79' lang='grc' dir='ltr'>ἑχρημάτησαν.</span> <span class='ocrx_word' id='word_1_807' title='bbox 2040 5298 2101 5367; x_wconf 82' lang='grc' dir='ltr'><strong>Β.</strong></span> <span class='ocrx_word' id='word_1_808' title='bbox 2160 5293 2255 5367; x_wconf 78' lang='lat' dir='ltr'><strong>D._</strong></span> <span class='ocrx_word' id='word_1_809' title='bbox 2288 5322 2355 5335; x_wconf 88' lang='lat'><strong>—-</strong></span> <span class='ocrx_word' id='word_1_810' title='bbox 2412 5289 2754 5367; x_wconf 84' lang='grc' dir='ltr'>χρηματίσαι</span> <span class='ocrx_word' id='word_1_811' title='bbox 2810 5276 3607 5367; x_wconf 21' lang='grc' dir='ltr'>τεγπρῶτονηὶνβλντιοχείᾳ</span> <span class='ocrx_word' id='word_1_812' title='bbox 3657 5277 3787 5362; x_wconf 65' lang='grc' dir='ltr'>τοῦς</span> 
     </span>
    </p>
   </div>
   <div class='ocr_carea' id='block_1_113' title="bbox 1194 5362 2258 5508">
    <p class='ocr_par' dir='ltr' id='par_1_113' title="bbox 1194 5362 2258 5508">
     <span class='ocr_line' id='line_1_116' title="bbox 1194 5362 2258 5442; baseline 0.001 -23"><span class='ocrx_word' id='word_1_813' title='bbox 1194 5363 1423 5438; x_wconf 78' lang='grc' dir='ltr'>Ηράξεις</span> <span class='ocrx_word' id='word_1_814' title='bbox 1488 5362 1725 5431; x_wconf 63' lang='grc' dir='ltr'>ἀποστ,</span> <span class='ocrx_word' id='word_1_815' title='bbox 1772 5383 1892 5442; x_wconf 75' lang='grc' dir='ltr'>κεφ.</span> <span class='ocrx_word' id='word_1_816' title='bbox 1972 5365 2075 5421; x_wconf 83' lang='grc' dir='ltr'><strong>ΙΑ“.</strong></span> <span class='ocrx_word' id='word_1_817' title='bbox 2140 5365 2258 5420; x_wconf 81' lang='grc' dir='ltr'>κστ⁹</span> 
     </span>
     <span class='ocr_line' id='line_1_117' title="bbox 1244 5433 2258 5508; baseline 0.004 -19"><span class='ocrx_word' id='word_1_818' title='bbox 1244 5437 1432 5508; x_wconf 74' lang='lat' dir='ltr'><strong>lectio.</strong></span> <span class='ocrx_word' id='word_1_819' title='bbox 1527 5437 1549 5471; x_wconf 76' lang='grc'><strong><em>⁸</em></strong></span> <span class='ocrx_word' id='word_1_820' title='bbox 1596 5433 1979 5508; x_wconf 81' lang='grc' dir='ltr'>ἐκθρέψαντος,</span> <span class='ocrx_word' id='word_1_821' title='bbox 2031 5436 2093 5492; x_wconf 89' lang='grc' dir='ltr'>Β.</span> <span class='ocrx_word' id='word_1_822' title='bbox 2188 5439 2208 5473; x_wconf 80' lang='grc'><strong>⁷</strong></span> <span class='ocrx_word' id='word_1_823' title='bbox 2257 5458 2258 5463; x_wconf 81' lang='lat'>‘</span> 
     </span>
    </p>
   </div>
   <div class='ocr_carea' id='block_1_114' title="bbox 1095 5454 3379 5613">
    <p class='ocr_par' dir='ltr' id='par_1_114' title="bbox 1095 5454 3379 5613">
     <span class='ocr_line' id='line_1_118' title="bbox 1096 5454 3371 5508; baseline -0.001 -20"><span class='ocrx_word' id='word_1_824' title='bbox 1096 5454 1193 5490; x_wconf 75' lang='lat' dir='ltr'><strong>Ina</strong></span> <span class='ocrx_word' id='word_1_825' title='bbox 1244 5454 1432 5493; x_wconf 74' lang='lat' dir='ltr'><strong>locuo.</strong></span> <span class='ocrx_word' id='word_1_826' title='bbox 1527 5454 1549 5471; x_wconf 81' lang='grc'><strong>’³</strong></span> <span class='ocrx_word' id='word_1_827' title='bbox 1596 5454 1979 5508; x_wconf 81' lang='grc' dir='ltr'>εκθρεψαντος,</span> <span class='ocrx_word' id='word_1_828' title='bbox 2032 5454 2093 5492; x_wconf 79' lang='lat' dir='ltr'><strong>D.</strong></span> <span class='ocrx_word' id='word_1_829' title='bbox 2194 5454 2206 5473; x_wconf 81' lang='lat'><strong>&#39;</strong></span> <span class='ocrx_word' id='word_1_830' title='bbox 2257 5454 2474 5503; x_wconf 86' lang='grc' dir='ltr'>καΛΑει,</span> <span class='ocrx_word' id='word_1_831' title='bbox 2538 5454 2597 5490; x_wconf 77' lang='lat' dir='ltr'><strong>n.</strong></span> <span class='ocrx_word' id='word_1_832' title='bbox 2701 5454 2726 5469; x_wconf 83' lang='lat'><strong>&#39;</strong></span> <span class='ocrx_word' id='word_1_833' title='bbox 2788 5454 3021 5506; x_wconf 72' lang='grc' dir='ltr'>μεγευει,</span> <span class='ocrx_word' id='word_1_834' title='bbox 3074 5454 3130 5486; x_wconf 77' lang='grc' dir='ltr'><strong>υ.</strong></span> <span class='ocrx_word' id='word_1_835' title='bbox 3186 5454 3249 5485; x_wconf 74' lang='lat' dir='ltr'><strong>n.</strong></span> <span class='ocrx_word' id='word_1_836' title='bbox 3355 5454 3371 5460; x_wconf 78' lang='lat'>&#39;</span> 
     </span>
     <span class='ocr_line' id='line_1_119' title="bbox 1095 5500 3379 5580; baseline -0.003 -21"><span class='ocrx_word' id='word_1_837' title='bbox 1095 5506 1135 5541; x_wconf 78' lang='lat'>“</span> <span class='ocrx_word' id='word_1_838' title='bbox 1172 5503 1485 5580; x_wconf 70' lang='grc' dir='ltr'>Ὀῤῥόντης,</span> <span class='ocrx_word' id='word_1_839' title='bbox 1522 5508 1581 5563; x_wconf 80' lang='lat' dir='ltr'><strong>F.</strong></span> <span class='ocrx_word' id='word_1_840' title='bbox 1614 5536 1685 5549; x_wconf 92' lang='grc'><strong>--</strong></span> <span class='ocrx_word' id='word_1_841' title='bbox 1713 5508 1797 5562; x_wconf 74' lang='lat' dir='ltr'><strong>Cl.</strong></span> <span class='ocrx_word' id='word_1_842' title='bbox 1833 5508 1975 5562; x_wconf 84' lang='lat' dir='ltr'><strong>Ptol.</strong></span> <span class='ocrx_word' id='word_1_843' title='bbox 2007 5508 2076 5575; x_wconf 84' lang='lat' dir='ltr'><strong>V,</strong></span> <span class='ocrx_word' id='word_1_844' title='bbox 2129 5510 2213 5563; x_wconf 81' lang='grc'><strong>15.</strong></span> <span class='ocrx_word' id='word_1_845' title='bbox 2270 5538 2331 5549; x_wconf 94' lang='lat'><strong>—</strong></span> <span class='ocrx_word' id='word_1_846' title='bbox 2378 5506 2695 5579; x_wconf 79' lang='grc' dir='ltr'>Ἀυτιόχεια</span> <span class='ocrx_word' id='word_1_847' title='bbox 2736 5506 2770 5571; x_wconf 83' lang='grc' dir='ltr'><strong>ἡ</strong></span> <span class='ocrx_word' id='word_1_848' title='bbox 2822 5502 2909 5558; x_wconf 77' lang='grc' dir='ltr'><strong>ἐπὶ</strong></span> <span class='ocrx_word' id='word_1_849' title='bbox 2955 5505 3053 5556; x_wconf 85' lang='grc' dir='ltr'><strong>τοῦ</strong></span> <span class='ocrx_word' id='word_1_850' title='bbox 3101 5500 3379 5573; x_wconf 86' lang='grc' dir='ltr'>Ὀρόντου.</span> 
     </span>
     <span class='ocr_line' id='line_1_120' title="bbox 1118 5571 3379 5613; baseline 0 0"><span class='ocrx_word' id='word_1_851' title='bbox 1118 5577 1159 5613; x_wconf 65' lang='grc' dir='ltr'>Ὠ</span> <span class='ocrx_word' id='word_1_852' title='bbox 1290 5579 1335 5613; x_wconf 70' lang='grc'><strong>14</strong></span> <span class='ocrx_word' id='word_1_853' title='bbox 1366 5577 1495 5613; x_wconf 63' lang='grc' dir='ltr'>λκιο..</span> <span class='ocrx_word' id='word_1_854' title='bbox 1556 5583 1595 5613; x_wconf 70' lang='grc' dir='ltr'><strong><em>Ω</em></strong></span> <span class='ocrx_word' id='word_1_855' title='bbox 1720 5578 1764 5613; x_wconf 69' lang='grc'>15</span> <span class='ocrx_word' id='word_1_856' title='bbox 1794 5577 1992 5613; x_wconf 59' lang='lat'><strong>2.1-11.7</strong></span> <span class='ocrx_word' id='word_1_857' title='bbox 2053 5580 2093 5613; x_wconf 69' lang='grc' dir='ltr'><strong>η</strong></span> <span class='ocrx_word' id='word_1_858' title='bbox 2222 5579 2265 5613; x_wconf 74' lang='grc'><strong>1.</strong></span> <span class='ocrx_word' id='word_1_859' title='bbox 2296 5580 2401 5613; x_wconf 58' lang='lat' dir='ltr'><strong>add</strong></span> <span class='ocrx_word' id='word_1_860' title='bbox 2460 5578 2551 5613; x_wconf 63' lang='grc' dir='ltr'><strong>Α-Ἷυ</strong></span> <span class='ocrx_word' id='word_1_861' title='bbox 2610 5583 2645 5613; x_wconf 62' lang='lat' dir='ltr'><strong>In!</strong></span> <span class='ocrx_word' id='word_1_862' title='bbox 2746 5577 2787 5613; x_wconf 74' lang='grc' dir='ltr'><strong>ιτ</strong></span> <span class='ocrx_word' id='word_1_863' title='bbox 2820 5571 3307 5613; x_wconf 31' lang='grc' dir='ltr'><strong>ηῆῆεννηθέῆῆηηαγ</strong></span> <span class='ocrx_word' id='word_1_864' title='bbox 3365 5571 3379 5613; x_wconf 80' lang='grc'><strong>1</strong></span> 
     </span>
    </p>
   </div>
   <div class='ocr_carea' id='block_1_115' title="bbox 1618 5577 2225 5720">
    <p class='ocr_par' dir='ltr' id='par_1_115' title="bbox 1618 5577 2225 5720">
     <span class='ocr_line' id='line_1_121' title="bbox 1720 5577 2225 5645; baseline 0.01 -16"><span class='ocrx_word' id='word_1_865' title='bbox 1720 5578 1764 5613; x_wconf 77' lang='grc'><strong>¹⁵</strong></span> <span class='ocrx_word' id='word_1_866' title='bbox 1794 5577 2011 5645; x_wconf 79' lang='grc' dir='ltr'>ἀληθεῖ.</span> <span class='ocrx_word' id='word_1_867' title='bbox 2053 5580 2114 5635; x_wconf 87' lang='grc' dir='ltr'><strong>Β.</strong></span> <span class='ocrx_word' id='word_1_868' title='bbox 2222 5586 2225 5613; x_wconf 60' lang='grc' dir='ltr'><em>τ</em></span> 
     </span>
     <span class='ocr_line' id='line_1_122' title="bbox 1618 5644 2225 5720; baseline 0.005 -19"><span class='ocrx_word' id='word_1_869' title='bbox 1618 5648 1659 5720; x_wconf 10' lang='grc'><strong>²7¹</strong></span> <span class='ocrx_word' id='word_1_870' title='bbox 1694 5644 2131 5720; x_wconf 83' lang='grc' dir='ltr'>ἐπιδηλώτατος,</span> <span class='ocrx_word' id='word_1_871' title='bbox 2164 5652 2225 5707; x_wconf 90' lang='grc' dir='ltr'>Β.</span> 
     </span>
    </p>
   </div>
   <div class='ocr_carea' id='block_1_116' title="bbox 1378 5716 2761 5794">
    <p class='ocr_par' dir='ltr' id='par_1_116' title="bbox 1378 5716 2761 5794">
     <span class='ocr_line' id='line_1_123' title="bbox 1378 5716 2761 5794; baseline 0.012 -20"><span class='ocrx_word' id='word_1_872' title='bbox 1378 5716 1426 5758; x_wconf 71' lang='grc'><strong>⁸⁷</strong></span> <span class='ocrx_word' id='word_1_873' title='bbox 1454 5716 1851 5794; x_wconf 65' lang='grc' dir='ltr'><strong>ἰκϐαθύνουσα,⁷</strong></span> <span class='ocrx_word' id='word_1_874' title='bbox 1872 5728 1939 5781; x_wconf 87' lang='lat' dir='ltr'><strong>D.</strong></span> <span class='ocrx_word' id='word_1_875' title='bbox 1972 5725 2034 5780; x_wconf 81' lang='grc' dir='ltr'>Ε.</span> <span class='ocrx_word' id='word_1_876' title='bbox 2112 5716 2159 5759; x_wconf 65' lang='grc'><strong>’⁸</strong></span> <span class='ocrx_word' id='word_1_877' title='bbox 2187 5719 2380 5792; x_wconf 68' lang='grc' dir='ltr'>πολὺν,</span> <span class='ocrx_word' id='word_1_878' title='bbox 2412 5728 2469 5778; x_wconf 77' lang='grc' dir='ltr'>οι</span> <span class='ocrx_word' id='word_1_879' title='bbox 2508 5716 2571 5779; x_wconf 60' lang='grc' dir='ltr'>θί</span> <span class='ocrx_word' id='word_1_880' title='bbox 2602 5721 2662 5777; x_wconf 76' lang='lat' dir='ltr'><strong>E-</strong></span> <span class='ocrx_word' id='word_1_881' title='bbox 2697 5725 2761 5776; x_wconf 72' lang='lat' dir='ltr'><strong>F-</strong></span> 
     </span>
    </p>
   </div>
   <div class='ocr_carea' id='block_1_117' title="bbox 3054 5352 3788 5422">
    <p class='ocr_par' dir='ltr' id='par_1_117' title="bbox 3054 5352 3788 5422">
     <span class='ocr_line' id='line_1_124' title="bbox 3054 5352 3788 5422; baseline -0.014 -7"><span class='ocrx_word' id='word_1_882' title='bbox 3054 5360 3075 5394; x_wconf 85' lang='grc'><strong><em>⁵</em></strong></span> <span class='ocrx_word' id='word_1_883' title='bbox 3141 5356 3318 5415; x_wconf 89' lang='lat' dir='ltr'><strong>Uncis</strong></span> <span class='ocrx_word' id='word_1_884' title='bbox 3406 5352 3567 5418; x_wconf 82' lang='lat' dir='ltr'><strong>incl.,</strong></span> <span class='ocrx_word' id='word_1_885' title='bbox 3650 5352 3788 5422; x_wconf 89' lang='lat' dir='ltr'><strong>quia</strong></span> 
     </span>
    </p>
   </div>
   <div class='ocr_carea' id='block_1_118' title="bbox 3350 5422 3792 5552">
    <p class='ocr_par' dir='ltr' id='par_1_118' title="bbox 3350 5422 3792 5552">
     <span class='ocr_line' id='line_1_125' title="bbox 3350 5422 3785 5493; baseline -0.005 -14"><span class='ocrx_word' id='word_1_886' title='bbox 3350 5426 3374 5460; x_wconf 72' lang='grc' dir='ltr'><strong>θ</strong></span> <span class='ocrx_word' id='word_1_887' title='bbox 3432 5422 3658 5493; x_wconf 82' lang='grc' dir='ltr'>πλήθει,</span> <span class='ocrx_word' id='word_1_888' title='bbox 3720 5422 3785 5478; x_wconf 89' lang='grc' dir='ltr'><strong>Β.</strong></span> 
     </span>
     <span class='ocr_line' id='line_1_126' title="bbox 3350 5493 3792 5552; baseline 0.009 -9"><span class='ocrx_word' id='word_1_889' title='bbox 3350 5521 3379 5552; x_wconf 64' lang='grc' dir='ltr'><strong>ι,</strong></span> <span class='ocrx_word' id='word_1_890' title='bbox 3478 5498 3525 5533; x_wconf 76' lang='grc' dir='ltr'>η</span> <span class='ocrx_word' id='word_1_891' title='bbox 3576 5493 3792 5552; x_wconf 75' lang='grc' dir='ltr'>Ἀντιό-</span> 
     </span>
    </p>
   </div>
   <div class='ocr_carea' id='block_1_119' title="bbox 3527 5566 3791 5621">
    <p class='ocr_par' dir='ltr' id='par_1_119' title="bbox 3527 5566 3791 5621">
     <span class='ocr_line' id='line_1_127' title="bbox 3527 5566 3791 5621; baseline -0.008 0"><span class='ocrx_word' id='word_1_892' title='bbox 3527 5566 3575 5602; x_wconf 78' lang='grc'>¹⁸</span> <span class='ocrx_word' id='word_1_893' title='bbox 3607 5568 3791 5621; x_wconf 80' lang='lat' dir='ltr'><strong>lnsar—</strong></span> 
     </span>
    </p>
   </div>
   <div class='ocr_carea' id='block_1_120' title="bbox 3324 5637 3784 5711">
    <p class='ocr_par' dir='ltr' id='par_1_120' title="bbox 3324 5637 3784 5711">
     <span class='ocr_line' id='line_1_128' title="bbox 3324 5637 3784 5711; baseline -0.013 -17"><span class='ocrx_word' id='word_1_894' title='bbox 3324 5642 3371 5676; x_wconf 77' lang='grc'><strong>²⁴</strong></span> <span class='ocrx_word' id='word_1_895' title='bbox 3401 5640 3668 5711; x_wconf 78' lang='grc' dir='ltr'>σωτήρια,</span> <span class='ocrx_word' id='word_1_896' title='bbox 3725 5637 3784 5690; x_wconf 89' lang='grc' dir='ltr'><strong>Β.</strong></span> 
     </span>
    </p>
   </div>
   <div class='ocr_carea' id='block_1_121' title="bbox 2368 5364 2941 5437">
    <p class='ocr_par' dir='ltr' id='par_1_121' title="bbox 2368 5364 2941 5437">
     <span class='ocr_line' id='line_1_129' title="bbox 2368 5364 2941 5437; baseline 0 0"><span class='ocrx_word' id='word_1_897' title='bbox 2368 5364 2814 5437; x_wconf 56' lang='grc' dir='ltr'>θ’·άτρρήνιγκιν,</span> <span class='ocrx_word' id='word_1_898' title='bbox 2884 5366 2941 5437; x_wconf 65' lang='grc' dir='ltr'><strong>β-</strong></span> 
     </span>
    </p>
   </div>
   <div class='ocr_carea' id='block_1_122' title="bbox 2188 5430 3249 5506">
    <p class='ocr_par' dir='ltr' id='par_1_122' title="bbox 2188 5430 3249 5506">
     <span class='ocr_line' id='line_1_130' title="bbox 2188 5430 3249 5506; baseline -0.005 -17"><span class='ocrx_word' id='word_1_899' title='bbox 2188 5439 2208 5473; x_wconf 68' lang='lat'><strong>7</strong></span> <span class='ocrx_word' id='word_1_900' title='bbox 2257 5430 2597 5503; x_wconf 67' lang='grc' dir='ltr'>κάλλει,’Βξ</span> <span class='ocrx_word' id='word_1_901' title='bbox 2675 5430 2726 5469; x_wconf 66' lang='grc'><strong>’⁸</strong></span> <span class='ocrx_word' id='word_1_902' title='bbox 2788 5433 3033 5506; x_wconf 65' lang='grc' dir='ltr'>μεγεθει,</span> 
     </span>
    </p>
   </div>
   <div class='ocr_carea' id='block_1_123' title="bbox 2222 5570 3423 5648">
    <p class='ocr_par' dir='ltr' id='par_1_123' title="bbox 2222 5570 3423 5648">
     <span class='ocr_line' id='line_1_131' title="bbox 2222 5570 3423 5648; baseline -0.008 -14"><span class='ocrx_word' id='word_1_903' title='bbox 2222 5579 2265 5614; x_wconf 82' lang='grc'><strong>¹⁶</strong></span> <span class='ocrx_word' id='word_1_904' title='bbox 2296 5580 2424 5634; x_wconf 89' lang='lat' dir='ltr'><strong>add.</strong></span> <span class='ocrx_word' id='word_1_905' title='bbox 2460 5570 2665 5648; x_wconf 72' lang='grc' dir='ltr'>οὖν,”Β.</span> <span class='ocrx_word' id='word_1_906' title='bbox 2746 5570 2787 5614; x_wconf 68' lang='grc'><strong>’⁷</strong></span> <span class='ocrx_word' id='word_1_907' title='bbox 2820 5570 3423 5648; x_wconf 37' lang='grc' dir='ltr'>προεκκαθέριζυσαηβ.</span> 
     </span>
    </p>
   </div>
   <div class='ocr_carea' id='block_1_124' title="bbox 2319 5646 3229 5719">
    <p class='ocr_par' dir='ltr' id='par_1_124' title="bbox 2319 5646 3229 5719">
     <span class='ocr_line' id='line_1_132' title="bbox 2319 5646 3229 5719; baseline -0.005 -13"><span class='ocrx_word' id='word_1_908' title='bbox 2319 5650 2365 5686; x_wconf 76' lang='grc' dir='ltr'><strong>υ</strong></span> <span class='ocrx_word' id='word_1_909' title='bbox 2396 5646 2575 5719; x_wconf 79' lang='lat' dir='ltr'><strong>deest,</strong></span> <span class='ocrx_word' id='word_1_910' title='bbox 2610 5655 2666 5704; x_wconf 74' lang='grc' dir='ltr'>Β.</span> <span class='ocrx_word' id='word_1_911' title='bbox 2770 5649 2813 5682; x_wconf 72' lang='grc' dir='ltr'>ιι</span> <span class='ocrx_word' id='word_1_912' title='bbox 2846 5646 2981 5704; x_wconf 83' lang='lat' dir='ltr'><strong>add.</strong></span> <span class='ocrx_word' id='word_1_913' title='bbox 3010 5648 3136 5713; x_wconf 77' lang='grc' dir='ltr'><strong>τήν,</strong></span> <span class='ocrx_word' id='word_1_914' title='bbox 3167 5646 3229 5701; x_wconf 83' lang='lat' dir='ltr'><strong>E.</strong></span> 
     </span>
    </p>
   </div>
  </div>
