4094 6230
334 362 450 423 853

1428 363 1607 425 VITA
1654 362 1715 425 S.
1764 360 2139 424 CYPRIANI
2183 359 2681 423 ANTIOCHENI.

3628 368 3747 429 854

333 518 462 579 οὐδὶ
508 518 735 578 πολλῶν
785 518 982 593 tamen
1033 526 1140 579 τῶν
1193 522 1610 600 βουλευμάτων·
1680 522 1829 581 ἀλλὰ
1876 524 1976 599 ἅμα

2100 523 2359 598 amplius
2398 539 2549 596 opus
2590 522 2801 581 habuit
2843 524 3051 581 multis
3080 525 3343 584 consiliis
3374 542 3391 595 ;
3421 527 3524 587 sed
3566 529 3747 589 simul

335 612 433 684 μὶν
463 616 543 684 τῷ
569 611 728 683 τύπῳ
777 614 873 668 τοῦ
921 616 1153 687 σταυροῦ
1206 612 1445 690 καθάπερ
1492 614 1597 670 τίνὶ
1646 613 1890 695 φρουρίῳ
1938 614 1987 651 ⁵³

328 700 559 763 τούτους
609 701 987 776 περιτειχίζει,
1029 702 1141 774 ἅμα
1184 699 1241 758 δὲ
1279 707 1377 759 τοῦ
1423 704 1770 784 φωτίσματος
1819 703 1983 773 ἀξιοῖ.

331 792 433 850 Καὶ
470 788 700 846 διετέλει
730 788 983 854 Δίδὲσιος
1011 793 1074 847 τὸ
1107 790 1300 849 λοιπὸν
1329 797 1376 831 ⁸⁸
1406 795 1691 873 χλευάζων
1724 795 1814 849 καὶ
1864 792 1989 849 δια-

334 880 512 956 σύρων
551 882 621 937 τά
658 888 761 950 τῆς
804 880 1017 951 ἀπάτης
1066 879 1358 958 ἱδρύματα·
1411 885 1587 961 Ιερεὺς
1635 886 1738 958 γὰρ
1789 884 1895 959 πρὸ
1941 884 1989 919 ⁸⁵

334 975 431 1026 τοῦ
461 974 569 1025 τῶν
602 967 853 1025 εἲδώΛων
882 969 1170 1051 ἐτύγχανεν
1204 968 1297 1027 ὥν.

404 1060 482 1117 E‘.
515 1061 740 1115 Ἔπειτα
773 1057 830 1115 δὶ
857 1062 902 1098 ⁸⁸
952 1062 1169 1135 βαθμοῦ
1210 1059 1432 1118 τοιοῦδε
1477 1061 1846 1135 καταξιωθεὶς,
1896 1061 1986 1118 καὶ

331 1147 387 1205 ἐν
419 1146 654 1225 καθέδρᾳ
691 1143 1091 1226 πρεσϐυτέρων,
1131 1151 1194 1207 τὸ
1231 1155 1328 1208 τοῦ
1378 1151 1535 1208 Θείου
1579 1154 1622 1188 ⁸⁷
1674 1151 1835 1232 φάναι
1883 1160 1986 1209 Δα-

331 1233 427 1294 δὶδ
455 1238 526 1305 ⁵⁸,
557 1238 646 1293 τὸν
689 1236 920 1312 Χριστὸν
968 1238 1199 1309 αἰνέσας,
1255 1238 1519 1313 ὲλόμενός
1558 1261 1617 1296 τε
1667 1242 1787 1316 βίον
1814 1242 1862 1279 ⁵⁵
1906 1245 1987 1314 τῷ

334 1328 452 1400 Θεῷ
485 1325 645 1405 φίλον
695 1328 786 1383 καὶ
829 1328 1231 1403 καθαρώτατον,
1261 1324 1313 1400 ἓξ
1349 1336 1527 1403 μῆνας
1555 1324 1802 1391 ἐπιϐιοὺς
1851 1330 1988 1405 πρὸς

328 1421 448 1479 τοῖς
482 1412 711 1488 δώδεκα,
744 1416 883 1492 πρὸς
914 1418 971 1472 ὅν
1003 1416 1237 1490 ἐπόθησε
1282 1420 1329 1456 ⁶⁰
1375 1419 1575 1494 Κύριον
1634 1416 1783 1493 ἐξεδή
1795 1439 1983 1494 μησεν.

327 1506 391 1565 Ἦ
445 1503 630 1579 μέντοι
672 1508 935 1582 παρθένος
982 1506 1137 1563 οὐδὲν
1203 1502 1397 1564 ἔπαθεν
1470 1509 1723 1586 άγγεννὶς
1768 1511 1812 1548 ⁸⁸
1860 1506 1986 1565 οὐδὶ

330 1598 518 1670 ψοχῆς
567 1596 817 1673 εὐγενοῦς
867 1597 1095 1668 ἀνάξιον·
1149 1596 1295 1653 ἀλλᾶ
1342 1602 1422 1670 τῷ
1471 1597 1713 1672 θεμελίῳ
1769 1596 1982 1672 μᾶλλον

328 1691 430 1755 τῆς
457 1686 693 1749 πίστεως
720 1686 815 1749 τὰς
853 1690 1061 1762 χρυσοῦ
1111 1686 1201 1742 καὶ
1243 1685 1411 1743 λίθων
1462 1687 1659 1761 τιμίων
1707 1687 1851 1745 πολὺ
1898 1708 1983 1744 τι·

333 1776 611 1849 μιωτὲρας
656 1774 850 1850 ἀρετᾶς
894 1774 1336 1852 ἐποικοδομοῦσα
1379 1780 1424 1814 ⁸³
1469 1777 1794 1853 προέκοπτεν
1845 1777 1983 1834 πάν-

2097 614 2332 686 quidem
2385 614 2573 686 ﬁgura
2603 615 2794 671 crucis
2831 613 3007 670 veluti
3051 615 3304 685 quodam
3338 618 3619 688 ’prassidio
3649 636 3749 676 eos

2098 704 2315 771 munit,
2348 712 2403 761 et
2428 705 2709 777 dignatur
2738 703 3192 761 illuminatione.
3218 706 3292 761 De
3314 710 3523 763 cetero
3555 719 3746 765 autem

2095 794 2365 851 Edesius
2398 799 2673 866 perpetuo
2715 791 2996 849 irridebat
3025 799 3082 849 et
3126 793 3587 863 reprehendebat
3626 805 3743 851 sta-

2096 888 2231 940 tuas
2261 882 2640 957 deceptionis.
2682 882 2895 938 Fuerat
2923 892 3114 938 autem
3155 882 3320 956 prius
3360 885 3633 941 sacerdos
3662 884 3745 941 si-

2097 973 2516 1030 mulacrorum.

2167 1061 2234 1118 V.
2267 1063 2411 1119 Cum
2448 1078 2578 1118 vero
2617 1062 2821 1118 eodem
2872 1061 3048 1130 gradu
3100 1060 3308 1118 fuisset
3364 1062 3640 1134 dignatus
3680 1063 3743 1122 in

2096 1151 2371 1217 Ecclesia,
2404 1156 2461 1207 et
2488 1151 2549 1206 in
2573 1152 2846 1207 cathedra
2870 1151 3365 1224 presbyterorum,
3387 1156 3451 1207 ut
3489 1169 3620 1208 cum
3653 1154 3742 1208 di-

2095 1240 2229 1297 vino
2262 1240 2441 1297 David
2474 1240 2663 1297 dicam
2699 1242 2741 1306 ⁸,
2764 1240 3060 1297 Christum
3094 1240 3413 1307 laudasset,
3446 1241 3741 1315 vitamque

2095 1330 2360 1402 elegisset
2401 1332 2516 1387 Deo
2560 1335 2782 1402 gratam
2817 1334 2875 1386 et
2909 1330 3312 1400 purissimam,
3344 1347 3475 1388 cum
3518 1348 3739 1389 annum

2097 1436 2280 1478 unum
2315 1424 2609 1493 superstes
2640 1419 2848 1476 fuisset
2875 1424 2931 1476 et
2951 1435 3050 1475 sex
3082 1435 3335 1489 menses,
3367 1420 3635 1490 migravit
3664 1422 3735 1476 ad

2095 1509 2428 1577 Dominum,
2463 1508 2635 1579 cujus
2664 1508 2972 1565 tenebatur
2996 1508 3307 1565 desiderio.
3335 1507 3512 1581 Virgo
3543 1512 3738 1565 autem

2097 1614 2464 1673 nequaquam
2513 1602 2637 1655 erat
2676 1597 2877 1653 affecta
2915 1596 3299 1663 illiberaliter,
3343 1613 3531 1670 neque
3570 1614 3740 1655 secus

2096 1704 2274 1762 quam
2307 1688 2563 1744 animam
2605 1687 2800 1743 decuit
2834 1701 3195 1758 generosam,
3228 1686 3326 1742 sed
3361 1685 3494 1741 fidei
3526 1686 3741 1742 funda-

2094 1782 2312 1845 mento,
2347 1793 2471 1848 quis
2502 1792 2643 1832 auro
2683 1779 2741 1831 et
2769 1774 3064 1847 lapidibus
3096 1772 3369 1846 pretiosis
3398 1773 3571 1847 longe
3600 1778 3741 1831 sunt

327 1885 438 1927 τως
473 1861 530 1921 δὲ
560 1863 661 1919 οὐκ
690 1865 756 1934 ἦν
789 1866 933 1921 οὕτω
968 1866 1188 1941 βιοῦσαν
1223 1864 1503 1943 διαδρᾶναι
1549 1867 1616 1921 τᾶ.
1660 1871 1757 1923 τοῦ
1809 1888 1976 1939 πονη-

2093 1866 2483 1939 pretiosiores,
2536 1863 3013 1937 superadiﬁcans
3061 1863 3331 1929 virtutes,
3378 1864 3735 1936 proﬁciebat.

337 1956 435 2027 ροῦ
460 1950 749 2009 σκάνδαλα·
789 1952 907 2016 ὅθεν
960 1951 1084 2010 οὐδὲ
1141 1952 1347 2030 διέδρα,
1396 1953 1545 2011 ἀλλὰ
1594 1955 1684 2010 καὶ
1731 1961 1976 2030 πειρᾶται

2089 1957 2233 2015 Cum
2278 1959 2474 2011 autem
2513 1953 2597 2009 sic
2640 1955 2873 2017 viveret,
2899 1951 3021 2007 fieri
3062 1951 3302 2008 omnino
3342 1967 3457 2007 non
3489 1956 3733 2022 poterat,

333 2043 559 2113 ταύτης,
615 2042 708 2098 καὶ
765 2042 1051 2117 πολεμίως
1099 2042 1235 2121 ἄγαν
1288 2046 1335 2082 ⁸³
1390 2047 1770 2123 προσφέρεται.
1827 2045 1982 2116 Πλήν

332 2127 484 2188 ἀλλὰ
512 2132 863 2207 προσεκτίον,
895 2131 979 2187 δτι
1007 2152 1067 2187 τε
1109 2133 1213 2188 οὐκ
1264 2132 1432 2210 ἄχαρι
1475 2133 1536 2189 τὸ
1568 2131 1839 2210 διήγημα,
1887 2135 1977 2190 καὶ

330 2220 418 2278 ὅτι
445 2217 529 2277 δεῖ
561 2226 751 2295 μαθεῖν
781 2221 871 2277 καὶ
912 2220 1061 2285 ὅπως
1103 2223 1241 2292 αὐτὴ
1283 2224 1329 2260 ⁸⁸
1356 2226 1454 2293 τήν
1509 2228 1693 2300 πεῖραν
1748 2223 1977 2300 ἐπήνεγ-

322 2330 434 2367 κεν.

395 2489 459 2555 ς“.
523 2485 823 2565 ’Δγλαῒδας
875 2508 958 2551 τις
1040 2487 1405 2564 σχολαστικὸς
1471 2492 1515 2527 ⁸⁵
1571 2491 1763 2565 (ὅσπερ
1813 2491 1861 2529 ⁸⁸
1915 2489 1977 2546 ἐκ

317 2580 417 2634 τοῦ
456 2575 699 2639 κάλλους
757 2575 888 2641 ἴσως
934 2578 1023 2634 καὶ
1078 2579 1141 2635 τὸ
1195 2582 1442 2636 τοιοῦτον
1498 2574 1695 2655 ἔλαχεν
1755 2575 1972 2653 ὄνομα),

310 2664 593 2743 Ἀγλαῖδα
622 2665 715 2723 οὗν
769 2668 949 2740 οὗτος,
986 2667 1174 2744 γένους
1220 2668 1294 2724 ὢν
1336 2673 1444 2726 τῶν
1476 2667 1832 2745 εὐπατριδῶν,
1881 2669 1973 2725 καὶ

324 2753 553 2828 πλούτῳ
606 2759 816 2829 κομῶν,
871 2756 1124 2835 ἀφορμὰς
1171 2757 1287 2832 εἶχε
1340 2761 1509 2815 ταῦτα
1564 2759 1701 2832 πρὸς
1752 2756 1969 2830 ἡδονάς,

306 2846 400 2902 καὶ
462 2843 789 2907 ἀκολάστοις
855 2846 1054 2922 ὁρμαῖς
1103 2844 1371 2921 ἐξεδίδοτο
1425 2848 1491 2904 ⁸⁷.
1570 2849 1663 2904 Διὸ
1721 2848 1812 2904 καὶ
1867 2850 1968 2918 τὴν

316 2934 581 3010 παρθένον
610 2932 887 2997 πολλάκις
927 2932 1058 2991 ἰδὼν
1107 2935 1531 3011 παροδεύουσαν,
1562 2938 1651 2993 καὶ
1694 2939 1832 3007 πρὸς
1871 2938 1963 2994 τὸν

305 3028 405 3081 τοῦ
436 3027 575 3079 Θεοῦ
606 3023 761 3079 οἷκον
790 3023 1225 3098 ἀφικνουμένην,
1257 3030 1338 3099 τῷ
1385 3024 1582 3082 κάΛλει
1630 3026 1835 3097 ταύτης
1875 3029 1969 3082 οἷα

316 3113 468 3190 βέλει
518 3110 708 3176 δεινῶς
770 3111 1057 3188 βάλλεται·
1115 3113 1296 3171 καίτοι
1355 3117 1629 3189 μαραίνειν
1688 3115 1817 3172 αὐτὸ
1874 3114 1967 3172 καὶ

310 3202 592 3277 ἀμαυροῦν
636 3202 867 3275 ἐκείνης,
916 3204 1007 3260 ἅτε
1047 3204 1314 3281 σφαλερὸν
1362 3206 1451 3261 καὶ
1499 3201 1819 3271 ἐπίϐουλον,
1866 3227 1966 3277 νη-

2088 2049 2153 2102 ut
2194 2043 2441 2114 maligni
2470 2043 2744 2115 effugeret
2771 2041 3141 2108 otfensiones,
3172 2041 3272 2097 sed
3310 2056 3437 2096 eam
3469 2041 3567 2097 ille
3607 2046 3737 2097 ten-

2086 2137 2193 2203 tat,
2225 2136 2279 2190 et
2316 2131 2485 2188 valde
2525 2131 2817 2187 hostiliter
2847 2130 3199 2201 aggreditur.
3233 2129 3517 2185 Caeterum
3558 2146 3736 2201 opor-

2083 2228 2169 2282 tet
2196 2223 2515 2291 attendere,
2538 2220 2816 2296 quoniam
2841 2235 2959 2275 non
3000 2227 3084 2277 est
3129 2218 3448 2289 injucunda
3481 2219 3732 2276 narratio

2083 2318 2142 2371 st
2184 2313 2340 2386 quod
2371 2312 2522 2369 scire
2550 2314 2831 2384 oporteat,
2864 2324 3114 2382 quonam
3147 2308 3315 2365 modo
3355 2307 3407 2364 ei
3446 2307 3732 2365 adhibue-

2081 2404 2159 2460 rit
2189 2404 2590 2460 tentationem.

2152 2490 2247 2547 VI.
2279 2489 2556 2563 Aglaidas
2587 2489 2830 2562 quidam
2855 2487 3263 2556 scholasticus,
3300 2486 3397 2560 qui
3432 2487 3577 2543 forte
3622 2486 3729 2543 hoc

2080 2596 2289 2640 nomen
2317 2581 2722 2636 fueratnactus
2743 2594 2813 2634 ex
2835 2576 3435 2649 pulchritudine,cum
3454 2580 3611 2632 esset
3632 2575 3729 2631 ho-

2080 2675 2247 2727 nesto
2276 2669 2401 2727 loco
2432 2672 2625 2734 natus,
2660 2672 2725 2723 ut
2753 2666 2855 2738 qui
2888 2682 3074 2738 genus
3106 2666 3343 2721 duceret
3366 2681 3436 2720 ex
3466 2664 3728 2736 patriciis

2076 2766 2133 2819 et
2145 2760 2468 2817 abundaret
2488 2757 2723 2828 opibus,
2747 2756 2819 2811 iis
2837 2759 3115 2829 tanquam
3141 2754 3549 2810 instrumentis
3582 2770 3726 2809 usus

2077 2854 2166 2908 est
2214 2850 2283 2905 ad
2333 2847 2682 2918 voluptates,
2712 2853 2767 2901 et
2814 2844 3131 2916 impudicis
3185 2843 3417 2899 deditus
3466 2845 3592 2898 erat
3622 2859 3722 2913 ap-

2074 2938 2474 3014 petitionibus.
2524 2936 2916 3003 Quamobrem
2948 2949 3082 2991 cum
3115 2949 3263 3003 saepe
3311 2931 3596 3004 virginem
3636 2931 3724 2985 vi-

2075 3030 2259 3086 disset
2306 3030 2737 3094 transeuntem,
2768 3029 2825 3081 et
2855 3024 2914 3079 in
2956 3024 3196 3078 domum
3230 3020 3329 3077 Dei
3368 3021 3722 3090 venientem,

2075 3120 2203 3191 ejus
2232 3115 2688 3188 pulchritudine,
2725 3119 3001 3184 tanquam
3035 3111 3169 3176 telo,
3202 3111 3457 3183 graviter
3491 3109 3720 3165 saucia-

2074 3215 2203 3279 tur;
2235 3208 2343 3268 etsi
2381 3212 2443 3263 ut
2470 3222 2539 3262 ea
2568 3206 2936 3263 ﬂaccesceret
2960 3208 3017 3259 et
3054 3202 3404 3271 aboleretur,
3437 3205 3723 3271 tanquam

316 3274 521 3353 στείαις
553 3292 667 3365 ἅμα
695 3293 786 3347 καὶ
816 3274 1147 3368 προσευχαῖς
1179 3274 1248 3349 δί’
1278 3292 1413 3349 ὅλου
1455 3295 1866 3370 μηχανωμένης
1894 3274 1962 3353 δέ.

2088 3274 2687 3369 lubricaetinsidiosa,
2712 3296 3066 3368 illajejuniis
3090 3293 3267 3350 simul
3290 3298 3346 3348 et
3364 3292 3724 3349 orationibus

310 3378 477 3440 ’Δλλ’
509 3380 669 3443 οὗτος
709 3382 849 3437 πάνυ
880 3379 1106 3457 λίχνους
1138 3380 1282 3457 ἔχων
1314 3384 1438 3444 τοὺς
1477 3382 1817 3461 ὀφθαλμοὺς,
1838 3384 1971 3459 πρό-

307 3491 464 3546 τερον
516 3471 610 3544 μὲν
658 3471 754 3533 τὰς
811 3468 972 3533 ὁδοὺς
1026 3472 1231 3547 ἐτήρει,
1286 3474 1376 3528 καὶ
1433 3472 1830 3551 παρεφύλαττε,
1879 3474 1969 3528 καὶ

317 3561 565 3617 ὑπαντῶν
626 3559 860 3637 εὐφήμει
913 3561 960 3597 ⁶⁹
1013 3560 1239 3631 ταύτην,
1304 3560 1491 3636 ἐπῄνει
1545 3567 1643 3617 τοῦ
1697 3563 1967 3631 κάλλους,

318 3649 587 3724 μακαρίαν
634 3647 819 3706 ἐκάλει
881 3653 983 3705 τοῦ
1029 3649 1431 3725 εὐτυχήματος·
1484 3652 1598 3707 εἶτά
1642 3652 1733 3707 τὸν
1800 3654 1969 3717 πόθον

311 3740 404 3795 καὶ
436 3736 526 3794 διὰ
566 3734 865 3811 συμϐόλων
911 3743 1074 3795 τινῶν
1120 3738 1476 3813 ἐπεσήμαινε,
1526 3741 1615 3797 καὶ
1648 3738 1887 3804 πολλοῖς
1925 3727 1972 3777 7°

315 3825 580 3897 δικτύοις,
626 3828 701 3889 ὠς
750 3826 812 3882 ἄν
863 3827 1007 3883 εἴποι
1049 3848 1156 3899 τις,
1205 3832 1303 3899 τήν
1357 3832 1526 3900 θήραν
1586 3831 1973 3906 προκατελάμ-

313 3912 489 3974 ϐανεν·
531 3916 678 3974 ἀλλὰ
721 3922 790 3993 τῇ
849 3917 1103 3994 παρθένῳ
1153 3920 1311 3974 ταυτὶ
1363 3922 1539 3976 πάντα
1597 3920 1769 3996 λῆρος
1820 3922 1973 3998 ἀκρι-

312 4002 418 4077 ὄής
474 4007 567 4062 καὶ
625 4008 843 4082 νέμεσις
918 4006 1225 4085 ἐλογίζετο,
1284 4009 1373 4064 καὶ
1433 4008 1597 4087 γελᾷν
1661 4008 1877 4083 μᾶλλον
1934 4011 1970 4081 ἢ

313 4097 612 4175 προσέχειν
643 4098 915 4177 σώφροσιν
963 4095 1272 4176 ὀφθαλμοῖς
1332 4098 1422 4155 καὶ
1466 4099 1655 4163 ἀκοαῖς
1703 4101 1747 4136 τί
1797 4098 1970 4157 ἐδόκει

328 4184 470 4258 ἄξια.

392 4277 468 4334 Z'.
503 4278 822 4351 Ἀπορήσας
865 4275 958 4332 οῦν
1001 4275 1296 4353 ’Δγλαῖδας
1342 4282 1440 4335 τοῦ
1485 4277 1699 4335 τοιοῦδε
1747 4285 1973 4352 σκοποῦ,

316 4366 509 4441 ἱτὲραν
557 4362 767 4421 ὁδεύειν
805 4360 961 4439 ἔγνω·
1018 4366 1108 4422 καὶ
1164 4368 1302 4441 πρὸς
1352 4368 1530 4442 γάμου
1586 4370 1870 4425 κοινωνίαν
1930 4371 1977 4405 ⁷²

317 4456 609 4531 ἄγαγὲσθαι
665 4454 866 4526 ταύτην
921 4453 1125 4527 ἐζήτει.
1202 4457 1467 4515 Ἰουστίνα
1521 4459 1568 4496 ’⁷³
1626 4456 1682 4513 δὲ
1756 4458 1976 4539 νύμφην

307 4547 515 4615 ⁵ἑαυτὴν
585 4545 740 4618 μόνῳ
793 4549 873 4617 τῶ
948 4546 1170 4618 Χριστῷ
1252 4546 1773 4621 καθομολογήσασα,
1850 4550 1978 4611 τοὺς

316 4633 533 4696 ἄλλους
601 4635 832 4711 εὐγενῶς
900 4633 1152 4708 ἀπηξίου·

316 4723 547 4801 νυμφίος
579 4725 608 4779 ὁ
640 4725 740 4793 τήν
788 4723 1078 4799 παρθενίαν
1123 4723 1249 4799 ἐμοὶ
1299 4724 1607 4804 φυλάττων,
1656 4729 1748 4793 καὶ
1796 4726 1973 4803 μολυ-

320 4817 468 4887 σμοῦ
532 4816 718 4885 τηρῶν
778 4812 1154 4887 ἀνεπίμικτον.
1224 4814 1456 4879 Τούτοις
1506 4816 1797 4894 Ἀγλαὶδας
1855 4824 1972 4882 τοῖς

323 4904 530 4977 ῥήμασι
562 4902 731 4958 πλέον
760 4903 795 4973 ἤ
832 4901 1015 4979 βέλεσι
1062 4909 1501 4979 τιτρωσκόμενος
1543 4906 1733 4983 γνώμιῃ
1766 4908 1815 4943 75
1862 4908 1974 4979 (καὶ

324 4992 429 5068 γὰρ
487 4989 882 5069 ἀποτυγχάνων
940 4990 1077 5069 ἔρως
1138 4994 1433 5070 βαρύτερός
1489 5017 1545 5052 τε
1604 4997 1692 5052 καέ
1743 4998 1977 5060 Βιαιὸτε-

322 5100 419 5152 ρος
449 5081 538 5155 ⁷⁸),
572 5080 689 5137 ἐπεὶ
738 5083 913 5139 πάντα
956 5081 1128 5152 λίθον,
1178 5082 1209 5138 ὅ
1256 5082 1493 5159 λέγεται,
1542 5089 1785 5159 κινήσας,
1836 5087 1977 5162 εὕρι-

398 5290 420 5332 ι
452 5288 601 5349 Ρεει.
628 5305 744 5358 cvi,
782 5290 875 5349 32.

399 5435 450 5510 δέ
479 5436 746 5510 υἱῲ-τῷ,
786 5442 847 5510 If.
916 5437 1010 5510 7“,
1033 5441 1130 5495 τοῦ
1169 5435 1390 5510 λοιποῦ,
1421 5440 1484 5499 Ε.

332 5506 471 5579 ρστξ.
579 5508 627 5546 ⁵⁵
652 5508 769 5577 τὸν,
796 5508 868 5569 Β.
900 5509 963 5567 C.
996 5509 1064 5568 D.
1165 5511 1212 5548 ‘°
1260 5506 1468 5579 ἐπόθει,
1501 5518 1561 5571 Β.

1588 5441 1637 5479 ⁵⁵
1683 5440 1819 5499 add.
1864 5442 1950 5512 τὸ,
1999 5443 2065 5503 1³⁸.

1665 5513 1738 5589 δίῃ
1757 5512 1961 5589 ἒναγὶς,

2072 3396 2350 3467 perpetuo
2380 3388 2840 3445 machinaretur.
2883 3385 2993 3442 Sed
3035 3384 3085 3441 is
3116 3399 3249 3439 cum
3290 3383 3606 3439 admodum
3638 3381 3724 3437 la-

2070 3484 2260 3541 scivos
2278 3481 2515 3537 haberet
2534 3479 2754 3539 oculos.
2773 3476 2938 3549 prius
2959 3474 3193 3547 quidem
3217 3473 3342 3530 vias
3355 3472 3722 3539 observabat,

2071 3578 2129 3631 et
2148 3586 2483 3639 occurrens,
2507 3583 2636 3625 eam
2667 3566 2837 3623 bonis
2866 3564 3053 3621 verbis
3084 3563 3575 3636 prosequebatur,
3598 3561 3724 3617 lau-

2075 3661 2251 3719 dabat
2300 3656 2825 3732 pulchritudinem,
2870 3655 3103 3710 beatam
3150 3652 3416 3719 vocabat,
3459 3649 3614 3721 quod
3655 3665 3724 3704 ea

2072 3748 2158 3805 illi
2188 3745 2496 3817 obtigisset
2528 3760 2543 3811 ;
2576 3741 2785 3799 deinde
2815 3741 2989 3795 etiam
3034 3737 3384 3795 desiderium
3428 3752 3523 3806 per
3561 3750 3725 3807 quaa-

2072 3839 2207 3895 dam
2244 3836 2411 3907 signa
2443 3831 2832 3904 significabat,
2850 3834 2909 3886 et
2930 3828 3148 3896 multis,
3164 3832 3226 3882 ut
3247 3826 3541 3899 quispiam
3562 3825 3722 3879 dixe-

2075 3928 2169 3993 rit,
2194 3925 2417 3981 retibus
2450 3922 2700 3995 praedam
2738 3918 3196 3992 praeoccupabat.
3229 3917 3334 3972 Sed
3367 3914 3576 3985 virgini
3603 3912 3725 3969 haec

2081 4015 2285 4074 omnia
2314 4012 2735 4086 reputabantur
2766 4026 2939 4065 mersa
2970 4023 3139 4079 nugis
3169 4022 3234 4061 ac
3267 4006 3490 4077 probra,
3520 4004 3725 4075 digna-

2077 4122 2193 4179 que
2224 4102 2420 4176 potius
2449 4100 2804 4159 videbantur
2832 4114 2963 4171 quae
2995 4097 3347 4164 riderentur,
3389 4109 3561 4167 quam
3596 4108 3722 4165 quas

2078 4194 2443 4251 attenderent
2475 4189 2667 4262 pudici
2697 4188 2851 4245 ocull
2880 4195 2933 4243 et
2962 4202 3153 4244 aures.

2149 4283 2268 4339 VII.
2304 4282 2448 4338 Cum
2480 4279 2638 4335 hunc
2666 4293 2803 4349 ergo
2835 4292 3079 4349 scopum
3103 4292 3217 4332 non
3241 4273 3527 4348 potuisset
3554 4270 3725 4329 attin-

2080 4389 2215 4447 gere
2241 4370 2537 4442 Aglaidas,
2560 4368 2677 4426 alia
2706 4369 2798 4424 via
2827 4367 3053 4439 ingredi
3087 4366 3312 4433 statuit,
3342 4369 3400 4421 et
3427 4380 3519 4421 em
3539 4361 3724 4436 petiit,

2084 4468 2149 4519 ut
2179 4462 2418 4518 duceret
2447 4459 2505 4514 in
2538 4457 2868 4515 societatem
2892 4454 3269 4512 matrimonii.
3302 4454 3475 4510 Justa
3503 4457 3721 4519 autem,

2083 4568 2207 4627 quas
2238 4566 2301 4607 se
2332 4548 2440 4608 soli
2474 4548 2704 4606 Christo
2739 4547 3002 4621 professa
3041 4546 3223 4602 fuerat
3271 4543 3393 4601 fore
3421 4557 3720 4616 sponsam,

1247 4636 1495 4712 Ἀρκεῖος
1560 4639 1628 4707 ⁷⁴,
1708 4637 1966 4716 λέγουσα,

2088 4644 2228 4701 alios
2247 4644 2582 4699 constanter
2594 4636 3043 4710 dedignabatur,
3060 4635 3289 4691 dicens:
3312 4631 3728 4704 Sufﬁcitspon-

2083 4748 2209 4800 sus,
2264 4730 2365 4801 qui
2439 4727 2585 4784 mihi
2642 4730 2831 4783 servat
2884 4724 3301 4796 virginitatem,
3359 4726 3418 4777 et
3472 4718 3727 4775 custodit

2083 4838 2285 4894 puram
2336 4820 2408 4877 ab
2448 4818 2607 4875 omni
2656 4816 3125 4888 inquinamento.
3168 4814 3267 4869 His
3309 4810 3501 4869 verbis
3540 4807 3727 4876 Aglai-

2084 4911 2189 4968 das
2221 4909 2429 4981 magis,
2463 4922 2639 4981 quam
2670 4904 2828 4971 telis,
2859 4904 3152 4961 sauciatus
3184 4902 3296 4958 fuit
3328 4919 3342 4970 ;
3374 4916 3540 4958 amor
3569 4896 3724 4954 enim

2088 5000 2185 5076 qui
2217 4999 2373 5073 quod
2406 4998 2527 5055 vult
2556 5013 2672 5053 non
2696 4994 3049 5069 assequitur,
3073 4994 3137 5048 ﬁt
3165 4991 3395 5065 gravior
3422 4994 3480 5045 et
3507 4987 3727 5044 violen-

2086 5091 2217 5148 tior.
2238 5091 2553 5162 Postquam
2580 5090 2775 5145 autem
2793 5084 2953 5143 omni
2976 5087 3151 5153 moto,
3174 5086 3239 5140 ut
3259 5080 3490 5147 dicitur,
3512 5077 3728 5151 lapide,

2165 5441 2210 5479 ⁸⁸
2239 5442 2403 5498 deest
2449 5443 2510 5499 Β.
2545 5444 2604 5499 C.
2637 5442 2705 5500 D.
2736 5442 2801 5500 E.
2850 5441 2911 5501 Ρ.

3014 5438 3060 5478 ⁸⁷
3104 5439 3261 5507 Θεοῦ,
3291 5440 3389 5510 Δ.Δ
3459 5436 3519 5510 ⁸³,
3552 5433 3733 5510 ψαλμ.

2172 5512 2228 5586 βξ
2244 5509 2719 5586 Δἐῖτςιρκοδομοῦιξα.
2761 5512 2827 5572 D.

2936 5511 2983 5550 ⁸³
3026 5513 3210 5581 deest,
3246 5506 3322 5569 7F.
3370 5508 3425 5581 ‘9
3461 5506 3623 5575 αὐτῆ.
3674 5506 3735 5581 Ε.

333 5577 383 5658 ἒξ
412 5577 573 5658 deest
599 5584 720 5658 tota
751 5581 1114 5658 parenth._B.
1175 5580 1237 5658 ff
1266 5577 1472 5658 ὥσπερ,
1501 5588 1569 5642 Α.
1599 5616 1669 5629 -
1697 5577 1875 5658 ᾧπερ,
1903 5577 1967 5658 ρ’.

2136 5577 2603 5658 "tamtamen.
2633 5577 2794 5643 αι).
2831 5583 2985 5658 E._F.
3060 5583 3111 5621 ⁸³
3140 5577 3637 5658 μήχανομένηςεΒ-
3672 5578 3737 5658 E-

323 5652 381 5688 "
411 5651 625 5722 desunt
654 5651 780 5709 dua:
808 5669 999 5722 voces,
1029 5654 1098 5712 Ι).
1174 5653 1223 5691 το
1250 5651 1540 5719 Romae.
1616 5658 1660 5697 '"

339 5722 389 5756 ⁷³
421 5720 657 5792 Ἰούστα,
694 5729 755 5779 Δ.
834 5722 883 5758 ⁷⁴
911 5720 1151 5799 ἀρκετος,
1187 5728 1245 5783 Ρ.
1324 5726 1368 5762 ⁷³
1399 5729 1580 5798 deest,
1610 5733 1669 5788 C.
1702 5729 1767 5789 D.
1804 5720 1865 5788 Ρ.

1737 5654 1871 5764 rei:
1901 5655 2296 5764 igéaQUta'leg.
2321 5662 2469 5764 negt.
2520 5659 2581 5713 Β.
2615 5658 2699 5728 C.)
2730 5688 2798 5700 -—
2823 5654 3030 5726 ἀνάξια,
3064 5658 3128 5715 Α.

3299 5651 3640 5719 κο-ινωνείαν,
3671 5651 3736 5709 Β.

1968 5729 1990 5763 ⁶
2022 5726 2367 5803 βιαιώτερας,
2395 5730 2457 5788 Β.
