4144 6184
413 348 531 411 855

1704 345 1992 405 MENSIS
2038 342 2527 406 SEPTEMBER.

3707 339 3829 400 836

409 508 691 583 virginem
709 507 928 565 invenit
942 505 1300 563 immobilem
1317 506 1690 579 ,ﬁrmamque
1704 524 1766 562 ac
1783 508 2060 577 stabilem,

2176 527 2267 561 σκε
2294 506 2392 575 τὴν
2444 502 2708 579 παρθένον
2759 501 3012 574 ἀκίνητον
3061 504 3151 558 καὶ
3199 500 3444 578 περῥάν,
3490 499 3580 555 καὶ
3631 498 3831 575 λόγοις

410 609 466 658 et
497 616 625 672 quas
657 599 848 653 verbis
881 598 1188 652 fallacibus
1222 598 1463 651 minime
1497 602 1687 666 posset
1717 599 1844 668 capi
1880 615 1894 663 ;
1930 614 2064 652 cum

410 705 525 745 non
544 704 777 758 parvam
794 702 1021 741 manum
1039 684 1631 751 collegisset,eteosin
1649 702 1813 738 suam
1831 686 2066 739 allexis—

412 784 499 835 set
536 776 921 842 sodalitatem,
964 776 1147 844 ipsam
1184 774 1239 827 in
1280 775 1371 826 via
1401 780 1491 827 est
1522 791 1854 845 aggressus,
1878 778 1934 829 et
1967 792 2067 846 per

412 871 530 924 vim
586 873 829 922 conatus
888 871 978 920 est
1031 881 1156 919 eam
1208 864 1493 920 abducere
1530 882 1643 936 quo
1675 864 1920 921 volebat.
1958 866 2063 921 Sed

413 957 612 1015 statim
635 972 768 1010 cum
793 955 901 1010 hoc
925 954 1109 1008 audax
1135 957 1195 1008 et
1217 953 1502 1008 nefarium
1538 954 1763 1009 facinus
1794 955 2061 1010 auditum

411 1046 617 1102 fuisset
658 1046 718 1100 in
764 1044 1017 1111 civitate,
1052 1048 1109 1098 et
1164 1042 1223 1096 in
1268 1042 1494 1098 aedibus
1540 1044 1768 1111 matris,
1799 1046 2067 1100 exierunt

415 1133 593 1191 simul
654 1150 785 1189 cum
836 1133 1017 1186 armis
1068 1130 1329 1202 plurimi,
1370 1130 1527 1201 iique
1575 1132 1895 1187 fortissimi.
1956 1132 2064 1196 Qui

414 1239 547 1281 cum
564 1222 755 1278 solum
775 1218 1349 1288 fuissentconspecti,
1369 1218 1704 1287 effecerunt,
1722 1226 1783 1275 ut
1802 1221 2068 1276 scelerati

412 1312 498 1367 illi
528 1316 583 1367 et
612 1310 948 1365 exsecrandi
978 1306 1211 1364 assecles
1240 1317 1668 1373 evanescerent,
1695 1325 1807 1364 non
1842 1315 1957 1365 tam
1982 1327 2066 1367 ce-

414 1403 614 1457 dentes
648 1398 870 1467 manui,
895 1414 1069 1467 quam
1119 1396 1347 1467 expulsi
1388 1397 1611 1451 fortiter
1640 1397 1721 1452 rei
1766 1399 2065 1458 dedecore.

490 1491 647 1547 VIII.
682 1488 961 1560 Aglaidas
992 1492 1188 1543 autem
1221 1489 1369 1558 (erat
1397 1486 1553 1541 enim
1577 1487 1628 1541 ei
1662 1488 1889 1542 affectio
1919 1505 2067 1560 quo-

411 1584 499 1638 vis
520 1582 741 1652 pudore
764 1579 1295 1649 violentior)neque
1316 1578 1571 1645 ensium,
1592 1594 1782 1650 neque
1808 1578 2069 1635 multitu-

416 1671 594 1740 dinis,
630 1685 818 1740 neque
864 1668 1044 1722 ullius
1077 1668 1158 1722 rei
1191 1667 1434 1722 alterius
1466 1684 1665 1722 curam
1699 1684 1929 1739 gerens,
1963 1670 2064 1725 sed

411 1759 699 1830 virginem
725 1756 1107 1829 amplectens,
1124 1761 1357 1826 paratus
1373 1766 1492 1811 erat
1516 1757 1715 1811 omnia
1730 1759 1846 1827 pati
1873 1759 2066 1827 potius

416 1865 592 1922 quam
627 1850 697 1902 ab
734 1864 801 1902 ea
828 1847 1147 1901 discedere.
1180 1844 1355 1917 Virgo
1396 1855 1586 1900 autem
1620 1853 1744 1901 erat
1788 1848 1956 1917 plane
1983 1848 2065 1902 id-

415 1938 631 2010 ipsum.
664 1938 815 2009 quod
856 1935 1089 2006 Ioseph,
1127 1934 1225 2007 qui
1281 1939 1403 2007 erat
1455 1936 1958 1992 moderatissimus
2007 1943 2064 1993 et

418 2026 911 2101 generosissimus
946 2042 958 2093 ;
993 2031 1049 2080 et
1079 2023 1270 2079 crucis
1310 2025 1560 2096 ﬁguram
1589 2030 1869 2096 tanquam
1903 2043 2064 2083 arma

419 2133 744 2191 opponens,
772 2131 885 2171 non
909 2119 1026 2168 tam
1061 2113 1342 2169 adversus
1364 2114 1549 2185 illum,
1583 2131 1759 2186 quam
1783 2132 1939 2185 eum,
1965 2118 2065 2187 qui

416 2222 521 2281 per
540 2205 705 2261 illum
726 2205 910 2277 ipsam
930 2202 1098 2258 tacite
1119 2205 1441 2259 conabatur
1461 2220 1813 2277 oppugnare,
1830 2212 2064 2277 repente

423 2295 772 2353 sceleratum
804 2292 971 2349 illum
996 2296 1053 2348 et
1075 2295 1494 2349 exsecrandum
1523 2295 1733 2366 repulit
1754 2312 1819 2351 ac
1842 2296 2060 2367 rejecit,

424 2404 678 2461 eumque
717 2385 986 2457 plurimis
1035 2384 1228 2441 affecit
1268 2387 1682 2464 .contumeliis,
1715 2392 1772 2443 et
1814 2386 2062 2454 vultum,

416 2480 565 2550 (erat
582 2476 738 2534 enim
760 2475 992 2547 dignus)
1014 2475 1219 2546 pugnis
1242 2474 1568 2548 implevitet
1591 2476 1802 2548 sputis.
1822 2476 1931 2533 Sed
1956 2476 2060 2545 illi,

414 2566 513 2641 qui
564 2569 927 2640 processerat
968 2565 1037 2620 ad
1090 2568 1404 2621 extremam
1462 2567 1679 2621 amoris
1722 2567 2062 2639 amentiam,

414 2656 538 2712 haec
569 2655 803 2730 quidem
847 2671 1053 2727 parum
1086 2658 1252 2710 erant
1281 2671 1451 2712 curas.
1488 2655 1681 2711 Unum
1715 2660 1907 2712 autem
1940 2660 2063 2711 erat

418 2745 651 2818 velipsa
674 2752 856 2800 morte
882 2745 1131 2813 gravius.
1147 2743 1373 2799 Justam
1394 2761 1509 2798 non
1525 2744 1774 2815 assequi.
1792 2746 2060 2817 Propter-

422 2849 489 2891 ea
519 2850 649 2889 eum
694 2835 851 2889 brevi
884 2837 1143 2902 tempore
1190 2833 1380 2886 tenuit
1412 2832 1665 2899 tristitia,
1689 2842 1741 2887 et
1772 2849 2063 2904 compres-

418 2922 497 2980 sit
543 2923 727 2978 dolor.
784 2925 1102 2990 Postquam
1153 2936 1286 2975 vero
1337 2936 1555 2987 rursus,
1611 2929 1669 2973 ut
1716 2921 1796 2974 ita
1843 2923 2059 2992 dicam,

420 3011 635 3065 exarsit
665 3009 977 3080 cupiditas,
1010 3006 1107 3061 ille
1137 3013 1327 3061 autem
1362 3010 1429 3060 ad
1453 3008 1502 3061 ei
1532 3007 1918 3062 resistendum
1951 3009 2062 3063 mi-

418 3098 575 3154 nime
619 3102 771 3152 esset
817 3096 1185 3161 exercitatus,
1220 3096 1319 3149 sed
1368 3095 1535 3150 valde
1578 3097 1924 3167 ineruditus,
1959 3115 2064 3154 nec

419 3189 619 3260 posset
650 3184 782 3240 torti
816 3200 881 3238 ac
913 3199 1194 3255 generosa
1223 3183 1577 3254 cogitatione
1608 3184 1883 3253 repellere
1910 3188 2061 3243 desi-

419 3249 667 3343 derium,
693 3272 824 3329 fecit
854 3249 1095 3328 omnino
1117 3289 1244 3342 quae
1265 3249 1426 3328 dolor
1445 3249 1781 3344 eijubebat,
1814 3281 1870 3331 et
1900 3294 1962 3333 se
1991 3278 2060 3333 ad
2094 3249 2143 3316 Ε

411 3363 547 3429 alia,
582 3379 708 3435 qua
741 3379 854 3418 non
881 3368 1046 3418 erant
1075 3369 1298 3435 aperta,
1331 3363 1556 3434 paravit
1584 3364 1924 3425 certamina.

482 3543 576 3601 IX.
610 3543 756 3600 Cum
800 3551 993 3599 autem
1023 3544 1095 3599 ad
1147 3543 1302 3599 hunc
1341 3544 1533 3601 locum
1562 3548 1823 3617 pervenit
1853 3550 2055 3618 oratio,

406 3633 533 3691 volo
586 3650 789 3689 rursus
818 3633 1163 3703 simpliciter
1206 3639 1263 3690 et
1292 3639 1485 3704 aperte
1516 3638 1828 3707 quamdam
1872 3639 2060 3697 facere

407 3723 822 3791 narrationem,
873 3721 971 3777 illa
1019 3723 1242 3790 dicens,
1290 3740 1423 3795 quae
1472 3723 1687 3782 habent
1734 3733 1953 3784 certam
2003 3734 2059 3786 et

413 3818 674 3887 apertam
707 3813 1030 3869 veritatem.

482 3902 549 3959 X.
582 3902 910 3974 Cyprianus
937 3902 1173 3971 quidam
1201 3904 1539 3959 versabatur
1566 3906 1907 3974 Antiochiae,
1942 3926 2056 3981 quo

406 3994 667 4064 tempore
699 3991 926 4062 imperii
966 3999 1189 4060 sceptra
1217 3992 1452 4047 tenebat
1482 3992 1714 4063 Decius,
1746 3996 1836 4051 cui
1869 4000 2057 4069 patria

410 4081 643 4153 quidem
685 4083 809 4135 erat
856 4079 1143 4151 Carthago
1192 4080 1251 4134 in
1296 4082 1473 4154 Libya
1503 4083 1607 4155 (α),
1642 4096 1908 4152 parentes
1952 4105 2052 4143 au-

409 4174 527 4225 tem
578 4184 786 4241 genere
831 4168 969 4223 clari
1018 4177 1070 4224 et
1122 4168 1374 4235 divites;
1407 4172 1585 4227 dabat
1641 4189 1774 4229 vero
1824 4191 2053 4245 operam

410 4257 810 4330 philosophia,
836 4263 892 4311 et
913 4258 1022 4312 arti
1048 4260 1307 4330 magica).
1336 4259 1480 4314 Cum
1507 4261 1565 4314 in
1590 4278 1687 4316 eas
1719 4263 1789 4318 ab
1821 4265 2055 4322 ineunte

406 4351 574 4404 etate
627 4350 886 4404 studium
945 4349 1260 4419 posuisset,
1302 4351 1372 4405 ad
1443 4369 1745 4411 summum
1798 4358 2055 4428 pervenit

405 4436 731 4508 utriusque,
765 4453 898 4494 cum
948 4437 1124 4494 simul
1172 4443 1227 4494 et
1264 4440 1634 4512 diligentiam
1684 4450 1740 4501 et
1775 4448 2051 4503 acutissi-

408 4541 567 4581 mum
600 4526 895 4583 attulisset
933 4527 1252 4596 ingenium.
1287 4529 1562 4601 Magnum
1612 4539 1799 4589 autem
1840 4553 2052 4595 nomen

2172 596 2479 668 ἀπατηλοῖς
2530 598 2826 671 ἀθήρατον,
2878 603 3039 671 χεῖρα
3088 595 3397 670 συναγαγὼν
3459 594 3560 648 οὐκ
3597 591 3828 670 ὀλίγην,

2171 687 2259 741 καὶ
2291 687 2415 747 τοὺς
2442 686 2565 760 περὶ
2604 686 2669 739 τά
2718 684 2951 759 ἐρωτικά
2999 688 3164 739 ταῦτα
3217 680 3426 744 δεινοὺς
3473 701 3829 755 προσεταιρι-

2173 776 2427 847 σάμενος,
2484 776 2602 838 καθ’
2663 772 2787 829 ὁδὸν
2840 774 2887 811 ⁷⁷
2942 775 3080 847 αὐτῇ
3129 772 3421 841 ἐπετίθετο,
3471 771 3560 825 καὶ
3620 771 3831 845 ἀπαγα-

2171 871 2287 939 γεῖν
2318 867 2360 901 ⁷⁸
2399 859 2641 931 ἐϐιάζετο
2690 857 2812 917 ἔνθα
2860 860 2925 931 δὴ
2977 863 3065 916 καὶ
3114 858 3410 931 ἠϐούλετο.
3464 858 3621 917 Ἀλλ’
3670 859 3827 920 εὐθὺς

2172 954 2247 1015 εἰς
2277 956 2375 1023 τὴν
2421 954 2582 1007 πόλιν
2632 953 2721 1007 καὶ
2772 953 2871 1020 τὴν
2922 959 3022 1020 τῆς
3070 952 3286 1028 μητφὸς
3332 950 3503 1005 οἰκίαν
3554 947 3830 1005 διαδοθέν·

2168 1064 2261 1103 τος
2290 1046 2388 1097 τοῦ
2417 1042 2624 1097 ἀτόπου
2672 1038 2831 1096 τοῦδε
2878 1044 2924 1078 ⁷³
2972 1041 3360 1115 τολμήματος,
3415 1042 3526 1112 ἅμα
3572 1038 3826 1094 πλεῖστοι

2170 1133 2258 1187 καὶ
2314 1132 2593 1207 κράτιστοι
2652 1130 2746 1185 σὺν
2808 1128 3005 1192 ὅπλοις
3063 1129 3304 1203 ἐξῄεσαν
3385 1127 3444 1183 οἵ
3499 1128 3586 1183 καὶ
3656 1127 3825 1201 μόνον

2172 1220 2418 1298 ὀφθέντες
2481 1220 2609 1281 τοὺς
2673 1218 2969 1293 βδελυροὺς
3029 1218 3265 1282 ἐκείνους
3340 1219 3559 1297 ἀφανεῖς
3620 1212 3823 1289 ἔθεντο,

2172 1310 2233 1365 οὐ
2283 1311 2431 1384 χειρὶ
2485 1308 2698 1383 μᾶλλον
2752 1306 2992 1369 εἷ’κοντας
3032 1310 3067 1378 ἢ
3098 1312 3167 1381 τῇ
3212 1312 3309 1363 τοῦ
3357 1307 3683 1381 πράγματος
3736 1307 3828 1362 αἲ-

2173 1399 2348 1475 σχόνῃ
2382 1404 2655 1475 κραταιῶς
2683 1397 3186 1471 ἀπελαυνομένους.

2243 1492 2323 1548 II‘.
2357 1486 2651 1565 Ἀγλαίδας
2682 1486 2739 1543 δὲ
2777 1489 2891 1561 (καὶ
2923 1489 3027 1563 γάρ
3080 1488 3341 1563 αἰσχύνης
3394 1487 3571 1559 πάσης
3612 1489 3674 1541 τὸ
3722 1488 3828 1541 πά-

2169 1581 2265 1643 θος
2304 1580 2368 1648 ἦν
2424 1578 2571 1651 αὐτῴ
2635 1577 2940 1653 βιαιότερον
3007 1577 3098 1651 8θ),
3169 1574 3291 1631 οὔτε
3348 1578 3514 1654 ξιφῶν
3570 1577 3639 1645 ⁸⁸,
3700 1574 3827 1632 οὔτε

2169 1668 2437 1739 πλήθους,
2474 1668 2587 1723 οἶίτ’
2626 1665 2802 1722 ἄλλου
2832 1667 2979 1729 τινὸς
3012 1665 3325 1741 φροντίσας,
3371 1664 3517 1721 ἀλλὰ
3564 1669 3633 1739 τῇ
3683 1687 3827 1741 παρ-

2169 1758 2301 1831 θένῳ
2340 1756 2715 1833 περιπλακεὶς,
2766 1758 2934 1812 πάντα
2982 1757 3169 1810 παθεῖν
3218 1754 3440 1828 ἕτοιμος
3489 1756 3555 1825 ἦν
3605 1753 3820 1828 μᾶλλον

2171 1847 2207 1919 ἤ
2257 1848 2423 1917 αὐτῆς
2474 1846 2797 1916 ἀποστῆναι’
2843 1848 2879 1915 ἡ
2927 1843 3003 1915 δὲ,
3054 1846 3255 1922 Ἰωσήφ
3304 1843 3635 1920 αὐτόχρημα
3681 1842 3747 1910 ἦν
3795 1845 3823 1898 ὁ

2171 1935 2653 2016 σωφρονικώτατός
2708 1956 2765 1990 τε
2822 1936 2913 1990 καὶ
2971 1936 3372 2012 γενναιότατος,
3429 1935 3515 1987 καὶ
3574 1934 3667 1988 τὸν
3724 1937 3824 1988 τοῦ

2173 2028 2404 2100 σταυροῦ
2460 2024 2627 2077 τύπον
2677 2024 2857 2098 ὥσπερ
2916 2021 3088 2077 ὅπλον
3146 2017 3576 2096 προϐαλλομένη
3629 2020 3698 2086 ⁸⁸,
3761 2020 3823 2075 οὐ

2169 2118 2289 2170 κατ’
2320 2114 2526 2169 ἐκείνου
2561 2110 2775 2186 μᾶλλον
2827 2112 2862 2181 ἤ
2906 2115 3003 2166 τοῦ
3053 2109 3120 2166 δι’
3163 2110 3372 2165 ἐκείνου
3420 2108 3683 2183 πολεμεῖν
3730 2110 3826 2165 αὖ·

2169 2205 2268 2273 τὴν
2319 2204 2366 2239 ⁸³
2413 2206 2664 2273 κρυπτῶς
2723 2202 3089 2274 πειρωμένου,
3142 2197 3492 2274 διεκρούσατο
3539 2221 3598 2255 τε
3647 2219 3825 2273 παρα-

2173 2301 2369 2370 χρῆμα
2398 2293 2488 2348 τὸν
2525 2293 2719 2367 μιαρὸν
2756 2292 2845 2345 καὶ
2896 2291 3175 2357 ἀπώσατο,
3218 2285 3398 2365 ὕϐρεις
3448 2310 3505 2346 τε
3555 2288 3682 2351 ὅσας
3735 2290 3829 2344 αὗ-

2172 2389 2267 2439 τοῦ
2308 2382 2551 2459 κατέχεε,
2602 2382 2691 2436 καὶ
2742 2382 2841 2449 τὴν
2903 2376 3028 2454 ὄψιν
3089 2379 3231 2453 (ἀξία
3288 2379 3391 2455 γὰρ
3449 2382 3536 2453 ἦν)
3593 2384 3829 2454 πυγμῶν

2175 2470 2483 2545 ἐνεπίμπλα
2547 2472 2632 2525 καὶ
2695 2469 3113 2543 ἐμπτυσμάτων.
3189 2468 3345 2525 Ἀλλ’
3414 2466 3603 2542 ἒκείνῳ
3686 2469 3829 2540 πρὸς

2176 2561 2402 2638 ἔσχατον
2447 2561 2631 2623 ἀνοίας
2672 2558 2904 2629 ἔλθόντι,
2957 2557 3169 2632 μᾶλλον
3218 2556 3273 2612 δὲ
3326 2559 3517 2630 μανίας
3561 2558 3646 2611 καὶ
3691 2558 3829 2613 λύσ-

2171 2674 2271 2721 σης
2316 2652 2608 2726 ἐρωτικῆς,
2652 2654 2824 2704 ταῦτα
2875 2649 2968 2721 μὲν
3018 2646 3186 2724 ὀλίγη
3235 2648 3473 2722 φροντίς·
3519 2644 3574 2702 ἓν
3630 2644 3686 2701 δὲ
3733 2648 3823 2701 καὶ

2173 2743 2340 2797 αὐτοῦ
2378 2740 2607 2796 θανάτου
2644 2739 2936 2815 βαρύτερον
2967 2737 3030 2791 τὸ
3061 2737 3355 2807 Ἰουστίνης
3403 2736 3452 2771 ⁸⁴
3498 2736 3824 2814 ἀποτυχεῖν.

2177 2832 2270 2887 Διᾶ
2300 2834 2461 2886 τοῦτο
2500 2830 2590 2884 καὶ
2635 2829 2771 2903 πρὸς
2824 2826 3003 2903 βραχὺ
3052 2827 3317 2905 κατήφειά
3363 2846 3422 2880 τε
3470 2825 3627 2879 αὐτὸν
3680 2824 3826 2899 εἶχε,

2173 2921 2262 2975 καὶ
2305 2919 2453 2989 λύπη
2514 2916 2885 2973 συνέστελλεν.
2945 2915 3096 2972 Ἐπεὶ
3150 2914 3204 2969 δὲ
3250 2917 3317 2969 τὰ
3374 2914 3424 2950 ⁸⁵
3478 2920 3577 2983 τῆς
3634 2912 3827 2977 ἐπιθυ-

2179 3009 2300 3084 μίας
2340 3010 2384 3046 ⁸⁵
2414 3007 2564 3070 αὗθις
2595 3008 2761 3062 εἰπεῖν
2811 3002 3137 3082 ἀνεφλέγετο
3189 3000 3330 3077 (ὁδε
3379 3004 3503 3077 περὶ
3549 3003 3646 3071 τήν
3697 3002 3831 3057 ταύ-

2174 3121 2273 3170 της
2334 3097 2636 3153 ἀντίστασιν
2684 3092 3022 3168 ἀμελέτητός
3078 3113 3136 3148 τε
3179 3093 3268 3162 ἦν,
3308 3093 3395 3147 καὶ
3451 3091 3570 3147 λίαν
3621 3088 3827 3147 ἄπαιδα

2173 3191 2446 3266 γώγητος,
2496 3189 2583 3242 καὶ
2647 3186 2746 3241 οὐκ
2793 3186 2936 3259 εἶχεν
2984 3180 3347 3238 ἀναπαλαῖσαι
3406 3180 3662 3255 λογισμῷ
3707 3201 3831 3255 γεν-

2173 3281 2304 3353 ναίῳ
2333 3281 2430 3349 τὴν
2483 3274 2704 3357 ἔφεσιν),
2762 3274 2936 3330 ἐποίει
2976 3274 3192 3334 παντως
3241 3272 3374 3347 ἅπερ
3425 3271 3572 3343 αὖτῷ
3607 3270 3670 3325 τὸ
3717 3271 3829 3324 πά-

2172 3372 2264 3431 θος
2319 3368 2590 3437 ἐπέταττε,
2659 3366 2749 3421 καὶ
2820 3365 2955 3440 πρὸς
3027 3362 3243 3439 ἀγῶνας
3314 3360 3527 3437 ἑτέρους
3605 3361 3829 3435 ἀφανεῖς

2170 3456 2455 3517 ἀπεδῦετο.

2242 3551 2317 3605 Θ“.
2350 3545 2477 3604 Ὧδε
2535 3546 2592 3602 δὲ
2640 3550 2736 3602 τοῦ
2797 3544 2970 3620 λόγου
3027 3542 3336 3620 γενόμενος,
3392 3538 3676 3601 ἂπλοϊκῶς
3732 3539 3830 3593 καὶ

2171 3644 2353 3717 σαφῶς
2386 3638 2661 3715 βούλομαι
2711 3633 2875 3690 πάλιν
2923 3634 2970 3670 ⁸⁷
3013 3634 3342 3703 ποιήσασθαι
3393 3630 3491 3698 τήν
3539 3626 3827 3717 διήγησιν,

2171 3716 2345 3784 εκεῖνα
2397 3726 2787 3806 φθεγγόμενος,
2868 3726 3001 3796 ἅπερ
3049 3718 3494 3796 ὡμολογημένην
3551 3716 3666 3792 ἕχει
3730 3718 3826 3771 καὶ

2169 3818 2398 3897 φανερὰν
2428 3818 2526 3885 τήν
2556 3815 2837 3885 ἀλήθειαν.

2240 3910 2294 3965 I'.
2339 3904 2645 3982 Κυπριανός
2676 3923 2759 3966 τις
2796 3903 2845 3956 έν
2877 3906 2946 3976 τῇ
2980 3901 3312 3975 ’Δντιοχέων
3346 3892 3633 3973 διέτριϐεν,
3657 3893 3828 3964 ἡνίκα

2165 3998 2230 4051 τὰ
2259 3998 2303 4033 ⁸⁸
2346 4002 2446 4065 τῆς
2496 3993 2777 4070 βασιλείας
2847 3997 3095 4064 σκῆπτρα
3152 3988 3338 4049 Δέκιος
3398 3988 3563 4060 εἶχεν·
3616 3985 3675 4045 ὃς
3725 4004 3831 4037 πα-

2166 4083 2323 4159 τρίδα
2358 4083 2457 4157 μὲν
2488 4080 2653 4162 ηὔχει
2684 4074 3017 4156 Καρχηδόνα
3046 4079 3094 4115 ⁸9
3122 4079 3221 4147 τὴν
3271 4075 3322 4131 ἔν
3368 4070 3570 4149 Λιϐύῃ,
3620 4074 3831 4162 γεννη-

2162 4194 2326 4247 τορας
2362 4171 2421 4227 δὲ
2451 4159 2570 4228 τῶν
2591 4159 2823 4246 εὐγενῶν
2857 4170 2949 4225 καῖ
2983 4166 3281 4223 πλουσίων·
3315 4162 3611 4240 φιλοσοφία
3646 4159 3705 4215 δὲ
3750 4161 3824 4229 ἦν

2165 4262 2310 4334 αὖτῷ
2348 4260 2439 4316 καὶ
2471 4258 2632 4335 τέχνη
2681 4259 2889 4334 μαγικὴ
2938 4258 3001 4312 τὸ
3046 4253 3539 4334 φιλοπονούμενον.
3587 4249 3826 4312 Ταύταις

2164 4352 2364 4407 ἐκνέου
2422 4354 2733 4427 προσέχων,
2796 4348 2871 4410 εἷς
2929 4347 3251 4423 ἀμφοτέρων
3298 4342 3575 4418 ἀκρότητα
3619 4338 3821 4408 ἤλασε,

2166 4438 2406 4511 σπουδὴν
2464 4442 2575 4514 ἅμα
2634 4440 2721 4494 καὶ
2767 4438 2921 4516 φύσιν
2987 4435 3247 4506 ὀξυτάτην
3308 4430 3646 4505 εἰσενεγκὼν
3693 4428 3825 4483 ὀνό-

2172 4550 2342 4604 ματος
2376 4529 2432 4585 δὲ
2484 4528 2725 4605 μεγάλου
2781 4527 2991 4602 τυχὼν,
3052 4524 3114 4579 οὔ
3169 4522 3336 4596 μόνον
3394 4517 3729 4595 Καρχηδόνα
3768 4520 3822 4555 ⁸⁸

404 4622 731 4683 assecutus,
774 4634 887 4672 non
940 4616 1133 4673 solum
1183 4619 1591 4686 Carthaginem
1650 4625 1831 4681 voluit
1887 4644 2054 4684 suam

2176 4628 2423 4695 χωρῆσαι
2455 4620 2516 4675 τὸ
2548 4618 2753 4674 ἐκείνου
2784 4617 2946 4676 κλέος
2974 4615 3223 4687 ἠξίωσεν,
3256 4609 3403 4667 ἀλλά
3434 4610 3522 4664 καὶ
3568 4610 3668 4677 τήν
3718 4627 3819 4662 πε-

399 4704 650 4780 gloriam
702 4706 1024 4777 pervenire,
1057 4708 1156 4762 sed
1214 4706 1509 4780 insignem
1568 4728 1799 4785 quoque
1854 4717 2055 4773 Antio-

402 4796 596 4853 chiam
646 4797 830 4853 voluit
871 4798 1082 4854 habere
1129 4802 1335 4855 testem
1385 4818 1501 4857 suae
1550 4805 1870 4876 sapientiae,
1903 4813 1958 4864 et
1996 4809 2055 4866 in

406 4887 650 4962 magicis
682 4889 855 4945 rebus
882 4889 1251 4958 eruditionis,
1287 4892 1481 4949 forsan
1515 4893 1634 4951 fore
1665 4913 1897 4969 quoque
1928 4916 2051 4956 exs-

403 4982 666 5051 pectans,
698 4983 761 5035 ut
803 4978 882 5034 ibi
914 4978 1133 5057 aliquid
1164 4986 1429 5058 disceret,
1458 4985 1615 5057 quod
1647 5004 1760 5045 non
1814 4990 1885 5045 ad
1949 4990 2054 5047 hoc

404 5081 595 5140 usque
624 5076 857 5142 tempus
890 5068 1192 5131 didicerat.

479 5272 525 5308 ⁷⁷
552 5274 672 5349 καθ]
711 5272 864 5349 ῥδὸν,
919 5283 982 5335 Β.
1028 5279 1090 5337 C.
1152 5312 1220 5324 -
1275 5279 1522 5349 καθοδὸν,
1585 5283 1646 5341 F.

407 5342 455 5450 '1
528 5341 936 5450 πῆοἱὶὶῖιιέέξη·
998 5352 1055 5450 l“.
1085 5429 1117 5450 ι,
1164 5354 1217 5450 ξῗ
1273 5352 1430 5450 siti,
1480 5341 1549 5450 .13-

408 5418 476 5496 AO.
507 5484 519 5495 ο
560 5418 810 5498 ξξόθςθὶ
843 5418 909 5498 D_.
1000 5418 1433 5498 ³⁸Καλχηδόνᾶ,
1480 5428 1541 5483 Β.

1748 5284 1793 5320 ⁷³
1846 5281 2079 5356 ἀγαγεῖν,
2095 5353 2114 5356 _
2147 5282 2209 5337 Β.

1660 5355 1707 5389 ⁵⁸
1762 5353 2025 5421 ’[ούστης,
2085 5353 2146 5409 C.

1644 5425 1692 5461 9°
1734 5419 2095 5499 Καλχηδόνα,
2146 5424 2207 5479 Β.

2168 4711 2460 4790 ρίϐλεπτον
2492 4710 2842 4786 Ἀντιόχειαν
2881 4707 3127 4780 μάρτυρα
3158 4709 3259 4772 τῆς
3291 4701 3458 4757 αὐτοῦ
3497 4698 3587 4754 καὶ
3619 4698 3821 4771 σοφίας

2164 4786 2255 4858 καῖ
2312 4809 2413 4872 τῆς
2471 4799 2594 4871 περὶ
2646 4819 2712 4851 τα
2775 4796 2981 4872 μαγικά
3049 4791 3359 4861 δεξιότητος
3431 4791 3471 4827 ⁹¹
3548 4786 3821 4857 ἠθέλησεν

2163 4891 2327 4968 ἔχειν’
2364 4890 2495 4952 ἴσως
2527 4886 2583 4944 δὶ
2625 4887 2715 4941 καὶ
2771 4888 2958 4958 μαθεῖν
3011 4904 3062 4935 τι
3111 4878 3492 4953 προσδοκήσας
3543 4876 3743 4931 ἰκεῖθεν
3791 4877 3825 4931 ὅ

2168 4987 2243 5060 μή
2281 4987 2446 5060 μέχρι
2479 4981 2597 5036 τότε
2632 4978 2965 5053 μεμάθηκεν.

2314 5279 2358 5315 79
2411 5274 2637 5347 τούτου,
2732 5271 2778 5308 ⁸ο
2832 5268 3189 5347 βιαιώτερονη
3223 5268 3282 5319 Β.
3334 5264 3431 5347 _“
3483 5262 3715 5347 ξίφους(

2250 5352 2297 5386 ³⁵
2359 5350 2491 5406 add.
2554 5344 2667 5412 καὶ,
2739 5332 2844 5400 Β.’
2910 5342 2955 5378 ⁸⁸
3021 5332 3294 5412 abeam.
3334 5340 3393 5412 Β,
3537 5332 3583 5368 ³⁷
3626 5334 3818 5412 εἰσρεῖν

2307 5404 2376 5459 θεν
2416 5420 2577 5476 Unus
2629 5404 2751 5472 erat
2801 5416 3087 5487 juvenum
3128 5404 3531 5487 doc-tissimus
3582 5404 3821 5487 artibus

406 5484 683 5568 sinistris.
722 5475 937 5568 Fraude
962 5475 2095 5568 pudicitigii'n—psi-tangere,niteris—rum
2126 5475 2363 5568 pro—tare:
2397 5475 2559 5564 Saepe
2588 5490 2761 5546 etiam
2801 5475 3109 5557 "magicum
3166 5485 3473 5536 cantamen
3516 5475 3664 5532 inire
3714 5490 3825 5545 per

405 5554 742 5627 sepulcra...
775 5554 979 5637 Pnun.,
1016 5566 1141 5640 Περί
1169 5554 1480 5643 Στεφίὶνωνέ
1514 5554 1713 5628 Passio
1745 5570 2017 5642 Cypriani
2045 5585 2060 5620 ι

2176 5567 2201 5621 D
2227 5566 2319 5621 24.

480 5702 559 5777 (a)
589 5703 698 5761 Alii
732 5708 944 5768 rectius
976 5712 1239 5769 sentiunt
1269 5716 1452 5783 patria
1480 5716 1658 5774 fuisse
1690 5715 2134 5774 Antiochenum.
2166 5712 2309 5770 Vide
2344 5712 2468 5768 Bar.
2502 5710 2562 5766 in
2594 5711 2713 5766 not.
2747 5707 2817 5766 ad
2851 5701 3146 5775 Martyrol.
3181 5700 3354 5759 Rom.
