4144 6184
385 337 500 398 85‘!

1473 334 1652 394 VITA
1705 335 1768 394 S.
1818 334 2188 400 CYPRIANI
2237 339 2712 400 ANTIOCHENI

3684 343 3801 403 858

457 497 567 553 IA‘.
602 497 744 571 Πρὸς
774 499 971 552 τοῦτον
1004 494 1097 551 οὗν
1130 491 1432 569 ’Δγλαῒδας
1465 494 1662 566 ἐλθὼν,
1692 502 1782 553 καί
1823 498 1892 555 τᾶ
1942 503 2036 556 τοῦ

2222 502 2314 559 Χῐ.
2344 503 2426 559 Ad
2463 518 2594 558 eum
2626 518 2760 575 ergo
2789 517 2924 559 cum
2955 504 3211 559 venisset
3241 504 3539 573 Aglaidas,
3571 508 3631 562 et
3657 522 3799 563 nar-

384 586 611 653 πάθους,
643 585 792 648 ὅπως
842 586 961 661 εἶχε
1002 582 1432 659 διηγησάμενος,
1482 586 1571 640 καὶ
1621 586 1703 641 ὅτι
1743 590 1789 624 ⁸³
1821 590 2033 665 Τέχνην

389 680 559 730 πᾶσαν
594 674 680 729 καὶ
724 681 888 750 χεῖρα
931 677 1156 745 κινήσας
1207 672 1464 746 οὐδεμίαν
1517 676 1671 751 εὗρον
1719 682 1816 733 τοῦ
1865 683 2035 734 κακοῦ

386 764 695 837 θεραπείαν,
755 762 902 819 ἀλλὰ
973 763 1186 817 πάντων
1258 765 1539 838 κρείττονα
1609 767 1707 835 τήν
1776 770 2035 844 παρθὲνον

389 852 716 925 ἐθεασάμην,
765 854 828 908 τὸ
876 851 1188 908 τελευταῖον
1237 854 1618 929 προστίθησιν’
1647 856 1751 911 δτι.
1806 858 1881 911 Σὺ
1934 859 2039 931 μό-

386 960 479 1003 νος
523 963 617 1014 μοι
665 942 993 1020 ὑπελείφθης
1046 948 1147 1011 τῆς
1198 948 1479 1021 συμφορᾶς
1534 944 1899 1019 παραμύθιον,
1949 949 2038 1001 καί

391 1032 476 1089 ἐπὶ
522 1035 605 1087 σοὶ
670 1034 823 1107 μόνῳ
882 1033 1178 1111 θαρρήσας,
1235 1032 1332 1089 τοῦ
1391 1038 1467 1107 μή
1523 1035 1809 1111 προκρίναι
1871 1039 2037 1112 μέχρι

387 1124 478 1178 καὶ
508 1126 600 1177 νῦν
642 1122 734 1179 τὸν
768 1123 993 1179 θάνατον
1024 1130 1124 1192 τῆς
1159 1128 1302 1193 ζωῆς
1330 1124 1428 1193 τήν
1481 1126 1656 1199 ὁρμήν
1707 1125 1937 1202 ἐπὲσχον
1971 1128 2035 1195 ⁸³,

387 1216 607 1276 πάντως
639 1211 696 1269 δὲ
741 1212 867 1269 οὐδὲ
916 1214 1221 1294 φροντίσεις
1276 1216 1343 1283 9⁸,
1391 1222 1490 1284 τῆς
1540 1217 1797 1288 τοιαύτης
1836 1216 2041 1273 ἀπολύ-

390 1324 485 1364 σας
508 1304 601 1376 Ιμε
654 1308 955 1379 συμφορᾶς,
1014 1302 1137 1359 ὅσον
1204 1305 1309 1379 ἄρα
1364 1305 1606 1361 πλοῦτον
1664 1306 1753 1361 καὶ
1812 1308 2035 1382 χρυσίον

385 1398 514 1468 παρ’
544 1395 705 1465 ἡμῶν
738 1390 890 1463 ἔξεις,
925 1394 999 1456 ὡς
1031 1388 1204 1470 ἔγωγε
1234 1395 1441 1471 ἄφθονά
1480 1416 1562 1450 σοι
1595 1400 1760 1451 ταῦτα
1802 1398 2037 1472 παρέξω,

382 1482 477 1537 καὶ
508 1479 745 1537 ἐλπίδων
777 1487 963 1539 πασῶν
1012 1480 1251 1556 ἄμεινον.
1305 1485 1437 1540 Εἶπε
1484 1486 1549 1553 ⁸⁵,
1597 1484 1687 1540 καί
1734 1489 2035 1561 Κυπριανὸν

384 1569 721 1627 ἐπακούοντα
748 1567 914 1647 ξέσχε,
974 1572 1063 1627 καὶ
1132 1574 1208 1634 ὡς
1261 1577 1433 1649 ταχος
1493 1573 1672 1629 λύσειν
1736 1574 1881 1648 αὖτῷ
1936 1579 2036 1647 τήν

386 1660 569 1730 λύπην
600 1660 1077 1739 ἐπαγγελλόμενον
1108 1663 1175 1721 π.
1208 1664 1269 1720 Ὀ
1319 1665 1413 1736 μὲν
1465 1664 1554 1719 οὗν
1590 1664 1751 1739 ἀπῄει
1800 1665 2033 1741 χαίρων,

385 1752 472 1806 καὶ
509 1752 635 1806 ’ὅσον
679 1748 833 1806 οὔπω
889 1753 989 1821 τὴν
1040 1753 1297 1827 παρθένον
1351 1751 1441 1807 διὰ
1501 1752 1686 1828 χείρὸς
1738 1753 1872 1827 ’ἑξειν
1902 1776 2036 1832 φαν-

383 1841 702 1947 ταςόμενος.
774 1844 1074 1917 Κυπριανὸς
1135 1840 1190 1897 δὲ
1266 1843 1342 1906 είς
1399 1845 1497 1907 τὰς
1576 1840 1801 1919 βίϐλους
1880 1845 2119 1947 εὐθὺςΒ

386 1928 586 2005 ἔϐλεψε
612 1932 680 2001 9⁷,
728 1932 823 1996 τὰς
852 1935 895 1970 ⁸⁸
924 1936 1152 1988 τοιαῦτα
1200 1932 1433 2008 ἐνεργεῖν
1481 1932 1799 2008 δυναμένας,
1846 1935 1933 1989 καὶ
1980 1935 2069 1989 ’ἐν’

388 2025 494 2075 τῶν
525 2026 782 2097 πονηρῶν
839 2024 1161 2097 πνευμάτων
1205 2022 1456 2096 καλέσας,
1501 2024 1535 2078 ἃ
1572 2025 1707 2099 πρὸς
1748 2025 1815 2079 τὰ
1853 2024 2036 2103 φαῦλα

383 2115 553 2166 ταῦτα
611 2117 885 2189 συνεργεῖν
958 2109 1075 2167 οἶδε
1145 2113 1461 2187 προθύμως,
1544 2114 1634 2168 καὶ
1692 2115 1772 2175 οἷς
1832 2110 2035 2176 ἐκεῖνος

386 2197 658 2259 διακόνοις
713 2199 919 2276 ἐχρῆτο
958 2202 1024 2270 9°,
1078 2199 1212 2279 μέγα
1265 2223 1316 2257 τι
1366 2203 1455 2257 καὶ
1510 2201 1807 2278 τερατῶδες
1853 2204 2029 2258 ἀνύειν

390 2288 749 2364 βουλόμενος*
794 2289 857 2347 Εἰ
907 2291 1092 2352 καλῶς
1152 2311 1247 2365 μοι
1287 2291 1373 2346 καὶ
1420 2291 1659 2366 ταχέως,
1709 2290 1834 2366 ἔφη,
1880 2291 2033 2348 τελὲ-

383 2399 493 2439 σεις
531 2379 640 2433 ιτὸ
675 2377 1007 2454 ὗπούργημα
1045 2378 1189 2448 τόδε,
1239 2380 1301 2434 τὸ
1354 2380 1487 2452 μετὰ
1530 2385 1695 2435 ταῦτα
1729 2381 2033 2455 χαριοῦμαί

381 2466 564 2521 σοιτὰ
619 2467 869 2543 μέγιστα,
916 2468 1006 2522 καὶ
1061 2473 1169 2523 τῶν
1226 2466 1413 2524 ἄλλων
1469 2470 1651 2525 πάντω
1690 2472 1841 2541 θήσω
1900 2489 2032 2544 προ-

383 2556 550 2633 έχειν.
582 2558 660 2614 Τὸ
691 2553 747 2612 δὲ
771 2558 839 2613 τὰ
877 2556 1157 2634 προσφιλῆ
1208 2556 1298 2612 καὶ
1350 2560 1554 2630 συνήθη
1605 2567 1705 2628 τῆς
1760 2562 2034 2639 ὑπερηφα-

381 2646 503 2708 νίας
563 2646 585 2681 ²
642 2647 1029 2725 φθεγγόμενον·
1092 2648 1188 2701 Καὶ
1243 2647 1316 2717 τί,
1385 2648 1549 2715 εἶπεν,
1608 2646 1638 2703 ὅ
1691 2650 1767 2721 μή
1836 2647 2033 2725 ῥᾳδίως

382 2733 508 2807 ἐμοὶ
536 2735 857 2809 πεπράξεται
896 2736 1221 2810 βουλυμένῳ
1251 2756 1264 2805 ;
1297 2734 1572 2799 πολλάκις
1616 2738 1710 2811 μὶν
1750 2738 1853 2813 γὰρ
1902 2738 2033 2801 ὅλας

380 2821 576 2884 πόλεις
628 2825 929 2892 κατέσεισα,
1006 2824 1278 2887 πολλάκις
1338 2822 1394 2881 δὶ
1451 2832 1613 2902 χεῖρα
1672 2826 2033 2902 πατροκτόνον

386 2910 560 2984 ὂξεῖαν
595 2914 823 2990 ὀφθῆναι
854 2914 990 2989 πρὸς
1028 2918 1188 2968 τοῦτο
1240 2916 1330 2969 καὶ
1370 2915 1657 2991 τολμηρὰν
1703 2916 2033 2991 παρεσκεύα-

387 3024 471 3057 σα.
511 3008 673 3076 μῖσος
702 3000 960 3079 ἀδελφοῖς
990 3023 1048 3058 τε
1076 3004 1164 3059 καὶ
1198 3004 1491 3080 ὁμοζύγοις
1524 3003 1791 3059 ἄσπονδον
1845 3005 2033 3074 ἐνῆκα,

384 3091 734 3167 παρθενεύειν
783 3090 1031 3156 πολλοὺς
1081 3096 1455 3168 βουλομένους
1502 3094 1724 3169 ἀπεῖρξα
1754 3096 1796 3166 ³,
1861 3116 2036 3168 μονα-

380 3186 508 3258 χοῖς
553 3180 605 3237 ἐν
656 3176 803 3257 ὄρεσι
854 3179 1233 3254 διαιτωμένοις
1282 3185 1324 3252 ⁴,
1365 3184 1454 3237 καὶ
1503 3184 1528 3219 ⁵
1573 3182 1794 3255 νηστείᾳ
1841 3184 2033 3258 παίσῃ⁸

2149 602 2355 661 rasset,
2387 592 2675 665 quomodo
2693 597 2844 649 esset
2861 593 3125 656 affectus.
3149 598 3206 648 et
3227 594 3374 662 quod
3399 610 3534 650 cum
3555 611 3788 653 omnem

2148 689 2329 739 artem
2362 687 2420 738 et
2450 698 2689 737 manum
2722 682 3013 749 movisset,
3039 682 3265 737 nullum
3299 683 3433 737 mali
3469 684 3789 743 invenisset

2149 770 2496 837 remedium,
2527 772 2627 825 sed
2649 771 2923 826 omnibus
2949 770 3310 841 superiorem
3330 770 3651 838 sepexisset
3679 773 3789 827 vir-

2147 863 2361 933 ginem,
2389 866 2676 931 postremo
2700 861 2901 931 adjicit
2925 876 2938 917 :
2963 861 3048 916 Tu
3072 860 3228 916 solus
3250 868 3451 930 restas,
3475 859 3572 931 qui
3598 875 3789 917 meam

2148 951 2463 1008 consoleris
2513 952 2931 1017 calamitatem,
2991 957 3045 1005 et
3101 950 3159 1004 in
3218 953 3273 1004 te
3318 948 3440 1005 solo
3495 948 3790 1005 collocans

2150 1042 2444 1108 fiduciam,
2481 1057 2574 1096 me
2596 1040 2865 1111 repressi,
2900 1055 2971 1095 ne
2995 1044 3241 1096 mortem
3273 1039 3402 1094 vita
3439 1040 3789 1111 praferrem.

2149 1131 2391 1187 Omnino
2427 1135 2620 1185 autem
2655 1130 2910 1201 cogitare
2959 1145 3073 1184 non
3106 1144 3330 1201 posses,
3374 1133 3623 1199 quantas
3651 1145 3791 1201 opes

2149 1224 2205 1278 et
2235 1225 2524 1292 quantum
2568 1220 2692 1275 auri
2737 1220 2815 1274 sis
2861 1236 2895 1275 a
2943 1218 3113 1273 nobis
3152 1217 3482 1289 habiturus,
3532 1234 3666 1274 cum
3700 1234 3792 1275 me

2149 1308 2413 1365 liberaris
2444 1325 2477 1363 a
2506 1309 2607 1364 tali
2639 1308 2987 1365 calamitate.
3021 1307 3162 1363 Nam
3186 1323 3289 1377 ego
3312 1307 3549 1379 quidem
3582 1324 3651 1363 ea
3680 1307 3788 1364 tibi

2149 1398 2379 1455 abunde
2423 1402 2475 1453 et
2509 1397 2673 1468 plura
2715 1414 2894 1469 quam
2941 1412 3137 1467 speres
3168 1395 3455 1468 praebebo.
3510 1396 3683 1467 Dixit,
3732 1401 3791 1453 et

2148 1504 2282 1544 eum
2319 1487 2577 1543 exaudiit
2607 1487 2951 1557 Cyprianus,
2985 1490 3042 1540 et
3090 1484 3385 1558 pollicitus
3432 1492 3516 1541 est
3562 1500 3624 1541 se
3655 1501 3792 1542 mox

2148 1594 2277 1633 esse
2305 1593 2439 1632 eum
2473 1577 2740 1633 molestia
2768 1575 3122 1631 soluturum.
3147 1573 3246 1630 Ille
3272 1590 3408 1646 ergo
3431 1573 3571 1630 abiit
3601 1572 3788 1643 laetus,

2148 1673 2200 1721 et
2223 1682 2283 1721 se
2299 1681 2431 1721 mox
2450 1665 2507 1719 in
2529 1681 2707 1719 manu
2731 1663 2930 1719 habitu
2942 1680 3071 1718 rum
3089 1678 3217 1718 esse
3236 1662 3542 1734 virginem,
3565 1662 3787 1720 visione

2147 1755 2612 1826 apprehendens.
2663 1753 2991 1825 Cyprianus
3040 1760 3235 1808 autem
3276 1768 3408 1807 mox
3450 1751 3673 1823 aspexit
3714 1752 3787 1807 ad

2147 1844 2349 1914 libros,
2382 1843 2481 1916 qui
2512 1860 2577 1899 ea
2626 1846 2870 1916 possunt
2903 1842 3166 1913 Operari:
3212 1844 3269 1898 et
3312 1856 3446 1896 cum
3495 1856 3679 1895 unum
3720 1857 3787 1898 ex

2147 1936 2414 2007 malignis
2444 1933 3049 2004 vocassetspiritibus,
3072 1949 3218 2005 quos
3242 1936 3511 2004 prompto
3531 1935 3587 1989 et
3609 1930 3789 1988 alacri

2146 2024 2347 2081 animo
2386 2028 2621 2080 noverat
2657 2039 2825 2095 opem
2872 2023 3021 2079 ferre
3054 2024 3124 2079 ad
3157 2026 3278 2078 hac
3316 2020 3535 2093 ﬂagitia
3565 2024 3622 2076 et
3660 2021 3789 2091 qui-

2145 2114 2257 2170 bus
2308 2113 2406 2169 ille
2455 2113 2727 2168 utebatur
2773 2111 3086 2179 ministris,
3144 2127 3275 2168 cum
3346 2109 3513 2166 vellet
3560 2109 3787 2167 efﬁcere

2145 2218 2427 2275 magnum
2459 2200 2600 2273 quid
2624 2206 2681 2257 et
2712 2200 3137 2272 prodigiosum:
3171 2200 3230 2256 Si
3255 2198 3420 2268 mihi,
3444 2198 3656 2271 inquit,
3688 2213 3787 2255 va-

2144 2294 2386 2359 caveris,
2419 2296 2475 2349 et
2504 2293 2612 2348 hoc
2644 2291 3032 2348 ministerium
3075 2290 3187 2347 cito
3216 2290 3483 2346 effectum
3514 2289 3783 2346 reddide-

2144 2382 2247 2448 ris,
2279 2383 2552 2453 deinceps
2604 2381 2861 2437 maxima
2908 2381 3012 2437 tibi
3048 2380 3283 2453 largiar,
3327 2382 3385 2436 et
3413 2377 3689 2443 efﬁciam,
3724 2382 3787 2434 ut

2143 2487 2344 2528 omnes
2390 2470 2535 2526 alios
2582 2470 2915 2528 antecellas.
2969 2468 3070 2526 Ille
3101 2473 3299 2526 autem
3343 2472 3681 2539 arroganter
3727 2470 3786 2523 et

2144 2561 2397 2632 superbe
2424 2560 2694 2631 loquens,
2726 2564 2790 2615 ut
2836 2559 3097 2615 solebat:
3144 2559 3214 2613 Et
3245 2558 3382 2629 quid
3421 2561 3531 2623 est,
3571 2557 3784 2629 inquit,

2143 2649 2298 2720 quod
2332 2666 2366 2704 a
2397 2664 2511 2716 me,
2543 2648 2593 2703 si
2614 2647 2807 2715 velim,
2840 2663 2955 2702 non
2985 2646 3153 2701 facile
3186 2646 3334 2701 fiat?
3362 2645 3523 2716 Saepe
3547 2644 3782 2717 quidem

2143 2744 2293 2795 totas
2326 2737 2563 2794 labefeci
2595 2736 2879 2805 civitates,
2908 2751 3058 2807 saepe
3089 2735 3272 2802 eﬂ’eci,
3308 2737 3371 2789 ut
3397 2737 3547 2789 esset
3578 2749 3787 2789 manus

2144 2832 2410 2900 prompta
2421 2833 2479 2882 et
2491 2826 2653 2882 velox
2666 2827 2734 2881 ad
2746 2826 2924 2898 patris
2938 2825 3195 2880 fundend
3207 2823 3790 2895 umsanguinemzfra-

2142 2918 2334 2974 tribus
2346 2923 2402 2974 et
2415 2917 2766 2988 conjugibus
2780 2916 2980 2972 odium
2997 2912 3622 2985 immieiimplacabile;
3641 2912 3790 2969 mul-

2142 3012 2256 3072 tos,
2281 3007 2380 3078 qui
2405 3006 2677 3062 volebant
2697 3021 2822 3061 esse
2840 3005 3116 3076 virgines,
3136 3003 3437 3076 prohibui;
3459 3002 3779 3075 monachis,

2143 3097 2238 3169 qui
2272 3097 2555 3168 degebant
2577 3096 2634 3150 in
2656 3095 2967 3161 montibus,
2997 3102 3053 3151 et
3078 3093 3264 3149 cuivis
3277 3092 3505 3163 jejunio
3525 3107 3786 3149 assueve-

2142 3191 2296 3252 rant,
2318 3193 2375 3242 et
2397 3186 2819 3257 propemodum
2844 3200 2914 3241 ne
2936 3182 3127 3241 carnis
3152 3183 3386 3254 quidem
3410 3183 3647 3238 omnino
3673 3196 3789 3237 me-

382 3244 832 3344 ἕυνειθισμένΟις,
864 3272 954 3327 καὶ
989 3244 1187 3348 μικροῦ
1222 3244 1362 3346 μηδὲ
1406 3274 1602 3347 σαρκὸς
1628 3244 1800 3338 ¹ὅλως
1850 3244 2030 3346 μνείαν

2146 3244 2457 3345 minerant,
2488 3244 2710 3331 ilmmisi
2742 3275 2937 3331 carnis
2968 3244 3369 3345 cupiditatem,
3394 3276 3450 3328 et
3480 3270 3693 3343 perfeci
3725 3274 3789 3326 ut

380 3360 756 3435 ποιουμένοις,
817 3360 1105 3435 ἐπιθυμίαν
1173 3364 1370 3437 σαρκὸς
1442 3363 1745 3436 ἒνέσπειρα,
1803 3363 1892 3418 καὶ
1952 3362 2036 3418 εὖ·

385 3454 562 3523 μενῶς
598 3453 619 3487 ⁷
682 3449 884 3527 βλέψαι
939 3453 1076 3527 πρὸς
1123 3450 1322 3522 ἡδονὰς
1381 3454 1766 3528 παρεσκεύασα·
1826 3452 2034 3517 ἄλλους

381 3538 741 3609 ἀποτάξασθαι
774 3546 891 3602 τοῖς
932 3548 1209 3618 σαρκικοῖς
1251 3548 1381 3599 πᾶσι
1427 3545 1517 3599 καὶ
1567 3547 1649 3607 οἷς
1697 3547 1860 3618 ἡμεῖς
1916 3543 2037 3619 χαί-

382 3648 570 3701 ρομεν,
612 3636 704 3684 καί
756 3630 891 3705 πρὸς
952 3632 1145 3704 ἀρετὴν
1208 3634 1525 3706 μεταθέσθαι
1580 3634 1604 3669 ⁸
1662 3632 2035 3708 βουλομένους

385 3717 734 3793 ἀντικρούσας
783 3718 1042 3794 ἑτέρωθεν
1084 3721 1399 3796 ἀπογνῶναι
1450 3721 1642 3778 τούσδε
1700 3723 1829 3785 τοὺς
1883 3721 2036 3797 λογι-

388 3808 560 3880 σμοὺς
592 3807 885 3878 πεποίηκα,
912 3811 1001 3863 καὶ
1040 3815 1150 3866 τῶν
1199 3813 1445 3882 συνήθων
1492 3811 1657 3868 πάλιν
1703 3814 1727 3848 9
1755 3812 2033 3886 ἐπιμελῶς

382 3890 629 3971 ἔχεσθαι.
681 3898 874 3971 Ὅμως
930 3898 983 3953 τί
1039 3897 1225 3954 πολλά
1279 3899 1451 3977 λέγειν
1525 3909 1852 3978 προῆγμαι;
1901 3903 2032 3957 αὐτὸ

386 3984 543 4055 δείξει
576 3990 621 4026 ¹⁰
646 3987 710 4043 τὸ
755 3994 981 4065 πρᾶγμα
1020 3991 1110 4045 καὶ
1158 3995 1246 4045 νῦν
1298 3992 1492 4055 ὁποῖός
1536 4014 1649 4067 ειμι
1698 3996 1796 4062 τήν
1853 3991 2035 4049 διακο-

384 4078 502 4132 νίαν
542 4076 975 4151 ἀνυσιμώτατος.
1029 4075 1225 4135 Λαϐὼν
1276 4079 1365 4137 οὖν
1426 4085 1580 4137 τουτὶ
1631 4084 1692 4139 τὸ
1751 4085 2034 4160 φάρμακον

384 4164 581 4242 (ἄγγος
613 4164 670 4222 δέ
697 4188 749 4222 τι
778 4169 846 4237 ἦν
878 4169 941 4224 τὸ
973 4166 1255 4243 διδόμενον
1293 4170 1550 4247 πλῆρες),
1598 4177 1678 4244 τῷ
1718 4172 1856 4246 οἷ’κῳ
1893 4170 2040 4247 ἐπίῤ-

388 4256 546 4333 ῥανον
573 4265 673 4327 τῆς
718 4258 1002 4331 παρθένου,
1044 4263 1134 4315 καὶ
1185 4262 1230 4316 εἱ
1283 4264 1359 4335 μὴ
1402 4264 1575 4319 πάντα
1623 4260 1728 4332 ἕξει
1775 4284 1859 4318 σοι
1901 4265 2039 4319 κατά

381 4349 635 4421 γνώμην²
667 4348 977 4422 παροπτέος
1009 4348 1115 4426 ἐγώ
1157 4371 1241 4406 σοι
1279 4352 1341 4406 τὸ
1391 4350 1584 4407 λοιπὸν
1633 4353 1676 4390 ίί
1726 4352 1815 4407 καὶ
1866 4350 2041 4428 ἄχρη-

379 4456 528 4505 στος,
558 4438 649 4492 καὶ
704 4437 977 4493 ἀσθένειαν
1044 4442 1202 4512 ἡμῶν
1261 4443 1576 4518 κατάγνωθι
1620 4446 1720 4512 τήν
1776 4441 2036 4520 ἐσχάτην.

384 4526 622 4599 Ἐγίνετο
652 4528 748 4600 μὲν
783 4528 874 4582 οὗν
910 4530 954 4564 ¹²
986 4526 1127 4584 οὕτω
1158 4534 1346 4587 ταῦτα.

2142 3366 2410 3422 lubenter
2440 3364 2769 3435 aspicerent
2800 3365 2868 3419 ad
2898 3363 3225 3434 voluptates
3250 3379 3263 3429 ;
3307 3362 3472 3430 alios,
3504 3360 3602 3432 qui
3632 3359 3785 3418 vole-

2145 3455 2283 3510 bant
2312 3453 2645 3509 renuntiare
2677 3453 2952 3509 omnibus
2989 3452 3346 3522 carnalibus,
3378 3456 3435 3506 et
3464 3451 3538 3506 iis
3568 3449 3784 3522 quibus

2142 3559 2249 3599 nos
2262 3542 2698 3611 delectamur,et
2710 3541 2918 3597 sectari
2937 3539 3471 3610 virtutem;aliunde
3490 3538 3782 3608 adoriens,

2143 3632 2326 3697 effeci,
2369 3636 2433 3687 ut
2471 3647 2670 3686 curam
2714 3631 3029 3702 abjicerent
3074 3629 3281 3684 talium
3333 3627 3780 3698 cogitationum,

2143 3728 2200 3776 et
2230 3737 2437 3777 rursus
2468 3720 2779 3791 diligenter
2808 3719 3166 3775 adhaererent
3196 3718 3267 3772 iis
3296 3718 3509 3788 quibus
3539 3731 3785 3772 consue-

2142 3819 2356 3865 verant.
2391 3815 2657 3865 Attamen
2693 3809 2856 3880 quid,
2889 3812 2956 3863 ut
2994 3810 3180 3861 multa
3208 3806 3482 3869 dicerem,
3516 3820 3643 3859 sum
3674 3804 3776 3859 ad-

2145 3904 2355 3959 ductus
2375 3903 2404 3956 ?
2432 3902 2543 3957 Res
2564 3901 2692 3972 ipsa
2722 3915 2879 3954 nunc
2909 3897 3214 3962 indicabit,
3238 3910 3411 3967 quam
3435 3895 3547 3949 sim
3579 3894 3646 3949 ad
3681 3891 3788 3948 mi-

2146 3991 2513 4050 nistrandum
2546 3992 2719 4062 longe
2750 3988 3121 4045 utilissimus.
3152 3986 3361 4059 Accipe
3394 3987 3498 4042 boc
3528 3985 3783 4040 medica-

2147 4090 2412 4141 mentum
2462 4084 2608 4155 (erat
2639 4086 2830 4137 autem
2874 4096 2975 4137 vas
3024 4079 3319 4151 quoddam
3360 4075 3596 4149 plenum
3630 4075 3786 4147 quod

2146 4176 2421 4242 dabatur)
2460 4176 2517 4229 et
2564 4188 2630 4228 eo
2679 4185 2919 4243 asperge
2966 4169 3207 4226 domum
3257 4166 3521 4239 virginis,
3565 4169 3623 4222 et
3673 4164 3784 4220 nisi

2145 4264 2248 4321 tibi
2280 4264 2477 4319 omnia
2524 4261 2911 4319 successerint
2960 4275 3028 4315 ex
3066 4257 3371 4326 sententia,
3413 4272 3545 4312 sum
3576 4271 3682 4328 ego
3713 4255 3784 4310 de

2147 4357 2354 4410 caetero
2394 4350 2827 4425 despiciendus,
2860 4353 2917 4403 et
2954 4344 3261 4403 habendus
3293 4345 3554 4413 inutilis;
3601 4350 3784 4417 tuque

2146 4459 2255 4499 nos
2283 4447 2550 4499 extremae
2581 4456 2758 4513 argue
2787 4434 3224 4495 imbecillitatis.
3270 4435 3400 4492 {lac
3430 4434 3512 4491 sic
3551 4434 3783 4507 quidem

2149 4532 2301 4589 facta
2329 4534 2486 4588 sunt.

454 4615 557 4671 IB‘.
608 4615 674 4670 Ἡ
730 4612 787 4670 δὶ
830 4616 1093 4690 παρθένος
1133 4616 1399 4674 ἀναστᾶσα
1441 4620 1565 4692 περὶ
1610 4622 1653 4656 ⁸³
1697 4621 1886 4693 τρίτην
1935 4626 2036 4691 τῆς

2218 4622 2348 4679 Xll.
2369 4620 2535 4691 Virgo
2557 4622 2749 4676 autem
2774 4634 2907 4674 cum
2937 4618 3102 4673 tertia
3123 4615 3267 4671 hora
3286 4612 3476 4670 noctis
3498 4613 3788 4669 surrexis-

380 4703 572 4766 ντκτὸς
630 4701 796 4780 ὥραν,
848 4707 942 4768 τὰς
1000 4706 1163 4783 εὐχὰς
1213 4704 1507 4764 ἀποδοῦναι
1551 4713 1687 4780 Θεῷ,
1733 4707 2038 4784 διεθερμαί-

386 4811 508 4847 νετο
550 4794 647 4865 μὲν
673 4792 803 4857 τοὺς
830 4797 1059 4871 νεφροὺς
1088 4794 1220 4866 ἤδη,
1253 4798 1343 4852 καὶ
1391 4804 1492 4867 τῆς
1542 4793 1828 4871 προϐολῆς
1875 4797 2038 4873 ᾐσθά·

380 4901 502 4936 νετο
560 4887 657 4937 τοῦ
718 4884 1092 4957 πειράζοντοςο
1163 4886 1273 4959 ὅσῳ
1332 4885 1388 4943 δὲ
1442 4892 1608 4943 ταῦτα
1666 4891 1753 4960 ἧν,
1812 4890 2035 4960 κάκείνη

383 4969 550 5026 πάλιν
591 4973 657 5025 τὰ
698 4979 799 5042 τῆς
843 4976 1015 5050 εὐχῆς
1076 4977 1439 5051 παρετείνετο.
1490 4979 1639 5035 Έπεὶ
1681 4976 1738 5034 δὶ
1788 4976 2039 5053 δαψιλῶς

385 5059 681 5139 ὖπετῦφετο
769 5063 833 5118 τὸ
918 5068 1014 5118 τοῦ
1092 5063 1466 5139 ἀντικειμένου
1543 5069 1851 5143 πνεύματος
1908 5066 2039 5154 πῦρ,

381 5147 565 5220 εκείνη
637 5153 680 5188 ⁸⁸
760 5152 1080 5226 βιαζομένη,
1177 5156 1489 5229 Ἐμνήσθην
1577 5156 1629 5212 ἐν
1714 5160 1866 5214 νυκτὶ
1939 5147 2043 5214 τοῧ

453 5329 478 5366 ⁸
506 5329 653 5388 Psal.
681 5337 873 5404 cxvrii,
902 5334 993 5391 55.

452 5507 497 5543 ⁹³
530 5508 679 5579 add:
696 5509 808 5579 καὶ,
839 5515 899 5565 Β.
934 5515 998 5568 D.
1032 5515 1090 5567 F.

380 5578 454 5651 Ε.
548 5580 591 5617 ⁸⁷
621 5574 837 5651 ἔϐλεπε,
864 5583 922 5637 E.

380 5652 402 5685 ⁸
434 5647 832 5718 διαιτομένοις,
858 5658 920 5709 Β.

381 5725 442 5780 Β.
542 5723 566 5757 °
596 5723 774 5796 deest,
809 5725 871 5780 E.

1023 5583 1065 5658 ξ’
1096 5582 1230 5658 add.
1260 5583 1347 5658 τὰ,
1378 5581 1450 5641 Ο.
1534 5581 1941 5658 ⁹⁹γέχρεῖτοιΒ.

1020 5653 1044 5689 ⁵
1075 5653 1344 5711 undecim
1376 5671 1546 5713 voces
1575 5653 1806 5723 desunt,
1838 5655 1901 5712 Β.

978 5725 1022 5761 ¹⁰
1051 5723 1219 5795 δείξη,
1255 5726 1321 5782 D.

2096 5512 2337 5584 οντίσης,
2369 5513 2431 5569 Β.

2095 5582 2342 5655 τελέσης,
2394 5587 2455 5641 E.

2004 5658 2025 5691 ⁸
2054 5662 2208 5728 πᾶσι,
2241 5659 2302 5715 C.
2336 5662 2398 5712 Ι).

1429 5727 1467 5762 ¹¹
1504 5729 1597 5781 τοῦ
1629 5715 1851 5798 λοιποῧ,
1888 5728 1946 5782 E.
2026 5729 2036 5764 ¹

2146 5715 2283 5801 θέει,
2317 5730 2383 5785 D.
2464 5730 2506 5765 “
2538 5715 2671 5787 add.
2705 5715 2827 5796 τὴν,
2864 5732 2923 5781 D.
3004 5726 3046 5761 ιδ
3082 5724 3294 5781 desunt
3324 5715 3453 5777 duae
3496 5731 3685 5782 voces,
3716 5715 3786 5769 D.

1184 5502 1240 5547 ’³³
1268 5510 1529 5585 ἀπέσχον,
1563 5512 1628 5568 D.
1666 5511 1725 5567 Ρ.
1830 5511 1877 5547 ⁹⁴
1906 5510 1967 5565 οὐ
2020 5531 2092 5619 φρ

1184 5582 1203 5619 ι
1260 5583 1326 5619 ...ι
1378 5587 1421 5619 ρ
1534 5584 1580 5619 οε
1608 5581 1824 5619 ἐνδεῖς-η
1878 5584 1918 5619 n

2148 4717 2236 4768 set
2264 4713 2329 4767 ad
2364 4710 2690 4766 reddendas
2731 4714 2847 4764 Deo
2880 4722 3094 4777 preces,
3134 4706 3251 4775 jam
3293 4704 3529 4775 quidem
3570 4699 3785 4756 incale-

2149 4802 2361 4869 scebat,
2386 4806 2444 4855 et
2464 4799 2749 4855 insultum
2773 4796 3062 4853 sentiebat
3086 4793 3413 4851 tentatoris.
3441 4794 3564 4858 Quo
3587 4794 3784 4846 autem

2150 4893 2272 4949 hac
2304 4890 2489 4963 magis
2535 4889 2892 4956 crescebant,
2938 4886 3037 4942 illa
3067 4885 3252 4959 magis
3284 4883 3531 4956 augebat
3564 4896 3782 4953 preces.

2150 4982 2295 5036 Cum
2346 4987 2542 5036 autem
2589 4976 2751 5034 valde
2798 4976 3208 5033 accenderetur
3242 4973 3399 5046 ignis
3448 4968 3785 5036 adversarii,

2152 5070 2251 5126 illa
2289 5070 2403 5124 vim
2445 5068 2705 5140 patiens:
2758 5064 2979 5123 Memini
3024 5072 3211 5131 noctu,
3261 5062 3507 5130 dicebat,
3547 5058 3789 5115 nomini:

2150 5160 2257 5228 tui,
2288 5157 2536 5226 Domine,
2566 5163 2620 5213 at
2665 5156 2844 5213 (mata
2889 5170 3014 5210 sum
3043 5153 3084 5209 ¹.
3135 5155 3413 5225 Laqueum
3450 5156 3790 5224 parauerunt

3213 5507 3258 5543 ³⁸
3275 5503 3692 5580 Ῠᾶπαγγειλάμεν
3702 5521 3758 5580 ο]
3767 5543 3783 5567 ,

3267 5579 3288 5613 ⁸
3319 5574 3665 5649 ἇπῆρξαη-Ι).
3719 5574 3784 5631 E.

3314 5650 3333 5684 ⁸
3388 5644 3783 5721 μετατίθεσθορ,

2534 5513 2582 5549 ⁸⁵
2628 5512 2760 5568 add.
2809 5511 2998 5577 ταῦτα,
3051 5513 3112 5566 Β.

2568 5586 2589 5620 ¹
2626 5579 3044 5710 ὑπερηφανείας,
3097 5580 3163 5637 D.

2568 5654 2723 5710 ιῦιιεν
2754 5676 2802 5710 ς.
2834 5654 2895 5710 C.
2947 5656 3010 5709 D.
3055 5652 3115 5709 E.
3148 5653 3163 5707 l

2504 5657 2525 5689 ⁷
2566 5652 2895 5729 εὖμενὲς,Ὀ.
2947 5656 3017 5729 D._
3055 5652 3115 5729 E_.
3148 5653 3206 5709 F.
