4094 6230
400 315 533 378 859'

1696 314 1976 378 MENSIS
2022 313 2505 380 SEPTEMBER.

3683 314 3818 377 860

391 476 628 550 pedibus
668 476 828 549 meis,
858 480 911 534 et
940 477 1277 548 inﬂexerant
1316 475 1568 535 animam
1605 493 1816 535 meam.
1849 478 1891 534 ⁸.
1923 468 2038 545 Ego

2150 474 2422 548 ὀνόματός
2489 495 2607 546 σου,
2700 472 2875 551 ἔλεγε,
2943 474 3131 549 Κύριε,
3206 473 3299 529 καὶ
3363 470 3664 553 εὐφράνθην
3734 474 3809 529 ¹⁸.

399 573 606 637 autem,
638 567 770 624 dum
799 570 913 640 ipsi
938 584 1030 624 me
1056 568 1311 624 molestia
1336 569 1615 639 afﬁciunt,
1636 568 1839 625 induor
1864 581 2038 623 sacco.

397 656 464 712 Et
495 656 774 714 humilan
798 659 857 713 in
887 658 1106 730 jejunio
1136 659 1385 714 animam
1415 674 1618 726 meant,
1651 665 1704 715 et
1736 655 2042 727 deprecatio

400 748 461 802 in
490 747 676 803 sinum
706 764 885 804 meum
933 756 1283 804 eonvertetur
1310 748 1353 804 ‘.
1401 750 1463 804 In
1495 748 1593 805 hoc
1636 749 1864 818 cognovi
1903 746 2044 819 quod

395 837 624 894 uoluisti
650 853 760 905 me,
791 838 1052 910 quoniam
1080 854 1195 893 nan
1213 837 1469 909 gaudebit
1496 837 1756 894 inimicus
1776 851 1928 893 meus
1946 851 2041 892 su-

393 942 495 1000 per
525 944 613 984 me
642 929 683 985 ⁵.
720 927 942 985 Gladius
971 944 1160 984 eorum
1192 931 1364 984 intret
1402 930 1459 983 in
1490 928 1660 985 corda
1689 930 1954 999 ipsorum,
1987 930 2040 981 et

392 1032 557 1072 arcus
586 1030 776 1073 eorum
822 1018 1252 1089 con/ringantur
1280 1016 1321 1071 ⁸.
1362 1017 1486 1073 Tibi
1513 1017 1661 1072 enim
1701 1017 1805 1073 Deo
1833 1015 2043 1071 viventi

398 1110 517 1162 tota
553 1108 749 1162 anima
778 1116 829 1163 et
871 1106 1031 1162 corde
1075 1123 1161 1162 me
1190 1108 1369 1179 ipsam
1410 1106 1675 1163 dedicaui.
1718 1106 1819 1162 His
1860 1105 2039 1162 armis

396 1198 568 1252 utens
597 1211 879 1268 generosa
907 1196 1067 1269 virgo
1098 1197 1377 1252 adversus
1406 1199 1776 1261 tentatorem,
1807 1202 1860 1251 et
1881 1196 2041 1253 deiu-

394 1284 467 1341 de
496 1284 674 1342 etiam
707 1285 963 1343 inimicis
1011 1285 1444 1343 intolerandum
1486 1285 1677 1342 crucis
1710 1284 1944 1358 signum
1976 1285 2037 1342 in

393 1390 527 1431 eum
556 1374 901 1444 immittens,
937 1376 1157 1447 pudore
1179 1376 1451 1433 affectum
1477 1391 1608 1432 cum
1632 1391 1845 1448 magno
1874 1378 2036 1433 metu

389 1465 609 1539 expulit
639 1466 1017 1524 daemonium.

2151 563 2368 644 Παγίδα
2425 567 2734 641 ἡτοίμασαν
2778 571 2895 627 τοῖς
2942 564 3072 622 ποσί
3120 585 3248 638 μου,
3294 563 3385 620 καὶ
3435 566 3480 605 ια
3524 563 3811 639 κατέκαμο

2151 660 2254 733 ψαν
2298 658 2398 727 τὴν
2450 660 2636 735 ψυχήν
2686 679 2791 732 μου
2838 658 2903 695 ⁸⁷⁸
2956 656 3065 733 ἐγὼ
3124 657 3172 697 1⁸
3226 654 3285 712 δὲ
3330 658 3384 712 ἐν
3462 661 3542 730 τῷ
3602 656 3809 720 αὐτοὺς

2148 745 2516 825 παρενοχλεῖν
2585 768 2700 822 μοι,
2769 743 3069 820 ἐνεδυόμην
3129 746 3348 815 σάκκον,
3409 747 3497 802 καὶ
3585 745 3812 802 hami-

2150 856 2273 892 νουν
2316 835 2369 893 ἐν
2428 836 2649 909 νηστείᾳ
2697 837 2798 906 τὴν
2851 838 3038 916 ψυχήν
3097 856 3225 909 μου*
3282 836 3374 891 καὶ
3423 838 3458 905 ἡ
3513 838 3807 912 προσευχή

2153 946 2259 999 μου
2306 926 2384 990 είς
2429 925 2644 982 πόλπον
2698 946 2801 1000 μου
2843 924 3319 1002 ἀποστραφήσεται
3393 925 3459 963 ¹⁹⁶
3518 925 3572 980 ἓν
3620 924 3809 997 τούτῳ

2148 1011 2323 1091 ἔγνων
2382 1014 2463 1070 ’ὁτι
2511 1013 2805 1085 τεθέληκάς
2856 1036 2925 1088 με
2969 1016 3037 1081 ’0,
3087 1012 3171 1070 ὅτι
3226 1014 3290 1069 οὐ
3342 1015 3421 1088 μὴ
3478 1011 3725 1089 ἐπιχαρῇ
3776 1014 3809 1069 ὁ

2147 1104 2344 1181 ἐχθρός
2389 1126 2492 1180 μου
2544 1104 2626 1161 ἐπ’
2672 1104 2767 1178 ἐμέ
2811 1106 2876 1162 εί.
2936 1106 2999 1164 Ἥ
3052 1106 3299 1184 ῥομφυία
3336 1105 3514 1161 αὐτῶν
3563 1103 3808 1160 εἰσέλθοι

2149 1194 2223 1256 εἷς
2258 1194 2354 1260 τὰς
2407 1193 2638 1269 καρδίας
2684 1193 2877 1263 αὐτῶν,
2928 1194 3021 1251 καὶ
3067 1195 3136 1250 τὰ
3175 1195 3305 1268 τόξα
3361 1193 3535 1250 αὐτῶν
3576 1214 3807 1268 συντριη-

2146 1281 2266 1355 ϐείη
2298 1286 2366 1322 ἐ’
2409 1285 2494 1339 σοὶ
2524 1284 2627 1360 γὰρ
2662 1290 2742 1357 τῷ
2783 1288 2946 1355 ζῶντι
2976 1288 3093 1357 Θεῷ
3122 1282 3229 1359 ὅλῃ
3275 1287 3433 1360 ψυχῇ
3464 1281 3555 1338 καὶ
3602 1279 3810 1359 καρδίᾳ

2145 1374 2384 1448 ἐμαυτὴν
2434 1375 2481 1412 ³³
2529 1374 2840 1439 ἀνατέθεικα
2884 1375 2951 1431 ²⁴.
3012 1374 3247 1434 Τούτοις
3306 1372 3632 1450 χρησαμένη
3684 1379 3808 1437 τοῖς

2144 1465 2342 1528 ὅπλοις
2371 1464 2507 1520 κατᾶ
2551 1468 2649 1520 τοῦ
2697 1464 3049 1537 πειράζοντος
3079 1465 3114 1534 ἡ
3148 1462 3389 1539 γενναία,
3434 1463 3551 1520 εἶτα
3597 1463 3691 1520 καὶ
3738 1464 3806 1520 τὸ

388 1559 507 1620 τοῖς
535 1555 760 1632 ἐχθροῖς
789 1556 1153 1613 ἀνυπόστατον
1185 1558 1247 1614 τὸ
1278 1562 1375 1615 τοῦ
1407 1561 1641 1633 σταυροῦ
1673 1561 1900 1631 σημεῖον
1932 1554 2080 1630 αὖτῷ
2109 1557 2156 1594 ³⁵
2185 1555 2466 1632 ἐπαφεῖσα,
2499 1553 2729 1630 αἰσχύνῃ
2762 1552 3143 1629 καλυψάμενον
3178 1553 3271 1610 σὺν
3318 1551 3521 1627 πολλῷ
3566 1557 3647 1627 τῷ
3696 1550 3809 1611 δέει

388 1643 479 1716 ἰξή
489 1641 620 1699 λασε
650 1646 710 1700 τὸ
741 1643 1048 1719 δαιμόνιον.

464 1736 623 1794 ΧΙΙΙ.
657 1737 759 1794 Ille
787 1743 979 1796 autem
1013 1756 1281 1799 reversus
1317 1742 1388 1798 ad
1422 1742 1798 1815 Cyprianum,
1830 1741 2035 1799 erube-

2218 1742 2305 1793 ll".
2360 1735 2693 1801 Ἐπανελθὸν
2745 1733 2803 1792 δὲ
2851 1736 2987 1807 πρὸς
3036 1736 3340 1812 Κυπριανὸν
3390 1735 3568 1791 έκεῖνο
3618 1733 3808 1809 ᾗσχόο

392 1826 593 1884 scebat
620 1827 858 1897 quidem
886 1828 1051 1886 lateri
1090 1844 1153 1886 se
1181 1845 1311 1887 esse
1348 1830 1566 1888 victum
1600 1847 1616 1888 :
1649 1840 1704 1888 et
1737 1831 1937 1888 multis
1969 1846 2031 1888 se

393 1916 799 1989 circumagens
847 1918 1235 1986 anfractibus,
1283 1920 1399 1977 huc
1455 1925 1515 1977 et
1562 1921 1697 1977 illuc
1749 1921 2031 1979 vertebat.

385 2005 710 2078 Diligenter
766 2011 963 2064 tamen
1027 2013 1085 2065 et
1140 2010 1431 2067 subtiliter
1472 2014 1734 2082 rogatus,
1794 2010 1906 2067 etsi
1963 2011 2037 2067 sit

391 2095 617 2152 amicus
649 2098 961 2163 mendacii,
1009 2102 1066 2154 et
1096 2098 1315 2155 invitus
1360 2116 1495 2156 vera
1522 2101 1696 2168 dicat,
1730 2100 2037 2157 manifeste

386 2184 577 2257 aperit
607 2185 762 2256 quod
792 2185 1019 2242 volebat
1039 2185 1263 2244 celare:
1296 2186 1452 2257 Vidi,
1484 2189 1706 2258 dicens,
1740 2190 2036 2263 quoddam

390 2274 653 2348 signum,
686 2276 841 2347 quod
876 2274 1040 2333 valde
1069 2276 1290 2347 horrui,
1322 2282 1381 2335 et
1409 2278 1562 2337 vires
1584 2278 1741 2335 illius
1771 2295 1888 2336 non
1915 2296 2037 2337 sus-

394 2364 565 2421 tinui.
588 2364 693 2420 Illo
715 2381 852 2437 ergo
873 2365 960 2423 sic
979 2365 1387 2435 condemnato,
1408 2369 1538 2441 ejus
1558 2369 1783 2426 daemon
1802 2385 1934 2427 mox
1952 2387 2039 2426 ac-

397 2454 660 2524 cersitur,
684 2454 751 2510 ad
776 2455 1067 2528 agendum
1092 2456 1264 2529 longe
1294 2458 1484 2528 priore
1523 2460 1730 2516 acrior.
1761 2460 1872 2528 Qui
1903 2477 2037 2518 cum

398 2543 662 2613 abiisset,
695 2548 752 2600 et
783 2544 980 2602 statim
1007 2545 1242 2603 fecisset
1270 2548 1507 2615 similia,
1539 2549 1832 2606 similibus
1861 2550 2037 2608 armis

394 2634 505 2691 fuit
533 2636 783 2707 rejectus
822 2640 880 2692 et
921 2637 1323 2712 propulsatus,
1364 2644 1423 2696 et
1460 2657 1593 2698 cum
1626 2642 1908 2700 dedecore
1938 2659 2040 2701 ac-

395 2722 571 2780 cessit
603 2725 675 2781 ad
719 2740 850 2781 eum
894 2726 995 2799 qui
1046 2727 1309 2785 miserat.
1360 2734 1495 2786 Post
1534 2730 1653 2786 haec
1704 2732 1897 2788 aderat
1944 2732 2041 2790 ille

398 2813 499 2885 qui
530 2814 834 2871 dicebatur
862 2820 1030 2888 pater
1060 2819 1118 2873 et
1156 2817 1426 2891 princeps
1455 2819 1809 2889 daemonum,
1834 2821 1936 2894 qui
1966 2821 2040 2880 iis

399 2902 636 2975 quidem
670 2904 768 2975 qui
795 2906 957 2976 prius
986 2905 1183 2962 emissi
1212 2907 1457 2975 fuerant,
1496 2908 1751 2965 minatus
1782 2916 1869 2966 est
1896 2926 2036 2983 sup-

398 2992 664 3065 plicium,
697 2998 764 3049 ut
811 2994 911 3064 qui
943 3010 1059 3050 non
1093 2994 1401 3053 artiﬁciose
1444 3013 1550 3052 nec
1580 3003 1711 3067 apte
1749 3000 1856 3055 hac
1885 2999 1945 3056 in
1978 3016 2039 3058 re

2143 1846 2264 1882 νετο
2297 1826 2394 1900 μὶν
2423 1827 2526 1895 τήν
2555 1828 2722 1896 ἧτταν
2755 1823 3132 1899 ὁμολογῆσαι,
3180 1823 3272 1880 καὶ
3320 1823 3535 1887 πολλὰς
3587 1821 3805 1881 ἱλιττον

2143 1914 2378 1985 πλοκὰς,
2443 1915 2647 1985 ταύτην
2713 1913 2803 1989 ᾔει
2872 1915 2919 1951 ⁸⁸
2983 1913 3237 1984 κάκείνην
3303 1912 3806 1987 μετατρεπόμενον,

2146 2004 2497 2081 ἐρωτώμενον
2540 2002 2596 2061 δὶ
2644 2006 2797 2077 ὅμως
2852 1998 3094 2078 ἀκριϐῶς
3142 2004 3231 2059 καὶ
3284 2002 3806 2081 λεπτολογούμενον

2148 2095 2345 2170 (καίτοι
2413 2091 2739 2173 φιλοψευδὲς
2789 2094 2847 2151 ὗν
2890 2094 2982 2150 καὶ
3030 2095 3163 2150 ἅκον
3210 2092 3516 2173 φιλάληθες
3578 2085 3807 2169 γίνεται)

2145 2185 2234 2241 καὶ
2292 2188 2535 2264 φανερῶς
2594 2182 2919 2241 έκκαλόπτει
2960 2184 2990 2239 ὅ
3021 2182 3141 2240 λίαν
3189 2182 3446 2257 κρύπτειν
3501 2178 3805 2252 ἠϐούλετο,

2148 2263 2312 2331 Εἴδόν
2354 2295 2407 2329 τι
2466 2273 2512 2310 ³⁷
2553 2278 2805 2347 σημεῖον,
2864 2271 3106 2348 είρηκὸς,
3155 2272 3246 2327 καὶ
3290 2270 3535 2347 ἴσχυρῶς
3587 2263 3805 2349 ἔφριξα,

2146 2363 2235 2419 καὶ
2283 2365 2381 2434 τήν
2434 2361 2637 2419 ἐκείνου
2692 2360 2922 2435 δύναμιν
2981 2360 3092 2437 οὺχ
3148 2361 3406 2433 ὑπέστην.
3459 2359 3647 2421 Οὕτως
3706 2357 3800 2414 οὖν

2148 2452 2316 2509 ἐκεῖνο
2363 2453 2734 2528 καταγνωσθὶν
2769 2453 2839 2522 ³⁸,
2883 2449 3070 2524 ἕτερος
3124 2449 3315 2507 αὐτίκα
3364 2447 3577 2524 δαίμων
3628 2468 3808 2523 μετα-

2146 2542 2417 2614 καλεῖται,
2450 2539 2596 2598 πολὺ
2624 2547 2722 2598 τοῦ
2780 2542 3049 2618 προτέρου
3096 2544 3160 2596 τὸ
3189 2541 3235 2578 '9
3265 2538 3445 2596 δοκεῖν
3497 2537 3807 2613 δραστικώ-

2149 2653 2327 2707 τερος.
2363 2632 2464 2691 Καὶ
2502 2633 2550 2668 ⁸ο
2595 2633 2655 2688 ’ὸς
2700 2631 2948 2688 ἀπελθὼν
2999 2629 3193 2687 αὐτίκα
3249 2631 3318 2687 τὰ
3363 2628 3532 2703 ὅμοια
3576 2626 3803 2704 δράσας,

2147 2729 2263 2786 τοῖς
2320 2722 2537 2797 ὁμοίοις
2587 2721 2782 2784 ὅπλοις
2834 2720 3140 2795 έξεκρούετό
3186 2741 3245 2775 τε
3286 2720 3377 2775 καὶ
3426 2718 3802 2787 ἀπεπέμπετο·

2148 2814 2238 2869 καὶ
2292 2817 2372 2884 τῷ
2428 2810 2702 2887 πέμψαντι
2764 2813 2879 2886 μετ’
2946 2810 3212 2887 αἰσχύνης
3292 2808 3613 2886 παρίστατο.
3672 2808 3801 2866 ’ΒἊ-ιὶ

2147 2902 2362 2965 τούτοις
2393 2902 2557 2966 αὐτὸς
2586 2901 2764 2978 παρῆν
2798 2902 2826 2957 ὁ
2857 2902 3037 2977 πατήρ
3066 2922 3125 2956 τε
3152 2899 3243 2955 καὶ
3293 2898 3481 2975 ἅρχων
3527 2904 3635 2954 τῶν
3678 2896 3801 2954 δαις

2154 2992 2336 3065 μόνων
2371 2991 2505 3047 εἶναι
2537 2990 2857 3067 λεγόμενος·
2892 2991 2952 3053 ὃς
2982 2995 3100 3052 τοῖς
3134 2992 3229 3062 μὶν
3278 2988 3545 3065 πρότερον
3593 2987 3803 3061 ἐκπεμρ-

399 3083 613 3136 versati
679 3082 930 3148 fuerant,
995 3086 1060 3137 ut
1125 3085 1390 3155 putabat.
1450 3087 1827 3144 Dremonibus
1881 3091 2033 3148 enim

2148 3086 2356 3161 φθεῖσιν
2384 3080 2605 3151 ἠπείλει
2635 3080 2882 3151 κόλασιν,
2915 3082 3011 3135 οἷα
3060 3081 3136 3152 μὴ
3184 3082 3447 3155 τεχνικῶς
3498 3075 3629 3151 μηδ’
3677 3077 3802 3133 ἐπι-

398 3178 603 3242 praeter
630 3170 740 3226 alia
771 3171 945 3240 mala,
972 3173 1305 3245 arrogantia
1333 3174 1621 3233 redundat
1648 3182 1708 3234 et
1726 3178 2032 3250 jactantia.

396 3259 748 3331 Cyprianum
782 3264 977 3317 autem
1002 3262 1183 3331 jussit
1212 3278 1342 3320 esse
1396 3264 1544 3320 bono
1574 3266 1771 3326 animo
1801 3272 1860 3327 et
1889 3269 2035 3328 nihil

394 3349 446 3406 ei
476 3364 603 3407 esse
632 3365 785 3408 curas
815 3350 871 3407 id
901 3350 1056 3422 quod
1083 3356 1205 3409 erat
1235 3354 1623 3426 propositum.

467 3600 610 3658 XIV.
643 3602 791 3671 Quid
823 3619 957 3675 ergo
988 3608 1122 3678 post
1161 3606 1285 3663 haec
1322 3605 1414 3664 est
1442 3615 1823 3668 consecutum
1846 3611 1876 3669 ‘l
1907 3612 2037 3685 Ipse

398 3707 610 3748 novum
640 3696 698 3748 et
743 3692 1038 3752 diversum
1068 3696 1280 3754 excitat
1316 3698 1561 3765 bellum,
1592 3701 1743 3771 quod
1785 3701 2035 3757 multum

396 3780 575 3838 habet
605 3782 831 3841 fraudis
856 3788 913 3841 et
941 3784 1317 3857 calliditatis;
1350 3804 1487 3846 nam
1518 3788 1745 3859 abiens,
1778 3790 1838 3848 in
1869 3790 2040 3848 habi-

396 3876 456 3929 tu
478 3872 749 3931 muliebri
779 3876 1073 3935 assidebat
1100 3879 1338 3952 puella;
1370 3886 1431 3939 et
1459 3898 1587 3940 cum
1619 3882 1697 3940 sit
1726 3883 2040 3956 impuden—

393 3962 681 4035 tissimus,
714 3972 768 4022 et
797 3965 971 4038 longe
1017 3968 1470 4040 audacissimus,
1523 3989 1638 4031 non
1688 3973 1911 4032 veritus
1949 3980 2040 4032 est

396 4051 608 4122 dicere,
641 4069 702 4110 se
744 4054 817 4110 ad
850 4055 1041 4127 ipsam
1074 4074 1109 4114 a
1157 4062 1268 4115 Deo
1315 4073 1445 4116 esse
1494 4060 1769 4119 missum.
1810 4064 1882 4122 Ut
1922 4083 2040 4125 una

400 4144 620 4208 tecum,
651 4141 863 4215 inquit,
887 4161 1101 4215 verser,
1124 4150 1182 4204 et
1201 4149 1301 4205 diu
1327 4152 1516 4205 tecum
1538 4151 1856 4210 sustineam
1879 4161 2037 4212 tuam

400 4230 635 4288 vivendi
677 4234 1002 4305 rationem;
1055 4256 1191 4296 nam
1242 4240 1370 4311 ipsa
1420 4258 1656 4315 quoque
1703 4248 1903 4303 teneor
1944 4263 2041 4305 eo-

400 4320 532 4376 dem
564 4320 849 4380 desiderio
871 4326 1245 4400 virginitatis.
1271 4329 1551 4387 Caeterum
1575 4348 1888 4405 quemnam
1914 4352 2041 4409 pro-

397 4412 527 4482 pter
562 4426 710 4480 sam,
762 4417 1087 4474 mercedem
1132 4420 1440 4493 accipiam,
1488 4421 1617 4480 volo
1663 4439 1733 4481 ex
1769 4430 1828 4482 te
1864 4425 2034 4485 scire.

2141 3169 2377 3241 τηδείως
2408 3173 2533 3247 περὶ
2580 3176 2741 3229 τοῦτο
2790 3167 3228 3247 διαγινομένοις,
3278 3170 3353 3232 ὡς
3405 3167 3565 3241 ᾤετο·
3625 3168 3800 3225 πλεο-

2141 3261 2289 3331 νάζει
2336 3260 2440 3338 γὰρ
2496 3266 2614 3323 τοῖς
2671 3262 2717 3301 δι
2784 3257 3005 3335 δαίμοσι
3062 3266 3170 3315 τῶν
3239 3257 3426 3315 ἄλλων
3481 3263 3663 3314 κακῶν
3733 3258 3798 3314 τὸ

2130 3349 2467 3420 ἀλαζονικὸν
2522 3352 2611 3407 καὶ
2665 3348 3045 3429 μεγάλαυχον,
3098 3352 3399 3425 Κυπριανῷ
3447 3345 3507 3404 δὶ
3576 3345 3794 3423 θαρῥεῖν

2134 3439 2374 3510 ἐκέλευε,
2421 3441 2514 3497 καὶ
2568 3444 2614 3480 ³³
2675 3440 2847 3517 μηδὲν
2894 3440 3045 3514 αὐτῷ
3095 3438 3322 3513 μέλλειν
3350 3441 3521 3495 ³⁸τοῦ
3568 3458 3803 3514 προκει-

2146 3532 2335 3607 μένου.

2214 3623 2312 3679 ΙΔ’.
2342 3620 2406 3677 Τί
2439 3620 2534 3677 οὖν
2564 3622 2627 3679 τὸ
2660 3622 2797 3695 μετὰ
2848 3625 3058 3692 ταῦτας
3090 3621 3222 3676 Νέον
3268 3621 3315 3656 ⁸⁴
3369 3617 3531 3681 αὐτὸς
3578 3618 3802 3694 ἀναῤῥ-

2141 3709 2289 3781 πίζει
2321 3708 2409 3765 καὶ
2442 3707 2846 3766 διαλλάττοντα
2879 3708 3149 3781 πόλεμον,
3199 3703 3347 3761 πολὺ
3376 3707 3441 3761 τὸ
3486 3708 3798 3781 πανοῦργον

2150 3798 2241 3855 καὶ
2280 3796 2504 3872 δολερὸν
2554 3796 2777 3878 ἔχοντα,
2835 3798 2922 3853 καὶ
2984 3793 3237 3852 ἀπελθὼν
3292 3794 3345 3851 ἐν
3405 3797 3656 3874 σχήματι
3715 3816 3804 3870 γυ-

2140 3888 2360 3962 ναικείῳ
2407 3892 2475 3963 τῇ
2524 3887 2662 3963 κόρῃ
2710 3888 2759 3924 ³⁵
2803 3886 3196 3962 παρεκαθέζετο
3238 3886 3305 3921 ³⁵⁸
3338 3885 3433 3940 καὶ
3482 3886 3510 3940 ὀ
3558 3883 3801 3940 πάντολ-

2148 4000 2250 4053 μος
2300 3980 2448 4053 παρὰ
2502 3981 2638 4033 Θεοῦ
2685 3975 3015 4032 ἀπεστάλθαι
3058 3975 3193 4051 πρὸς
3251 3973 3422 4043 αὐτὴν
3470 3972 3572 4029 οὐκ
3622 3968 3806 4050 ἔφριξε

2144 4068 2323 4146 λέγειν
2369 4071 2436 4127 ³⁷.
2485 4070 2574 4132 Ὠς
2623 4065 2686 4123 ἄν
2745 4070 2889 4123 συνῶ
2948 4087 3058 4137 σοι,
3109 4064 3267 4144 φησὶ,
3325 4064 3416 4121 καὶ
3474 4063 3563 4120 ἰπὶ
3606 4066 3803 4138 μακρῷ

2142 4162 2463 4236 καρτερήσω
2491 4159 2592 4228 τήν
2634 4154 3025 4228 συνδιαίτησιν·
3055 4156 3147 4212 τὸν
3190 4152 3296 4229 γὰρ
3340 4151 3460 4209 ἴσον
3509 4159 3611 4221 τῆς
3654 4173 3801 4228 παρ-

2146 4250 2321 4311 θενίας
2362 4246 2542 4304 ὠδίνω
2575 4269 2659 4304 σοι
2690 4248 2780 4302 καὶ
2819 4247 2956 4316 αὖτὴ
2989 4247 3040 4282 ³⁸
3065 4246 3256 4302 πόθον*
3290 4243 3440 4313 πλήν
3485 4240 3634 4299 ἀλλὰ
3676 4242 3802 4297 τίνα

2150 4338 2339 4413 μισθὸν
2394 4337 2597 4407 ταύτης
2653 4333 2829 4392 ἓνέκεν
2889 4335 3166 4411 λήψομαι,
3242 4330 3520 4409 βούλομαι
3608 4333 3798 4405 μαθεῖν

2144 4429 2291 4504 παρὰ
2342 4432 2461 4483 σοῦ’
2524 4426 2660 4503 μέγα
2712 4427 2815 4502 γάρ
2875 4446 2969 4500 μοι
3028 4424 3118 4479 καὶ
3174 4418 3799 4497 παρακεκινδυνευμένον

395 4498 628 4593 Videtur
655 4502 808 4561 enim
842 4505 988 4563 mihi
1020 4523 1111 4565 res
1134 4482 1362 4583 magna,
1387 4482 1444 4567 et
1464 4512 1811 4586 periculosa,
1833 4482 1891 4572 et
1909 4482 2036 4589 quas

2147 4518 2207 4573 τὸ
2225 4482 2460 4593 ῗτιιρόἱγμα
2489 4482 2661 4585 δοκέῖ,
2690 4482 3047 4571 καὶιπόλλῶν
3088 4482 3344 4586 δεόμενον
3387 4514 3496 4566 τῶν
3544 4510 3793 4585 ἀγώνων.

394 4589 596 4648 multis
613 4609 760 4664 opus
776 4593 951 4653 habet
965 4598 1405 4657 certaminibus.
1428 4601 1533 4658 llla
1547 4607 1741 4661 autem
1756 4605 1901 4663 dixit
1913 4621 2034 4663 rem

393 4680 634 4753 quidem
668 4698 864 4742 revera
892 4702 1041 4758 opus
1080 4686 1297 4745 habere
1340 4690 1696 4761 sudoribus;
1729 4695 1830 4752 sed
1862 4711 2041 4767 quan-

395 4770 469 4824 do
498 4772 793 4843 aspexeris
814 4773 886 4830 ad
917 4776 1417 4837 remunerationes
1438 4786 1494 4838 et
1512 4795 1779 4851 coronas,
1818 4799 2038 4858 magna:

2143 4607 2207 4662 ’Π
2262 4603 2321 4662 δὶ
2387 4603 2589 4661 δεῖσθαι
2650 4605 2745 4678 μὶν
2804 4602 3051 4679 ἱδρώτων
3101 4598 3252 4676 ἔλεγε
3306 4602 3369 4656 τὸ
3416 4606 3644 4676 πρᾶγμα
3694 4600 3795 4666 τῆς

2139 4694 2406 4766 ἀληθείας
2436 4696 2502 4732 39'
2538 4695 2709 4765 πλὴν,
2741 4695 2869 4751 ὅταν
2917 4692 2994 4755 εἷς
3037 4692 3133 4755 τὰς
3177 4684 3417 4765 ἀμοιϐὰς
3464 4685 3659 4763 ἀπίδῃς
3707 4686 3798 4742 καὶ

2138 4784 2267 4849 τοὺς
2298 4786 2617 4865 στεφάνους,
2649 4781 2868 4853 πολλὴν
2921 4781 3243 4858 καταγνώσῃ
3298 4777 3565 4856 ῥᾳθυμίαν
3613 4782 3724 4832 τῶν
3752 4777 3797 4812 ⁴⁰

466 4929 486 4963 ³
517 4930 670 4989 Psal.
704 4948 817 5003 va,
846 4933 900 4988 7.
943 4936 964 4970 ⁸
992 4935 1145 4995 Psal.
1177 4954 1367 4997 xxxrv.
1402 4940 1489 4997 13.
1521 4940 1545 4975 ⁵
1578 4941 1723 4999 Psal.
1754 4959 1844 5011 XL,
1882 4945 1965 5002 12.
2008 4945 2030 4980 ⁸

2147 4946 2213 5004 al.
2255 4965 2421 5016 xxxv,
2453 4948 2537 5004 15.

1110 5093 1397 5172 ‘f‘desunj
1426 5096 1699 5172 quinque
1715 5115 1905 5172 voces,
1936 5106 2000 5157 Β.

1531 5166 1784 5244 ³¹’ψαλμ.
1821 5166 1902 5245 μ’,
1930 5173 2019 5247 ιβ’.

1568 5248 1615 5284 ²⁶
1647 5248 1755 5309 εἴη.
1790 5253 1850 5309 Β.
1881 5253 1939 5309 F.

1601 5269 1615 5283 '
1647 5269 1755 5320 ειη.
1790 5269 1850 5310 u.
1881 5269 1939 5309 ιε’.

1601 5320 1646 5355 ⁸⁸
1678 5324 1862 5392 deest,
1893 5325 1957 5382 E.

464 5084 508 5163 ‘.'
537 5083 716 5163 ψαλμο
752 5092 877 5163 ριη“-
911 5090 1000 5163 νίς

465 5106 508 5121 ι·
537 5106 645 5159 ψαΑ
704 5128 716 5141 .
752 5106 877 5163 ριη.
911 5106 1000 5147 νε.
1110 5106 1153 5129 ιο
1183 5106 1397 5151 desunt

394 5152 574 5229 ψαλμ.
610 5106 710 5225 ly,
748 5166 811 5233 ιγ’
841 5161 931 5214 καὶ
965 5159 1030 5217 ιδ’
1131 5164 1180 5200 ³ο
1213 5185 1330 5236 μοι,
1363 5167 1425 5224 Β.

393 5236 457 5316 ξ.
490 5269 558 5316 Γ
588 5237 906 5316 ἐντέθεικα,
938 5245 996 5300 C.
1103 5244 1152 5281 ³⁵
1189 5244 1375 5316 αὐτοῦ,
1400 5248 1463 5304 D.

397 5307 458 5386 ρ.
491 5308 554 5386 E_.
588 5310 648 5366 F.
688 5381 698 5386 _
752 5310 799 5348 ³ο
828 5307 1043 5370 desunt
1070 5320 1185 5373 tres
1214 5307 1401 5386 voces,
1436 5321 1499 5376 Ε.

395 5377 601 5474 ῗ-’ξῆςε
636 5381 827 5474 κέρης,
882 5386 942 5443 Ε.
1024 5456 1039 5473 η

397 5450 640 5505 πετεινὸν
669 5450 961 5527 ἐγενόμην,
994 5456 1072 5521 εἰς
1169 5466 1321 5517 ναῖκα

397 5520 666 5603 ξΕποίησα
695 5528 976 5603 στρουθίον
1010 5480 1321 5603 Ἀγλέιίδακ

396 5593 582 5665 land.,
633 5593 777 5657 tom.
822 5601 939 5672 VII,
989 5593 1134 5676 sep't.
1185 5621 1235 5664 c.
1288 5624 1362 5664 xl.

396 5669 486 5720 τοῦ
519 5668 580 5724 Β.

392 5684 486 5720 του
519 5684 580 5726 ὕ.

1470 5608 1517 5644 ³⁷
1544 5604 1735 5685 λέγων,
1780 5614 1840 5665 Ε.

2109 5099 2359 5230 ξ’ὴαλᾷμ.
2391 5101 2525 5191 wn”,
2552 5102 2638 5190 ζ’.Ι

2240 5193 2272 5228 α
2318 5196 2378 5230 υ..
2410 5172 2547 5230 λστ.
2583 5193 2626 5228 ιε

2122 5176 2169 5210 ³³
2197 5176 2378 5248 ψαλμ.
2410 5176 2547 5242 λστ’,
2583 5176 2661 5231 ιε’.

2047 5255 2090 5290 ⁸⁷
2121 5253 2303 5323 deest,
2329 5258 2386 5312 E.
2490 5254 2535 5291 ³³
2564 5251 2661 5309 ίκεε

2060 5323 2111 5361 ³²
2138 5325 2354 5383 desunt
2380 5340 2481 5384 sex
2508 5341 2694 5383 voces.
2729 5327 2786 5382 Β.

1045 5386 1091 5425 ⁸⁸
1148 5391 1413 5472 In_actis
1469 5392 1739 5472 diabolus
1794 5386 1923 5472 esse
1980 5396 2390 5472 in_l'eminam_
2430 5401 2607 5472 atque
2658 5396 2719 5454 in
2779 5386 3230 5472 avem:versum
3284 5392 3470 5472 tuisse
3521 5392 3795 5472 declarat.

1169 5466 1327 5553 ναῖκα
1354 5465 1837 5590 μετεμαρφοόμῃν,
1866 5468 2017 5551 ..Ῐαω

1169 5548 1321 5592 ιιοαν.
1405 5536 1583 5592 tdests
1611 5539 1881 5594 Cvortant
1909 5542 2038 5594 Con!

2150 5469 2427 5551 .passeris
2482 5465 2731 5527 {ﬁrmam
2780 5467 3087 5543 Aglsidam
3130 5465 3455 5594 Ci'lprianus
3494 5465 3796 5523 convertit.

2147 5556 2264 5594 ton.
2297 5546 2353 5594 et
2380 5544 2522 5594 Acta
2549 5540 2875 5594 Comment.
2908 5540 3063 5594 anud
3104 5538 3179 5594 Fs
3231 5579 3272 5594 ..
3320 5542 3517 5594 Marsa
3556 5539 3615 5594 et
3660 5533 3796 5593 Bol-

1427 5536 1881 5612 de_si_s.Cypriani
1909 5536 2264 5612 confession.
2297 5546 2353 5598 et
2380 5544 2522 5598 Acta
2549 5536 2875 5612 Comment.
2908 5540 3063 5612 apud
3104 5536 3179 5612 re

1944 5609 1993 5644 ³⁸
2039 5611 2201 5684 αὐτῇ,
2253 5612 2312 5670 E.
2411 5612 2458 5649 ³⁹
2503 5616 2619 5673 ταῖς
2666 5608 2973 5682 ἀληθείσις]
3007 5611 3066 5670 Β.
3100 5608 3159 5668 C.
3193 5610 3260 5669 Ι).
3294 5610 3356 5666 Ε.
3409 5609 3470 5666 F.

2721 5102 2759 5138 "
2804 5100 3013 5157 desuni
3054 5099 3168 5157 duo
3214 5113 3438 5163 versus,
3489 5097 3555 5154 D.
3588 5096 3649 5154 ιτ.
3756 5096 3801 5133 ι’

2762 5172 2811 5209 ’⁸
2839 5171 3052 5241 ὴυτὴν,
3100 5170 3165 5228 Β.
3194 5220 3207 5230 .
3268 5170 3315 5208 ³⁸
3358 5165 3680 5237 ἀνατέθηκα,
3732 5171 3794 5223 Β.

2762 5275 2773 5307 ι
2811 5251 3299 5318 καταγνωσθέντος,
3330 5255 3398 5307 D.
3451 5249 3514 5306 Β.
3599 5246 3666 5318 ,³⁸
3696 5251 3793 5318 τῷν

2490 5254 2535 5291 ³³
2564 5251 2773 5309 ὶκείνου
2811 5251 3299 5328 καταγνωσθέντος,
3330 5255 3398 5307 D.
3451 5249 3514 5306 Β.
3618 5249 3666 5285 ³⁸
3696 5251 3774 5318 τῷ

2508 5341 2694 5377 voces.
2729 5327 2786 5377 Β.
2887 5323 2935 5361 ³³
2968 5320 3179 5377 μέλειν.
3206 5324 3277 5377 D.
3308 5325 3369 5377 Ε.
3473 5319 3522 5357 ³⁴
3549 5315 3692 5377 δέω.
3734 5324 3774 5376 Β

3676 5357 3791 5385 ’νο

2887 5323 2935 5361 ³³
2963 5320 3179 5398 μέλειν,
3202 5324 3277 5382 D.
3297 5325 3369 5398 ﬁt

3255 5580 3272 5607 ,
3320 5542 3517 5594 Maran
3556 5539 3615 5607 et
3660 5533 3799 5607 Bol-

3574 5606 3623 5643 ‘°
3663 5605 3796 5664 add.
