4144 6184
275 308 387 371 861

1342 307 1525 369 νιΤΑ
1574 308 1639 369 S.
1686 304 2054 368 CYPRIANI
2098 300 2609 363 ANTIOCHENI.

3564 284 3681 348 sea
3720 242 3739 247 6

272 468 449 526 καλοῦ
492 465 745 525 τοιούτου
789 469 834 507 ⁴¹
887 464 1376 542 παραμελούντων.
1426 467 1696 524 Ἐντεῦθεν
1728 466 1763 536 ἡ
1815 484 1926 520 πο·-

2036 462 2447 524 condemneris
2487 458 2847 535 negligentia
2886 473 3004 523 eos,
3037 456 3138 529 qui
3166 455 3282 512 tale
3327 454 3544 511 bonum
3575 464 3682 508 ηοε-

270 556 436 632 νηρία
474 550 757 627 λαϐομένη
785 556 1109 634 προφάσεως
1137 553 1311 611 ἐποίει
1338 554 1406 610 τὰ
1452 554 1666 623 εαυτῆς·
1720 554 1815 617 Τίς
1858 556 1928 625 ⁸³,

272 644 446 723 ἔλεγε,
477 650 545 720 τῇ
576 643 691 717 Εὕα
729 644 969 715 ὠφέλεια
998 646 1104 721 πρὸ
1156 652 1257 715 τῆς
1303 650 1399 701 τοῦ
1444 644 1610 717 ξύλου
1657 645 1927 722 γεύσεως;

272 738 435 795 πόθεν
487 735 545 792 6‘s
598 736 690 792 καὶ
740 736 769 791 6
824 735 1032 810 κόσμος
1080 733 1288 813 ἐγένετο
1338 734 1448 806 ἄνς
1502 735 1665 791 πόθεν
1720 737 1772 791 οἱ
1829 755 1925 789 νυν

274 826 425 889 ὃντες
470 826 534 883 τὸ
592 827 725 882 εἶναι
785 825 937 902 εἶχον
996 820 1205 896 λαϐεῖν,
1256 824 1436 903 γάμου
1494 825 1583 881 καὶ
1644 824 1928 902 συναφείας

274 912 654 989 ἀνῃρημένων,
684 911 730 968 εί
774 913 853 986 μὴ
902 916 999 969 τοῦ
1053 910 1219 984 ξύλου
1269 910 1378 971 Εὕα
1427 914 1473 950 ⁸³
1523 920 1623 984 τῆς
1669 911 1926 989 γλυκείας

274 1002 532 1079 ἐγεύσατο
597 1003 877 1078 βρώσεως,
930 1002 974 1057 εἰ
1019 1003 1095 1077 μὴ
1146 1004 1238 1059 τὸν
1299 1001 1467 1079 ἄνδρα
1509 998 1644 1078 ἔγνω
1700 1003 1792 1058 τὸν
1836 998 1925 1057 διὰ

272 1102 438 1153 τοῦτο
471 1093 537 1167 δὴ
587 1096 680 1151 καὶ
734 1097 1048 1172 γενόμενον,
1091 1095 1137 1152 εί
1183 1100 1349 1153 πᾶσαι
1396 1095 1737 1169 παρθενεύειν
1787 1115 1928 1171 προ-

275 1184 537 1257 εἱλοντο;
598 1184 764 1242 Πόθεν
823 1185 884 1241 ἄν
934 1184 1210 1243 ἐτίκτοντο
1256 1183 1463 1258 παῖδες,
1510 1187 1573 1242 τὸ
1620 1191 1779 1242 πᾶσιν
1831 1185 1925 1241 ἀν-

273 1277 519 1353 θρώποις
548 1272 654 1345 ἡδὺ
705 1276 1069 1351 παραμύθιον,
1102 1278 1137 1347 ἡ
1167 1281 1267 1332 τοῦ
1314 1276 1451 1331 κατᾶ
1504 1277 1696 1352 μικρὸν
1745 1273 1925 1331 ἐκλεί-

272 1386 474 1429 ποντος
498 1364 709 1439 κόσμου
736 1364 1054 1435 ἆναζώωσις
1082 1385 1097 1439 ;

347 1548 451 1606 ΙΕ“.
511 1547 735 1604 Τούτων
781 1546 1053 1602 ἀκούσασα
1102 1551 1209 1602 τῶν
1261 1545 1443 1623 λόγων
1486 1547 1701 1604 Ἰούστα
1748 1549 1813 1618 ⁸⁴,
1859 1546 1921 1602 οὐ

274 1638 341 1696 τὰ
378 1645 478 1709 τῆς
509 1639 867 1713 προμήτορος
896 1634 1176 1710 ὑπέμεινεν
1206 1633 1369 1708 Εὔας,
1402 1635 1529 1694 ἀλλ’
1571 1635 1728 1700 εὐθὺς
1775 1634 1922 1710 ἐξαν-

282 1726 486 1795 ίστατο,
533 1727 623 1782 καὶ
670 1725 763 1783 τὸν
818 1728 1059 1801 πονηρὸν
1112 1725 1349 1798 ἐξέκλινε
1407 1720 1747 1800 σύμϐουλον,
1806 1727 1922 1782 ὅθεν

275 1817 339 1873 τὸ
393 1818 618 1888 σύνηθες
677 1815 848 1872 ὅπλον
898 1818 960 1871 τὸ
1015 1821 1111 1872 τοῦ
1165 1819 1397 1891 σταυροῦ
1456 1820 1681 1890 σημεῖον
1749 1815 2009 1915 nisi]st

274 1906 582 1962 καὶ⁸⁸κατ’
642 1907 830 1962 αὐτοῦ·
893 1906 981 1960 καὶ
1020 1907 1048 1961 6
1112 1907 1228 1979 μὲν,
1288 1903 1502 1960 πλείονι
1560 1908 1667 1959 τῶν
1736 1901 1921 1959 ἂλλων

280 1995 626 2073 μεγαλαυχίᾳ
660 1991 1049 2069 σεσοϐημένος,
1100 1995 1326 2051 πλείονα
1373 1993 1463 2049 καὶ
1510 1998 1609 2063 τήν
1659 1993 1926 2069 αἰσχύνην

274 2081 424 2163 ἔχων
465 2085 617 2149 εὐθὺς
671 2084 1018 2157 ἐξηλαύνετο.
1077 2084 1228 2155 Αύτή
1282 2082 1341 2140 δὶ
1389 2084 1554 2140 πάλιι
1601 2089 1724 2146 ταῖς
1790 2084 1928 2159 πρὸς

276 2178 417 2251 Θεὸν.
460 2174 651 2251 εὐχαῖς
708 2176 798 2231 καὶ
847 2173 1090 2247 δεήσεσιν
1147 2176 1340 2245 ἑαυτὴν
1396 2170 1787 2249 ἀνελάμϐανεν·
1838 2174 1927 2228 ἐπὶ

271 2267 489 2329 τούτοις
544 2267 571 2321 6
601 2265 669 2322 τὰ
720 2264 934 2341 μεγάλα
984 2268 1167 2344 φυσῶν
1211 2265 1260 2301 ⁴⁶
1304 2265 1557 2329 ταπεινὸς
1609 2261 1766 2338 ὤφθη
1818 2266 1927 2321 Κυ-

274 2360 511 2432 πριανῷ,
563 2356 652 2410 καὶ
705 2351 959 2429 σύμϐολα
1018 2361 1159 2431 σαφῆ
1221 2362 1320 2424 τῆς
1391 2354 1561 2424 ἥττης
1616 2355 1792 2432 φέρων
1839 2350 1927 2407 ἐπὶ

274 2448 377 2515 τῆς
435 2441 636 2520 ὅψεως.
693 2445 751 2498 '0
799 2440 873 2500 δέ’
938 2444 1036 2499 Καὶ
1092 2446 1121 2500 6
1172 2447 1456 2512 τοσοῦτος,
1517 2439 1640 2521 ἔφη,
1701 2440 1766 2496 σὺ
1829 2446 1929 2511 τῆς

275 2532 494 2591 τοιᾶσδε
543 2534 712 2611 κόρης
760 2532 1075 2604 ἠλάττωσαι
1109 2552 1123 2603 ;
1156 2532 1232 2595 εἷς
1270 2536 1313 2570 ⁸⁷
1350 2534 1402 2588 τί
1435 2530 1491 2587 δὲ
1544 2531 1720 2602 ἐκείνη
1770 2530 1820 2567 ⁴⁸
1861 2530 1927 2585 τὸ

276 2624 490 2702 θαρρεῖν
538 2623 763 2700 ἔχουσα,
809 2623 1027 2700 μεγάλα
1066 2627 1290 2680 τοιαῦτα
1336 2624 1471 2678 κατὰ
1515 2625 1620 2678 τῶν
1675 2619 1929 2695 μεγάλων

281 2716 432 2787 ὑμῶν
466 2712 723 2783 δύναται;
756 2715 890 2770 Τότε
921 2714 947 2768 ὁ
980 2710 1189 2787 δαίμων
1232 2711 1373 2787 (θεία
1424 2709 1480 2766 δὲ
1526 2710 1593 2780 ἦν
1641 2708 1857 2772 πάντως
1888 2711 1923 2779 ἡ

275 2809 501 2860 κινοῦσα
531 2802 763 2877 δύναμις
812 2800 1016 2882 ἕκιρορα
1054 2807 1225 2858 ταῦτα
1280 2808 1457 2858 ποιεῖν
1496 2803 1589 2857 τὸν
1633 2806 1736 2869 τῆς
1782 2797 1926 2869 ἀλη-

277 2893 423 2958 θείας
490 2893 824 2967 ἀντίπαλον)·
895 2892 1017 2971 Οὐχ
1075 2892 1443 2967 ὑπομένομεν,
1515 2885 1642 2968 ἔφη,
1708 2890 1770 2944 τὸ
1828 2891 1925 2942 τοῦ

276 2988 512 3059 σταυροῦ
543 2989 795 3057 σημεῖον,
828 2980 953 3039 οὐδὲ
987 2983 1146 3057 μόνον
1188 2980 1319 3039 ἰδεῖν
1372 2987 1733 3054 τυπούμενον,
1779 2976 1924 3034 ἀλλὰ

274 3077 542 3156 φθάνομεν
592 3076 639 3111 ‘9
695 3075 794 3129 ἂνὰ
848 3072 1044 3149 κράτος
1101 3071 1383 3151 φεύγοντές
1446 3093 1503 3126 τε
1551 3069 1638 3126 καὶ
1690 3067 1921 3125 διωθού-

278 3184 450 3239 μενοι,
488 3164 615 3240 πρὶν
656 3162 692 3233 ἤ
724 3162 948 3224 τελείως
980 3162 1110 3219 αὑτὸ
1158 3164 1496 3232 τυπωθῆναι.
1538 3161 1718 3231 Πόσης
1764 3159 1921 3235 ανάγ-

272 3274 377 3325 κης
405 3255 471 3325 ἧν
500 3254 561 3310 τὸ
590 3257 757 3309 ταῦτα
796 3251 1099 3327 ἐκκαλύψαι
1137 3253 1229 3309 τὸν
1269 3256 1366 3307 τοῦ
1411 3249 1643 3327 ψεύδους
1694 3227 1918 3327 πατέρα,
1952 3227 2003 3295 C

274 3344 366 3399 καὶ
424 3351 524 3413 τῆς
581 3344 773 3405 κακίας
822 3341 1156 3419 δημιουργόν
1205 3363 1263 3398 τε
1308 3342 1399 3398 καὶ
1457 3342 1728 3415 πρόξενον,
1782 3339 1922 3397 ὥστε

274 3432 430 3490 οὑδέν
484 3432 711 3491 ἔλαττον
764 3434 967 3509 ὑπῆρξε
1020 3437 1200 3507 θαῦμα
1237 3434 1333 3488 τοῦ
1382 3432 1583 3488 ἐκεῖνον
1642 3433 1689 3469 ⁸ο
1744 3433 1920 3495 οὕτως

275 3524 378 3579 ὑπὸ
407 3524 577 3600 κόρης
605 3518 1038 3593 καταϐληθῆναι,
1080 3522 1143 3578 τὸ
1184 3524 1283 3593 τήν
1334 3519 1472 3577 ΐδίαν
1512 3526 1675 3592 ἧτταν
1722 3522 1922 3577 ἀνακα-

275 3612 446 3687 λύψαι
509 3615 601 3669 τὸν
681 3615 1041 3690 ὑπερήφανον·
1108 3612 1319 3675 πάντως
1386 3609 1445 3668 δὲ
1498 3614 1635 3689 πρὸς
1711 3613 1922 3667 συνετὸν

276 3701 493 3778 ἐλέγετο
520 3707 713 3771 ταῦτα,
742 3704 830 3757 καὶ
878 3702 1135 3782 ἀφορμὴν
1186 3697 1371 3757 λαϐὼν
1433 3703 1460 3757 6
1506 3702 1693 3779 σοφὸς,
1739 3702 1921 3778 σοφώ-

273 3810 432 3868 τερος
459 3792 551 3862 ἧν·
594 3797 800 3848 συνεῖκε
828 3793 871 3829 ⁸¹
901 3792 1007 3869 γὰρ
1048 3792 1250 3856 εύθέως
1299 3791 1395 3859 ὡς,
1448 3789 1561 3866 εἷ’γε
1607 3792 1652 3827 ⁸³
1697 3795 1922 3846 τοιαῦτα

276 3882 306 3936 6
353 3882 680 3957 παυρωθείς
742 3879 985 3950 δύναται,
1042 3884 1187 3951 πόση
1239 3878 1416 3949 ἄνοια,
1472 3885 1665 3935 τοῦτον
1729 3878 1922 3935 ἀπολι-

270 3972 445 4027 πόντα
472 3970 541 4041 ⁵³,
572 3975 692 4033 τοῖς
721 3970 943 4046 ἐχθροῖς
970 3970 1177 4026 ἐκείνου
1218 3968 1339 4025 λίαν
1374 3969 1545 4031 οὕτως
1594 3970 1919 4041 εύπτοήτοις

272 4058 393 4117 οὖσι
430 4061 520 4117 καὶ
550 4058 831 4122 ἀδυνάτοις
863 4060 1152 4136 προσέχειν
1184 4060 1252 4116 ⁵⁴.

344 4251 435 4312 Ις“.
487 4249 672 4305 Ταῦτα
730 4245 1041 4320 Κυπριανὸς
1099 4243 1348 4316 ἐννοήσας
1396 4244 1550 4308 εὐθὺς
1623 4246 1760 4301 κατὰ
1814 4248 1922 4300 τῶν

268 4332 558 4415 βίϐλωνιδ
588 4337 815 4417 ἐχώρει,
856 4337 947 4391 καὶ
1004 4335 1077 4397 ὡς
1128 4339 1306 4391 κακῶν
1356 4334 1557 4411 πηγὰς,
1608 4338 1684 4398 ὡς
1727 4335 1923 4411 ὀργίων

272 4425 612 4501 δαιμονικῶν
681 4424 1013 4499 θησαυροὺς,
1070 4423 1146 4486 ὡς
1211 4430 1313 4493 τῆς
1368 4425 1549 4479 αὐτῶν
1612 4424 1923 4499 μοχθηρίας

268 4515 660 4593 ἐντρυφήματά
686 4534 744 4570 τε
782 4514 871 4569 καὶ
922 4513 1263 4586 ἀναθήματα,
1315 4508 1498 4567 δοῦναι
1546 4515 1673 4587 πυρὶ
1727 4512 1924 4576 ταύτας

2036 556 2289 631 gligunt.
2330 555 2475 611 Hinc
2504 550 2868 623 improbitas,
2910 552 3151 619 accepta
3180 545 3505 612 occasione,
3538 556 3678 597 suas

2036 630 2319 719 implebat
2367 650 2559 717 partes
2590 660 2604 710 ;
2638 645 2696 696 et
2728 658 2741 697 :
2784 642 3084 705 Quaenam,
3127 634 3375 692 dicebat.
3418 632 3539 687 Eva
3571 630 3680 686 fuit

2036 736 2255 792 utilitas
2294 736 2429 790 ante
2456 738 2688 803 gustum
2722 726 2866 800 ligni
2887 725 2914 781 ?
2951 724 3253 781 Undenam
3286 724 3481 776 autem
3514 718 3679 791 geni-

2034 830 2132 882 tus
2160 831 2311 883 esset
2349 822 2607 880 mundus
2634 819 2662 875 *ἲ
2709 818 3009 875 Uudenam
3043 813 3141 886 qui
3190 827 3347 867 nunc
3377 813 3538 875 sunt,
3570 808 3678 863 ha-

2036 913 2295 972 buissent
2335 911 2672 975 essentiam,
2706 907 2755 963 si
2782 903 3223 963 matrimonium
3258 898 3513 955 ablatum
3537 895 3680 952 fuis-

2033 1008 2123 1061 set
2151 1009 2207 1061 et
2237 999 2619 1075 conjunctio?
2648 998 2706 1056 Si
2728 1013 2841 1053 non
2861 994 3047 1052 dulcis
3077 996 3287 1065 gustus
3306 993 3418 1044 Eva
3447 987 3675 1059 lignum

2033 1097 2344 1167 gustasset,
2377 1093 2429 1149 si
2467 1108 2584 1147 non
2643 1089 2830 1144 virum
2888 1084 3276 1156 cognovisset,
3336 1078 3438 1152 qui
3501 1076 3675 1133 etiam

2033 1164 2272 1257 prepter
2312 1181 2421 1238 hoc
2469 1182 2594 1237 erat
2636 1178 2871 1251 genitus
2904 1191 2918 1230 :
2953 1172 3003 1229 si
3033 1185 3233 1229 omnes
3260 1183 3390 1225 esse
3417 1164 3675 1237 virgines

2033 1254 2491 1334 constituissent,
2517 1268 2812 1326 undeuam
2835 1264 2955 1321 nati
2972 1265 3167 1319 essent
3190 1258 3318 1325 ﬁlii,
3346 1254 3675 1328 jucundum

2031 1361 2375 1421 hominibus
2457 1359 2732 1417 omnibus
2816 1352 3090 1412 solatium
3157 1353 3216 1407 et
3297 1343 3523 1413 mundi,
3575 1340 3677 1416 qui

2032 1452 2317 1526 paulatim
2359 1450 2577 1519 deficit,
2610 1448 2671 1504 in
2709 1446 2882 1503 vitam
2922 1439 3207 1501 revocatio
3230 1441 3260 1495 9

2100 1543 2215 1601 XV.
2265 1542 2410 1599 Cum
2459 1541 2581 1596 haec
2634 1537 2811 1595 verba
2855 1533 3140 1591 audiisset
3182 1530 3436 1594 Justina.
3471 1525 3677 1585 nonid

2030 1632 2081 1689 ei
2114 1648 2221 1688 usu
2258 1631 2416 1687 venit
2445 1629 2597 1703 quod
2626 1628 2828 1700 primas
2859 1622 3082 1696 parenti
3129 1622 3258 1677 Evas
3288 1635 3303 1677 :
3338 1618 3438 1676 sed
3470 1614 3673 1674 statim

2030 1723 2305 1791 surrexit,
2335 1728 2394 1781 et
2442 1720 2660 1779 malum
2690 1714 3001 1774 declinavit
3058 1710 3483 1770 consiliarium.
3516 1707 3678 1765 Unde

2030 1814 2207 1871 etiam
2273 1814 2334 1869 in
2382 1828 2511 1869 eum
2599 1824 2829 1882 quoque
2892 1807 3176 1863 consueta
3239 1801 3437 1858 emisit
3492 1813 3673 1865 arma,

2039 1920 2247 1975 nempe
2305 1902 2537 1975 signum
2579 1902 2790 1957 crucis.
2852 1896 2915 1952 Et
2962 1894 3059 1951 ille
3097 1892 3358 1965 quidem,
3390 1887 3492 1962 qui
3545 1885 3678 1959 plus

2036 2009 2211 2066 quam
2253 1991 2354 2048 alii
2400 2008 2464 2048 se
2514 1991 2853 2062 jactaverat,
2885 1984 3091 2056 majori
3146 1982 3362 2054 pudore
3418 1978 3676 2044 affectus,

2036 2083 2233 2140 statim
2279 2082 2389 2138 fuit
2443 2082 2685 2153 ejectus.
2727 2080 2853 2150 Ipsa
2902 2079 3096 2131 autem
3142 2086 3350 2129 rursus
3406 2067 3579 2125 rediit
3607 2066 3679 2123 ad

2036 2189 2175 2230 suas
2204 2173 2275 2229 ad
2315 2172 2499 2229 Deum
2532 2184 2734 2244 preces
2789 2171 2845 2223 et
2900 2164 3213 2223 orationes.
3241 2162 3384 2218 Post
3432 2157 3555 2213 hac
3607 2155 3676 2225 is,

2036 2265 2207 2336 cujus
2237 2267 2405 2321 erant
2433 2261 2598 2336 prius
2649 2257 2967 2316 insolentes
3023 2259 3084 2311 et
3136 2249 3376 2325 gloriosi
3416 2247 3680 2321 spiritus,

2036 2334 2282 2409 humilis
2324 2355 2382 2408 et
2432 2334 2696 2421 abjectus
2744 2342 3016 2419 apparuit
3072 2339 3376 2414 Cypriano,
3420 2340 3478 2393 et
3524 2334 3680 2407 quod

2036 2441 2226 2499 victus
2254 2443 2427 2510 esset,
2461 2442 2661 2511 aperta
2697 2435 2871 2507 signa
2901 2431 3063 2489 vultu
3094 2445 3207 2503 pm
3240 2443 3302 2484 se
3334 2426 3546 2484 ferens.
3580 2422 3682 2481 Ille

2037 2536 2232 2588 autem
2292 2546 2309 2589 :
2366 2534 2434 2586 Et
2488 2536 2571 2596 tu,
2641 2524 2849 2597 inquit,
2910 2520 3011 2594 qui
3059 2535 3120 2576 es
3205 2520 3429 2584 tantus,
3478 2531 3513 2570 a
3575 2512 3680 2569 tali

2037 2620 2233 2695 puella
2266 2617 2424 2675 fuisti
2463 2615 2818 2687 superatus?
2858 2614 2982 2679 Quo
3013 2611 3210 2667 autem
3242 2607 3383 2663 freta
3414 2603 3540 2670 illa,
3577 2602 3676 2658 ad-

2036 2694 2238 2769 versus
2266 2727 2390 2777 vos,
2422 2708 2523 2782 qui
2553 2706 2700 2763 estis
2713 2708 2832 2761 tam
2856 2699 3075 2775 magni,
3104 2702 3223 2754 tam
3247 2710 3457 2767 magna
3486 2694 3677 2782 potest

2035 2802 2220 2858 facere
2245 2800 2274 2856 ?
2326 2781 2490 2855 Tunc
2529 2798 2755 2853 daemon
2798 2793 2948 2865 (erat
2984 2793 3180 2846 autem
3213 2784 3451 2841 omnino
3482 2781 3677 2838 divina

2033 2892 2236 2962 virtus,
2294 2905 2422 2963 quas
2480 2884 2876 2943 adversarium
2946 2877 3201 2937 veritatis
3278 2872 3566 2939 movebat,
3612 2874 3679 2926 ut

2033 2981 2154 3037 haec
2192 2960 2541 3052 proferret):
2592 2974 2864 3047 Signum,
2907 2969 3123 3043 inquit,
3173 2964 3377 3029 crucis,
3412 2978 3484 3018 ne
3531 2960 3673 3017 dum

2032 3072 2318 3144 figuratur
2349 3048 2605 3142 quidem,
2637 3066 2833 3121 videre
2862 3061 3100 3119 omnino
3139 3054 3524 3120 sustinemus,
3571 3048 3671 3106 sed

2030 3143 2170 3219 totis
2226 3159 2444 3216 viribus
2512 3173 2619 3214 nos
2675 3154 2838 3228 prius
2903 3152 2963 3207 in
3041 3150 3241 3222 fugam
3298 3143 3672 3216 conjicimus,

2032 3267 2204 3324 quam
2258 3250 2317 3306 id
2376 3247 2623 3322 perfecte
2670 3246 2976 3318 figuretur.
3017 3242 3256 3306 Quantas
3305 3238 3431 3292 erat
3470 3247 3676 3324 neces-

2032 3322 2246 3407 sitatis,
2304 3335 2592 3395 mendacii
2650 3340 2872 3407 patrem
2933 3331 3051 3386 btec
3114 3325 3361 3400 aperire.
3433 3322 3674 3395 vitiiquc

2030 3432 2289 3504 opificem
2311 3432 2370 3485 et
2398 3423 2829 3483 conciliatorem
2854 3422 2883 3477 ?
2917 3420 3041 3476 Non
3074 3416 3185 3473 fuit
3230 3415 3425 3486 itaque
3473 3410 3672 3468 minus

2032 3501 2397 3586 miraculum,
2435 3517 2803 3589 arrogantem
2836 3510 3001 3568 illum
3032 3511 3090 3564 et
3120 3505 3441 3578 superbum
3481 3501 3667 3575 signi-

2032 3613 2202 3669 ﬁcare
2258 3626 2321 3667 se
2367 3622 2496 3664 esse
2543 3606 2902 3677 superatum,
2948 3613 3128 3670 quam
3192 3594 3361 3650 illum
3412 3591 3493 3647 sic
3541 3606 3671 3663 pro-

2030 3706 2275 3759 stratum
2331 3697 2513 3754 fuisse
2569 3712 2603 3751 a
2649 3690 2865 3766 puella.
2916 3686 3261 3744 Dicebantur
3317 3685 3511 3739 autem
3553 3680 3675 3736 hac

2030 3792 2266 3851 omnino
2311 3784 2695 3857 intelligenti:
2726 3785 2783 3839 et
2824 3784 3057 3847 accepta
3085 3773 3407 3838 occasione,
3441 3768 3676 3840 sapiens

2030 3889 2156 3941 erat
2211 3878 2548 3952 sapientior.
2594 3874 2861 3933 Protinus
2897 3870 3054 3928 enim
3111 3864 3412 3934 intellexit,
3447 3863 3496 3920 ei
3554 3862 3674 3918 hac

2032 3978 2224 4047 potest
2264 3951 2610 4036 Crucifixus,
2660 3967 2879 4037 quanta
2917 3961 2994 4017 sit
3024 3956 3302 4019 amentia.
3333 3970 3400 4011 eo
3449 3951 3672 4020 relicto,

2032 4041 2189 4119 illiu
2223 4060 2389 4133 sequi
2421 4056 2715 4123 inimicos,
2762 4053 2861 4127 qui
2891 4054 3032 4108 sunt
3086 4055 3203 4105 tam
3236 4041 3581 4110 imbecilles,
3622 4046 3676 4098 et

2031 4156 2151 4209 tam
2182 4150 2351 4207 facile
2388 4150 2698 4207 terrentur.

2104 4240 2249 4299 XVI.
2286 4240 2413 4296 Haec
2461 4253 2593 4295 cum
2627 4238 2821 4291 mente
2850 4231 3126 4304 agitasset
3184 4225 3525 4300 Cyprianus,
3557 4229 3679 4280 sla-

2031 4332 2141 4388 tim
2160 4329 2413 4403 perrexit
2431 4328 2501 4383 ad
2532 4326 2745 4391 libros;
2769 4327 2825 4380 et
2845 4325 3129 4393 tanquam
3162 4315 3449 4373 malorum
3466 4315 3675 4380 fontes,

2033 4425 2090 4478 et
2126 4420 2424 4493 orgiorum
2465 4414 2961 4471 dmmouiacorum
3004 4408 3333 4473 thesauros,
3364 4417 3678 4475 eorumque

2035 4509 2307 4583 nequities
2364 4505 2605 4563 delicias
2644 4506 2701 4561 et
2754 4498 3013 4569 donaria,
3072 4513 3172 4554 eos
3220 4494 3343 4569 igni
3402 4494 3677 4549 mandare

266 4602 432 4681 ἔγνω.
467 4604 655 4678 Φέρειν
696 4604 743 4640 ⁵⁸
794 4600 888 4658 οὖν
931 4600 1095 4658 εῗπὼν
1140 4606 1257 4665 τοῖς
1307 4604 1598 4677 θεραπουσι
1626 4584 1712 4673 Ἶ⁸⁷,
1763 4624 1924 4659 κατα-

2037 4603 2261 4661 statuit.
2296 4601 2442 4658 Cum
2498 4613 2636 4669 ergo
2676 4595 2916 4652 dixisset
2956 4589 3213 4658 famulis,
3246 4595 3313 4644 ut
3366 4602 3464 4643 eos
3504 4584 3681 4642 δίτονα

267 4690 543 4768 λαμϐάνει
593 4695 694 4764 τήν
743 4690 1063 4763 ἐκκλησίαν,
1121 4692 1212 4747 καὶ
1261 4695 1342 4765 τῷ
1397 4692 1677 4765 ἐπισκόπῳ
1728 4713 1921 4771 συγγεο

264 4786 500 4860 νύμενος
560 4784 848 4856 (Ἀνθιμος
895 4782 1043 4853 αύτῷ
1090 4778 1287 4856 ὄνομα)
1333 4783 1377 4819 ⁵⁸
1429 4781 1763 4859 ἐγγραφῆναι
1808 4788 1924 4844 τοῖς

268 4877 371 4930 τοῦ
426 4874 668 4950 Χριστοῦ
717 4868 1019 4947 προϐατοις
1062 4871 1243 4941 ἠξίου.
1290 4871 1353 4928 Ὁ
1406 4868 1463 4926 δὲ
1514 4871 1624 4945 (καὶ
1671 4874 1775 4947 γὰρ
1828 4872 1920 4927 τὸν

268 4960 441 5039 ἃνδρα
514 4962 775 5038 ἐγίνωσκε
841 4961 931 5016 καὶ
999 4959 1167 5016 λύκον
1235 4959 1392 5016 άύτὸν
1455 4960 1699 5036 ἀτεχνῶς
1756 4957 1922 5036 ᾔδει),

263 5053 468 5129 τέχνην
499 5052 639 5108 εἶναι
678 5050 741 5107 τὸ
786 5054 1013 5127 πρᾶγμα
1059 5050 1311 5122 νομίσας,
1357 5051 1482 5113 τοὺς
1530 5051 1580 5089 ⁸9
1625 5047 1775 5113 ἐκτὸς
1822 5056 1922 5120 τῆς

264 5140 601 5215 Ἐκκλησίας
660 5142 844 5217 ἀρκεῖν
902 5138 1049 5211 αὑτῷ
1105 5139 1418 5215 παρηγγύα,
1507 5140 1584 5212 μή
1657 5140 1748 5194 καὶ
1804 5144 1921 5203 τοῖς

265 5228 423 5289 ἔνδον
482 5230 710 5307 μελετᾷν
764 5229 1116 5302 ἐπιτίθεσθαι,
1175 5229 1409 5300 Μήποτέ
1458 5248 1571 5299 σοι,
1627 5230 1782 5307 φησί,
1831 5230 1921 5285 καὶ

340 5400 384 5435 ιι
425 5393 652 5467 codicis
712 5394 755 5450 D
811 5392 1046 5467 reliquae
1104 5391 1575 5467 paginalacerae
1618 5396 1771 5467 sunt.

267 5472 316 5507 ⁸⁸
348 5462 787 5540 μεγᾴλαυχα,
884 5462 1143 5522 “deest.
1178 5467 1238 5540 B_.
1438 5466 1620 5540 deest,
1676 5465 1737 5522 Β.

260 5542 316 5579 ιτ
346 5537 559 5669 ὦσείγξ,
588 5537 651 5593 Β.
683 5537 926 5593 Videtur
952 5543 1149 5594 autem
1181 5577 1182 5584 η

259 5630 460 5669 -ποντα,
541 5653 553 5667 .
656 5608 704 5645 ⁸⁴
733 5606 1108 5669 προσανέγειν.
1140 5608 1182 5667 F

270 5626 589 5745 Χῗινᾶἒδιξῖξ.
618 5626 1219 5754 Αιιιὲῗιῗῗιῗῗέιέἒέξιέἓ.
1248 5626 1329 5737 cr'.

1874 5393 1919 5428 ⁸³
1948 5392 2078 5448 add.
2112 5387 2223 5456 καὶ,
2256 5389 2318 5446 F.

832 5545 843 5549 _
884 5461 1143 5549 ‘7'deest.
1178 5467 1238 5549 B_.
1438 5466 1620 5549 deest,
1676 5465 1737 5522 Β.
1842 5462 1890 5499 ⁴⁹
1937 5462 2240 5549 φθάνωμεν,
2288 5461 2350 5516 Β.

638 5579 651 5593 .
677 5519 926 5593 Videtur
952 5519 1149 5594 autem
1179 5519 1583 5596 abundareth
1604 5519 1843 5608 'nempe
1889 5551 1932 5591 ε]

656 5608 704 5645 ⁸⁴
733 5606 1108 5665 ποοσανέγειν.
1140 5608 1202 5665 F.
1305 5607 1352 5644 ⁸⁵
1393 5600 1645 5665 Βιϐλίων.
1679 5608 1741 5665 Β.
1845 5606 1892 5643 ⁵⁸
1921 5627 1932 5659 ι

2037 5519 2346 5607 ερὲιίῐίοηθ
2390 5530 2607 5617 ultimm
2656 5528 2890 5619 syllabas
2939 5526 2996 5581 in
3044 5519 3264 5585 εὐθέως.

2035 5625 2093 5665 ιι.
2144 5610 2208 5662 Β.
2310 5602 2359 5637 ⁵⁷
2406 5621 2532 5662 τους
2579 5613 2926 5665 θεραποντας,
2980 5602 3041 5653 Β.
3082 5595 3140 5650 C.
3193 5594 3254 5649 F.

1419 5624 1645 5676 unum,
1679 5624 1741 5665 υ.
1845 5624 1892 5643 π
1921 5627 1932 5659 ι

1419 5683 1584 5738 rient.
1621 5679 1843 5737 Christ"
1876 5685 1932 5738 to

2035 5625 2093 5675 ιι,
2144 5624 2208 5662 υ.
2310 5624 2354 5637 ν’
2406 5624 2532 5662 τους
2579 5624 2926 5677 cepa-tronae,
2980 5624 3041 5653 ο.
3082 5624 3140 5650 υ.
3193 5624 3254 5649 ι’.
3361 5624 3401 5627 ν-

2047 5678 2122 5749 Il,
2153 5690 2285 5750 pag.
2314 5676 2442 5732 670.
2518 5673 2565 5711 δ’
2592 5674 2741 5745 τοῦς,
2778 5678 2833 5729 Β.
2868 5673 2927 5729 C.
2961 5701 3029 5714 υ-
3058 5670 3174 5724 τοῖς
3206 5664 3413 5722 caeteri.

2033 4697 2177 4759 rent,
2220 4690 2381 4749 venit
2436 4688 2509 4745 ad
2542 4684 2850 4744 ecclesiam
2884 4700 2899 4741 :
2950 4689 3005 4739 et
3061 4695 3195 4736 cum
3234 4676 3509 4751 episcopo
3541 4689 3675 4729 cou-

2028 4797 2269 4855 gressus
2325 4778 2398 4852 (ei
2430 4791 2644 4835 nomen
2701 4778 2825 4831 erat
2881 4769 3245 4839 Authimus),
3287 4765 3545 4835 rogabat,
3605 4765 3673 4817 ut

2028 4850 2455 4928 describeretur
2517 4866 2579 4922 in
2638 4876 2946 4921 numerum
3018 4860 3210 4917 ovium
3276 4853 3510 4912 Christi.
3569 4850 3669 4907 Ille

2027 4968 2218 5017 autem
2241 4958 2617 5032 (Cyprianum
2646 4954 2804 5011 enim
2826 4948 3233 5023 cognoscebat,
3256 4950 3314 5002 et
3342 4959 3477 5001 eum
3500 4940 3670 5014 plane

2027 5065 2153 5108 esse
2184 5031 2391 5120 lupum
2436 5045 2679 5117 sciebat)
2709 5058 2834 5100 eam
2874 5056 2996 5098 rem
3026 5052 3157 5096 esse
3206 5039 3392 5093 artem
3424 5031 3670 5090 arbitra-

2027 5143 2125 5197 tus
2153 5155 2166 5194 :
2199 5119 2351 5207 Tibi,
2382 5135 2593 5210 inquit,
2629 5132 2943 5201 sufficiant,
2968 5128 3070 5203 qui
3116 5130 3257 5185 sunt
3293 5128 3454 5183 extra
3480 5119 3672 5179 Eccle-

2028 5229 2179 5286 siam
2212 5244 2225 5285 :
2261 5241 2449 5300 neque
2507 5240 2608 5283 eos
2636 5223 2866 5283 coneris
2910 5218 3168 5293 aggredi,
3200 5215 3299 5290 qui
3356 5220 3491 5273 sunt
3518 5213 3674 5270 intra

2778 5384 2827 5420 ⁵⁴
2854 5379 3119 5439 ’ῐουστίνα
3147 5378 3209 5434 Β.
3310 5374 3361 5413 ⁸⁵
3387 5377 3568 5441 deut.
3601 5376 3666 5432 B-

2986 5452 3034 5491 ⁵1
3076 5450 3293 5537 ωγῇκε,
3326 5449 3387 5504 Β.
3419 5448 3480 5502 C.
3507 5447 3571 5501 E.
3604 5446 3665 5504 Ρ.

2986 5544 2995 5573 ι
3044 5522 3264 5573 εύθεως.
3367 5520 3412 5555 ⁸³
3441 5515 3669 5573 ἀπολεί-

3355 5590 3406 5627 ⁵⁸
3458 5590 3668 5648 Nullus

2420 5387 2466 5423 ⁸³
2493 5386 2570 5448 εὖ.
2603 5390 2667 5441 Β.

2461 5458 2509 5494 ⁸ο
2549 5454 2776 5519 ἐκείνου,
2826 5459 2889 5512 Β.

2310 5602 2359 5677 5,7
2402 5594 2926 5677 “beespé‘ucwas,
2980 5602 3041 5653 Β.
3082 5595 3146 5677 CL
3193 5594 3254 5649 F.
