4144 6184
482 285 599 345 863

1773 291 1824 352 Μ
1840 294 2060 356 ENSIS
2107 295 2608 360 SEPTEMBER.

3772 297 3894 361 864

473 459 624 514 eam,
677 459 750 501 ne
796 445 943 502 forte
1009 447 1200 504 malus
1237 448 1342 504 tibi
1387 449 1688 522 contingat
1743 453 1955 512 exitus.
2004 458 2114 510 Ai:-

2237 457 2388 511 ιακὸν
2454 457 2517 512 τὸ
2575 457 2740 532 πέρας
2801 457 2900 512 οὐκ
2955 459 3272 529 ἀπαντήσοι.
3328 463 3557 514 ’Πκουσε
3638 463 3899 534 Κύπρια·⁹

477 536 621 591 divit
688 536 1033 608 Cyprianus,
1117 544 1174 594 et
1228 540 1424 596 omnia
1471 541 1734 610 adduxit,
1793 546 2010 616 quibus
2069 548 2120 603 ei

477 626 651 681 fidem
691 627 921 693 faceret,
972 644 1103 683 cum
1163 645 1399 685 summa
1448 632 1864 699 moderatione,
1925 640 1981 690 et
2038 642 2119 692 te.

478 715 744 772 stabatur
773 733 900 772 esse
925 719 1097 773 fidem
1131 718 1340 774 Christi
1372 721 1664 777 inviclam.
1699 721 1931 780 Dicebat
1963 726 2118 782 enim

475 806 707 864 Justam
729 805 812 860 illi
834 823 961 862 eam
996 824 1180 879 nuper
1210 815 1405 864 notam
1436 811 1777 881 reddidisse,
1813 829 1911 883 per
1941 832 2118 886 quam

471 895 573 950 illa
613 896 672 950 in
733 897 930 966 fugam
969 897 1180 954 multos
1240 903 1484 955 verterat
1543 902 1852 959 daemones.
1911 907 2118 978 Accipe

473 991 688 1056 autem,
724 988 974 1058 dicebat,
1007 989 1113 1044 hos
1164 1006 1396 1062 quoque
1425 991 1625 1059 libros,
1660 995 1759 1064 qui
1810 994 1953 1051 mihi
1985 997 2117 1052 fue-

472 1082 611 1132 runt
656 1077 941 1133 malorum
997 1079 1374 1152 principium,
1407 1086 1464 1136 et
1507 1082 1578 1137 da
1608 1099 1705 1138 eos
1755 1084 1876 1156 igni
1907 1102 2114 1142 consu-

474 1167 744 1237 mendos,
790 1171 854 1222 ut
910 1169 1205 1224 daemones
1264 1187 1493 1242 quoque
1551 1172 1742 1228 sciant
1783 1174 1926 1229 nihil
1960 1181 2121 1247 post-

478 1256 603 1311 hmc
638 1258 754 1313 fore
786 1257 930 1312 mihi
963 1275 1094 1313 cum
1131 1258 1248 1314 illis
1278 1276 1606 1318 commune.
1632 1264 1672 1318 Ii
1699 1265 1852 1318 enim
1888 1265 2122 1320 fuerunt

478 1345 894 1403 intercessores
953 1349 1020 1402 ad
1067 1364 1308 1404 amorem
1364 1350 1421 1404 in
1457 1367 1555 1407 eos
1614 1352 1758 1407 mihi
1807 1353 2121 1410 concilian-

481 1438 641 1493 dum.
691 1435 789 1491 His
822 1453 1139 1507 persuasus
1167 1437 1498 1510 episcopus,
1546 1442 1735 1497 virum
1765 1458 1892 1498 esse
1931 1449 2120 1500 muta-

480 1531 633 1592 tum,
685 1525 816 1580 illos
869 1527 1123 1594 quidem,
1177 1534 1240 1581 ut
1287 1527 1445 1599 digni
1500 1536 1687 1596 erant,
1746 1533 1940 1588 statim
1999 1533 2121 1604 igni

477 1615 778 1671 mandavit
837 1633 851 1682 ;
908 1614 1070 1670 illum
1131 1626 1346 1684 autem,
1408 1635 1541 1673 cum
1600 1620 1651 1675 ei
1709 1621 2119 1689 benedixisset,

475 1703 722 1772 dimisit,
757 1705 1004 1759 multum
1047 1706 1388 1779 admonens,
1421 1713 1479 1763 et
1508 1709 1557 1764 ei
1590 1726 1820 1778 cavens,
1855 1717 1917 1767 ut
1946 1717 2123 1769 staret

477 1791 552 1850 iis
583 1810 708 1865 qua
740 1795 1088 1851 decreverat.

551 1979 714 2037 XVII.
774 1982 974 2038 Statim
1034 1998 1168 2056 ergo
1213 1983 1563 2056 Cyprianum
1620 1988 1878 2058 priorum
1913 2007 2126 2062 magna

480 2069 642 2126 subit
672 2071 1013 2141 paenitentia
1048 2090 1059 2126 :
1093 2078 1150 2127 et
1179 2074 1451 2145 deinceps
1478 2077 1548 2131 ab
1580 2077 1846 2148 improba
1875 2084 1930 2135 et
1961 2080 2122 2152 ﬂagi-

478 2159 622 2214 tiosa
670 2160 788 2214 vita
849 2165 1075 2215 tantum
1138 2161 1380 2228 destitit,
1427 2169 1482 2218 et
1538 2169 1737 2221 tantus
1776 2166 1881 2222 fuit
1939 2168 2124 2225 hostis

473 2249 732 2318 turpium
783 2249 1084 2317 vitiorum,
1117 2254 1337 2321 quanta
1379 2254 1541 2324 prius
1599 2255 1649 2309 ei
1709 2256 2124 2313 intercesserat

475 2352 610 2391 cum
642 2335 786 2406 ipsis
834 2337 1111 2393 amicitia.
1158 2339 1307 2404 Quin
1359 2341 1533 2396 etiam
1570 2343 1627 2398 in
1661 2361 1747 2411 ea,
1800 2361 1924 2415 quae
1982 2352 2123 2402 sunt

480 2426 721 2483 honesta
777 2437 829 2483 et
892 2429 1000 2484 Deo
1055 2437 1222 2501 grata
1259 2434 1484 2486 tantum
1518 2433 1786 2490 adhibuit
1833 2437 2120 2504 studium,

477 2521 762 2590 quantum
799 2534 903 2572 nec
936 2519 1096 2590 prius
1129 2519 1187 2575 in
1219 2535 1287 2576 ea
1317 2537 1441 2592 qua
1465 2527 1603 2579 sunt
1635 2524 1802 2580 mala.
1835 2527 2122 2583 Indicium

477 2605 734 2678 pulchras
798 2607 972 2677 hujus
1013 2610 1381 2678 mutationis,
1416 2617 1547 2682 post
1597 2614 1878 2670 librorum
1911 2617 2123 2672 conﬂa-

469 2697 815 2767 grationem,
871 2697 982 2752 fuit
1028 2699 1202 2754 etiam
1267 2700 1714 2758 simulacrorum
1770 2705 2121 2762 dissolutio:

470 2801 600 2857 quae
636 2786 739 2840 fuit
781 2792 899 2841 tam
944 2787 1234 2853 absoluta,
1263 2794 1328 2844 ut
1372 2807 1440 2846 ne
1473 2809 1672 2850 eorum
1723 2797 1960 2866 quidem
2004 2812 2125 2850 om-

476 2872 616 2927 nino
696 2879 848 2927 esset
935 2873 1225 2944 reliquum
1296 2878 1633 2948 vestigium,
1692 2881 1739 2935 si
1808 2881 1945 2951 quid
2007 2880 2124 2936 tale

477 2961 814 3032 praecedens
837 2965 1065 3032 tempus
1081 2963 1234 3032 apud
1259 2979 1388 3019 eum
1419 2967 1680 3022 vidisset.
1707 2969 1926 3026 Deinde
1949 2971 2128 3042 quid?

480 3048 623 3102 Cum
649 3047 746 3101 ille
776 3050 842 3101 ad
878 3064 1044 3102 suam
1076 3050 1490 3106 contumeliam
1515 3059 1689 3124 caput
1718 3055 1912 3112 cinere
1935 3074 2131 3129 asper-

481 3134 677 3202 sisset,
745 3150 948 3205 graves
1033 3139 1211 3192 edens
1274 3138 1526 3209 gemitus
1581 3159 1646 3197 ac
1725 3145 2000 3216 suspiria,
2070 3152 2125 3202 et

480 3223 738 3294 seipsum
784 3224 984 3280 levans
1033 3225 1326 3298 lacrymis,
1361 3229 1525 3286 olus
1564 3248 1696 3288 cum
1728 3249 1794 3290 eo
1826 3237 1972 3302 solo,
2019 3238 2119 3309 qui

481 3316 571 3368 est
618 3313 830 3384 ubique
871 3330 1146 3385 prasens,
1181 3317 1671 3391 colloquebatur:
1726 3328 2008 3398 tantoque
2064 3328 2123 3384 in

478 3409 661 3460 Deum
704 3422 902 3462 amore
950 3424 1050 3464 cor
1075 3411 1128 3465 ei
1184 3409 1682 3483 inﬂammabatur,
1731 3425 1784 3474 et
1849 3419 1934 3475 sic
1974 3420 2127 3490 ignis

481 3495 611 3565 ejus
643 3512 877 3551 omnem
939 3498 1300 3571 deprimebat
1350 3504 1563 3560 mentis
1621 3505 2018 3576 altitudinem,
2061 3514 2128 3565 ut

479 3585 608 3657 ipse
665 3597 958 3643 recusaret
1016 3605 1112 3645 ore
1179 3596 1290 3647 Deo
1349 3595 1555 3651 offerre
1615 3597 2126 3668 supplicationem,

485 3686 722 3752 propter
788 3680 1077 3752 insignem
1136 3685 1554 3744 humilitatem.
1623 3691 1822 3761 Itaque
1880 3708 2129 3763 magnus

486 3770 723 3841 quidem
780 3775 905 3826 erat
955 3773 1298 3845 Cyprianus,
1351 3779 1584 3848 quando
1645 3796 1812 3835 suum
1869 3782 2128 3837 studium

487 3859 895 3914 conferebatin
929 3861 1247 3928 damones,
1269 3867 1614 3937 precipuam
1645 3868 1878 3926 honoris
1913 3879 2130 3941 partem

487 3948 641 4017 apud
700 3965 798 4003 eos
853 3949 1124 4006 obtinens
1168 3969 1180 4006 :
1224 3955 1409 4023 major
1467 3961 1661 4012 autem
1715 3977 1920 4015 rursus
1975 3961 2130 4031 apud

491 4037 670 4092 Deum
702 4042 761 4092 et
789 4037 1166 4108 Christianos,
1201 4045 1436 4112 quando
1459 4045 1568 4098 fuit
1598 4051 1859 4103 mutatus
1892 4049 2134 4117 pulchra

489 4124 834 4194 mutatione,
885 4131 941 4182 et
995 4127 1301 4198 ingressus
1346 4137 1436 4187 est
1486 4134 1660 4200 viam,
1701 4152 1830 4206 qua:
1871 4138 2034 4195 ducit
2064 4141 2134 4194 ad

488 4213 782 4269 virtutem.
843 4217 984 4272 Cum
1035 4234 1172 4290 ergo
1220 4223 1399 4276 totam
1459 4221 1545 4277 sic
1602 4227 1978 4297 transegisset
2025 4244 2134 4284 no-

489 4306 639 4356 ctem
682 4303 742 4358 in
773 4305 1153 4375 confessione,
1178 4309 1494 4381 gemitibus
1542 4317 1600 4368 et
1639 4313 1934 4386 lacrymis,
1966 4333 2136 4374 mane

489 4389 604 4446 diei
662 4395 859 4464 magni
917 4395 1149 4452 Sabbati
1186 4398 1339 4453 venit
1384 4399 1441 4454 in
1482 4401 1874 4470 Dominicum,
1917 4404 2137 4461 multos

489 4477 732 4546 habens,
802 4484 898 4554 qui
956 4484 1109 4541 inter
1163 4503 1223 4542 se
1289 4487 1536 4545 invicem
1582 4493 2027 4563 contendebant,
2075 4499 2133 4550 et

489 4585 623 4625 cum
676 4574 989 4630 studebant
1038 4577 1372 4647 prevenire,
1423 4584 1479 4635 et
1533 4580 1651 4637 illic
1679 4583 1894 4641 videre.
1938 4557 2130 4657 Ingre-
2160 4557 2217 4622 D

490 4659 675 4729 diens,
745 4678 904 4733 ergo,
956 4665 1330 4721 existimabat
1390 4667 1647 4726 faustum
1717 4686 1839 4729 esse
1897 4673 2130 4746 signum

487 4749 794 4821 ingressus
830 4752 887 4806 in
931 4753 1238 4826 templum,
1273 4757 1322 4812 si
1353 4773 1526 4830 scopo
1566 4775 1668 4817 suo
1702 4763 1874 4818 verba
1902 4780 2135 4837 quoque

491 4838 808 4895 auditionis
863 4840 1162 4897 habuisset
1213 4846 1636 4905 convenientia.
1670 4852 1856 4922 Atque
1888 4852 2135 4908 habebat

492 4927 727 4997 quidem
789 4931 960 5000 pedes
1020 4931 1174 4988 intra
1230 4932 1583 5005 ecclesiam;
1636 4939 1884 4995 habebat
1939 4948 2133 4998 autem

491 5017 918 5074 admirabiliter
960 5035 1190 5093 quoque
1221 5028 1279 5079 et
1309 5029 1514 5094 praeter
1571 5027 1907 5097 opinionem
1939 5031 2134 5087 diaco-

493 5122 658 5176 num,
688 5107 809 5163 heuc
841 5110 1099 5180 Apostoli
1129 5112 1301 5168 verba
1326 5116 1797 5184 pronuntiantem
1833 5135 1845 5174 :
1881 5119 2137 5178 Christus

491 5210 588 5251 nos
619 5199 848 5255 redemit
891 5216 925 5255 α
953 5200 1238 5258 maledicto
1271 5204 1426 5272 legis,
1455 5208 1634 5275 factus
1661 5223 1760 5279 pro
1788 5208 1943 5265 nobis
1962 5213 2135 5267 male-

564 5437 610 5472 °°
641 5437 916 5519 εἰσήγαγε,
947 5448 1001 5496 Β.
1081 5445 1122 5480 ⁸³
1159 5444 1521 5518 συμμετρίου,
1558 5453 1618 5519 B_.
1697 5448 1744 5485 ⁶²
1773 5450 1954 5519 κακὸν,
1987 5453 2046 5508 Β.

493 5509 539 5591 ἶῗ
571 5509 860 5591 μέχθηὲἆέ
890 5511 1138 5591 simias.
1169 5509 1316 5591 839-
1347 5509 1408 5575 Ε·
1509 5509 1554 5591 9⁸
1585 5517 1857 5588 δπείσατον
1892 5509 1952 5579 Βί

592 5585 646 5665 c.-
674 5580 721 5665 '.
752 5580 800 5665 1°
831 5580 1147 5665 ικιέεαιβῃ-
1250 5587 1294 5624 τι
1343 5588 1660 5665 ,πρρφξρεινν
1712 5593 1772 5649 c.

494 5650 541 5685 τε
579 5645 877 5724 σύμϐολον,
914 5660 973 5714 Β,
1102 5663 1163 5716 Ε.
1199 5691 1262 5702 σ-
1296 5645 1713 5732 σν3μ6ο’·)λον,Ἀ

2155 1834 2207 1898 Β

2123 5450 2169 5487 ⁸³
2191 5451 2258 5526 τὸ
2290 5449 2517 5526 φίλτρον
2540 5450 2641 5526 τὸ,
2667 5451 2729 5505 Β.

2058 5524 2102 5559 ⁸⁸
2146 5521 2318 5593 αὐτῷ,
2369 5521 2430 5578 Β.

1971 5599 2195 5666 μεῖζον,
2216 5599 2278 5650 Β.

1722 5705 1732 5717 .
1814 5665 1856 5699 ⁷⁷
1887 5662 2298 5742 τῷπαραδόξῳ,
2327 5667 2394 5724 Β.
2471 5665 2518 5700 ⁷⁸
2546 5665 2859 5742 τρανοῦντα,
2889 5663 2952 5717 Β.

2229 547 2339 612 νὸς,
2377 546 2466 601 καὶ
2509 551 2680 602 πᾶσαν
2743 549 2926 624 εὶσῆγε
2983 550 3028 585 ⁶⁰
3079 550 3263 604 πίστιν
3327 549 3463 620 μετά
3516 548 3740 604 πολλοῦ
3801 571 3900 622 με-

2227 635 2382 709 τρίου
2414 639 2476 706 δί,
2509 640 2606 707 τήν
2641 658 2697 692 τε
2735 641 2832 690 τοῦ
2874 639 3112 710 Χριστοῦ
3162 635 3389 710 δύναμιν
3424 638 3676 709 ἀνίκητον
3727 640 3894 694 οὖσαν

2229 725 2608 801 ἐπεμαρτύρει.
2667 725 2905 783 Ἰούσταν
2980 728 3083 802 γὰρ
3160 728 3307 797 αύτῴ
3382 728 3578 797 ταύτην
3654 725 3891 805 ἔναγγος

2230 812 2380 890 ἴλεγε
2409 816 2689 891 γνωρίσαι,
2724 814 2793 871 δι’
2823 819 2890 886 ἧς
2939 816 3109 883 ἐκείνη
3156 815 3403 877 πολλοῦς
3455 819 3716 890 ἐτρέψατο
3770 817 3890 872 δαί-

2233 925 2416 978 μονας*
2451 901 2595 962 Λαῦὲ
2636 904 2692 961 δέ
2747 907 2838 962 καὶ
2893 907 2986 968 τὰς
3045 902 3296 981 βίϐλους,
3359 904 3485 982 ἔφη,
3544 907 3767 977 ταύτας,
3830 908 3889 962 αἳ

2234 1017 2328 1068 μοι
2366 1001 2472 1051 τῶν
2516 1001 2694 1052 κακῶν
2755 996 3109 1071 ἐξηγήσαντο,
3168 998 3257 1051 καὶ
3307 995 3461 1052 δίδου
3506 997 3891 1070 παρανάλωμα

2227 1085 2306 1159 τῷ
2337 1087 2489 1162 πυρὶ,
2517 1086 2604 1142 ἵνα
2631 1090 2718 1142 καί
2751 1085 3004 1161 δαίμονες
3034 1092 3228 1163 γνῶσιν
3278 1087 3364 1143 ὅτι
3411 1085 3578 1160 μηδὲν
3629 1089 3813 1143 κοινὸν
3845 1090 3891 1125 ⁵³

2231 1175 2357 1247 ἐμοὶ
2389 1178 2477 1230 καὶ
2509 1175 2735 1239 ἐκείνοις
2773 1179 2834 1232 τὸ
2891 1179 3024 1248 μετά
3066 1181 3251 1232 ταῦτα·
3305 1173 3458 1231 αὗται
3503 1179 3608 1251 γάρ
3660 1198 3761 1249 μοι
3807 1181 3891 1247 τῷ

2231 1265 2445 1344 φίλτρῳ
2476 1269 2521 1303 ⁸³
2567 1271 2645 1338 τῷ
2694 1267 2770 1327 εἰς
2819 1265 3013 1328 αὐτοὺς
3065 1265 3398 1339 έμεσίτευον.
3450 1266 3678 1327 Τούτοις
3733 1287 3892 1338 μετα·

2232 1350 2535 1424 ϐεϐλῆσθαι
2581 1357 2675 1411 τὸν
2734 1353 2899 1429 ἄνδρα
2946 1354 3184 1419 πεισθεὶς
3212 1355 3240 1411 ὁ
3274 1354 3590 1422 ἐπίσκοπος,
3645 1355 3742 1417 τάς
3793 1355 3887 1428 μὶν

2231 1446 2400 1519 πυρὸς
2445 1441 2620 1520 ἔργον,
2668 1443 2848 1520 ὥσπερ
2892 1447 2993 1519 ἄρα
3041 1445 3131 1499 καὶ
3178 1446 3313 1514 ἦσαν
3371 1445 3534 1518 ἄξιαι,
3591 1446 3654 1499 τὸ
3711 1445 3890 1520 τάχος

2233 1535 2423 1591 ἐποίει*
2487 1535 2690 1590 ἐκεῖνον
2740 1533 2796 1589 δὲ
2856 1533 3162 1608 εὐλογήσας
3220 1536 3415 1612 ἀφῆκε,
3465 1534 3654 1589 πολλά
3708 1535 3892 1588 νουθε-

2229 1627 2419 1696 τήσας,
2479 1625 2567 1679 καὶ
2624 1630 2741 1686 τοῖς
2803 1622 3149 1698 δεδογμένοις
3207 1622 3461 1698 ἐμμένειν
3512 1621 3892 1701 ἀσφαλισάμε-

2231 1736 2343 1776 νος.

2307 1988 2399 2042 ΙΖ“.
2442 1985 2646 2042 Αὐτίκα
2687 1991 2814 2060 γοῦν
2861 1985 3034 2046 πολὺς
3081 1989 3188 2039 τῶν
3239 1983 3516 2058 προτέρων
3569 1983 3740 2057 εἰσῄει
3794 1990 3891 2038 Κυ-

2230 2076 2451 2150 πριανὸν
2502 2075 2832 2148 μετάμελος,
2891 2076 2981 2129 καὶ
3061 2074 3124 2128 τὸ
3183 2074 3271 2127 ἀπ’
3325 2071 3528 2127 ἐκείνου
3590 2072 3732 2127 οὕτω
3783 2080 3885 2142 τῆς

2234 2165 2544 2239 μοχθηρίας
2612 2167 2657 2202 ⁸⁸
2725 2163 2952 2232 ἀπέστη,
3021 2163 3107 2216 καὶ
3177 2165 3433 2216 τοσοῦτον
3521 2161 3707 2216 ἑαυτὸν
3763 2166 3884 2222 τοῖς

2230 2255 2448 2327 ἀτίμοις
2480 2252 2855 2325 ἐξεπολέμωσε
2886 2253 3130 2322 πάθεσιν,
3165 2252 3296 2320 ὅσην
3327 2249 3428 2325 ἄρα
3476 2251 3581 2324 πρὸ
3639 2254 3735 2304 τοῦ
3783 2251 3884 2317 τήν

2230 2344 2365 2418 πρὸς
2413 2343 2549 2398 αύτά
2604 2341 2788 2421 φιλίαν
2846 2341 3131 2395 ἐσπείσατο
3180 2341 3246 2376 ⁸⁵⁸
3308 2338 3367 2393 ού
3430 2342 3537 2411 μὴν
3594 2338 3738 2393 ἀλλά
3793 2339 3885 2392 καὶ

2231 2433 2450 2507 περὶτά
2479 2430 2620 2486 καλὰ
2661 2431 2749 2485 καὶ
2799 2429 2933 2506 φίλα
2974 2434 3093 2501 Θεῷ
3139 2430 3411 2497 τοσαύτην
3461 2428 3738 2500 εἰσήνεγκε
3784 2429 3882 2495 τήν

2234 2520 2494 2590 σπουδὴν,
2527 2520 2657 2591 ὅσην
2693 2516 2817 2574 οὐδὲ
2848 2518 2966 2591 περὶ
2995 2518 3061 2572 τὰ
3091 2517 3306 2591 πονηρά
3334 2518 3616 2591 πρότερον.
3675 2521 3883 2589 Δεῖγμα

2231 2619 2331 2682 τῆς
2362 2609 2539 2678 καλῆς
2577 2609 2778 2678 ταύτης
2817 2603 3150 2680 μεταϐολῆς,
3188 2606 3320 2677 μετά
3367 2608 3465 2675 τήν
3511 2609 3619 2659 τῶν
3673 2599 3881 2680 βίϐλων

2231 2707 2440 2769 καῦσιν,
2472 2700 2560 2753 καὶ
2591 2702 2626 2768 ἡ
2658 2702 2761 2752 τῶν
2795 2694 3041 2752 εἰδώλων
3089 2695 3384 2756 κατάλυσις
3433 2696 3577 2749 οὕτω
3626 2694 3881 2766 γινομένη

2234 2792 2326 2846 σὺν
2359 2785 2626 2865 ἀκριϐείᾳ,
2664 2789 2736 2849 ὡς
2791 2785 2930 2860 μηδὲ
2978 2787 3138 2861 ’ἰχνος
3191 2786 3368 2840 αὐτῶν
3424 2785 3469 2822 ⁶⁶
3525 2786 3586 2839 τὸ
3635 2785 3883 2856 παράπαν

2234 2879 2650 2958 ὕπολειφοῆναι,
2685 2877 2737 2933 εἷ’
2764 2900 2815 2933 τι
2847 2874 2913 2945 δὴ
2945 2877 3034 2931 καὶ
3063 2880 3312 2930 τοιοῦτον
3357 2877 3383 2930 ὁ
3417 2871 3714 2949 προλαϐὼν
3748 2873 3890 2947 χρό-

2232 2990 2320 3030 νος
2348 2975 2472 3043 π-αρ’
2507 2969 2656 3039 αύτῷ
2686 2967 2730 3002 ⁸7
2765 2966 3036 3021 ἐθεάσατο.
3092 2965 3220 3022 Εἶτα
3268 2965 3358 3034 τί;
3393 2966 3554 3020 Κόνιν
3606 2962 3687 3039 ἐφ’
3733 2958 3884 3030 ὕϐρει

2232 3064 2330 3130 τῆς
2376 3058 2618 3136 κεφαλῆς
2651 3057 2851 3119 ἐκεῖνος
2912 3076 3343 3130 καταχεάμενος,
3409 3058 3592 3130 βαρεῖς
3645 3075 3703 3108 τε
3751 3054 3887 3107 ἀνα-

2154 3152 2413 3254 Οφέρων
2470 3149 2594 3211 τοῦς
2654 3145 3008 3223 στεναγμοὺς,
3059 3145 3148 3200 καὶ
3211 3147 3391 3200 λούων
3449 3151 3565 3207 τοῖς
3633 3142 3888 3217 δάκρυσιν

2236 3242 2248 3254 ,
2370 3241 2382 3254 ,
2541 3239 2550 3254 ,
2732 3237 2745 3254 Ι
2905 3241 2930 3250 α.
3245 3240 3269 3250 υ
3448 3235 3460 3254 ρ
3603 3236 3615 3254 ι
3688 3233 3729 3254 Α
3819 3232 3867 3254 αι

2235 3241 2445 3309 ἑαυτὸν,
2484 3239 2644 3311 μόνος
2680 3237 2824 3310 μόνῳ
2864 3241 2943 3307 τῷ
2992 3240 3273 3311 πανταχοῦ
3322 3235 3545 3309 παρόντι
3587 3233 3792 3306 ὡμίλει
3819 3232 3885 3267 ⁶⁸“

2231 3330 2476 3401 τοσούτῳ
2505 3328 2552 3362 ⁵9
2590 3348 2648 3382 τε
2696 3329 2792 3395 τὴν
2854 3323 3078 3400 καρδίαν
3135 3329 3216 3396 τῷ
3266 3329 3362 3378 τοῦ
3421 3329 3554 3380 Θεοῦ
3613 3323 3889 3396 περιεθέρ-

2238 3439 2420 3492 μαινεν
2455 3417 2638 3491 ἔρωτι,
2695 3417 2783 3471 καὶ
2834 3416 3006 3476 οὕτως
3052 3413 3217 3482 αὐτῆς
3264 3417 3366 3468 πᾶν
3418 3413 3619 3485 ὕψωμα
3667 3405 3889 3465 καταϐέ-

2236 3503 2464 3577 ϐληκεν,
2505 3506 2578 3566 ὡς
2626 3506 2996 3578 παραιτεῖσθαι
3054 3503 3143 3557 καὶ
3191 3502 3357 3571 αὐτὴν
3417 3503 3517 3571 τήν
3576 3502 3710 3574 πρὸς
3759 3501 3888 3555 Θεὸν

2237 3596 2464 3652 ἱκετείαν
2506 3596 2552 3631 ⁷⁰
2607 3594 2927 3671 προσφέρειν
2979 3595 3021 3628 τι
3079 3595 3157 3663 τῷ
3211 3592 3440 3664 στόματι
3493 3589 3580 3645 διὰ
3633 3610 3887 3644 ταπεινο-

2239 3688 2510 3765 φροσύνης
2569 3681 2904 3761 ὑπερϐολήν.
2966 3685 3070 3738 Διά
3120 3686 3287 3737 ταῦτα
3368 3682 3530 3755 μέγας
3609 3681 3703 3752 μέν
3774 3683 3888 3738 Κυ-

2238 3777 2465 3853 πριανὸς
2509 3776 2672 3844 ἡνίκα
2731 3772 2953 3847 δαίμοσι
3011 3773 3109 3841 τήν
3170 3772 3348 3846 ὁρμὴν
3409 3768 3616 3837 ἐδίδου,
3677 3768 3765 3822 καὶ
3825 3769 3892 3822 τὰ

2239 3861 2498 3940 πρεσϐεῖα
2530 3871 2628 3932 τῆς
2675 3869 2843 3934 τιμῆς
2890 3862 3016 3934 παρ’
3064 3860 3249 3920 αὐτοῖς
3295 3857 3462 3934 ἔχων,
3519 3858 3718 3930 μείζων
3747 3857 3795 3891 ⁷³
3837 3853 3892 3910 δὲ

2241 3957 2387 4032 παρά
2416 3960 2557 4028 Θεῷ,
2591 3955 2681 4008 καὶ
2733 3956 3078 4027 Χριστιανοῖς
3128 3949 3316 4016 πάλιν,
3368 3949 3537 4003 ὁπότε
3582 3949 3681 4016 τὴν
3715 3945 3893 4013 καλήν

2242 4045 2544 4101 ἀλλοίωσιν
2586 4041 2904 4114 ἠλλοιώθη,
2945 4040 3034 4095 καὶ
3083 4041 3180 4109 τὴν
3224 4040 3359 4113 πρὸς
3406 4038 3602 4110 ἀρετὴν
3652 4037 3894 4111 ἀπάγου-

2244 4156 2336 4190 σαν
2366 4131 2613 4190 ὥδευσεν.
2645 4131 2833 4191 Οὕτως
2866 4130 2954 4183 οῦν
2995 4128 3046 4183 ἐν
3097 4127 3517 4202 ἐξομολογήσει,
3569 4131 3895 4201 στεναγμοῖς

2243 4243 2301 4279 τε
2331 4224 2420 4277 καὶ
2462 4219 2715 4296 δάκρυσιν
2749 4219 2886 4287 ὅλην
2935 4219 3035 4286 τὴν
3083 4218 3248 4271 νύκτα
3296 4214 3582 4286 διηνεκῶς,
3637 4214 3758 4286 περὶ
3803 4215 3896 4268 τὸν

2244 4310 2435 4390 ὄρθρον
2469 4313 2527 4374 ’ὀς
2558 4311 2605 4348 ⁷³
2645 4311 2743 4379 τήν
2793 4314 2890 4364 τοῦ
2943 4305 3189 4384 μεγάλου
3230 4301 3515 4361 Σαδϐάτου
3555 4304 3702 4378 εἶχεν
3752 4304 3895 4374 ἡμέ-

2248 4424 2363 4479 ραν,
2399 4403 2475 4461 εῖς
2504 4403 2564 4457 τὸ
2598 4400 2860 4474 Κυριακὸν
2895 4399 3219 4477 ἂφικνεῖται,
3269 4394 3513 4455 πολλοὺς
3567 4391 3711 4467 ἔχων
3760 4391 3895 4453 τοῦς

2244 4489 2862 4570 ἀντιφιλοτιμουμένους
2912 4487 3032 4542 ⁷⁸.⁷⁵
3079 4483 3379 4556 ἀλλήλοις,
3437 4484 3526 4537 καὶ
3584 4481 3890 4557 προφθάσαι

2241 4584 2431 4636 τοῦτον
2491 4579 2660 4635 ἐκεῖσε
2713 4577 2802 4632 καὶ
2857 4573 2990 4629 ἱδεῖν
3054 4572 3404 4634 σπεύδοντας·
3458 4571 3638 4626 εἰσιὼν
3705 4571 3892 4625 τοίνον

2241 4667 2409 4742 δεξιὸν
2441 4668 2679 4724 ἐποιεῖτο
2721 4661 3000 4737 σύμϐολον
3034 4665 3081 4700 ’⁷⁸
3112 4671 3210 4733 τῆς
3242 4663 3316 4725 εἰς
3348 4663 3437 4717 τὸν
3472 4661 3594 4716 ναὸν
3655 4655 3891 4726 εἰσόδου,

2241 4761 2387 4832 εἰτῷ
2420 4763 2609 4831 σκοπῷ
2659 4757 2868 4813 ἐκείνου
2917 4756 3003 4810 καὶ
3054 4755 3120 4809 τὰ
3166 4757 3264 4818 τῆς
3313 4752 3624 4827 ἀκροάσεως
3673 4750 3892 4823 ῥήματα

2241 4845 2605 4923 συμϐαίνοντα
2658 4844 2788 4918 ἕξοιθ
2852 4845 2969 4924 εἶχε
3037 4845 3128 4899 οῦν
3195 4843 3322 4905 τοὺς
3395 4837 3567 4901 πόδας
3632 4844 3735 4907 τῆς
3804 4838 3892 4892 ἐκ-

2241 4938 2472 5007 κλησίας
2501 4937 2674 5007 ἐντὸς,
2700 4937 2818 5012 εἶχε
2849 4933 2906 4991 δὲ
2930 4931 3245 5009 παραδόξως
3285 4933 3330 4968 ⁷⁷
3373 4932 3462 4985 καὶ
3504 4929 3596 4984 τὸν
3641 4925 3890 4982 διάκονον

2240 5033 2407 5083 ταῦτα
2448 5025 2514 5096 δὴ
2575 5029 2639 5082 τὰ
2684 5029 2782 5082 τοῦ
2831 5022 3138 5080 ἀποστόλου
3193 5019 3583 5096 διατρανοῦντα
3633 5019 3697 5054 ⁷⁸⁸
3758 5019 3895 5091 Χρι-

2244 5118 2372 5179 στὸς
2428 5121 2576 5190 ἡμᾶς
2624 5117 2942 5192 ἐξηγόρασεν
2995 5111 3054 5168 ὲκ
3108 5118 3209 5180 τῆς
3266 5109 3500 5184 κατάρας
3558 5110 3656 5162 τοῦ
3702 5104 3894 5179 νόμου,

2244 5208 2537 5285 γενόμενος
2594 5206 2727 5281 ὑπὲρ
2783 5207 2942 5280 ἡμῶν
2997 5202 3220 5275 κατάρα·
3283 5200 3359 5260 ὡς
3429 5196 3486 5253 δὶ
3540 5196 3631 5251 καὶ
3678 5195 3746 5250 τὰ
3802 5196 3897 5250 τοῦ

2763 5463 2907 5526 quis
2931 5446 3171 5526 forsitan
3224 5443 3418 5526 verior:
3459 5440 3900 5526 scripturaest.

2532 5522 2578 5556 ⁸⁷
2628 5512 2827 5590 ὶαυτῷ,
2876 5519 2964 5590 Β.-
3038 5516 3087 5551 ⁸⁸
3123 5513 3335 5590 δμιλεῖ,
3545 5512 3592 5549 ⁸³
3611 5513 3906 5590 Ξοσιῇτο-ν,

2382 5596 2426 5630 ⁷³
2473 5595 2568 5662 ὡς,
2613 5594 2675 5650 Β.
2776 5583 2918 5665 Ἷῌξ
2943 5583 3571 5665 ἆντιφιλότιμωμένους,
3611 5583 3676 5641 Β.
3727 5583 3790 5642 C.
3842 5583 3904 5639 E.
