4094 6230
275 339 394 400 865

274 495 585 572 προφήτου·
692 488 867 554 Εἶδες.
973 490 1154 564 Κύριε,
1262 490 1339 563 μή

276 582 465 660 Κύριε,
518 582 595 654 μὴ
661 580 904 649 ἀποστῆς
963 578 1053 633 ἀπ’
1109 577 1269 653 ἐμοῦ.
1330 580 1459 635 Κατ’
1529 577 1661 634 αὐτὸ
1720 576 1777 633 δε
1842 580 1933 633 καὶ

272 675 365 728 τὸν
419 668 644 728 Ἠσαίαν
694 670 807 725 ⁷⁹.⁸¹
868 666 1293 743 ὑπανεγίνωσκεν
1347 666 1550 743 ἓτερος.
1617 665 1755 725 Ἰδοὺ
1809 688 1933 722 συν-

279 765 423 834 ήσει,
483 758 680 835 λέγων,
741 759 768 813 6
812 762 941 820 παῖς
1002 778 1105 830 μου
1158 758 1185 811 6
1235 757 1519 833 ἀγαπητὸς
1575 757 1632 811 δν
1692 757 1938 833 ἡρετίσα-

282 874 377 925 μεν
427 851 495 906 ⁸³.
542 850 719 923 νΑπερ
768 850 975 902 ἅπαντα
1023 843 1321 917 συνᾴδοντα
1362 848 1410 883 ⁸³
1453 851 1533 919 τῷ
1578 844 1701 919 ἰδίῳ
1749 848 1936 921 κρίνας

279 940 493 1011 σκοπῷ,
551 936 921 1011 ἐντελέστερον
982 936 1119 1010 πρὸς
1170 936 1271 1003 τήν
1332 935 1407 996 εἰς
1466 935 1595 991 Θεὸν
1653 937 1700 972 ³⁸
1758 934 1937 989 πίστιν

279 1022 596 1097 συνεϐίϐαζε
622 1027 724 1095 τὴν
769 1026 975 1100 ψυχὴν,
1016 1020 1109 1079 ἅτε
1158 1024 1374 1086 συνετὸς
1425 1022 1499 1078 ὢν
1551 1026 1596 1061 ⁸⁸
1643 1023 1798 1100 ἄγαν,
1847 1019 1938 1080 καὶ

280 1120 345 1174 τὸ
396 1116 515 1173 δὲον
564 1116 613 1152 ⁸⁵
661 1111 896 1169 συνιδεῖν
945 1111 1218 1183 ὂξύτατος.
1271 1112 1425 1169 Ἐπεὶ
1466 1110 1523 1168 δὶ
1570 1113 1661 1169 καὶ
1692 1115 1719 1168 6
1750 1114 1939 1189 καιρὸς

280 1206 467 1263 ἐκάλει
520 1205 648 1267 τοὺς
709 1201 1161 1279 κατηχουμένους
1205 1210 1304 1272 τῆς
1355 1200 1648 1273 ἐκκλησίας
1705 1200 1938 1277 βαδίζειν

283 1297 465 1364 ἐκτὸς,
498 1297 526 1349 6
559 1292 615 1349 δὲ
645 1292 897 1366 ἒπέμενεν
930 1289 1083 1347 ἔνδον
1120 1289 1216 1361 ὢν,
1266 1289 1511 1355 διάκονός
1560 1313 1666 1361 τις,
1716 1292 1864 1366 ᾧπερ
1895 1293 1940 1329 ⁸⁷

284 1383 569 1460 Ἀστέριος
626 1382 820 1456 ὄνομα,
918 1380 1203 1455 ἐπέτρεπεν
1284 1379 1479 1451 ἐξιέναι
1526 1384 1592 1419 ³⁸·
1656 1384 1683 1436 ὁ
1739 1378 1796 1435 δὲ
1849 1381 1942 1435 κά-

280 1479 429 1531 κεῖσε
457 1474 505 1510 '9
533 1473 598 1528 τὸ
627 1473 850 1547 θερμὸν,
893 1471 969 1535 ὡς
1024 1468 1188 1540 ἔοικε,
1237 1470 1327 1525 καὶ
1382 1471 1800 1549 μεγαλόψυχον,
1849 1470 1939 1526 καὶ

282 1565 348 1620 τὸ
384 1566 487 1619 τοῦ
535 1562 887 1641 φρονήματος
939 1558 1303 1615 ἀταπείνωτον
1354 1557 1521 1631 δεῖξαι
1576 1558 1939 1634 βουλόμενος,

283 1654 375 1709 καὶ
408 1653 491 1707 ὅτι
524 1650 625 1706 οὐκ
651 1650 699 1687 ⁹⁰
732 1646 963 1713 εὔκολός
989 1648 1101 1704 ἐστι
1142 1652 1222 1721 τῷ
1251 1649 1296 1687 ⁹¹
1332 1648 1493 1704 παντῖ
1529 1646 1670 1723 μηδέ
1708 1648 1941 1725 πρόχει-

284 1762 380 1817 ρος
409 1737 559 1796 ούδὲν
594 1762 647 1795 τι
682 1738 896 1812 μᾶλλον
940 1734 1153 1800 ἐνδούς.
1194 1738 1353 1801 Τίνος
1404 1738 1589 1814 χάριν,
1639 1732 1765 1818 ἔφη,
1820 1736 1939 1793 διά-

1349 332 1529 394 νιΤΑ
1577 334 1641 395 S.
1692 332 2063 394 CYPRIANI
2109 330 2616 391 ANTIOCHENI.

3572 338 3690 397 866

1460 491 1921 565 παρασιωπήσῃς

2067 490 2247 546 fictum
2269 488 2315 547 ⁷.
2359 486 2642 543 Similiter
2692 490 2882 542 autem
2937 505 3001 544 ea
3058 507 3286 563 quoque
3334 493 3490 550 dicta
3546 496 3691 553 Proo

2045 580 2270 652 phetze:
2325 577 2539 646 Vidisti,
2589 578 2838 645 Domine,
2886 592 2955 632 ne
3000 578 3275 642 siluerz’s:
3324 582 3571 654 Domine,
3621 601 3693 641 ne

2046 670 2361 725 discesseris
2407 684 2442 721 a
2484 681 2569 722 me
2587 666 2629 721 ⁸.
2681 664 2889 721 Isaiam
2944 684 3173 740 quoque
3227 668 3457 740 legebat
3496 672 3690 730 alius;

2046 760 2179 814 Ecce
2225 758 2521 828 intelliget,
2566 756 2787 821 dicens,
2835 772 2979 827 puer
3024 774 3173 814 meus
3231 759 3491 829 dilectus,
3536 778 3697 833 quem

2045 848 2247 919 elegi’.
2281 848 2415 913 Qum
2457 848 2655 902 omnia
2702 862 2834 901 cum
2876 846 3201 918 judicasset
3243 866 3349 905 suo
3390 852 3698 908 convenire

2047 937 2344 1003 instituto,
2406 936 2717 1008 perfectius
2776 936 2846 991 ad
2906 936 3075 993 tidem
3134 938 3193 993 in
3259 940 3461 1007 lleum,
3520 956 3694 997 suum

2048 1026 2417 1082 confirmavit
2472 1025 2757 1092 animum,
2789 1031 2853 1083 ut
2900 1028 2996 1099 qui
3048 1032 3203 1084 esset
3255 1029 3612 1103 intelligens,
3642 1036 3700 1088 et

2049 1116 2118 1171 ad
2178 1131 2247 1171 ea
2309 1131 2438 1187 quae
2514 1119 2762 1186 oportet,
2815 1116 3068 1173 videnda
3123 1119 3699 1191 perapicacissimus.

2049 1202 2194 1259 Cum
2254 1212 2445 1259 sulem
2506 1208 2737 1260 vocaret
2799 1208 3050 1277 tempus,
3112 1207 3192 1263 et'
3248 1209 3404 1266 foras
3461 1211 3701 1283 egrede-

2049 1298 2251 1350 rentur
2303 1293 2557 1350 ecclesia
2615 1294 3042 1364 catechumeni,
3096 1297 3192 1352 ille
3247 1315 3382 1355 vero
3441 1306 3705 1357 maneret

2050 1383 2233 1450 intus,
2293 1383 2531 1455 quidam
2608 1384 2909 1449 diaconus,
2970 1386 3063 1441 cui
3141 1404 3352 1444 nomen
3421 1392 3701 1461 Asterius,

2043 1472 2223 1544 jussit
2269 1489 2405 1529 eum
2455 1472 2631 1528 exire.
2668 1473 2768 1529 Ille
2817 1479 3015 1530 autem
3059 1474 3180 1532 illic
3228 1494 3480 1550 quoque,
3520 1496 3699 1552 quam

2050 1567 2206 1620 esset
2262 1562 2381 1619 acri
2441 1579 2768 1635 magnoque
2819 1568 2877 1620 et
2932 1564 3159 1622 excelso
3223 1567 3438 1637 animo,
3500 1568 3701 1626 volens

2052 1652 2377 1719 ostendere,
2412 1668 2600 1724 neque
2650 1656 2808 1708 esset
2852 1653 3036 1709 facilis
3063 1655 3136 1710 ad
3170 1658 3496 1727 parendum
3529 1658 3703 1714 cuili-

2052 1742 2170 1809 bet,
2203 1741 2254 1795 ei
2287 1740 2530 1798 minime
2576 1741 2820 1797 cedens:
2857 1741 3117 1806 Quanam
3151 1744 3222 1800 de
3257 1761 3453 1812 causa,
3488 1747 3702 1819 inquit,

282 1850 426 1899 κονε,
496 1826 694 1884 δοῦλόν
758 1849 825 1901 με
872 1827 1137 1903 γεγονότα
1197 1828 1431 1901 Χριστοῦ
1480 1824 1580 1899 ἔξω
1642 1826 1866 1903 βάλλειν
1893 1828 1943 1864 9³

2067 1846 2084 1884 ι
2141 1831 2405 1898 diacone,
2462 1846 2556 1886 me
2614 1830 2708 1902 qui
2764 1831 2953 1887 factus
3007 1848 3140 1888 sum
3200 1849 3405 1891 servus
3462 1836 3703 1903 Christi,

282 1926 389 1989 τῆς
439 1916 736 1988 ὶῑκκλησίας
795 1914 1165 1995 φιλονεικεῖςς
1220 1914 1315 1971 ’ίνα
1360 1916 1412 1971 τί
1461 1914 1517 1972 δέ
1564 1938 1668 1990 μου
1716 1918 1804 1972 καὶ
1851 1918 1944 1973 τὸν

286 2009 446 2064 τόνον
479 2013 579 2077 τῆς
617 2005 926 2081 προθέσεως
958 2003 1259 2081 παραλύεις
1289 2024 1303 2074 ;
1346 2007 1466 2063 Ἐπὶ
1514 2004 1729 2068 τούτοις
1760 2007 1788 2061 6
1820 2005 1941 2063 δίά-

289 2118 455 2160 κονος
489 2097 583 2170 μὲν
617 2095 699 2169 ἐφ’
752 2096 838 2157 οἷς
885 2088 1087 2169 ἔκρινεν
1130 2092 1305 2169 ἔμενε,
1363 2095 1451 2151 καὶ
1498 2099 1597 2161 τῆς
1647 2093 1941 2167 ἐκκλησίας

289 2189 484 2258 ἐξῶσαι
535 2180 917 2259 παρεϐιάζετο,
976 2184 1231 2259 προσθεὶς
1293 2183 1466 2246 οὕτως
1531 2184 1723 2240 εἰπεῖν’
1774 2182 1943 2243 Οὔπω

289 2280 525 2354 γέγονας
590 2274 821 2337 τέλειος.
875 2277 985 2334 Τὸν
1037 2273 1093 2331 δὲ
1132 2274 1413 2351 πληγῆναί
1471 2296 1529 2332 τε
1577 2275 1820 2352 ἰσχυρῶς
1868 2280 1945 2350 τῷ

291 2371 523 2444 ῥήματι,
574 2367 689 2436 καὶ,
738 2372 813 2441 Ζῇ
868 2388 975 2439 μου
1033 2368 1061 2421 6
1106 2367 1346 2440 Χριστὸς
1404 2367 1471 2438 ⁸³,
1529 2368 1711 2446 φάναι,
1764 2366 1947 2432 ὁτοὺς

294 2456 559 2533 δαίμονας
644 2458 1013 2532 καταργήσας,
1090 2457 1118 2511 6
1194 2458 1293 2525 τὴν
1386 2458 1647 2532 παρθένον
1745 2458 1943 2526 σώσας,

296 2551 325 2603 6
390 2549 484 2604 τὸν
562 2547 774 2617 ἀνάξιον
843 2547 1116 2622 οἰκτείρας
1186 2544 1302 2620 ἐμὲ·
1377 2546 1437 2601 οὐ
1519 2554 1622 2616 τῆς
1706 2545 1945 2621 προόδου

293 2645 399 2708 τῆς
470 2634 763 2707 ἐκκλησίας
829 2634 1098 2709 ἀπείρξεις
1153 2636 1199 2674 ⁸⁸
1258 2656 1345 2709 με,
1406 2636 1507 2692 οὐκ
1590 2637 1947 2712 ἀποχωρήσω

292 2727 517 2796 ταύτης.
578 2724 623 2781 εἶ
667 2726 742 2798 μὴ
788 2725 878 2779 καὶ
926 2721 1136 2788 τέλειος
1194 2725 1461 2800 γένωμαι.
1520 2728 1645 2788 Τοῖς
1707 2727 1947 2800 ῥηθεῖσιν

300 2814 391 2871 οὖν
426 2816 453 2869 6
487 2811 735 2877 διάκονος
779 2811 985 2892 σφόδρα
1041 2813 1431 2888 καταπλαγεὶς,
1483 2814 1738 2890 γνωρίζει
1785 2818 1953 2869 ταῦτα

299 2904 380 2977 τῷ
421 2902 724 2975 ἐπισκόπῳ,
785 2901 876 2956 καὶ
936 2902 1085 2965 ὅπως
1145 2903 1242 2977 μὲν
1300 2902 1461 2965 αὐτὸς
1520 2900 1705 2974 ἐξώθει
1754 2905 1798 2940 ³⁸
1854 2910 1955 2973 τῆς

305 2989 603 3063 ἐκκλησίας
652 2990 978 3066 Κυπριανὸν,
1020 2991 1048 3045 6
1081 2988 1137 3046 δὲ
1182 2990 1331 3052 ἐντὸς
1383 2992 1557 3064 μὲνειν
1604 2993 1814 3069 ἠγάπα,
1862 2992 1953 3048 καὶ

306 3082 441 3157 μετᾶ
482 3085 591 3137 τῶν
650 3081 1082 3156 κατηχουμὲνων
1137 3080 1237 3135 οὐκ
1282 3079 1438 3154 ἠξίου
1489 3088 1717 3160 χωρεῖν,
1767 3083 1953 3137 ἑαυτὸν

305 3169 507 3236 ὲθέλων
537 3169 599 3224 οὐ
629 3170 827 3224 τούτου
874 3171 1065 3243 μόνου,
1120 3168 1267 3224 ἀλλά
1307 3169 1395 3224 καὶ
1442 3176 1551 3225 τῶν
1600 3169 1955 3227 τελειοποιῶν

2054 1926 2216 1976 extra
2263 1919 2567 1976 ecclesiam
2617 1922 2925 1977 contendis
2977 1923 3233 1993 ejicere?
3270 1941 3376 1980 cur
3430 1925 3705 1982 dissolvis

2051 2009 2167 2065 mei
2226 2008 2508 2081 propositi
2561 2010 2999 2067 constantiam?
3049 2012 3184 2069 Post
3240 2012 3364 2070 haec
3424 2013 3704 2070 diaconus

2053 2098 2282 2168 quidem
2344 2097 2694 2170 persistebat
2744 2098 2801 2154 in
2851 2100 2923 2155 iis
2973 2116 3100 2171 qua
3160 2106 3456 2170 slatuerat,
3491 2109 3548 2159 et
3590 2103 3701 2160 vim

2055 2187 2352 2256 afferebat,
2408 2192 2474 2243 ut
2523 2204 2658 2244 eum
2717 2188 3029 2259 expelleret
3085 2207 3153 2247 ex
3203 2192 3469 2257 ecclesia,
3510 2193 3561 2247 ei
3619 2193 3702 2248 sic

2054 2278 2249 2333 dicens
2295 2283 2607 2349 praeterea:
2640 2277 2914 2334 Nondum
2957 2278 3144 2335 Iactus
3176 2296 3238 2336 es
3269 2281 3580 2353 perfectus.
3608 2280 3710 2337 Ille

2056 2375 2251 2422 autem
2303 2366 2479 2421 verbo
2529 2365 2695 2421 valde
2752 2366 3060 2439 perculsus
3108 2370 3289 2424 dixit:
3338 2370 3493 2425 Vivit
3542 2386 3713 2426 meus

2057 2455 2348 2523 Christus,
2410 2455 2509 2526 qui
2568 2456 2862 2512 daemones
2930 2457 3199 2523 abolevit,
3257 2459 3360 2531 qui
3422 2459 3708 2531 virginem

2064 2545 2332 2611 servavit,
2364 2543 2464 2614 qui
2524 2544 2639 2598 mei
2696 2544 2925 2615 indigni
2974 2550 3059 2601 est
3107 2546 3402 2616 misertus,
3456 2564 3573 2604 non
3624 2564 3716 2605 me

2064 2633 2289 2689 arcebis
2320 2635 2390 2688 ab
2423 2633 2687 2705 ingressu
2736 2634 3032 2703 ecclesiae;
3066 2637 3137 2692 ab
3169 2653 3234 2692 ea
3266 2655 3379 2694 non
3424 2639 3719 2706 recedam,

2066 2723 2181 2779 nisi
2213 2722 2401 2778 factus
2433 2722 2591 2779 {uero
2625 2724 2935 2795 perfectus.
2969 2724 3071 2781 His
3102 2742 3231 2796 quae
3279 2726 3437 2782 dicta
3484 2727 3715 2784 fuerant

2068 2812 2232 2869 valde
2284 2812 2725 2885 obstupelactus
2772 2813 3073 2884 diaconus,
3106 2814 3228 2871 haec
3257 2815 3550 2888 significat
3586 2815 3712 2888 epi-

2070 2918 2265 2975 scopo,
2290 2918 2496 2975 nempe
2530 2904 2681 2974 quod
2713 2903 2838 2976 ipse
2869 2904 3104 2976 quidem
3127 2920 3194 2961 ex
3217 2905 3460 2963 ecclesia
3479 2906 3715 2978 ejiceret

2071 2992 2598 3065 Cyprianum;ille
2654 3010 2784 3050 vero
2842 2992 3012 3049 vellet
3069 2994 3232 3051 intus
3294 3012 3550 3067 manere,
3600 3012 3717 3053 non

2073 3088 2268 3137 autem
2320 3082 2476 3136 exire
2519 3097 2649 3137 cum
2700 3081 3155 3149 catechumenis,
3198 3099 3302 3139 nec
3351 3083 3462 3139 hoc
3508 3083 3722 3151 solum,

2074 3169 2179 3226 sed
2226 3170 2399 3226 etiam
2433 3186 2555 3241 quae
2589 3169 2873 3241 perfectos
2924 3170 3196 3238 reddunt,
3229 3170 3401 3227 vellet
3449 3171 3725 3244 consequi

311 3260 632 3334 μυστηρίων
673 3257 910 3337 ἱπιτυχῆ
962 3257 1205 3335 γενέσθαι
1258 3260 1347 3314 καὶ
1401 3259 1571 3331 ἄξιον.
1624 3261 1686 3318 Ὀ
1736 3259 1793 3315 δὲ
1839 3262 1954 3337 περῖ

2080 3264 2466 3316 sacramenta.
2499 3259 2605 3323 Qui
2654 3259 2831 3331 igitur
2861 3260 2932 3316 ad
2965 3261 3283 3317 servandas
3328 3261 3557 3318 animas
3604 3266 3728 3317 erat

306 3352 370 3405 τὸ
402 3354 573 3405 σῶσαι
622 3351 807 3425 ψυχὴν
859 3348 1247 3424 εύτεχνότατος
1298 3352 1585 3424 ”Ανθιμος,
1634 3352 1696 3406 τὸ
1743 3356 1967 3427 πρᾶγμα

311 3445 457 3496 θεῖον
498 3436 739 3515 ἀκριϐῶς
788 3439 1150 3517 λογισάμενος
1188 3443 1255 3511 ⁸⁸,
1309 3440 1693 3514 μετακαλεῖται
1736 3442 1970 3518 τάχιστα

311 3532 404 3587 τὸν
448 3534 778 3606 Κυπριανόν,
840 3530 929 3585 καὶ
988 3531 1332 3606 κατηχησας,
1402 3530 1517 3586 εἶτα
1572 3531 1662 3586 καὶ
1712 3536 1792 3604 τῷ
1839 3532 1969 3604 θείῳ

317 3617 650 3693 βαπτίσματι
681 3618 947 3693 καθαίρει,
980 3620 1068 3674 καὶ
1116 3623 1184 3693 τῇ
1229 3621 1327 3693 μὶν
1375 3617 1545 3696 ὀγδόῃ
1596 3626 1704 3675 τῶν
1749 3622 1970 3695 ἡμερῶν

314 3710 650 3784 ἱεροκήρυκα
686 3710 776 3764 καὶ
828 3708 1101 3784 ἐξηγητὴν
1152 3713 1258 3765 τῶν
1314 3713 1412 3764 τοῦ
1465 3711 1702 3784 Χριστοῦ
1765 3731 1972 3783 μυστη-

318 3799 448 3873 ρίων
472 3795 836 3866 ἂποδεικνύει,
867 3801 935 3873 τῇ
987 3797 1207 3872 εἰκοστῇ
1260 3795 1318 3853 δὲ
1367 3796 1745 3870 ὑποδιάκονον,
1795 3804 1863 3873 τῇ
1915 3796 1971 3854 δὲ

313 3890 617 3961 τριακοστῇ
643 3890 758 3948 τοῖς
794 3884 1068 3950 διακόνοις
1102 3889 1438 3965 συναριθμεῖ.

392 4071 493 4127 lll'.
526 4067 681 4124 Οὕτω
718 4066 905 4141 μέντοι
945 4068 1255 4142 Κυπριανὸς
1303 4065 1491 4131 καλῶς
1538 4067 1661 4144 περὶ
1709 4069 1775 4122 τὰ
1832 4064 1976 4124 καλά

321 4152 605 4233 διεγένετο,
635 4156 725 4212 καὶ
774 4156 920 4212 οὕτω
969 4158 1094 4232 περὶ
1136 4159 1179 4194 ⁸⁷
1237 4158 1338 4227 τὴν
1386 4158 1612 4233 πρώτην
1662 4158 1839 4230 ὁρμὴν
1887 4155 1974 4233 γέ-

2077 3349 2431 3405 artificiosus
2496 3348 2832 3415 Antbimus,
2890 3366 3025 3405 cum
3083 3367 3207 3406 rem
3266 3366 3395 3408 esse
3466 3352 3723 3408 divinam

2077 3442 2342 3494 accurate
2426 3437 2871 3507 considerasset,
2951 3439 3194 3495 accersit
3277 3440 3722 3512 quamprimum

2074 3526 2456 3600 Cyprianum;
2480 3532 2539 3583 et
2567 3542 2701 3583 cum
2735 3527 3098 3585 catechismo
3129 3527 3509 3599 instituisset,
3530 3528 3726 3585 divino

2076 3633 2310 3690 quoque
2355 3632 2488 3672 eum
2540 3615 2733 3688 expiat
2780 3615 3093 3688 baptismo.
3128 3617 3195 3673 Et
3236 3623 3435 3673 octavo
3490 3620 3728 3690 quidem

2076 3707 2169 3761 die
2213 3722 2447 3761 sacrum
2493 3705 2626 3761 facit
2674 3722 2803 3761 eum
2859 3722 3186 3776 praeconem
3241 3713 3299 3762 et
3341 3707 3734 3777 expositorem

2077 3794 2283 3851 Christi
2341 3794 2777 3868 mysteriorum,
2828 3795 3109 3852 vicesimo
3167 3803 3357 3851 autem
3416 3795 3735 3852 subdiaco-

2080 3900 2242 3953 num,
2288 3883 2583 3941 tricesimo
2631 3900 2764 3941 vero
2818 3885 2992 3941 refert
3038 3884 3098 3939 in
3157 3900 3470 3941 numerum
3532 3884 3730 3941 diaco-

2082 3989 2316 4029 norum.

2150 4062 2347 4118 XVIII.
2408 4061 2503 4118 Sic
2561 4061 2790 4133 quidem
2855 4062 3180 4136 Cyprianus
3239 4064 3482 4136 pulchre
3537 4080 3729 4120 versa-

2081 4152 2250 4207 batur
2278 4152 2339 4207 in
2372 4152 2544 4207 rebus
2592 4150 2898 4221 honestis;
2931 4156 2989 4207 et
3035 4153 3120 4209 sic
3158 4154 3216 4208 in
3248 4154 3437 4224 primo
3490 4169 3727 4210 accessu

317 4267 470 4321 γονεν
518 4244 714 4316 ἔνθεος,
769 4245 1038 4320 μεμένηκε
1074 4266 1132 4301 τε
1179 4245 1264 4302 ἔπ’
1310 4246 1479 4317 αὐτῆς
1528 4248 1664 4321 πρὸς
1716 4244 1954 4320 οὐδεμίαι

2083 4241 2191 4297 fuit
2230 4241 2552 4314 inspiratus
2604 4239 2925 4310 divinitus;
2973 4244 3032 4298 et
3074 4244 3158 4298 sic
3207 4244 3611 4314 perseveravit,
3662 4244 3733 4299 ad

322 4335 591 4405 ἀνθολκὴν
646 4343 745 4405 τῆς
794 4334 1002 4412 φύσεως
1059 4338 1310 4393 ταπεινὸν
1360 4336 1410 4372 9⁸
1470 4332 1688 4411 βλέπων
1747 4336 1835 4392 καὶ
1888 4337 1977 4392 ὑπ’

321 4425 493 4494 αὐτῆς
524 4425 934 4499 καμπτόμενος,
977 4425 1050 4486 ὡς
1079 4425 1169 4479 καὶ
1201 4425 1316 4480 θεία
1363 4422 1564 4481 ἄνωθεν
1610 4432 1712 4494 τῆς
1760 4422 1977 4497 ἰλλάμ-

323 4518 469 4589 ψεως
541 4515 963 4588 καταξιωθῆναι,

2084 4340 2375 4400 naturam,
2424 4347 2556 4386 eum
2620 4330 3031 4399 relrahentem,
3091 4348 3208 4388 non
3269 4331 3573 4389 humiliter
3628 4347 3735 4388 nec

2084 4420 2305 4493 abjecle
2335 4419 2644 4492 respicere,
2673 4434 2860 4490 neque
2891 4419 3231 4492 permittere
3260 4437 3323 4478 se
3357 4422 3428 4478 ab
3462 4436 3531 4479 ea
3561 4419 3737 4489 ﬂecti,

1048 4514 1141 4568 καὶ
1216 4515 1379 4590 χάριν
1460 4512 1770 4584 πλουτῆσαι
1841 4535 1954 4569 κατι

2083 4512 2228 4567 adeo
2289 4514 2353 4565 ut
2405 4513 2462 4566 et
2518 4510 2764 4581 desuper
2842 4509 3057 4581 dignus
3130 4510 3327 4567 divina
3402 4514 3738 4569 censeretur

321 4609 510 4669 παθῶν
544 4605 685 4677 ὁμοῦ
713 4604 805 4660 καὶ
846 4601 1121 4677 δαιμόνων
1166 4602 1512 4679 ὑψηλοτέραν
1561 4600 1757 4678 σχεδὸν
1805 4602 1954 4675 ἀκοῆς

2088 4598 2531 4668 illuminatione,
2555 4603 2611 4654 et
2631 4600 2911 4655 adversus
2942 4597 3081 4656 vitia
3100 4602 3158 4656 et
3186 4600 3483 4658 daemones
3516 4599 3733 4670 majore

323 4696 413 4750 καὶ
448 4695 704 4757 πίστεως.

399 4876 499 4933 ΙΘ’.
530 4874 680 4932 Ἐπεὶ
712 4872 768 4929 δὲ
798 4867 918 4937 ἔτος
960 4874 1089 4929 6'on
1138 4873 1360 4945 ἠνύετο,
1403 4874 1495 4929 καὶ
1541 4877 1641 4940 τῆς
1691 4878 1798 4931 τῶν
1847 4893 1982 4947 πρε-

331 4958 606 5038 σϐυτὲρων
667 4963 910 5034 ἀξιοῦται
979 4960 1266 5038 καθέδρας,
1343 4964 1407 5019 οὐ
1480 4962 1641 5019 τοῦτο
1722 4958 1977 5018 ἀνάϐασιν

332 5051 525 5115 ἁπλῶς
555 5052 772 5127 κρίνων,
806 5050 953 5108 ἀλλὰ
977 5054 1076 5122 τήν
1110 5054 1247 5127 πρὸς
1279 5052 1475 5128 ἀρετὴν
1521 5049 1787 5121 ἐπίδοσιν,
1837 5052 1979 5108 οὕτω

328 5142 632 5217 προθύμως
670 5143 769 5210 τήν
829 5142 1017 5211 στενὴν
1072 5141 1161 5197 καὶ
1202 5147 1458 5218 τραχεῖαν
1514 5140 1717 5199 ὁδεύων
1765 5142 1832 5211 9’,
1890 5142 1980 5197 καὶ

402 5319 421 5354 ⁷
452 5317 638 5375 Galat.
669 5334 755 5389 ιιι,
794 5319 877 5376 13.
951 5318 971 5354 ⁸
1002 5317 1155 5377 Psal.
1188 5334 1375 5387 xxxiv,
1404 5320 1494 5374 22.
1574 5320 1594 5354 ο
1624 5319 1736 5375 Isa.
1770 5334 1891 5389 xm,
1928 5319 2016 5375 10.

401 5489 515 5546 ⁷⁹.⁸¹
554 5485 672 5543 ἰδοῦ
704 5489 921 5558 συνήσει
954 5486 982 5542 6
1031 5492 1157 5548 παῖς
1216 5488 1342 5557 μοῦ,
1394 5486 1512 5540 Ἦσ.

330 5565 393 5620 Β.
522 5560 570 5595 ⁸⁸
606 5563 705 5614 τοῦ
745 5563 902 5622 Θεοῦ,
945 5561 1006 5616 Β.
1111 5559 1157 5594 ⁸⁸
1186 5560 1371 5624 deest,
1406 5562 1461 5612 Β.

326 5634 375 5670 ⁹⁶
406 5633 507 5705 μή,
542 5637 602 5687 Β.
734 5634 793 5688 Ε.
836 5630 921 5705 ,9⁸7
949 5631 1032 5693 τὸ,
1070 5636 1140 5705 ΒΨ
1233 5626 1532 5705 οξ-βαλεῖν,
1564 5631 1626 5683 Ε.

327 5702 435 5769 νος,
474 5705 532 5761 E.
638 5703 681 5737 9⁷
714 5702 877 5775 παρὰ,
912 5704 968 5758 Β.
1004 5704 1065 5757 C.
1106 5702 1161 5756 Ε.

1563 5484 2094 5624 v89'"1:5?7'6‘60332‘.C.

1731 5628 1775 5662 ⁸⁸
1825 5625 1977 5695 Θεὸς,
2028 5627 2089 5681 Β.

1265 5694 1553 5757 "desunt
1582 5704 1800 5773 septem
1828 5715 1954 5755 voce

2067 5703 2113 5755 Β.
2190 5696 2238 5731 9³
2271 5694 2432 5771 ῐῖύαγ,
2475 5694 2607 5747 κατὰ
2639 5695 2804 5761 Μαθ.,
2842 5696 2900 5765 ζ’,
2947 5696 3037 5771 ιγ’,
3074 5694 3156 5755 ιδ’,

2089 4689 2371 4745 ditaretur
2416 4687 2621 4760 gratia,
2654 4704 2829 4761 quam
2886 4704 3013 4760 quae
3065 4688 3306 4747 auribus
3348 4689 3464 4746 fere
3490 4688 3733 4760 percipi,

2089 4784 2191 4837 aut
2215 4779 2369 4836 credi
2394 4777 2597 4851 possit.

2158 4869 2317 4926 XIX.
2350 4871 2493 4925 Cum
2526 4872 2721 4925 autem
2756 4872 2911 4925 totus
2944 4886 3134 4927 annus
3178 4874 3333 4928 esset
3379 4873 3739 4937 transactus,

2089 4962 2305 5035 dignus
2329 4959 2633 5033 judicatur
2660 4958 2934 5016 cathedra
2964 4961 3461 5033 presbyterorum,
3489 4977 3603 5017 non
3633 4960 3742 5017 hoc

2089 5068 2396 5109 ascensum
2444 5048 2810 5106 solummodo
2851 5050 3151 5121 judicans,
3181 5050 3287 5108 sed
3315 5052 3491 5107 etiam
3525 5051 3595 5106 ad
3626 5050 3747 5106 vir-

2088 5141 2234 5199 tutis
2283 5140 2734 5200 incrementum.
2765 5143 2884 5196 tam
2935 5144 3207 5213 prompto
3237 5146 3296 5198 et
3324 5140 3495 5197 alacri
3539 5139 3741 5196 animo

2194 5570 2237 5587 °'
2289 5570 2443 5621 οπερ,
2505 5570 2563 5606 D.
2667 5570 2711 5587 "
2760 5570 3039 5621 επεζιεναι,
3092 5570 3153 5608 D.

2194 5623 2242 5710 9:
2294 5622 2595 5710 &’ﬁeipﬁnc,‘
2624 5622 2693 5710 li};
2734 5695 2756 5710 Α
2790 5622 3191 5710 ⁸⁵ῳέξώρη,ΜΕ.

3468 5480 3515 5516 ⁸³
3562 5481 3747 5549 deest,

3265 5551 3314 5587 8°
3362 5552 3630 5617 κᾶκεῖσαι,
3683 5554 3744 5610 Α.

3318 5624 3360 5659 ⁸⁸
3417 5623 3550 5697 Ἥγη
3563 5624 3699 5697 σάμε
3711 5654 3739 5667 -
