4094 6230
380 310 498 369 867

1667 304 1719 363 Μ
1734 305 1831 363 EN
1844 303 1955 364 SIS
2002 305 2250 367 SEPTE
2264 306 2492 367 MBER.

3674 313 3810 373 868

380 482 483 539 per
502 468 653 525 viam
677 472 893 525 arctam
918 472 975 524 et
996 481 1262 539 asperam
1290 465 1645 539 ingrediens,
1671 479 1844 535 quam
1870 462 2025 519 ullus

2139 460 2312 524 οὕτως
2344 462 2507 531 ὀξέως
2536 459 2627 517 διὰ
2654 461 2855 533 ταύτης
2888 461 3211 542 φερόμενος,
3253 486 3326 528 ως
3377 464 3557 528 οὐδεὶς
3605 464 3811 541 ἔτερος

382 557 534 613 alius
590 573 692 630 per
747 557 979 628 planam
1019 561 1077 613 et
1115 556 1311 623 latam,
1348 559 1404 612 et
1455 555 1526 610 ad
1577 552 2020 625 ingrediendum

384 646 634 703 facilem.
669 647 846 703 Parvo
894 647 1090 717 itaque
1139 654 1396 717 tempore
1444 659 1747 701 summum
1791 643 2023 698 virtutis

384 735 781 807 apprehendit,
831 740 889 791 et
941 744 1169 792 creatus
1215 739 1305 792 est
1352 737 1551 806 pastor
1602 731 2022 804 Carthaginen-

380 826 533 884 sium
591 826 691 896 (bi.
755 829 880 882 Non
943 826 1128 882 solum
1188 828 1381 881 autem
1443 822 1872 893 Carthaginem,
1925 820 2023 876 sed

380 915 556 973 etiam
614 916 948 973 universum
1008 915 1401 984 Occidentem,
1435 922 1607 986 atque
1654 914 1795 968 adeo
1843 910 2022 967 etiam

381 1009 572 1061 totum
618 1004 934 1073 Orientem,
968 1003 1413 1077 comprehendit
1465 1002 1556 1058 sui
1608 1000 2021 1058 admiratione.

381 1095 437 1151 Is
467 1109 805 1166 generosam
849 1110 1079 1167 quoque
1125 1093 1408 1164 virginem
1439 1092 1692 1161 Justam,
1724 1105 1855 1146 cum
1886 1105 2019 1144 mu-

379 1187 501 1240 tato
544 1184 777 1240 nomine
823 1182 1115 1239 Justinam
1148 1181 1525 1254 appellasset,
1556 1185 1611 1235 ct
1642 1179 1700 1235 in
1734 1177 2021 1234 diaconis-

375 1289 576 1331 sarum
608 1288 920 1331 numerum
962 1272 1272 1338 retulisset,
1308 1269 1357 1327 ei
1390 1270 1568 1326 tradit
1616 1268 2017 1340 prafecturam

369 1381 573 1423 earum
631 1381 760 1439 quas
818 1372 979 1422 erant
1033 1364 1095 1418 in
1156 1361 1525 1427 monasterio,
1582 1364 1639 1416 et
1701 1359 1784 1415 eis
1855 1357 2017 1414 illam

374 1453 632 1527 prafecit
681 1458 967 1525 tanquam
1016 1456 1283 1508 matrem.
1313 1449 1421 1506 Eos
1449 1452 1667 1519 autem,
1698 1446 1799 1519 qui
1829 1446 2022 1503 ortho-

375 1544 537 1600 doxaa
593 1543 726 1599 ﬁdei
786 1541 1261 1608 adversabantur,
1318 1538 1446 1596 luce
1511 1538 1639 1594 vitae
1697 1541 1754 1593 et
1809 1535 2019 1607 linguas

376 1634 663 1691 suavitate
692 1632 993 1699 inducens,
1025 1629 1285 1704 quotidie
1332 1626 1795 1685 innumerabiles
1840 1624 2017 1681 adde-

372 1725 473 1781 bat
503 1723 793 1795 Ecclesias,
825 1727 903 1792 et,
934 1730 994 1779 ut
1023 1721 1198 1779 semel
1246 1721 1455 1789 dicam,
1494 1733 1874 1791 quoscunque
1922 1719 2021 1772 aut

368 1829 627 1887 praesens
659 1813 863 1887 lingua
885 1817 983 1870 aut
1004 1813 1212 1869 absens
1242 1812 1479 1883 scriptis
1510 1808 1920 1881 alloqueretur,
1947 1806 2016 1861 ad

367 1909 581 1961 rectam
596 1908 815 1976 partem
833 1902 1190 1959 traducebat.
1208 1900 1593 1965 Quamobrem
1610 1914 1701 1954 res
1714 1895 2018 1971 gentilium

371 1994 643 2050 ﬂorentes
688 1998 826 2048 tunc
875 1996 1015 2048 sunt
1059 1991 1382 2056 exstinctae,
1415 1994 1472 2045 et
1519 1995 1795 2058 tanquam
1844 1987 2025 2043 herba

372 2083 636 2155 quedam
659 2080 941 2154 paulatim
964 2082 1393 2135 emarcuerunt.
1410 2078 1558 2134 Cum
1580 2077 1659 2131 ita
1683 2092 1746 2133 se
1769 2076 2024 2143 haberet,

371 2171 432 2228 in
462 2186 597 2226 eum
629 2189 661 2226 a
692 2170 897 2225 doloso
942 2169 1113 2225 hoste
1166 2166 1386 2223 bellum
1420 2171 1509 2223 est
1540 2165 1876 2235 excitatum,
1910 2182 2025 2222 non

376 2267 442 2320 ut
470 2278 603 2319 eum
635 2279 894 2334 unquam
927 2264 1228 2334 superaret
1283 2260 1517 2332 (sciebat
1565 2259 1721 2315 enim
1755 2259 1875 2315 ﬁeri
1912 2274 2026 2315 non

382 2367 574 2424 posse,
624 2355 690 2409 ut
736 2351 862 2423 ipse
919 2351 1199 2424 Cypriano
1257 2351 1526 2407 evaderet
1584 2348 1892 2419 superior),
1926 2348 2026 2404 sed

385 2444 451 2498 ut
479 2457 614 2498 cum
657 2440 880 2499 Christi
916 2456 1050 2498 oves
1080 2457 1113 2497 a
1143 2444 1371 2522 pastore
1421 2441 1684 2497 desertas
1723 2437 2031 2508 effecisset,

381 2538 524 2588 tunc
585 2536 868 2604 tanquam
918 2531 1095 2603 lupus
1141 2530 1447 2600 invadens,
1498 2545 1596 2587 eas
1648 2531 1930 2586 mactaret
1977 2530 2034 2584 et

377 2620 669 2695 perderet.

459 2712 578 2772 XX.
603 2716 747 2773 Cum
771 2729 909 2787 ergo
929 2718 1115 2771 totum
1143 2713 1423 2771 subiisset
1443 2711 1681 2770 Decium
1705 2711 1852 2783 (ipse
1875 2709 2032 2766 enim

389 2807 531 2860 tunc
579 2803 905 2875 imperabat
951 2803 1270 2872 Romanis),
1322 2801 1699 2859 acerbissimo
1747 2816 1878 2856 eum
1930 2800 2036 2855 ciet

387 2893 581 2949 furore
610 2894 888 2949 adversus
919 2892 1301 2948 Christianos.
1328 2890 1513 2962 Magis
1544 2898 1737 2946 autem
1765 2888 2036 2944 studebat

389 2982 517 3052 ipse
547 2999 730 3037 unum
758 2981 953 3037 venari
984 2979 1356 3053 Cyprianum,
1389 2996 1568 3051 quam
1600 2994 1803 3034 omnes
1835 2993 2036 3047 capere

387 3070 769 3126 Christianos.
846 3067 1077 3124 Sciebat
1150 3067 1331 3138 enim,
1401 3083 1578 3138 quam
1652 3071 1804 3123 esset
1874 3066 2034 3123 illius

2128 551 2229 620 τὴν
2262 547 2484 623 ὁμαλήν
2513 550 2602 607 καὶ
2634 550 2895 607 πλατεῖαν
2926 551 3036 608 καὶ·
3080 558 3200 618 τοῖς
3244 551 3483 617 πολλοῖς
3531 554 3808 629 βάσιμον,

2128 637 2326 713 ἀμέλει
2355 639 2446 695 καὶ
2478 638 2550 695 δι’
2599 638 2798 716 ὀλίγου
2848 644 2947 697 τοῦ
2995 639 3163 718 ἂκρου
3211 650 3310 714 τῆς
3354 645 3556 720 ἀρετῆς
3602 642 3813 700 ἐπελάο

2129 723 2275 785 ϐετο.
2310 729 2409 783 Καὶ
2438 729 2647 802 ποιμὴν
2681 730 2916 802 κατέστη
2969 730 3396 807 Καρχηδονίων,
3450 732 3513 789 οὗ
3566 740 3811 813 Καρχηο

2129 815 2286 881 δόνος
2316 816 2373 874 δὲ
2418 819 2603 892 μόνον,
2652 818 2802 876 ἀλλὰ
2862 822 2954 877 καὶ
3008 829 3113 893 τῆς
3168 824 3453 899 Ἑσπερίου
3512 822 3695 895 πάσης
3760 829 3806 862 ι’

2132 904 2345 980 μᾶλλον
2398 904 2455 962 δὲ
2501 909 2592 963 καὶ
2649 910 2823 982 Ἐῴαν
2880 908 3019 982 ὅλην
3074 908 3474 988 περιλαμϐάνει
3535 917 3620 987 τῷ
3677 913 3810 968 κατ’

2129 994 2291 1051 αὐτὸν
2349 996 2603 1069 θαύματι.
2669 998 2844 1061 Οὗτος
2902 999 2993 1054 καὶ
3078 1001 3183 1070 τήν
3242 999 3469 1071 ἀληθῶς
3526 1001 3718 1076 εὐγενῆ
3786 1002 3813 1037 ⁸

2126 1084 2387 1159 παρθένον
2466 1085 2724 1154 Ἰούσταν,
2821 1088 3117 1145 Ἰουστίναν
3204 1089 3611 1163 μετονομάσας,
3701 1082 3806 1145 καὶ

2126 1178 2243 1236 ταῖς
2274 1177 2296 1210 ³
2326 1171 2597 1238 διακόνοις
2638 1174 3020 1252 ἐγκαταλέξας,
3068 1179 3169 1249 τὴν
3220 1180 3555 1253 προστασίαν
3601 1178 3746 1253 αὐτῇ
3782 1182 3811 1215 ⁴

2124 1267 2235 1319 τῶν
2286 1266 2514 1321 κατὰτὸ
2572 1266 2907 1344 ἀσκητήριον
2958 1269 2983 1303 ⁵
3026 1268 3337 1345 ἐγχειρίζει,
3396 1270 3487 1324 καὶ
3548 1270 3629 1332 ὡς
3683 1292 3805 1344 μη-

2125 1360 2255 1436 τέρα
2305 1358 2526 1423 ταύταις
2586 1359 2857 1439 ἐφίστησι.
2916 1358 3058 1421 Τοὺς
3115 1355 3173 1415 δὲ
3254 1359 3357 1429 τήν
3415 1358 3661 1414 ἐναντίαν
3716 1363 3806 1431 τῷ

2129 1448 2405 1526 ὀρθοδόξῳ
2436 1453 2538 1516 τῆς
2566 1450 2801 1512 πίστεως
2847 1444 3232 1523 τεταγμένους,
3281 1452 3363 1521 τῷ
3408 1470 3466 1504 τε
3513 1453 3611 1504 τοῦ
3672 1449 3804 1524 βίου

2130 1532 2271 1615 φωτὶ
2302 1541 2389 1594 καὶ
2421 1543 2491 1614 τῇ
2521 1546 2621 1610 τῆς
2649 1537 2904 1616 γλώττης
2940 1535 3110 1612 ἡδονῇ
3144 1536 3500 1614 ἐπαγόμενος,
3557 1539 3805 1614 ἀριθμοῦ

2128 1631 2413 1707 κρείττους
2454 1631 2688 1702 ἓκάστης
2745 1632 2955 1707 ἡμέρας
3005 1631 3311 1706 προσετίθει
3362 1630 3386 1665 ⁶
3437 1633 3505 1705 τῇ
3557 1628 3805 1700 Ἐκκλη-

2128 1721 2235 1792 atq“
2285 1720 2398 1787 καὶ,
2453 1720 2745 1775 συνελόντα
2807 1720 2989 1798 φάναι,
3049 1719 3202 1782 ὅσοις
3259 1716 3319 1774 ἄν
3378 1716 3416 1789 ἤ
3475 1720 3669 1793 παρὼν
3726 1722 3804 1794 τῇ

2126 1808 2348 1885 γλώττῃ
2382 1806 2418 1878 ἤ
2450 1808 2603 1864 ἀπὼν
2638 1807 2841 1883 ὡμίλει
2894 1812 2913 1846 ⁷
2954 1813 3071 1871 τοῖς
3121 1806 3434 1885 γράμμασι,
3482 1815 3581 1877 τῆς
3622 1808 3806 1883 ὀρθῆς

2128 1898 2368 1955 ἐποιεῖτο
2403 1895 2644 1973 μερίδος
2680 1895 2867 1974 διόπερ
2921 1899 3180 1954 ἀνθοῦντα
3226 1898 3293 1953 τὰ
3343 1901 3449 1953 τῶν
3500 1896 3802 1968 Ἐλλήνων

2130 1982 2340 2058 ἀπέσϐη
2373 1988 2519 2057 τότε,
2550 1987 2640 2043 καὶ
2690 1987 2765 2049 ὡς
2814 1985 2963 2064 χλόη
3006 2007 3090 2049 τις
3136 1986 3274 2041 κατά
3323 1987 3518 2061 μικρὸν
3563 1985 3807 2062 ἐμαραί-

2129 2097 2271 2134 νετο.
2306 2075 2497 2140 Οὕτως
2539 2075 2685 2149 αὐτῷ
2732 2071 2917 2152 ἔχοντι
2970 2077 3116 2151 παρά
3154 2079 3251 2132 τοῦ
3301 2072 3497 2131 δολίου
3544 2074 3806 2149 πόλεμος

2133 2166 2419 2237 ἐπανέστη,
2455 2166 2565 2241 οὐχ
2589 2164 2677 2220 ’ίνα
2726 2165 2923 2221 τούτου
2969 2167 2989 2202 ⁸
3038 2166 3169 2222 ποτὶ
3216 2164 3522 2241 κατισχύσῃ
3575 2164 3723 2241 (ᾔδει
3778 2168 3807 2203 θ

2133 2256 2233 2331 γὰρ
2303 2255 2378 2319 ὡς
2443 2252 2704 2311 ἀδύνατον
2772 2256 2921 2328 αὐτῷ
2994 2254 3358 2332 περιγίνεσθαι
3436 2258 3804 2332 Κυπριανοῦ),

2137 2343 2263 2400 ἀλλ’
2288 2343 2379 2400 ἵνα
2410 2345 2672 2419 ποιμένος
2714 2339 2893 2420 ἔρημα
2921 2345 2989 2401 τὰ
3033 2347 3270 2420 Χριστοῦ
3321 2346 3365 2381 ¹⁰
3412 2340 3662 2421 πρόϐατα
3710 2346 3804 2410 θέ-

2141 2456 2325 2509 μενος,
2354 2435 2476 2491 τότε
2517 2436 2757 2510 καθάπερ
2814 2434 2982 2499 λύκος
3042 2430 3234 2499 ἐπιϐὰς
3292 2435 3430 2511 λύσῃ
3480 2439 3647 2493 ταῦτα
3707 2438 3805 2490 καὶ

2138 2524 2401 2600 ἀπολέσῃ.

2211 2708 2286 2764 κ’.
2320 2704 2488 2765 ’Ὀλον
2523 2706 2727 2782 ετοίνυν
2772 2706 2864 2763 τὸν
2916 2706 3108 2763 Λέκιον
3163 2703 3414 2773 ὑπελθὼν
3466 2707 3648 2783 (αὐτὸς
3694 2711 3804 2785 γὰρ

2139 2797 2265 2852 τότε
2321 2796 2615 2871 Ῥωμαίων
2661 2794 2916 2873 ἐκράτει),
2958 2798 3264 2872 πικρότατα
3310 2801 3503 2854 τοῦτον
3552 2796 3805 2873 ἐκμαίνει

2142 2887 2279 2942 κατά
2307 2890 2670 2963 Χριστιανῶψ
2716 2891 2795 2960 τῷ
2840 2884 2898 2942 δὲ
2942 2891 3204 2949 τοσοῦτος
3254 2889 3298 2925 ίί
3347 2888 3493 2964 ἀγὼν
3534 2889 3600 2958 ἦν
3652 2886 3801 2944 ἴδιον

2143 2976 2315 3033 αὐτοῦ
2375 2984 2597 3053 θῆραμα
2655 2978 2837 3042 θέσθαι
2903 2977 3204 3053 Κυπριανὸν
3263 2977 3386 3033 ὅσον
3464 2975 3587 3034 οὐδὲ
3657 2980 3801 3055 Χρι-

2143 3068 2393 3129 στιανοὺς
2434 3065 2573 3124 ἑλεῖν
2637 3068 2894 3129 ἅπαντας.
2945 3064 3098 3136 ᾝδει
3154 3067 3258 3143 γὰρ
3312 3070 3426 3123 οἷον
3486 3066 3691 3124 ἐκείνου
3752 3070 3801 3105 ⁸⁸

387 3158 590 3229 lingua
610 3156 772 3213 utilis
792 3155 1160 3227 Christianis,
1174 3160 1231 3213 et
1246 3157 1397 3229 quod
1414 3173 1548 3214 cum
1568 3155 1733 3213 illum
1756 3156 2027 3229 cepisset,

2143 3155 2366 3232 γλῶττα
2425 3158 2765 3233 Χριστιανοῖς
2822 3151 3019 3235 ὄφελος
3079 3158 3144 3231 ¹³,
3200 3158 3290 3213 καὶ
3349 3158 3535 3233 ὅτιπερ
3592 3156 3801 3214 ἐκεῖνον

389 3245 557 3303 facile
612 3262 711 3303 eos
768 3246 1129 3318 subjugaret,
1174 3246 1272 3318 qui
1318 3246 1390 3302 ab
1444 3248 1569 3319 ipso
1615 3247 2027 3318 pascebantur.

390 3336 534 3392 Cum
560 3336 617 3391 in
640 3353 706 3393 eo
728 3351 865 3408 ergo
890 3352 1093 3393 omnes
1116 3334 1483 3393 adhibuisset
1511 3336 1828 3406 machinas,
1853 3340 1908 3394 et
1931 3352 2035 3395 nec

388 3424 678 3481 honorum
731 3424 1040 3497 promissis
1087 3424 1262 3492 allici,
1295 3441 1478 3499 neque
1525 3425 1808 3483 malorum
1860 3427 2036 3484 minis

386 3512 629 3572 vidisset
644 3515 1011 3588 persuaderi,
1029 3532 1161 3573 eum
1185 3516 1419 3572 tandem
1439 3517 1679 3573 damnat
1695 3516 1920 3574 exsilio.
1938 3516 2038 3573 Ille

384 3608 571 3661 autem
601 3611 830 3661 tantum
861 3603 1072 3676 abfuit,
1097 3608 1162 3662 ut
1189 3604 1549 3663 existimaret
1580 3622 1859 3680 magnum
1895 3607 2036 3679 quid

385 3709 515 3751 esse
544 3692 923 3767 supplicium,
952 3698 1008 3751 et
1039 3695 1087 3752 si
1127 3700 1453 3753 extremum
1504 3704 1651 3753 esset
1702 3696 1942 3767 malum,
1975 3701 2038 3753 ut

385 3783 634 3855 seipsnm
669 3800 785 3841 non
827 3800 1062 3853 curans,
1110 3783 1357 3842 aliorum
1408 3802 1602 3843 curam
1656 3791 1900 3859 gereret,
1931 3802 2036 3843 nec

385 3878 636 3930 cessaret
665 3874 941 3941 scribere,
964 3875 1294 3943 admonere,
1328 3876 1695 3943 confirmare,
1718 3875 2034 3945 adhortari,

383 3968 448 4021 ut
477 3965 549 4022 ad
582 3965 706 4021 sola
752 3964 1122 4022 intuerentur
1166 3966 1427 4037 premia,
1470 3984 1597 4039 qum
1646 3976 1787 4025 sunt
1831 3968 2036 4024 virtuti

381 4055 699 4127 proposita,
731 4058 789 4110 et
818 4071 851 4110 a
876 4053 1002 4110 sola
1033 4070 1154 4126 qum
1186 4059 1276 4111 est
1301 4054 1417 4111 illic
1449 4057 1768 4128 penderent
1807 4057 2033 4129 gloria:

390 4160 560 4200 enses
590 4148 810 4214 autem,
844 4145 1041 4218 ignem
1072 4148 1130 4201 et
1159 4143 1399 4215 bestias,
1430 4148 1714 4218 tanquam
1746 4147 2033 4204 bonorum

389 4249 612 4302 causas,
645 4233 1159 4307 amplecterentur,
1194 4242 1257 4292 ut
1304 4250 1428 4307 quae
1476 4253 1578 4308 pro
1625 4236 1805 4304 brevi,
1838 4241 1895 4295 et
1936 4237 2036 4309 qui

385 4330 473 4380 est
514 4325 587 4380 ad
636 4327 888 4397 tempus,
923 4325 1119 4383 dolore
1156 4324 1399 4382 reddant
1444 4342 1686 4396 regnum
1734 4326 2034 4385 caelorum.

2142 3248 2282 3306 ἑλὼν
2315 3248 2405 3304 καὶ
2452 3247 2582 3311 τούς
2635 3250 2723 3304 ὑπ’
2770 3248 2923 3322 αὐτῷ
2973 3250 3438 3323 ποιμαινομένους
3470 3250 3514 3286 ¹⁴
3546 3247 3803 3315 εὐκόλως

2141 3337 2201 3394 ἄν
2257 3340 2682 3414 παραστήσεται.
2744 3328 2923 3395 Πᾶσαν
2984 3336 3076 3393 οὐν
3135 3340 3394 3414 μηχανὴν
3452 3338 3540 3395 καὶ
3602 3345 3796 3415 πεῖραν

2138 3428 2259 3483 κατ’
2324 3426 2492 3484 αὐτοῦ
2547 3427 2794 3498 κινήσας,
2848 3426 2923 3488 ὡς
2980 3424 3105 3483 οὔτε
3162 3425 3375 3501 ἀγαθῶν
3445 3425 3799 3503 ἰπαγγελίαις

2139 3517 2539 3593 χαυνούμενον,
2610 3513 2734 3572 οὔτε
2796 3516 2978 3571 κακῶν
3047 3514 3301 3579 ἀπειλαῖς
3366 3516 3691 3591 πειθόμενον
3754 3520 3803 3557 η

2142 3605 2272 3680 εἶδε,
2340 3604 2503 3663 τέλος
2572 3606 2861 3684 ὑπερορίαν
2923 3611 3021 3662 τοῦ
3080 3605 3274 3682 ἀνδρὸς
3342 3607 3674 3685 κατακρίνει.
3734 3609 3800 3668 Ὁ

2144 3693 2200 3751 δὲ
2230 3700 2492 3753 τοσοῦτον
2535 3694 2720 3767 ἐδέησε
2766 3695 2863 3752 τοῦ
2924 3697 3061 3773 μέγα
3107 3718 3159 3751 τι
3207 3696 3426 3771 νομίσαι
3474 3699 3574 3769 τήν
3612 3719 3801 3772 τιμω-

2146 3785 2286 3860 ρίαν,
2327 3786 2504 3841 καίτοι
2557 3785 2737 3841 κακῶν
2796 3786 2842 3822 ¹⁶
2898 3782 3128 3862 ἔσχατον
3187 3788 3378 3856 οὖσαν,
3434 3788 3583 3857 ὅσον,
3644 3785 3801 3844 οὐδὶν

2141 3881 2239 3934 τοῦ
2289 3878 2492 3934 οἰκείου
2536 3877 2848 3955 φροντίσας,
2896 3883 3008 3934 τῶν
3056 3876 3245 3934 ἄλλων
3296 3879 3412 3955 εἶχε
3456 3881 3557 3951 τήν
3602 3879 3801 3955 ἐπιμέο

2143 3966 2309 4023 λειανσ
2344 3966 2435 4023 καὶ
2479 3966 2577 4022 οὐκ
2619 3967 2889 4023 ἐπαύσατο
2933 3969 3181 4044 γράφων,
3224 3974 3513 4041 νουθετῶν,
3568 3968 3802 4026 ὑπαλεί-

2143 4078 2281 4135 φων,
2359 4055 2689 4133 παρακαλῶν
2743 4057 2877 4132 πρὸς
2939 4058 3138 4132 μόνους
3194 4059 3322 4121 τοὺς
3388 4060 3522 4136 ὐπὶρ
3576 4066 3678 4131 τῆς
3748 4061 3797 4103 ⁸⁷

2141 4146 2337 4223 ἀρετῆς
2376 4144 2577 4211 ἃθλους
2619 4148 2768 4223 ὁρᾷν,
2820 4147 2911 4202 καὶ
2971 4148 3143 4222 μόνης
3197 4155 3299 4218 τῆς
3352 4149 3551 4205 ἑκεῖθεν
3604 4147 3796 4227 ἔκκρι-

2147 4237 2346 4311 μᾶσθαι
2379 4233 2563 4308 δόξης·
2599 4236 2723 4314 ξίφη
2759 4238 2807 4275 ¹⁸
2835 4234 2890 4292 δὲ
2919 4238 3011 4293 καὶ
3041 4241 3148 4314 πῦρ
3187 4238 3275 4293 καὶ
3327 4239 3495 4315 θῆρας
3542 4239 3617 4303 ὡς
3665 4241 3796 4317 ἀγα-

2141 4329 2248 4389 θῶν
2302 4324 2451 4380 αἴτια
2512 4323 2725 4399 μᾶλλον
2780 4324 3132 4396 ἀσπάζεσθαι,
3200 4327 3290 4382 καὶ
3365 4324 3569 4398 ὀδύνης
3650 4327 3797 4385 οὕτω

382 4412 515 4469 Haec
541 4412 861 4487 Cyprianus
891 4432 1008 4472 non
1038 4414 1228 4471 solum
1275 4414 1533 4484 dicebat,
1564 4416 1664 4473 sed
1697 4416 1873 4473 etiam
1906 4433 2027 4489 qua:

2137 4417 2475 4491 προσκαίρου
2504 4414 2594 4470 καὶ
2648 4415 2913 4494 βραχείας
2964 4416 3211 4491 οὐρανῶν
3267 4415 3545 4493 βασιλείαν
3593 4417 3801 4476 ἀντιδι-

382 4503 615 4561 dicebat
662 4504 929 4575 faciebat,
962 4509 1029 4563 ut
1060 4505 1162 4578 qui
1211 4504 1403 4575 sciret,
1434 4505 1587 4563 facta
1619 4506 1805 4579 magis
1854 4523 2026 4579 posse

2140 4502 2300 4560 δόντα
2337 4505 2415 4576 if".
2456 4507 2638 4563 Ταῦτα
2676 4506 2979 4581 Κυπριανὸς
3032 4504 3129 4561 οὐκ
3187 4503 3339 4582 ἔλεγε
3400 4507 3587 4581 μόνον,
3646 4508 3797 4566 ἀλλά

2141 4594 2223 4618 .-αἳ
2264 4598 2433 4618 _-!'___
2464 4617 2472 4618 κ
2503 4594 2550 4618 on
2583 4592 2746 4618 2__!_.
2812 4592 2938 4618 Z'_,_A_
2970 4593 2991 4618 Ἴ
3016 4596 3034 4618 Ι
3067 4616 3092 4618 η
3191 4592 3297 4618 μνῦὶ
3456 4594 3516 4618 ἿΧ
3539 4601 3566 4613 ο
3669 4598 3691 4618 \
3714 4599 3725 4617 α

379 4593 733 4666 persuadere
785 4610 960 4667 quam
1013 4594 1220 4651 verba:
1256 4598 1313 4650 et
1370 4610 1475 4651 suo
1507 4594 1769 4668 exemplo
1818 4612 2024 4669 provo-

2138 4594 2227 4650 καὶ
2256 4598 2475 4669 πρῶτος
2503 4594 2550 4631 ²⁰
2579 4592 2777 4667 ἐποίει,
2812 4592 2939 4670 ἔργα
2970 4593 3152 4671 λόγων
3186 4592 3343 4659 εἰδὼς
3378 4594 3578 4669 πολλῷ
3624 4598 3795 4655 πλέον

377 4683 549 4741 cahat
582 4684 653 4739 ad
685 4682 940 4741 similem
966 4682 1419 4743 temulationem.
1452 4685 1753 4749 Quomodo
1784 4688 2027 4743 autem?

2140 4683 2405 4761 δυνάμενα
2451 4685 2670 4755 πείθειν,
2730 4686 2820 4741 καὶ
2870 4691 2949 4760 τῷ
3004 4688 3123 4752 καθ’
3180 4688 3371 4743 ἑαυτὸν
3431 4687 3795 4765 ὑποδείγματι

380 4774 607 4831 dicetur
633 4773 884 4832 :Videns
914 4774 1069 4831 enim
1093 4773 1331 4829 tandem
1364 4773 1657 4847 malignus
1676 4775 2027 4849 Cyprianum

2139 4775 2275 4851 πρὸς
2300 4776 2392 4831 τὸν
2423 4776 2615 4851 ὅμοιον
2650 4774 2818 4846 ζῆλον
2850 4775 3053 4850 ἐκάλει,
3082 4775 3172 4832 καὶ
3204 4777 3354 4840 ὅπως
3379 4780 3428 4851 ίὸ
3476 4776 3641 4856 λόγος
3691 4776 3795 4851 δη-

381 4863 831 4921 contendentem
847 4862 931 4920 sic
945 4862 1309 4935 exstinguere
1321 4880 1574 4921 errorem
1589 4864 1778 4921 cultus
1790 4865 2027 4923 simula-

2140 4863 2328 4922 λώσει.
2376 4866 2551 4940 Ὁρῶν
2606 4866 2709 4943 γὰρ
2770 4867 2797 4922 ὁ
2835 4867 3075 4941 πονηρὸς
3132 4864 3210 4930 εἷς
3265 4866 3427 4930 τέλος
3484 4867 3628 4924 οὕτω
3685 4874 3793 4926 Κυ-

379 4967 635 5024 crorum,
669 4951 916 5025 graviter
964 4953 1206 5023 ferebat,
1242 4960 1295 5011 et
1324 4955 1448 5010 erat
1495 4953 1546 5010 ei
1594 4953 2026 5012 intolerandum

2137 4955 2359 5032 πριανὸν
2390 4955 2489 5025 τήν
2522 4956 2647 5031 περὶ
2694 4954 2760 5012 τά
2806 4952 3008 5012 εἴδωλα
3057 4954 3269 5029 πλάνην
3326 4951 3507 5013 σϐέσαι
3555 4956 3793 5038 φιλονει-

454 5165 1039 5260 ξ-(ξεξιξπαείοἱςοεςαι
1059 5165 1541 5260 ηορὶειὶορμιῃίηι
1579 5168 1769 5260 Afros,
1786 5168 1885 5256 jys
1925 5171 2099 5260 print}
2150 5180 2202 5228 et
2250 5175 2469 5260 8317117112;
2506 5171 2815 5260 sacerdotii
2864 5170 3078 5260 habere
3128 5171 3381 5260 declarat
3426 5174 3785 5260 Novellin.

383 5237 748 5326 ideest..F_.v
843 5238 865 5274 ⁸
891 5242 1030 5326 τοῖς,
1059 5237 1142 5323 li}:
1234 5238 1258 5273 ⁴
1287 5237 1477 5326 αὐτὴν,
1504 5245 1579 5326 _A.
1612 5272 1680 5326 -τ
1710 5237 1848 5315 αὐτῇ
1879 5237 2002 5326 τῂν,

2136 5273 2200 5326 -_—
2233 5242 2367 5326 αὐτῇ
2397 5245 2529 5326 τῶν,
2578 5249 2637 5326 g.
2671 5249 2873 5326 E._F._
2934 5248 3079 5326 'Nge
3128 5237 3653 5326 lepidnsest'qui
3706 5237 3788 5311 ια

382 5308 542 5367 Decii
574 5316 739 5367 aetate
770 5312 1190 5368 monasterium
1232 5314 1541 5384 excogitat.
1643 5312 1666 5348 °
1694 5308 2015 5422 προσετίθη,

382 5381 491 5422 mm
546 5383 643 5422 σεηῆ
696 5383 737 5422 n
794 5382 832 5422 ει
961 5384 1290 5422 umnam
1350 5385 1387 5422 ιι
1440 5384 1482 5422 n
1536 5384 1576 5422 ιο
1703 5389 1718 5422 ι
1781 5388 1886 5422 Mm
1942 5385 1977 5422 ι

2145 5317 2203 5371 Ε.
2281 5314 2303 5350 ⁷
2333 5308 2545 5390 inihi,
2578 5323 2638 5375 Β.
2730 5318 2756 5355 ⁸
2782 5322 2993 5390 τοῦτον,
3027 5321 3088 5377 Β.
3119 5308 3275 5379 Ο.Ἰ“’.
3348 5308 3351 5309 ν
3381 5308 3658 5394 ’ήῆδηίέξ
3708 5308 3787 5364 γίῐ

2136 5391 2168 5422 r‘.
2222 5386 2262 5422 Π
2387 5392 2433 5422 13
2465 5387 2681 5422 Ληρδλρ
2741 5391 2776 5422 D
2893 5392 2943 5422 ΑΔ
2989 5392 3448 5422 _-........-..L.-..-
3530 5397 3567 5422 D
3623 5400 3661 5422 Π
3716 5398 3757 5422 D

382 5381 516 5469 add.
546 5383 666 5469 τρῦ,
696 5382 853 5469 Β.Ἐ.
961 5384 1313 5469 ¹ίιτοσοῦτον,
1350 5381 1409 5469 ῌῖ
1440 5384 1509 5469 (3.1
1536 5384 1595 5445 F.
1638 5458 1679 5469 __
1703 5381 1749 5469 ίξ
1778 5381 2001 5469 add._'l),

2136 5386 2284 5469 CLF.
2357 5381 2433 5469 :3
2463 5381 2703 5469 (Depeloc,
2736 5391 2813 5469 AB:
2857 5392 2943 5469 ‘7‘“
2982 5381 3470 5469 ’ποιμαινομένουςξ
3623 5400 3687 5454 C.
3716 5398 3780 5455 Ε.

380 5450 596 5581 F296;:
625 5451 971 5581 ξειὲόμενον,
1000 5457 1069 5511 Α.
1176 5456 1218 5494 ⁸⁸
1246 5450 1437 5527 κακὸν,
1468 5460 1528 5513 F.
1636 5458 1679 5495 ιτ
1710 5459 1888 5531 deest,
1918 5450 1996 5514 BI
2088 5456 2136 5495 ίε
2162 5456 2323 5535 είιρει,
2357 5461 2419 5519 Β.
2525 5450 2580 5499 ἠ
2607 5450 3005 5538 ἀν’τιδιδοῦντα,
3031 5450 3104 5521 Β.’
3206 5450 3587 5543 ’θ’παρόντοξί
3716 5450 3785 5512 :-

380 5542 453 5580 πα
588 5542 632 5578 ω
671 5566 684 5581 .
766 5566 779 5581 .

378 5539 684 5597 παροντως,
718 5539 779 5581 lii.

452 5705 529 5778 (ὁ)
559 5702 670 5762 Alii
704 5701 918 5761 rectius
941 5702 1199 5760 sentiunt
1224 5704 1712 5767 Antiochenorum
1746 5710 2003 5767 creatum
2038 5710 2354 5781 pastorem.
