4144 6184
302 304 420 363 869

1376 298 1553 357 Vl'l‘A
1603 296 1667 356 S.
1715 291 2087 353 CYPRIANI
2133 294 2637 357 ANTIOCHENI.

3590 305 3708 361 870

298 468 520 532 κοῦντα,
553 458 697 515 δεινά
725 457 921 529 ἐποίει,
955 460 1043 512 καὶ
1093 456 1334 535 φορητὸν
1367 456 1434 525 ἦν
1467 452 1581 510 ουδ’
1630 452 1779 535 ὅλως
1808 450 1939 523 αὐτῇ

2068 453 2328 524 omnino,
2363 457 2515 526 quod
2555 456 2751 513 flebat.
2807 458 3059 515 Subiens
3090 460 3284 533 itaque
3325 464 3611 535 quosdam
3643 482 3715 526 ex

302 553 365 608 τὸ
394 552 699 629 γινόμενον*
732 545 927 623 ἀμέλει
960 544 1048 602 καί
1099 534 1250 609 τινας
1292 548 1403 601 τῶν
1451 546 1551 614 τὴν
1599 534 1872 629 εὐσέϐειαν
1904 541 1949 579 ³⁸

304 628 648 717 θερμοτέρων
684 635 909 708 ὑποδὺς,
949 637 1123 693 πείθει
1154 642 1529 712 κατηγορῆσαι
1576 628 1767 700 αὺτοῦ,
1817 630 1955 707 πρὸς

301 729 396 786 τὸν
426 735 529 799 τῆς
561 724 867 795 ’Δνατολῆς
906 725 1129 797 κόμητα
1173 722 1513 797 (Εύτόλμιος
1559 720 1626 790 ἦν
1672 718 1863 791 ἐκείνῳ
1890 718 1954 774 τὸ

303 814 519 893 ὄνομα),
580 816 655 879 ὡς
709 812 1016 873 Ἀναπείθει
1076 812 1171 886 μὲν
1229 811 1470 873 ἅπαντας
1524 805 1673 883 δεινῇ
1726 808 1957 885 χρώμε-

301 927 393 969 νος
450 904 541 962 καὶ
585 902 806 983 ἀφύκτῳ
851 906 922 977 τῇ
978 901 1221 975 γοητείᾳ’
1282 896 1499 954 πολλοῦ
1550 894 1607 951 δὲ
1660 896 1797 950 κατά
1827 897 1955 983 ,τῶν

300 995 586 1071 ἡμετέρων
616 982 753 1059 θεῶν
803 988 1116 1066 ἐμπίπλησι
1170 992 1269 1045 τοῦ
1324 987 1702 1063 φρονήματος,
1754 982 1843 1038 καὶ
1890 983 1953 1071 τὸ

303 1083 623 1160 δεινότερον,
655 1082 738 1137 ὅτι
787 1083 862 1155 μὴ
913 1080 1051 1155 πρὸς
1096 1078 1298 1153 μόνους
1344 1080 1507 1133 τοῦτο
1537 1079 1706 1142 ποιεῖ,
1757 1075 1841 1135 οἷς
1889 1070 1951 1126 ἄν

302 1174 379 1237 εἷς
411 1170 533 1247 ὄψιν
567 1168 717 1228 ἔλθοι
769 1171 859 1225 καὶ
907 1168 1046 1225 κατά
1092 1169 1154 1224 τὸ
1212 1165 1451 1238 λεληθὸς
1501 1168 1546 1201 ²²
1602 1162 1951 1241 συγγένηται,

298 1262 449 1320 ἀλλά
474 1263 564 1319 καὶ
594 1265 676 1324 οἷς
703 1260 763 1317 ἄν
797 1257 967 1322 ἄδεῶς
998 1256 1197 1333 ἐντύχῃ
1245 1259 1291 1294 ³³
1335 1261 1455 1317 τοῖς
1499 1253 1810 1331 γράμμασι,
1861 1249 1951 1307 καὶ

300 1352 384 1408 ὅτι
437 1353 504 1408 τά
560 1352 898 1427 Χριστιανῶν
960 1350 1055 1422 μὲν
1110 1341 1392 1422 πρεσϐεύει
1455 1342 1726 1419 μηδεμίαν
1783 1338 1953 1419 φειδὼ

298 1440 653 1515 ποιούμενος,
709 1446 811 1510 τῆς
855 1438 1125 1514 ἡμετέρας
1169 1434 1228 1492 δὲ
1275 1436 1591 1504 καταπαίζει
1641 1430 1952 1509 θρησκείας,

296 1530 388 1587 καὶ
432 1530 509 1593 εἷς
562 1532 609 1567 ³⁸
655 1528 786 1592 τοὺς
840 1527 1105 1603 πατρίους
1160 1520 1424 1601 ἐξυϐρίζει
1484 1523 1657 1588 θεούς.
1718 1519 1951 1583 Τούτοις

299 1621 605 1695 θερμότατα
635 1617 942 1683 διακαυθεὶς
987 1617 1064 1679 εἷς
1116 1618 1285 1691 θυμὸν
1318 1615 1347 1669 6
1386 1615 1591 1687 κόμης,
1640 1611 1730 1667 καὶ
1784 1609 1952 1684 μαλι-

300 1730 415 1776 στα,
449 1710 534 1764 ὅτι
586 1710 869 1782 μεμάθηκε
923 1704 1013 1762 καὶ
1072 1705 1171 1775 τὴν
1233 1704 1495 1778 παρθένον
1554 1698 1847 1759 Ἰουστίναν
1904 1699 1951 1734 ’5

296 1800 363 1856 τὰ
404 1796 495 1854 ἴσα
535 1798 582 1835 ³⁸
630 1799 928 1872 Κυπριανῷ
976 1800 1215 1875 φρονεῖν,
1265 1790 1489 1867 δεσμοῖς
1536 1789 1731 1851 αὐτοὺς
1770 1791 1811 1825 ²⁷
1858 1788 1945 1843 καὶ

297 1891 517 1964 φρουρᾷ
545 1890 615 1962 τῇ
647 1884 794 1961 ἄλλῃ
847 1882 1149 1961 παραδοὺς,
1193 1886 1273 1956 τῷ
1320 1880 1370 1938 ἐν
1419 1883 1689 1955 Δαμασκῷ
1739 1879 1947 1953 βήματι

292 1976 633 2051 ταμιεύεται.

368 2068 497 2125 KA'.
534 2064 843 2143 Ἀχθέντων
894 2066 944 2103 ³⁸
990 2065 1083 2122 οὗν
1130 2067 1238 2119 τῶν
1287 2059 1455 2137 ἁγίων
1505 2060 1581 2124 είς
1636 2056 1803 2132 τήνδε
1848 2059 1947 2128 τήν

291 2155 481 2214 πόλιν.
515 2157 589 2211 Σὺ
621 2155 671 2211 εἶ
698 2157 727 2213 6
755 2159 865 2212 τῶν
899 2157 1245 2231 Χριστιανῶν
1296 2150 1659 2220 διδάσκαλος;
1707 2154 1789 2222 τῷ
1840 2155 1951 2204 Κυ-

294 2250 513 2321 πριανῷ
556 2246 584 2300 6
641 2244 823 2319 κόμης
882 2245 1064 2323 φησὶν,
1122 2244 1214 2319 ἀφ’
1268 2240 1488 2317 ὑψηλοῦ
1543 2244 1639 2297 τοῦ
1700 2240 1948 2315 βήματος

294 2333 421 2397 τοὺς
490 2333 687 2408 λόγους
748 2339 937 2405 κινῶν,
1004 2335 1032 2389 6
1104 2332 1232 2397 τοὺς
1322 2329 1762 2407 προσανέχοντας
1833 2333 1951 2393 τοῖς

295 2424 440 2483 θεοῖς
481 2423 529 2459 ’9
577 2422 877 2478 ἀναπείθων
922 2422 1011 2477 καὶ
1062 2420 1460 2494 συνταράττων,
1506 2419 1565 2479 ’ὸς
1612 2421 1692 2489 τῷ
1739 2416 1950 2472 ἀσθενεῖ

289 2517 390 2581 τῆς
432 2513 666 2587 γνώμης
722 2511 859 2587 πρὸς
903 2517 1073 2567 πᾶσαν
1125 2512 1369 2587 εὐχερῶς
1429 2507 1583 2580 δόξαν
1630 2507 1944 2577 Emimus;

287 2597 366 2660 Οὔ
398 2600 460 2656 σὺ
495 2600 709 2675 μᾶλλον
737 2599 984 2665 πολλοὺς
1015 2602 1063 2638 ³ο
1099 2604 1217 2663 τοῖς
1250 2604 1393 2664 θεοῖς
1426 2600 1781 2672 ξπροσήγαγες
1809 2595 1947 2672 πρό-

287 2710 443 2765 τερον
499 2688 811 2763 ἐπιδεξίοις,
861 2690 937 2754 ὡς
996 2690 1292 2764 ἐμάνθανον
1351 2694 1467 2751 τοῖς
1524 2687 1648 2763 περὶ
1690 2686 1865 2742 αὐτῶν
1897 2686 1945 2726 ³¹

296 2777 599 2855 διηγήμασι
626 2800 642 2851 ;
672 2784 793 2841 Πῶς
844 2780 937 2835 οὗν
988 2779 1109 2855 ἄρτι
1171 2774 1576 2854 μεταϐέϐλησαι
1603 2804 1619 2848 ;
1648 2776 1740 2832 καὶ
1782 2774 1832 2831 τί
1880 2774 1945 2831 τὸ

291 2872 392 2939 τῆς
425 2866 736 2945 μεταϐολῆς
764 2868 939 2926 αἶ’τιον
964 2896 979 2940 ς
1006 2869 1103 2925 ’ίνα
1132 2869 1183 2926 τί
1212 2866 1270 2925 δὶ
1315 2868 1407 2925 καὶ
1453 2869 1544 2925 τὸν
1597 2864 1946 2940 ἐσταυρωμέ-

289 2979 380 3015 νον
411 2958 697 3034 κηρύττων
736 2958 945 3029 ἀπατᾷν
990 2957 1147 3015 ε’ίλου
1194 2957 1321 3021 τοὺς
1365 2958 1680 3033 ἀνθρώπους
1708 2956 1755 2993 ³³
1787 2952 1942 3010 διδά-

288 3067 487 3122 γμασιν
543 3046 922 3115 ἀλλοκότοις;
980 3048 1104 3105 Ἐπὶ
1158 3046 1435 3109 τούτοιςὸ
1485 3045 1644 3123 ἅγιος
1705 3044 1942 3118 ἡσυχίαν

288 3134 434 3212 ἔγων
465 3138 511 3175 ³³
566 3137 754 3193 ἑαυτὸν
810 3131 1154 3211 ἀνελάμϐανε
1207 3157 1267 3193 τε
1320 3137 1364 3173 ³⁸
1410 3135 1499 3191 καὶ
1566 3134 1938 3210 ἀνεθάρρυνενο

2062 541 2133 598 iis
2153 542 2250 614 qui
2297 547 2466 601 erant
2529 543 2589 601 in
2639 545 2939 617 impietate
2982 548 3257 616 acriores,
3290 552 3614 623 persuadet,
3645 562 3711 614 ut

2062 647 2199 689 eum
2242 637 2519 691 accusent
2546 635 2700 707 apud
2755 635 3031 693 comitem
3061 636 3316 696 Orientis
3356 640 3459 710 (illi
3492 660 3701 703 nomen

2062 726 2185 778 erat
2230 722 2615 795 Eutolmius);
2660 726 2813 796 quod
2854 741 3058 783 omnes
3099 728 3332 799 quidem
3374 735 3707 806 persuadet,

2063 811 2223 866 miris
2240 810 2593 883 quibusdam
2617 828 2715 870 eos
2740 814 3023 872 inducens
3046 817 3397 889 praestigiis:
3422 820 3705 878 adversus

2063 904 2295 957 nostros
2326 906 2519 959 autem
2567 902 2704 960 deos
2737 903 3004 977 ingentes
3035 906 3119 961 eis
3148 905 3290 962 facit
3319 907 3594 980 spiritus:
3628 914 3707 979 et,

2063 990 2220 1061 quod
2252 994 2341 1046 est
2389 991 2645 1064 gravius,
2680 1009 2793 1049 non
2834 993 3023 1050 solum
3056 993 3113 1050 id
3155 995 3289 1051 facit
3318 1012 3453 1054 cum
3509 999 3615 1070 eis,
3650 999 3708 1057 in

2062 1093 2306 1148 quorum
2338 1080 2556 1136 venerit
2602 1089 2999 1153 conspectum,
3034 1088 3093 1139 et
3124 1100 3256 1140 cum
3290 1087 3507 1157 quibus
3538 1088 3712 1146 fuerit

2062 1164 2307 1224 latenter
2366 1185 2736 1242 congressus,
2794 1172 2896 1228 sed
2946 1188 3076 1229 cum
3123 1173 3241 1230 illis
3297 1175 3498 1248 etiam,
3556 1195 3705 1250 quos

2062 1255 2271 1315 litteris
2304 1260 2634 1317 convenerit
2666 1277 2680 1317 :
2713 1268 2767 1317 et
2794 1262 2948 1334 quod
2978 1262 3156 1321 libere
3183 1265 3420 1338 quidem
3453 1268 3705 1339 amplec-

2062 1349 2206 1406 titur
2233 1360 2450 1408 sectam
2503 1352 2983 1424 Christianorum,
3008 1371 3208 1413 eorum
3264 1362 3459 1416 autem
3498 1360 3707 1418 irridet

2062 1439 2424 1512 religionem,
2450 1446 2508 1498 et
2536 1444 2675 1499 deos
2707 1444 2926 1515 patrios
2956 1444 3139 1502 afﬁcit
3178 1448 3571 1506 contumeliis.
3602 1451 3702 1508 His

2060 1545 2250 1587 comes
2292 1533 2365 1587 ad
2420 1532 2568 1589 iram
2601 1535 3113 1594 vehementissime
3142 1554 3446 1608 accensus,
3486 1545 3543 1597 et
3582 1558 3702 1599 ma-
3786 1588 3787 1591 η

2059 1621 2231 1687 xime,
2263 1622 2420 1693 quod
2458 1622 2788 1683 rescivisset
2840 1626 3118 1698 virginem
3151 1644 3386 1701 quoque
3412 1630 3703 1689 Justinam

2059 1710 2261 1767 eadem
2297 1713 2535 1783 sentire,
2567 1730 2696 1786 quas
2720 1716 3065 1787 Cyprianus,
3090 1734 3222 1774 cum
3252 1735 3351 1776 eos
3381 1720 3440 1777 in
3471 1722 3701 1780 vincula

2058 1800 2423 1872 conjecisset,
2457 1806 2515 1859 et
2544 1802 2605 1859 in
2638 1803 2814 1861 aliam
2854 1807 3191 1864 tradidisset
3220 1810 3572 1880 custodiam,
3606 1827 3697 1869 rs-

2057 1896 2242 1945 servat
2279 1890 2559 1948 tribunali
2596 1891 2889 1952 Damasci.

2124 2074 2264 2133 XXI.
2313 2076 2459 2134 Cum
2508 2093 2644 2151 ergo
2696 2078 2855 2136 ducti
2885 2084 3079 2138 essent
3135 2083 3321 2139 sancti
3372 2083 3432 2140 in
3485 2084 3697 2157 pradi-

2052 2170 2207 2223 ctam
2251 2167 2542 2228 civitatem
2582 2184 2599 2227 :
2657 2168 2745 2225 Tu
2777 2185 2840 2227 es
2896 2172 3178 2244 magister
3235 2171 3698 2231 Christianorum

2053 2256 2217 2328 (dicit
2297 2272 2492 2315 comes
2548 2257 2856 2331 Cypriane,
2906 2262 3077 2318 verba
3152 2260 3367 2320 iaciens
3450 2279 3519 2321 ex
3582 2264 3697 2321 alto

2050 2346 2372 2418 tribunali),
2431 2347 2529 2422 qui
2586 2348 2692 2416 eis,
2750 2350 2847 2420 qui
2906 2350 3043 2407 deos
3096 2350 3317 2421 colunt,
3380 2354 3695 2425 persuades

2050 2433 2430 2504 contrarium,
2460 2439 2519 2491 et
2564 2450 2663 2492 eos
2696 2438 3034 2507 conturbas,
3066 2439 3168 2511 qui
3213 2445 3449 2512 propter
3479 2442 3690 2499 mentis

2048 2524 2517 2583 imbecillitatem
2542 2526 2713 2584 facile
2735 2527 2793 2584 in
2813 2544 3042 2586 omnem
3076 2531 3292 2587 laberis
3313 2532 3645 2605 opinionem
3668 2533 3696 2590 ?

2047 2612 2173 2669 Non
2208 2619 2269 2670 tu
2319 2615 2482 2687 prius
2520 2618 2738 2673 multos
2782 2619 2854 2674 ad
2886 2621 3023 2675 deos
3080 2620 3391 2691 adduxisti,
3424 2623 3594 2694 aptis,
3629 2627 3695 2678 ut

2047 2703 2265 2772 accepi,
2290 2704 2362 2760 de
2391 2703 2477 2761 eis
2507 2705 2987 2764 narrationibus?
3006 2710 3310 2775 Quomodo
3340 2725 3477 2783 ergo
3504 2726 3694 2782 nuper

2048 2806 2110 2848 es
2132 2798 2391 2850 mutatus
2410 2794 2439 2850 ‘I
2466 2800 2525 2851 et
2553 2812 2823 2867 quanam
2848 2802 2937 2853 est
2961 2814 3137 2855 causa
3163 2798 3551 2855 mutationis?
3578 2800 3695 2856 Cur

2046 2890 2237 2938 autem
2260 2883 2610 2941 Crucitlxum
2630 2886 2969 2958 praedicans,
2985 2888 3249 2945 statuisti
3264 2888 3530 2946 homines
3546 2888 3696 2946 deoi-

2048 2988 2181 3044 pere
2228 2972 2435 3031 alienis
2464 2975 2792 3033 doctrinis?
2831 2978 2970 3034 Post
3007 2978 3126 3033 haec
3159 2987 3398 3034 sanctus
3439 2978 3688 3051 quietem

2045 3077 2248 3135 agens,
2279 3063 2533 3136 seipsum
2581 3065 2909 3137 colligebat,
2942 3070 2998 3123 et
3035 3067 3437 3124 conﬁrmabat.
3472 3067 3694 3123 Deinde

2048 3152 2288 3225 propius
2310 3155 2827 3222 accedens,comiti
2847 3154 2993 3212 dixit
3020 3160 3223 3214 ornate
3254 3161 3311 3214 et
3342 3156 3688 3214 honoriﬁce:

285 3225 402 3282 εἶτα
430 3227 694 3302 προσχὼν
726 3225 859 3301 μετά
887 3224 1104 3282 πολλοῦ
1150 3229 1248 3281 τοῦ
1277 3224 1487 3299 κόσμου
1523 3225 1571 3262 ³⁸
1598 3225 1688 3281 καὶ
1737 3227 1936 3298 σεμνοῦ

2051 3206 2181 3313 liget
2197 3206 2370 3311 cum,
2383 3206 2554 3299 ἐπὶ]ὶῖ
2563 3206 2827 3311 ista};
2851 3206 3049 3302 εἶξιιῖ
3060 3206 3076 3212 -
3089 3206 3393 3317 gentilium
3434 3246 3688 3302 multum

283 3317 732 3390 παραστήματος,
801 3316 936 3391 πρὸς
987 3316 1081 3371 τὸν
1134 3316 1355 3389 κόμητα
1412 3310 1535 3392 ἔφη·
1598 3312 1736 3389 Ἐγὼ
1790 3311 1936 3368 πολ-

284 3403 388 3473 λὴν
419 3404 489 3476 ³⁸,
534 3404 611 3467 ὡς
658 3404 752 3460 καὶ
798 3404 961 3469 αὐτός
1019 3427 1119 3478 μοι
1180 3409 1493 3481 μαρτυρεῖς,
1545 3405 1642 3474 την
1700 3403 1824 3478 περὶ
1870 3402 1936 3457 τά

281 3492 586 3565 Ἐλληνικά
625 3491 867 3564 σπουδὴν
918 3490 1088 3568 ἔχων,
1136 3494 1227 3549 καὶ
1276 3494 1399 3569 περὶ
1446 3492 1645 3569 λόγους
1695 3493 1785 3547 καὶ
1831 3496 1931 3563 τὴν

280 3587 389 3638 τῶν
453 3586 700 3658 μαγικῶν
764 3577 976 3657 βίϐλων
1034 3586 1079 3620 ³⁷
1140 3582 1371 3656 μελέτην
1422 3583 1470 3619 ³⁸
1532 3582 1836 3657 θερμότατα
1889 3584 1935 3619 ⁸⁸

283 3670 646 3745 διακείμενος,
693 3669 848 3727 οὖδὶν
902 3671 1042 3748 μέγα
1083 3672 1119 3741 ἤ
1172 3672 1310 3746 πρὸς
1360 3673 1547 3750 ψυχὴν
1596 3672 1759 3747 φέρον
1798 3671 1844 3706 ⁸ο
1870 3670 1933 3726 τὸ

280 3757 473 3835 κέρδος
499 3758 697 3825 ἐκεῖθεν
730 3760 1094 3837 ἐπορισάμην·
1138 3760 1284 3817 οὕτω
1333 3757 1389 3815 δέ
1438 3781 1532 3833 μοι
1583 3756 1933 3832 διακειμένῳ,

280 3848 371 3904 καὶ
402 3854 521 3911 τοῖς
572 3849 823 3923 ματαίοις
861 3848 1323 3925 ἐνασχολουμένῳ
1368 3850 1559 3911 πόνοις
1604 3848 1871 3923 οἲκτείρας
1904 3849 1933 3903 6

280 3938 412 3996 Θεός
474 3958 542 4013 με
598 3943 706 3997 τῶν
765 3944 933 3996 κενῶν
991 3937 1264 4017 ἱδρώτων,
1324 3939 1410 3994 καὶ
1467 3942 1564 3995 τοῦ
1621 3939 1759 4013 πρὸς
1805 3939 1932 4000 τοὺς

280 4027 545 4101 ἀνοήτους
592 4030 635 4067 ⁴¹
686 4029 842 4095 θεοὺς
896 4025 1236 4105 σεϐάσματος
1295 4026 1498 4105 ὁδηγὸν
1573 4029 1791 4095 ἀπλανῆ
1844 4027 1934 4084 καὶ

280 4119 491 4194 ἀγαθὴν
524 4120 572 4157 ⁴²
627 4120 874 4197 ἡγεμόνα
918 4126 1020 4191 τῆς
1068 4120 1205 4195 πρὸς
1260 4118 1419 4175 αὐτὸν
1478 4117 1747 4196 φερούσης
1804 4113 1935 4172 ὁδοῦ

278 4210 377 4279 τὴν
432 4207 701 4285 παρθένον
764 4214 968 4280 ταύτην
1049 4208 1335 4285 ἐκπέμπει,
1395 4208 1486 4263 καὶ
1543 4206 1588 4263 εἰ
1646 4208 1937 4285 προσεχῶς

278 4296 505 4353 ἀκοῦσαι
534 4297 843 4370 θελήσειας,
870 4300 961 4355 τὸν
999 4298 1225 4376 τρόπον,
1282 4295 1428 4368 οἶδα,
1466 4302 1567 4367 τῆς
1620 4294 1933 4369 οἰκονομίας

280 4387 418 4443 πάνυ
452 4388 768 4461 θαυμάσεις’
801 4384 923 4467 ἔχεῖ
952 4386 1010 4445 δὶ
1038 4388 1231 4453 οὕτως.

352 4480 473 4534 KB'.
503 4474 803 4552 Ἀγλαῖδας
824 4498 906 4540 τις
926 4483 1033 4533 τῶν
1054 4476 1113 4533 ἐκ
1143 4474 1417 4533 Κλαυδίου
1439 4479 1655 4549 ἡττήθη
1678 4482 1778 4546 τῆς
1801 4495 1938 4549 παρ-

277 4562 429 4621 θένου
459 4566 661 4637 ταύτης
693 4563 851 4641 ἔρωτι
888 4566 1231 4639 μσνικῷ,καὶ
1254 4566 1282 4622 6
1306 4566 1400 4639 μὲν
1433 4565 1485 4629 ἐς
1508 4566 1687 4642 γάμον
1725 4563 1923 4635 ἐζήτει·
1949 4584 2007 4652 D

279 4654 376 4723 ἡτὶ
406 4653 662 4727 ἀπηξίου,
696 4658 794 4726 τήν
824 4656 872 4692 ⁴³
902 4655 1130 4731 σύζυγον
1179 4657 1476 4733 στέργουσα
1522 4652 1833 4729 παρθενίαν.
1864 4653 1926 4711 Ὁ

278 4743 374 4816 μὶν
394 4739 639 4818 ἱπέμενε,
660 4749 824 4801 τοῦτο
850 4745 945 4820 μὲν
962 4745 1242 4816 ἱκετεύων,
1268 4743 1431 4801 τοῦτο
1454 4740 1619 4801 δὲκαὶ
1654 4742 1771 4818 βίαν
1796 4740 1926 4813 ἐπά-

274 4850 408 4907 γων·
442 4834 478 4903 ἡ
508 4830 565 4889 δὲ
591 4840 692 4904 τῆς
728 4836 945 4907 πρώτης
976 4834 1077 4891 οὐκ
1105 4834 1310 4907 ἀπέστη
1365 4834 1706 4911 βουλήσεως.
1747 4835 1835 4895 Ὠς
1868 4829 1926 4889 δὶ

274 4921 421 4996 ἑώρα
444 4921 646 4994 ταύτην
676 4922 913 4988 ἄκλινῶς
936 4922 1167 5001 ἔχουσαν
1195 4924 1331 5000 πρὸς
1371 4922 1575 4981 ἐκείνου
1614 4927 1785 4980 πᾶσαν
1814 4920 1926 4979 ἐπί-

269 5031 424 5067 νοιαν
445 5012 561 5069 ἀντι
586 5014 949 5089 πράττουσαν,
971 5013 1205 5091 ἡσυχίαν
1234 5014 1378 5092 ἃγειν
1407 5010 1663 5088 οὐδαμῶς
1680 5012 1922 5089 ἴσχυσεν,

268 5099 680 5167 ἀλλ’ἐλθὼνὼς
703 5102 799 5178 ἐμὲ
830 5101 1128 5180 Ἀγλα³ιδας
1156 5102 1331 5174 ἐξεῖπε
1364 5105 1459 5179 μὲν
1486 5103 1549 5159 τὸ
1588 5098 1921 5181 ἀπόρρητον

272 5189 449 5261 ἐξεῖπε
482 5190 537 5248 δὲ
565 5194 666 5263 τήν
695 5191 753 5249 ἐκ
781 5199 881 5264 τῆς
928 5191 1193 5268 παρθένου
1240 5194 1562 5269 παρόρασιν.
1612 5192 1715 5251 Καὶ
1760 5190 1923 5255 τέλος

341 5382 387 5420 ²¹
443 5380 527 5455 ,εἷς
594 5378 859 5455 ἀσέϐειαν,
922 5389 982 5443 Β.
1042 5418 1112 5427 -
1166 5385 1264 5453 τήν
1333 5379 1603 5454 ἀσέϐειαν,
1663 5385 1722 5442 F.

266 5454 315 5528 2⁵
346 5454 609 5528 Ἰούσταν,
641 5456 703 5513 Β.
740 5458 799 5513 E.
848 5454 852 5455 ν
905 5457 952 5493 ²⁸
991 5457 1122 5513 add.
1154 5459 1257 5528 τῷ,
1289 5458 1350 5514 Β.
1454 5456 1501 5492 ³⁷
1530 5455 1834 5528 αὐτοῖςνΒ.

269 5527 310 5599 ξι
342 5524 540 5599 αὐτῶν,
572 5528 634 5585 Β.
669 5528 729 5585 C.
762 5533 823 5585 Β.
917 5528 967 5564 ³⁸
994 5532 1111 5599 τρῖς
1142 5524 1474 5599 ἀνθρώποις,
1506 5528 1568 5586 Β.

272 5573 823 5672 ιτΪίῖἐεῐὲιιΪΕῗ
890 5601 934 5637 ετ
968 5573 1477 5672 βίἐλἰὧᾴζ’¹’θῗ””ῖέ
1506 5573 1693 5667 deest,
1722 5573 1783 5658 B'.

266 5668 490 5743 ἀγαθδν,
526 5672 578 5727 Β.
660 5672 706 5706 ⁴³
736 5672 849 5738 τὸν,
886 5673 943 5727 Β.
969 5668 1035 5726 Γ.
1075 5675 1129 5731 F.

1837 5384 1883 5419 ²²
1943 5379 2222 5451 λεληθῶς,
2282 5384 2342 5438 Α.
2406 5383 2468 5438 Β.

1672 5460 1740 5522 ῖς,
1772 5455 1834 5512 Β.
1938 5454 1987 5491 ²⁸
2014 5455 2327 5583 τοιγαὲοὖν,
2368 5454 2429 5509 Β.
2478 5455 2538 5513 C.

1672 5527 1721 5565 ³³
1750 5526 1915 5583 ἄγων.
1955 5526 2019 5583 Β.
2062 5528 2123 5583 C.
2223 5569 2236 5583 .
2290 5526 2352 5583 Β.
2463 5525 2512 5561 ³⁴

1750 5546 1915 5601 αγων,
1957 5546 2019 5585 n.
2062 5546 2123 5583 υ.
2174 5546 2236 5583 tu.
2290 5546 2352 5583 ιν.

1750 5602 1783 5658 ι.
1887 5599 1935 5635 ³⁹
1964 5596 2295 5671 θερμότητα,
2331 5598 2391 5653 Β.

2044 3331 2222 3387 studii
2266 3348 2565 3403 ponerem,
2596 3338 2653 3389 et
2683 3333 2741 3389 in
2772 3334 2999 3391 dicendi
3034 3334 3391 3401 facultatem,
3425 3340 3481 3391 et
3512 3336 3688 3407 magi-

2042 3437 2246 3478 corum
2281 3420 2563 3479 librorum
2613 3424 3045 3482 meditationem
3078 3442 3269 3484 essem
3300 3426 3694 3484 vehementis.

2043 3511 2189 3567 sime
2219 3509 2487 3582 affectus,
2519 3511 2748 3571 nullum
2780 3513 2916 3571 hinc
2946 3531 3250 3588 magnum,
3284 3520 3388 3573 aut
3421 3517 3575 3591 quod
3616 3514 3693 3573 ad

2044 3600 2297 3657 animam
2350 3602 2687 3674 pertineret,
2739 3604 2967 3661 lucrum
3019 3607 3269 3678 percepi.
3310 3607 3450 3663 Mihi
3498 3613 3687 3668 autem

2043 3690 2126 3745 sic
2152 3691 2355 3747 affecto
2385 3696 2440 3747 et
2470 3692 2529 3748 in
2551 3692 2717 3749 vanis
2748 3699 3029 3766 occupato
3061 3695 3384 3762 laboribus,
3418 3696 3683 3754 inanium

2044 3794 2298 3835 meorum
2330 3782 2634 3849 sudorum,
2666 3786 2724 3838 et
2760 3782 2953 3839 cultus
2984 3784 3224 3841 deorum
3283 3784 3683 3857 insipientium

2043 3868 2196 3924 Deus
2227 3868 2527 3936 misertus,
2559 3870 2769 3928 bonam
2812 3877 2869 3927 et
2910 3877 3127 3930 certam
3159 3875 3368 3930 ducem
3400 3874 3527 3941 viae,
3560 3891 3687 3947 quas

2043 3958 2114 4013 ad
2165 3958 2357 4029 ipsum
2405 3960 2610 4028 tendit,
2652 3960 2802 4017 hanc
2854 3962 3025 4018 mittit
3080 3963 3384 4037 virginem.
3418 3966 3580 4032 Quod
3638 3967 3688 4023 si

2044 4045 2279 4103 modum
2336 4052 2761 4120 consequenter
2789 4050 2992 4106 audire
3022 4050 3297 4120 volueris,
3330 4069 3448 4125 quo
3485 4052 3544 4109 id
3578 4053 3691 4111 fuit

2042 4133 2514 4191 administratum
2570 4152 2636 4192 ao
2688 4141 2941 4211 gestum,
3001 4142 3090 4197 sat
3130 4141 3274 4207 scio,
3304 4141 3473 4199 valde
3514 4141 3690 4199 mira-

2044 4222 2221 4281 beris.
2254 4224 2353 4281 Sic
2372 4230 2567 4283 autem
2594 4226 2790 4286 habet.

2112 4470 2384 4544 Aglaidas
2416 4475 2650 4547 quidem
2671 4492 2739 4533 ex
2766 4477 2858 4549 iis,
2890 4477 3121 4550 quinati
3154 4479 3386 4537 fuerant
3414 4496 3481 4538 ex
3511 4482 3687 4540 Clau-

2041 4560 2157 4631 dio,
2190 4563 2263 4620 ab
2294 4563 2402 4620 hac
2431 4564 2654 4637 virgine
2687 4566 2873 4624 victus
2901 4567 3091 4625 fuerat
3118 4585 3318 4627 amore
3348 4570 3593 4644 magico.
3623 4572 3691 4628 Et

2037 4648 2137 4707 ille
2156 4652 2387 4723 quidem
2409 4668 2536 4710 eam
2553 4656 2785 4726 petebat
2799 4656 2857 4712 in
2876 4656 3347 4715 matrimonium:
3372 4659 3473 4716 illa
3494 4664 3686 4717 autem

2035 4743 2361 4812 recusabat,
2393 4746 2640 4817 conjuge
2665 4751 2935 4805 contenta
2981 4748 3334 4822 virginitate.
3367 4749 3469 4807 Ille
3500 4750 3685 4823 persi-

2034 4834 2247 4901 stebat,
2271 4834 2483 4908 partim
2498 4837 2734 4908 quidem
2751 4838 3110 4912 supplicans,
3127 4841 3335 4914 partim
3354 4849 3547 4898 autem
3567 4840 3687 4898 vim

2033 4923 2295 4981 aﬂ'erens.
2324 4924 2424 4982 llla
2452 4932 2686 4983 econtra
2713 4945 2745 4984 a
2774 4927 3276 5001 primavoluntate
3300 4946 3414 4987 non
3436 4930 3683 4989 destitit.

2032 5014 2347 5087 Postquam
2385 5031 2520 5073 vero
2565 5015 2709 5073 vidit
2755 5032 2883 5074 eam
2915 5019 3303 5089 immobilem,
3334 5025 3393 5078 et
3431 5020 3483 5077 ei
3524 5019 3689 5077 omni

2032 5104 2259 5160 ratione
2300 5104 2686 5171 resistentem,
2738 5104 2899 5163 nullo
2931 5109 3099 5166 modo
3151 5109 3340 5182 potuit
3366 5109 3684 5181 quiescere.

2032 5193 2235 5265 Itaque
2266 5191 2340 5249 ad
2399 5208 2490 5250 me
2518 5193 2756 5251 veniens
2801 5194 3094 5268 Aglaidas,
3128 5197 3397 5272 exposuit
3443 5198 3679 5270 quidem

2584 5380 2927 5460 ”__év16101,
2986 5387 3049 5460 Β.
3099 5388 3166 5460 C_.
3267 5389 3311 5424 "
3382 5389 3565 5457 deest,
3614 5391 3677 5446 Β.

2645 5457 2689 5491 ²⁹
2729 5455 2855 5526 robe
2902 5455 3089 5524 Θεοὺς,
3141 5458 3205 5516 Β.
3282 5460 3331 5495 ³ο
3378 5455 3560 5526 deest,
3607 5463 3677 5517 Λ.

2463 5525 2512 5561 ³⁴
2559 5523 3024 5601 ἀναλαμϐάνεται,
3068 5523 3131 5587 Β.
3232 5532 3280 5568 ⁸⁵
3307 5533 3489 5596 deest,
3522 5523 3583 5589 Β.
3617 5533 3680 5588 C.

2496 5597 2543 5633 ‘°
2590 5598 2786 5673 φέρων,
2837 5601 2899 5657 Β.
3004 5601 3047 5638 ⁴¹
3098 5602 3412 5674 ἀνονήτους,
3468 5605 3527 5659 C.
3632 5604 3680 5639 ⁴¹

2223 5526 2352 5583 .F'.

2496 5597 2543 5633 ‘°
2590 5597 2786 5673 φέρων,
2837 5601 2899 5657 Β.
