4094 6230
435 298 541 354 871

1725 291 2011 352 MENSIS
2055 290 2543 353 SEPTEMBER.

3717 296 3843 355 8'12

430 473 733 524 arcanum,
789 456 1042 514 narravit
1099 461 1289 509 autem
1333 470 1396 509 se
1454 452 1634 508 fuisse
1666 453 2005 525 despectum
2036 470 2070 509 a

2189 451 2338 521 ἠξίου
2371 453 2595 526 βοηθεῖν
2629 452 2671 487 ⁸⁸
2694 452 2793 521 ὅση
2830 449 3058 526 δύναμις
3076 456 3144 526 τῇ
3170 452 3467 528 ἀποτυχίᾳ,
3489 453 3584 507 καὶ
3606 451 3843 529 φίλτρον

432 547 679 620 virgine,
713 551 772 603 et
812 550 1105 619 postremo
1138 541 1383 616 rogavit,
1416 546 1481 599 ut
1520 558 1623 614 pro
1656 541 1881 597 viribus
1910 558 2073 613 apem

430 638 635 694 ferrem
696 636 1037 702 infortunio,
1074 638 1128 690 et
1180 632 1531 689 amatorium
1566 630 2075 701 medicamentum,

436 727 590 800 quod
625 727 672 783 si
704 726 996 782 vincendaa
1020 741 1122 798 par
1152 729 1323 790 esset,
1354 726 1421 779 ad
1442 738 1569 779 eam
1597 722 1995 791 immitterem,
2020 724 2079 777 et

435 818 507 872 ad
556 815 834 871 amatoris
882 831 1170 870 moverem
1206 813 1583 886 cupiditatem
1616 827 1763 877 eam,
1797 828 1922 883 qum
1954 817 2075 866 tam

427 905 678 977 superbe
695 904 1073 975 despiciebat.
1106 904 1224 975 Ego
1254 918 1388 957 vero
1421 901 1476 956 in
1522 900 1686 957 libris
1712 900 1956 973 magicis
1987 900 2078 955 ha-

430 995 575 1051 bens
607 994 904 1059 fiduciam,
935 997 993 1048 et
1032 992 1089 1049 in
1123 992 1507 1058 daemonibus,
1534 990 1689 1061 jusei
1722 1005 1792 1046 ne
1824 992 2075 1060 curaret,

429 1084 483 1142 ei
536 1083 890 1140 citissimum
933 1081 1276 1155 promittens
1335 1081 1639 1137 auxilium.
1700 1079 1845 1136 Cum
1898 1079 2079 1151 igitur

431 1191 617 1231 unum
650 1189 942 1230 vocassem
997 1190 1063 1227 ex
1110 1171 1497 1241 daemonibus,
1531 1170 1581 1226 ei
1614 1186 1737 1226 rem
1778 1169 1993 1240 aperio,
2025 1176 2079 1225 et

432 1264 482 1321 si
514 1264 652 1337 quid
686 1267 883 1335 posset
922 1263 1137 1333 rogavi,
1173 1265 1237 1316 ut
1278 1276 1447 1332 opem
1497 1261 1691 1314 ferret.
1725 1258 1825 1314 Ille
1865 1266 2076 1327 autem,

435 1359 750 1426 antequam
781 1352 1135 1423 experiretur
1182 1350 1443 1422 quidem,
1474 1352 1597 1404 erat
1626 1348 1774 1405 elato
1815 1347 2077 1420 superci-

433 1441 511 1500 lio
552 1451 607 1499 et
646 1442 963 1498 vehemens
1017 1439 1074 1494 in
1112 1438 1524 1511 promittendo,
1556 1441 1612 1492 et
1645 1436 1742 1507 qui
1776 1436 2080 1492 videbatur

429 1549 599 1605 posse
629 1533 828 1589 omnia
876 1531 1080 1586 facere.
1115 1529 1260 1584 Cum
1293 1531 1490 1584 autem
1537 1525 1799 1593 abiisset,
1840 1530 1897 1581 et
1944 1540 2077 1581 cum

428 1625 687 1696 puellam
719 1625 874 1678 esset
894 1618 1544 1692 congressus,apparuit
1574 1633 1706 1672 mus
1729 1614 1954 1672 leonem
1978 1630 2077 1687 ag-

430 1728 693 1784 gressus,
710 1710 1135 1768 autscarabeus
1153 1708 1410 1763 luctatus
1424 1723 1556 1762 cum
1582 1706 1805 1778 aquita.
1830 1705 2079 1776 Fugiene

430 1801 590 1857 enim
638 1801 709 1857 ad
760 1816 852 1855 me
910 1804 1000 1855 est
1041 1812 1329 1863 reversus,
1361 1800 1417 1852 et
1465 1794 1630 1850 valde
1670 1793 1930 1861 territus,
1981 1791 2078 1864 qui
2111 1838 2163 1903 Β

431 1892 593 1962 prius
624 1894 745 1945 erat
791 1905 1059 1961 magnus,
1094 1891 1150 1943 et
1180 1887 1347 1957 cujus
1379 1884 1777 1941 intolerandus
1808 1888 1933 1937 erat
1964 1882 2074 1937 im~

427 1987 618 2052 petus.
650 1979 739 2035 Me
768 1995 900 2035 vero
931 1976 1143 2033 invasit
1163 1984 1380 2045 stupor,
1412 1972 1705 2046 quomodo
1734 1972 1896 2043 virgo
1931 1971 2077 2027 adeo

433 2070 649 2137 mollis,
682 2074 738 2124 et
769 2084 897 2139 quas
929 2083 989 2122 re
1032 2064 1286 2136 qualibet
1320 2064 1469 2119 solet
1517 2062 1684 2118 facile
1714 2060 1935 2129 terreri,
1963 2076 2075 2115 non

430 2159 625 2216 solum
670 2175 784 2212 non
818 2154 996 2212 cessit
1023 2154 1077 2209 vi
1110 2158 1166 2209 et
1205 2152 1527 2208 inductioni
1558 2150 1864 2215 daemonis,
1896 2150 1992 2205 sed
2025 2148 2077 2203 ei

427 2249 607 2303 etiam
642 2246 823 2302 evasit
844 2242 1146 2300 terribilis.
1170 2242 1530 2307 Quibusnam
1563 2246 1756 2296 autem
1782 2240 1960 2296 armis
1988 2238 2077 2294 ni-

434 2341 587 2402 tens,
622 2351 736 2391 non
798 2333 989 2391 solum
1032 2348 1166 2388 eum
1226 2330 1457 2401 repulit,
1492 2332 1587 2386 sed
1641 2329 1817 2386 etiam
1850 2328 1919 2384 ad
1973 2344 2079 2384 nos

432 2424 764 2482 transmisit
798 2423 1103 2496 fugitivum
1125 2421 1153 2477 ?
1186 2422 1493 2493 Propterea
1523 2435 1679 2474 eram
1716 2417 1923 2490 plenus
1954 2434 2081 2473 sus-

436 2515 684 2586 picione,
707 2512 1049 2584 etgravibus
1070 2511 1335 2584 agitabar
1364 2508 1835 2581 cogitationibus.
1867 2507 1955 2562 Me
1984 2522 2076 2563 au-

429 2610 549 2661 tem
593 2605 988 2671 interrogante
1018 2607 1076 2658 et
1106 2601 1339 2657 sitiente
1370 2600 1520 2657 scire
1568 2615 1821 2664 causam,
1853 2596 2080 2653 volebat

436 2695 674 2768 quidem
714 2695 900 2752 celare
921 2692 1301 2761 damonium,
1334 2694 1392 2746 et
1421 2689 1576 2745 omni
1607 2689 1832 2745 ratione
1861 2691 2077 2759 tegere.

427 2784 567 2841 Cum
602 2790 799 2841 autem
842 2800 948 2856 ego
978 2799 1112 2839 eum
1146 2799 1260 2838 non
1312 2782 1690 2845 dimitterem,
1717 2779 1809 2834 vix
1844 2780 2077 2835 tandem

428 2875 520 2931 vel
578 2875 794 2931 invitus
852 2874 1186 2942 confitetur,
1216 2875 1275 2926 et
1317 2885 1593 2926 arcanum
1641 2870 1846 2939 aperit,
1880 2869 2079 2923 dicens

433 2963 691 3019 divinam
731 2979 859 3019 esse
892 2962 948 3016 in
977 2978 1040 3017 ea
1077 2962 1451 3027 virtutem,et
1481 2958 1593 3013 sibi
1624 2958 1913 3028 quoddam
1946 2956 2080 3011 hor-

440 3053 685 3108 rendum
744 3050 1093 3123 apparuisse
1141 3046 1588 3120 signum,cujus
1626 3060 1700 3101 ne
1738 3044 1929 3101 solum
1961 3045 2080 3113 qui-

439 3143 569 3197 dem
594 3139 875 3195 sustinuit
906 3140 1227 3210 aspectum,
1269 3137 1362 3193 sed
1392 3135 1564 3192 rediit
1592 3134 1839 3206 fugiens.
1873 3134 1962 3189 Sic
1985 3134 2083 3190 illo

2187 540 2325 613 αύτῇ
2379 538 2707 615 ἀλτίρῥοπον
2755 539 3079 615 ἐπιπέμψαι.
3128 541 3219 596 καὶ
3264 549 3482 612 κινῆσαι
3530 541 3667 616 πρὸς
3724 540 3851 595 ἐπι-

2186 630 2381 705 Θυμίαν
2430 636 2528 686 τοῦ
2578 632 2804 706 ἐραστοῦ
2850 633 2948 701 τήν
3002 632 3177 694 οὕτως
3237 632 3617 706 ὑπεροπτικῶς
3676 628 3851 706 ἔχου-

2188 741 2308 777 σαγ.
2371 724 2552 777 Ταῦτα
2607 722 2701 793 μὲν
2761 719 2966 785 ἐκεῖνος
3019 720 3162 795 ᾔτει⁹
3222 720 3328 790 ἐγὼ
3389 719 3445 777 δὲ
3500 716 3722 797 βίϐλοις
3780 722 3855 776 τὸ

2187 807 2400 883 Θαρῥεῖν
2434 806 2580 888 ἔχων
2618 815 2737 872 ταῖς
2783 816 3037 886 μαγικαῖς
3087 811 3175 865 καὶ
3224 816 3343 874 τοῖς
3383 808 3662 884 δαίμοσιν,
3714 811 3853 883 ἆμι-

2187 896 2302 953 λεῖν
2373 897 2643 967 ἐκέλευον,
2718 905 2941 974 ταχεῖαν
3017 899 3152 970 ’ὀσην
3213 898 3674 977 ἐπαγγειλάμενος
3745 901 3852 967 τῆν

2194 986 2471 1062 βοήθειαν.
2513 989 2645 1045 Ἕνα
2699 992 2828 1064 γοῦν
2876 993 2982 1044 τῶν
3035 986 3312 1063 δαιμόνων
3372 987 3625 1061 καλέσας,
3674 1010 3853 1064 παρα-

2186 1080 2378 1151 γυμνῶ
2407 1077 2468 1131 τὸ
2508 1080 2757 1153 πρᾶγμα,
2811 1076 2901 1133 καὶ
2952 1076 3007 1133 εἷ’
3041 1099 3122 1141 τις
3174 1076 3321 1151 αύτῷ
3369 1076 3595 1151 δύναμις
3627 1081 3669 1114 ⁸⁵
3701 1099 3849 1151 συμ-

2188 1165 2439 1240 πράττειν
2472 1165 2679 1237 ἠξίουνδ
2723 1168 2750 1220 ὁ
2802 1164 2877 1237 δὲ,
2930 1167 3035 1242 πρὸ
3088 1168 3182 1242 μὶν
3241 1174 3341 1238 τῆς
3392 1170 3602 1242 πείρας,
3664 1166 3845 1230 πολὺς

2187 1257 2255 1323 ἦν
2284 1256 2381 1323 τήν
2420 1254 2612 1329 ὀφρὺν,
2661 1256 2750 1311 καί
2798 1258 2999 1332 θερμὸς
3046 1258 3147 1324 τήν
3194 1255 3544 1333 ἐπαγγελίαν,
3577 1259 3669 1312 καὶ
3698 1258 3767 1312 τά
3796 1259 3845 1294 ⁸⁸

2188 1344 2360 1400 πάντα
2410 1344 2661 1419 πράττειν
2718 1350 2797 1418 τῷ
2855 1342 3033 1401 δοκεῖν
3085 1344 3404 1421 δυνάμενος⁸
3455 1346 3708 1411 ἀπελθὼν
3761 1346 3844 1418 δί,

2188 1434 2276 1489 καὶ
2306 1438 2375 1508 τῇ
2407 1436 2543 1509 κόρῃ
2589 1436 2841 1509 συνάψας,
2898 1439 2999 1509 μῦς
3044 1436 3208 1514 ἐφάνη
3263 1434 3440 1491 λέοντι
3487 1432 3846 1510 προσϐαλὼν,

2187 1521 2223 1593 ἤ
2264 1523 2531 1597 κάνθαρος
2561 1523 2701 1597 ἀετῷ
2732 1525 2867 1599 πρὸς
2899 1522 3066 1580 πάλιν
3098 1523 3296 1601 ἐρίσας·
3343 1526 3515 1603 φυγὰς
3566 1527 3671 1603 γὰρ
3702 1528 3841 1602 πρὸς

2188 1615 2335 1687 ⁵ἷςμιῖις
2367 1612 2622 1684 ἐπανῆκε,
2665 1615 2755 1668 καὶ
2803 1613 2925 1669 λίαν
2975 1612 3243 1683 καταδεὴς
3274 1615 3302 1669 ὁ
3333 1617 3440 1690 πρὸ
3470 1619 3566 1671 τοῦ
3597 1617 3642 1651 ‘7
3678 1618 3848 1693 μὲγας

2187 1704 2274 1758 καὶ
2318 1705 2417 1773 τήν
2452 1704 2630 1777 ὁρμὴν
2664 1702 3055 1767 ἀνυπόστατος.
3104 1705 3237 1778 Ἐμέ
3286 1700 3344 1759 δὲ
3390 1702 3653 1775 ἔκπληξις
3703 1705 3846 1784 εἶχε,

2188 1796 2304 1853 πῶς
2340 1791 2514 1855 οὕτως
2554 1791 2738 1861 ἁπαλὴ
2780 1793 3043 1868 παρθένος
3074 1792 3163 1847 καὶ
3217 1797 3295 1859 τῷ
3335 1793 3492 1849 παντὶ
3543 1793 3850 1865 εὐπτόητος

2187 1881 2319 1935 εἶναι
2345 1878 2655 1953 μὲλλουσα,
2675 1879 2735 1935 ού
2763 1881 2929 1954 μόνον
2955 1881 3053 1937 οὐκ
3097 1882 3201 1953 εἶξε
3243 1882 3336 1954 βίᾳ
3386 1881 3476 1937 καὶ
3524 1886 3851 1958 περιαγωγῇ

2188 1968 2471 2044 δαίμονος,
2514 1968 2661 2025 ἀλλά
2709 1971 2798 2025 καὶ
2849 1966 3055 2049 φοϐερά
3099 1971 3277 2045 τούτῳ
3325 1972 3578 2043 κατέστη,
3629 1974 3738 2028 τίνι
3787 1971 3851 2029 δὲ

2188 2058 2277 2113 καὶ
2308 2058 2471 2132 ’ὸπλῳ
2499 2057 2818 2133 ἐρειδομένη
2852 2061 2897 2096 ⁴⁸
2930 2061 3041 2139 οὐχ
3072 2060 3222 2124 ὅπως
3252 2060 3532 2132 ἀπώσατο,
3573 2061 3723 2117 ἀλλά
3753 2063 3848 2117 καὶ

2189 2145 2398 2225 φυγάδα
2446 2169 2637 2204 τουτον
2698 2149 2772 2210 ὡς
2831 2152 2979 2223 ἡμᾶς
3037 2151 3456 2226 παρεπέμψατο.
3527 2154 3625 2208 Διὰ
3675 2157 3846 2209 ταῦτα

2192 2239 2385 2309 μεστὸς
2455 2238 2691 2312 ὑποψίας
2745 2240 2810 2307 ἦν
2866 2239 2958 2293 καὶ
3008 2236 3209 2303 δειναῖς
3271 2238 3496 2304 ἐννοίαις
3557 2240 3843 2297 ἐπάλαιον·

2188 2324 2211 2380 ἒ
2294 2332 2320 2361 τ’
2383 2324 2429 2381 δ’
2550 2352 2557 2362 η
2800 2329 2811 2347 ’
2887 2351 2894 2363 ·
3078 2329 3093 2348 ‘
3258 2334 3285 2346 “’
3332 2351 3361 2364 ’-
3621 2336 3645 2347 “’
3787 2333 3800 2349 ⁸

2220 2348 2324 2399 μο)
2418 2347 2440 2382 ε
2506 2331 2937 2402 πλνθανομενο),
3006 2350 3094 2385 και
3155 2327 3424 2404 διψωνιος
3483 2333 3669 2404 μαθειν
3741 2353 3843 2401 την

2189 2416 2382 2485 αἷτίαν,
2450 2418 2707 2491 κρύπτειν
2784 2418 2875 2492 μὲν
2943 2415 3217 2488 ἠϐούλετο
3275 2421 3338 2475 τὸ
3408 2419 3689 2493 δαιμόνιον
3754 2423 3848 2478 καὶ

2188 2508 2335 2583 πασῃ
2369 2511 2597 2583 μηχανῇ
2639 2507 3060 2583 συγκαλύπτειν.
3106 2514 3191 2572 Ὡς
3239 2507 3296 2564 δὲ
3345 2509 3444 2565 οὐκ
3489 2510 3654 2566 ἀνίειν
3710 2511 3849 2587 ἐγὼ,

2192 2596 2356 2671 μόλις
2385 2600 2517 2653 ποτὶ
2547 2597 2635 2651 καὶ
2679 2596 2807 2653 ἅκον
2856 2598 2905 2634 ⁴⁹
2953 2596 3245 2674 ὁμολογεῖ,
3294 2598 3382 2655 καὶ
3430 2600 3493 2655 τὸ
3534 2599 3847 2675 ἀπόῤῥητον

2190 2688 2540 2759 ἐκκαλύπτει,
2600 2686 2829 2763 δύναμιν
2890 2689 3041 2745 εἰπὸν
3099 2691 3148 2727 ⁵ο
3206 2692 3349 2755 θείαν
3424 2693 3552 2767 παρ’
3607 2693 3739 2767 αὐτῇ
3797 2694 3848 2729 ⁵⁴

2190 2781 2348 2851 εἶναι,
2399 2782 2487 2835 καί
2544 2780 2655 2837 Μοί
2709 2801 2761 2836 τι
2814 2787 3043 2854 σημεῖον
3090 2788 3318 2861 φανῆναι
3378 2784 3627 2860 φρικτὸν,
3675 2783 3849 2859 οὗπερ

2191 2867 2315 2926 οὐδὲ
2376 2872 2550 2943 μόνην
2606 2870 2799 2933 ἁπλῶς
2847 2872 2945 2939 τήν
2990 2870 3109 2935 θέαν
3163 2867 3417 2943 ΰπέστην,
3475 2871 3623 2928 ἀλλά
3678 2874 3854 2953 φυγὰς

2191 2958 2464 3033 ἐπάνειμι.
2548 2958 2739 3022 Οὕτως
2832 2958 3037 3015 ἐκείνου
3130 2962 3616 3038 καταγνωσθέντος,
3685 2962 3852 3024 αὐτὸς

2193 3049 2297 3103 οὐκ
2324 3047 2591 3123 ἠμέλουνθ
2627 3045 2771 3102 ἀλλὰ
2809 3048 2898 3102 καὶ
2943 3045 3122 3123 ἕτερον
3155 3044 3390 3124 ἔπεμψα,
3433 3053 3501 3124 τῇ
3538 3051 3633 3123 μὲν
3667 3050 3847 3120 οἰήσει

2194 3138 2394 3211 πολλῷ
2421 3144 2517 3194 τοῦ
2548 3134 2926 3215 προλαϐόντος
2969 3139 3345 3216 ἰσχυρότερον,
3394 3144 3461 3214 τῇ
3511 3137 3739 3213 δύνάμει
3790 3138 3851 3197 δὶ

443 3230 852 3299 condemnato,
886 3228 1010 3299 ipse
1061 3244 1171 3284 non
1225 3225 1303 3281 fui
1360 3224 1682 3297 negligens,
1734 3224 1835 3280 sed
1897 3223 2076 3280 alium

2190 3231 2308 3284 κατ’
2348 3225 2503 3283 οὐδὲν
2532 3228 2815 3302 ἀνόμοιον·
2864 3228 2928 3284 τὰ
2975 3230 3075 3304 γὰρ
3125 3228 3260 3284 αύτά
3313 3230 3562 3292 κάκεῖνος
3611 3228 3742 3285 ἰδών
3788 3251 3849 3286 τε

438 3335 673 3391 quoque
733 3318 887 3384 misi,
938 3318 1062 3388 qui,
1125 3321 1188 3372 ut
1242 3314 1614 3371 existimabat
1671 3313 1930 3385 quidem,
1962 3317 2084 3369 erat

434 3409 613 3478 priori
658 3408 830 3479 longe
868 3407 1075 3463 fortior
1105 3422 1118 3461 :
1152 3404 1374 3462 viribus
1405 3409 1593 3461 autem
1623 3402 1768 3458 nihil
1800 3411 1920 3459 erat
1960 3403 2081 3459 dis-

438 3496 671 3555 similis.
706 3498 850 3554 Nam
910 3495 1007 3553 ille
1038 3512 1271 3568 quoque
1300 3512 1433 3551 cum
1489 3494 1689 3550 eadem
1729 3493 1991 3562 vidisset,
2028 3497 2085 3548 et

442 3603 652 3660 passus
684 3586 911 3656 fuisset,
944 3601 1208 3642 reversus
1237 3589 1344 3642 est.
1370 3584 1488 3657 Ego
1518 3588 1708 3639 autem
1742 3599 1861 3639 rem
1895 3581 2083 3638 adhuc

438 3676 637 3734 volens
693 3677 880 3751 magis
912 3676 1268 3746 examinare,
1301 3675 1505 3732 emitto
1536 3674 1727 3747 ipsum
1759 3673 2082 3746 principem

440 3766 884 3836 daamoniorum,
918 3767 1152 3838 ignaros
1183 3769 1240 3821 et
1270 3764 1598 3836 inexpertos
1629 3767 1929 3820 vocantem
1961 3780 2082 3834 eos,

433 3856 534 3928 qui
574 3855 736 3928 prius
768 3855 935 3911 missi
968 3856 1220 3921 fuerant,
1254 3858 1310 3909 et
1340 3853 1434 3925 qui
1480 3851 1658 3909 nullis
1690 3851 1943 3921 insidiis,
1979 3868 2082 3908 nec

433 3947 553 4004 ulla
593 3953 715 4004 arte
757 3946 835 4002 uti
870 3946 1081 4002 scirent
1114 3948 1181 4001 ad
1225 3950 1481 4000 mentem
1510 3943 1909 4015 decipiendum
1944 3961 1956 3999 :
1994 3959 2083 4001 me

438 4045 632 4093 autem
665 4038 816 4093 bona
846 4052 947 4107 spe
981 4035 1285 4107 implebat,
1319 4034 1475 4105 quod
1507 4040 1564 4089 et
1593 4033 1874 4105 virginem
1899 4050 2081 4106 expu-

434 4132 657 4199 gnaret,
692 4134 745 4183 et
776 4142 926 4193 eam,
951 4126 1039 4181 cui
1071 4124 1300 4193 vellem,
1335 4122 1594 4194 quolibel
1624 4122 1850 4179 facilius
1880 4124 2080 4179 redde-

430 4222 515 4272 ret
547 4215 915 4288 morigeram.
950 4215 1267 4287 Postquam
1301 4218 1490 4271 autem
1527 4212 1648 4284 ipse
1679 4228 1911 4284 quoque
1954 4229 2080 4269 eam

433 4312 521 4363 est
552 4320 877 4377 aggressus,
916 4305 1052 4377 quid
1081 4303 1317 4376 quidem
1368 4319 1481 4357 non
1514 4302 1679 4369 dixit,
1715 4302 1851 4373 quid
1888 4308 2079 4358 autem

436 4411 555 4451 non
593 4394 719 4451 fecit
753 4411 821 4449 ex
854 4393 925 4450 iis
957 4410 1087 4466 quas
1118 4396 1363 4466 possunt
1402 4391 1725 4446 inducere?
1754 4392 2078 4457 Quamnam

433 4488 631 4540 autem
681 4484 881 4541 omisit
915 4485 1165 4557 speciem
1201 4479 1606 4553 deceptiouis?
1660 4482 1790 4547 Quae
1842 4482 2078 4553 quidem

2191 3318 2280 3374 καὶ
2329 3319 2513 3373 παθὼν
2583 3317 2869 3387 ἐπανῆκεν·
2942 3318 3050 3395 ἐγὼ
3109 3316 3166 3373 δὲ
3231 3318 3320 3373 καὶ
3371 3314 3449 3374 ἔτι
3504 3320 3721 3394 βασάνῳ
3779 3322 3845 3376 τὸ

2191 3412 2414 3483 πρᾶγμα
2446 3404 2651 3478 διδοὺς,
2684 3407 2843 3463 αὐτὸν
2892 3406 3095 3463 ἐκεῖνον
3142 3408 3233 3464 τὸν
3286 3410 3524 3483 ἄρχοντα
3560 3413 3669 3463 τῶν
3724 3406 3843 3464 δαι-

2196 3498 2375 3572 μόνων
2408 3499 2454 3534 ⁶²
2482 3495 2767 3571 ἐκπέμπω,
2814 3496 3039 3571 ἀμαθεῖς
3086 3498 3175 3553 καὶ
3222 3496 3521 3568 νηπιώδεις
3558 3498 3685 3561 τοὺς
3736 3520 3844 3573 προ

2192 3587 2359 3642 αὐτοῦ
2423 3587 2763 3664 πεμφθέντας
2812 3584 3212 3654 ἀποκαλοῦντα,
3267 3588 3358 3642 καὶ
3407 3585 3561 3643 οὐδὲν
3614 3586 3846 3644 ἐπίκλο-

2193 3697 2295 3731 πον
2352 3676 2421 3748 ⁵³,
2481 3674 2611 3731 οὐδὲ
2637 3677 2889 3754 τεχνικὸν
2943 3677 3079 3750 πρὸς
3139 3680 3345 3753 φρενῶν
3407 3676 3613 3747 ἀπάτην
3668 3683 3846 3733 ποιεῖν

2195 3762 2540 3839 δυναμένους,
2583 3766 2683 3838 ἓμέ
2732 3763 2789 3819 δὲ
2843 3770 3098 3842 χρηστῶν
3149 3764 3386 3821 ἐλπίδων
3444 3764 3714 3841 ἐπλήρου,
3755 3768 3848 3822 καὶ

2192 3855 2254 3911 τὸ
2292 3857 2393 3924 τήν
2426 3854 2687 3928 παρθένον
2723 3851 2887 3925 ἑλεῖν,
2928 3853 3017 3909 καὶ
3058 3854 3104 3927 ᾧ
3138 3854 3414 3929 βούλομαι
3454 3858 3643 3910 Θᾶττον
3676 3856 3849 3925 αὐτὴν

2192 3950 2491 4013 καταπειθῆ
2533 3945 2581 3981 ⁵⁸
2610 3941 2798 4015 δεῖξαι,
2845 3943 2987 4006 τίνος
3038 3943 3136 3999 οὐκ
3190 3939 3371 4022 ἔλεγεν
3421 3943 3847 4021 εὐχερέστερον,

2195 4034 2344 4090 Ἐπεὶ
2378 4031 2434 4089 δὲ
2481 4032 2570 4089 καὶ
2614 4032 2772 4095 αὐτὸς
2820 4028 3155 4110 προσέϐαλεν
3203 4034 3477 4104 ἀπελθὼν,
3509 4035 3563 4090 τί
3594 4034 3690 4108 μὶν
3744 4036 3850 4091 οὐκ

2193 4118 2463 4193 ἔλεξεςτί
2513 4118 2569 4176 δὲ
2611 4119 2708 4177 οῦκ
2753 4119 2947 4195 ’ἔδρασε
3002 4126 3109 4176 τῶν
3154 4119 3440 4197 ἐπάγεσθαι
3492 4120 3848 4196 δυναμένων,

2192 4216 2349 4267 ποῖον
2384 4208 2441 4267 δὲ
2467 4210 2678 4281 ἀπάτης
2738 4209 2981 4266 ἐνέλιπεν
3032 4212 3081 4247 ⁵⁵
3131 4209 3310 4279 εἶδος;
3371 4216 3617 4269 ’Ἀπαντα
3668 4210 3844 4285 ἐκείνη

2196 4300 2396 4375 μάταια
2435 4300 2631 4375 ἤλεγξε
2677 4300 2767 4355 καὶ
2819 4300 3003 4375 σαθρά.
3066 4301 3162 4355 Καὶ
3210 4298 3392 4371 τέλος,
3435 4300 3593 4356 αὐτὸν
3640 4300 3847 4356 ἐκεῖνον

2190 4392 2282 4446 τὸν
2332 4391 2399 4446 τὰ
2460 4388 2667 4464 μεγάλα
2723 4394 2973 4468 φυσῶντα
3026 4389 3169 4445 οὕτω
3226 4391 3476 4445 ταπεινὸν
3535 4387 3700 4461 ἔδειξε
3755 4393 3849 4446 καὶ

2194 4478 2423 4555 φυγάδα,
2482 4480 2558 4541 ὡς
2599 4476 2881 4550 ἐπιδήλως
2929 4477 3228 4556 ὁμολογεῖν
3277 4481 3375 4550 τὴν
3422 4484 3520 4535 τοῦ
3573 4479 3849 4554 ἐσταυρω-

434 4574 634 4630 omnia
663 4572 765 4630 illa
793 4573 985 4646 arguit
1014 4589 1139 4630 esse
1169 4571 1367 4627 inania
1397 4574 1454 4627 et
1486 4569 1822 4626 imbecilla:
1857 4575 1915 4627 et
1944 4575 2077 4625 tan-

2195 4570 2354 4643 μὲνου
2397 4567 2624 4643 δύναμιν
2659 4568 2877 4645 ἂμαχον
2914 4568 3070 4639 εἶναι,
3120 4569 3212 4625 καὶ
3260 4570 3350 4625 ὑπ’
3391 4570 3595 4641 ἐκείνης
3648 4570 3849 4633 αὐτοὺς

431 4663 566 4720 dem
617 4663 781 4720 illum
816 4664 1030 4735 ipsum,
1057 4663 1226 4733 cujus
1256 4664 1425 4717 erant
1463 4664 1580 4716 tam
1612 4660 1877 4732 ingentes
1908 4659 2076 4731 spiri-

434 4760 550 4821 tus,
574 4754 717 4810 adeo
748 4752 1022 4809 humilem
1057 4750 1312 4807 reddidit
1341 4755 1398 4807 et
1427 4749 1755 4821 fugitivum,
1790 4752 1851 4804 ut
1880 4752 2077 4820 aperte

433 4843 716 4901 fateretur
744 4842 1015 4901 Cruciﬁxi
1057 4841 1206 4897 vires
1237 4856 1364 4897 esse
1396 4838 1891 4913 inexpugnabiles,
1923 4844 1981 4896 et
2007 4840 2079 4895 ab

434 4930 562 5005 ipsa
589 4932 726 4990 illos
760 4932 983 4989 fortiter
1012 4930 1243 5002 expelli.
1277 4930 1361 4985 Ad
1387 4930 1509 4985 haec
1532 4928 1671 5002 quid
1706 4943 1797 4983 me
1820 4938 2079 5001 opporte-

437 5020 537 5078 bat
569 5023 774 5090 facere,
798 5021 893 5077 dic
923 5036 1027 5092 per
1054 5019 1241 5091 ipsam
1264 5020 1585 5086 veritatem,
1625 5034 1659 5075 ο
1683 5018 1880 5089 judex.
1916 5018 2083 5074 Rem-

439 5126 512 5166 ne
547 5117 738 5167 mente
762 5111 984 5182 agitare
1014 5113 1070 5166 et
1090 5109 1357 5180 judicare
1389 5110 1647 5181 dignam,
1672 5124 1799 5180 qua
1820 5108 2083 5164 conside-

433 5209 613 5266 retur,
652 5216 922 5272 qumnam
955 5202 1033 5257 sit
1069 5201 1200 5273 ipsa
1235 5200 1450 5257 Christi
1497 5199 1701 5266 virtus,
1742 5216 1866 5271 quas
1905 5200 2079 5270 vulgo

425 5291 711 5363 jactatur,
757 5308 872 5364 quo
904 5291 1011 5365 ipsi
1060 5306 1290 5363 quoque
1340 5298 1625 5347 terrentur
1679 5289 1992 5357 daamones,
2027 5294 2081 5344 et

1004 5529 1050 5564 ⁸⁵
1076 5526 1463 5652 ἓὲίίέιΐῖλοξέξυν
1505 5525 1856 5652 ⁴⁶Β⁶⁶ἕ⁸¹’ρ⁰·

1204 5617 1483 5669 αιμονιων,
1542 5617 1605 5653 n.
1654 5617 1715 5652 υ.
1770 5617 1830 5651 r'.

1204 5691 1245 5738 ς,
1282 5671 1338 5724 Β.
1377 5670 1436 5724 F.
1512 5667 1558 5701 ⁵⁷
1592 5665 1777 5740 μονόν,
1812 5672 1871 5722 Β.

506 5529 552 5563 ⁸⁸
584 5532 792 5599 μαθεῖν,
828 5529 887 5586 Β.

439 5601 497 5656 Β.
602 5600 645 5636 ⁸ί
678 5600 868 5669 αὐτὴν,
922 5603 975 5655 Β.

433 5671 480 5710 ⁸⁵
509 5669 806 5741 ἒνέλειπεν,
843 5673 903 5729 Β.
979 5672 1024 5708 ⁵⁸
1056 5669 1245 5738 αὐτῆς,
1282 5671 1338 5724 Β.
1377 5670 1436 5724 F.

1933 5523 1978 5597 ,‘7
2010 5522 2253 5597 πρῴτρυν
2306 5526 2367 5581 B-

1926 5595 1974 5630 ⁵³
2022 5592 2344 5661 ἐπίκολπον,
2396 5597 2458 5652 Β.

1952 5667 1994 5702 ⁵⁸
2024 5666 2158 5721 κατά
2193 5668 2393 5735 Ματθ.,
2427 5668 2489 5737 ζ’,

2190 4665 2463 4735 κραταιῶς
2491 4657 2830 4724 ἐλαύνεσθαι.
2863 4659 3005 4735 Πρὸς
3030 4664 3223 4729 ταῦτα,
3252 4662 3303 4713 τί
3361 4680 3427 4733 με
3474 4654 3584 4715 ἔδει
3624 4665 3801 4715 ποιεῖν
3830 4683 3847 4731 ;

2189 4747 2304 4804 είπὶ
2370 4750 2505 4824 πρὸς
2547 4755 2646 4819 τῆς
2694 4748 2956 4819 ἀληθείας
3005 4748 3171 4819 αὐτῆς
3243 4751 3309 4819 ⁸⁸,
3372 4750 3399 4804 ὁ
3454 4746 3709 4819 δικάζων’
3772 4748 3852 4811 εἷς

2187 4842 2313 4893 νοῦν
2359 4836 2654 4912 βάλλεσθαι
2710 4839 2771 4894 τὸ
2828 4844 3073 4915 πρᾶγμα.
3133 4839 3223 4894 καὶ
3270 4838 3472 4913 κρίνειν
3536 4838 3846 4909 ἐπισκοπῆς

2187 4928 2357 5000 ἄξιον,
2387 4928 2470 4994 τίς
2501 4931 2535 4998 ἡ
2569 4924 2955 5002 Θρυλλουμένη
2990 4929 3124 5001 αὕτη
3172 4932 3270 4984 τοῦ
3316 4929 3547 5004 Χριστοῦ
3594 4926 3846 5002 δύναμις,

2186 5019 2224 5090 ᾖ
2287 5017 2379 5072 καὶ
2437 5014 2693 5091 δαίμονες
2749 5014 3051 5097 κατάφοϐοι
3116 5015 3382 5095 γίνονται,
3432 5019 3521 5074 καὶ
3590 5019 3744 5092 μόνῳ
3801 5019 3847 5055 ⁵⁷

2186 5112 2265 5180 τῷ
2314 5107 2523 5186 φεύγειν
2573 5108 2860 5178 σώζονται⁶
2895 5109 2929 5176 ἤ
2963 5105 3135 5170 οὕτως
3184 5105 3408 5185 ἀλόγως
3457 5104 3678 5172 ἕπεσθαι
3726 5112 3845 5163 τοῖς

2188 5194 2652 5271 παραδεδομένοις
2704 5200 2794 5253 οἵα
2838 5202 2943 5253 τῶν
3006 5196 3167 5273 ῥινῶν
3235 5196 3577 5270 ἑλκόμενονς
3636 5199 3849 5273 Ἔγωγε

2190 5284 2281 5341 οῦν
2324 5288 2565 5357 ζητήσας
2614 5284 2790 5363 εὗρον,
2848 5285 2936 5342 καὶ
2987 5284 3236 5360 κρούοντι
3290 5284 3586 5361 διηνοίχθη
3642 5308 3736 5359 μοι
3776 5284 3847 5355 ⁵⁸,

3129 5526 3173 5560 ⁸³
3219 5521 3385 5592 ἄκων,
3436 5526 3497 5581 Β.
3602 5524 3648 5559 ⁸ο
3679 5522 3846 5578 εἰπὼν

2480 5524 2528 5559 ⁴⁸
2575 5521 2911 5597 ἐνειδομένη,
2962 5525 3025 5581 Β.

3037 5598 3103 5653 Α.
3167 5626 3235 5639 —-
3290 5597 3617 5668 κατᾶπειθῆ,
3665 5598 3725 5653 C.
3785 5594 3851 5653 Ρ.

2565 5598 2610 5632 ⁵⁸
2655 5599 2988 5664 καταπειθεῖ,
