4144 6184
1396 327 1583 392 νΙΤΑ
1627 324 1689 387 S.
1736 324 1968 388 CYPRI

2088 324 2100 387 Ι
2146 319 2641 383 ANTIOCHENI.
3603 322 3721 387 874

294 288 297 295 ⁸
321 331 437 394 873

316 491 405 546 καὶ
448 487 630 569 φωτὸς
661 487 911 565 γνώσεως
962 485 1372 562 ἐπιλάμψαντός
1425 504 1535 560 μου
1584 492 1653 562 τῇ
1693 486 1889 563 καρδίᾳ
1926 488 1971 524 ιθ

2088 486 2209 544 sola
2249 488 2383 559 fuga
2413 490 2711 545 servantur
2742 503 2755 543 :
2790 501 2865 543 an
2911 484 2995 542 sic
3043 484 3190 542 citra
3228 486 3510 543 rationem
3558 487 3723 559 sequi

318 580 567 655 καθαρῶς
624 571 790 653 ἔγνων
860 575 945 631 ὅτι
1002 576 1069 631 τὰ
1130 578 1225 650 μὲν
1274 574 1479 632 ε’ίδωλα
1526 577 1679 633 ταυτὶ
1736 578 1803 632 τὰ
1850 577 1974 651 παρ’

2088 594 2153 634 ea
2183 593 2309 649 qua
2342 580 2485 633 sunt
2532 576 2769 646 tradita,
2801 574 3040 646 perinde
3079 590 3143 629 ac
3182 575 3231 629 si
3264 574 3524 631 traherer
3562 577 3728 632 nari—

319 671 474 743 ὑμῶν
523 664 808 742 σεϐόμενα,
866 667 1044 738 ἀπάτη
1106 667 1271 741 μόνον
1329 667 1430 723 εἰσὶ
1480 669 1569 723 καὶ
1629 666 1850 741 ψεῦδος,
1890 666 1974 722 ἐπ’

2088 667 2192 725 bus
2217 668 2245 723 ‘I
2274 668 2389 740 Ego
2430 669 2627 740 itaque
2658 682 2792 723 cum
2841 663 3206 738 quaesiissem
3248 664 3465 733 inveni,
3495 670 3553 721 et
3592 667 3727 736 pul-

318 761 546 833 όνόματι
577 761 712 815 Θεοῦ
769 756 1235 832 προσκυνούμενα·
1286 758 1367 821 εἷς
1418 754 1475 813 δὲ
1521 757 1739 828 ἀληθὴς
1766 760 1812 795 ⁸ο
1841 758 1970 820 Θεὸς

2088 758 2234 815 santi
2280 758 2425 813 mihi
2458 758 2569 813 fuit
2617 760 2904 828 apertum.
2947 754 3015 809 Et
3062 770 3195 809 cum
3235 753 3335 808 lux
3376 754 3729 825 cognitionis

319 852 348 907 6
405 850 659 926 Χριστὸς,
716 848 844 914 τοὺς
904 848 979 912 εἷς
1035 847 1193 905 αὐτον
1256 847 1608 913 πιστεύοντας
1681 846 1969 924 δυνάμενος

2088 863 2209 904 meo
2242 847 2399 905 cordi
2438 846 2747 914 illuxisset,
2781 859 2922 916 pure
2951 844 3217 915 cognovi,
3252 843 3409 915 quod
3448 843 3571 899 haec
3598 844 3728 913 qui-

303 942 532 1010 σώζειν.
2078 940 2213 995 dem
2244 936 2582 1005 simulacra,
2606 952 2737 1008 qum
2773 952 2808 991 ει
2846 934 3009 991 vobis
3039 933 3334 1000 coluntur,
3363 938 3504 989 sunt
3537 934 3731 990 solum

326 1033 589 1106 deceptio
641 1038 697 1089 et
744 1032 1137 1102 mendacium,
1174 1048 1300 1105 quae
1360 1033 1467 1090 sub
1513 1033 1615 1090 Dei
1658 1033 1895 1091 nomine
1945 1032 2282 1090 adorantur.
2318 1030 2480 1088 Unus
2529 1033 2728 1086 autem
2780 1043 2946 1086 verus
2993 1027 3148 1084 Deus
3176 1033 3262 1083 est
3308 1025 3591 1094 Christus,
3625 1026 3729 1098 qui

318 1127 517 1196 potest
547 1139 779 1180 servare
806 1139 931 1194 eos,
954 1122 1055 1195 qui
1084 1124 1143 1180 in
1176 1124 1372 1196 ipsum
1402 1124 1669 1181 credunt.

392 1212 514 1271 KI".
546 1210 778 1273 Τούτοις
809 1211 838 1266 6
869 1210 1051 1285 κόμης
1082 1212 1161 1276 εἷς
1211 1212 1379 1289 ὀργὴν
1411 1211 1673 1285 κινηθεὶς,
1709 1214 1785 1286 μὴ
1832 1209 1974 1288 ἔχων

2160 1211 2364 1269 XXIII.
2413 1210 2518 1267 His
2575 1225 2773 1267 comes
2834 1208 2908 1264 ad
2974 1208 3119 1265 iram
3177 1211 3394 1277 motus,
3432 1223 3567 1264 cum
3615 1225 3731 1266 non

320 1304 349 1358 ὃ
378 1322 431 1357 τι
460 1302 593 1356 ποτὶ
622 1302 758 1377 πρὸς
807 1301 1065 1372 τοιαύτην
1114 1301 1295 1379 λόγων
1348 1301 1505 1378 ἴσχὺν
1546 1302 1974 1381 ἀντιφθέγξαιτο,

2088 1304 2328 1361 haberet
2366 1304 2509 1376 quid
2559 1302 2775 1360 talibus
2822 1300 3052 1357 dicendi
3083 1300 3303 1357 viribus
3333 1301 3730 1373 responderet,

315 1392 381 1448 τὸ
412 1392 708 1466 πρόχειρον
750 1389 947 1462 ἐποίει,
995 1392 1082 1447 καὶ
1130 1398 1253 1454 τοῖς
1306 1392 1448 1466 ὀργῇ
1496 1393 1792 1463 κινηθεῖσιν
1845 1391 1974 1447 ἀκό-

2088 1395 2225 1450 facit
2252 1394 2333 1461 id,
2365 1394 2517 1465 quod
2548 1396 2672 1449 erat
2713 1392 2775 1448 in
2806 1394 3105 1462 promptu,
3128 1393 3184 1445 et
3214 1391 3372 1462 quod
3404 1394 3495 1447 est
3524 1405 3729 1447 conse-

322 1477 546 1545 λουθον·
588 1480 679 1535 καὶ
739 1481 785 1516 ⁸⁸
826 1480 919 1537 τὸν
978 1480 1129 1556 ἅγιον
1190 1482 1284 1555 μὲν
1344 1479 1559 1537 ἐκέλευε
1613 1481 1974 1556 κρεμασθέντα

2088 1497 2273 1554 quens
2302 1482 2375 1538 iis
2407 1481 2505 1553 qui
2536 1480 2753 1536 fuerint
2783 1480 2937 1535 irati.
2962 1480 3243 1536 Sanctum
3275 1480 3513 1551 quidem
3550 1479 3735 1550 jussit

324 1568 556 1640 ξέεσθαι·
604 1568 897 1626 Ἰουστίναν
958 1568 1018 1625 δὲ
1067 1570 1203 1626 κατὰ
1256 1572 1319 1626 τὸ
1371 1571 1663 1645 πρόσωπον
1721 1572 1974 1633 καὶτοὺς

2088 1587 2436 1643 suspensum
2468 1568 2720 1641 discerpi
2756 1586 2770 1625 :
2803 1569 3056 1625 Justinas
3086 1572 3283 1624 autem
3333 1584 3399 1625 os
3437 1568 3734 1625 verberari

324 1657 649 1737 ὀφθαλμοὺς
712 1659 1021 1730 τύπτεσθαι,
1078 1660 1177 1715 κᾶν
1221 1659 1399 1731 ἐκείνη
1458 1661 1506 1696 ⁶²
1562 1659 1687 1721 τοὺς
1748 1662 1974 1734 βασανι-

2088 1668 2142 1717 et
2170 1660 2392 1729 oculos,
2422 1661 2536 1716 etsi
2566 1660 2668 1716 illa
2698 1676 2813 1715 non
2842 1663 2962 1715 tam
2994 1658 3288 1714 videretur
3318 1658 3455 1713 credi
3488 1675 3520 1713 a
3548 1662 3735 1715 torto-

321 1747 447 1810 στὰς
496 1746 597 1801 οὐκ
641 1746 869 1817 αἰκίζειν
922 1745 1100 1804 ἐδόκει
1155 1747 1369 1821 μᾶλλον
1403 1749 1439 1819 ἢ
1471 1749 1610 1824 πρὸς
1658 1753 1791 1805 Θεοῦ
1824 1746 1974 1821 δοξο.

2089 1751 2271 1820 ribus,
2302 1766 2478 1821 quam
2500 1750 2929 1822 quodammodo
2961 1747 3303 1804 meminisse
3329 1747 3428 1803 Dei
3452 1746 3735 1817 gloriﬁca-

324 1836 517 1914 λογίαν
591 1834 773 1911 ὥσπερ
843 1837 1279 1911 ὑπομιμνήσκειν
1348 1839 1416 1895 ⁵³.
1482 1839 1786 1912 τυπιομένη
1871 1839 1974 1915 γὰρ

2088 1839 2285 1896 tionis.
2316 1838 2463 1895 Nam
2504 1855 2639 1895 cum
2698 1838 2783 1893 sic
2812 1837 3237 1907 verberaretur,
3268 1836 3383 1891 alta
3428 1852 3567 1892 voce
3614 1835 3735 1892 cla-

322 1926 467 1982 οὕτω
522 1928 889 2003 γεγωνότερον
948 1922 1222 2001 ἰξεϐόησε·
1281 1929 1417 1999 Δόξα
1474 1949 1586 1998 σοι,
1651 1930 1680 1984 6
1738 1930 1891 2002 Θεὸς,
1946 1931 1975 1985 ὁ

323 2015 536 2089 ἀναξίαν
589 2036 655 2089 με
713 2017 876 2072 οὖσαν
936 2017 1375 2091 οἰκειωσάμενος,
1425 2018 1515 2073 καὶ
1558 2018 1689 2092 ὑπὲρ
1735 2022 1833 2073 τοῦ
1881 2023 1976 2074 σοῦ

313 2110 514 2167 ,παθεῖν
556 2126 621 2179 με
650 2106 988 2177 καταξιώσας
1018 2107 1306 2180 ὀνόματος.
1344 2108 1444 2165 Καὶ
1498 2106 1641 2163 οὕτω
1687 2107 1978 2183 πάσχουσα

324 2191 677 2271 διεκαρτέρει,
746 2196 820 2259 ὡς
872 2195 1041 2263 αὐτὴν
1095 2192 1265 2270 μηδὲν
1312 2199 1361 2234 ⁸⁸
1403 2196 1634 2273 ἀγεννὲς,
1692 2198 1727 2265 ἤ
1774 2200 1843 2271 τῇ
1876 2208 1978 2268 θη-

324 2283 448 2357 λείᾳ
501 2285 655 2362 φύσει
722 2286 811 2339 καὶ
870 2285 1082 2349 ἀσθενεῖ
1162 2284 1517 2357 κατάλληλον
1590 2283 1974 2357 ἐπιδείξασθαι·

318 2372 448 2435 τοὺς
488 2371 791 2434 τύπτοντας
848 2370 905 2428 δὲ
963 2374 1329 2443 ἀτονήσαντας
1382 2380 1484 2444 τῆς
1544 2376 1782 2448 βασάνου
1828 2373 1976 2430 παύ-

322 2464 535 2521 σασθαι.
602 2462 916 2536 Κυπριανὸς
970 2459 1029 2518 δὲ
1088 2463 1117 2517 6
1169 2468 1313 2527 θεῖος
1388 2464 1644 2537 ξεόμενος
1693 2464 1742 2499 ⁸⁵
1808 2462 1977 2534 αὐτῆς

326 2550 463 2607 κατᾶ
490 2552 806 2626 πρόσωπον,
841 2552 1014 2617 οὕτως
1040 2553 1107 2621 ἦν
1150 2550 1523 2614 ἀταπείνωτός
1569 2573 1629 2608 τε
1661 2554 1749 2608 καὶ
1805 2573 1972 2629 μεγα-

324 2641 573 2718 λόφρων,
630 2644 720 2698 καὶ
774 2644 1031 2705 τοιαύτας
1086 2640 1380 2717 ἀνδρώδεις
1432 2644 1479 2680 ⁸⁵
1539 2643 1630 2697 καὶ
1713 2642 1977 2717 μακαρίας

325 2730 479 2807 ἠφίει
528 2730 731 2809 φωνᾶς,
799 2732 873 2793 ὡς
939 2732 1066 2793 τοὺς
1125 2734 1489 2807 περιεστῶτας
1555 2732 1848 2795 ἀκούοντας
1901 2731 1976 2793 εἰς

326 2818 908 2892 ἑαυτὸν’ἆπισπᾶσθαι,
965 2821 1186 2876 καὶτοῦ
1237 2824 1338 2887 τῆς
1380 2819 1628 2883 ἀπιστίας
1678 2824 1722 2858 ⁸⁷
1776 2822 1975 2896 βάθους

325 2904 748 2983 ἀναλαμϐάνειν·
807 2908 962 2985 ἔλεγε
1010 2910 1113 2986 γὰρ
1141 2910 1277 2985 πρὸς
1306 2910 1398 2966 τὸν
1444 2910 1685 2983 κόμητα,
1732 2904 1972 2965 ἀποϐλέ-

323 3001 429 3072 ψας
463 2997 612 3072 μάλα
640 3003 884 3072 γενναῖον
910 3000 1001 3055 καὶ
1046 2998 1257 3074 πλῆρες
1304 3002 1655 3077 φρονήματος
1704 3000 1973 3075 εὐγενοῦς·

325 3090 441 3145 Ἵνα
488 3086 543 3145 τί
593 3088 766 3153 οὓτως
812 3088 1197 3161 ἀπονενόησαι,
1246 3088 1425 3161 ἀνάξιε
1473 3087 1690 3161 δηλαδὴ
1722 3096 1821 3160 τῆς
1867 3094 1977 3145 τῶν

326 3179 569 3254 οὐρανῶν
607 3178 907 3252 βασιλείας.
943 3179 1073 3254 ὑπὲρ
1103 3182 1169 3249 ἧς
1218 3179 1322 3254 ἐγω
1371 3180 1545 3235 πάντα
1588 3181 1772 3235 παθεῖν
1825 3178 1975 3235 εἱλό-

329 3290 458 3343 μην,
519 3268 594 3331 ὡς
635 3267 728 3324 καὶ
766 3267 920 3324 αὐτοὶ
981 3268 1246 3343 μάρτυρες
1304 3269 1357 3323 οἱ
1400 3269 1486 3323 σοὶ
1548 3270 1625 3343 μὴ
1686 3267 1975 3344 βλέποντες

325 3358 647 3432 ὁφθαλμοί;
682 3358 745 3413 οὗ
776 3359 1065 3429 συνήσεις;
1098 3356 1198 3413 οὐκ
1227 3354 1590 3433 ἀναϐλέψειςς
1642 3357 1746 3413 ούκ
1774 3357 1892 3433 εἴσῃ
1921 3359 1976 3414 τί

322 3447 385 3501 τὸ
415 3451 531 3524 φῶς
572 3445 854 3518 ἀληθινόν,
885 3446 976 3503 καὶ
1004 3448 1066 3503 τὸ
1115 3446 1306 3510 σκότος
1355 3445 1648 3503 ἀπολιπὼν
1678 3448 1815 3523 πρὸς
1845 3446 1974 3503 αὐτὸ

328 3537 782 3611 μεταπορευθήσῃ
810 3555 824 3606 ;

394 3631 518 3681 ΚΔ.
583 3625 704 3682 Ἐπὶ
752 3626 966 3687 τούτοις
1015 3626 1044 3679 6
1072 3626 1254 3698 κόμης
1300 3627 1439 3699 πρὸς
1485 3621 1706 3681 ἕκαστον
1751 3628 1859 3681 τῶν
1890 3624 1977 3680 λε-

326 3714 572 3789 γομὲνων
611 3710 973 3792 σφοδροτέραν
1020 3712 1169 3785 αύτῷ
1222 3714 1323 3782 τὴν
1384 3711 1578 3784 ὀδύνην
1629 3712 1886 3776 ἐπιτιθείς
1927 3714 1977 3750 ⁸⁸

325 3802 426 3856 Καὶ
493 3802 539 3856 εἷ
605 3801 869 3866 ἀθανάτου
939 3800 1243 3877 βασιλείας,
1310 3797 1482 3876 ἴλεγε,
1558 3800 1819 3879 φαίνομαι
1887 3823 1972 3858 σοι

323 3890 579 3965 πρόξενος
608 3889 701 3961 ὧν,
732 3887 809 3946 ἔτι
852 3912 935 3947 σοι
992 3890 1474 3948 πολλαπλασιάσω
1520 3893 1621 3960 τήν
1670 3892 1967 3967 τιμωρίαν,

321 3982 413 4037 καὶ
448 3981 638 4055 μισθόν
684 4003 776 4055 μοι
812 3983 1023 4044 πάντως
1077 3981 1338 4059 ὀφλήσεις
1394 3989 1494 4051 τῆς
1532 3982 1839 4058 εὐεργεσίας
1883 3984 1974 4038 καὶ

321 4074 428 4125 τῶν
463 4069 732 4147 χαρίτων,
762 4070 834 4125 ὧν
887 4069 998 4144 ἐγώ
1051 4090 1138 4126 συι
1193 4070 1447 4145 πρόξενος
1500 4072 1743 4145 γίνομαι.
1792 4074 1975 4128 Ταῦτα

325 4158 489 4216 εἷ’πὼν
545 4160 637 4214 καὶ
696 4161 890 4233 μικρόν
949 4180 1003 4214 τι
1059 4158 1192 4232 ξέειν
1250 4161 1677 4234 πνραχωρήσας,
1719 4161 1831 4216 εἶτα
1874 4167 1976 4231 τῆς

322 4250 595 4325 τιμωρίας
637 4247 928 4317 ἐπαύσατο,
979 4249 1082 4304 οὐκ
1135 4247 1195 4305 ἐκ
1250 4248 1680 4327 φιλανθρωπίας,
1728 4248 1875 4307 ἀλλὰ
1921 4250 1972 4322 ἐξ

323 4338 577 4413 ἀπορίας,
609 4337 887 4416 ἀπογνοὺς
918 4334 1100 4413 ὥσπερ
1150 4338 1250 4406 τήν
1291 4342 1402 4393 τῶν
1450 4338 1618 4413 ἁγίων
1670 4340 1973 4411 μετάθεσιν.

324 4428 422 4481 Διὰ
454 4424 521 4496 δὴ
559 4431 747 4495 ταῦτα,
798 4426 889 4482 καὶ
947 4427 1024 4489 εἷς
1062 4427 1300 4501 φρουρὰν
1357 4427 1452 4500 μὶν
1509 4447 1601 4483 τον
1648 4430 1972 4501 Κυπριανὸν,

2007 3134 2057 3203 C

2087 1927 2328 1985 mabat:
2382 1927 2577 1984 Gloria
2635 1926 2761 1994 tibi,
2820 1926 2998 1995 Deus,
3031 1925 3133 1997 qui
3192 1940 3306 1993 me,
3351 1941 3485 1981 cum
3544 1941 3735 1982 essem

2086 2017 2351 2090 indigna,
2400 2017 2503 2072 tibi
2564 2014 2752 2072 fecisti
2809 2015 3169 2081 familiarem,
3201 2019 3260 2070 et
3307 2014 3543 2084 dignam
3596 2030 3734 2070 cen-

2084 2109 2278 2176 suisti,
2312 2112 2377 2165 ut
2408 2125 2510 2180 pro
2542 2112 2646 2164 tuo
2676 2112 2908 2180 paterer
2952 2107 3207 2162 nomine.
3241 2106 3311 2161 Et
3358 2107 3443 2162 sic
3483 2107 3732 2177 patiens,

2086 2199 2231 2256 adeo
2260 2214 2324 2255 se
2344 2197 2569 2254 fortiter
2591 2198 2789 2269 gessit,
2813 2199 2879 2253 ut
2909 2196 3053 2252 nihil
3079 2196 3410 2252 ostenderet
3429 2195 3730 2267 ignavum,

2084 2293 2189 2345 aut
2213 2286 2487 2344 muliebri
2517 2290 2574 2343 et
2601 2285 2905 2343 imbecilla
2936 2289 3156 2342 natura
3197 2285 3547 2341 conveniens
3582 2300 3595 2338 :
3630 2283 3732 2356 qui

2084 2381 2278 2434 autem
2326 2375 2729 2446 verberabant,
2790 2375 3200 2432 deﬁcientibus
3257 2374 3342 2431 eis
3398 2373 3642 2440 viribus,
3698 2390 3734 2429 a

2085 2467 2395 2524 tormentis
2450 2469 2841 2521 cessaverunt.
2870 2465 3115 2520 Divinus
3144 2468 3340 2519 autem
3385 2464 3732 2534 Cyprianus,

2084 2571 2218 2612 cum
2260 2572 2324 2612 os
2348 2556 2477 2625 ejus
2535 2555 2871 2621 caederetur,
2912 2554 3083 2625 plane
3138 2556 3265 2609 erat
3296 2568 3509 2623 magno
3548 2558 3605 2608 et
3634 2568 3732 2608 ex-

2083 2645 2240 2703 celso
2271 2644 2489 2712 animo,
2520 2660 2625 2699 nec
2655 2642 2843 2714 frangi
2893 2648 2996 2698 aut
3037 2641 3205 2712 dejici
3241 2645 3480 2712 poterat,
3512 2641 3733 2697 viriles-

2085 2750 2201 2807 que
2230 2741 2287 2790 et
2319 2733 2521 2789 beatas
2550 2732 2696 2788 tales
2735 2731 2943 2787 edebat
2970 2747 3160 2799 voces,
3194 2738 3254 2785 ut
3295 2730 3600 2786 audientes
3632 2746 3732 2786 eos

2085 2824 2186 2893 qui
2233 2821 2762 2887 circumsistebant,
2795 2820 2865 2875 ad
2910 2835 2973 2876 se
2994 2820 3307 2876 attraheret
3336 2824 3394 2875 et
3439 2819 3512 2874 ab
3546 2819 3732 2874 incre-

2084 2911 2353 2967 dulitatis
2393 2911 2678 2983 profundo
2727 2909 2995 2981 eriperet.
3028 2908 3271 2965 Dicebat
3309 2908 3466 2964 enim
3506 2906 3729 2976 comiti,

2086 3015 2298 3069 magno
2330 3005 2386 3055 et
2414 3014 2697 3070 generoso
2726 2997 2941 3064 animo,
2971 2997 3314 3069 ingentique
3346 2996 3555 3067 spiritu
3595 3011 3731 3052 eum

2087 3090 2358 3147 intuens:
2393 3088 2507 3144 Cur
2552 3104 2614 3143 es
2646 3088 2789 3144 adeo
2819 3093 3020 3143 emota
3050 3086 3285 3155 mentis,
3322 3085 3576 3157 indignis
3620 3084 3732 3141 sci-

2086 3178 2222 3236 licet
2273 3193 2453 3250 regno
2528 3176 2807 3234 ccslorum
2856 3192 2959 3248 pro
3016 3191 3132 3247 quo
3193 3191 3300 3247 ego
3351 3174 3551 3230 omnia
3610 3174 3729 3247 pati

2085 3269 2285 3334 statui,
2317 3271 2383 3323 ut
2413 3266 2500 3323 tui
2531 3276 2762 3337 quoque
2791 3268 2933 3321 sunt
2961 3269 3161 3335 testes,
3196 3263 3296 3336 qui
3346 3279 3463 3319 non
3512 3262 3729 3331 vident,

2085 3357 2237 3415 oculi
2267 3356 2295 3412 ?
2322 3356 2449 3413 Non
2481 3355 2787 3425 respicies,
2824 3370 2938 3410 non
2981 3369 3315 3425 cognosces,
3352 3369 3621 3425 quasnam
3651 3355 3732 3410 sit

2084 3462 2221 3505 vera
2246 3446 2348 3503 lux
2381 3462 2394 3501 :
2437 3448 2493 3502 et
2514 3444 2735 3501 relictis
2766 3442 3048 3515 tenebris,
3088 3444 3159 3499 ad
3191 3442 3379 3513 ipsam
3410 3442 3733 3499 transibis?

2154 3626 2352 3684 XXIV.
2395 3630 2637 3698 Propter
2691 3624 2815 3682 hac
2872 3640 3068 3681 comes
3125 3623 3194 3680 ad
3272 3625 3730 3694 unumquodque

2084 3731 2285 3773 eorum
2336 3732 2464 3787 quae
2530 3714 2887 3780 dicebantur,
2933 3714 3255 3785 graviorem
3317 3713 3370 3768 ei
3419 3712 3732 3785 imponens

2082 3812 2338 3869 dolorem
2374 3830 2386 3868 :
2420 3812 2499 3879 Si,
2534 3811 2745 3883 inquit,
2770 3811 2876 3867 tibi
2907 3810 3102 3865 videor
3125 3809 3453 3866 immortale
3486 3824 3731 3879 regnum

2083 3901 2411 3970 conciliare,
2437 3900 2547 3957 tibi
2587 3900 2937 3972 supplicium
2978 3899 3170 3955 adhuc
3220 3897 3641 3971 multiplicabo.
3676 3903 3734 3953 et

2084 3992 2322 4047 omnino
2354 3991 2495 4045 mihi
2530 3989 2771 4045 habebis
2802 3988 3053 4061 gratiam
3101 3993 3336 4060 propter
3376 3987 3729 4042 beneficium

2083 4087 2141 4137 et
2170 4081 2475 4137 commoda
2504 4094 2753 4150 quorum
2784 4094 2891 4151 ego
2916 4094 3046 4135 sum
3070 4078 3177 4133 tibi
3209 4076 3564 4134 conciliator.
3598 4076 3728 4131 Ilaec

2084 4186 2216 4227 cum
2246 4169 2510 4238 dixisset,
2541 4172 2599 4225 et
2627 4167 2817 4224 adhuc
2841 4167 3145 4240 paululum
3176 4182 3310 4223 eum
3329 4166 3472 4222 caedi
3492 4180 3727 4222 conces-

2082 4258 2278 4327 sisset,
2311 4258 2523 4314 deinde
2579 4257 2831 4314 cessavit
2878 4256 3157 4323 cruciare,
3184 4271 3299 4311 non
3351 4269 3419 4310 ex
3459 4253 3730 4310 humani.

2084 4352 2222 4413 tate,
2255 4348 2352 4404 sed
2413 4348 2569 4420 quod
2609 4348 2780 4419 inops
2828 4349 2982 4403 esset
3010 4343 3258 4411 consilii,
3293 4347 3355 4399 ut
3381 4346 3483 4416 qui
3527 4344 3722 4414 despe-

2083 4440 2273 4493 rasset
2314 4435 2438 4492 ﬁeri
2488 4450 2673 4506 posse,
2706 4438 2793 4503 ut,
2837 4434 3019 4491 sancti
3070 4436 3449 4488 mutarentur.
3489 4432 3730 4503 Propter

325 4516 616 4576 Ἰουστίναν
658 4516 717 4572 δὲ
773 4516 850 4579 εἷς
906 4517 969 4573 τὸ
1016 4524 1118 4587 τῆς
1185 4517 1507 4592 Τερεντίνης
1572 4519 1621 4556 θ’
1679 4517 1972 4594 λεγόμενον

2088 4525 2209 4581 haec
2267 4524 2325 4580 in
2375 4540 2663 4583 carcerem
2720 4523 2954 4595 quidem
3013 4522 3391 4596 Cyprianum,
3434 4520 3728 4578 Justinam

323 4608 739 4681 φροντιστήριον
767 4604 1088 4685 ἀπαχθῆναι
1135 4608 1480 4680 προστάττει·
1533 4604 1683 4669 αὖθις
1736 4605 1793 4662 δὲ
1843 4608 1978 4681 μετὰ

324 4696 521 4772 χρόνον
562 4695 628 4751 ού
680 4693 1063 4768 πολυήμερον,
1117 4694 1194 4757 εἰς
1236 4693 1469 4763 ἐξέτασιν
1512 4692 1760 4770 δευτέραν
1809 4715 1980 4771 παρα-

323 4783 658 4857 στησάμενος
717 4783 846 4841 τοὺς
904 4785 1116 4860 ἁγίους,
1194 4784 1477 4859 πραότητά
1527 4805 1585 4839 τε
1642 4785 1974 4861 ὑποκριθείς·

324 4876 419 4944 Μή
454 4872 744 4945 θελήσητε,
794 4869 921 4952 ἔφη,
973 4874 1243 4948 ἀνθρώπῳ
1282 4876 1330 4911 ⁷ο
1364 4878 1617 4938 τεθνεῶτι
1666 4873 1976 4946 ἀκολουθῆ-

324 4984 436 5035 σαι,
471 4960 613 5037 μηδὲ
654 4966 937 5019 πιστεῦσαι
983 4966 1065 5034 τῷ
1114 4961 1544 5037 τεθανατωμένῳ
1584 4962 1652 5018 τὰ
1689 4969 1789 5034 τῆς
1840 4966 1979 5037 ὑμε-

322 5048 480 5126 τπρας
531 5058 700 5123 ζωῆς·
760 5050 822 5107 ού
880 5052 985 5127 γὰρ
1046 5048 1323 5121 ζωοδότης
1381 5052 1595 5114 πάντως
1653 5053 1681 5108 6
1732 5051 1874 5126 μηδὲ
1928 5057 1973 5095 ἠ

323 5143 501 5214 δαυτῷ
550 5140 800 5213 δυνηθεὶς
856 5140 1184 5218 ἰπαρκέσαι,
1227 5144 1315 5198 καὶ
1366 5143 1464 5212 τήν
1524 5142 1724 5200 οἰκείαν
1786 5148 1971 5222 ψυχὴν

324 5233 752 5307 περισώσασθαι.

396 5320 525 5377 ΚΕ’.
557 5322 673 5391 Τήν
718 5320 1022 5397 περαίνεσιν
1070 5324 1273 5393 ταύτην
1316 5321 1369 5379 οἱ
1400 5324 1545 5401 ἅγιοι
1592 5324 1670 5388 ὡς
1716 5328 1975 5401 περιττὴν

394 5511 446 5587 5?
475 5511 573 5581 τὴν
604 5507 853 5587 καρδίαν,
884 5513 950 5571 Β.

1053 5513 1100 5548 ⁸⁸
1130 5510 1438 5585 ἄληθεινὸς,
1488 5515 1552 5573 Β.

321 5583 373 5620 ⁸³
415 5584 518 5639 ὑπο
529 5583 813 5657 μνήσκειν,
848 5587 908 5641 Β.

1005 5585 1054 5621 ιι
1081 5586 1216 5659 ad_d.
1261 5585 1480 5659 μξνηιειτ
1513 5587 1579 5644 c.
1608 5587 1669 5644 F.

1665 5514 1713 5551 ⁶¹
1772 5519 1960 5594 ροεεζ.
2010 5520 2076 5587 Β,
2134 5525 2308 5593 recte,
2353 5520 2604 5594 mimihi
2634 5522 2887 5594 Aquidem
2930 5520 3160 5594 videtur

1773 5588 1821 5662 ἥδ
1847 5588 2139 5662 ξεώμενος,
2172 5598 2237 5650 Β.

2084 4618 2277 4671 autem
2320 4614 2490 4685 jubet
2536 4613 2745 4671 adduci
2793 4613 2854 4670 in
2899 4610 3242 4680 Terentina,
3284 4611 3440 4683 quod
3491 4608 3727 4676 dicitur,

2085 4704 2529 4760 monasterium.
2601 4703 2829 4759 Rursus
2886 4706 3083 4759 autem
3137 4708 3270 4773 post
3327 4704 3559 4771 tempus
3610 4713 3727 4755 non

2085 4794 2405 4850 multorum
2434 4792 2687 4860 dierum,
2719 4808 2851 4848 cum
2885 4800 3118 4849 sanctos
3151 4792 3221 4847 ad
3255 4790 3564 4847 secundam
3591 4803 3726 4859 pro-

2084 4882 2347 4940 duxisset
2401 4881 2915 4949 examinationem,
2973 4881 3264 4938 simulans
3321 4877 3727 4935 mansuetudi-

2085 4988 2268 5029 nem:
2328 4972 2539 5042 Nolite,
2584 4972 2799 5044 inquit,
2849 4972 3014 5044 sequi
3064 4973 3355 5028 hominem
3405 4972 3725 5033 mortuum,

2086 5077 2279 5134 neque
2314 5066 2499 5119 morte
2539 5062 2745 5119 affecto
2792 5066 3046 5118 vestram
3079 5061 3253 5117 fidem
3300 5058 3555 5117 credere.
3598 5055 3725 5113 Non

2084 5156 2174 5209 est
2203 5151 2359 5207 enim
2390 5151 2629 5209 omnino
2674 5151 2805 5207 vita
2836 5151 3025 5217 dator,
3058 5150 3156 5221 qui
3205 5165 3277 5206 ne
3324 5148 3437 5206 sibi
3484 5145 3725 5219 quidem

2084 5242 2277 5314 potuit
2305 5256 2475 5314 opem
2505 5241 2677 5311 ferre,
2708 5244 2766 5298 et
2793 5255 2964 5297 suam
2995 5254 3224 5296 servare
3255 5238 3534 5296 animam.

2153 5329 2322 5389 XXV.
2384 5329 2546 5389 Hanc
2610 5329 3069 5388 admonitionem
3130 5331 3471 5402 reputantes
3533 5324 3724 5385 sancti

3284 5520 3332 5556 ⁸³
3368 5517 3610 5590 κάαείνη,
3660 5521 3726 5578 Β.

2350 5594 2395 5630 ⁸⁸
2424 5588 2761 5669 ἀνδριώδὲις,
2794 5595 2854 5649 Β.
2957 5593 3002 5629 ⁸⁷
3034 5591 3333 5665 ἀπιστείας,
3364 5593 3428 5650 Β.
3531 5588 3583 5629 ⁵⁸⁷
3606 5590 3727 5647 ἐπι-

322 5652 539 5728 τηθεξς,’
563 5652 632 5712 Β,’
715 5652 765 5688 ιθ
783 5654 1112 5730 Τερεντίνος,
1148 5657 1211 5714 Β.
1261 5652 1337 5693 ’⁷ο
1363 5652 1419 5711 ὧ
1450 5656 1747 5734 ἅνθρωποι,
1782 5652 1869 5717 BI
1919 5652 1967 5697 τί
2005 5652 2198 5736 μή,’Β.

642 5786 910 5846 ΡΑτιιοι.
958 5785 1065 5845 GR.
1114 5785 1283 5846 CXV.

3328 5790 3406 5855 28
