  <div class='ocr_page' id='page_1' title='image "/cluster/home/n/w/nwhite01/storage/ocr_20150623/115/hvd.32044073502262/443.png"; bbox 0 0 4094 6230; ppageno 0'>
   <div class='ocr_carea' id='block_1_1' title="bbox 404 356 526 421">
    <p class='ocr_par' dir='ltr' id='par_1_1' title="bbox 404 356 526 421">
     <span class='ocr_line' id='line_1_1' title="bbox 404 356 526 421; baseline 0 -1"><span class='ocrx_word' id='word_1_1' title='bbox 404 356 526 421; x_wconf 82' lang='lat'>875</span> 
     </span>
    </p>
   </div>
   <div class='ocr_carea' id='block_1_2' title="bbox 1710 359 2523 422">
    <p class='ocr_par' dir='ltr' id='par_1_2' title="bbox 1710 359 2523 422">
     <span class='ocr_line' id='line_1_2' title="bbox 1710 359 2523 422; baseline -0.001 -1"><span class='ocrx_word' id='word_1_2' title='bbox 1710 360 1990 422; x_wconf 77' lang='lat' dir='ltr'><strong>MENSIS</strong></span> <span class='ocrx_word' id='word_1_3' title='bbox 2036 359 2523 422; x_wconf 78' lang='lat' dir='ltr'>SEPTEMBEII.</span> 
     </span>
    </p>
   </div>
   <div class='ocr_carea' id='block_1_3' title="bbox 3702 349 3828 411">
    <p class='ocr_par' dir='ltr' id='par_1_3' title="bbox 3702 349 3828 411">
     <span class='ocr_line' id='line_1_3' title="bbox 3702 349 3828 411; baseline 0.016 -2"><span class='ocrx_word' id='word_1_4' title='bbox 3702 349 3828 411; x_wconf 86' lang='lat'>876</span> 
     </span>
    </p>
   </div>
   <div class='ocr_carea' id='block_1_4' title="bbox 407 507 2045 594">
    <p class='ocr_par' dir='ltr' id='par_1_4' title="bbox 407 521 2045 594">
     <span class='ocr_line' id='line_1_4' title="bbox 407 521 2045 594; baseline -0.002 -15"><span class='ocrx_word' id='word_1_5' title='bbox 407 535 900 594; x_wconf 81' lang='lat' dir='ltr'>supervacaneam</span> <span class='ocrx_word' id='word_1_6' title='bbox 933 524 990 578; x_wconf 90' lang='lat' dir='ltr'>et</span> <span class='ocrx_word' id='word_1_7' title='bbox 1021 521 1286 591; x_wconf 80' lang='lat' dir='ltr'>stultam,</span> <span class='ocrx_word' id='word_1_8' title='bbox 1321 521 1439 578; x_wconf 91' lang='lat' dir='ltr'>imo</span> <span class='ocrx_word' id='word_1_9' title='bbox 1470 537 1605 579; x_wconf 90' lang='lat' dir='ltr'>vero</span> <span class='ocrx_word' id='word_1_10' title='bbox 1638 521 1965 592; x_wconf 84' lang='lat' dir='ltr'>improbam</span> <span class='ocrx_word' id='word_1_11' title='bbox 1996 525 2045 578; x_wconf 84' lang='lat' dir='ltr'>et</span> 
     </span>
    </p>
   </div>
   <div class='ocr_carea' id='block_1_5' title="bbox 2163 507 3825 594">
    <p class='ocr_par' dir='ltr' id='par_1_5' title="bbox 2163 507 3825 592">
     <span class='ocr_line' id='line_1_5' title="bbox 2163 507 3825 592; baseline -0.006 -17"><span class='ocrx_word' id='word_1_12' title='bbox 2163 520 2251 575; x_wconf 83' lang='grc' dir='ltr'>καὶ</span> <span class='ocrx_word' id='word_1_13' title='bbox 2292 520 2571 587; x_wconf 82' lang='grc' dir='ltr'>ἀσύνετον,</span> <span class='ocrx_word' id='word_1_14' title='bbox 2625 516 2837 592; x_wconf 73' lang='grc' dir='ltr'>μᾶλλον</span> <span class='ocrx_word' id='word_1_15' title='bbox 2903 514 2961 572; x_wconf 78' lang='grc' dir='ltr'>δὶ</span> <span class='ocrx_word' id='word_1_16' title='bbox 3025 518 3329 591; x_wconf 75' lang='grc' dir='ltr'>κακοῦργον</span> <span class='ocrx_word' id='word_1_17' title='bbox 3384 514 3475 569; x_wconf 83' lang='grc' dir='ltr'>γαὶ</span> <span class='ocrx_word' id='word_1_18' title='bbox 3539 507 3825 589; x_wconf 76' lang='grc' dir='ltr'>βλαϐερὰν</span> 
     </span>
    </p>
   </div>
   <div class='ocr_carea' id='block_1_6' title="bbox 402 612 2048 683">
    <p class='ocr_par' dir='ltr' id='par_1_6' title="bbox 402 612 2048 683">
     <span class='ocr_line' id='line_1_6' title="bbox 402 612 2048 683; baseline -0.001 -14"><span class='ocrx_word' id='word_1_19' title='bbox 402 612 660 683; x_wconf 86' lang='lat' dir='ltr'>noxiam,</span> <span class='ocrx_word' id='word_1_20' title='bbox 694 613 778 669; x_wconf 89' lang='lat' dir='ltr'>sic</span> <span class='ocrx_word' id='word_1_21' title='bbox 817 613 1091 669; x_wconf 88' lang='lat' dir='ltr'>dixerunt</span> <span class='ocrx_word' id='word_1_22' title='bbox 1119 612 1317 669; x_wconf 89' lang='lat' dir='ltr'>comiti</span> <span class='ocrx_word' id='word_1_23' title='bbox 1352 631 1364 667; x_wconf 88' lang='lat'><strong>:</strong></span> <span class='ocrx_word' id='word_1_24' title='bbox 1399 612 1544 677; x_wconf 90' lang='lat' dir='ltr'>Quid</span> <span class='ocrx_word' id='word_1_25' title='bbox 1577 628 1709 669; x_wconf 91' lang='lat' dir='ltr'>vero</span> <span class='ocrx_word' id='word_1_26' title='bbox 1742 616 1823 679; x_wconf 92' lang='lat' dir='ltr'>tu,</span> <span class='ocrx_word' id='word_1_27' title='bbox 1858 614 1956 683; x_wconf 89' lang='lat' dir='ltr'>qui</span> <span class='ocrx_word' id='word_1_28' title='bbox 1985 628 2048 667; x_wconf 88' lang='lat' dir='ltr'>es</span> 
     </span>
    </p>
   </div>
   <div class='ocr_carea' id='block_1_7' title="bbox 400 702 2049 775">
    <p class='ocr_par' dir='ltr' id='par_1_7' title="bbox 400 702 2049 775">
     <span class='ocr_line' id='line_1_7' title="bbox 400 702 2049 775; baseline -0.001 -15"><span class='ocrx_word' id='word_1_29' title='bbox 400 708 521 760; x_wconf 86' lang='lat' dir='ltr'>tam</span> <span class='ocrx_word' id='word_1_30' title='bbox 548 708 717 760; x_wconf 91' lang='lat' dir='ltr'>acuto</span> <span class='ocrx_word' id='word_1_31' title='bbox 746 708 803 760; x_wconf 83' lang='lat' dir='ltr'>et</span> <span class='ocrx_word' id='word_1_32' title='bbox 833 704 1037 759; x_wconf 90' lang='lat' dir='ltr'>subtili</span> <span class='ocrx_word' id='word_1_33' title='bbox 1085 704 1320 775; x_wconf 87' lang='lat' dir='ltr'>ingenio</span> <span class='ocrx_word' id='word_1_34' title='bbox 1352 704 1379 757; x_wconf 86' lang='lat'><strong>?</strong></span> <span class='ocrx_word' id='word_1_35' title='bbox 1408 704 1531 758; x_wconf 90' lang='lat' dir='ltr'>Non</span> <span class='ocrx_word' id='word_1_36' title='bbox 1580 702 1858 768; x_wconf 80' lang='lat' dir='ltr'>didicisti,</span> <span class='ocrx_word' id='word_1_37' title='bbox 1893 703 2049 773; x_wconf 88' lang='lat' dir='ltr'>quod</span> 
     </span>
    </p>
   </div>
   <div class='ocr_carea' id='block_1_8' title="bbox 401 790 2052 865">
    <p class='ocr_par' dir='ltr' id='par_1_8' title="bbox 401 790 2052 865">
     <span class='ocr_line' id='line_1_8' title="bbox 401 790 2052 865; baseline -0.002 -16"><span class='ocrx_word' id='word_1_38' title='bbox 401 794 619 865; x_wconf 84' lang='lat' dir='ltr'>absque</span> <span class='ocrx_word' id='word_1_39' title='bbox 650 798 835 850; x_wconf 88' lang='lat' dir='ltr'>morte</span> <span class='ocrx_word' id='word_1_40' title='bbox 857 810 971 849; x_wconf 91' lang='lat' dir='ltr'>non</span> <span class='ocrx_word' id='word_1_41' title='bbox 1004 792 1223 850; x_wconf 87' lang='lat' dir='ltr'>accedit</span> <span class='ocrx_word' id='word_1_42' title='bbox 1244 791 1657 848; x_wconf 84' lang='lat' dir='ltr'>immortalitas</span> <span class='ocrx_word' id='word_1_43' title='bbox 1685 792 1712 846; x_wconf 84' lang='lat'><strong>?</strong></span> <span class='ocrx_word' id='word_1_44' title='bbox 1742 792 1856 846; x_wconf 91' lang='lat' dir='ltr'>Nec</span> <span class='ocrx_word' id='word_1_45' title='bbox 1878 790 2052 847; x_wconf 89' lang='lat' dir='ltr'>intel-</span> 
     </span>
    </p>
   </div>
   <div class='ocr_carea' id='block_1_9' title="bbox 402 880 2055 953">
    <p class='ocr_par' dir='ltr' id='par_1_9' title="bbox 402 880 2055 953">
     <span class='ocr_line' id='line_1_9' title="bbox 402 880 2055 953; baseline -0.001 -16"><span class='ocrx_word' id='word_1_46' title='bbox 402 882 594 939; x_wconf 86' lang='lat' dir='ltr'>lexisti</span> <span class='ocrx_word' id='word_1_47' title='bbox 626 884 923 953; x_wconf 87' lang='lat' dir='ltr'><strong>quodnam</strong></span> <span class='ocrx_word' id='word_1_48' title='bbox 955 883 1030 937; x_wconf 89' lang='lat' dir='ltr'>sit</span> <span class='ocrx_word' id='word_1_49' title='bbox 1062 881 1403 953; x_wconf 84' lang='lat' dir='ltr'>mysterium</span> <span class='ocrx_word' id='word_1_50' title='bbox 1427 882 1575 952; x_wconf 84' lang='lat' dir='ltr'>ejus,</span> <span class='ocrx_word' id='word_1_51' title='bbox 1608 881 1706 952; x_wconf 90' lang='lat' dir='ltr'>qui</span> <span class='ocrx_word' id='word_1_52' title='bbox 1745 880 1880 937; x_wconf 81' lang='lat' dir='ltr'>vicit</span> <span class='ocrx_word' id='word_1_53' title='bbox 1906 896 2055 935; x_wconf 90' lang='lat' dir='ltr'>mor-</span> 
     </span>
    </p>
   </div>
   <div class='ocr_carea' id='block_1_10' title="bbox 404 970 2054 1031">
    <p class='ocr_par' dir='ltr' id='par_1_10' title="bbox 404 970 2054 1031">
     <span class='ocr_line' id='line_1_10' title="bbox 404 970 2054 1031; baseline -0.001 -4"><span class='ocrx_word' id='word_1_54' title='bbox 404 977 523 1028; x_wconf 85' lang='lat' dir='ltr'>tem</span> <span class='ocrx_word' id='word_1_55' title='bbox 558 979 739 1028; x_wconf 89' lang='lat' dir='ltr'>morte</span> <span class='ocrx_word' id='word_1_56' title='bbox 770 972 949 1027; x_wconf 91' lang='lat' dir='ltr'>trium</span> <span class='ocrx_word' id='word_1_57' title='bbox 983 972 1209 1027; x_wconf 92' lang='lat' dir='ltr'>dierum</span> <span class='ocrx_word' id='word_1_58' title='bbox 1236 971 1264 1025; x_wconf 76' lang='lat' dir='ltr'><strong>‘I</strong></span> <span class='ocrx_word' id='word_1_59' title='bbox 1293 972 1400 1027; x_wconf 90' lang='lat' dir='ltr'>Sed</span> <span class='ocrx_word' id='word_1_60' title='bbox 1433 975 1493 1025; x_wconf 93' lang='lat' dir='ltr'>tu</span> <span class='ocrx_word' id='word_1_61' title='bbox 1527 986 1587 1026; x_wconf 86' lang='lat' dir='ltr'>es</span> <span class='ocrx_word' id='word_1_62' title='bbox 1619 986 1821 1025; x_wconf 84' lang='lat' dir='ltr'>revera</span> <span class='ocrx_word' id='word_1_63' title='bbox 1859 970 2054 1031; x_wconf 85' lang='lat' dir='ltr'>hebeti</span> 
     </span>
    </p>
   </div>
   <div class='ocr_carea' id='block_1_11' title="bbox 404 1062 2057 1136">
    <p class='ocr_par' dir='ltr' id='par_1_11' title="bbox 404 1062 2057 1136">
     <span class='ocr_line' id='line_1_11' title="bbox 404 1062 2057 1136; baseline -0.001 -18"><span class='ocrx_word' id='word_1_64' title='bbox 404 1068 463 1119; x_wconf 87' lang='lat' dir='ltr'>et</span> <span class='ocrx_word' id='word_1_65' title='bbox 494 1064 701 1121; x_wconf 88' lang='lat' dir='ltr'>obtuso</span> <span class='ocrx_word' id='word_1_66' title='bbox 734 1064 968 1136; x_wconf 87' lang='lat' dir='ltr'>ingenio</span> <span class='ocrx_word' id='word_1_67' title='bbox 1017 1064 1171 1119; x_wconf 90' lang='lat' dir='ltr'>circa</span> <span class='ocrx_word' id='word_1_68' title='bbox 1202 1079 1291 1118; x_wconf 90' lang='lat' dir='ltr'>res</span> <span class='ocrx_word' id='word_1_69' title='bbox 1339 1078 1583 1135; x_wconf 89' lang='lat' dir='ltr'>magnas</span> <span class='ocrx_word' id='word_1_70' title='bbox 1630 1067 1687 1118; x_wconf 91' lang='lat' dir='ltr'>et</span> <span class='ocrx_word' id='word_1_71' title='bbox 1737 1062 1955 1118; x_wconf 87' lang='lat' dir='ltr'>utiles:</span> <span class='ocrx_word' id='word_1_72' title='bbox 1998 1066 2057 1118; x_wconf 91' lang='lat' dir='ltr'>et</span> 
     </span>
    </p>
   </div>
   <div class='ocr_carea' id='block_1_12' title="bbox 404 1150 2053 1223">
    <p class='ocr_par' dir='ltr' id='par_1_12' title="bbox 404 1150 2053 1223">
     <span class='ocr_line' id='line_1_12' title="bbox 404 1150 2053 1223; baseline 0 -16"><span class='ocrx_word' id='word_1_73' title='bbox 404 1153 534 1208; x_wconf 91' lang='lat' dir='ltr'>ideo</span> <span class='ocrx_word' id='word_1_74' title='bbox 566 1154 769 1208; x_wconf 90' lang='lat' dir='ltr'>videns</span> <span class='ocrx_word' id='word_1_75' title='bbox 803 1169 917 1207; x_wconf 93' lang='lat' dir='ltr'>non</span> <span class='ocrx_word' id='word_1_76' title='bbox 939 1152 1185 1219; x_wconf 89' lang='lat' dir='ltr'>videbis,</span> <span class='ocrx_word' id='word_1_77' title='bbox 1212 1156 1267 1207; x_wconf 90' lang='lat' dir='ltr'>et</span> <span class='ocrx_word' id='word_1_78' title='bbox 1298 1168 1431 1208; x_wconf 91' lang='lat' dir='ltr'>cum</span> <span class='ocrx_word' id='word_1_79' title='bbox 1467 1151 1549 1206; x_wconf 91' lang='lat' dir='ltr'>sis</span> <span class='ocrx_word' id='word_1_80' title='bbox 1586 1150 1893 1223; x_wconf 85' lang='lat' dir='ltr'>insipiens,</span> <span class='ocrx_word' id='word_1_81' title='bbox 1936 1167 2053 1207; x_wconf 92' lang='lat' dir='ltr'>non</span> 
     </span>
    </p>
   </div>
   <div class='ocr_carea' id='block_1_13' title="bbox 403 1240 2053 1313">
    <p class='ocr_par' dir='ltr' id='par_1_13' title="bbox 403 1240 2053 1313">
     <span class='ocr_line' id='line_1_13' title="bbox 403 1240 2053 1313; baseline 0 -16"><span class='ocrx_word' id='word_1_82' title='bbox 403 1241 717 1313; x_wconf 84' lang='lat' dir='ltr'>intelliges.</span> <span class='ocrx_word' id='word_1_83' title='bbox 751 1242 985 1312; x_wconf 87' lang='lat' dir='ltr'>Propter</span> <span class='ocrx_word' id='word_1_84' title='bbox 1033 1240 1155 1296; x_wconf 87' lang='lat' dir='ltr'>haec</span> <span class='ocrx_word' id='word_1_85' title='bbox 1203 1256 1399 1297; x_wconf 89' lang='lat' dir='ltr'>comes</span> <span class='ocrx_word' id='word_1_86' title='bbox 1443 1256 1512 1296; x_wconf 92' lang='lat' dir='ltr'>ne</span> <span class='ocrx_word' id='word_1_87' title='bbox 1564 1244 1895 1311; x_wconf 85' lang='lat' dir='ltr'>exspectato</span> <span class='ocrx_word' id='word_1_88' title='bbox 1924 1240 2053 1313; x_wconf 90' lang='lat' dir='ltr'>qui-</span> 
     </span>
    </p>
   </div>
   <div class='ocr_carea' id='block_1_14' title="bbox 404 1331 2055 1403">
    <p class='ocr_par' dir='ltr' id='par_1_14' title="bbox 404 1331 2055 1403">
     <span class='ocr_line' id='line_1_14' title="bbox 404 1331 2055 1403; baseline -0.001 -14"><span class='ocrx_word' id='word_1_89' title='bbox 404 1335 537 1390; x_wconf 89' lang='lat' dir='ltr'>dem</span> <span class='ocrx_word' id='word_1_90' title='bbox 570 1333 684 1389; x_wconf 82' lang='lat' dir='ltr'>ﬁne</span> <span class='ocrx_word' id='word_1_91' title='bbox 715 1333 1020 1397; x_wconf 86' lang='lat' dir='ltr'>orationis,</span> <span class='ocrx_word' id='word_1_92' title='bbox 1044 1332 1129 1387; x_wconf 88' lang='lat' dir='ltr'>ira</span> <span class='ocrx_word' id='word_1_93' title='bbox 1155 1331 1351 1388; x_wconf 89' lang='lat' dir='ltr'>statim</span> <span class='ocrx_word' id='word_1_94' title='bbox 1386 1332 1494 1387; x_wconf 89' lang='lat' dir='ltr'>fuit</span> <span class='ocrx_word' id='word_1_95' title='bbox 1525 1331 1802 1403; x_wconf 81' lang='lat' dir='ltr'>percitus,</span> <span class='ocrx_word' id='word_1_96' title='bbox 1834 1336 1891 1387; x_wconf 89' lang='lat' dir='ltr'>et</span> <span class='ocrx_word' id='word_1_97' title='bbox 1917 1331 2055 1387; x_wconf 78' lang='lat' dir='ltr'>ficta</span> 
     </span>
    </p>
   </div>
   <div class='ocr_carea' id='block_1_15' title="bbox 405 1420 2048 1479">
    <p class='ocr_par' dir='ltr' id='par_1_15' title="bbox 405 1420 2048 1479">
     <span class='ocr_line' id='line_1_15' title="bbox 405 1420 2048 1479; baseline -0.002 0"><span class='ocrx_word' id='word_1_98' title='bbox 405 1423 789 1479; x_wconf 89' lang='lat' dir='ltr'>mansuetudo</span> <span class='ocrx_word' id='word_1_99' title='bbox 824 1420 991 1477; x_wconf 80' lang='lat' dir='ltr'>facile</span> <span class='ocrx_word' id='word_1_100' title='bbox 1021 1426 1107 1477; x_wconf 88' lang='lat' dir='ltr'>est</span> <span class='ocrx_word' id='word_1_101' title='bbox 1135 1420 1444 1477; x_wconf 84' lang='lat' dir='ltr'>dissoluta.</span> <span class='ocrx_word' id='word_1_102' title='bbox 1474 1421 1635 1477; x_wconf 89' lang='lat' dir='ltr'>Unde</span> <span class='ocrx_word' id='word_1_103' title='bbox 1678 1421 1855 1476; x_wconf 88' lang='lat' dir='ltr'>etiam</span> <span class='ocrx_word' id='word_1_104' title='bbox 1891 1437 2048 1476; x_wconf 90' lang='lat' dir='ltr'>mar-</span> 
     </span>
    </p>
   </div>
   <div class='ocr_carea' id='block_1_16' title="bbox 407 1508 2051 1583">
    <p class='ocr_par' dir='ltr' id='par_1_16' title="bbox 407 1508 2051 1583">
     <span class='ocr_line' id='line_1_16' title="bbox 407 1508 2051 1583; baseline 0 -18"><span class='ocrx_word' id='word_1_105' title='bbox 407 1512 633 1583; x_wconf 81' lang='lat' dir='ltr'>tyribus</span> <span class='ocrx_word' id='word_1_106' title='bbox 664 1526 894 1581; x_wconf 83' lang='lat' dir='ltr'>gravem</span> <span class='ocrx_word' id='word_1_107' title='bbox 928 1510 1149 1581; x_wconf 88' lang='lat' dir='ltr'>paravit</span> <span class='ocrx_word' id='word_1_108' title='bbox 1189 1526 1442 1580; x_wconf 75' lang='lat' dir='ltr'>pmnam,</span> <span class='ocrx_word' id='word_1_109' title='bbox 1478 1509 1832 1581; x_wconf 86' lang='lat' dir='ltr'>sartaginem</span> <span class='ocrx_word' id='word_1_110' title='bbox 1884 1508 2051 1565; x_wconf 90' lang='lat' dir='ltr'>valde</span> 
     </span>
    </p>
   </div>
   <div class='ocr_carea' id='block_1_17' title="bbox 409 1599 1397 1672">
    <p class='ocr_par' dir='ltr' id='par_1_17' title="bbox 409 1599 1397 1672">
     <span class='ocr_line' id='line_1_17' title="bbox 409 1599 1397 1672; baseline -0.001 -16"><span class='ocrx_word' id='word_1_111' title='bbox 409 1616 711 1656; x_wconf 89' lang='lat' dir='ltr'>accensam</span> <span class='ocrx_word' id='word_1_112' title='bbox 737 1599 955 1672; x_wconf 86' lang='lat' dir='ltr'>jubens</span> <span class='ocrx_word' id='word_1_113' title='bbox 985 1615 1084 1655; x_wconf 90' lang='lat' dir='ltr'>eos</span> <span class='ocrx_word' id='word_1_114' title='bbox 1114 1599 1397 1671; x_wconf 81' lang='lat' dir='ltr'>excipere.</span> 
     </span>
    </p>
   </div>
   <div class='ocr_carea' id='block_1_18' title="bbox 477 1779 2053 1853">
    <p class='ocr_par' dir='ltr' id='par_1_18' title="bbox 477 1779 2053 1853">
     <span class='ocr_line' id='line_1_18' title="bbox 477 1779 2053 1853; baseline 0 -18"><span class='ocrx_word' id='word_1_115' title='bbox 477 1780 682 1835; x_wconf 84' lang='lat' dir='ltr'>XXVI.</span> <span class='ocrx_word' id='word_1_116' title='bbox 714 1781 859 1836; x_wconf 89' lang='lat' dir='ltr'>Cum</span> <span class='ocrx_word' id='word_1_117' title='bbox 904 1779 1136 1835; x_wconf 91' lang='lat' dir='ltr'>divinus</span> <span class='ocrx_word' id='word_1_118' title='bbox 1178 1796 1314 1853; x_wconf 91' lang='lat' dir='ltr'>ergo</span> <span class='ocrx_word' id='word_1_119' title='bbox 1362 1779 1683 1853; x_wconf 83' lang='lat' dir='ltr'>Cyprianus</span> <span class='ocrx_word' id='word_1_120' title='bbox 1717 1780 1879 1852; x_wconf 93' lang='lat' dir='ltr'>prius</span> <span class='ocrx_word' id='word_1_121' title='bbox 1916 1779 2053 1836; x_wconf 88' lang='lat' dir='ltr'>forti</span> 
     </span>
    </p>
   </div>
   <div class='ocr_carea' id='block_1_19' title="bbox 2166 602 3823 685">
    <p class='ocr_par' dir='ltr' id='par_1_19' title="bbox 2166 602 3823 685">
     <span class='ocr_line' id='line_1_19' title="bbox 2166 602 3823 685; baseline -0.007 -20"><span class='ocrx_word' id='word_1_122' title='bbox 2166 609 2547 685; x_wconf 81' lang='grc' dir='ltr'>λογισάμενοι,</span> <span class='ocrx_word' id='word_1_123' title='bbox 2614 607 2817 663; x_wconf 80' lang='grc' dir='ltr'>οὑτωσί</span> <span class='ocrx_word' id='word_1_124' title='bbox 2862 628 2981 669; x_wconf 87' lang='grc' dir='ltr'>πως</span> <span class='ocrx_word' id='word_1_125' title='bbox 3040 606 3176 677; x_wconf 86' lang='grc' dir='ltr'>πρὸς</span> <span class='ocrx_word' id='word_1_126' title='bbox 3224 607 3316 660; x_wconf 90' lang='grc' dir='ltr'>τὸν</span> <span class='ocrx_word' id='word_1_127' title='bbox 3370 605 3591 677; x_wconf 87' lang='grc' dir='ltr'>κόμητα</span> <span class='ocrx_word' id='word_1_128' title='bbox 3640 602 3823 658; x_wconf 80' lang='grc' dir='ltr'>εἶπον·</span> 
     </span>
    </p>
   </div>
   <div class='ocr_carea' id='block_1_20' title="bbox 2162 694 3824 771">
    <p class='ocr_par' dir='ltr' id='par_1_20' title="bbox 2162 694 3824 771">
     <span class='ocr_line' id='line_1_20' title="bbox 2162 694 3824 771; baseline -0.005 -14"><span class='ocrx_word' id='word_1_129' title='bbox 2162 702 2223 759; x_wconf 88' lang='grc' dir='ltr'>Τί</span> <span class='ocrx_word' id='word_1_130' title='bbox 2257 697 2333 771; x_wconf 73' lang='grc' dir='ltr'>δὲ,</span> <span class='ocrx_word' id='word_1_131' title='bbox 2366 703 2393 755; x_wconf 90' lang='lat'>6</span> <span class='ocrx_word' id='word_1_132' title='bbox 2434 699 2612 762; x_wconf 85' lang='grc' dir='ltr'>πολὺς</span> <span class='ocrx_word' id='word_1_133' title='bbox 2647 699 2708 754; x_wconf 74' lang='grc' dir='ltr'>σὺ</span> <span class='ocrx_word' id='word_1_134' title='bbox 2738 700 2837 769; x_wconf 77' lang='grc' dir='ltr'>τὴν</span> <span class='ocrx_word' id='word_1_135' title='bbox 2872 696 3112 753; x_wconf 81' lang='grc' dir='ltr'>διάνοιαν</span> <span class='ocrx_word' id='word_1_136' title='bbox 3158 697 3248 752; x_wconf 88' lang='grc' dir='ltr'>καὶ</span> <span class='ocrx_word' id='word_1_137' title='bbox 3296 696 3584 771; x_wconf 80' lang='grc' dir='ltr'>ἀγχίνους,</span> <span class='ocrx_word' id='word_1_138' title='bbox 3622 694 3689 749; x_wconf 84' lang='grc' dir='ltr'>οὗ</span> <span class='ocrx_word' id='word_1_139' title='bbox 3724 714 3824 766; x_wconf 58' lang='grc' dir='ltr'>μεθ</span> 
     </span>
    </p>
   </div>
   <div class='ocr_carea' id='block_1_21' title="bbox 2166 781 3824 863">
    <p class='ocr_par' dir='ltr' id='par_1_21' title="bbox 2166 781 3824 863">
     <span class='ocr_line' id='line_1_21' title="bbox 2166 781 3824 863; baseline -0.006 -18"><span class='ocrx_word' id='word_1_140' title='bbox 2166 791 2412 863; x_wconf 84' lang='grc' dir='ltr'>μάθηκας</span> <span class='ocrx_word' id='word_1_141' title='bbox 2446 790 2528 845; x_wconf 82' lang='grc' dir='ltr'>ὅτι</span> <span class='ocrx_word' id='word_1_142' title='bbox 2579 790 2805 844; x_wconf 86' lang='grc' dir='ltr'>θανάτου</span> <span class='ocrx_word' id='word_1_143' title='bbox 2851 788 3028 863; x_wconf 81' lang='grc' dir='ltr'>χωρὶς</span> <span class='ocrx_word' id='word_1_144' title='bbox 3079 786 3178 842; x_wconf 81' lang='grc' dir='ltr'>οὐκ</span> <span class='ocrx_word' id='word_1_145' title='bbox 3226 784 3523 860; x_wconf 84' lang='grc' dir='ltr'>ἐπιγίνεται</span> <span class='ocrx_word' id='word_1_146' title='bbox 3570 784 3631 839; x_wconf 86' lang='grc' dir='ltr'>τὸ</span> <span class='ocrx_word' id='word_1_147' title='bbox 3686 781 3824 846; x_wconf 82' lang='grc' dir='ltr'>ἀθά-</span> 
     </span>
    </p>
   </div>
   <div class='ocr_carea' id='block_1_22' title="bbox 2161 876 3825 950">
    <p class='ocr_par' dir='ltr' id='par_1_22' title="bbox 2161 876 3825 950">
     <span class='ocr_line' id='line_1_22' title="bbox 2161 876 3825 950; baseline -0.007 -15"><span class='ocrx_word' id='word_1_148' title='bbox 2161 899 2355 950; x_wconf 86' lang='grc' dir='ltr'>νατον;</span> <span class='ocrx_word' id='word_1_149' title='bbox 2390 876 2512 934; x_wconf 75' lang='grc' dir='ltr'>οὐδὲ</span> <span class='ocrx_word' id='word_1_150' title='bbox 2546 885 2781 948; x_wconf 82' lang='grc' dir='ltr'>συνῆκας</span> <span class='ocrx_word' id='word_1_151' title='bbox 2830 877 2881 932; x_wconf 89' lang='grc' dir='ltr'>τί</span> <span class='ocrx_word' id='word_1_152' title='bbox 2919 877 2980 932; x_wconf 86' lang='grc' dir='ltr'>τὸ</span> <span class='ocrx_word' id='word_1_153' title='bbox 3033 877 3335 950; x_wconf 87' lang='grc' dir='ltr'>μυστήριον</span> <span class='ocrx_word' id='word_1_154' title='bbox 3384 878 3482 928; x_wconf 82' lang='grc' dir='ltr'>τοῦ</span> <span class='ocrx_word' id='word_1_155' title='bbox 3529 878 3608 943; x_wconf 80' lang='grc' dir='ltr'>τῷ</span> <span class='ocrx_word' id='word_1_156' title='bbox 3653 893 3825 947; x_wconf 82' lang='grc' dir='ltr'>τριη-</span> 
     </span>
    </p>
   </div>
   <div class='ocr_carea' id='block_1_23' title="bbox 2167 961 3826 1043">
    <p class='ocr_par' dir='ltr' id='par_1_23' title="bbox 2167 961 3826 1043">
     <span class='ocr_line' id='line_1_23' title="bbox 2167 961 3826 1043; baseline -0.005 -19"><span class='ocrx_word' id='word_1_157' title='bbox 2167 969 2314 1043; x_wconf 87' lang='grc' dir='ltr'>μέρῳ</span> <span class='ocrx_word' id='word_1_158' title='bbox 2354 968 2562 1041; x_wconf 78' lang='grc' dir='ltr'>θανάτῳ</span> <span class='ocrx_word' id='word_1_159' title='bbox 2612 968 2962 1037; x_wconf 82' lang='grc' dir='ltr'>νενικηκότος</span> <span class='ocrx_word' id='word_1_160' title='bbox 3009 966 3100 1020; x_wconf 86' lang='grc' dir='ltr'>τὸν</span> <span class='ocrx_word' id='word_1_161' title='bbox 3142 963 3365 1020; x_wconf 89' lang='grc' dir='ltr'>θάνατον</span> <span class='ocrx_word' id='word_1_162' title='bbox 3416 964 3487 1031; x_wconf 76' lang='grc'>⁷³,</span> <span class='ocrx_word' id='word_1_163' title='bbox 3540 961 3671 1017; x_wconf 82' lang='grc' dir='ltr'>ἀλλ’</span> <span class='ocrx_word' id='word_1_164' title='bbox 3712 962 3826 1035; x_wconf 84' lang='grc' dir='ltr'>ἆμ-</span> 
     </span>
    </p>
   </div>
   <div class='ocr_carea' id='block_1_24' title="bbox 2163 1052 3825 1130">
    <p class='ocr_par' dir='ltr' id='par_1_24' title="bbox 2163 1052 3825 1130">
     <span class='ocr_line' id='line_1_24' title="bbox 2163 1052 3825 1130; baseline -0.004 -19"><span class='ocrx_word' id='word_1_165' title='bbox 2163 1054 2298 1119; x_wconf 78' lang='grc' dir='ltr'>6λὺς</span> <span class='ocrx_word' id='word_1_166' title='bbox 2355 1059 2417 1112; x_wconf 84' lang='grc' dir='ltr'>σὺ</span> <span class='ocrx_word' id='word_1_167' title='bbox 2465 1062 2544 1130; x_wconf 79' lang='grc' dir='ltr'>τῷ</span> <span class='ocrx_word' id='word_1_168' title='bbox 2590 1056 2706 1113; x_wconf 85' lang='grc' dir='ltr'>ὖντι</span> <span class='ocrx_word' id='word_1_169' title='bbox 2748 1057 2836 1111; x_wconf 89' lang='grc' dir='ltr'>καὶ</span> <span class='ocrx_word' id='word_1_170' title='bbox 2888 1054 3069 1130; x_wconf 82' lang='grc' dir='ltr'>παχὺς</span> <span class='ocrx_word' id='word_1_171' title='bbox 3116 1054 3215 1123; x_wconf 77' lang='grc' dir='ltr'>τὴν</span> <span class='ocrx_word' id='word_1_172' title='bbox 3275 1052 3511 1108; x_wconf 85' lang='grc' dir='ltr'>διάνοιαν</span> <span class='ocrx_word' id='word_1_173' title='bbox 3570 1052 3697 1125; x_wconf 86' lang='grc' dir='ltr'>περὶ</span> <span class='ocrx_word' id='word_1_174' title='bbox 3746 1052 3825 1107; x_wconf 78' lang='grc' dir='ltr'>τὰ</span> 
     </span>
    </p>
   </div>
   <div class='ocr_carea' id='block_1_25' title="bbox 2166 1140 3817 1221">
    <p class='ocr_par' dir='ltr' id='par_1_25' title="bbox 2166 1140 3817 1221">
     <span class='ocr_line' id='line_1_25' title="bbox 2166 1140 3817 1221; baseline -0.003 -19"><span class='ocrx_word' id='word_1_175' title='bbox 2166 1147 2374 1221; x_wconf 83' lang='grc' dir='ltr'>μεγάλα</span> <span class='ocrx_word' id='word_1_176' title='bbox 2429 1168 2489 1203; x_wconf 86' lang='grc' dir='ltr'>τε</span> <span class='ocrx_word' id='word_1_177' title='bbox 2534 1148 2623 1203; x_wconf 87' lang='grc' dir='ltr'>καὶ</span> <span class='ocrx_word' id='word_1_178' title='bbox 2672 1147 2911 1221; x_wconf 79' lang='grc' dir='ltr'>χρηστὰ,</span> <span class='ocrx_word' id='word_1_179' title='bbox 2968 1146 3057 1201; x_wconf 87' lang='grc' dir='ltr'>καὶ</span> <span class='ocrx_word' id='word_1_180' title='bbox 3110 1142 3202 1199; x_wconf 80' lang='grc' dir='ltr'>διὰ</span> <span class='ocrx_word' id='word_1_181' title='bbox 3252 1148 3414 1199; x_wconf 89' lang='grc' dir='ltr'>τοῦτο</span> <span class='ocrx_word' id='word_1_182' title='bbox 3471 1140 3689 1218; x_wconf 88' lang='grc' dir='ltr'>βλέπων</span> <span class='ocrx_word' id='word_1_183' title='bbox 3746 1142 3817 1197; x_wconf 83' lang='grc' dir='ltr'>οὐ</span> 
     </span>
    </p>
   </div>
   <div class='ocr_carea' id='block_1_26' title="bbox 2165 1231 3819 1314">
    <p class='ocr_par' dir='ltr' id='par_1_26' title="bbox 2165 1231 3819 1314">
     <span class='ocr_line' id='line_1_26' title="bbox 2165 1231 3819 1314; baseline -0.005 -21"><span class='ocrx_word' id='word_1_184' title='bbox 2165 1238 2408 1314; x_wconf 80' lang='grc' dir='ltr'>βΛέψεις,</span> <span class='ocrx_word' id='word_1_185' title='bbox 2448 1237 2537 1293; x_wconf 87' lang='grc' dir='ltr'>καὶ</span> <span class='ocrx_word' id='word_1_186' title='bbox 2588 1237 2846 1299; x_wconf 80' lang='grc' dir='ltr'>ἀσύνετος</span> <span class='ocrx_word' id='word_1_187' title='bbox 2893 1233 2967 1291; x_wconf 82' lang='grc' dir='ltr'>ὤν</span> <span class='ocrx_word' id='word_1_188' title='bbox 3019 1238 3063 1272; x_wconf 82' lang='grc'>⁷³</span> <span class='ocrx_word' id='word_1_189' title='bbox 3112 1234 3174 1289; x_wconf 83' lang='grc' dir='ltr'>ού</span> <span class='ocrx_word' id='word_1_190' title='bbox 3223 1235 3299 1308; x_wconf 82' lang='grc' dir='ltr'>μὴ</span> <span class='ocrx_word' id='word_1_191' title='bbox 3360 1234 3628 1304; x_wconf 88' lang='grc' dir='ltr'>συνήσεις.</span> <span class='ocrx_word' id='word_1_192' title='bbox 3691 1231 3819 1286; x_wconf 80' lang='grc' dir='ltr'>Ἐπί</span> 
     </span>
    </p>
   </div>
   <div class='ocr_carea' id='block_1_27' title="bbox 2160 1321 3823 1402">
    <p class='ocr_par' dir='ltr' id='par_1_27' title="bbox 2160 1321 3823 1402">
     <span class='ocr_line' id='line_1_27' title="bbox 2160 1321 3823 1402; baseline -0.004 -18"><span class='ocrx_word' id='word_1_193' title='bbox 2160 1329 2374 1392; x_wconf 84' lang='grc' dir='ltr'>τούτοις</span> <span class='ocrx_word' id='word_1_194' title='bbox 2406 1330 2434 1383; x_wconf 87' lang='lat'>6</span> <span class='ocrx_word' id='word_1_195' title='bbox 2465 1328 2665 1402; x_wconf 79' lang='grc' dir='ltr'>κόμης.</span> <span class='ocrx_word' id='word_1_196' title='bbox 2702 1325 2829 1384; x_wconf 73' lang='grc' dir='ltr'>οὐδὲ</span> <span class='ocrx_word' id='word_1_197' title='bbox 2859 1328 2919 1383; x_wconf 88' lang='grc' dir='ltr'>τὸ</span> <span class='ocrx_word' id='word_1_198' title='bbox 2958 1331 3066 1382; x_wconf 81' lang='grc' dir='ltr'>τῶν</span> <span class='ocrx_word' id='word_1_199' title='bbox 3100 1326 3277 1401; x_wconf 91' lang='grc' dir='ltr'>λόγων</span> <span class='ocrx_word' id='word_1_200' title='bbox 3308 1324 3592 1399; x_wconf 78' lang='grc' dir='ltr'>ἂναμείνας</span> <span class='ocrx_word' id='word_1_201' title='bbox 3629 1321 3823 1391; x_wconf 85' lang='grc' dir='ltr'>τέλος,</span> 
     </span>
    </p>
   </div>
   <div class='ocr_carea' id='block_1_28' title="bbox 2160 1412 3822 1494">
    <p class='ocr_par' dir='ltr' id='par_1_28' title="bbox 2160 1412 3822 1494">
     <span class='ocr_line' id='line_1_28' title="bbox 2160 1412 3822 1494; baseline -0.005 -21"><span class='ocrx_word' id='word_1_202' title='bbox 2160 1421 2296 1493; x_wconf 89' lang='grc' dir='ltr'>πρὸς</span> <span class='ocrx_word' id='word_1_203' title='bbox 2338 1420 2503 1494; x_wconf 73' lang='grc' dir='ltr'>ὀργὴν</span> <span class='ocrx_word' id='word_1_204' title='bbox 2554 1418 2750 1480; x_wconf 84' lang='grc' dir='ltr'>εὐθέως</span> <span class='ocrx_word' id='word_1_205' title='bbox 2809 1416 3055 1491; x_wconf 75' lang='grc' dir='ltr'>ἐξήγετο,</span> <span class='ocrx_word' id='word_1_206' title='bbox 3106 1417 3197 1470; x_wconf 83' lang='grc' dir='ltr'>καὶ</span> <span class='ocrx_word' id='word_1_207' title='bbox 3243 1415 3307 1469; x_wconf 83' lang='grc' dir='ltr'>τὸ</span> <span class='ocrx_word' id='word_1_208' title='bbox 3351 1420 3453 1483; x_wconf 84' lang='grc' dir='ltr'>τῆς</span> <span class='ocrx_word' id='word_1_209' title='bbox 3500 1412 3822 1487; x_wconf 84' lang='grc' dir='ltr'>πραότητος</span> 
     </span>
    </p>
   </div>
   <div class='ocr_carea' id='block_1_29' title="bbox 2159 1500 3822 1583">
    <p class='ocr_par' dir='ltr' id='par_1_29' title="bbox 2159 1500 3822 1583">
     <span class='ocr_line' id='line_1_29' title="bbox 2159 1500 3822 1583; baseline -0.004 -20"><span class='ocrx_word' id='word_1_210' title='bbox 2159 1508 2539 1581; x_wconf 74' lang='grc' dir='ltr'>πεπλασμένον</span> <span class='ocrx_word' id='word_1_211' title='bbox 2594 1508 2840 1583; x_wconf 69' lang='grc' dir='ltr'>εὐχερῶς</span> <span class='ocrx_word' id='word_1_212' title='bbox 2900 1504 3163 1562; x_wconf 82' lang='grc' dir='ltr'>διελύετο·</span> <span class='ocrx_word' id='word_1_213' title='bbox 3217 1505 3332 1559; x_wconf 81' lang='grc' dir='ltr'>ὅθεν</span> <span class='ocrx_word' id='word_1_214' title='bbox 3390 1502 3681 1578; x_wconf 82' lang='grc' dir='ltr'>ηὐτρέπιζε</span> <span class='ocrx_word' id='word_1_215' title='bbox 3723 1500 3822 1556; x_wconf 81' lang='grc' dir='ltr'>καὶ</span> 
     </span>
    </p>
   </div>
   <div class='ocr_carea' id='block_1_30' title="bbox 2160 1591 3825 1670">
    <p class='ocr_par' dir='ltr' id='par_1_30' title="bbox 2160 1591 3825 1670">
     <span class='ocr_line' id='line_1_30' title="bbox 2160 1591 3825 1670; baseline -0.005 -17"><span class='ocrx_word' id='word_1_216' title='bbox 2160 1602 2276 1659; x_wconf 89' lang='grc' dir='ltr'>τοῖς</span> <span class='ocrx_word' id='word_1_217' title='bbox 2308 1596 2537 1670; x_wconf 83' lang='grc' dir='ltr'>μάρτυσι</span> <span class='ocrx_word' id='word_1_218' title='bbox 2568 1599 2763 1667; x_wconf 77' lang='grc' dir='ltr'>ποινὴν</span> <span class='ocrx_word' id='word_1_219' title='bbox 2797 1594 2946 1669; x_wconf 87' lang='grc' dir='ltr'>μάλα</span> <span class='ocrx_word' id='word_1_220' title='bbox 2976 1592 3178 1664; x_wconf 80' lang='grc' dir='ltr'>δεινὴν,</span> <span class='ocrx_word' id='word_1_221' title='bbox 3209 1596 3445 1668; x_wconf 90' lang='grc' dir='ltr'>τήγανον</span> <span class='ocrx_word' id='word_1_222' title='bbox 3476 1591 3523 1629; x_wconf 74' lang='grc'>⁷⁸</span> <span class='ocrx_word' id='word_1_223' title='bbox 3553 1591 3751 1654; x_wconf 73' lang='grc' dir='ltr'>αὐτοὺς</span> <span class='ocrx_word' id='word_1_224' title='bbox 3773 1593 3825 1628; x_wconf 80' lang='grc'>⁷⁸</span> 
     </span>
    </p>
   </div>
   <div class='ocr_carea' id='block_1_31' title="bbox 2158 1680 3365 1764">
    <p class='ocr_par' dir='ltr' id='par_1_31' title="bbox 2158 1680 3365 1764">
     <span class='ocr_line' id='line_1_31' title="bbox 2158 1680 3365 1764; baseline -0.002 -23"><span class='ocrx_word' id='word_1_225' title='bbox 2158 1684 2414 1748; x_wconf 87' lang='grc' dir='ltr'>κελεύσας</span> <span class='ocrx_word' id='word_1_226' title='bbox 2446 1683 2652 1764; x_wconf 80' lang='grc' dir='ltr'>σφόδρα</span> <span class='ocrx_word' id='word_1_227' title='bbox 2683 1681 2961 1740; x_wconf 77' lang='grc' dir='ltr'>διακαυθὶν</span> <span class='ocrx_word' id='word_1_228' title='bbox 2991 1680 3365 1754; x_wconf 79' lang='grc' dir='ltr'>ὑποδέξασθαι.</span> 
     </span>
    </p>
   </div>
   <div class='ocr_carea' id='block_1_32' title="bbox 2235 1770 3824 1848">
    <p class='ocr_par' dir='ltr' id='par_1_32' title="bbox 2235 1770 3824 1848">
     <span class='ocr_line' id='line_1_32' title="bbox 2235 1770 3824 1848; baseline -0.005 -15"><span class='ocrx_word' id='word_1_229' title='bbox 2235 1778 2344 1839; x_wconf 87' lang='grc' dir='ltr'>Κς’.</span> <span class='ocrx_word' id='word_1_230' title='bbox 2412 1779 2519 1832; x_wconf 93' lang='grc' dir='ltr'>Τοῦ</span> <span class='ocrx_word' id='word_1_231' title='bbox 2578 1776 2724 1841; x_wconf 83' lang='grc' dir='ltr'>θείου</span> <span class='ocrx_word' id='word_1_232' title='bbox 2783 1774 2961 1831; x_wconf 86' lang='grc' dir='ltr'>τοίνυν</span> <span class='ocrx_word' id='word_1_233' title='bbox 3021 1777 3331 1848; x_wconf 90' lang='grc' dir='ltr'>Κυπριανοῦ</span> <span class='ocrx_word' id='word_1_234' title='bbox 3360 1770 3618 1847; x_wconf 83' lang='grc' dir='ltr'>γενναίως</span> <span class='ocrx_word' id='word_1_235' title='bbox 3673 1771 3824 1845; x_wconf 69' lang='grc' dir='ltr'>πρόε-</span> 
     </span>
    </p>
   </div>
   <div class='ocr_carea' id='block_1_33' title="bbox 408 1859 2045 1956">
    <p class='ocr_par' dir='ltr' id='par_1_33' title="bbox 408 1869 2045 1941">
     <span class='ocr_line' id='line_1_33' title="bbox 408 1869 2045 1941; baseline -0.001 -15"><span class='ocrx_word' id='word_1_236' title='bbox 408 1875 465 1926; x_wconf 86' lang='lat' dir='ltr'>et</span> <span class='ocrx_word' id='word_1_237' title='bbox 493 1886 773 1941; x_wconf 89' lang='lat' dir='ltr'>generoso</span> <span class='ocrx_word' id='word_1_238' title='bbox 814 1870 1011 1924; x_wconf 90' lang='lat' dir='ltr'>animo</span> <span class='ocrx_word' id='word_1_239' title='bbox 1053 1869 1397 1940; x_wconf 87' lang='lat' dir='ltr'>insiluisset,</span> <span class='ocrx_word' id='word_1_240' title='bbox 1432 1886 1561 1926; x_wconf 90' lang='lat' dir='ltr'>eum</span> <span class='ocrx_word' id='word_1_241' title='bbox 1612 1870 1811 1925; x_wconf 83' lang='lat' dir='ltr'>statim</span> <span class='ocrx_word' id='word_1_242' title='bbox 1853 1876 2045 1925; x_wconf 86' lang='lat' dir='ltr'>secuta</span> 
     </span>
    </p>
   </div>
   <div class='ocr_carea' id='block_1_34' title="bbox 2163 1859 3824 1956">
    <p class='ocr_par' dir='ltr' id='par_1_34' title="bbox 2163 1859 3824 1941">
     <span class='ocr_line' id='line_1_34' title="bbox 2163 1859 3824 1941; baseline -0.004 -19"><span class='ocrx_word' id='word_1_243' title='bbox 2163 1886 2314 1941; x_wconf 85' lang='grc' dir='ltr'>τερον</span> <span class='ocrx_word' id='word_1_244' title='bbox 2346 1862 2798 1937; x_wconf 83' lang='grc' dir='ltr'>εἰσπηδήσαντος,</span> <span class='ocrx_word' id='word_1_245' title='bbox 2833 1864 3097 1919; x_wconf 84' lang='grc' dir='ltr'>ἰουστίνα</span> <span class='ocrx_word' id='word_1_246' title='bbox 3130 1864 3247 1937; x_wconf 85' lang='grc' dir='ltr'>μετ’</span> <span class='ocrx_word' id='word_1_247' title='bbox 3280 1862 3440 1917; x_wconf 72' lang='grc' dir='ltr'>αὐτὸν</span> <span class='ocrx_word' id='word_1_248' title='bbox 3474 1859 3718 1937; x_wconf 69' lang='grc' dir='ltr'>ἀπήγετο</span> <span class='ocrx_word' id='word_1_249' title='bbox 3748 1864 3824 1899; x_wconf 73' lang='grc'>⁷⁸⁸</span> 
     </span>
    </p>
   </div>
   <div class='ocr_carea' id='block_1_35' title="bbox 407 1958 2054 2028">
    <p class='ocr_par' dir='ltr' id='par_1_35' title="bbox 407 1958 2054 2028">
     <span class='ocr_line' id='line_1_35' title="bbox 407 1958 2054 2028; baseline -0.001 -13"><span class='ocrx_word' id='word_1_250' title='bbox 407 1964 498 2015; x_wconf 88' lang='lat' dir='ltr'>est</span> <span class='ocrx_word' id='word_1_251' title='bbox 542 1958 795 2015; x_wconf 86' lang='lat' dir='ltr'>Justina.</span> <span class='ocrx_word' id='word_1_252' title='bbox 845 1958 1024 2021; x_wconf 88' lang='lat' dir='ltr'>Quam</span> <span class='ocrx_word' id='word_1_253' title='bbox 1097 1974 1231 2014; x_wconf 92' lang='lat' dir='ltr'>cum</span> <span class='ocrx_word' id='word_1_254' title='bbox 1276 1963 1491 2028; x_wconf 87' lang='lat' dir='ltr'>martyr</span> <span class='ocrx_word' id='word_1_255' title='bbox 1547 1958 1788 2014; x_wconf 86' lang='lat' dir='ltr'>vidisset</span> <span class='ocrx_word' id='word_1_256' title='bbox 1849 1958 2054 2014; x_wconf 83' lang='lat' dir='ltr'>timore</span> 
     </span>
    </p>
   </div>
   <div class='ocr_carea' id='block_1_36' title="bbox 407 2046 2055 2119">
    <p class='ocr_par' dir='ltr' id='par_1_36' title="bbox 407 2046 2055 2119">
     <span class='ocr_line' id='line_1_36' title="bbox 407 2046 2055 2119; baseline 0 -16"><span class='ocrx_word' id='word_1_257' title='bbox 407 2051 757 2119; x_wconf 88' lang='lat' dir='ltr'>correptam,</span> <span class='ocrx_word' id='word_1_258' title='bbox 787 2051 1072 2118; x_wconf 90' lang='lat' dir='ltr'>quantum</span> <span class='ocrx_word' id='word_1_259' title='bbox 1106 2046 1318 2103; x_wconf 88' lang='lat' dir='ltr'>licebat</span> <span class='ocrx_word' id='word_1_260' title='bbox 1348 2047 1634 2117; x_wconf 86' lang='lat' dir='ltr'>conjicere</span> <span class='ocrx_word' id='word_1_261' title='bbox 1665 2063 1733 2102; x_wconf 89' lang='lat' dir='ltr'>ex</span> <span class='ocrx_word' id='word_1_262' title='bbox 1781 2047 2055 2103; x_wconf 83' lang='lat' dir='ltr'>tarditate</span> 
     </span>
    </p>
   </div>
   <div class='ocr_carea' id='block_1_37' title="bbox 404 2135 2055 2206">
    <p class='ocr_par' dir='ltr' id='par_1_37' title="bbox 404 2135 2055 2206">
     <span class='ocr_line' id='line_1_37' title="bbox 404 2135 2055 2206; baseline -0.001 -13"><span class='ocrx_word' id='word_1_263' title='bbox 404 2138 718 2206; x_wconf 85' lang='lat' dir='ltr'>ingressus,</span> <span class='ocrx_word' id='word_1_264' title='bbox 751 2137 944 2191; x_wconf 88' lang='lat' dir='ltr'>verbis</span> <span class='ocrx_word' id='word_1_265' title='bbox 978 2136 1027 2191; x_wconf 89' lang='lat' dir='ltr'>ei</span> <span class='ocrx_word' id='word_1_266' title='bbox 1072 2136 1334 2191; x_wconf 90' lang='lat' dir='ltr'>animum</span> <span class='ocrx_word' id='word_1_267' title='bbox 1367 2137 1635 2203; x_wconf 88' lang='lat' dir='ltr'>addebat,</span> <span class='ocrx_word' id='word_1_268' title='bbox 1668 2140 1725 2192; x_wconf 88' lang='lat' dir='ltr'>et</span> <span class='ocrx_word' id='word_1_269' title='bbox 1769 2135 2055 2191; x_wconf 87' lang='lat' dir='ltr'>memoria</span> 
     </span>
    </p>
   </div>
   <div class='ocr_carea' id='block_1_38' title="bbox 404 2224 2051 2297">
    <p class='ocr_par' dir='ltr' id='par_1_38' title="bbox 404 2224 2051 2297">
     <span class='ocr_line' id='line_1_38' title="bbox 404 2224 2051 2297; baseline -0.001 -16"><span class='ocrx_word' id='word_1_270' title='bbox 404 2229 561 2281; x_wconf 85' lang='lat' dir='ltr'>recte</span> <span class='ocrx_word' id='word_1_271' title='bbox 601 2225 909 2292; x_wconf 89' lang='lat' dir='ltr'>factorum,</span> <span class='ocrx_word' id='word_1_272' title='bbox 961 2224 1174 2295; x_wconf 89' lang='lat' dir='ltr'>quibus</span> <span class='ocrx_word' id='word_1_273' title='bbox 1231 2224 1333 2280; x_wconf 93' lang='lat' dir='ltr'>illa</span> <span class='ocrx_word' id='word_1_274' title='bbox 1373 2229 1430 2281; x_wconf 89' lang='lat' dir='ltr'>et</span> <span class='ocrx_word' id='word_1_275' title='bbox 1469 2225 1687 2297; x_wconf 82' lang='lat' dir='ltr'>fugavit</span> <span class='ocrx_word' id='word_1_276' title='bbox 1735 2225 2051 2295; x_wconf 69' lang='lat' dir='ltr'>daemones,</span> 
     </span>
    </p>
   </div>
   <div class='ocr_carea' id='block_1_39' title="bbox 402 2313 2053 2370">
    <p class='ocr_par' dir='ltr' id='par_1_39' title="bbox 402 2313 2053 2370">
     <span class='ocr_line' id='line_1_39' title="bbox 402 2313 2053 2370; baseline 0 0"><span class='ocrx_word' id='word_1_277' title='bbox 402 2319 461 2370; x_wconf 92' lang='lat' dir='ltr'>et</span> <span class='ocrx_word' id='word_1_278' title='bbox 484 2330 609 2369; x_wconf 86' lang='lat' dir='ltr'>eam</span> <span class='ocrx_word' id='word_1_279' title='bbox 642 2313 926 2369; x_wconf 87' lang='lat' dir='ltr'>revocavit</span> <span class='ocrx_word' id='word_1_280' title='bbox 958 2314 1029 2369; x_wconf 91' lang='lat' dir='ltr'>ab</span> <span class='ocrx_word' id='word_1_281' title='bbox 1061 2313 1490 2370; x_wconf 84' lang='lat' dir='ltr'>incredulitate.</span> <span class='ocrx_word' id='word_1_282' title='bbox 1525 2313 1671 2369; x_wconf 87' lang='lat' dir='ltr'>Cum</span> <span class='ocrx_word' id='word_1_283' title='bbox 1721 2313 1812 2368; x_wconf 85' lang='lat' dir='ltr'>his</span> <span class='ocrx_word' id='word_1_284' title='bbox 1859 2313 2053 2370; x_wconf 84' lang='lat' dir='ltr'>verbis</span> 
     </span>
    </p>
   </div>
   <div class='ocr_carea' id='block_1_40' title="bbox 403 2401 2052 2475">
    <p class='ocr_par' dir='ltr' id='par_1_40' title="bbox 403 2401 2052 2475">
     <span class='ocr_line' id='line_1_40' title="bbox 403 2401 2052 2475; baseline 0 -17"><span class='ocrx_word' id='word_1_285' title='bbox 403 2402 807 2459; x_wconf 82' lang='lat' dir='ltr'>confirmasset</span> <span class='ocrx_word' id='word_1_286' title='bbox 836 2401 1150 2470; x_wconf 90' lang='lat' dir='ltr'>Justinam,</span> <span class='ocrx_word' id='word_1_287' title='bbox 1184 2402 1395 2457; x_wconf 88' lang='lat' dir='ltr'>deinde</span> <span class='ocrx_word' id='word_1_288' title='bbox 1426 2418 1632 2457; x_wconf 90' lang='lat' dir='ltr'>rursus</span> <span class='ocrx_word' id='word_1_289' title='bbox 1671 2402 1854 2475; x_wconf 79' lang='lat' dir='ltr'>figura</span> <span class='ocrx_word' id='word_1_290' title='bbox 1883 2417 2052 2459; x_wconf 85' lang='lat' dir='ltr'>vene-</span> 
     </span>
    </p>
   </div>
   <div class='ocr_carea' id='block_1_41' title="bbox 400 2490 2051 2564">
    <p class='ocr_par' dir='ltr' id='par_1_41' title="bbox 400 2490 2051 2564">
     <span class='ocr_line' id='line_1_41' title="bbox 400 2490 2051 2564; baseline 0 -17"><span class='ocrx_word' id='word_1_291' title='bbox 400 2493 599 2547; x_wconf 68' lang='lat' dir='ltr'>randae</span> <span class='ocrx_word' id='word_1_292' title='bbox 630 2491 841 2557; x_wconf 91' lang='lat' dir='ltr'>crucis,</span> <span class='ocrx_word' id='word_1_293' title='bbox 873 2494 1151 2563; x_wconf 85' lang='lat' dir='ltr'>tanquam</span> <span class='ocrx_word' id='word_1_294' title='bbox 1181 2492 1358 2547; x_wconf 89' lang='lat' dir='ltr'>armis</span> <span class='ocrx_word' id='word_1_295' title='bbox 1389 2491 1625 2562; x_wconf 90' lang='lat' dir='ltr'>muniti,</span> <span class='ocrx_word' id='word_1_296' title='bbox 1655 2490 1833 2547; x_wconf 90' lang='lat' dir='ltr'>veluti</span> <span class='ocrx_word' id='word_1_297' title='bbox 1873 2508 2051 2564; x_wconf 90' lang='lat' dir='ltr'>super</span> 
     </span>
    </p>
   </div>
   <div class='ocr_carea' id='block_1_42' title="bbox 401 2581 2048 2653">
    <p class='ocr_par' dir='ltr' id='par_1_42' title="bbox 401 2581 2048 2653">
     <span class='ocr_line' id='line_1_42' title="bbox 401 2581 2048 2653; baseline 0.001 -18"><span class='ocrx_word' id='word_1_298' title='bbox 401 2597 591 2637; x_wconf 86' lang='lat' dir='ltr'>rorem</span> <span class='ocrx_word' id='word_1_299' title='bbox 622 2581 839 2637; x_wconf 89' lang='lat' dir='ltr'>sensim</span> <span class='ocrx_word' id='word_1_300' title='bbox 873 2581 1342 2648; x_wconf 89' lang='lat' dir='ltr'>descendentem,</span> <span class='ocrx_word' id='word_1_301' title='bbox 1367 2597 1546 2653; x_wconf 89' lang='lat' dir='ltr'>super</span> <span class='ocrx_word' id='word_1_302' title='bbox 1577 2582 1713 2637; x_wconf 87' lang='lat' dir='ltr'>ferri</span> <span class='ocrx_word' id='word_1_303' title='bbox 1742 2581 2048 2638; x_wconf 85' lang='lat' dir='ltr'><strong>ﬂammam</strong></span> 
     </span>
    </p>
   </div>
   <div class='ocr_carea' id='block_1_43' title="bbox 403 2670 2051 2742">
    <p class='ocr_par' dir='ltr' id='par_1_43' title="bbox 403 2670 2051 2742">
     <span class='ocr_line' id='line_1_43' title="bbox 403 2670 2051 2742; baseline 0.001 -17"><span class='ocrx_word' id='word_1_304' title='bbox 403 2672 820 2727; x_wconf 89' lang='lat' dir='ltr'>recubuerunt.</span> <span class='ocrx_word' id='word_1_305' title='bbox 854 2672 978 2737; x_wconf 90' lang='lat' dir='ltr'>Quo</span> <span class='ocrx_word' id='word_1_306' title='bbox 1011 2671 1249 2742; x_wconf 90' lang='lat' dir='ltr'>quidem</span> <span class='ocrx_word' id='word_1_307' title='bbox 1275 2670 1455 2742; x_wconf 91' lang='lat' dir='ltr'>judex</span> <span class='ocrx_word' id='word_1_308' title='bbox 1486 2675 1541 2727; x_wconf 92' lang='lat' dir='ltr'>et</span> <span class='ocrx_word' id='word_1_309' title='bbox 1572 2670 1618 2726; x_wconf 88' lang='lat' dir='ltr'>si</span> <span class='ocrx_word' id='word_1_310' title='bbox 1654 2670 1819 2727; x_wconf 90' lang='lat' dir='ltr'>valde</span> <span class='ocrx_word' id='word_1_311' title='bbox 1847 2671 2051 2727; x_wconf 86' lang='lat' dir='ltr'>obstu-</span> 
     </span>
    </p>
   </div>
   <div class='ocr_carea' id='block_1_44' title="bbox 404 2759 2051 2832">
    <p class='ocr_par' dir='ltr' id='par_1_44' title="bbox 404 2759 2051 2832">
     <span class='ocr_line' id='line_1_44' title="bbox 404 2759 2051 2832; baseline 0.001 -18"><span class='ocrx_word' id='word_1_312' title='bbox 404 2759 686 2831; x_wconf 88' lang='lat' dir='ltr'>pefactus,</span> <span class='ocrx_word' id='word_1_313' title='bbox 721 2759 1048 2832; x_wconf 68' lang='lat' dir='ltr'>prmstigias</span> <span class='ocrx_word' id='word_1_314' title='bbox 1106 2764 1322 2825; x_wconf 82' lang='lat' dir='ltr'>tamen,</span> <span class='ocrx_word' id='word_1_315' title='bbox 1378 2777 1492 2815; x_wconf 91' lang='lat' dir='ltr'>non</span> <span class='ocrx_word' id='word_1_316' title='bbox 1549 2760 1873 2829; x_wconf 87' lang='lat' dir='ltr'>veritatem,</span> <span class='ocrx_word' id='word_1_317' title='bbox 1923 2776 2051 2817; x_wconf 88' lang='lat' dir='ltr'>esse</span> 
     </span>
    </p>
   </div>
   <div class='ocr_carea' id='block_1_45' title="bbox 403 2847 2054 2921">
    <p class='ocr_par' dir='ltr' id='par_1_45' title="bbox 403 2847 2054 2921">
     <span class='ocr_line' id='line_1_45' title="bbox 403 2847 2054 2921; baseline 0.001 -18"><span class='ocrx_word' id='word_1_318' title='bbox 403 2850 650 2921; x_wconf 90' lang='lat' dir='ltr'>putabat</span> <span class='ocrx_word' id='word_1_319' title='bbox 694 2848 777 2914; x_wconf 90' lang='lat' dir='ltr'>id,</span> <span class='ocrx_word' id='word_1_320' title='bbox 810 2848 968 2919; x_wconf 87' lang='lat' dir='ltr'>quod</span> <span class='ocrx_word' id='word_1_321' title='bbox 1004 2848 1197 2904; x_wconf 81' lang='lat' dir='ltr'>fiebat.</span> <span class='ocrx_word' id='word_1_322' title='bbox 1235 2848 1400 2903; x_wconf 91' lang='lat' dir='ltr'>Unde</span> <span class='ocrx_word' id='word_1_323' title='bbox 1449 2848 1621 2904; x_wconf 90' lang='lat' dir='ltr'>etiam</span> <span class='ocrx_word' id='word_1_324' title='bbox 1677 2847 1804 2918; x_wconf 77' lang='lat' dir='ltr'>ejus</span> <span class='ocrx_word' id='word_1_325' title='bbox 1856 2848 2054 2904; x_wconf 84' lang='lat' dir='ltr'>fovens</span> 
     </span>
    </p>
   </div>
   <div class='ocr_carea' id='block_1_46' title="bbox 403 2935 2053 3007">
    <p class='ocr_par' dir='ltr' id='par_1_46' title="bbox 403 2935 2053 3007">
     <span class='ocr_line' id='line_1_46' title="bbox 403 2935 2053 3007; baseline -0.001 -14"><span class='ocrx_word' id='word_1_326' title='bbox 403 2937 716 2993; x_wconf 88' lang='lat' dir='ltr'>amentiam</span> <span class='ocrx_word' id='word_1_327' title='bbox 768 2936 1007 3006; x_wconf 88' lang='lat' dir='ltr'>quidam</span> <span class='ocrx_word' id='word_1_328' title='bbox 1068 2935 1446 3001; x_wconf 86' lang='lat' dir='ltr'>Athanasius,</span> <span class='ocrx_word' id='word_1_329' title='bbox 1499 2952 1652 2990; x_wconf 89' lang='lat' dir='ltr'>unus</span> <span class='ocrx_word' id='word_1_330' title='bbox 1719 2952 1787 2991; x_wconf 81' lang='lat' dir='ltr'>ex</span> <span class='ocrx_word' id='word_1_331' title='bbox 1836 2936 1909 2991; x_wconf 92' lang='lat' dir='ltr'>iis</span> <span class='ocrx_word' id='word_1_332' title='bbox 1951 2937 2053 3007; x_wconf 91' lang='lat' dir='ltr'>qui</span> 
     </span>
    </p>
   </div>
   <div class='ocr_carea' id='block_1_47' title="bbox 403 3021 2051 3095">
    <p class='ocr_par' dir='ltr' id='par_1_47' title="bbox 403 3021 2051 3095">
     <span class='ocr_line' id='line_1_47' title="bbox 403 3021 2051 3095; baseline -0.002 -13"><span class='ocrx_word' id='word_1_333' title='bbox 403 3025 805 3089; x_wconf 89' lang='lat' dir='ltr'>considebant,</span> <span class='ocrx_word' id='word_1_334' title='bbox 836 3028 893 3077; x_wconf 90' lang='lat' dir='ltr'>et</span> <span class='ocrx_word' id='word_1_335' title='bbox 917 3021 1016 3093; x_wconf 91' lang='lat' dir='ltr'>qui</span> <span class='ocrx_word' id='word_1_336' title='bbox 1044 3027 1167 3078; x_wconf 90' lang='lat' dir='ltr'>erat</span> <span class='ocrx_word' id='word_1_337' title='bbox 1196 3024 1246 3077; x_wconf 91' lang='lat' dir='ltr'>ei</span> <span class='ocrx_word' id='word_1_338' title='bbox 1281 3023 1585 3077; x_wconf 89' lang='lat' dir='ltr'>familiaris</span> <span class='ocrx_word' id='word_1_339' title='bbox 1619 3040 1633 3077; x_wconf 89' lang='lat'><strong>:</strong></span> <span class='ocrx_word' id='word_1_340' title='bbox 1667 3023 1803 3093; x_wconf 89' lang='lat' dir='ltr'>Ego,</span> <span class='ocrx_word' id='word_1_341' title='bbox 1838 3025 2051 3095; x_wconf 82' lang='lat' dir='ltr'>inquit,</span> 
     </span>
    </p>
   </div>
   <div class='ocr_carea' id='block_1_48' title="bbox 402 3114 2051 3185">
    <p class='ocr_par' dir='ltr' id='par_1_48' title="bbox 402 3114 2051 3185">
     <span class='ocr_line' id='line_1_48' title="bbox 402 3114 2051 3185; baseline 0 -14"><span class='ocrx_word' id='word_1_342' title='bbox 402 3116 617 3171; x_wconf 88' lang='lat' dir='ltr'>Christi</span> <span class='ocrx_word' id='word_1_343' title='bbox 658 3114 831 3169; x_wconf 88' lang='lat' dir='ltr'>vestri</span> <span class='ocrx_word' id='word_1_344' title='bbox 887 3130 1021 3168; x_wconf 86' lang='lat' dir='ltr'>mox</span> <span class='ocrx_word' id='word_1_345' title='bbox 1071 3130 1314 3185; x_wconf 81' lang='lat' dir='ltr'>arguam</span> <span class='ocrx_word' id='word_1_346' title='bbox 1361 3114 1841 3170; x_wconf 87' lang='lat' dir='ltr'>imbecillitatem.</span> <span class='ocrx_word' id='word_1_347' title='bbox 1878 3116 2051 3183; x_wconf 85' lang='lat' dir='ltr'>Dixit,</span> 
     </span>
    </p>
   </div>
   <div class='ocr_carea' id='block_1_49' title="bbox 2163 1950 3819 2030">
    <p class='ocr_par' dir='ltr' id='par_1_49' title="bbox 2163 1950 3819 2030">
     <span class='ocr_line' id='line_1_49' title="bbox 2163 1950 3819 2030; baseline -0.002 -21"><span class='ocrx_word' id='word_1_348' title='bbox 2163 1952 2228 2024; x_wconf 82' lang='grc' dir='ltr'>ἤν</span> <span class='ocrx_word' id='word_1_349' title='bbox 2272 1955 2387 2011; x_wconf 67' lang='grc' dir='ltr'>ἐπεὶ</span> <span class='ocrx_word' id='word_1_350' title='bbox 2429 1953 2578 2030; x_wconf 72' lang='grc' dir='ltr'>[εἶδε]</span> <span class='ocrx_word' id='word_1_351' title='bbox 2649 1955 2675 2009; x_wconf 97' lang='lat'>6</span> <span class='ocrx_word' id='word_1_352' title='bbox 2729 1956 2932 2030; x_wconf 79' lang='grc' dir='ltr'>μάρτυς</span> <span class='ocrx_word' id='word_1_353' title='bbox 2983 1951 3161 2024; x_wconf 81' lang='grc' dir='ltr'>δειλίᾳ</span> <span class='ocrx_word' id='word_1_354' title='bbox 3208 1953 3253 1990; x_wconf 84' lang='grc'>⁷⁷</span> <span class='ocrx_word' id='word_1_355' title='bbox 3310 1950 3627 2027; x_wconf 75' lang='grc' dir='ltr'>ληφθεῖσαν,</span> <span class='ocrx_word' id='word_1_356' title='bbox 3688 1950 3819 2006; x_wconf 77' lang='grc' dir='ltr'>ὅσον</span> 
     </span>
    </p>
   </div>
   <div class='ocr_carea' id='block_1_50' title="bbox 2164 2039 3821 2124">
    <p class='ocr_par' dir='ltr' id='par_1_50' title="bbox 2164 2039 3821 2124">
     <span class='ocr_line' id='line_1_50' title="bbox 2164 2039 3821 2124; baseline -0.002 -24"><span class='ocrx_word' id='word_1_357' title='bbox 2164 2044 2369 2100; x_wconf 72' lang='grc' dir='ltr'>εἰκάσαι</span> <span class='ocrx_word' id='word_1_358' title='bbox 2406 2045 2522 2124; x_wconf 80' lang='grc' dir='ltr'>εἶχε</span> <span class='ocrx_word' id='word_1_359' title='bbox 2551 2043 2629 2117; x_wconf 80' lang='grc' dir='ltr'>τῷ</span> <span class='ocrx_word' id='word_1_360' title='bbox 2660 2043 2911 2120; x_wconf 86' lang='grc' dir='ltr'>σχολαίῳ</span> <span class='ocrx_word' id='word_1_361' title='bbox 2959 2043 3049 2098; x_wconf 87' lang='grc' dir='ltr'>καὶ</span> <span class='ocrx_word' id='word_1_362' title='bbox 3097 2046 3261 2098; x_wconf 85' lang='grc' dir='ltr'>νωθεῖ</span> <span class='ocrx_word' id='word_1_363' title='bbox 3304 2046 3399 2097; x_wconf 92' lang='grc' dir='ltr'>τοῦ</span> <span class='ocrx_word' id='word_1_364' title='bbox 3451 2039 3821 2117; x_wconf 76' lang='grc' dir='ltr'>βαδίσματος,</span> 
     </span>
    </p>
   </div>
   <div class='ocr_carea' id='block_1_51' title="bbox 2164 2128 3824 2210">
    <p class='ocr_par' dir='ltr' id='par_1_51' title="bbox 2164 2128 3824 2210">
     <span class='ocr_line' id='line_1_51' title="bbox 2164 2128 3824 2210; baseline -0.001 -22"><span class='ocrx_word' id='word_1_365' title='bbox 2164 2132 2356 2210; x_wconf 88' lang='grc' dir='ltr'>λόγοις</span> <span class='ocrx_word' id='word_1_366' title='bbox 2388 2134 2557 2202; x_wconf 80' lang='grc' dir='ltr'>αὐτὴν</span> <span class='ocrx_word' id='word_1_367' title='bbox 2609 2136 2653 2170; x_wconf 80' lang='grc'>’⁸⁸</span> <span class='ocrx_word' id='word_1_368' title='bbox 2691 2128 3033 2207; x_wconf 76' lang='grc' dir='ltr'>ἀνελάμϐανε</span> <span class='ocrx_word' id='word_1_369' title='bbox 3075 2134 3163 2187; x_wconf 82' lang='grc' dir='ltr'>καὶ</span> <span class='ocrx_word' id='word_1_370' title='bbox 3224 2133 3411 2205; x_wconf 81' lang='grc' dir='ltr'>μνήμῃ</span> <span class='ocrx_word' id='word_1_371' title='bbox 3456 2136 3565 2187; x_wconf 85' lang='grc' dir='ltr'>τῶν</span> <span class='ocrx_word' id='word_1_372' title='bbox 3615 2132 3824 2205; x_wconf 73' lang='grc' dir='ltr'>προτέ-</span> 
     </span>
    </p>
   </div>
   <div class='ocr_carea' id='block_1_52' title="bbox 2163 2218 3823 2298">
    <p class='ocr_par' dir='ltr' id='par_1_52' title="bbox 2163 2218 3823 2298">
     <span class='ocr_line' id='line_1_52' title="bbox 2163 2218 3823 2298; baseline 0 -21"><span class='ocrx_word' id='word_1_373' title='bbox 2163 2243 2273 2297; x_wconf 88' lang='grc' dir='ltr'>ρων</span> <span class='ocrx_word' id='word_1_374' title='bbox 2332 2224 2797 2298; x_wconf 81' lang='grc' dir='ltr'>κατορθωμάτων,</span> <span class='ocrx_word' id='word_1_375' title='bbox 2858 2224 2941 2284; x_wconf 87' lang='grc' dir='ltr'>οἴς</span> <span class='ocrx_word' id='word_1_376' title='bbox 2993 2220 3169 2291; x_wconf 77' lang='grc' dir='ltr'>ἒκείνη</span> <span class='ocrx_word' id='word_1_377' title='bbox 3229 2218 3491 2295; x_wconf 88' lang='grc' dir='ltr'>δαίμονας</span> <span class='ocrx_word' id='word_1_378' title='bbox 3548 2241 3610 2275; x_wconf 91' lang='grc' dir='ltr'>τε</span> <span class='ocrx_word' id='word_1_379' title='bbox 3668 2221 3823 2292; x_wconf 73' lang='grc' dir='ltr'>ἐτρέ-</span> 
     </span>
    </p>
   </div>
   <div class='ocr_carea' id='block_1_53' title="bbox 2163 2310 3825 2387">
    <p class='ocr_par' dir='ltr' id='par_1_53' title="bbox 2163 2310 3825 2387">
     <span class='ocr_line' id='line_1_53' title="bbox 2163 2310 3825 2387; baseline -0.001 -22"><span class='ocrx_word' id='word_1_380' title='bbox 2163 2315 2320 2387; x_wconf 81' lang='grc' dir='ltr'>ψατο,</span> <span class='ocrx_word' id='word_1_381' title='bbox 2352 2310 2442 2365; x_wconf 80' lang='grc' dir='ltr'>καὶ</span> <span class='ocrx_word' id='word_1_382' title='bbox 2483 2310 2646 2367; x_wconf 81' lang='grc' dir='ltr'>αὑτὸν</span> <span class='ocrx_word' id='word_1_383' title='bbox 2690 2318 2789 2381; x_wconf 79' lang='grc' dir='ltr'>τῆς</span> <span class='ocrx_word' id='word_1_384' title='bbox 2835 2311 3084 2374; x_wconf 84' lang='grc' dir='ltr'>ἀπίστίας</span> <span class='ocrx_word' id='word_1_385' title='bbox 3151 2311 3198 2347; x_wconf 71' lang='grc'>⁷9</span> <span class='ocrx_word' id='word_1_386' title='bbox 3240 2310 3622 2366; x_wconf 84' lang='grc' dir='ltr'>ἀνεκαλέσατο.</span> <span class='ocrx_word' id='word_1_387' title='bbox 3685 2313 3825 2368; x_wconf 85' lang='grc' dir='ltr'>Τοι-</span> 
     </span>
    </p>
   </div>
   <div class='ocr_carea' id='block_1_54' title="bbox 2162 2399 3827 2477">
    <p class='ocr_par' dir='ltr' id='par_1_54' title="bbox 2162 2399 3827 2477">
     <span class='ocr_line' id='line_1_54' title="bbox 2162 2399 3827 2477; baseline -0.001 -20"><span class='ocrx_word' id='word_1_388' title='bbox 2162 2401 2345 2463; x_wconf 89' lang='grc' dir='ltr'>ούτοις</span> <span class='ocrx_word' id='word_1_389' title='bbox 2394 2399 2657 2475; x_wconf 73' lang='grc' dir='ltr'>θαρρύνας</span> <span class='ocrx_word' id='word_1_390' title='bbox 2705 2402 2753 2437; x_wconf 82' lang='grc' dir='ltr'>⁸ο</span> <span class='ocrx_word' id='word_1_391' title='bbox 2792 2401 3029 2477; x_wconf 77' lang='grc' dir='ltr'>ῥήμασιν</span> <span class='ocrx_word' id='word_1_392' title='bbox 3080 2399 3396 2468; x_wconf 88' lang='grc' dir='ltr'>Ἰουστίναν,</span> <span class='ocrx_word' id='word_1_393' title='bbox 3441 2400 3559 2455; x_wconf 79' lang='grc' dir='ltr'>εἶτα</span> <span class='ocrx_word' id='word_1_394' title='bbox 3606 2400 3699 2455; x_wconf 79' lang='grc' dir='ltr'>καὶ</span> <span class='ocrx_word' id='word_1_395' title='bbox 3743 2401 3827 2463; x_wconf 83' lang='grc' dir='ltr'>ὡς</span> 
     </span>
    </p>
   </div>
   <div class='ocr_carea' id='block_1_55' title="bbox 2163 2489 3820 2567">
    <p class='ocr_par' dir='ltr' id='par_1_55' title="bbox 2163 2489 3820 2567">
     <span class='ocr_line' id='line_1_55' title="bbox 2163 2489 3820 2567; baseline -0.001 -21"><span class='ocrx_word' id='word_1_396' title='bbox 2163 2489 2322 2563; x_wconf 78' lang='grc' dir='ltr'>ὅπλῳ</span> <span class='ocrx_word' id='word_1_397' title='bbox 2351 2489 2516 2546; x_wconf 88' lang='grc' dir='ltr'>πάλιν</span> <span class='ocrx_word' id='word_1_398' title='bbox 2549 2495 2629 2563; x_wconf 81' lang='grc' dir='ltr'>τῷ</span> <span class='ocrx_word' id='word_1_399' title='bbox 2656 2492 2811 2565; x_wconf 87' lang='grc' dir='ltr'>τύπῳ</span> <span class='ocrx_word' id='word_1_400' title='bbox 2850 2495 2947 2547; x_wconf 88' lang='grc' dir='ltr'>τοῦ</span> <span class='ocrx_word' id='word_1_401' title='bbox 2994 2490 3184 2564; x_wconf 88' lang='grc' dir='ltr'>τιμίου</span> <span class='ocrx_word' id='word_1_402' title='bbox 3232 2493 3466 2565; x_wconf 87' lang='grc' dir='ltr'>σταυροῦ</span> <span class='ocrx_word' id='word_1_403' title='bbox 3513 2490 3558 2527; x_wconf 72' lang='grc' dir='ltr'>δί</span> <span class='ocrx_word' id='word_1_404' title='bbox 3611 2491 3820 2567; x_wconf 75' lang='grc' dir='ltr'>φραξάο</span> 
     </span>
    </p>
   </div>
   <div class='ocr_carea' id='block_1_56' title="bbox 2167 2576 3820 2656">
    <p class='ocr_par' dir='ltr' id='par_1_56' title="bbox 2167 2576 3820 2656">
     <span class='ocr_line' id='line_1_56' title="bbox 2167 2576 3820 2656; baseline -0.001 -21"><span class='ocrx_word' id='word_1_405' title='bbox 2167 2602 2338 2653; x_wconf 87' lang='grc' dir='ltr'>μενοι.</span> <span class='ocrx_word' id='word_1_406' title='bbox 2403 2581 2641 2656; x_wconf 85' lang='grc' dir='ltr'>καθάπερ</span> <span class='ocrx_word' id='word_1_407' title='bbox 2701 2580 2786 2636; x_wconf 79' lang='grc' dir='ltr'>ἐπί</span> <span class='ocrx_word' id='word_1_408' title='bbox 2834 2600 2986 2642; x_wconf 89' lang='grc' dir='ltr'>τινος</span> <span class='ocrx_word' id='word_1_409' title='bbox 3037 2578 3333 2648; x_wconf 81' lang='grc' dir='ltr'>κατιούσης</span> <span class='ocrx_word' id='word_1_410' title='bbox 3378 2581 3559 2654; x_wconf 78' lang='grc' dir='ltr'>ἡσυχῆ</span> <span class='ocrx_word' id='word_1_411' title='bbox 3619 2576 3820 2652; x_wconf 78' lang='grc' dir='ltr'>δρόσου</span> 
     </span>
    </p>
   </div>
   <div class='ocr_carea' id='block_1_57' title="bbox 2162 2666 3819 2745">
    <p class='ocr_par' dir='ltr' id='par_1_57' title="bbox 2162 2666 3819 2745">
     <span class='ocr_line' id='line_1_57' title="bbox 2162 2666 3819 2745; baseline -0.002 -21"><span class='ocrx_word' id='word_1_412' title='bbox 2162 2672 2260 2739; x_wconf 73' lang='grc' dir='ltr'>τῆς</span> <span class='ocrx_word' id='word_1_413' title='bbox 2293 2673 2390 2724; x_wconf 89' lang='grc' dir='ltr'>τοῦ</span> <span class='ocrx_word' id='word_1_414' title='bbox 2430 2666 2658 2744; x_wconf 85' lang='grc' dir='ltr'>σιδήρου</span> <span class='ocrx_word' id='word_1_415' title='bbox 2702 2668 3031 2745; x_wconf 82' lang='grc' dir='ltr'>φλογώσεως</span> <span class='ocrx_word' id='word_1_416' title='bbox 3078 2667 3446 2725; x_wconf 73' lang='grc' dir='ltr'>ἀνεκλίνοντο.</span> <span class='ocrx_word' id='word_1_417' title='bbox 3495 2670 3659 2741; x_wconf 77' lang='grc' dir='ltr'>Ὅπερ</span> <span class='ocrx_word' id='word_1_418' title='bbox 3708 2666 3819 2741; x_wconf 70' lang='grc' dir='ltr'>ἄρα</span> 
     </span>
    </p>
   </div>
   <div class='ocr_carea' id='block_1_58' title="bbox 2162 2757 3820 2835">
    <p class='ocr_par' dir='ltr' id='par_1_58' title="bbox 2162 2757 3820 2835">
     <span class='ocr_line' id='line_1_58' title="bbox 2162 2757 3820 2835; baseline -0.001 -21"><span class='ocrx_word' id='word_1_419' title='bbox 2162 2760 2251 2814; x_wconf 85' lang='grc' dir='ltr'>καὶ</span> <span class='ocrx_word' id='word_1_420' title='bbox 2284 2760 2311 2814; x_wconf 90' lang='lat'>6</span> <span class='ocrx_word' id='word_1_421' title='bbox 2354 2757 2585 2830; x_wconf 81' lang='grc' dir='ltr'>δικάζων</span> <span class='ocrx_word' id='word_1_422' title='bbox 2636 2758 2741 2835; x_wconf 81' lang='grc' dir='ltr'>οὐχ</span> <span class='ocrx_word' id='word_1_423' title='bbox 2790 2759 2985 2829; x_wconf 77' lang='grc' dir='ltr'>ἥκιστα</span> <span class='ocrx_word' id='word_1_424' title='bbox 3039 2758 3352 2835; x_wconf 65' lang='grc' dir='ltr'>ἐκπλαγεὶς,</span> <span class='ocrx_word' id='word_1_425' title='bbox 3409 2758 3661 2833; x_wconf 80' lang='grc' dir='ltr'>γόητείας</span> <span class='ocrx_word' id='word_1_426' title='bbox 3712 2757 3820 2813; x_wconf 78' lang='grc' dir='ltr'>οῦκ</span> 
     </span>
    </p>
   </div>
   <div class='ocr_carea' id='block_1_59' title="bbox 2163 2842 3819 2923">
    <p class='ocr_par' dir='ltr' id='par_1_59' title="bbox 2163 2842 3819 2923">
     <span class='ocr_line' id='line_1_59' title="bbox 2163 2842 3819 2923; baseline -0.001 -20"><span class='ocrx_word' id='word_1_427' title='bbox 2163 2850 2423 2920; x_wconf 82' lang='grc' dir='ltr'>ἇΛηθείας</span> <span class='ocrx_word' id='word_1_428' title='bbox 2467 2849 2596 2903; x_wconf 75' lang='grc' dir='ltr'>εἶναι</span> <span class='ocrx_word' id='word_1_429' title='bbox 2644 2850 2706 2903; x_wconf 89' lang='grc' dir='ltr'>τὸ</span> <span class='ocrx_word' id='word_1_430' title='bbox 2756 2850 3040 2923; x_wconf 89' lang='grc' dir='ltr'>γινόμενον</span> <span class='ocrx_word' id='word_1_431' title='bbox 3094 2842 3492 2920; x_wconf 57' lang='grc' dir='ltr'>ὑπελάμϐανεν</span> <span class='ocrx_word' id='word_1_432' title='bbox 3553 2845 3671 2911; x_wconf 74' lang='grc' dir='ltr'>ὅθεν</span> <span class='ocrx_word' id='word_1_433' title='bbox 3722 2847 3819 2901; x_wconf 79' lang='grc' dir='ltr'>καὶ</span> 
     </span>
    </p>
   </div>
   <div class='ocr_carea' id='block_1_60' title="bbox 2160 2936 3821 3014">
    <p class='ocr_par' dir='ltr' id='par_1_60' title="bbox 2160 2936 3821 3014">
     <span class='ocr_line' id='line_1_60' title="bbox 2160 2936 3821 3014; baseline -0.001 -22"><span class='ocrx_word' id='word_1_434' title='bbox 2160 2940 2259 3007; x_wconf 79' lang='grc' dir='ltr'>τὴν</span> <span class='ocrx_word' id='word_1_435' title='bbox 2322 2936 2501 2993; x_wconf 83' lang='grc' dir='ltr'>ἄνοιαν</span> <span class='ocrx_word' id='word_1_436' title='bbox 2570 2937 2735 2993; x_wconf 85' lang='grc' dir='ltr'>αὑτοῦ</span> <span class='ocrx_word' id='word_1_437' title='bbox 2803 2937 3113 3014; x_wconf 75' lang='grc' dir='ltr'>θεραπεύων</span> <span class='ocrx_word' id='word_1_438' title='bbox 3180 2936 3496 3001; x_wconf 81' lang='grc' dir='ltr'>’Δθανάσιός</span> <span class='ocrx_word' id='word_1_439' title='bbox 3561 2956 3667 3005; x_wconf 90' lang='grc' dir='ltr'>τις,</span> <span class='ocrx_word' id='word_1_440' title='bbox 3736 2939 3821 2998; x_wconf 81' lang='grc' dir='ltr'>εἷς</span> 
     </span>
    </p>
   </div>
   <div class='ocr_carea' id='block_1_61' title="bbox 2160 3024 3818 3101">
    <p class='ocr_par' dir='ltr' id='par_1_61' title="bbox 2160 3024 3818 3101">
     <span class='ocr_line' id='line_1_61' title="bbox 2160 3024 3818 3101; baseline -0.002 -20"><span class='ocrx_word' id='word_1_441' title='bbox 2160 3030 2267 3081; x_wconf 80' lang='grc' dir='ltr'>τῶν</span> <span class='ocrx_word' id='word_1_442' title='bbox 2299 3024 2754 3101; x_wconf 85' lang='grc' dir='ltr'>συνεδριαζόντων</span> <span class='ocrx_word' id='word_1_443' title='bbox 2803 3026 2973 3100; x_wconf 80' lang='grc' dir='ltr'>αὐτῷ,</span> <span class='ocrx_word' id='word_1_444' title='bbox 3021 3026 3109 3081; x_wconf 83' lang='grc' dir='ltr'>καὶ</span> <span class='ocrx_word' id='word_1_445' title='bbox 3160 3029 3400 3097; x_wconf 76' lang='grc' dir='ltr'>συνήθης</span> <span class='ocrx_word' id='word_1_446' title='bbox 3447 3026 3497 3062; x_wconf 78' lang='grc'>⁸³</span> <span class='ocrx_word' id='word_1_447' title='bbox 3528 3025 3818 3101; x_wconf 67' lang='grc' dir='ltr'>ὑπάρχων⁸</span> 
     </span>
    </p>
   </div>
   <div class='ocr_carea' id='block_1_62' title="bbox 2163 3113 3823 3191">
    <p class='ocr_par' dir='ltr' id='par_1_62' title="bbox 2163 3113 3823 3191">
     <span class='ocr_line' id='line_1_62' title="bbox 2163 3113 3823 3191; baseline -0.002 -19"><span class='ocrx_word' id='word_1_448' title='bbox 2163 3114 2329 3191; x_wconf 87' lang='grc' dir='ltr'>Ἐγὼ,</span> <span class='ocrx_word' id='word_1_449' title='bbox 2363 3113 2610 3189; x_wconf 72' lang='grc' dir='ltr'>ἕφη,τὴν</span> <span class='ocrx_word' id='word_1_450' title='bbox 2652 3120 2749 3170; x_wconf 91' lang='grc' dir='ltr'>τοῦ</span> <span class='ocrx_word' id='word_1_451' title='bbox 2799 3117 3035 3191; x_wconf 80' lang='grc' dir='ltr'>Χριστοῦ</span> <span class='ocrx_word' id='word_1_452' title='bbox 3077 3116 3229 3189; x_wconf 82' lang='grc' dir='ltr'>ὑμῶν</span> <span class='ocrx_word' id='word_1_453' title='bbox 3280 3113 3552 3179; x_wconf 85' lang='grc' dir='ltr'>ἀσθένειαν</span> <span class='ocrx_word' id='word_1_454' title='bbox 3603 3114 3677 3174; x_wconf 82' lang='grc' dir='ltr'>ὡς</span> <span class='ocrx_word' id='word_1_455' title='bbox 3727 3115 3823 3169; x_wconf 80' lang='grc' dir='ltr'>τά-</span> 
     </span>
    </p>
   </div>
   <div class='ocr_carea' id='block_1_63' title="bbox 402 3200 2045 3297">
    <p class='ocr_par' dir='ltr' id='par_1_63' title="bbox 402 3200 2045 3273">
     <span class='ocr_line' id='line_1_63' title="bbox 402 3200 2045 3273; baseline 0.001 -13"><span class='ocrx_word' id='word_1_456' title='bbox 402 3208 460 3260; x_wconf 90' lang='lat' dir='ltr'>et</span> <span class='ocrx_word' id='word_1_457' title='bbox 489 3203 665 3259; x_wconf 87' lang='lat' dir='ltr'>simul</span> <span class='ocrx_word' id='word_1_458' title='bbox 697 3201 872 3257; x_wconf 88' lang='lat' dir='ltr'>etiam</span> <span class='ocrx_word' id='word_1_459' title='bbox 932 3217 1111 3257; x_wconf 91' lang='lat' dir='ltr'>ausus</span> <span class='ocrx_word' id='word_1_460' title='bbox 1151 3206 1237 3257; x_wconf 89' lang='lat' dir='ltr'>est</span> <span class='ocrx_word' id='word_1_461' title='bbox 1274 3200 1502 3273; x_wconf 88' lang='lat' dir='ltr'>ingredi</span> <span class='ocrx_word' id='word_1_462' title='bbox 1555 3203 1854 3260; x_wconf 89' lang='lat' dir='ltr'>ardentem</span> <span class='ocrx_word' id='word_1_463' title='bbox 1888 3204 2045 3262; x_wconf 85' lang='lat' dir='ltr'>ﬂam-</span> 
     </span>
    </p>
   </div>
   <div class='ocr_carea' id='block_1_64' title="bbox 2163 3200 3818 3297">
    <p class='ocr_par' dir='ltr' id='par_1_64' title="bbox 2163 3202 3818 3279">
     <span class='ocr_line' id='line_1_64' title="bbox 2163 3202 3818 3279; baseline 0.001 -22"><span class='ocrx_word' id='word_1_464' title='bbox 2163 3224 2329 3279; x_wconf 87' lang='grc' dir='ltr'>χιστα</span> <span class='ocrx_word' id='word_1_465' title='bbox 2374 3202 2657 3279; x_wconf 74' lang='grc' dir='ltr'>διελέγξω.</span> <span class='ocrx_word' id='word_1_466' title='bbox 2708 3206 2847 3263; x_wconf 60' lang='lat' dir='ltr'>Eius</span> <span class='ocrx_word' id='word_1_467' title='bbox 2893 3204 2981 3259; x_wconf 79' lang='grc' dir='ltr'>καὶ</span> <span class='ocrx_word' id='word_1_468' title='bbox 3034 3205 3146 3277; x_wconf 81' lang='grc' dir='ltr'>ἅμα</span> <span class='ocrx_word' id='word_1_469' title='bbox 3204 3204 3527 3279; x_wconf 83' lang='grc' dir='ltr'>θρασύτερον</span> <span class='ocrx_word' id='word_1_470' title='bbox 3577 3210 3677 3272; x_wconf 76' lang='grc' dir='ltr'>τῆς</span> <span class='ocrx_word' id='word_1_471' title='bbox 3715 3209 3818 3258; x_wconf 86' lang='grc' dir='ltr'>τοῦ</span> 
     </span>
    </p>
   </div>
   <div class='ocr_carea' id='block_1_65' title="bbox 404 3290 2054 3365">
    <p class='ocr_par' dir='ltr' id='par_1_65' title="bbox 404 3290 2054 3365">
     <span class='ocr_line' id='line_1_65' title="bbox 404 3290 2054 3365; baseline 0 -15"><span class='ocrx_word' id='word_1_472' title='bbox 404 3309 562 3350; x_wconf 89' lang='lat' dir='ltr'>mam</span> <span class='ocrx_word' id='word_1_473' title='bbox 595 3290 770 3365; x_wconf 90' lang='lat' dir='ltr'>ignis,</span> <span class='ocrx_word' id='word_1_474' title='bbox 795 3290 1059 3347; x_wconf 89' lang='lat' dir='ltr'>invocato</span> <span class='ocrx_word' id='word_1_475' title='bbox 1106 3292 1247 3347; x_wconf 89' lang='lat' dir='ltr'>Jove</span> <span class='ocrx_word' id='word_1_476' title='bbox 1295 3296 1353 3348; x_wconf 90' lang='lat' dir='ltr'>et</span> <span class='ocrx_word' id='word_1_477' title='bbox 1382 3292 1731 3364; x_wconf 66' lang='lat' dir='ltr'>.Esculapio,</span> <span class='ocrx_word' id='word_1_478' title='bbox 1782 3292 1880 3349; x_wconf 88' lang='lat' dir='ltr'>illo</span> <span class='ocrx_word' id='word_1_479' title='bbox 1930 3295 2054 3365; x_wconf 90' lang='lat' dir='ltr'>qui-</span> 
     </span>
    </p>
   </div>
   <div class='ocr_carea' id='block_1_66' title="bbox 405 3380 2047 3453">
    <p class='ocr_par' dir='ltr' id='par_1_66' title="bbox 405 3380 2047 3453">
     <span class='ocr_line' id='line_1_66' title="bbox 405 3380 2047 3453; baseline 0.002 -16"><span class='ocrx_word' id='word_1_480' title='bbox 405 3383 641 3449; x_wconf 87' lang='lat' dir='ltr'>dem,ut</span> <span class='ocrx_word' id='word_1_481' title='bbox 672 3381 772 3453; x_wconf 91' lang='lat' dir='ltr'>qui</span> <span class='ocrx_word' id='word_1_482' title='bbox 807 3380 883 3436; x_wconf 91' lang='lat' dir='ltr'>sit</span> <span class='ocrx_word' id='word_1_483' title='bbox 930 3381 1205 3453; x_wconf 87' lang='lat' dir='ltr'>princeps</span> <span class='ocrx_word' id='word_1_484' title='bbox 1236 3380 1388 3451; x_wconf 85' lang='lat' dir='ltr'>ignis</span> <span class='ocrx_word' id='word_1_485' title='bbox 1436 3381 1665 3437; x_wconf 73' lang='lat' dir='ltr'>aetherei</span> <span class='ocrx_word' id='word_1_486' title='bbox 1707 3389 1760 3437; x_wconf 91' lang='lat' dir='ltr'>et</span> <span class='ocrx_word' id='word_1_487' title='bbox 1798 3384 2047 3441; x_wconf 88' lang='lat' dir='ltr'>terreni:</span> 
     </span>
    </p>
   </div>
   <div class='ocr_carea' id='block_1_67' title="bbox 404 3470 2053 3545">
    <p class='ocr_par' dir='ltr' id='par_1_67' title="bbox 404 3470 2053 3545">
     <span class='ocr_line' id='line_1_67' title="bbox 404 3470 2053 3545; baseline 0.002 -19"><span class='ocrx_word' id='word_1_488' title='bbox 404 3471 514 3527; x_wconf 91' lang='lat' dir='ltr'>hoc</span> <span class='ocrx_word' id='word_1_489' title='bbox 581 3478 795 3535; x_wconf 90' lang='lat' dir='ltr'>autem,</span> <span class='ocrx_word' id='word_1_490' title='bbox 857 3474 919 3526; x_wconf 92' lang='lat' dir='ltr'>ut</span> <span class='ocrx_word' id='word_1_491' title='bbox 993 3470 1094 3541; x_wconf 88' lang='lat' dir='ltr'>qui</span> <span class='ocrx_word' id='word_1_492' title='bbox 1164 3470 1599 3527; x_wconf 85' lang='lat' dir='ltr'>existimaretur</span> <span class='ocrx_word' id='word_1_493' title='bbox 1653 3474 2053 3545; x_wconf 87' lang='lat' dir='ltr'>suppeditator</span> 
     </span>
    </p>
   </div>
   <div class='ocr_carea' id='block_1_68' title="bbox 404 3558 2051 3634">
    <p class='ocr_par' dir='ltr' id='par_1_68' title="bbox 404 3558 2051 3634">
     <span class='ocr_line' id='line_1_68' title="bbox 404 3558 2051 3634; baseline 0.004 -19"><span class='ocrx_word' id='word_1_494' title='bbox 404 3558 632 3615; x_wconf 87' lang='lat' dir='ltr'>salutis.</span> <span class='ocrx_word' id='word_1_495' title='bbox 664 3559 788 3614; x_wconf 92' lang='lat' dir='ltr'>Non</span> <span class='ocrx_word' id='word_1_496' title='bbox 848 3560 1008 3630; x_wconf 87' lang='lat' dir='ltr'>prius</span> <span class='ocrx_word' id='word_1_497' title='bbox 1065 3563 1262 3615; x_wconf 90' lang='lat' dir='ltr'>autem</span> <span class='ocrx_word' id='word_1_498' title='bbox 1319 3560 1515 3631; x_wconf 86' lang='lat' dir='ltr'>ignem</span> <span class='ocrx_word' id='word_1_499' title='bbox 1569 3560 1778 3632; x_wconf 89' lang='lat' dir='ltr'>attigit,</span> <span class='ocrx_word' id='word_1_500' title='bbox 1811 3579 1988 3634; x_wconf 86' lang='lat' dir='ltr'>quam</span> <span class='ocrx_word' id='word_1_501' title='bbox 2020 3581 2051 3620; x_wconf 94' lang='lat' dir='ltr'>e</span> 
     </span>
    </p>
   </div>
   <div class='ocr_carea' id='block_1_69' title="bbox 401 3648 2047 3723">
    <p class='ocr_par' dir='ltr' id='par_1_69' title="bbox 401 3648 2047 3723">
     <span class='ocr_line' id='line_1_69' title="bbox 401 3648 2047 3723; baseline 0.002 -18"><span class='ocrx_word' id='word_1_502' title='bbox 401 3650 541 3718; x_wconf 89' lang='lat' dir='ltr'>vita,</span> <span class='ocrx_word' id='word_1_503' title='bbox 576 3648 753 3705; x_wconf 89' lang='lat' dir='ltr'>etiam</span> <span class='ocrx_word' id='word_1_504' title='bbox 786 3648 998 3705; x_wconf 87' lang='lat' dir='ltr'>stultus</span> <span class='ocrx_word' id='word_1_505' title='bbox 1029 3648 1293 3718; x_wconf 78' lang='lat' dir='ltr'>excessit,</span> <span class='ocrx_word' id='word_1_506' title='bbox 1324 3650 1608 3719; x_wconf 86' lang='lat' dir='ltr'>protinus,</span> <span class='ocrx_word' id='word_1_507' title='bbox 1643 3667 1787 3723; x_wconf 91' lang='lat' dir='ltr'>quos</span> <span class='ocrx_word' id='word_1_508' title='bbox 1806 3654 2047 3721; x_wconf 90' lang='lat' dir='ltr'>vocavit,</span> 
     </span>
    </p>
   </div>
   <div class='ocr_carea' id='block_1_70' title="bbox 402 3732 1788 3813">
    <p class='ocr_par' dir='ltr' id='par_1_70' title="bbox 402 3732 1788 3813">
     <span class='ocr_line' id='line_1_70' title="bbox 402 3732 1788 3813; baseline -0.001 -17"><span class='ocrx_word' id='word_1_509' title='bbox 402 3732 806 3796; x_wconf 80' lang='lat' dir='ltr'>defensoribus</span> <span class='ocrx_word' id='word_1_510' title='bbox 830 3741 1075 3813; x_wconf 89' lang='lat' dir='ltr'>dignum</span> <span class='ocrx_word' id='word_1_511' title='bbox 1108 3746 1456 3799; x_wconf 89' lang='lat' dir='ltr'>consecutus</span> <span class='ocrx_word' id='word_1_512' title='bbox 1488 3740 1788 3798; x_wconf 92' lang='lat' dir='ltr'>auxilium.</span> 
     </span>
    </p>
   </div>
   <div class='ocr_carea' id='block_1_71' title="bbox 473 3918 2051 3991">
    <p class='ocr_par' dir='ltr' id='par_1_71' title="bbox 473 3918 2051 3991">
     <span class='ocr_line' id='line_1_71' title="bbox 473 3918 2051 3991; baseline 0 -13"><span class='ocrx_word' id='word_1_513' title='bbox 473 3922 703 3978; x_wconf 82' lang='lat' dir='ltr'>XXVII.</span> <span class='ocrx_word' id='word_1_514' title='bbox 738 3921 937 3977; x_wconf 88' lang='lat' dir='ltr'>Sancti</span> <span class='ocrx_word' id='word_1_515' title='bbox 990 3924 1185 3976; x_wconf 91' lang='lat' dir='ltr'>autem</span> <span class='ocrx_word' id='word_1_516' title='bbox 1230 3919 1329 3975; x_wconf 91' lang='lat' dir='ltr'>diu</span> <span class='ocrx_word' id='word_1_517' title='bbox 1363 3918 1422 3973; x_wconf 92' lang='lat' dir='ltr'>in</span> <span class='ocrx_word' id='word_1_518' title='bbox 1468 3919 1756 3990; x_wconf 83' lang='lat' dir='ltr'>sartagine</span> <span class='ocrx_word' id='word_1_519' title='bbox 1787 3937 2051 3991; x_wconf 88' lang='lat' dir='ltr'>perman-</span> 
     </span>
    </p>
   </div>
   <div class='ocr_carea' id='block_1_72' title="bbox 402 4007 2047 4078">
    <p class='ocr_par' dir='ltr' id='par_1_72' title="bbox 402 4007 2047 4078">
     <span class='ocr_line' id='line_1_72' title="bbox 402 4007 2047 4078; baseline -0.002 -9"><span class='ocrx_word' id='word_1_520' title='bbox 402 4015 605 4070; x_wconf 88' lang='lat' dir='ltr'>serunt</span> <span class='ocrx_word' id='word_1_521' title='bbox 652 4010 843 4076; x_wconf 66' lang='lat' dir='ltr'>illaesi,</span> <span class='ocrx_word' id='word_1_522' title='bbox 902 4008 1219 4064; x_wconf 90' lang='lat' dir='ltr'>illuminati</span> <span class='ocrx_word' id='word_1_523' title='bbox 1280 4007 1493 4078; x_wconf 90' lang='lat' dir='ltr'>potius,</span> <span class='ocrx_word' id='word_1_524' title='bbox 1541 4024 1714 4078; x_wconf 91' lang='lat' dir='ltr'>quam</span> <span class='ocrx_word' id='word_1_525' title='bbox 1764 4010 2047 4067; x_wconf 90' lang='lat' dir='ltr'>ardentes.</span> 
     </span>
    </p>
   </div>
   <div class='ocr_carea' id='block_1_73' title="bbox 402 4098 2049 4171">
    <p class='ocr_par' dir='ltr' id='par_1_73' title="bbox 402 4098 2049 4171">
     <span class='ocr_line' id='line_1_73' title="bbox 402 4098 2049 4171; baseline 0 -15"><span class='ocrx_word' id='word_1_526' title='bbox 402 4102 562 4169; x_wconf 80' lang='lat' dir='ltr'>Ignis</span> <span class='ocrx_word' id='word_1_527' title='bbox 611 4101 759 4156; x_wconf 88' lang='lat' dir='ltr'>enim</span> <span class='ocrx_word' id='word_1_528' title='bbox 819 4099 900 4155; x_wconf 86' lang='lat' dir='ltr'>eis</span> <span class='ocrx_word' id='word_1_529' title='bbox 956 4099 1293 4167; x_wconf 88' lang='lat' dir='ltr'>cededat,et</span> <span class='ocrx_word' id='word_1_530' title='bbox 1334 4098 1633 4153; x_wconf 89' lang='lat' dir='ltr'>coercebat</span> <span class='ocrx_word' id='word_1_531' title='bbox 1680 4114 1835 4166; x_wconf 91' lang='lat' dir='ltr'>eam,</span> <span class='ocrx_word' id='word_1_532' title='bbox 1872 4116 2049 4171; x_wconf 88' lang='lat' dir='ltr'>quam</span> 
     </span>
    </p>
   </div>
   <div class='ocr_carea' id='block_1_74' title="bbox 400 4186 2050 4259">
    <p class='ocr_par' dir='ltr' id='par_1_74' title="bbox 400 4186 2050 4259">
     <span class='ocr_line' id='line_1_74' title="bbox 400 4186 2050 4259; baseline 0.001 -15"><span class='ocrx_word' id='word_1_533' title='bbox 400 4189 671 4255; x_wconf 89' lang='lat' dir='ltr'>habebat,</span> <span class='ocrx_word' id='word_1_534' title='bbox 702 4188 1123 4259; x_wconf 84' lang='lat' dir='ltr'>Operationem,</span> <span class='ocrx_word' id='word_1_535' title='bbox 1158 4186 1331 4243; x_wconf 84' lang='lat' dir='ltr'>veluti</span> <span class='ocrx_word' id='word_1_536' title='bbox 1364 4186 1641 4243; x_wconf 88' lang='lat' dir='ltr'>reveritus</span> <span class='ocrx_word' id='word_1_537' title='bbox 1680 4203 2050 4245; x_wconf 90' lang='lat' dir='ltr'>communem</span> 
     </span>
    </p>
   </div>
   <div class='ocr_carea' id='block_1_75' title="bbox 399 4273 2047 4345">
    <p class='ocr_par' dir='ltr' id='par_1_75' title="bbox 399 4273 2047 4345">
     <span class='ocr_line' id='line_1_75' title="bbox 399 4273 2047 4345; baseline 0.001 -13"><span class='ocrx_word' id='word_1_538' title='bbox 399 4274 713 4332; x_wconf 90' lang='lat' dir='ltr'>Dominum</span> <span class='ocrx_word' id='word_1_539' title='bbox 745 4278 802 4329; x_wconf 91' lang='lat' dir='ltr'>et</span> <span class='ocrx_word' id='word_1_540' title='bbox 830 4274 1118 4345; x_wconf 86' lang='lat' dir='ltr'>opificem,</span> <span class='ocrx_word' id='word_1_541' title='bbox 1138 4291 1239 4345; x_wconf 93' lang='lat' dir='ltr'>pro</span> <span class='ocrx_word' id='word_1_542' title='bbox 1271 4290 1385 4344; x_wconf 90' lang='lat' dir='ltr'>quo</span> <span class='ocrx_word' id='word_1_543' title='bbox 1412 4273 1533 4330; x_wconf 59' lang='lat' dir='ltr'>haec</span> <span class='ocrx_word' id='word_1_544' title='bbox 1556 4274 1673 4345; x_wconf 79' lang='lat' dir='ltr'>pati</span> <span class='ocrx_word' id='word_1_545' title='bbox 1702 4280 2047 4333; x_wconf 86' lang='lat' dir='ltr'>statuerant.</span> 
     </span>
    </p>
   </div>
   <div class='ocr_carea' id='block_1_76' title="bbox 398 4364 2051 4436">
    <p class='ocr_par' dir='ltr' id='par_1_76' title="bbox 398 4364 2051 4436">
     <span class='ocr_line' id='line_1_76' title="bbox 398 4364 2051 4436; baseline 0.001 -17"><span class='ocrx_word' id='word_1_546' title='bbox 398 4364 616 4420; x_wconf 87' lang='lat' dir='ltr'>Videns</span> <span class='ocrx_word' id='word_1_547' title='bbox 675 4380 806 4434; x_wconf 85' lang='lat' dir='ltr'>ergo</span> <span class='ocrx_word' id='word_1_548' title='bbox 860 4365 1039 4435; x_wconf 85' lang='lat' dir='ltr'>judex</span> <span class='ocrx_word' id='word_1_549' title='bbox 1100 4380 1187 4420; x_wconf 90' lang='lat' dir='ltr'>res</span> <span class='ocrx_word' id='word_1_550' title='bbox 1246 4379 1417 4419; x_wconf 91' lang='lat' dir='ltr'>novas</span> <span class='ocrx_word' id='word_1_551' title='bbox 1485 4368 1542 4419; x_wconf 90' lang='lat' dir='ltr'>et</span> <span class='ocrx_word' id='word_1_552' title='bbox 1598 4365 1938 4436; x_wconf 84' lang='lat' dir='ltr'>stupendae,</span> <span class='ocrx_word' id='word_1_553' title='bbox 1994 4369 2051 4421; x_wconf 84' lang='lat' dir='ltr'>et</span> 
     </span>
    </p>
   </div>
   <div class='ocr_carea' id='block_1_77' title="bbox 399 4453 2050 4527">
    <p class='ocr_par' dir='ltr' id='par_1_77' title="bbox 399 4453 2050 4527">
     <span class='ocr_line' id='line_1_77' title="bbox 399 4453 2050 4527; baseline 0.002 -18"><span class='ocrx_word' id='word_1_554' title='bbox 399 4455 621 4527; x_wconf 85' lang='lat' dir='ltr'>ignem,</span> <span class='ocrx_word' id='word_1_555' title='bbox 652 4458 934 4525; x_wconf 88' lang='lat' dir='ltr'>tanquam</span> <span class='ocrx_word' id='word_1_556' title='bbox 994 4469 1175 4509; x_wconf 90' lang='lat' dir='ltr'>unum</span> <span class='ocrx_word' id='word_1_557' title='bbox 1237 4469 1305 4508; x_wconf 82' lang='lat' dir='ltr'>ex</span> <span class='ocrx_word' id='word_1_558' title='bbox 1337 4453 1428 4519; x_wconf 90' lang='lat' dir='ltr'>iis,</span> <span class='ocrx_word' id='word_1_559' title='bbox 1482 4470 1606 4524; x_wconf 72' lang='lat' dir='ltr'>qua:</span> <span class='ocrx_word' id='word_1_560' title='bbox 1657 4458 1798 4509; x_wconf 92' lang='lat' dir='ltr'>sunt</span> <span class='ocrx_word' id='word_1_561' title='bbox 1830 4454 2050 4513; x_wconf 89' lang='lat' dir='ltr'>ratione</span> 
     </span>
    </p>
   </div>
   <div class='ocr_carea' id='block_1_78' title="bbox 398 4542 2048 4616">
    <p class='ocr_par' dir='ltr' id='par_1_78' title="bbox 398 4542 2048 4616">
     <span class='ocr_line' id='line_1_78' title="bbox 398 4542 2048 4616; baseline 0.001 -17"><span class='ocrx_word' id='word_1_562' title='bbox 398 4543 662 4616; x_wconf 59' lang='lat' dir='ltr'>pradita,</span> <span class='ocrx_word' id='word_1_563' title='bbox 735 4543 1158 4600; x_wconf 88' lang='lat' dir='ltr'>discernentem</span> <span class='ocrx_word' id='word_1_564' title='bbox 1212 4542 1467 4598; x_wconf 88' lang='lat' dir='ltr'>amicum</span> <span class='ocrx_word' id='word_1_565' title='bbox 1540 4544 1611 4597; x_wconf 85' lang='lat' dir='ltr'>ab</span> <span class='ocrx_word' id='word_1_566' title='bbox 1678 4543 1936 4609; x_wconf 88' lang='lat' dir='ltr'>inimico,</span> <span class='ocrx_word' id='word_1_567' title='bbox 1991 4548 2048 4600; x_wconf 84' lang='lat' dir='ltr'>et</span> 
     </span>
    </p>
   </div>
   <div class='ocr_carea' id='block_1_79' title="bbox 2162 3292 3814 3371">
    <p class='ocr_par' dir='ltr' id='par_1_79' title="bbox 2162 3292 3814 3371">
     <span class='ocr_line' id='line_1_79' title="bbox 2162 3292 3814 3371; baseline -0.001 -23"><span class='ocrx_word' id='word_1_568' title='bbox 2162 3292 2543 3368; x_wconf 68' lang='grc' dir='ltr'>πυριφλεγοῦς</span> <span class='ocrx_word' id='word_1_569' title='bbox 2595 3296 2832 3371; x_wconf 84' lang='grc' dir='ltr'>τηγάνου</span> <span class='ocrx_word' id='word_1_570' title='bbox 2888 3295 3130 3356; x_wconf 76' lang='grc' dir='ltr'>καύσεως</span> <span class='ocrx_word' id='word_1_571' title='bbox 3188 3292 3518 3367; x_wconf 87' lang='grc' dir='ltr'>κατετόλμα.</span> <span class='ocrx_word' id='word_1_572' title='bbox 3571 3296 3666 3348; x_wconf 82' lang='grc' dir='ltr'>Δία</span> <span class='ocrx_word' id='word_1_573' title='bbox 3723 3295 3814 3348; x_wconf 76' lang='grc' dir='ltr'>καὶ</span> 
     </span>
    </p>
   </div>
   <div class='ocr_carea' id='block_1_80' title="bbox 2163 3380 3815 3460">
    <p class='ocr_par' dir='ltr' id='par_1_80' title="bbox 2163 3380 3815 3460">
     <span class='ocr_line' id='line_1_80' title="bbox 2163 3380 3815 3460; baseline -0.002 -18"><span class='ocrx_word' id='word_1_574' title='bbox 2163 3383 2503 3454; x_wconf 81' lang='grc' dir='ltr'>Ἀσκληπιὸν</span> <span class='ocrx_word' id='word_1_575' title='bbox 2536 3380 3109 3458; x_wconf 77' lang='grc' dir='ltr'>ἐπιϐοησάμενος,τὸν</span> <span class='ocrx_word' id='word_1_576' title='bbox 3144 3385 3258 3459; x_wconf 74' lang='grc' dir='ltr'>μὶν,</span> <span class='ocrx_word' id='word_1_577' title='bbox 3301 3385 3375 3445; x_wconf 85' lang='grc' dir='ltr'>ὡς</span> <span class='ocrx_word' id='word_1_578' title='bbox 3422 3382 3518 3439; x_wconf 83' lang='grc' dir='ltr'>τοῦ</span> <span class='ocrx_word' id='word_1_579' title='bbox 3574 3385 3815 3460; x_wconf 82' lang='grc' dir='ltr'>αἰθερίου</span> 
     </span>
    </p>
   </div>
   <div class='ocr_carea' id='block_1_81' title="bbox 2161 3472 3815 3549">
    <p class='ocr_par' dir='ltr' id='par_1_81' title="bbox 2161 3472 3815 3549">
     <span class='ocr_line' id='line_1_81' title="bbox 2161 3472 3815 3549; baseline -0.001 -20"><span class='ocrx_word' id='word_1_580' title='bbox 2161 3494 2219 3529; x_wconf 90' lang='grc' dir='ltr'>τε</span> <span class='ocrx_word' id='word_1_581' title='bbox 2259 3474 2347 3528; x_wconf 80' lang='grc' dir='ltr'>καὶ</span> <span class='ocrx_word' id='word_1_582' title='bbox 2396 3474 2675 3549; x_wconf 88' lang='grc' dir='ltr'>περιγείου</span> <span class='ocrx_word' id='word_1_583' title='bbox 2733 3475 2903 3549; x_wconf 87' lang='grc' dir='ltr'>πυρὸς</span> <span class='ocrx_word' id='word_1_584' title='bbox 2950 3472 3214 3549; x_wconf 78' lang='grc' dir='ltr'>ἄρχοντα,</span> <span class='ocrx_word' id='word_1_585' title='bbox 3280 3475 3370 3529; x_wconf 88' lang='grc' dir='ltr'>τὸν</span> <span class='ocrx_word' id='word_1_586' title='bbox 3436 3472 3513 3540; x_wconf 72' lang='grc' dir='ltr'>δὲ,</span> <span class='ocrx_word' id='word_1_587' title='bbox 3576 3476 3652 3537; x_wconf 85' lang='grc' dir='ltr'>ὡς</span> <span class='ocrx_word' id='word_1_588' title='bbox 3715 3478 3815 3529; x_wconf 87' lang='grc' dir='ltr'>τοῦ</span> 
     </span>
    </p>
   </div>
   <div class='ocr_carea' id='block_1_82' title="bbox 2167 3559 3816 3640">
    <p class='ocr_par' dir='ltr' id='par_1_82' title="bbox 2167 3559 3816 3640">
     <span class='ocr_line' id='line_1_82' title="bbox 2167 3559 3816 3640; baseline 0 -23"><span class='ocrx_word' id='word_1_589' title='bbox 2167 3562 2421 3636; x_wconf 81' lang='grc' dir='ltr'>ὑγιαίνειν</span> <span class='ocrx_word' id='word_1_590' title='bbox 2453 3565 2693 3638; x_wconf 87' lang='grc' dir='ltr'>χορηγὸν</span> <span class='ocrx_word' id='word_1_591' title='bbox 2720 3564 3104 3637; x_wconf 58' lang='grc' dir='ltr'>νομιζόμενον</span> <span class='ocrx_word' id='word_1_592' title='bbox 3148 3562 3247 3619; x_wconf 86' lang='grc' dir='ltr'>ούκ</span> <span class='ocrx_word' id='word_1_593' title='bbox 3281 3559 3414 3640; x_wconf 74' lang='grc' dir='ltr'>ἔφθη</span> <span class='ocrx_word' id='word_1_594' title='bbox 3457 3560 3513 3618; x_wconf 76' lang='grc' dir='ltr'>δὲ</span> <span class='ocrx_word' id='word_1_595' title='bbox 3566 3562 3644 3635; x_wconf 80' lang='grc' dir='ltr'>τῷ</span> <span class='ocrx_word' id='word_1_596' title='bbox 3683 3563 3816 3637; x_wconf 75' lang='grc' dir='ltr'>πυρὶ</span> 
     </span>
    </p>
   </div>
   <div class='ocr_carea' id='block_1_83' title="bbox 2163 3651 3815 3728">
    <p class='ocr_par' dir='ltr' id='par_1_83' title="bbox 2163 3651 3815 3728">
     <span class='ocr_line' id='line_1_83' title="bbox 2163 3651 3815 3728; baseline 0 -21"><span class='ocrx_word' id='word_1_597' title='bbox 2163 3655 2531 3727; x_wconf 67' lang='grc' dir='ltr'>προσψαῦσαι,</span> <span class='ocrx_word' id='word_1_598' title='bbox 2563 3654 2652 3708; x_wconf 81' lang='grc' dir='ltr'>καὶ</span> <span class='ocrx_word' id='word_1_599' title='bbox 2679 3657 2775 3709; x_wconf 87' lang='grc' dir='ltr'>τοῦ</span> <span class='ocrx_word' id='word_1_600' title='bbox 2826 3657 2922 3728; x_wconf 82' lang='grc' dir='ltr'>ζῇν</span> <span class='ocrx_word' id='word_1_601' title='bbox 2962 3652 3119 3718; x_wconf 76' lang='grc' dir='ltr'>εὐθὺς</span> <span class='ocrx_word' id='word_1_602' title='bbox 3170 3654 3197 3707; x_wconf 94' lang='lat'>6</span> <span class='ocrx_word' id='word_1_603' title='bbox 3251 3654 3477 3726; x_wconf 83' lang='grc' dir='ltr'>μάταιος</span> <span class='ocrx_word' id='word_1_604' title='bbox 3523 3651 3815 3723; x_wconf 79' lang='grc' dir='ltr'>ἀπηλλάτ-</span> 
     </span>
    </p>
   </div>
   <div class='ocr_carea' id='block_1_84' title="bbox 2164 3741 3820 3817">
    <p class='ocr_par' dir='ltr' id='par_1_84' title="bbox 2164 3741 3820 3817">
     <span class='ocr_line' id='line_1_84' title="bbox 2164 3741 3820 3817; baseline 0.001 -21"><span class='ocrx_word' id='word_1_605' title='bbox 2164 3762 2309 3811; x_wconf 90' lang='grc' dir='ltr'>τετο,</span> <span class='ocrx_word' id='word_1_606' title='bbox 2375 3742 2525 3812; x_wconf 79' lang='grc' dir='ltr'>ἀξιας</span> <span class='ocrx_word' id='word_1_607' title='bbox 2569 3744 2643 3797; x_wconf 85' lang='grc' dir='ltr'>ὧν</span> <span class='ocrx_word' id='word_1_608' title='bbox 2701 3742 2965 3813; x_wconf 83' lang='grc' dir='ltr'>κέκληκεν</span> <span class='ocrx_word' id='word_1_609' title='bbox 3037 3744 3444 3817; x_wconf 85' lang='grc' dir='ltr'>ὑπερασπιστῶν</span> <span class='ocrx_word' id='word_1_610' title='bbox 3500 3741 3820 3806; x_wconf 79' lang='grc' dir='ltr'>ἀπολαύσας</span> 
     </span>
    </p>
   </div>
   <div class='ocr_carea' id='block_1_85' title="bbox 2162 3830 2570 3906">
    <p class='ocr_par' dir='ltr' id='par_1_85' title="bbox 2162 3830 2570 3906">
     <span class='ocr_line' id='line_1_85' title="bbox 2162 3830 2570 3906; baseline -0.005 -19"><span class='ocrx_word' id='word_1_611' title='bbox 2162 3838 2261 3901; x_wconf 82' lang='grc' dir='ltr'>τῆς</span> <span class='ocrx_word' id='word_1_612' title='bbox 2299 3830 2570 3906; x_wconf 84' lang='grc' dir='ltr'>βοηθείας.</span> 
     </span>
    </p>
   </div>
   <div class='ocr_carea' id='block_1_86' title="bbox 2236 3918 3814 3997">
    <p class='ocr_par' dir='ltr' id='par_1_86' title="bbox 2236 3918 3814 3997">
     <span class='ocr_line' id='line_1_86' title="bbox 2236 3918 3814 3997; baseline 0.001 -22"><span class='ocrx_word' id='word_1_613' title='bbox 2236 3922 2348 3980; x_wconf 83' lang='grc' dir='ltr'>ΚΖ’.</span> <span class='ocrx_word' id='word_1_614' title='bbox 2380 3923 2443 3975; x_wconf 77' lang='grc' dir='ltr'>Οἱ</span> <span class='ocrx_word' id='word_1_615' title='bbox 2484 3922 2626 3997; x_wconf 82' lang='grc' dir='ltr'>ἅγιοι</span> <span class='ocrx_word' id='word_1_616' title='bbox 2685 3918 2743 3975; x_wconf 70' lang='grc' dir='ltr'>δὲ</span> <span class='ocrx_word' id='word_1_617' title='bbox 2790 3922 2933 3996; x_wconf 85' lang='grc' dir='ltr'>παρὰ</span> <span class='ocrx_word' id='word_1_618' title='bbox 2990 3923 3035 3959; x_wconf 83' lang='grc'>⁸³</span> <span class='ocrx_word' id='word_1_619' title='bbox 3067 3918 3210 3976; x_wconf 80' lang='grc' dir='ltr'>πολὺ</span> <span class='ocrx_word' id='word_1_620' title='bbox 3261 3921 3339 3994; x_wconf 81' lang='grc' dir='ltr'>τῷ</span> <span class='ocrx_word' id='word_1_621' title='bbox 3377 3922 3593 3997; x_wconf 82' lang='grc' dir='ltr'>τηγάνῳ</span> <span class='ocrx_word' id='word_1_622' title='bbox 3641 3942 3814 3996; x_wconf 78' lang='grc' dir='ltr'>προσο</span> 
     </span>
    </p>
   </div>
   <div class='ocr_carea' id='block_1_87' title="bbox 2160 4006 3814 4085">
    <p class='ocr_par' dir='ltr' id='par_1_87' title="bbox 2160 4006 3814 4085">
     <span class='ocr_line' id='line_1_87' title="bbox 2160 4006 3814 4085; baseline 0.001 -20"><span class='ocrx_word' id='word_1_623' title='bbox 2160 4014 2565 4085; x_wconf 76' lang='grc' dir='ltr'>καρτεροῦντες,</span> <span class='ocrx_word' id='word_1_624' title='bbox 2664 4011 2890 4075; x_wconf 82' lang='grc' dir='ltr'>ἀπαθεῖς</span> <span class='ocrx_word' id='word_1_625' title='bbox 2993 4006 3202 4083; x_wconf 78' lang='grc' dir='ltr'>ἔμενον,</span> <span class='ocrx_word' id='word_1_626' title='bbox 3325 4010 3814 4085; x_wconf 78' lang='grc' dir='ltr'>περιαυγαςόμενοι</span> 
     </span>
    </p>
   </div>
   <div class='ocr_carea' id='block_1_88' title="bbox 2164 4098 3816 4179">
    <p class='ocr_par' dir='ltr' id='par_1_88' title="bbox 2164 4098 3816 4179">
     <span class='ocr_line' id='line_1_88' title="bbox 2164 4098 3816 4179; baseline 0.001 -25"><span class='ocrx_word' id='word_1_627' title='bbox 2164 4098 2381 4173; x_wconf 72' lang='grc' dir='ltr'>μᾶλλον</span> <span class='ocrx_word' id='word_1_628' title='bbox 2412 4101 2447 4169; x_wconf 76' lang='grc' dir='ltr'>ἤ</span> <span class='ocrx_word' id='word_1_629' title='bbox 2481 4100 2829 4179; x_wconf 79' lang='grc' dir='ltr'>φλεγόμενοι.</span> <span class='ocrx_word' id='word_1_630' title='bbox 2865 4099 2967 4158; x_wconf 72' lang='grc' dir='ltr'>Καὶ</span> <span class='ocrx_word' id='word_1_631' title='bbox 3012 4102 3116 4175; x_wconf 79' lang='grc' dir='ltr'>γάρ</span> <span class='ocrx_word' id='word_1_632' title='bbox 3166 4101 3441 4176; x_wconf 83' lang='grc' dir='ltr'>ὑπεχώρει</span> <span class='ocrx_word' id='word_1_633' title='bbox 3490 4099 3707 4164; x_wconf 86' lang='grc' dir='ltr'>τούτοις</span> <span class='ocrx_word' id='word_1_634' title='bbox 3750 4102 3816 4155; x_wconf 84' lang='grc' dir='ltr'>τὸ</span> 
     </span>
    </p>
   </div>
   <div class='ocr_carea' id='block_1_89' title="bbox 2160 4188 3816 4267">
    <p class='ocr_par' dir='ltr' id='par_1_89' title="bbox 2160 4188 3816 4267">
     <span class='ocr_line' id='line_1_89' title="bbox 2160 4188 3816 4267; baseline 0 -22"><span class='ocrx_word' id='word_1_635' title='bbox 2160 4194 2291 4266; x_wconf 88' lang='grc' dir='ltr'>πῦρ,</span> <span class='ocrx_word' id='word_1_636' title='bbox 2333 4192 2422 4245; x_wconf 90' lang='grc' dir='ltr'>καὶ</span> <span class='ocrx_word' id='word_1_637' title='bbox 2455 4190 2523 4259; x_wconf 72' lang='grc' dir='ltr'>ἢν</span> <span class='ocrx_word' id='word_1_638' title='bbox 2566 4191 2712 4265; x_wconf 75' lang='grc' dir='ltr'>εἶχεν</span> <span class='ocrx_word' id='word_1_639' title='bbox 2780 4188 3041 4267; x_wconf 76' lang='grc' dir='ltr'>ἐνέργειαν</span> <span class='ocrx_word' id='word_1_640' title='bbox 3087 4192 3400 4266; x_wconf 81' lang='grc' dir='ltr'>ἀπηρνεῖτο,</span> <span class='ocrx_word' id='word_1_641' title='bbox 3441 4192 3678 4264; x_wconf 83' lang='grc' dir='ltr'>καθάπερ</span> <span class='ocrx_word' id='word_1_642' title='bbox 3717 4190 3816 4246; x_wconf 76' lang='grc' dir='ltr'>τόν</span> 
     </span>
    </p>
   </div>
   <div class='ocr_carea' id='block_1_90' title="bbox 2162 4278 3816 4354">
    <p class='ocr_par' dir='ltr' id='par_1_90' title="bbox 2162 4278 3816 4354">
     <span class='ocr_line' id='line_1_90' title="bbox 2162 4278 3816 4354; baseline 0 -20"><span class='ocrx_word' id='word_1_643' title='bbox 2162 4280 2295 4353; x_wconf 74' lang='grc' dir='ltr'>ὑπὲρ</span> <span class='ocrx_word' id='word_1_644' title='bbox 2329 4280 2390 4333; x_wconf 85' lang='grc' dir='ltr'>οῦ</span> <span class='ocrx_word' id='word_1_645' title='bbox 2422 4284 2592 4334; x_wconf 82' lang='grc' dir='ltr'>ταῦτα</span> <span class='ocrx_word' id='word_1_646' title='bbox 2646 4280 2875 4354; x_wconf 81' lang='grc' dir='ltr'>πάσχειν</span> <span class='ocrx_word' id='word_1_647' title='bbox 2928 4278 3141 4335; x_wconf 79' lang='grc' dir='ltr'>ε’ίλοντο</span> <span class='ocrx_word' id='word_1_648' title='bbox 3181 4281 3363 4335; x_wconf 88' lang='grc' dir='ltr'>κοινὸν</span> <span class='ocrx_word' id='word_1_649' title='bbox 3408 4279 3680 4350; x_wconf 88' lang='grc' dir='ltr'>Δεσπότην</span> <span class='ocrx_word' id='word_1_650' title='bbox 3720 4280 3816 4335; x_wconf 76' lang='grc' dir='ltr'>καὶ</span> 
     </span>
    </p>
   </div>
   <div class='ocr_carea' id='block_1_91' title="bbox 2160 4364 3818 4444">
    <p class='ocr_par' dir='ltr' id='par_1_91' title="bbox 2160 4364 3818 4444">
     <span class='ocr_line' id='line_1_91' title="bbox 2160 4364 3818 4444; baseline 0.001 -23"><span class='ocrx_word' id='word_1_651' title='bbox 2160 4364 2497 4442; x_wconf 83' lang='grc' dir='ltr'>δημιουργὸν</span> <span class='ocrx_word' id='word_1_652' title='bbox 2532 4364 2955 4441; x_wconf 77' lang='grc' dir='ltr'>εὐλαϐούμενον.</span> <span class='ocrx_word' id='word_1_653' title='bbox 2987 4370 3161 4444; x_wconf 80' lang='grc' dir='ltr'>Ὁρῶν</span> <span class='ocrx_word' id='word_1_654' title='bbox 3204 4370 3297 4424; x_wconf 80' lang='grc' dir='ltr'>οὖν</span> <span class='ocrx_word' id='word_1_655' title='bbox 3328 4369 3356 4423; x_wconf 87' lang='lat'>6</span> <span class='ocrx_word' id='word_1_656' title='bbox 3390 4365 3621 4438; x_wconf 75' lang='grc' dir='ltr'>δικάζων</span> <span class='ocrx_word' id='word_1_657' title='bbox 3670 4388 3818 4443; x_wconf 86' lang='grc' dir='ltr'>πρα-</span> 
     </span>
    </p>
   </div>
   <div class='ocr_carea' id='block_1_92' title="bbox 2160 4452 3819 4532">
    <p class='ocr_par' dir='ltr' id='par_1_92' title="bbox 2160 4452 3819 4532">
     <span class='ocr_line' id='line_1_92' title="bbox 2160 4452 3819 4532; baseline 0.001 -22"><span class='ocrx_word' id='word_1_658' title='bbox 2160 4456 2385 4531; x_wconf 84' lang='grc' dir='ltr'>γμάτων</span> <span class='ocrx_word' id='word_1_659' title='bbox 2434 4452 2696 4530; x_wconf 76' lang='grc' dir='ltr'>ἔκπληξιν</span> <span class='ocrx_word' id='word_1_660' title='bbox 2764 4458 2855 4513; x_wconf 85' lang='grc' dir='ltr'>καὶ</span> <span class='ocrx_word' id='word_1_661' title='bbox 2900 4458 3275 4532; x_wconf 80' lang='grc' dir='ltr'>καινοτομίαν,</span> <span class='ocrx_word' id='word_1_662' title='bbox 3323 4459 3409 4512; x_wconf 76' lang='grc' dir='ltr'>καὶ</span> <span class='ocrx_word' id='word_1_663' title='bbox 3464 4461 3527 4512; x_wconf 87' lang='grc' dir='ltr'>τὸ</span> <span class='ocrx_word' id='word_1_664' title='bbox 3575 4461 3683 4532; x_wconf 86' lang='grc' dir='ltr'>πῦρ</span> <span class='ocrx_word' id='word_1_665' title='bbox 3738 4458 3819 4519; x_wconf 74' lang='grc' dir='ltr'>ὡς</span> 
     </span>
    </p>
   </div>
   <div class='ocr_carea' id='block_1_93' title="bbox 2158 4542 3814 4625">
    <p class='ocr_par' dir='ltr' id='par_1_93' title="bbox 2158 4542 3814 4625">
     <span class='ocr_line' id='line_1_93' title="bbox 2158 4542 3814 4625; baseline 0.001 -27"><span class='ocrx_word' id='word_1_666' title='bbox 2158 4542 2211 4599; x_wconf 73' lang='grc' dir='ltr'>ἓν</span> <span class='ocrx_word' id='word_1_667' title='bbox 2244 4566 2295 4599; x_wconf 94' lang='grc' dir='ltr'>τι</span> <span class='ocrx_word' id='word_1_668' title='bbox 2346 4550 2455 4600; x_wconf 84' lang='grc' dir='ltr'>τῶν</span> <span class='ocrx_word' id='word_1_669' title='bbox 2504 4546 2739 4622; x_wconf 79' lang='grc' dir='ltr'>λογικῶν</span> <span class='ocrx_word' id='word_1_670' title='bbox 2800 4546 2967 4625; x_wconf 64' lang='grc' dir='ltr'>τρίλου</span> <span class='ocrx_word' id='word_1_671' title='bbox 3028 4549 3119 4605; x_wconf 84' lang='grc' dir='ltr'>καὶ</span> <span class='ocrx_word' id='word_1_672' title='bbox 3185 4544 3486 4619; x_wconf 84' lang='grc' dir='ltr'>δυσμενοῦς</span> <span class='ocrx_word' id='word_1_673' title='bbox 3545 4543 3814 4621; x_wconf 79' lang='grc' dir='ltr'>διάκρισιν</span> 
     </span>
    </p>
   </div>
   <div class='ocr_carea' id='block_1_94' title="bbox 399 4606 2045 4712">
    <p class='ocr_par' dir='ltr' id='par_1_94' title="bbox 399 4606 2043 4705">
     <span class='ocr_line' id='line_1_94' title="bbox 399 4606 2043 4705; baseline -0.001 -15"><span class='ocrx_word' id='word_1_674' title='bbox 399 4606 630 4691; x_wconf 70' lang='lat' dir='ltr'>sanctos</span> <span class='ocrx_word' id='word_1_675' title='bbox 649 4606 658 4611; x_wconf 36' lang='lat'>&#39;</span> <span class='ocrx_word' id='word_1_676' title='bbox 680 4633 912 4705; x_wconf 89' lang='lat' dir='ltr'>quidem</span> <span class='ocrx_word' id='word_1_677' title='bbox 955 4632 1163 4688; x_wconf 65' lang='lat' dir='ltr'>illaesos</span> <span class='ocrx_word' id='word_1_678' title='bbox 1184 4636 1580 4704; x_wconf 84' lang='lat' dir='ltr'>protegentem</span> <span class='ocrx_word' id='word_1_679' title='bbox 1609 4640 1660 4687; x_wconf 89' lang='lat' dir='ltr'>et</span> <span class='ocrx_word' id='word_1_680' title='bbox 1692 4606 2043 4689; x_wconf 82' lang='lat' dir='ltr'>conservan-</span> 
     </span>
    </p>
   </div>
   <div class='ocr_carea' id='block_1_95' title="bbox 2163 4606 3813 4712">
    <p class='ocr_par' dir='ltr' id='par_1_95' title="bbox 2163 4606 3813 4712">
     <span class='ocr_line' id='line_1_95' title="bbox 2163 4606 3813 4712; baseline 0 -23"><span class='ocrx_word' id='word_1_681' title='bbox 2163 4634 2507 4707; x_wconf 86' lang='grc' dir='ltr'>ποιούμενον,</span> <span class='ocrx_word' id='word_1_682' title='bbox 2556 4606 2645 4689; x_wconf 60' lang='grc' dir='ltr'>καὶ</span> <span class='ocrx_word' id='word_1_683' title='bbox 2691 4606 2822 4698; x_wconf 67' lang='grc' dir='ltr'>τοὺς</span> <span class='ocrx_word' id='word_1_684' title='bbox 2876 4637 2971 4709; x_wconf 79' lang='grc' dir='ltr'>μὶν</span> <span class='ocrx_word' id='word_1_685' title='bbox 3033 4638 3227 4712; x_wconf 80' lang='grc' dir='ltr'>ἁγίους</span> <span class='ocrx_word' id='word_1_686' title='bbox 3271 4636 3497 4699; x_wconf 80' lang='grc' dir='ltr'>ἀπαθεῖς</span> <span class='ocrx_word' id='word_1_687' title='bbox 3554 4606 3813 4711; x_wconf 74' lang='grc' dir='ltr'>περίέπον</span> 
     </span>
    </p>
   </div>
   <div class='ocr_carea' id='block_1_96' title="bbox 394 4721 2044 4793">
    <p class='ocr_par' dir='ltr' id='par_1_96' title="bbox 394 4721 2044 4793">
     <span class='ocr_line' id='line_1_96' title="bbox 394 4721 2044 4793; baseline -0.001 -13"><span class='ocrx_word' id='word_1_688' title='bbox 394 4729 535 4792; x_wconf 87' lang='lat' dir='ltr'>tem,</span> <span class='ocrx_word' id='word_1_689' title='bbox 591 4722 969 4778; x_wconf 81' lang='lat' dir='ltr'>Athanasium</span> <span class='ocrx_word' id='word_1_690' title='bbox 1031 4726 1225 4777; x_wconf 89' lang='lat' dir='ltr'>autem</span> <span class='ocrx_word' id='word_1_691' title='bbox 1276 4738 1378 4793; x_wconf 91' lang='lat' dir='ltr'>pro</span> <span class='ocrx_word' id='word_1_692' title='bbox 1430 4721 1654 4778; x_wconf 89' lang='lat' dir='ltr'>meritis</span> <span class='ocrx_word' id='word_1_693' title='bbox 1694 4723 1767 4778; x_wconf 90' lang='lat' dir='ltr'>ad</span> <span class='ocrx_word' id='word_1_694' title='bbox 1806 4727 2044 4780; x_wconf 88' lang='lat' dir='ltr'>mortem</span> 
     </span>
    </p>
   </div>
   <div class='ocr_carea' id='block_1_97' title="bbox 395 4812 2040 4884">
    <p class='ocr_par' dir='ltr' id='par_1_97' title="bbox 395 4812 2040 4884">
     <span class='ocr_line' id='line_1_97' title="bbox 395 4812 2040 4884; baseline 0 -15"><span class='ocrx_word' id='word_1_695' title='bbox 395 4813 819 4878; x_wconf 87' lang='lat' dir='ltr'>transmisisse,</span> <span class='ocrx_word' id='word_1_696' title='bbox 860 4812 984 4883; x_wconf 90' lang='lat' dir='ltr'>ipse</span> <span class='ocrx_word' id='word_1_697' title='bbox 1025 4826 1255 4883; x_wconf 90' lang='lat' dir='ltr'>quoque</span> <span class='ocrx_word' id='word_1_698' title='bbox 1322 4812 1738 4884; x_wconf 90' lang='lat' dir='ltr'>propemodum</span> <span class='ocrx_word' id='word_1_699' title='bbox 1791 4812 2040 4869; x_wconf 77' lang='lat' dir='ltr'>suffoca~</span> 
     </span>
    </p>
   </div>
   <div class='ocr_carea' id='block_1_98' title="bbox 395 4900 2042 4971">
    <p class='ocr_par' dir='ltr' id='par_1_98' title="bbox 395 4900 2042 4971">
     <span class='ocr_line' id='line_1_98' title="bbox 395 4900 2042 4971; baseline -0.001 -10"><span class='ocrx_word' id='word_1_700' title='bbox 395 4905 570 4961; x_wconf 85' lang='lat' dir='ltr'>batur</span> <span class='ocrx_word' id='word_1_701' title='bbox 589 4922 602 4959; x_wconf 90' lang='lat'><strong>:</strong></span> <span class='ocrx_word' id='word_1_702' title='bbox 620 4908 695 4971; x_wconf 92' lang='lat' dir='ltr'>et,</span> <span class='ocrx_word' id='word_1_703' title='bbox 724 4906 884 4957; x_wconf 65' lang='lat' dir='ltr'>Curis</span> <span class='ocrx_word' id='word_1_704' title='bbox 904 4900 1048 4956; x_wconf 89' lang='lat' dir='ltr'>mihi</span> <span class='ocrx_word' id='word_1_705' title='bbox 1067 4904 1154 4958; x_wconf 86' lang='lat' dir='ltr'>est</span> <span class='ocrx_word' id='word_1_706' title='bbox 1176 4900 1422 4969; x_wconf 86' lang='lat' dir='ltr'>amicus,</span> <span class='ocrx_word' id='word_1_707' title='bbox 1442 4901 1763 4969; x_wconf 87' lang='lat' dir='ltr'>dicebat,et</span> <span class='ocrx_word' id='word_1_708' title='bbox 1778 4903 2042 4959; x_wconf 63' lang='lat' dir='ltr'>maximis</span> 
     </span>
    </p>
   </div>
   <div class='ocr_carea' id='block_1_99' title="bbox 396 4991 2035 5065">
    <p class='ocr_par' dir='ltr' id='par_1_99' title="bbox 396 4991 2035 5065">
     <span class='ocr_line' id='line_1_99' title="bbox 396 4991 2035 5065; baseline -0.001 -14"><span class='ocrx_word' id='word_1_709' title='bbox 396 5011 569 5063; x_wconf 74' lang='lat' dir='ltr'>cum,</span> <span class='ocrx_word' id='word_1_710' title='bbox 602 5001 655 5048; x_wconf 88' lang='lat' dir='ltr'>et</span> <span class='ocrx_word' id='word_1_711' title='bbox 696 4996 931 5065; x_wconf 89' lang='lat' dir='ltr'>propter</span> <span class='ocrx_word' id='word_1_712' title='bbox 970 5006 1104 5046; x_wconf 90' lang='lat' dir='ltr'>eum</span> <span class='ocrx_word' id='word_1_713' title='bbox 1164 4991 1480 5047; x_wconf 86' lang='lat' dir='ltr'>maximum</span> <span class='ocrx_word' id='word_1_714' title='bbox 1531 4992 1717 5048; x_wconf 89' lang='lat' dir='ltr'>sentio</span> <span class='ocrx_word' id='word_1_715' title='bbox 1760 4992 2035 5050; x_wconf 77' lang='lat' dir='ltr'>dolorem.</span> 
     </span>
    </p>
   </div>
   <div class='ocr_carea' id='block_1_100' title="bbox 395 5079 2045 5150">
    <p class='ocr_par' dir='ltr' id='par_1_100' title="bbox 395 5079 2045 5150">
     <span class='ocr_line' id='line_1_100' title="bbox 395 5079 2045 5150; baseline -0.002 -10"><span class='ocrx_word' id='word_1_716' title='bbox 395 5085 539 5140; x_wconf 91' lang='lat' dir='ltr'>Cum</span> <span class='ocrx_word' id='word_1_717' title='bbox 571 5097 703 5137; x_wconf 88' lang='lat' dir='ltr'>vero</span> <span class='ocrx_word' id='word_1_718' title='bbox 739 5086 997 5136; x_wconf 84' lang='lat' dir='ltr'>vocasset</span> <span class='ocrx_word' id='word_1_719' title='bbox 1026 5080 1339 5150; x_wconf 90' lang='lat' dir='ltr'>quemdam</span> <span class='ocrx_word' id='word_1_720' title='bbox 1391 5097 1460 5137; x_wconf 87' lang='lat' dir='ltr'>ex</span> <span class='ocrx_word' id='word_1_721' title='bbox 1489 5079 1769 5150; x_wconf 82' lang='lat' dir='ltr'>cognatis,</span> <span class='ocrx_word' id='word_1_722' title='bbox 1803 5082 1894 5139; x_wconf 91' lang='lat' dir='ltr'>cui</span> <span class='ocrx_word' id='word_1_723' title='bbox 1936 5099 2045 5138; x_wconf 88' lang='lat' dir='ltr'>no-</span> 
     </span>
    </p>
   </div>
   <div class='ocr_carea' id='block_1_101' title="bbox 397 5169 2044 5235">
    <p class='ocr_par' dir='ltr' id='par_1_101' title="bbox 397 5169 2044 5235">
     <span class='ocr_line' id='line_1_101' title="bbox 397 5169 2044 5235; baseline -0.001 -6"><span class='ocrx_word' id='word_1_724' title='bbox 397 5189 531 5229; x_wconf 89' lang='lat' dir='ltr'>men</span> <span class='ocrx_word' id='word_1_725' title='bbox 563 5174 687 5226; x_wconf 90' lang='lat' dir='ltr'>erat</span> <span class='ocrx_word' id='word_1_726' title='bbox 715 5170 1041 5235; x_wconf 86' lang='lat' dir='ltr'>Terentius,</span> <span class='ocrx_word' id='word_1_727' title='bbox 1065 5186 1197 5225; x_wconf 91' lang='lat' dir='ltr'>eum</span> <span class='ocrx_word' id='word_1_728' title='bbox 1232 5186 1487 5226; x_wconf 87' lang='lat' dir='ltr'>seorsum</span> <span class='ocrx_word' id='word_1_729' title='bbox 1520 5170 1591 5226; x_wconf 88' lang='lat' dir='ltr'>ab</span> <span class='ocrx_word' id='word_1_730' title='bbox 1615 5169 1747 5226; x_wconf 90' lang='lat' dir='ltr'>aliis</span> <span class='ocrx_word' id='word_1_731' title='bbox 1778 5171 2044 5228; x_wconf 88' lang='lat' dir='ltr'>adhibuit</span> 
     </span>
    </p>
   </div>
   <div class='ocr_carea' id='block_1_102' title="bbox 396 5259 2040 5331">
    <p class='ocr_par' dir='ltr' id='par_1_102' title="bbox 396 5259 2040 5331">
     <span class='ocr_line' id='line_1_102' title="bbox 396 5259 2040 5331; baseline 0 -16"><span class='ocrx_word' id='word_1_732' title='bbox 396 5260 456 5316; x_wconf 90' lang='lat' dir='ltr'>in</span> <span class='ocrx_word' id='word_1_733' title='bbox 482 5259 816 5325; x_wconf 91' lang='lat' dir='ltr'>consilium,</span> <span class='ocrx_word' id='word_1_734' title='bbox 850 5275 1105 5330; x_wconf 89' lang='lat' dir='ltr'>quonam</span> <span class='ocrx_word' id='word_1_735' title='bbox 1140 5260 1313 5316; x_wconf 92' lang='lat' dir='ltr'>modo</span> <span class='ocrx_word' id='word_1_736' title='bbox 1361 5276 1423 5315; x_wconf 90' lang='lat' dir='ltr'>se</span> <span class='ocrx_word' id='word_1_737' title='bbox 1452 5264 1677 5331; x_wconf 88' lang='lat' dir='ltr'>gereret</span> <span class='ocrx_word' id='word_1_738' title='bbox 1709 5260 1766 5315; x_wconf 93' lang='lat' dir='ltr'>in</span> <span class='ocrx_word' id='word_1_739' title='bbox 1808 5260 1881 5317; x_wconf 91' lang='lat' dir='ltr'>iis</span> <span class='ocrx_word' id='word_1_740' title='bbox 1914 5277 2040 5331; x_wconf 79' lang='lat' dir='ltr'>quas</span> 
     </span>
    </p>
   </div>
   <div class='ocr_carea' id='block_1_103' title="bbox 397 5348 2039 5421">
    <p class='ocr_par' dir='ltr' id='par_1_103' title="bbox 397 5348 2039 5421">
     <span class='ocr_line' id='line_1_103' title="bbox 397 5348 2039 5421; baseline 0.001 -16"><span class='ocrx_word' id='word_1_741' title='bbox 397 5349 468 5405; x_wconf 89' lang='lat' dir='ltr'>ad</span> <span class='ocrx_word' id='word_1_742' title='bbox 528 5350 759 5404; x_wconf 88' lang='lat' dir='ltr'>sanctos</span> <span class='ocrx_word' id='word_1_743' title='bbox 817 5348 1201 5421; x_wconf 87' lang='lat' dir='ltr'>pertinebant.</span> <span class='ocrx_word' id='word_1_744' title='bbox 1244 5351 1545 5407; x_wconf 90' lang='lat' dir='ltr'>Terentius</span> <span class='ocrx_word' id='word_1_745' title='bbox 1595 5353 1787 5407; x_wconf 90' lang='lat' dir='ltr'>autem</span> <span class='ocrx_word' id='word_1_746' title='bbox 1847 5350 2039 5408; x_wconf 87' lang='lat' dir='ltr'>dixit:</span> 
     </span>
    </p>
   </div>
   <div class='ocr_carea' id='block_1_104' title="bbox 468 5500 1713 5576">
    <p class='ocr_par' dir='ltr' id='par_1_104' title="bbox 468 5500 1713 5576">
     <span class='ocr_line' id='line_1_104' title="bbox 468 5500 1713 5576; baseline 0.002 -20"><span class='ocrx_word' id='word_1_747' title='bbox 468 5500 705 5576; x_wconf 55' lang='lat' dir='ltr'>7{deest</span> <span class='ocrx_word' id='word_1_748' title='bbox 736 5502 1244 5576; x_wconf 80' lang='lat' dir='ltr'>phrasisintegra,</span> <span class='ocrx_word' id='word_1_749' title='bbox 1279 5510 1340 5563; x_wconf 78' lang='grc' dir='ltr'>Β.</span> <span class='ocrx_word' id='word_1_750' title='bbox 1445 5504 1490 5539; x_wconf 82' lang='grc'>⁷⁴</span> <span class='ocrx_word' id='word_1_751' title='bbox 1521 5507 1713 5576; x_wconf 79' lang='lat' dir='ltr'>mv,_B.</span> 
     </span>
    </p>
   </div>
   <div class='ocr_carea' id='block_1_105' title="bbox 396 5572 1934 5650">
    <p class='ocr_par' dir='ltr' id='par_1_105' title="bbox 396 5572 1934 5650">
     <span class='ocr_line' id='line_1_105' title="bbox 396 5572 1934 5650; baseline 0.003 -25"><span class='ocrx_word' id='word_1_752' title='bbox 396 5572 443 5609; x_wconf 76' lang='grc'>’⁷³</span> <span class='ocrx_word' id='word_1_753' title='bbox 474 5572 682 5650; x_wconf 78' lang='grc' dir='ltr'>αύτοῖς,</span> <span class='ocrx_word' id='word_1_754' title='bbox 718 5572 784 5650; x_wconf 64' lang='grc' dir='ltr'>Β.Δ</span> <span class='ocrx_word' id='word_1_755' title='bbox 883 5574 931 5608; x_wconf 73' lang='lat'>7°</span> <span class='ocrx_word' id='word_1_756' title='bbox 962 5572 1261 5650; x_wconf 73' lang='grc' dir='ltr'>άπιστέίας,</span> <span class='ocrx_word' id='word_1_757' title='bbox 1296 5582 1376 5650; x_wconf 61' lang='lat' dir='ltr'>B.</span> <span class='ocrx_word' id='word_1_758' title='bbox 1461 5577 1516 5650; x_wconf 9' lang='grc' dir='ltr'>ν,</span> <span class='ocrx_word' id='word_1_759' title='bbox 1545 5574 1840 5650; x_wconf 70' lang='grc' dir='ltr'>θαρρήσας,</span> <span class='ocrx_word' id='word_1_760' title='bbox 1875 5575 1934 5629; x_wconf 85' lang='grc' dir='ltr'>Β.</span> 
     </span>
    </p>
   </div>
   <div class='ocr_carea' id='block_1_106' title="bbox 396 5644 1944 5721">
    <p class='ocr_par' dir='ltr' id='par_1_106' title="bbox 396 5644 1944 5721">
     <span class='ocr_line' id='line_1_106' title="bbox 396 5644 1944 5721; baseline 0.001 -23"><span class='ocrx_word' id='word_1_761' title='bbox 396 5644 666 5721; x_wconf 84' lang='grc' dir='ltr'>περιέπων</span> <span class='ocrx_word' id='word_1_762' title='bbox 700 5647 789 5721; x_wconf 64' lang='grc' dir='ltr'>καί</span> <span class='ocrx_word' id='word_1_763' title='bbox 822 5648 1222 5721; x_wconf 41' lang='grc' dir='ltr'>συντηρῶνιΒ.</span> <span class='ocrx_word' id='word_1_764' title='bbox 1334 5648 1381 5682; x_wconf 79' lang='grc'>⁴⁵</span> <span class='ocrx_word' id='word_1_765' title='bbox 1412 5648 1543 5704; x_wconf 85' lang='lat' dir='ltr'>add.</span> <span class='ocrx_word' id='word_1_766' title='bbox 1576 5644 1849 5721; x_wconf 67' lang='grc' dir='ltr'>παράπαν,</span> <span class='ocrx_word' id='word_1_767' title='bbox 1891 5652 1944 5699; x_wconf 90' lang='grc' dir='ltr'>Β·</span> 
     </span>
    </p>
   </div>
   <div class='ocr_carea' id='block_1_107' title="bbox 398 5718 1176 5792">
    <p class='ocr_par' dir='ltr' id='par_1_107' title="bbox 398 5718 1176 5792">
     <span class='ocr_line' id='line_1_107' title="bbox 398 5718 1176 5792; baseline 0.005 -21"><span class='ocrx_word' id='word_1_768' title='bbox 398 5718 597 5791; x_wconf 64' lang='grc' dir='ltr'>γέλων,</span> <span class='ocrx_word' id='word_1_769' title='bbox 634 5720 691 5774; x_wconf 89' lang='grc' dir='ltr'><strong>Β.</strong></span> <span class='ocrx_word' id='word_1_770' title='bbox 770 5720 815 5754; x_wconf 76' lang='grc'>⁸⁸</span> <span class='ocrx_word' id='word_1_771' title='bbox 848 5718 1079 5792; x_wconf 65' lang='grc' dir='ltr'>βουλὴν,</span> <span class='ocrx_word' id='word_1_772' title='bbox 1116 5719 1176 5775; x_wconf 86' lang='grc' dir='ltr'>Β.</span> 
     </span>
    </p>
   </div>
   <div class='ocr_carea' id='block_1_108' title="bbox 1817 5502 2704 5576">
    <p class='ocr_par' dir='ltr' id='par_1_108' title="bbox 1817 5502 2704 5576">
     <span class='ocr_line' id='line_1_108' title="bbox 1817 5502 2704 5576; baseline 0.01 -18"><span class='ocrx_word' id='word_1_773' title='bbox 1817 5502 2273 5576; x_wconf 67' lang='lat' dir='ltr'>“Barlaginem.</span> <span class='ocrx_word' id='word_1_774' title='bbox 2308 5506 2353 5543; x_wconf 79' lang='lat'>7‘</span> <span class='ocrx_word' id='word_1_775' title='bbox 2382 5508 2588 5576; x_wconf 82' lang='grc' dir='ltr'>αὐτοῖς,</span> <span class='ocrx_word' id='word_1_776' title='bbox 2642 5512 2704 5567; x_wconf 90' lang='grc' dir='ltr'><strong>Β.</strong></span> 
     </span>
    </p>
   </div>
   <div class='ocr_carea' id='block_1_109' title="bbox 2041 5573 2672 5651">
    <p class='ocr_par' dir='ltr' id='par_1_109' title="bbox 2041 5573 2672 5651">
     <span class='ocr_line' id='line_1_109' title="bbox 2041 5573 2672 5651; baseline 0.013 -22"><span class='ocrx_word' id='word_1_777' title='bbox 2041 5573 2087 5651; x_wconf 50' lang='lat' dir='ltr'>ff</span> <span class='ocrx_word' id='word_1_778' title='bbox 2116 5575 2288 5649; x_wconf 82' lang='grc' dir='ltr'>τιμίῳ</span> <span class='ocrx_word' id='word_1_779' title='bbox 2322 5573 2585 5651; x_wconf 32' lang='grc' dir='ltr'>σταυρῷ(</span> <span class='ocrx_word' id='word_1_780' title='bbox 2612 5584 2672 5637; x_wconf 89' lang='grc' dir='ltr'>Β.</span> 
     </span>
    </p>
   </div>
   <div class='ocr_carea' id='block_1_110' title="bbox 2040 5624 2557 5724">
    <p class='ocr_par' dir='ltr' id='par_1_110' title="bbox 2040 5624 2557 5724">
     <span class='ocr_line' id='line_1_110' title="bbox 2040 5624 2557 5724; baseline -0.002 -20"><span class='ocrx_word' id='word_1_781' title='bbox 2040 5645 2088 5680; x_wconf 70' lang='grc' dir='ltr'>εδ</span> <span class='ocrx_word' id='word_1_782' title='bbox 2126 5624 2415 5724; x_wconf 39' lang='lat' dir='ltr'>anns,</span> <span class='ocrx_word' id='word_1_783' title='bbox 2457 5624 2557 5710; x_wconf 59' lang='grc' dir='ltr'>δεῖν</span> 
     </span>
    </p>
   </div>
   <div class='ocr_carea' id='block_1_111' title="bbox 2155 4722 3816 4800">
    <p class='ocr_par' dir='ltr' id='par_1_111' title="bbox 2155 4722 3816 4800">
     <span class='ocr_line' id='line_1_111' title="bbox 2155 4722 3816 4800; baseline 0.001 -21"><span class='ocrx_word' id='word_1_784' title='bbox 2155 4722 2243 4779; x_wconf 83' lang='grc' dir='ltr'>καὶ</span> <span class='ocrx_word' id='word_1_785' title='bbox 2278 4728 2568 4797; x_wconf 89' lang='grc' dir='ltr'>συντηροῦν</span> <span class='ocrx_word' id='word_1_786' title='bbox 2597 4725 2662 4783; x_wconf 71' lang='grc'>⁸⁸.</span> <span class='ocrx_word' id='word_1_787' title='bbox 2706 4726 3022 4789; x_wconf 84' lang='grc' dir='ltr'>Ἀθανάσιον</span> <span class='ocrx_word' id='word_1_788' title='bbox 3078 4723 3134 4781; x_wconf 76' lang='grc' dir='ltr'>δὲ</span> <span class='ocrx_word' id='word_1_789' title='bbox 3181 4730 3261 4799; x_wconf 81' lang='grc' dir='ltr'>τῷ</span> <span class='ocrx_word' id='word_1_790' title='bbox 3311 4724 3524 4797; x_wconf 85' lang='grc' dir='ltr'>θανάτῳ</span> <span class='ocrx_word' id='word_1_791' title='bbox 3559 4726 3608 4761; x_wconf 78' lang='grc'>⁸⁵</span> <span class='ocrx_word' id='word_1_792' title='bbox 3643 4745 3816 4800; x_wconf 80' lang='grc' dir='ltr'>παρα-</span> 
     </span>
    </p>
   </div>
   <div class='ocr_carea' id='block_1_112' title="bbox 2152 4812 3812 4890">
    <p class='ocr_par' dir='ltr' id='par_1_112' title="bbox 2152 4812 3812 4890">
     <span class='ocr_line' id='line_1_112' title="bbox 2152 4812 3812 4890; baseline -0.001 -23"><span class='ocrx_word' id='word_1_793' title='bbox 2152 4812 2371 4885; x_wconf 78' lang='grc' dir='ltr'>πέμψαν</span> <span class='ocrx_word' id='word_1_794' title='bbox 2430 4814 2613 4885; x_wconf 76' lang='grc' dir='ltr'>ὀξέως,</span> <span class='ocrx_word' id='word_1_795' title='bbox 2678 4819 2876 4890; x_wconf 86' lang='grc' dir='ltr'>μικροῦ</span> <span class='ocrx_word' id='word_1_796' title='bbox 2935 4816 3023 4870; x_wconf 82' lang='grc' dir='ltr'>καὶ</span> <span class='ocrx_word' id='word_1_797' title='bbox 3079 4813 3238 4878; x_wconf 76' lang='grc' dir='ltr'>αὑτὸς</span> <span class='ocrx_word' id='word_1_798' title='bbox 3295 4812 3643 4889; x_wconf 70' lang='grc' dir='ltr'>ἀπεπνίγετοο</span> <span class='ocrx_word' id='word_1_799' title='bbox 3693 4813 3812 4884; x_wconf 77' lang='grc' dir='ltr'>καὶ,</span> 
     </span>
    </p>
   </div>
   <div class='ocr_carea' id='block_1_113' title="bbox 2152 4899 3813 4983">
    <p class='ocr_par' dir='ltr' id='par_1_113' title="bbox 2152 4899 3813 4983">
     <span class='ocr_line' id='line_1_113' title="bbox 2152 4899 3813 4983; baseline -0.001 -28"><span class='ocrx_word' id='word_1_800' title='bbox 2152 4900 2319 4956; x_wconf 74' lang='grc' dir='ltr'>Μέλει</span> <span class='ocrx_word' id='word_1_801' title='bbox 2353 4923 2447 4975; x_wconf 91' lang='grc' dir='ltr'>μοι</span> <span class='ocrx_word' id='word_1_802' title='bbox 2506 4906 2606 4957; x_wconf 87' lang='grc' dir='ltr'>τοῦ</span> <span class='ocrx_word' id='word_1_803' title='bbox 2664 4902 2852 4983; x_wconf 74' lang='grc' dir='ltr'>φίλου,</span> <span class='ocrx_word' id='word_1_804' title='bbox 2913 4899 3087 4980; x_wconf 79' lang='grc' dir='ltr'>ἔλεγε,</span> <span class='ocrx_word' id='word_1_805' title='bbox 3136 4901 3343 4982; x_wconf 70' lang='grc' dir='ltr'>σφόδρα</span> <span class='ocrx_word' id='word_1_806' title='bbox 3406 4900 3560 4976; x_wconf 85' lang='grc' dir='ltr'>μέλει</span> <span class='ocrx_word' id='word_1_807' title='bbox 3607 4904 3673 4970; x_wconf 81' lang='grc'>⁸⁸,</span> <span class='ocrx_word' id='word_1_808' title='bbox 3720 4902 3813 4955; x_wconf 77' lang='grc' dir='ltr'>καὶ</span> 
     </span>
    </p>
   </div>
   <div class='ocr_carea' id='block_1_114' title="bbox 2153 4987 3815 5066">
    <p class='ocr_par' dir='ltr' id='par_1_114' title="bbox 2153 4987 3815 5066">
     <span class='ocr_line' id='line_1_114' title="bbox 2153 4987 3815 5066; baseline -0.001 -21"><span class='ocrx_word' id='word_1_809' title='bbox 2153 4988 2335 5060; x_wconf 85' lang='grc' dir='ltr'>λύπης</span> <span class='ocrx_word' id='word_1_810' title='bbox 2367 4988 2502 5061; x_wconf 70' lang='grc' dir='ltr'>ὅσης</span> <span class='ocrx_word' id='word_1_811' title='bbox 2534 4990 2620 5046; x_wconf 80' lang='grc' dir='ltr'>ἐπὶ</span> <span class='ocrx_word' id='word_1_812' title='bbox 2647 4991 2827 5065; x_wconf 84' lang='grc' dir='ltr'>τούτῳ</span> <span class='ocrx_word' id='word_1_813' title='bbox 2855 4993 2901 5029; x_wconf 79' lang='grc'>⁸⁷</span> <span class='ocrx_word' id='word_1_814' title='bbox 2942 4993 3287 5066; x_wconf 78' lang='grc' dir='ltr'>αἰσθάνομαι.</span> <span class='ocrx_word' id='word_1_815' title='bbox 3323 4991 3571 5052; x_wconf 85' lang='grc' dir='ltr'>Καλέσας</span> <span class='ocrx_word' id='word_1_816' title='bbox 3606 4987 3663 5044; x_wconf 80' lang='grc' dir='ltr'>δέ</span> <span class='ocrx_word' id='word_1_817' title='bbox 3689 5010 3815 5044; x_wconf 74' lang='grc' dir='ltr'>τινα</span> 
     </span>
    </p>
   </div>
   <div class='ocr_carea' id='block_1_115' title="bbox 2150 5079 3815 5157">
    <p class='ocr_par' dir='ltr' id='par_1_115' title="bbox 2150 5079 3815 5157">
     <span class='ocr_line' id='line_1_115' title="bbox 2150 5079 3815 5157; baseline 0 -23"><span class='ocrx_word' id='word_1_818' title='bbox 2150 5083 2256 5134; x_wconf 80' lang='grc' dir='ltr'>τῶν</span> <span class='ocrx_word' id='word_1_819' title='bbox 2291 5083 2582 5157; x_wconf 83' lang='grc' dir='ltr'>συγγενῶν,</span> <span class='ocrx_word' id='word_1_820' title='bbox 2614 5084 2660 5154; x_wconf 79' lang='grc' dir='ltr'>ᾧ</span> <span class='ocrx_word' id='word_1_821' title='bbox 2700 5081 2981 5157; x_wconf 79' lang='grc' dir='ltr'>Τερέντιος</span> <span class='ocrx_word' id='word_1_822' title='bbox 3037 5080 3234 5155; x_wconf 76' lang='grc' dir='ltr'>ὄνομα,</span> <span class='ocrx_word' id='word_1_823' title='bbox 3280 5086 3499 5150; x_wconf 89' lang='grc' dir='ltr'>τοῦτον,</span> <span class='ocrx_word' id='word_1_824' title='bbox 3550 5081 3701 5142; x_wconf 79' lang='grc' dir='ltr'>ὅπως</span> <span class='ocrx_word' id='word_1_825' title='bbox 3746 5079 3815 5134; x_wconf 73' lang='grc' dir='ltr'>τὰ</span> 
     </span>
    </p>
   </div>
   <div class='ocr_carea' id='block_1_116' title="bbox 2151 5170 3818 5249">
    <p class='ocr_par' dir='ltr' id='par_1_116' title="bbox 2151 5170 3818 5249">
     <span class='ocr_line' id='line_1_116' title="bbox 2151 5170 3818 5249; baseline 0 -26"><span class='ocrx_word' id='word_1_826' title='bbox 2151 5170 2284 5224; x_wconf 74' lang='grc' dir='ltr'>κατὰ</span> <span class='ocrx_word' id='word_1_827' title='bbox 2323 5172 2455 5234; x_wconf 82' lang='grc' dir='ltr'>τοὺς</span> <span class='ocrx_word' id='word_1_828' title='bbox 2486 5172 2669 5246; x_wconf 81' lang='grc' dir='ltr'>ἁγίους</span> <span class='ocrx_word' id='word_1_829' title='bbox 2699 5170 2972 5244; x_wconf 72' lang='grc' dir='ltr'>διάθηται,</span> <span class='ocrx_word' id='word_1_830' title='bbox 3020 5174 3198 5249; x_wconf 77' lang='grc' dir='ltr'>χωρὶς</span> <span class='ocrx_word' id='word_1_831' title='bbox 3248 5177 3359 5229; x_wconf 81' lang='grc' dir='ltr'>τῶν</span> <span class='ocrx_word' id='word_1_832' title='bbox 3407 5170 3596 5229; x_wconf 75' lang='grc' dir='ltr'>ἄλλων</span> <span class='ocrx_word' id='word_1_833' title='bbox 3644 5172 3686 5207; x_wconf 82' lang='grc'><em>³⁸</em></span> <span class='ocrx_word' id='word_1_834' title='bbox 3738 5170 3818 5234; x_wconf 74' lang='grc' dir='ltr'>εἷς</span> 
     </span>
    </p>
   </div>
   <div class='ocr_carea' id='block_1_117' title="bbox 2152 5256 3814 5339">
    <p class='ocr_par' dir='ltr' id='par_1_117' title="bbox 2152 5256 3814 5339">
     <span class='ocr_line' id='line_1_117' title="bbox 2152 5256 3814 5339; baseline 0.001 -25"><span class='ocrx_word' id='word_1_835' title='bbox 2152 5256 2472 5333; x_wconf 74' lang='grc' dir='ltr'>συμϐουλὴν</span> <span class='ocrx_word' id='word_1_836' title='bbox 2515 5265 2561 5301; x_wconf 73' lang='grc'>⁸⁸</span> <span class='ocrx_word' id='word_1_837' title='bbox 2600 5260 2971 5338; x_wconf 76' lang='grc' dir='ltr'>ἀπελάμϐανε.</span> <span class='ocrx_word' id='word_1_838' title='bbox 3031 5263 3311 5339; x_wconf 87' lang='grc' dir='ltr'>Τερέντιος</span> <span class='ocrx_word' id='word_1_839' title='bbox 3362 5260 3439 5333; x_wconf 77' lang='grc' dir='ltr'>δὶ,</span> <span class='ocrx_word' id='word_1_840' title='bbox 3493 5260 3677 5334; x_wconf 84' lang='grc' dir='ltr'>Μηδέν</span> <span class='ocrx_word' id='word_1_841' title='bbox 3726 5282 3814 5315; x_wconf 85' lang='grc' dir='ltr'>σοι</span> 
     </span>
    </p>
   </div>
   <div class='ocr_carea' id='block_1_118' title="bbox 2152 5350 3811 5429">
    <p class='ocr_par' dir='ltr' id='par_1_118' title="bbox 2152 5350 3811 5429">
     <span class='ocr_line' id='line_1_118' title="bbox 2152 5350 3811 5429; baseline 0.002 -26"><span class='ocrx_word' id='word_1_842' title='bbox 2152 5350 2243 5403; x_wconf 80' lang='grc' dir='ltr'>καὶ</span> <span class='ocrx_word' id='word_1_843' title='bbox 2296 5358 2416 5414; x_wconf 84' lang='grc' dir='ltr'>τοῖς</span> <span class='ocrx_word' id='word_1_844' title='bbox 2478 5350 2737 5427; x_wconf 74' lang='grc' dir='ltr'>δικαίοις,</span> <span class='ocrx_word' id='word_1_845' title='bbox 2794 5352 2951 5429; x_wconf 81' lang='grc' dir='ltr'>ἔλεγε</span> <span class='ocrx_word' id='word_1_846' title='bbox 3003 5352 3141 5428; x_wconf 79' lang='grc' dir='ltr'>πρός</span> <span class='ocrx_word' id='word_1_847' title='bbox 3206 5352 3391 5423; x_wconf 82' lang='grc' dir='ltr'>αὑτὸν,</span> <span class='ocrx_word' id='word_1_848' title='bbox 3450 5350 3582 5427; x_wconf 81' lang='grc' dir='ltr'>μηδ’</span> <span class='ocrx_word' id='word_1_849' title='bbox 3637 5351 3811 5413; x_wconf 75' lang='grc' dir='ltr'>οὕτως</span> 
     </span>
    </p>
   </div>
   <div class='ocr_carea' id='block_1_119' title="bbox 3390 5507 3810 5583">
    <p class='ocr_par' dir='ltr' id='par_1_119' title="bbox 3390 5507 3810 5583">
     <span class='ocr_line' id='line_1_119' title="bbox 3390 5507 3810 5583; baseline 0.002 -19"><span class='ocrx_word' id='word_1_850' title='bbox 3390 5511 3436 5548; x_wconf 78' lang='grc'>’⁷⁷</span> <span class='ocrx_word' id='word_1_851' title='bbox 3488 5507 3719 5583; x_wconf 79' lang='grc' dir='ltr'>δειλίαν,</span> <span class='ocrx_word' id='word_1_852' title='bbox 3750 5514 3810 5568; x_wconf 91' lang='lat' dir='ltr'>C.</span> 
     </span>
    </p>
   </div>
   <div class='ocr_carea' id='block_1_120' title="bbox 3332 5583 3813 5730">
    <p class='ocr_par' dir='ltr' id='par_1_120' title="bbox 3332 5583 3813 5730">
     <span class='ocr_line' id='line_1_120' title="bbox 3332 5583 3813 5657; baseline 0.006 -21"><span class='ocrx_word' id='word_1_853' title='bbox 3332 5583 3379 5619; x_wconf 66' lang='grc'>⁸³</span> <span class='ocrx_word' id='word_1_854' title='bbox 3421 5584 3544 5657; x_wconf 77' lang='grc' dir='ltr'>ἄρα,</span> <span class='ocrx_word' id='word_1_855' title='bbox 3598 5585 3659 5639; x_wconf 89' lang='grc' dir='ltr'>Β.</span> <span class='ocrx_word' id='word_1_856' title='bbox 3766 5583 3813 5618; x_wconf 79' lang='grc'>⁸⁴</span> 
     </span>
     <span class='ocr_line' id='line_1_121' title="bbox 3332 5652 3812 5730; baseline -0.002 -22"><span class='ocrx_word' id='word_1_857' title='bbox 3332 5675 3420 5724; x_wconf 83' lang='grc' dir='ltr'>&gt;ις,</span> <span class='ocrx_word' id='word_1_858' title='bbox 3472 5656 3533 5712; x_wconf 77' lang='lat' dir='ltr'>F.</span> <span class='ocrx_word' id='word_1_859' title='bbox 3635 5652 3812 5730; x_wconf 63' lang='lat'>&quot;€11-</span> 
     </span>
    </p>
   </div>
   <div class='ocr_carea' id='block_1_121' title="bbox 2818 5510 3287 5585">
    <p class='ocr_par' dir='ltr' id='par_1_121' title="bbox 2818 5510 3287 5585">
     <span class='ocr_line' id='line_1_122' title="bbox 2818 5510 3287 5585; baseline 0.004 -19"><span class='ocrx_word' id='word_1_860' title='bbox 2818 5511 2863 5547; x_wconf 73' lang='lat'>&quot;</span> <span class='ocrx_word' id='word_1_861' title='bbox 2910 5510 3191 5585; x_wconf 77' lang='grc' dir='ltr'>ἠπείγετο,</span> <span class='ocrx_word' id='word_1_862' title='bbox 3224 5514 3287 5570; x_wconf 89' lang='grc' dir='ltr'>Β.</span> 
     </span>
    </p>
   </div>
   <div class='ocr_carea' id='block_1_122' title="bbox 2775 5584 3199 5650">
    <p class='ocr_par' dir='ltr' id='par_1_122' title="bbox 2775 5584 3199 5650">
     <span class='ocr_line' id='line_1_123' title="bbox 2775 5584 3199 5650; baseline 0.002 -14"><span class='ocrx_word' id='word_1_863' title='bbox 2775 5584 2822 5619; x_wconf 79' lang='grc'>⁸²</span> <span class='ocrx_word' id='word_1_864' title='bbox 2853 5584 3123 5650; x_wconf 82' lang='grc' dir='ltr'>συνήθεις,</span> <span class='ocrx_word' id='word_1_865' title='bbox 3154 5590 3199 5640; x_wconf 80' lang='grc' dir='ltr'><strong>Α</strong></span> 
     </span>
    </p>
   </div>
   <div class='ocr_carea' id='block_1_123' title="bbox 2638 5653 3533 5726">
    <p class='ocr_par' dir='ltr' id='par_1_123' title="bbox 2638 5653 3533 5726">
     <span class='ocr_line' id='line_1_124' title="bbox 2638 5653 3533 5726; baseline 0.002 -18"><span class='ocrx_word' id='word_1_866' title='bbox 2638 5654 2682 5690; x_wconf 75' lang='grc'>⁸⁷</span> <span class='ocrx_word' id='word_1_867' title='bbox 2728 5658 2913 5726; x_wconf 90' lang='grc' dir='ltr'>τοῦτο,</span> <span class='ocrx_word' id='word_1_868' title='bbox 2962 5653 3025 5713; x_wconf 89' lang='grc' dir='ltr'>Β.</span> <span class='ocrx_word' id='word_1_869' title='bbox 3076 5688 3144 5698; x_wconf 91' lang='grc'><strong><em>-</em></strong></span> <span class='ocrx_word' id='word_1_870' title='bbox 3186 5653 3420 5724; x_wconf 85' lang='grc' dir='ltr'>τούτοις,</span> <span class='ocrx_word' id='word_1_871' title='bbox 3460 5653 3533 5712; x_wconf 67' lang='grc' dir='ltr'>Ἐ.</span> 
     </span>
    </p>
   </div>
  </div>
