4094 6230
306 388 425 449 877

1384 387 1567 448 VlTA
1611 388 1675 448 S.
1724 386 2095 449 CYPRIANI
2143 386 2642 448 ANTIOCHENI.

3591 392 3709 453 878

300 546 558 613 ἀϐούλως
616 546 949 604 ἀντιπίπτειν
1016 547 1228 621 βούλου
1258 547 1306 583 ⁹⁰
1330 550 1400 620 τῇ
1446 544 1679 617 ἀληθείᾳ
1713 566 1727 579 ·
1759 548 1794 615 ἡ
1852 550 1948 601 τοῦ

2070 546 2216 603 Nihil
2268 547 2345 603 sit
2388 547 2495 601 tibi
2544 547 2625 602 rei
2673 562 2807 602 cum
2843 547 3081 615 sanctis,
3115 563 3220 603 nec
3272 548 3412 605 velis
3460 554 3576 606 tam
3619 552 3714 607 in-

303 640 541 713 Χριστοῦ
597 636 821 711 δύναμις
876 642 1121 715 φανερῶς
1174 636 1415 711 ἄμαχος,
1467 633 1658 712 ἄριστα
1716 633 1771 690 δὲ
1830 636 1951 711 περὶ

305 734 509 785 σαυτοῦ
568 731 613 767 νι
675 726 967 802 διασκέψῃ,
1000 729 1047 783 εἴ
1095 727 1319 788 τούτους
1377 732 1456 799 τῷ
1501 729 1721 802 βασιλεῖ
1769 749 1953 803 παρα-

304 818 560 891 πέμψεις,
595 817 878 892 γνωρίσεις
910 836 969 871 τε
1018 810 1259 889 ἀκριϐῶς
1308 813 1406 870 ὅσα
1458 816 1552 888 μὲν
1599 816 1661 870 οὐ
1709 817 1824 871 κάτ’
1855 816 1953 870 αὐ-

304 909 413 960 τῶν
464 902 845 979 διαπέπραξαι,
876 904 967 957 καὶ
1025 904 1099 964 ὡς
1156 904 1204 939 9³
1236 906 1299 957 συ
1360 903 1455 975 μὶν
1504 901 1656 958 οὐδὲν
1716 900 1956 967 ἐνέλιπες

304 998 482 1050 ποιῶν
512 997 621 1050 τῶν
661 994 738 1056 εἰς
766 994 1040 1069 τιμωρίαν
1086 993 1330 1063 ἡκόντων
1362 1011 1374 1024 ·
1429 991 1574 1048 ἀλλὰ
1630 993 1721 1047 καὶ
1777 992 1954 1048 αὐτῶν

307 1083 575 1157 ὠμότητα
611 1086 720 1137 τῶν
772 1083 979 1156 θηρίων
1028 1080 1284 1152 κολάζων
1311 1082 1358 1119 9³
1396 1080 1718 1154 παρήλασας
1753 1101 1766 1113 '
1822 1081 1955 1136 ἐκεί-

304 1194 412 1227 νων
447 1170 504 1228 δὲ
534 1169 762 1244 οὐδεμία
813 1177 921 1227 τῶν
979 1170 1244 1227 τοιούτων
1294 1171 1474 1246 ἥψατο
1519 1171 1773 1247 βάσανος,
1806 1169 1952 1226 ἀλλὰ

306 1260 443 1337 ἄχρι
474 1262 562 1317 καὶ
591 1262 678 1315 νῦν
706 1260 931 1323 ἀπασεῖς
964 1257 1415 1334 διαμεμενήκασι.

383 1428 508 1486 ΚΗ’.
540 1427 759 1483 Τούτων
791 1426 1023 1489 ἀκούσας
1054 1428 1082 1483 6
1113 1428 1316 1500 κόμης,
1350 1425 1648 1496 ἐπιστολὴν
1682 1426 1787 1484 ὦδέ
1834 1450 1952 1492 πως

308 1516 543 1596 ἔχουσαν
577 1517 655 1580 εἰς
712 1515 1081 1591 Νικομηδείαν
1140 1519 1278 1591 πρὸς
1328 1518 1420 1572 τὸν
1473 1518 1598 1572 τότε
1654 1523 1955 1592 κρατοῦντα

310 1604 604 1680 (Κλαύδιος
637 1604 693 1661 δὲ
722 1607 813 1680 ἧν)
848 1606 1041 1670 εὐθὲως
1073 1605 1337 1677 ἐκπέμπει
1372 1626 1384 1639 '
1437 1608 1558 1681 εἶχε
1614 1604 1672 1661 δὲ
1730 1609 1902 1670 οὕτως
1936 1627 1950 1643 ο

380 1690 507 1747 ΚΘ’.
562 1689 754 1761 Κύμης
806 1687 1120 1761 Εὐτόλμιος
1179 1691 1225 1726 ⁸⁸
1279 1684 1540 1761 Κλαυδίῳ
1592 1689 1817 1763 Καίσαρι
1874 1694 1953 1762 τῷ

313 1775 562 1853 μεγάλῳ,
589 1784 691 1851 γῆς
736 1778 824 1831 καὶ
876 1775 1151 1848 θαλάσσης
1210 1775 1546 1849 δεσπόζοντι,
1580 1775 1813 1852 χαίρειν.
1851 1785 1951 1834 Γα-

2063 637 2423 693 considerate
2486 636 2754 692 resistere
2818 637 3066 692 veritati.
3121 638 3333 693 Christi
3384 639 3569 697 virtus
3626 648 3715 697 est

2062 727 2234 799 plane
2263 726 2754 799 inexpugnabilis.
2791 726 2921 782 Tibi
2955 731 3151 783 autem
3171 728 3384 798 optime
3415 731 3708 799 consules,

2062 817 2111 872 si
2141 833 2239 872 eos
2292 816 2653 871 transmittas
2684 815 2757 871 ad
2807 815 3233 887 imperatorem,
3269 826 3325 873 et
3362 818 3413 873 ei
3441 825 3712 877 accurate

2062 902 2483 975 significaveris
2542 917 2907 973 quaecunque
2961 903 3018 957 in
3080 918 3176 959 eos
3235 904 3470 971 fecisti;
3529 923 3709 976 quam

2065 1007 2278 1063 magno
2321 995 2515 1047 autem
2548 995 2603 1047 et
2656 992 2878 1047 excelso
2910 993 3105 1048 animo
3136 992 3176 1049 ii
3220 1009 3279 1049 se
3310 1001 3620 1065 gesserunt
3648 996 3707 1051 in

2064 1081 2376 1146 omnibus;
2409 1085 2466 1135 et
2497 1080 2648 1151 quod
2683 1097 2715 1134 a
2748 1085 2800 1136 te
2836 1080 3064 1136 nullum
3108 1081 3219 1136 fuit
3250 1083 3707 1154 prmtermissum

2063 1169 2441 1241 supplicium,
2494 1170 2592 1225 sed
2636 1170 2929 1241 puniendo
2986 1170 3159 1226 etiam
3221 1172 3376 1243 ipsas
3419 1174 3707 1245 superasti

2063 1258 2279 1314 bestias
2310 1279 2323 1327 ;
2357 1258 2590 1314 illorum
2623 1273 2755 1315 vero
2785 1262 3214 1316 tormentorum
3238 1260 3464 1317 nullum
3498 1278 3596 1319 eos
3627 1267 3709 1319 at-

2064 1348 2215 1420 tigit,
2248 1349 2349 1403 sed
2384 1349 2691 1420 hucusque
2725 1355 3168 1418 permanserunt
3197 1349 3384 1407 illaesi.

2135 1437 2396 1493 XXVIII.
2427 1437 2557 1493 Haec
2585 1453 2714 1493 cum
2743 1438 3027 1493 audiisset
3054 1454 3273 1508 comes,
3305 1440 3705 1497 Nicomediam

2062 1526 2133 1581 ad
2194 1542 2353 1593 eum,
2385 1527 2483 1597 qui
2542 1533 2680 1581 tunc
2737 1542 2931 1582 rerum
2993 1528 3347 1598 potiebatur,
3376 1528 3449 1599 (is
3509 1534 3708 1585 autem

2064 1617 2189 1669 erat
2212 1613 2509 1683 Claudius)
2542 1613 2717 1669 talem
2752 1614 2949 1668 statim
2983 1615 3159 1670 mittit
3187 1616 3494 1687 epistolam
3532 1633 3544 1672 :

2135 1702 2337 1758 XXIX.
2370 1704 2576 1759 Comes
2613 1702 2936 1759 Eutolinius
2965 1703 3201 1759 Claudio
3232 1706 3437 1760 Cesari
3471 1721 3705 1778 magno,

2063 1800 2225 1848 terra:
2284 1797 2342 1848 et
2409 1792 2586 1849 maris
2634 1792 2891 1860 domino,
2938 1792 3209 1849 salutem.
3260 1794 3392 1860 Eos,
3442 1794 3542 1864 qui
3592 1800 3705 1849 tua;

311 1866 489 1937 λήνης
519 1864 739 1935 πολλῆς
768 1866 896 1929 τοὺς
929 1868 1033 1922 ὑπὸ
1063 1868 1161 1937 τήν
1204 1869 1303 1937 σήν
1344 1866 1583 1938 ἐξουσίαν
1642 1868 1951 1924 ἀπολαύον-

2070 1886 2198 1938 sunt
2255 1881 2516 1951 ditionis,
2559 1882 2762 1938 videns
2833 1898 3040 1953 magna
3090 1883 3202 1938 frui
3263 1883 3706 1955 tranquillitate,

308 1977 405 2018 τας
439 1955 606 2029 ὀρῶν,
642 1954 861 2031 μέγιστε
922 1955 1168 2031 βασιλεῦ,
1198 1962 1298 2026 τῆς
1348 1960 1457 2012 τῶν
1511 1956 1767 2033 μεγάλων
1820 1964 1953 2023 θεῶν

310 2045 517 2107 εὐνοίας
547 2048 615 2115 ἣν
662 2048 787 2120 περί
836 2048 893 2100 σὶ
942 2043 1288 2115 διασώζουσι,
1342 2046 1432 2101 καὶ
1491 2049 1590 2115 τῆς
1646 2048 1958 2119 προσούσης

310 2157 395 2192 σοι
429 2133 853 2211 δεισιδαιμονίας
908 2132 1052 2205 ἄξιον
1095 2139 1258 2192 τοῦτο
1307 2136 1555 2210 γινώσκω
1615 2135 1677 2191 τὸ
1722 2137 1956 2192 ἀνταπό-

308 2223 455 2299 δομα
486 2227 531 2263 ⁸⁵
554 2242 567 2257 ⁸
598 2224 713 2281 ἐπεὶ
741 2222 797 2280 δέ
824 2245 965 2287 τινες
992 2230 1100 2280 τῶν
1141 2225 1456 2299 λεγομὲνων
1516 2225 1829 2281 Γαλιλαίων
1887 2227 1957 2281 τά

309 2313 385 2377 εἷς
444 2314 640 2377 αὐτοὺς
695 2314 1089 2393 φρυαττόμενω
1148 2315 1381 2390 Χριστὸν
1434 2314 1649 2386 μᾶλλον
1708 2315 1765 2372 ὅν
1820 2317 1958 2373 Ἰου-

309 2402 477 2461 δαίων
539 2401 729 2467 παῖδες
780 2403 853 2466 ὡς
895 2408 1196 2480 κακοῦργον
1244 2403 1693 2477 ἄνεσκολόπισαν,
1738 2401 1956 2460 σέϐουσί

307 2514 369 2548 τε
424 2492 513 2548 καὶ
572 2493 962 2567 προσκυνοῦσι,
1010 2493 1210 2548 τούτου
1240 2493 1401 2569 χάριν
1458 2494 1549 2549 καὶ
1607 2497 1771 2567 ἡμεῖς
1826 2499 1957 2548 πᾶσι

307 2580 534 2658 τρόποις
566 2583 641 2646 ὡς
671 2579 985 2644 στασιώδεις
1019 2579 1213 2645 αὐτοὺς
1259 2584 1348 2637 καὶ
1400 2582 1660 2656 λοιμοὺς,
1697 2603 1830 2655 μετα
1859 2584 1959 2651 τὴν

312 2670 390 2732 εἷς
419 2671 484 2726 τὸ
515 2671 668 2745 βῆμα
719 2672 1054 2744 παράστασιν
1096 2670 1157 2725 οὐ
1211 2671 1689 2743 μετατιθεμένους,
1737 2668 1956 2741 ἐξελαύ-

308 2779 417 2815 νειν
446 2763 552 2814 τῶν
583 2757 797 2815 πόλεων
854 2760 978 2834 περί
1037 2757 1256 2815 πολλοῦ
1301 2758 1641 2831 ἐποιούμεθα
1677 2777 1690 2789 '
1725 2760 1815 2814 καὶ
1875 2759 1960 2822 οἷς

315 2849 412 2921 μὶν
445 2849 543 2922 ὀψὲ
584 2868 715 2903 ποτε
768 2847 1101 2921 μεταμέλειά
1145 2868 1229 2909 τις
1279 2847 1368 2903 ἐπὶ
1408 2854 1524 2911 τοῖς
1554 2847 1737 2911 καλῶς
1771 2846 1961 2923 δεδογ-

313 2940 496 3011 μένοις
548 2936 780 3015 ἐγένετο,
838 2942 908 3013 τῇ
966 2943 1073 2995 τῶν
1160 2937 1417 3014 μεγάλων
1495 2939 1744 3013 εὐμενείᾳ
1822 2942 1955 2996 θεῶν

310 3027 657 3102 θαρροῦντες,
690 3026 1027 3107 εἰσδέχεσθαι
1056 3029 1282 3091 τούτους
1330 3030 1419 3084 καὶ
1481 3029 1580 3097 τὴν
1635 3033 1957 3104 προσήκου-

310 3137 405 3171 σαν
435 3116 726 3190 ἀπονέμειν
760 3117 923 3197 χάριν
967 3117 1029 3172 οὐ
1078 3120 1472 3193 παρῃτούμεθα
1504 3137 1517 3149 ·
1552 3120 1646 3182 οὓς
1698 3117 1755 3174 δὲ
1812 3120 1960 3175 ἀνιά-

307 3227 419 3268 τως
500 3203 728 3281 ἔχοντας
813 3204 1227 3279 διενευνώμενος
1284 3209 1329 3245 ⁹⁶
1404 3208 1672 3281 εὕρισκον,
1729 3210 1957 3273 τούτους

311 3295 559 3367 αἰκίζειν,
600 3296 987 3370 ἀνασταυροῦν,
1044 3292 1189 3366 ὄνυξι
1240 3295 1373 3366 Εέειν
1436 3300 1498 3369 ⁸⁷,
1554 3303 1683 3352 πᾶσι
1730 3299 1959 3374 τρόποις
1993 3272 2043 3339 C

314 3383 594 3454 κολάζειν,
625 3385 761 3441 κατά
789 3387 919 3449 τοὺς
948 3386 1232 3457 κειμένους
1280 3387 1484 3460 νόμους
1537 3389 1640 3443 οὐκ
1676 3388 1966 3461 ἠμελήσα-

312 3495 434 3548 μεν.
466 3472 698 3537 ’Ἄλλως
756 3474 859 3549 γὰρ
911 3475 1013 3530 οὐκ
1061 3469 1137 3530 ἔνι
1177 3475 1552 3549 περιγενέσθαι
1583 3480 1779 3556 ψυχῶν
1827 3479 1965 3533 ἀπο-

311 3562 657 3637 νενοημένων
719 3564 809 3618 καὶ
859 3564 922 3619 τὸ
974 3564 1157 3638 δύσερι
1213 3565 1385 3627 πάθος
1439 3568 1863 3639 προσενῳκηκὸς
1920 3568 1966 3604 9⁸

310 3651 501 3714 αὐταῖς
531 3648 775 3727 ἔχουσῶν
807 3670 820 3684 ⁸
849 3651 943 3709 ’ίνα
983 3654 1039 3713 δὲ
1074 3655 1149 3726 μη
1186 3651 1348 3728 λόγον
1379 3656 1423 3691 ⁶⁹
1454 3654 1642 3718 ἄλλως
1676 3651 1965 3725 ὑπολάϐῃς

318 3761 386 3814 με
440 3739 769 3797 πλάττεσθαι
832 3747 872 3809 ⁸,
922 3744 1008 3797 καὶ
1070 3742 1379 3815 Κυπριανὸν
1437 3748 1651 3815 τοῦτον,
1712 3744 1819 3819 οὐχ
1877 3745 1965 3799 ὑπ’

311 3829 553 3906 ἀνάγκης
582 3832 749 3900 τινὸς,
781 3829 910 3887 ἀλλ’
940 3830 1116 3887 ἑκοντὶ
1146 3836 1253 3888 τῶν
1299 3831 1583 3905 σωτηρίων
1625 3836 1760 3897 θεῶν
1809 3854 1967 3907 μετα-

314 3916 559 3996 θέμενον,
590 3924 669 3992 τῷ
728 3920 1126 3995 ἐσταυρωμένῳ
1177 3941 1236 3976 τε
1292 3919 1420 3976 ὅλον
1472 3921 1659 3977 ἑαυτὸν
1702 3922 1965 3995 ἀναθέμε-

312 4028 426 4079 νον,
460 4010 594 4081 μετά
641 4007 703 4064 τὰ
752 4006 1001 4085 σφοδρῶς
1053 4009 1280 4081 αἰκίσαι,
1319 4015 1399 4081 τῷ
1456 4012 1641 4085 κράτει
1696 4032 1794 4066 σου
1849 4015 1964 4079 νῦν,

311 4095 681 4169 ἐξαπέστειλα,
733 4094 1018 4174 ἄνθρωπον
1066 4100 1289 4163 πιθανὸν
1346 4105 1462 4162 τοῖς
1515 4099 1727 4175 λόγοις,
1786 4122 1961 4171 πονη-

310 4189 405 4262 ρὸν
436 4192 556 4249 τοῖς
582 4186 833 4261 τρόποις,
864 4188 1223 4261 ἑτοιμότατον
1276 4188 1354 4251 εἷς
1403 4188 1707 4263 ἀπολογίαν
1741 4208 1754 4221 °
1786 4190 1965 4263 τούτῳ

312 4277 360 4331 εἰ
418 4276 605 4350 πράως
662 4275 935 4352 ἐνέτυχον,
968 4275 1095 4333 οὐδὲ
1138 4280 1229 4333 τὸν
1279 4283 1399 4334 νοῦν
1464 4301 1558 4353 μοι
1618 4281 1965 4358 προσέχοντά

312 4364 461 4425 ὅλως
500 4362 745 4437 εὕρισκον
776 4382 789 4395 ⁸
827 4365 873 4419 εἰ
929 4364 1215 4440 αὐστηρῶς
1259 4365 1614 4443 ἒχρηφάμην,
1645 4368 1731 4422 καὶ
1796 4369 1962 4443 βασά-

310 4475 428 4515 νοις
458 4458 478 4489 ²
510 4453 804 4532 ἐπήγαγον,
839 4455 946 4531 οὐχ
977 4456 1051 4518 ὡς
1082 4455 1239 4531 ἀνδρὶ
1295 4455 1507 4529 μᾶλλον
1566 4458 1600 4527 ἢ
1660 4455 1958 4531 ἀνδριάντι,

2064 1971 2383 2042 imperator
2431 1971 2699 2040 maxime,
2732 1986 3077 2043 magnorum
3128 1972 3388 2039 deorum,
3423 1989 3597 2043 quam
3644 1972 3705 2027 in

2062 2064 2120 2116 te
2180 2063 2539 2126 conservant,
2592 2058 3027 2127 benevolentiae,
3087 2065 3143 2116 et
3207 2061 3354 2131 ejus,
3403 2078 3529 2133 quae
3596 2060 3706 2116 tibi

2065 2149 2251 2216 adest,
2276 2149 2575 2221 religionis
2602 2151 2735 2206 novi
2764 2149 2915 2204 hanc
2946 2166 3073 2206 esse
3105 2149 3337 2222 dignam
3370 2165 3709 2206 remunera-

2064 2238 2308 2293 tionem.
2345 2238 2631 2302 Quoniam
2668 2246 2861 2294 autem
2895 2238 3136 2309 quidam
3184 2255 3253 2293 ex
3282 2238 3354 2293 iis
3384 2238 3481 2308 qui
3510 2238 3712 2293 dicun-

2064 2332 2165 2383 tur
2207 2326 2450 2395 Galilaai,
2496 2326 2553 2381 in
2605 2328 2762 2398 ipsos
2812 2328 3145 2395 frementes,
3178 2327 3493 2394 Christum,
3536 2341 3709 2397 quem

2064 2416 2270 2483 Judaei,
2305 2420 2582 2487 tanquam
2605 2416 2957 2483 maleﬁcum,
2981 2416 3136 2472 cruci
3161 2417 3493 2484 afﬂxerunt,
3528 2418 3714 2487 magis

2067 2503 2268 2559 colunt
2315 2510 2371 2560 et
2419 2505 2680 2571 adorant,
2715 2521 2780 2559 ea
2826 2505 2897 2559 de
2950 2521 3127 2560 causa
3175 2521 3281 2561 nos
3339 2520 3569 2576 quoque
3614 2520 3715 2559 eos

2066 2594 2343 2649 omnibus
2378 2594 2584 2660 modis,
2613 2600 2891 2664 tanquam
2916 2594 3223 2649 seditiosos
3242 2611 3309 2650 ac
3340 2594 3710 2664 perniciosos,

2066 2686 2374 2753 postquam
2434 2684 2505 2737 ad
2566 2681 2825 2737 tribunal
2888 2682 3155 2753 producti
3214 2687 3374 2747 sunt,
3410 2698 3525 2738 non
3582 2698 3715 2736 mu-

2064 2775 2243 2837 tatos,
2276 2786 2307 2825 e
2338 2770 2673 2827 civitatibus
2707 2770 2921 2841 pellere
2954 2770 3445 2842 magnifacimus;
3477 2774 3534 2825 et
3567 2786 3715 2841 quos

2068 2857 2303 2930 quidem
2346 2858 2439 2913 vix
2492 2859 2723 2914 tandem
2770 2874 2967 2915 eorum
3018 2875 3144 2930 qua)
3192 2857 3343 2913 male
3390 2863 3712 2924 senserant,

2068 2946 2265 3018 aliqua
2309 2948 2469 3003 subit
2500 2946 2858 3018 pmnitentia,
2895 2962 3244 3019 magnorum
3294 2946 3532 3002 deorum
3580 2944 3712 3001 freti

2066 3035 2481 3102 benevolentia,
2516 3052 2614 3091 eos
2641 3036 2965 3103 admittere,
2997 3041 3052 3091 et
3091 3052 3269 3106 quam
3302 3052 3404 3105 par
3431 3039 3544 3101 est,
3578 3050 3709 3107 gra-

2064 3125 2206 3180 tiam
2259 3125 2499 3181 reddere
2538 3141 2654 3181 non
2706 3124 3123 3181 recusavimus.
3153 3124 3309 3188 Quos
3338 3128 3534 3180 autem
3586 3140 3713 3191 per-

2068 3217 2337 3269 scrutans
2406 3212 2600 3269 inveni
2665 3230 2791 3269 esse
2848 3213 3328 3282 immedicabiles,
3360 3229 3459 3269 eos
3517 3212 3714 3285 ﬂagris

2070 3304 2309 3371 caedere,
2368 3302 2425 3356 in
2504 3317 2733 3358 crucem
2813 3318 3003 3373 agere,
3064 3302 3302 3375 ungulis
3366 3302 3712 3374 discerpere,

2071 3391 2342 3448 omnibus
2375 3392 2563 3447 modis
2603 3392 2829 3461 punire,
2863 3391 3278 3448 convenienter
3308 3391 3379 3447 iis
3425 3407 3551 3462 quae
3582 3390 3714 3447 lata

2072 3489 2227 3546 sunt,
2260 3480 2506 3552 legibus,
2543 3497 2656 3536 non
2692 3480 3077 3551 negleximus.
3110 3480 3235 3536 Non
3278 3486 3524 3552 possunt
3554 3480 3713 3536 enim

2071 3568 2240 3625 aliter
2270 3570 2529 3640 superari
2566 3577 2771 3625 emotae
2806 3570 3016 3626 mentis
3046 3570 3248 3629 animi,
3281 3574 3337 3625 et
3366 3570 3469 3639 qui
3500 3568 3713 3624 difﬁci-

2070 3658 2185 3714 lem
2216 3658 2438 3714 habent
2478 3657 2841 3714 affectionem
2872 3658 2931 3713 in
2963 3658 3048 3714 eis
3078 3658 3463 3713 habitantem.
3495 3658 3577 3712 Ne
3608 3673 3714 3711 au-

2072 3756 2184 3803 tem
2242 3763 2335 3803 me
2378 3752 2543 3817 putes
2611 3763 2677 3801 ea
2735 3762 2860 3815 quas
2910 3747 3209 3811 dicuntur,
3262 3746 3500 3817 ﬁngere,
3562 3746 3713 3800 hunc

2070 3852 2301 3907 quoque
2375 3835 2746 3907 Cyprianum,
2804 3835 2904 3907 qui
2968 3851 3085 3889 non
3159 3833 3355 3905 aliqua
3430 3834 3716 3889 adductus

2072 3923 2439 3995 necessitate,
2472 3924 2571 3979 sed
2623 3941 2724 3980 sua
2774 3927 2979 3995 sponte
3036 3922 3247 3979 defecit
3284 3940 3317 3977 a
3364 3921 3478 3977 diis
3521 3938 3711 3977 serva-

2069 4015 2314 4082 toribus,
2373 4018 2432 4069 et
2487 4012 2768 4069 Cruciﬁxo
2828 4016 3013 4068 totum
3085 4012 3344 4083 seipsum
3403 4010 3711 4078 dedicavit,

2071 4107 2382 4174 postquam
2414 4102 2579 4157 valde
2610 4100 2832 4172 puuivi,
2867 4101 2936 4156 ad
2972 4105 3131 4156 tuam
3166 4117 3322 4156 nunc
3356 4098 3487 4156 misi
3520 4102 3716 4171 poten-

2068 4192 2230 4258 tiam,
2266 4190 2586 4260 bominsm,
2618 4190 2719 4261 qui
2778 4194 2867 4245 est
2896 4190 3087 4245 verbis
3137 4193 3308 4261 aptus
3347 4188 3416 4244 ad
3466 4203 3715 4261 persua-

2069 4282 2352 4351 dendum,
2426 4280 2690 4337 moribus
2755 4284 2952 4335 autem
3028 4278 3355 4350 improbus,
3405 4283 3461 4334 et
3525 4279 3594 4334 ad
3651 4294 3714 4335 se

2068 4370 2503 4428 defendendum
2554 4368 3053 4441 promptissimus.
3096 4369 3241 4424 Eum
3300 4367 3351 4423 si
3398 4367 3605 4425 blande
3648 4384 3715 4424 ac

2072 4459 2278 4515 leniter
2342 4458 2781 4527 conveniebam,
2818 4472 2889 4513 ne
2950 4458 3215 4513 animum
3274 4455 3511 4528 quidem
3571 4456 3714 4512 mihi

309 4544 402 4598 καὶ
434 4542 592 4615 ἄλλῳ
620 4544 725 4599 τινὶ
757 4549 865 4600 τῶν
916 4544 1146 4619 ἀψύχων
1198 4544 1413 4620 ἐπάγειν
1460 4544 1657 4608 ταύτας
1718 4546 1958 4620 ἐνομιζό-

2071 4550 2308 4606 omnino
2340 4548 2709 4605 adhibentem
2744 4546 3147 4617 inveniebam;
3191 4547 3241 4604 si
3281 4564 3482 4619 aspere
3512 4552 3717 4603 tracta-

312 4656 423 4709 μην
457 4652 472 4665 ’
532 4633 578 4688 εἰ
636 4639 845 4710 φρουρᾷ
898 4633 1250 4690 κατακλεῖσαι
1304 4636 1688 4710 προσέταττον,
1731 4637 1955 4713 ἀπορίας

310 4724 497 4795 ἠγεῖτο
553 4721 616 4778 τὸ
687 4722 1175 4798 προσταττόμενον,
1227 4726 1291 4780 οὐ
1358 4723 1770 4800 φιλανθρωπίας
1805 4744 1819 4758 ·
1868 4727 1959 4783 καὶ

311 4809 443 4867 οὐδὲ
472 4811 647 4876 οὕτως
678 4814 706 4867 6
733 4813 981 4886 μάταιος,
1016 4812 1114 4868 ὅσα
1142 4834 1201 4889 γε
1232 4814 1309 4876 εἷς
1342 4813 1499 4877 θεοὺς
1547 4815 1637 4869 καὶ
1693 4816 1757 4871 τὸ
1817 4816 1960 4887 ὑπη-

311 4921 464 4973 κοον,
496 4902 734 4977 ἡσυχίαν
781 4901 925 4977 ἄγειν
986 4903 1189 4977 ἠγάπα,
1235 4901 1360 4959 ἀλλ’
1412 4904 1515 4959 ὑπὸ
1554 4903 1781 4980 κλεῖθρα
1836 4927 1965 4983 τυγ-

311 4990 494 5065 χάνων
555 4992 646 5045 καὶ
705 4990 969 5067 φυλακάς,
995 4998 1096 5062 τῆς
1127 4994 1387 5070 ³ἀνοχῆς
1445 4994 1770 5073 κατετρύφα,
1821 4993 1962 5051 πολ-

312 5079 446 5141 λούς
504 5100 564 5135 τε
619 5084 715 5135 τοῦ
775 5080 981 5135 οἰκείου
1040 5083 1350 5154 νοσήματος
1390 5081 1670 5154 ἐμπιπλᾷν
1703 5088 1802 5139 υῦκ
1831 5084 1967 5139 ἀνεί-

318 5186 453 5242 χετο
486 5169 527 5226 ⁸.
563 5168 712 5226 Ἐπεὶ
769 5172 898 5245 γοῦν
955 5167 1120 5245 ἐφάνη
1153 5170 1177 5205 ⁵
1224 5192 1275 5225 τι
1325 5171 1415 5225 καὶ
1446 5172 1634 5247 χειρὸς
1692 5171 1961 5248 τιμωροῦ,

309 5256 437 5330 τάγε
493 5259 624 5333 παρ’
678 5260 840 5332 ἡμῖν,
900 5258 989 5313 καὶ
1049 5255 1264 5333 δημίων
1326 5260 1635 5337 ὑπέρτερος,
1671 5260 1845 5337 ιῖσμεν
1907 5260 1965 5318 δὲ

312 5366 509 5407 παντες
559 5347 643 5403 ὅτι
690 5348 824 5419 ὅσην
852 5348 875 5383 ⁸
904 5348 933 5402 6
964 5346 1129 5417 ἥλιος
1177 5347 1345 5426 ἐφορᾷ
1392 5352 1478 5405 σοί
1533 5371 1588 5405 νε
1640 5354 1965 5428 προσανὲχει

383 5522 441 5597 °°_
501 5523 712 5597 βούλει,
771 5529 831 5581 C.
936 5523 982 5562 ⁹¹
1038 5526 1224 5597 αῦτο-ῦ,
1285 5526 1394 5597 Βη
1450 5525 1495 5561 ’³
1552 5527 1734 5597 deest,
1798 5530 1861 5595 Β,

314 5594 362 5671 ξξ
419 5592 938 5671 ἀνταπὸδωμαμΒ.
1004 5596 1088 5671 *9⁸
1155 5592 1587 5671 διερευνόμεννος,
1641 5599 1703 5671 Bg

311 5666 357 5702 θ’
419 5664 749 5741 λόγωνπῆ
830 5668 849 5703 ί
906 5664 1255 5741 πράττεσθαι,
1316 5670 1378 5725 Β.

318 5736 512 5812 χειρὸς
556 5736 722 5817 ἐφάνη
754 5736 1027 5815 τιμωροῦ,
1061 5742 1120 5796 Β.
1156 5742 1216 5796 C.
1251 5741 1311 5799 Ρ.
1388 5740 1411 5775 ⁸
1450 5736 1632 5809 deest,
1668 5747 1729 5797 Β.

2076 4640 2236 4706 bam,
2266 4647 2320 4694 et
2344 4642 2634 4695 tormenta
2677 4637 3022 4705 inferebam,
3054 4654 3170 4694 non
3212 4643 3331 4694 tam
3364 4637 3507 4702 viro,
3540 4652 3714 4705 quam

2070 4733 2293 4795 statuae,
2327 4732 2431 4784 aut
2480 4726 2657 4782 alicui
2702 4726 2867 4783 alteri
2911 4726 3233 4784 inanimato
3282 4743 3349 4783 ea
3379 4741 3471 4781 me
3502 4724 3717 4780 inferre

2072 4818 2382 4877 censebam
2415 4836 2430 4885 ;
2479 4816 2524 4872 si
2558 4830 2790 4873 carcere
2842 4815 3066 4872 includi
3113 4816 3491 4887 imperabam,
3523 4813 3717 4870 existi-

2073 4909 2268 4966 mabat
2296 4908 2645 4977 imperatum
2676 4922 2801 4962 esse
2842 4905 3051 4976 in0piae
3091 4905 3341 4973 consilii,
3373 4921 3489 4960 non
3521 4911 3716 4959 autem

2074 4996 2497 5063 humanitatis;
2530 4999 2586 5052 et
2632 5012 2705 5051 ne
2734 4994 2819 5051 sic
2868 4996 3104 5066 quidem
3152 4995 3424 5061 stolidus,
3458 4995 3613 5066 quod
3644 4993 3716 5049 ad

2073 5088 2213 5142 deos
2250 5086 2487 5156 quidem
2534 5083 2764 5153 attinet,
2795 5088 2852 5139 et
2893 5100 2990 5140 eos
3018 5083 3115 5155 qui
3155 5083 3275 5140 illis
3306 5087 3527 5154 parent,
3563 5081 3719 5138 vole-

2075 5176 2175 5232 bat
2216 5174 2471 5245 quietem
2517 5188 2705 5245 agere.
2738 5173 2851 5229 Sed
2898 5189 3028 5228 cum
3088 5177 3242 5229 esset
3278 5173 3390 5229 sub
3439 5172 3717 5229 claustris

2074 5269 2131 5321 et
2192 5262 2551 5329 custodibus,
2597 5261 2916 5318 insultabat
2972 5277 3173 5318 eorum
3235 5261 3597 5317 tolerantiae:
3659 5264 3717 5316 et

2074 5369 2181 5411 nec
2212 5349 2533 5408 desistebat
2563 5350 2797 5421 quidem
2836 5349 3049 5407 multos
3077 5366 3185 5407 suo
3216 5350 3417 5407 morbo
3449 5350 3712 5422 implere.

1955 5527 2001 5564 οδ
2042 5528 2222 5594 ἀθεεὶ,
2254 5527 2317 5583 Β,
2352 5558 2420 5565 —
2450 5523 2503 5578 ὲν
2532 5526 2611 5594 τῷ
2636 5521 2911 5592 κολάζειν,
2942 5527 2998 5579 C.
3042 5528 3103 5581 F.
3177 5522 3224 5560 9‘
3256 5518 3621 5594 Εὐπόλμιος,
3653 5524 3717 5582 Β.

1808 5599 1852 5634 ⁸⁷
1891 5599 2110 5667 ξαίνειν,
2180 5599 2243 5654 Β.

1495 5670 1516 5704 ³
1571 5668 1858 5743 βασάνους,
1908 5672 1970 5727 Β.

2346 5596 2397 5669 θξδ
2451 5595 2903 5669 προσενοικηκὸς,
2936 5600 2997 5651 B.
3022 5628 3097 5669 g—
3124 5596 3540 5669 προενοικηκὸς,
3560 5596 3631 5669 7C.
3660 5597 3717 5669 θ’,

2073 5665 2102 5707 ³7
2150 5670 2279 5726 add.
2332 5665 2531 5740 αὐτῶν,
2592 5668 2651 5722 Β.
2703 5668 2761 5725 C.
2798 5669 2857 5725 Ρ.
2934 5670 2954 5703 δ
3010 5665 3294 5742 ἀπείχετο,
3325 5669 3385 5724 C.
3430 5668 3491 5725 Ρ.
3557 5668 3580 5701 ⁵
3628 5666 3717 5720 καὶ
