4094 6230
496 324 617 387 879
1789 316 2072 380 MENSIS
2118 316 2608 385 SEPTEMBER.
3550 270 3559 281 Χ
3756 346 3855 406 830

499 490 646 545 Cum
692 500 829 558 ergo
875 483 1040 543 visus
1080 490 1231 540 esset
1260 485 1319 540 et
1349 480 1557 539 ultrice
1586 495 1785 550 manu,
1808 483 1867 537 et
1911 479 2115 538 carnifl

2248 479 2338 534 καὶ
2403 480 2549 558 παρᾶ
2596 488 2693 541 σοῦ
2756 484 3075 564 διιθύνεται,
3131 493 3225 549 καὶ
3296 498 3598 573 Κυπριανὸν
3669 503 3852 570 πάντως

501 577 690 645 cibus,
721 575 876 648 quod
908 574 980 631 ad
1020 590 1129 630 nos
1172 572 1407 644 quidem
1437 574 1677 645 spectat,
1710 570 1996 643 superior,
2030 568 2113 625 sci

2254 569 2465 667 σύναμά
2487 594 2595 667 τινι
2624 577 2887 667 ιΙουστίνῃ
2925 581 3199 657 παρθένῳ,
3230 586 3295 655 ἢν
3343 568 3436 640 καῖ
3494 590 3657 659 αὐτὴν
3703 568 3852 667 ἐξαπίέ

502 684 674 725 amus
706 670 901 722 autem
929 677 1153 733 omnes,
1179 661 1336 733 quod
1368 676 1783 733 quamcunque
1812 664 2027 716 terram
2056 674 2119 715 eo

2253 658 2584 751 cadmei};
2618 667 2638 702 ⁷
2665 665 2703 735 ἢ
2733 674 2835 737 τῆς
2877 677 3116 742 μισητῆς
3165 671 3412 729 ἐκκλῖναι
3462 658 3746 751 θρησκείας,
3774 705 3852 740 πα-

502 755 734 828 aspicit,
767 768 835 809 ea
862 753 969 808 tibi
1002 759 1181 823 paret,
1201 755 1259 806 et
1277 767 1310 806 a
1337 754 1394 805 te
1426 750 1665 821 regitur,
1696 749 2048 822 Cyprianum
2070 764 2119 802 at

2254 750 2621 825 ρασκευάσεις,
2653 753 2689 825 ἢ
2720 758 2778 811 id:
2814 762 2895 830 τῷ
2956 761 3185 836 μεγάλῳ
3245 764 3328 819 Διὶ
3379 748 3638 831 καὶ-τοῖς
3692 769 3852 837 ἄλλοις

503 851 558 902 te
582 844 709 901 misi
732 841 910 899 simul
933 857 1061 897 cum
1082 840 1315 895 Justina
1329 839 1552 911 virgine
1577 864 1591 908 ;
1616 855 1763 911 quos
1780 843 1883 895 aut
1910 837 2120 895 efﬁcies

2253 842 2397 904 θεοῖς
2442 841 2735 917 ἆρέσκοντα
2790 848 2879 902 καὶ
2938 845 3020 905 ἔπ’
3059 849 3245 914 αὐτοῖς
3283 856 3592 932 καταπράξῃ
3624 861 3663 929 ⁸,
3694 861 3758 915 ὧν
3806 865 3853 920 τὸ

504 939 570 991 ut
616 931 910 989 declinent
955 931 1029 987 ab
1086 929 1290 985 odiosa
1324 932 1382 985 et
1449 928 1804 985 exsecranda
1844 926 2121 998 religione

2256 926 2535 995 δυσπειθὲς
2594 935 2683 988 καὶ
2734 935 2803 991 τὰ
2857 939 2982 1016 περὶ
3064 940 3245 1001 αὐτῶν
3320 926 3684 1021 ὑπομνήματα
3747 950 3854 1007 κατᾶ

504 1028 604 1081 aut
632 1024 786 1080 circa
813 1022 945 1079 illos
973 1038 1041 1077 ea
1088 1020 1287 1089 facies,
1319 1035 1444 1091 quae
1477 1035 1691 1091 magno
1736 1018 1863 1074 Jovi
1894 1017 2121 1089 placent

1094 1020 1287 1089 iacies,
1319 1035 1444 1091 quae
1477 1035 1691 1091 magno
1736 1018 1863 1074 Jovi
1894 1017 2144 1089 placent,
2258 1021 2422 1094 μέρος
2451 1020 2711 1094 ὀηλώσει.

504 1119 563 1170 et
594 1113 708 1169 diis
738 1111 887 1169 aliis.
924 1110 1164 1167 Illorum
1213 1112 1403 1165 autem
1452 1106 1913 1164 inebedientiam
1946 1107 2146 1179 singu-

504 1202 669 1257 latim
701 1199 1081 1258 declarabunt
1110 1201 1257 1267 acta,
1289 1214 1414 1270 quae
1444 1200 1585 1254 sunt
1615 1197 1685 1252 de
1715 1196 1801 1253 eis
1832 1195 2003 1252 facta.

574 1289 745 1346 XXX.
806 1289 1053 1345 Litteras
1099 1287 1294 1358 itaque
1368 1285 1659 1357 legentem
1729 1284 2145 1357 imperatorem

2323 1277 2404 1367 ,ΛΖ
2439 1279 2713 1351 Διεξιόντα
2742 1285 2875 1357 γοῦν
2906 1284 2972 1339 τὰ
3002 1286 3352 1363 γεγραμμένα
3381 1290 3473 1346 τὸν
3510 1293 3725 1367 βααιλὲα
3749 1298 3851 1351 θαυ-

505 1380 667 1438 subit
696 1378 1001 1435 admiratio
1034 1395 1048 1447 ;
1081 1384 1135 1434 et
1174 1380 1485 1448 antequam
1516 1391 1718 1432 eorum
1750 1375 1961 1430 faceret
1994 1375 2117 1445 peri

2259 1366 2446 1461 μαζειν
2497 1367 2677 1461 ἐπῄει,
2726 1371 2816 1427 καὶ
2873 1374 2980 1447 πρὸ
3029 1379 3129 1442 τῆς
3198 1378 3390 1453 πείρας
3464 1366 3566 1453 τῆς
3631 1393 3848 1461 καρτερᾶς

504 1468 721 1539 culum,
752 1467 942 1524 victus
979 1466 1088 1523 fuit
1118 1482 1152 1522 a
1189 1466 1321 1521 forti
1365 1469 1422 1521 et
1453 1480 1666 1537 magno
1697 1478 1901 1520 eorum
1928 1461 2121 1518 animo

2256 1454 2431 1545 αὐτῶν
2484 1458 2571 1513 καὶ
2620 1460 2868 1535 μεγάλης
2916 1465 3117 1534 ἡττᾶτο
3166 1469 3374 1545 ψυχῆς.
3406 1472 3560 1529 Ἐπει
3589 1472 3675 1529 οῦν
3696 1454 3850 1538 litata;

502 1561 648 1618 Cum
698 1573 834 1630 ergo
882 1558 1073 1614 visum
1139 1562 1289 1613 esset
1348 1555 1619 1612 sufﬁcere
1677 1557 1986 1618 tormenta,
2016 1568 2119 1623 qua

2254 1542 2427 1600 ἐδόκει
2478 1546 2574 1610 τὰς
2622 1545 3008 1624 προλαϐοῦσας
3060 1542 3345 1630 βασάνους,
3385 1561 3477 1616 καὶ
3520 1563 3581 1619 τὸ
3634 1561 3848 1628 πλείονας

502 1654 939 1725 prmcesserant,
973 1653 1030 1706 et
1057 1650 1225 1721 plura
1261 1648 1477 1705 inferre
1507 1648 1791 1719 iudicaret
1808 1662 1921 1701 non
1953 1643 2119 1701 solun

2254 1631 2517 1728 ἐπιθεῖναι
2570 1636 2594 1672 9
2645 1637 2745 1693 οὐκ
2796 1638 2989 1715 ἄγριον
3050 1643 3237 1716 μόνον,
3297 1646 3444 1705 ἀλλὰ
3500 1650 3585 1706 καὶ
3638 1654 3846 1728 περιττὸν

502 1718 627 1799 esse
685 1718 936 1807 crudele,
988 1718 1091 1795 sed
1164 1738 1341 1795 etiam
1406 1718 1764 1809 superﬂuum
1826 1736 2119 1806 (accepera

2256 1718 2459 1815 ἔκρινεν
2514 1725 2796 1800 (ἐμάνθανε
2843 1730 2946 1807 γὰρ
3004 1732 3202 1797 αὐτοὺς
3258 1734 3463 1811 πολλῷ
3521 1744 3600 1813 τῷ
3650 1718 3844 1815 περιόντι

501 1831 659 1888 enim
705 1847 804 1887 eos
853 1828 1140 1902 quidquid
1193 1828 1570 1894 inferebatur,
1600 1826 1910 1898 insigniter
1938 1824 2118 1896 despi-

2255 1813 2451 1916 naytoc
2509 1820 2609 1870 τυῦ
2666 1816 3008 1894 ἐπαγομένου
3056 1831 3459 1902 καταφρονεῖν),
3500 1813 3848 1904 κοινωσάμενος

501 1921 676 1993 cere),
705 1901 1135 1977 communicato
1185 1934 1316 1973 cum
1350 1916 1557 1972 amicis
1586 1914 1850 1982 consilio,
1884 1914 1983 1969 ubi
2012 1912 2118 1969 illo;

2229 1901 2343 1993 ’καὶ
2388 1908 2505 1968 τοῖς
2552 1904 2735 1983 φίλοις
2774 1908 2941 1964 αὐτοῦ
2996 1911 3058 1967 τὸ
3099 1901 3407 1990 βούλευμα,
3457 1916 3569 1973 ἐπεὶ
3612 1901 3846 1984 κᾶκείιους

501 1990 726 2066 invenit
754 2008 1086 2075 laudantes,
1115 2006 1394 2077 imposuit
1422 2005 1599 2060 ﬁnem
1637 2004 1711 2060 iis
1740 2020 1871 2075 quas
1902 2018 2114 2076 praeces

2255 1990 2603 2057 ἐπαινοῦντας
2662 1995 2806 2072 εὗρε,
2860 1998 3021 2064 τέλος
3092 2006 3212 2066 τοῖς
3286 2006 3547 2082 φθάσασιν
3611 2009 3842 2064 ἓπετίθει·

501 2102 702 2156 serant
734 2114 748 2154 :
783 2097 1130 2170 Cyprianus,
1161 2096 1381 2163 dicens,
1411 2101 1465 2151 et
1510 2093 1762 2164 Iustina,
1792 2093 1893 2166 qui
1943 2093 2117 2149 adver

2254 2084 2586 2158 Κυπριανὸς,
2619 2086 2812 2160 εἰπὼν,
2861 2091 2954 2144 καὶ
3020 2091 3286 2148 Ἰουστίνα
3344 2098 3481 2152 κατὰ
3531 2101 3656 2162 θεῶν
3703 2118 3842 2176 φρυα-

502 2203 606 2244 sus
654 2188 791 2242 deos
838 2186 1222 2253 fremuerunt,
1256 2188 1311 2239 et
1350 2200 1423 2239 ne
1452 2181 1755 2255 suppliciis
1789 2182 2049 2255 quidem,
2083 2196 2117 2238 ιι

2255 2171 2500 2245 ξάμενοι,
2530 2178 2620 2230 καὶ
2668 2178 2807 2247 μήτε
2862 2179 3119 2236 κολάσεσι
3180 2191 3516 2261 μεταγνῶναι
3564 2190 3604 2225 ⁸⁸
3641 2171 3841 2253 πεισθέν-

503 2275 859 2333 sententiam
911 2277 1222 2343 mutarent,
1267 2272 1493 2329 inducti
1546 2279 1702 2338 sunt,
1733 2287 1922 2343 neque
1969 2271 2120 2327 bono

2252 2282 2362 2355 τες,
2397 2265 2537 2355 μήτε
2596 2267 2704 2338 μὴν
2763 2267 2981 2344 ἀγαθῶν
3037 2270 3390 2347 ὑποσχέσεσι,
3418 2277 3508 2333 τὸν
3555 2275 3637 2334 διὰ
3692 2278 3841 2355 ξίφους

503 2380 636 2422 rum
668 2363 993 2434 promissis,
1025 2362 1220 2437 gladio
1252 2366 1498 2419 mortem
1535 2361 1805 2418 subeant.

1334 2366 1498 2419 mem
1535 2361 1805 2418 subeant,
2256 2350 2359 2407 ὑπο
2367 2352 2669 2425 μενέτωσαν
2703 2366 2951 2420 θανατον.

574 2454 771 2513 XXXI.
805 2453 935 2510 Haec
975 2471 1108 2511 cum
1150 2453 1335 2512 sancti
1382 2453 1728 2523 audiissent,
1762 2468 1880 2509 non
1918 2451 2144 2508 tristem

2326 2443 2454 2502 ΔΑΖ
2488 2444 2711 2501 Τούτων
2740 2445 3066 2513 ἀκούσαντες
3099 2452 3150 2506 οἱ
3182 2451 3357 2527 ἅγιοι,
3391 2456 3453 2512 οὐ
3490 2460 3694 2532 κατηφῆ
3726 2458 3839 2532 ὄψιν,

503 2546 749 2613 vultum,
784 2561 900 2602 non
948 2545 1192 2601 verbum
1234 2545 1571 2602 indecorum
1612 2547 1670 2600 et
1715 2540 2020 2611 illiberale,
2052 2556 2120 2597 ne

2256 2531 2360 2622 οὐκ
2387 2532 2599 2607 ἀγεννὲς
2630 2534 2802 2609 ῥῆμα.
2862 2538 2964 2594 οὐκ
3001 2537 3146 2595 ἄλλο
3185 2562 3240 2596 τι
3293 2531 3643 2622 μικρόψυχον
3669 2550 3703 2586 ¹¹
3743 2531 3841 2603 ἐπε-

505 2650 617 2708 que
670 2630 892 2703 aliquid
942 2633 1121 2701 aliud,
1165 2634 1320 2704 quod
1369 2637 1523 2689 esset
1570 2629 1769 2704 pusilli
1825 2633 1884 2686 et
1936 2629 2122 2702 abject

2256 2616 2495 2691 δείξαντο
2530 2640 2543 2653 °
2578 2622 2726 2679 ἀλλὰ
2756 2622 2976 2701 φαιδροὶ
3011 2626 3226 2701 μᾶλλον
3252 2616 3350 2687 καὶ
3381 2616 3592 2704 πολλῆν
3633 2637 3716 2705 τὴν
3760 2643 3839 2703 τῆς

503 2723 705 2794 animi,
750 2726 1167 2782 ostenderunt:
1220 2724 1322 2781 sed
1379 2724 1573 2796 potius
1630 2722 1872 2789 alacres,
1900 2725 1958 2777 et
2016 2737 2120 2777 mat

2256 2713 2442 2786 ψυχῆς
2488 2709 2693 2783 ἡδονὴν
2743 2714 2830 2770 ἐπὶ
2885 2720 2982 2772 τοῦ
3018 2721 3323 2794 προσώπου
3351 2725 3700 2798 σημαίνοντες,
3724 2726 3839 2799 παρᾶ

502 2832 675 2887 gnam
726 2815 905 2871 animi
955 2814 1213 2871 laetitiam
1259 2812 1420 2869 vultu
1462 2811 1879 2883 signiﬁcantes,
1912 2813 2116 2882 propte

2253 2801 2347 2855 τὸν
2378 2802 2623 2875 ποταμὸν
2666 2802 2874 2862 Γάλλον
2915 2808 3014 2878 τήν
3065 2807 3153 2863 ἐπὶ
3202 2813 3431 2874 θάνατον
3479 2812 3681 2891 ἤγοντο,
3715 2814 3836 2870 πλεί-

503 2907 747 2963 ﬂuvium
781 2904 1012 2961 Gallum
1044 2904 1117 2959 ad
1169 2906 1414 2958 mortem
1462 2901 1848 2971 ducebantur,
1880 2914 2015 2955 cum
2056 2915 2120 2955 ac

2254 2896 2394 2945 στων
2445 2890 2586 2947 ὅσων
2629 2894 2765 2965 πρὸς
2817 2896 2919 2965 τήν
2977 2898 3097 2953 θὲαν
3139 2897 3510 2978 ἐπειγομένων
3532 2890 3601 2975 ⁷1³,
3630 2904 3709 2960 ἅτε
3749 2901 3836 2958 δια·

507 2996 824 3052 cessissent
870 2992 1109 3064 plurimi
1151 2992 1221 3047 ad
1266 2989 1687 3060 spectaculum,
1739 2993 1936 3060 utpote
1992 3004 2124 3059 quo:

2253 2980 2563 3054 τρεχούσης
2591 2988 2689 3052 τῆς
2720 2984 2895 3055 ἀκοῆς
2922 2986 3014 3041 καὶ
3051 2989 3256 3053 πάντας
3285 2992 3443 3057 εὐθὺς
3489 2992 3737 3065 καλούσης
3772 2988 3838 3047 διᾶ

503 3085 663 3139 fama
708 3084 990 3147 curreret,
1021 3084 1079 3137 et
1127 3095 1331 3135 omnes
1383 3078 1581 3135 statim
1636 3081 1867 3135 vocaret
1913 3081 2120 3150 propte;

1526 3094 1581 3135 ω
1636 3081 1867 3135 vocaret
1913 3081 2148 3150 propter
2256 3068 2318 3125 τὸ
2349 3074 2455 3125 τῶν
2488 3073 2810 3151 πχοσώπων
2850 3074 3141 3151 ἐπίσημον.

503 3186 891 3244 personarum
922 3169 1264 3226 claritatem.

1009 3224 1397 3332 ergoaliquod
1419 3257 1592 3314 breve
1621 3260 1852 3330 tempus
1883 3257 1955 3313 ad
1977 3273 2151 3314 oran-
2179 3228 2190 3286 ⁴

2217 3224 2227 3249 Ι

2217 3263 2230 3290 ‘
2328 3259 2452 3314 AB'.
2485 3257 2705 3338 Βραχὺν
2743 3256 2838 3314 οὖν
2885 3263 3073 3337 καιρὸν
3119 3265 3167 3301 ⁸⁸
3212 3264 3290 3329 εἷς
3331 3267 3497 3345 εὐχὴν
3541 3267 3834 3341 αἰτησάμενοι

505 3353 642 3407 dum
678 3351 1005 3422 petiissent,
1037 3352 1094 3405 et
1141 3349 1579 3420 impetrassent,
1606 3351 1665 3404 et
1693 3347 1955 3404 Ecclesiae
1986 3353 2118 3404 tran

2255 3347 2345 3400 καὶ
2375 3347 2653 3421 τυχόντες.
2704 3351 3018 3409 εὐστάθειάν
3060 3376 3119 3410 τε
3164 3360 3233 3430 τῇ
3261 3358 3559 3432 Ἐκκλησία
3593 3359 3670 3413 καὶ
3718 3358 3834 3431 εἰρή-

504 3440 873 3512 quillitatem,
902 3438 1292 3511 omnibusque
1345 3454 1546 3511 pacem
1593 3454 1627 3494 a
1669 3436 1900 3494 Christo
1949 3442 2119 3509 postu

2254 3455 2353 3505 νην
2398 3442 2527 3491 πᾶσι
2573 3440 2721 3515 παρὰ
2766 3445 3008 3515 Χριστοῦ
3061 3444 3439 3521 αἰτησάμενοι,
3490 3450 3517 3504 ὁ
3560 3446 3704 3524 μέγας
3752 3448 3836 3501 Κυ-

503 3530 750 3591 lassent,
783 3545 1033 3602 magnus
1076 3528 1399 3601 Cyprianus
1448 3544 1521 3583 ne
1550 3531 1672 3583 tum
1703 3528 1936 3597 quidem
1973 3528 2117 3584 mori

2253 3525 2504 3599 πριανὸς,
2537 3524 2662 3583 οὐδὲ
2719 3532 2969 3601 θνήσκειν
3048 3534 3269 3607 μέλλων
3324 3539 3406 3601 εἷς
3452 3536 3615 3610 λήθην
3642 3538 3726 3606 ἧκε
3763 3536 3835 3587 τοῦ

500 3624 687 3693 turus,
738 3620 1040 3694 sapientiae
1087 3618 1304 3676 oblitus
1353 3620 1457 3688 est,
1508 3624 1566 3674 et
1620 3618 1803 3675 animi
1852 3619 2114 3691 magnitu

2254 3620 2422 3693 σοφοῦ
2477 3637 2536 3673 τε
2591 3618 2681 3674 καὶ
2742 3620 3177 3701 μεγαλόφρονος,
3235 3625 3386 3684 ἀλλὰ
3442 3628 3503 3684 τὸ
3555 3632 3641 3684 τοῦ
3684 3626 3836 3696 θήλεος

501 3712 693 3780 dinis;
725 3711 822 3767 sed
872 3709 1098 3766 habens
1134 3711 1481 3782 suspectam
1522 3707 1751 3764 femina
1780 3707 2118 3764 imbecillita

2258 3707 2575 3762 ὑποπτεύων
2632 3708 2863 3782 ἀσθενὲς,
2913 3711 3041 3776 τοὺς
3098 3720 3197 3784 τήν
3247 3716 3515 3794 ἀναίρεσιν
3566 3717 3834 3789 ἐπιτετραμ-

500 3807 640 3868 tem,
671 3816 771 3856 eos
804 3799 1015 3871 quibus
1046 3798 1319 3854 mandata
1351 3797 1539 3853 fuerat
1567 3796 1775 3866 caedes,
1809 3797 2052 3869 rogavit,
2084 3814 2117 3851 υ

2256 3794 2445 3868 μένους
2509 3797 2803 3854 Ἰουστίναν
2861 3801 3021 3871 ἠξίου
3077 3799 3512 3880 διαγειρίσασθαι
3567 3806 3833 3882 πρότερον·

496 3890 661 3963 prius
710 3889 1107 3951 interficerent
1153 3887 1471 3943 Justinam.
1515 3887 1678 3951 Quod
1737 3903 1873 3942 cum
1924 3886 2113 3943 factus

2252 3883 2317 3939 οὗ
2346 3887 2666 3961 γενομένου,
2697 3889 2787 3943 καὶ
2834 3890 2900 3945 τὸ
2943 3893 3210 3967 μακᾶριον
3258 3894 3422 3959 τέλος
3464 3896 3620 3965 αὐτῆς
3662 3892 3834 3965 δεξαμέ-

495 3986 671 4047 esset,
703 3982 761 4034 et
798 3978 1032 4034 beatum
1065 3977 1241 4032 ﬁnem
1281 3991 1350 4032 ea
1389 3976 1728 4047 accepisset,
1770 3974 1869 4032 ille
1902 3992 2112 4049 magna

2252 3995 2371 4045 νης,
2404 3974 2624 4046 πολλὴν
2668 3979 2712 4013 ¹⁴
2768 3977 2973 4043 ἐκεῖνος
3027 3981 3393 4060 ὁμολογήσας
3444 3990 3521 4058 τῷ
3571 3988 3675 4057 Θεῷ
3708 3982 3835 4058 χάριν

494 4070 611 4124 Deo
635 4084 814 4140 agens
844 4067 1062 4139 gratias
1086 4069 1325 4137 propter
1354 4065 1507 4120 hanc
1531 4064 1837 4137 pulchram
1861 4071 1918 4121 et
1947 4076 2111 4139 optau

2249 4072 2349 4135 τῆς
2380 4064 2555 4135 καλῆς
2583 4068 2788 4139 ταύτης
2819 4068 2909 4124 καὶ
2957 4080 3216 4143 ποθεινῆς
3265 4073 3534 4147 κλήσεως,
3571 4074 3833 4147 περιχαρῶς

494 4159 628 4213 dam
666 4158 1053 4225 vocationem,
1084 4154 1210 4227 ipse
1254 4169 1485 4226 quoque
1537 4170 1670 4210 mox
1725 4153 1888 4210 laatus
1951 4154 2105 4227 gladi

2250 4156 2340 4211 καὶ
2372 4157 2535 4219 αὐτὸς
2568 4154 2655 4213 διὰ
2689 4158 2875 4233 ξίφους
2909 4161 3070 4226 εὐθὺς
3110 4162 3439 4239 τελειοῦται,
3469 4164 3552 4222 καὶ
3605 4164 3724 4238 πρὸς
3760 4158 3834 4214 οὗ·

497 4251 968 4316 consummatur,
999 4250 1057 4302 et
1087 4246 1158 4302 ad
1191 4245 1402 4301 coelum
1434 4243 1716 4300 evehitur.

1237 4245 1402 4301 ﬁlum
1434 4243 1716 4300 evehitur.
2255 4247 2411 4322 ρανὸν
2444 4248 2486 4284 1⁸
2516 4247 2854 4324 ἀναφέρεται.

564 4335 824 4391 XXXIII.
858 4335 1202 4392 Jacentibus
1246 4350 1381 4405 ergo
1434 4333 1520 4389 sic
1568 4333 1933 4407 corporibus,
1972 4351 2144 4392 nemo

2320 4342 2440 4393 AI".
2500 4336 2683 4399 Οὕτως
2742 4336 2833 4394 οῦν
2892 4344 3002 4396 τῶν
3061 4343 3221 4417 ἱερῶν
3277 4346 3536 4420 κειμένων
3588 4341 3831 4415 σωμάτων.

495 4425 751 4482 audebat
780 4441 847 4481 ea
877 4424 1082 4482 tollere
1114 4428 1348 4497 propter
1380 4438 1647 4494 magnam
1678 4423 1981 4495 gentilium
2016 4425 2112 4482 feri

2250 4428 2338 4483 καὶ
2375 4427 2604 4501 μηδενὸς
2643 4430 2974 4507 θαρῥοῦντος
3023 4433 3197 4490 αὐτῶν
3248 4437 3350 4506 τήν
3382 4437 3636 4510 ἀνάληψιν
3666 4430 3741 4487 διὰ
3785 4425 3832 4481 τὸ

492 4520 697 4585 tatem,
729 4523 785 4571 et
850 4515 925 4571 ad
999 4514 1286 4587 supplicia
1341 4514 1624 4570 sumenda
1695 4515 2109 4587 proclivitatem

2217 4517 2394 4601 proli)
2439 4524 2548 4574 τῶν
2601 4518 2977 4592 Ἑλληνιστῶν
3020 4521 3207 4601 ἄγριον
3248 4528 3339 4581 καὶ
3392 4527 3525 4601 πρὸς
3570 4524 3655 4584 τὰς
3697 4537 3834 4591 τιμω-

494 4607 643 4667 Nam
683 4580 837 4664 tcum
894 4607 954 4663 in
1014 4580 1247 4663 sanctos
1296 4610 1575 4679 martyres
1608 4580 1731 4677 jam
1772 4607 1885 4663 lata
1932 4607 2111 4666 fuisse

2214 4588 2371 4685 ⁵ρίας
2403 4608 2701 4687 ὀξύρροπον
2737 4580 3043 4687 ’,(σημεῖον
3066 4580 3157 4687 ’ἐξ
3186 4618 3406 4693 καὶγὰρ
3434 4580 3554 4687 Ιἤθη
3589 4580 3706 4668 κατὰ
3744 4580 3831 4662 τῶν

494 4698 807 4769 sententia,
852 4697 1142 4753 transiens
1198 4695 1458 4767 quidam,
1504 4695 1599 4751 cui
1672 4712 1883 4754 nomen
1956 4698 2111 4755 Theo

2247 4698 2410 4774 ἁγίων
2476 4700 2766 4773 μαρτύρων
2845 4698 3094 4774 δοθείσης
3160 4712 3264 4775 τῆς
3342 4706 3666 4785 ἀποφάσεως,
3715 4713 3832 4785 τερ-

494 4788 723 4858 ctistus,
779 4790 837 4843 et
897 4786 1103 4843 videns
1162 4786 1372 4842 abduci
1424 4790 1653 4843 sanctos
1706 4785 1901 4842 solum
1944 4787 2086 4845 dixit

2247 4785 2449 4843 οδεύων
2501 4809 2606 4861 τις,
2634 4791 2681 4862 ᾧ
2727 4789 3045 4856 Θεόκτιστος
3096 4790 3293 4869 ὄνομα,
3322 4795 3411 4850 καὶ
3458 4780 3545 4849 τὸν
3589 4780 3828 4866 ἕγιονίάπ-

493 4880 678 4943 Quam
713 4878 935 4948 injuste
966 4876 1139 4932 morti
1160 4876 1361 4932 traditi
1380 4876 1618 4932 fuerunt
1645 4876 1831 4932 sancti
1857 4876 1870 4931 ι
1902 4885 1955 4933 et
1986 4894 2110 4936 mar

2247 4875 2510 4950 αγόμενον
2573 4880 2617 4915 ¹⁶
2671 4880 3019 4954 θεασάμενος,
3070 4884 3145 4945 ὡς
3208 4885 3372 4957 μόνον
3430 4879 3523 4961 ἔφη
3561 4903 3573 4917 ο
3640 4874 3828 4937 Ἀδικως

490 4971 585 5038 tyr
613 4965 725 5021 fuit
753 4970 984 5036 repente
1015 4964 1239 5038 absque
1294 4964 1414 5021 ullo
1445 4964 1697 5037 negotio.
1730 4964 1917 5021 Simul
1966 4974 2107 5039 atqu

2246 4966 2430 5040 ἀτίμῳ
2462 4968 2676 5041 θανάτῳ
2706 4970 2855 5033 ὅσιος
2886 4971 2932 5007 1⁷
2960 4971 3097 5047 ἀνὴρ
3145 4960 3521 5049 παραδέδοται,
3554 4970 3735 5044 μάρτυς
3775 4960 3826 5027 ἦν

490 5055 649 5110 enim
680 5054 791 5111 hoc
820 5054 1087 5120 dixisset,
1118 5068 1253 5109 eum
1285 5069 1351 5110 ex
1386 5070 1534 5126 equo
1564 5054 1846 5126 dejiciens
1872 5072 2102 5114 assesso

2244 5064 2587 5133 παραχρῆμα
2620 5056 2861 5137 σχέδιος,
2896 5061 3009 5134 ἅμα
3060 5062 3160 5136 γὰρ
3218 5068 3286 5137 τῇ
3346 5065 3492 5138 φωνῇ
3546 5062 3635 5116 τοῦ
3684 5054 3826 5138 ἵππον

492 5145 760 5216 Felicius,
792 5145 894 5202 cui
942 5144 1261 5216 imperator
1299 5144 1699 5217 principaliter
1740 5148 2045 5205 mandarat
2074 5150 2109 5205 in

2244 5148 2573 5223 κατενεγκὼν
2602 5135 2764 5205 αὐτὸν
2816 5135 3139 5214 Φὲλκιοςίίοί
3189 5153 3218 5208 ὁ
3263 5135 3639 5228 -συγκάθεδρος,
3667 5144 3706 5216 ᾦ
3754 5135 3822 5228 ἤιαῖ

489 5237 724 5290 sanctos
773 5232 1361 5303 animadversionem,
1413 5251 1609 5308 parem
1659 5236 1873 5294 Christi
1924 5242 2106 5311 marty

2242 5237 2310 5292 τὰ
2364 5239 2489 5313 περὶ
2543 5242 2652 5295 τῶν
2708 5240 2879 5314 ἁγίων
2923 5241 2951 5295 ὁ
2994 5240 3253 5315 βασιλεὺς
3307 5226 3712 5318 προηγουμένως
3752 5226 3824 5282 ἐπ’

490 5320 655 5378 ribus
703 5322 755 5381 ei
805 5339 1039 5396 quoque
1091 5329 1337 5380 mortem
1382 5324 1598 5382 attulit.
1643 5328 1784 5381 Cum
1834 5343 1967 5399 ergo
2016 5344 2107 5384 n01

2243 5326 2467 5401 ἔσκηψεν
2498 5328 2589 5384 τὸν
2630 5329 2741 5384 ίσον
2767 5329 2858 5385 καὶ
2898 5330 3046 5403 αὐτῷ
3076 5338 3191 5395 τοῖς
3223 5336 3320 5389 τοῦ
3350 5332 3579 5406 Χριστοῦ
3610 5332 3823 5400 μαρτυσιν

489 5427 698 5484 parum
765 5413 1048 5487 temporis
1106 5413 1550 5483 intercessisset,
1611 5419 1671 5472 et
1727 5415 1813 5472 sic
1870 5416 2106 5489 pretiosa

2243 5418 2478 5493 ἐπήγαγε
2517 5418 2789 5495 θάνατον’)
2820 5420 3025 5497 χρόνου
3071 5421 3163 5477 οῦν
3209 5422 3338 5497 οὐχὶ
3379 5420 3574 5494 συχνοῦ
3628 5411 3824 5484 διαγενο-

558 5572 857 5658 ⁷.ἀθθει,“
880 5580 939 5635 B.
1144 5576 1201 5658 _'_
1238 5574 1605 5658 κατα-ετράιξει.ζ
1648 5576 1751 5658 Β...
1815 5574 2168 5658 ξίπιθῇνςιι,
2338 5650 2350 5658 ι
2406 5580 2451 5617 ¹⁰
2501 5583 2866 5658 καταγνῶναι,
2926 5582 2993 5658 Βἶ
3092 5581 3136 5619 ¹ί
3197 5582 3409 5658 μικρὸν,
3606 5565 3822 5658 βίηίπαξς

980 5630 1241 5776 ἓὲλὲῗές..
1271 5630 1430 5774 Eva;
1565 5630 1754 5704 1%.?“
1783 5630 2168 5722 εάάξκάῗ,
2229 5630 3552 5731 δόὐρανοῦτςξθίψίδῂέξταγῦμενον,Ἦξτνίῖαᾶἆ.
3598 5645 3643 5719 ὁ,
3673 5644 3722 5701 Β.
3786 5630 3823 5671 ﬂ

642 5740 744 5789 ιος,
780 5739 843 5779 υ.
877 5754 945 5761 —
980 5739 1241 5787 φεΛοιος,
1271 5739 1330 5774 r.
