4094 6230
280 351 395 415 881

1412 349 1891 415 MARTYRIUM
1939 351 2004 413 S.
2051 350 2581 415 CALLISTRATI.

3578 352 3693 411 882

291 510 478 581 μένου,
528 508 619 562 καὶ
675 511 783 562 τῶν
848 507 1049 580 τιμίων
1126 506 1274 564 οὕτω
1344 510 1611 582 λειψάνων
1675 504 1942 581 κειμένων

2065 513 2309 582 iacerent
2383 514 2667 585 reliquiae,
2748 514 2985 585 quidam
3043 530 3111 569 ex
3166 514 3537 581 Christianis,
3595 514 3697 585 qui

292 594 608 652 διαπόντιον
638 595 697 651 ἐκ
740 602 842 666 τῆς
901 597 1125 670 Ῥώμης
1176 597 1398 672 πορείαν
1452 599 1596 659 τινες
1642 602 1750 652 τῶν
1810 602 1945 671 Χρι-

295 690 524 742 στιανῶν
586 683 968 758 στελλόμενοι,
1027 684 1144 741 ἐπεὶ
1209 686 1301 743 τὸν
1370 689 1463 760 μὲν
1530 688 1679 762 ἅγιον
1742 682 1949 750 ἰδόντες

296 774 451 837 εὐθὺς
492 773 811 851 ἐγνώρισαν,
860 774 959 830 οὐκ
1014 776 1165 850 εἶχον
1226 773 1283 831 δὲ
1338 776 1465 839 τοὺς
1516 777 1621 831 τῶν
1691 775 1948 855 φυλάκων

300 861 487 920 λαϐεῖν
521 864 865 942 ὀφθαλμούς·
900 866 952 919 οἳ
1008 863 1088 920 ἐπ’
1140 866 1275 921 αὐτὸ
1329 870 1492 921 τοῦτο
1551 866 1597 904 ιθ
1646 866 1949 939 παρέμενον

295 956 396 1023 τὴν
427 957 535 1009 τῶν
581 952 852 1027 λειψάνων
895 954 1143 1029 φυλακὴν
1194 953 1669 1031 ἐπιτετραμμένοι,
1722 958 1819 1009 τοῦ
1871 955 1946 1026 μὴ

301 1045 449 1119 παρά
503 1064 664 1099 τινων
729 1040 1118 1115 ἀποκλαπῆναι
1182 1050 1352 1100 ταῦτα
1414 1042 1517 1107 ἕως
1576 1045 1636 1098 ἅν
1704 1044 1951 1122 φθάσωσι

299 1135 478 1208 τροφή
510 1135 557 1170 ¹⁰
594 1138 862 1197 πετεινοῖς
915 1134 1004 1188 καὶ
1055 1134 1271 1208 θηρίοις
1317 1132 1594 1211 γινόμενα,
1646 1131 1758 1188 οὔδ’
1790 1131 1948 1187 αὐτοὶ

298 1229 402 1292 τῆς
450 1219 770 1298 προσεδρίας
824 1222 868 1259 ²¹
930 1222 1175 1296 ἠμέλουν
1223 1221 1387 1298 ἄχρις
1432 1224 1494 1278 οὗ
1541 1224 1589 1259 ³³
1632 1223 1685 1277 οἱ
1716 1221 1951 1300 φύλακες

306 1312 405 1384 μὶν
471 1309 639 1367 ὕπνου
694 1312 1034 1382 ἡττήθησαν.
1093 1313 1248 1367 αὐτοὶ
1314 1309 1371 1367 δὲ
1422 1310 1549 1374 τοὺς
1607 1309 1949 1382 πολυτίμους

302 1400 621 1473 ἀνελόμενοι
688 1399 994 1476 θησαυροὺς
1063 1399 1150 1455 ἐπὶ
1206 1401 1304 1471 τήν
1362 1401 1584 1474 Ῥώμην
1663 1397 1947 1465 ἀνέπλεον,

300 1486 689 1567 ἐπιφερόμενοι
717 1490 807 1545 καὶ
855 1490 921 1545 τὰ
975 1496 1075 1560 τῆς
1121 1488 1403 1561 ἀθλήσεως
1457 1490 1635 1546 αὐτῶν
1700 1489 1948 1562 ὑπομνήο

304 1600 469 1653 ματα,
517 1579 551 1634 ἅ
596 1600 702 1635 τινι
768 1584 876 1636 τῶν
943 1581 1411 1660 περιφανεστάτων
1483 1581 1617 1653 μετὰ
1680 1579 1773 1634 καὶ
1839 1584 1948 1634 τῶν

300 1671 463 1745 ἰερῶν
524 1670 793 1743 σωμάτων
832 1670 1145 1726 πιστεύουσι
1202 1675 1468 1747 γυναικῶν
1511 1668 1803 1743 (Μαρτώνῃ
1853 1668 1947 1741 μὲν

299 1763 566 1831 τοῦνομα,
633 1758 884 1838 Ῥουφίνῃ
941 1758 999 1814 δὲ
1051 1761 1114 1814 τὸ
1173 1759 1483 1833 ἐπώνυμον)
1542 1756 1813 1816 Κλαύδιον
1863 1756 1952 1811 αὖ·

2057 606 2239 660 Roma
2287 604 2344 660 in
2394 604 2823 660 transmarinas
2880 603 3193 659 veniebant
3249 604 3537 673 regiones,
3595 604 3696 659 ubi

2057 698 2323 750 sanctum
2362 694 2650 750 vidissent
2678 701 2730 749 et
2761 709 2894 749 eum
2917 693 3118 749 statim
3153 692 3546 764 agnovissent,
3580 708 3696 747 non

2058 790 2290 854 possent
2318 790 2508 837 autem
2542 780 2737 838 fallere
2769 781 3079 837 custodum
3110 780 3331 848 oculos,
3365 780 3466 851 qui
3486 780 3560 835 ad
3590 780 3698 835 hoc

2059 870 2251 941 ipsum
2302 869 2638 937 manebant,
2684 869 2837 941 quod
2884 875 3037 926 esset
3082 870 3165 925 eis
3213 867 3590 940 imperatum,
3636 871 3701 922 ut

2060 958 2417 1015 custodirent
2458 959 2760 1031 reliquias,
2794 976 2865 1015 ne
2898 974 2976 1015 ese
3009 957 3080 1015 ab
3111 957 3303 1030 aliquo
3333 958 3700 1029 subriperen-

2060 1055 2173 1117 tur,
2207 1050 2391 1106 donec
2413 1056 2608 1107 essent
2639 1051 2923 1106 devorata
2955 1067 2989 1105 a
3017 1048 3348 1105 volucribus
3377 1052 3433 1103 et
3462 1046 3697 1103 bestiis:

2061 1154 2249 1209 neque
2300 1139 2415 1211 ipsi
2461 1143 2692 1211 tempus
2747 1140 3053 1196 observare
3110 1137 3512 1210 neglexerunt,
3566 1152 3700 1191 cum

2062 1228 2333 1285 custodes
2364 1228 2600 1301 quidem
2633 1246 2667 1284 a
2695 1246 2899 1285 somno
2937 1228 3075 1285 victi
3123 1228 3304 1283 fuere.
3336 1227 3499 1284 Tunc
3542 1225 3701 1281 enim

2064 1316 2200 1389 ipsi,
2234 1316 2489 1390 acceptis
2520 1318 2795 1390 pretiosis
2843 1316 3163 1385 thesauris,
3212 1317 3455 1373 Romam
3507 1316 3699 1370 denuo

2063 1407 2431 1479 navigarunt,
2491 1408 2796 1463 aderentes
2845 1407 3019 1463 etiam
3072 1410 3450 1463 monumenta
3495 1420 3699 1462 eorum

2062 1495 2495 1553 decertationis.
2526 1496 2661 1562 Quae
2701 1496 2939 1567 quidem
2971 1495 3150 1552 simul
3200 1512 3334 1552 cum
3365 1494 3544 1552 sacris
3573 1509 3698 1550 cor-

2062 1587 2303 1659 poribus
2319 1585 2563 1643 crsdunt
2580 1584 2715 1641 fidei
2731 1585 3039 1656 cujusdam
3058 1584 3322 1641 mulieris
3337 1585 3699 1653 clarissimae,

2062 1676 2151 1731 cui
2183 1690 2393 1731 nomen
2426 1674 2662 1746 quidem
2694 1679 2817 1731 erat
2841 1676 3120 1740 Martona,
3153 1690 3475 1746 cognomen
3507 1682 3701 1729 autem

2062 1764 2332 1821 Rufﬁna:
2384 1781 2511 1837 qum
2551 1764 2778 1820 dicebat
2819 1780 2881 1820 se
2910 1780 3098 1836 genus
3129 1764 3340 1820 ducere
3368 1780 3400 1819 a
3439 1762 3698 1818 Claudio.

300 1849 481 1925 χοόσῄ
510 1851 556 1886 ³⁸
583 1853 680 1904 τοῦ
710 1850 901 1923 γὲνους
948 1851 1219 1926 ἀρχηγόν·
1269 1850 1411 1926 ἥπερ
1462 1849 1515 1905 ἂν
1564 1854 1642 1922 τῷ
1679 1847 1952 1921 ἐπεσημο-

2065 1855 2142 1910 Ea
2183 1859 2374 1910 autem
2406 1854 2466 1910 in
2498 1854 2752 1910 maxime
2792 1853 3010 1925 insigni
3060 1852 3287 1910 tumulo
3318 1850 3570 1908 civitatis
3602 1852 3704 1906 illa

300 1938 449 2012 ’πάτῳ
478 1938 629 2013 λόγῳ
656 1945 757 2008 τῆς
795 1937 1013 2001 πόλεως
1059 1940 1260 2013 τιμίως
1308 1940 1360 1995 ἐν
1401 1938 1563 2013 τιμίᾳ
1587 1942 1755 1994 ταῦτα
1799 1957 1958 1992 κατα-

302 2028 492 2099 τίθησι
522 2030 689 2103 θήκῃ,
719 2028 888 2091 ἰἀσεις
919 2028 1185 2106 ἀφθόνους
1215 2029 1277 2084 οὐ
1306 2033 1421 2091 τοῖς
1471 2028 1522 2083 ἐν
1571 2031 1640 2101 τῇ
1689 2028 1879 2102 Ῥώμῃ
1908 2028 1955 2063 ³⁸

308 2119 477 2193 μόνον
527 2118 788 2190 οἰκοῦσιν,
834 2118 980 2174 ἀλλὰ
1037 2121 1126 2175 καὶ
1168 2125 1284 2181 τοῖς
1317 2120 1653 2197 πανταχόθεν
1702 2120 1747 2155 ⁸⁸
1784 2118 1954 2173 ἐκεῖσε

305 2210 567 2286 φοιτῶσιν
601 2208 721 2262 ὅσαι
753 2206 956 2282 ἡμέραι
983 2210 1293 2284 παρέχοντα
1318 2210 1395 2271 εἰς
1446 2207 1601 2280 δόξαν
1656 2212 1791 2265 Θεοῦ
1838 2212 1951 2261 Πα-

298 2298 429 2373 τρὸς
475 2298 564 2352 καὶ
618 2297 822 2373 Κυρίου
866 2299 1027 2371 ἡμῶν
1070 2301 1253 2370 Ἰησοῦ
1301 2301 1558 2375 Χριστοῦ,
1609 2299 1655 2373 ᾧ
1684 2299 1731 2336 ³⁸
1760 2299 1795 2367 ἠ
1828 2294 1955 2369 δόξα

299 2385 379 2451 εἰς
405 2387 533 2449 τοὺς
558 2386 761 2450 αἰῶνας
790 2392 898 2443 τῶν
931 2389 1170 2448 αἱώνων.
1204 2390 1405 2463 Ἀμήν.

376 2626 421 2662 ¹⁹
449 2625 632 2697 deest,
662 2624 730 2684 D.
842 2624 891 2662 ³ο
918 2626 1117 2733 τροφῇ,
1149 2627 1212 2684 Β.
1325 2625 1371 2663 ’ί
1399 2620 1863 2702 προσεδρείας,0.

345 2695 470 2733 5:,-
534 2697 574 2733 η
639 2699 680 2733 n
745 2698 786 2733 ιιι
920 2699 941 2733 s
997 2700 1156 2733 an“;
1212 2699 1251 2733 η
1389 2699 1437 2733 ss
1463 2701 1571 2733 ..λιι
1633 2697 1863 2733 Jama-..

300 2697 492 2766 αὐτῆς,
534 2697 593 2753 C.
638 2699 699 2754 D.
745 2698 807 2755 F.
920 2697 968 2735 ³⁴
997 2697 1177 2767 deest,
1211 2699 1274 2755 Β.

297 2786 427 2822 πεια
462 2771 552 2823 νῦν
581 2767 671 2823 καὶ
703 2768 783 2823 ἀεὶ
820 2769 907 2824 καὶ
942 2767 1109 2831 είς....
1140 2772 1203 2827 Β.
1236 2770 1298 2827 C.
1330 2769 1397 2828 D.
1430 2771 1490 2829 F.

1976 2626 2025 2663 ³⁸
2054 2622 2168 2697 οὖν,
2203 2624 2263 2678 Β.

1389 2697 1894 2767 ³⁵8άάίοίκούσιν,
1924 2698 1993 2756 D.

2065 1943 2379 2000 honorifice
2408 1942 2645 2015 deponit
2675 1943 2735 1999 in
2768 1960 2884 1999 una
2906 1942 3093 2010 theca,
3125 1942 3344 1997 affatim
3371 1940 3703 1998 curationes

2062 2050 2175 2090 non
2220 2033 2290 2089 iis
2320 2033 2477 2101 solis,
2526 2033 2623 2105 qui
2664 2035 2905 2089 Romam
2950 2032 3239 2101 habitant,
3286 2033 3383 2088 sed
3423 2031 3598 2087 etiam
3631 2031 3704 2086 iis

2062 2124 2166 2195 qui
2194 2121 2336 2179 illuc
2365 2122 2606 2178 veniunt
2642 2138 2711 2177 ex
2740 2122 2900 2177 omni
2932 2126 3115 2192 parte,
3165 2119 3482 2192 praebentia
3510 2118 3703 2190 quoti-

2062 2212 2152 2268 die
2184 2227 2198 2268 :
2232 2212 2303 2268 ad
2336 2211 2581 2284 gloriam
2624 2210 2725 2267 Dei
2759 2209 2956 2278 Patris,
2988 2214 3046 2265 et
3092 2208 3326 2265 Domini
3356 2210 3533 2264 nostri
3562 2208 3705 2263 Jesu

2061 2301 2321 2358 Christi:
2378 2317 2555 2373 quem
2615 2301 2780 2357 decet
2825 2298 3019 2356 omnis
3064 2298 3271 2367 honor,
3320 2298 3599 2367 majestas
3646 2299 3703 2351 et

2063 2390 2516 2464 magniﬁcentia,
2550 2407 2707 2448 nunc
2736 2398 2789 2447 et
2820 2406 3070 2463 semper,
3103 2393 3160 2446 et
3188 2389 3248 2445 in
3282 2387 3495 2447 secula
3527 2403 3707 2443 seacu-

2065 2480 2274 2538 lorum.
2307 2481 2513 2538 Amen.

2378 2626 2425 2661 ³⁸
2468 2622 2846 2704 αρχοιξσης....
2899 2622 3091 2704 αὐτῆς,
3140 2623 3204 2679 Β.
3245 2651 3316 2704 --_-
3361 2620 3706 2704 αὗχορσῂ..ε.

2105 2691 2165 2734 ’θ’
2181 2699 2374 2768 πρέπει
2393 2691 2730 2770 τιμὴ;”πᾶσα
2763 2691 3103 2769 μεγαλοσύνη
3132 2714 3191 2751 τε
3218 2693 3308 2748 καὶ
3361 2691 3708 2770 μεγαλοπρά-

926 3123 1968 3257 ΜΑΡΤΥΡΙΟΝ
2092 3128 2440 3259 ΤΟΥ
2557 3124 3085 3258 ΑΓΙΟΥ

1681 3367 1868 3422 MEI‘A
1878 3368 2072 3425 ΛΟΜΔ
2085 3367 2333 3423 ΡΤΥΡΟΣ

1102 3556 2917 3733 ΚΑΛΛΙΣΤΡΑΤΟΥ

1660 3840 1783 3896 ΚΔΙ
1819 3842 1954 3896 ΤΩΝ
1994 3842 2125 3892 2m
2162 3839 2337 3915 ΛΥΤῼ

1973 4012 2043 4027 “

1360 4172 2129 4281 MABTYBIUM
2215 4168 2661 4280 SANCTI

1612 4397 1703 4454 ET
1750 4396 1987 4455 MAGNI
2034 4393 2407 4452 MARTYRIS

1271 4544 2765 4715 CALLISTRATI

1761 4835 1847 4890 ET
1879 4834 2223 4893 SOCIORUM

592 4974 811 5047 (Latine
840 4976 994 5049 apud
1024 4976 1264 5035 Burium
1294 4978 1366 5035 ad
1398 4978 1554 5037 diem
1582 4979 1653 5036 27
1684 4979 2065 5052 Septembris,
2098 4980 2294 5038 Graios
2331 4995 2488 5036 nunc
2524 4977 2779 5051 primum
2812 4991 2882 5034 ex
2911 4973 3036 5035 cod.
3080 4990 3190 5032 ms.
3218 4971 3425 5044 Paris.)

382 5271 464 5333 A'.
496 5275 609 5344 Τήν
640 5278 738 5330 τοῦ
768 5273 975 5351 Κυρίου
1018 5274 1261 5353 ποίμνην
1309 5275 1431 5334 ὅσαι
1486 5277 1688 5355 ἡμέραι
1738 5277 1952 5351 πληθυ-

2139 5281 2181 5337 ῐ.
2214 5278 2356 5335 Cum
2389 5277 2603 5335 Christi
2626 5292 2856 5351 gregem
2888 5273 2951 5333 in
2984 5277 3110 5333 dies
3141 5272 3520 5347 multiplicari
3550 5272 3711 5328 vide-

308 5362 543 5437 νομένην
603 5364 631 5417 ὁ
694 5360 967 5438 δυσμενὴς
1032 5372 1279 5443 καθορῶν
1337 5364 1527 5442 πολλῇ
1602 5368 1719 5423 κατ’
1787 5370 1962 5439 αὐτῆς

309 5452 536 5528 ὥρμησε
572 5451 641 5527 τῇ
704 5453 887 5526 μανίᾳ,
948 5451 1258 5532 διαφθεῖραῖ
1312 5462 1481 5513 πᾶσαν
1544 5455 1958 5530 διανοούμενος.

306 5543 521 5604 Αύκους
563 5542 665 5618 γάρ
713 5564 866 5607 τινας
909 5546 1185 5619 πονηροὺς
1242 5546 1335 5601 καὶ
1390 5544 1614 5621 ἀγρίους
1671 5545 1807 5621 αὐτῇ
1866 5546 1958 5602 ἐπ-

307 5633 483 5711 αφεὶς,
564 5630 980 5706 Διοκλητιανὸν,
1046 5636 1214 5714 φημὶ,
1281 5634 1371 5690 καὶ
1431 5637 1771 5710 Μαξιμιανὸν
1833 5639 1960 5703 τοὺς

304 5722 624 5801 τυράννους,
673 5722 762 5779 καὶ
820 5729 988 5800 θῆρας
1049 5723 1265 5799 μᾶλλον
1326 5726 1362 5797 ἤ
1422 5724 1691 5800 βασιλεῖς,
1748 5730 1961 5806 πικρῶς

2074 5374 2161 5427 ret
2190 5369 2485 5434 inimicus,
2535 5368 2599 5424 in
2628 5384 2765 5424 eum
2817 5382 3029 5439 magno
3078 5364 3246 5421 irruit
3279 5366 3490 5430 furore,
3524 5366 3711 5419 totum

2072 5459 2309 5532 perdere
2340 5459 2624 5530 cogitans.
2651 5456 2937 5528 Improbis
2964 5456 3121 5512 enim
3143 5459 3201 5510 et
3220 5452 3553 5526 agrestibus
3584 5454 3715 5525 qui-

2074 5548 2314 5605 busdam
2360 5545 2516 5619 lupis
2564 5546 2625 5601 in
2672 5562 2807 5601 eum
2857 5543 3164 5610 immissis,
3210 5541 3589 5608 Diocletiano,
3618 5544 3711 5597 in-

2075 5654 2271 5711 quam,
2316 5640 2375 5693 et
2426 5634 2773 5692 Maximiano
2823 5634 3101 5708 tyrannis,
3151 5636 3209 5690 et
3245 5631 3451 5689 bestiis
3493 5631 3713 5702 potius,

2074 5742 2249 5800 quam
2280 5724 2755 5801 imperatoribus,
2786 5723 3159 5783 acerbissime
3205 5726 3264 5781 et
3307 5719 3714 5779 crudelissime
