4144 6184
414 270 531 329 883

1703 277 1980 343 MENSIS
2023 286 2515 348 SEPTEMBER.

3697 289 3823 351 884

411 444 546 487 eum
589 443 691 499 per
720 426 850 483 illos
881 428 1172 485 laceravit.
1206 429 1452 488 Tantum
1494 436 1647 493 enim
1689 440 1773 496 eis
1806 444 2051 503 immisit

2169 448 2321 502 αὑτὸν
2382 447 2473 501 καὶ
2540 444 2841 520 ὠμοτάτως
2899 443 2968 500 δι’
3027 444 3242 501 ἐκείνων
3330 446 3649 522 ἐσπάρασσε.
3712 452 3822 507 Καὶ

409 519 692 588 impetum
731 518 788 572 in
821 516 1200 585 Christianos,
1250 525 1311 577 ut
1359 523 1472 578 alia
1504 528 1737 597 quidem
1772 535 1966 602 parvia
1996 541 2055 591 et,

407 606 517 661 levi
551 623 691 661 cura
724 607 897 677 digna
930 608 1243 664 ducerent:
1294 610 1403 667 hoc
1451 623 1639 672 autem
1691 623 1883 679 solum
1927 641 2056 681 ma-

410 695 790 768 gnifacerent,
847 696 1206 753 Christianos
1267 716 1490 771 omnes,
1548 707 1594 760 si
1655 708 1777 765 ﬁeri
1838 720 2053 785 posset,

409 785 651 874 perdere
697 785 1001 841 funditus:
1064 792 1119 842 et
1177 788 1283 844 hoc
1337 806 1483 862 opus
1535 795 1653 852 fore
1701 800 1785 855 eis
1847 803 2054 874 majori

412 873 608 946 glorias
642 878 936 946 putarent,
972 892 1145 946 quam
1173 876 1288 934 alia
1308 882 1525 937 omnia.
1551 884 1828 944 Prmsides
1856 873 2054 962 itaque

410 962 625 1020 abillis
668 964 993 1019 acerbiores
1044 964 1427 1025 mittebantur
1462 988 1563 1042 per
1613 991 1814 1034 omnes
1864 989 2055 1051 partes

413 1056 600 1119 terrae,
634 1057 690 1109 et
720 1053 908 1108 edicta
937 1054 997 1109 in
1024 1070 1259 1111 omnem
1296 1060 1612 1135 regionem,
1646 1082 1772 1135 quae
1814 1071 2055 1139 parebat

411 1140 645 1198 illorum
679 1142 943 1213 imperio,
986 1145 1400 1215 pervadebant,
1436 1166 1563 1221 quae
1597 1161 1761 1209 erant
1792 1158 1966 1229 digna
1996 1166 2055 1215 et

415 1234 610 1287 mente
654 1232 1074 1303 imperatorum
1117 1246 1170 1289 et
1219 1238 1415 1293 animo
1466 1240 1891 1302 ministrorum.
1943 1249 2052 1305 Sed

414 1336 532 1375 non
565 1320 777 1375 Christi
823 1323 1027 1377 ovibus
1058 1330 1223 1380 erant
1255 1333 1527 1399 perpetuo
1576 1334 1756 1389 futuri
1789 1338 2055 1408 superio-

415 1424 509 1464 res
549 1410 693 1465 malt
736 1415 1130 1481 persecutores
1159 1431 1173 1480 ;
1202 1415 1299 1485 qui
1351 1417 1504 1473 enim
1551 1435 1646 1476 eas
1686 1424 1962 1481 emiserat
1992 1429 2051 1483 in

415 1499 608 1554 medio
636 1499 929 1570 luporum,
961 1501 1170 1571 effecit,
1204 1513 1264 1560 ut
1297 1522 1440 1563 novo
1472 1513 1722 1580 quodam
1757 1516 1927 1572 modo
1960 1534 2055 1573 su-

324 1652 329 1653 ,
413 1592 686 1658 pararent
713 1596 1135 1658 persecutores.

483 1768 553 1824 ΙΙ.
587 1770 775 1840 Atque
808 1769 978 1825 multi
1002 1771 1235 1842 quidem
1257 1775 1354 1832 alii
1385 1782 1441 1834 et
1470 1780 1645 1837 minis
1667 1790 1719 1839 et
1751 1788 2056 1847 tormentis

412 1856 597 1913 effecti
647 1859 1003 1930 superiores,
1054 1866 1247 1920 ornati
1298 1866 1456 1923 fuere
1502 1886 1715 1929 corona
1755 1879 2055 1950 martyrii:

412 1944 566 2002 inter
622 1950 854 2003 caeteros
913 1954 1109 2005 autem
1180 1970 1497 2022 generosus
1562 1978 1793 2034 quoque
1848 1944 2061 2024 Christi

416 2035 607 2130 miles,
726 2037 823 2107 qui
845 2038 995 2093 viam
1029 2040 1482 2111 pulcherrimam
1527 2052 1811 2124 transegit
1852 2062 2063 2130 marty-

415 2124 509 2191 rii,
552 2125 957 2183 Callistratus:
1009 2130 1111 2200 qui
1159 2136 1318 2189 ortus
1368 2136 1603 2205 quidem
1655 2148 1778 2197 erat
1820 2124 2061 2202 Cartha-

416 2212 570 2306 g_ine_,
604 2219 660 2268 et
690 2220 889 2284 postea
921 2216 1133 2275 relatus
1176 2220 1231 2275 in
1265 2238 1576 2281 numerum
1610 2231 1888 2302 cohortis,
1931 2252 2061 2306 quas

416 2301 720 2357 dicebatur
756 2304 1158 2364 Calendarum.
1205 2310 1349 2367 Cum
1397 2315 1603 2372 fuisset
1645 2328 1834 2377 autem
1866 2301 2059 2381 Roma

418 2405 551 2445 cum
584 2394 697 2447 tota
745 2394 1002 2466 cohorte,
1043 2403 1310 2471 essetque
1354 2419 1553 2460 recens
1599 2408 1842 2483 electus,
1898 2419 2059 2471 solus

416 2480 592 2569 veluti
632 2484 892 2552 quaedam
958 2485 1125 2542 stella
1167 2489 1224 2544 in
1270 2498 1459 2559 nocte,
1509 2495 1569 2551 in
1612 2514 1725 2569 quo
1767 2480 1905 2558 luna
1946 2520 2060 2561 non

416 2568 591 2640 lucet,
635 2576 861 2642 gratum
909 2576 1207 2633 emittebat
1254 2568 1641 2653 splendorem,
1688 2588 1900 2646 Christi
1952 2593 2063 2650 (ide

416 2658 807 2733 illuminatus,
871 2680 1003 2719 cum
1074 2670 1330 2725 tenebris
1390 2676 1601 2731 erroris
1658 2677 2062 2739 detinerentur

418 2751 867 2808 commilitones.
894 2754 1032 2824 Ejus
1057 2755 1210 2812 enim
1241 2761 1426 2829 patris
1452 2772 1636 2834 pater,
1658 2769 1892 2826 nomine
1924 2774 2064 2828 Neo-

418 2854 608 2927 corus,
659 2840 863 2896 Pontio
919 2843 1096 2899 Pilato
1142 2846 1589 2909 administrante
1618 2854 1899 2927 Judaeam,
1933 2877 2063 2919 cum

418 2926 557 2983 illuc
599 2930 880 2998 venisset,
921 2935 979 2985 et
1014 2932 1225 2989 Christi
1270 2937 1493 2994 viderat
1542 2926 1967 3017 perpessiones,
2007 2955 2063 3007 et

422 3018 723 3072 audiverat
773 3019 1031 3076 divinam
1089 3024 1218 3093 ejus
1268 3032 1773 3101 resurrectionem,
1823 3043 1881 3093 et
1928 3056 2061 3097 cum

422 3109 687 3195 putasset
716 3123 803 3173 ea,
837 3124 962 3177 quis
1002 3113 1142 3166 tunc
1173 3113 1322 3169 facta
1352 3122 1508 3186 sunt,
1541 3119 1931 3195 admirabilia,
1965 3146 2060 3186 ac-

425 3191 574 3285 eedit
621 3193 713 3285 adA
745 3194 1058 3285 apostolos,
1109 3203 1165 3253 et
1222 3216 1282 3256 se
1332 3202 1415 3258 eis
1459 3206 1637 3261 elﬁcit
1686 3187 2056 3285 familiarem,
2090 3187 2140 3255 Ο

425 3278 638 3335 Christi
685 3282 881 3349 ﬁdem,
941 3285 1114 3341 veluti
1176 3288 1475 3361 quidpiam
1523 3296 1862 3369 pretiosum,
1915 3278 2064 3361 mer;

427 3373 615 3422 catus.
650 3370 867 3425 Deinde
898 3371 1135 3430 domum
1182 3392 1469 3451 reversus,
1503 3398 1707 3442 omnes
1753 3391 1855 3461 qui
1901 3398 2065 3450 erant

424 3456 474 3510 ei
501 3472 708 3527 genere
731 3460 1053 3530 conjuncti,
1076 3464 1168 3520 his
1194 3468 1362 3524 bonis
1386 3470 1715 3543 impertitur
1746 3456 2059 3538 mercibus.

426 3545 521 3600 Sic
554 3545 731 3618 hujus
762 3548 1113 3610 haereditatis
1155 3555 1216 3611 lit
1256 3573 1558 3618 successor
1588 3565 1975 3636 Callistratus,
2010 3578 2065 3629 et

425 3652 552 3706 quae
592 3637 768 3731 estin
801 3639 1113 3731 Christum
1163 3645 1337 3703 ﬁdem
1384 3650 1599 3723 ubique
1638 3657 1885 3731 induxit,
1929 3667 2064 3718 tan-

423 3742 600 3819 quam
652 3727 904 3796 divitias,
954 3746 1077 3801 qua
1132 3750 1247 3791 non
1292 3748 1540 3809 possunt
1569 3745 1819 3819 subripi.
1852 3727 2063 3813 Quam-

424 3815 619 3910 obrem
643 3832 775 3873 cum
796 3820 1071 3877 evasisset
1092 3831 1401 3895 suSpectus
1434 3815 2066 3910 militibus,vdiligenter

423 3907 765 3965 observatur
797 3910 867 3966 ab
899 3911 980 3966 eis
1014 3915 1292 3984 quidnam
1325 3930 1537 3992 ageret.

494 4086 592 4141 III.
626 4087 767 4142 Cum
800 4105 934 4161 ergo
958 4107 1075 4146 una
1104 4099 1272 4151 nocte
1292 4114 1425 4154 eum
1457 4118 1487 4157 e
1510 4104 1683 4160 cubili
1716 4112 2061 4178 surrexisse,

426 4179 485 4268 et
524 4181 831 4268 consuetas
880 4196 1078 4250 preces
1129 4183 1243 4241 Deo
1291 4186 1513 4247 fudisse
1564 4197 1948 4268 aspexissent,
1997 4219 2065 4259 ea

426 4262 878 4363 duci‘e‘xercitus
923 4272 1262 4330 Persentino
1307 4262 1659 4349 signiﬁcant.
1709 4287 1807 4343 Ille
1847 4262 2063 4363 autem,

426 4367 493 4405 eo
534 4353 731 4408 statim
782 4360 1099 4416 accersito:
1152 4362 1325 4436 Num,
1374 4368 1584 4441 inquit,
1635 4390 1667 4429 ο
1714 4353 2060 4451 Callistrate,

425 4454 560 4493 vera
599 4450 753 4509 sunt,
796 4461 921 4514 quae
971 4450 1244 4508 dicuntur
1289 4472 1322 4510 a
1364 4459 1475 4514 luis
1519 4450 2066 4528 commilitonibus?

2088 1818 2143 1884 B

2166 538 2270 613 γὰρ
2316 536 2587 605 τοσαύτην
2639 535 2825 597 αὐτοῖς
2891 534 3050 603 ἐνῆκε
3114 534 3249 591 κατὰ
3315 540 3653 610 Χριστιανῶν
3714 540 3821 607 τήν

2166 623 2363 695 ὁρμὴν,
2398 622 2472 683 ὡς
2520 622 2588 676 τά
2640 622 2736 694 μὲν
2795 619 2939 676 ἄλλα
2992 622 3189 697 μικρὰς
3242 621 3332 675 καὶ
3389 629 3489 691 τῆς
3535 624 3821 698 τυχούσης

2163 711 2347 780 ἀξιοῦν
2393 708 2703 786 φροντίδος,
2751 711 2914 783 μόνον
2984 708 3041 766 δὲ
3106 715 3271 767 τοῦτο
3329 713 3392 766 τὸ
3460 713 3821 787 Χριστιανοὺς

2162 801 2364 861 πάντας
2410 800 2452 855 εἰ
2506 798 2729 855 δυνατὸν
2779 796 2877 875 ἄρδ
2920 844 2934 857 .
2980 845 2993 857 .
3039 845 3054 859 .
3097 842 3111 855 .
3156 842 3170 857 .
3217 842 3230 856 .
3284 798 3531 877 οἴχεσθαι
3575 801 3826 857 πανωλεο

2165 887 2345 963 θρίους
2376 889 2495 962 περὶ
2527 891 2726 950 παντὸς
2773 890 3065 961 ποιεῖσθαι,
3114 890 3201 944 καὶ
3253 886 3415 964 ἔργον
3454 890 3637 953 αὐτοῖς
3681 890 3825 946 εἶναι

2162 981 2271 1031 τῶν
2347 975 2535 1032 ἄλλων
2603 978 2817 1032 πάντων
2881 977 2945 1032 τὸ
3000 975 3450 1033 σπουδαιότατον.
3519 983 3825 1054 ’Ἄρχοντες

2159 1070 2451 1141 τοιγαροῦν
2534 1065 2752 1121 ἐκείνων
2810 1068 3126 1141 πικρότεροι
3202 1071 3485 1145 πανταχοῦ
3541 1075 3643 1143 γῆς
3705 1066 3825 1124 διε-

2162 1154 2464 1227 πέμποντο,
2517 1153 2861 1231 διατάγματά
2914 1178 2971 1211 τε
3034 1158 3170 1231 πρὸς
3218 1162 3392 1213 πᾶσαν
3449 1159 3547 1227 τήν
3589 1156 3822 1219 ἐκείνοις

2167 1244 2553 1317 ὑποκειμένην,
2603 1244 2722 1314 ἄξια
2769 1244 2860 1299 καὶ
2917 1252 3018 1315 τῆς
3075 1250 3182 1300 τῶν
3239 1245 3506 1321 βασιλέων
3567 1248 3822 1321 γνώμης,

2162 1334 2250 1387 καὶ
2282 1340 2382 1402 τῆς
2412 1338 2517 1387 τῶν
2549 1333 2965 1405 ὑπηρετούντων
3002 1334 3320 1409 ὑπάρχοντα
3353 1332 3613 1396 διανοίας.
3650 1332 3824 1405 Ἀλλ,

2163 1421 2266 1475 οὐκ
2287 1417 2522 1493 ἔμελλον
2548 1420 2651 1496 ἄρα
2678 1426 2784 1476 τῶν
2836 1426 2933 1477 τοῦ
2975 1422 3206 1497 Χριστοῦ
3256 1418 3542 1496 προϐάτων
3576 1423 3628 1478 οἱ
3659 1422 3826 1477 κακοὶ

2164 1510 2389 1566 διῶκται
2418 1511 2700 1586 κρείττους
2742 1512 2818 1575 εἰς
2863 1509 3023 1574 τέλος
3080 1511 3334 1587 ὀφθῆναιο
3366 1514 3393 1567 ὁ
3425 1514 3527 1587 γὰρ
3577 1512 3629 1566 ἐν
3666 1513 3823 1585 μέσῳ

2164 1600 2344 1657 λύκων
2379 1601 2658 1677 ἐκπέμψας
2687 1603 2820 1658 αὐτὰ
2851 1607 3018 1675 κοίινῷ
3064 1625 3167 1659 τινι
3210 1606 3400 1680 τρόπῳ
3449 1605 3823 1681 περιγενέσθαι

2163 1694 2343 1757 νέσθαι
2362 1698 2470 1747 τῶν
2501 1690 2810 1747 διωκόντων
2840 1691 3127 1763 πεποίηκε.

2240 1784 2310 1838 B'.
2374 1781 2579 1837 Πολλοὶ
2648 1783 2741 1855 μὲν
2800 1783 2893 1837 οὖν
2952 1783 3041 1837 καὶ
3102 1780 3267 1838 ἄλλοι
3308 1782 3548 1839 ἀπειλῶν
3602 1804 3660 1839 τε
3726 1782 3823 1838 καὶ

2171 1872 2412 1947 βασάνων
2473 1870 2734 1945 ἀνώτεροι
2792 1870 3148 1932 καταστάντες
3204 1876 3283 1944 τῷ
3336 1877 3650 1948 μαρτυρικῷ
3706 1893 3823 1927 στεο

2168 1962 2320 2039 φάνῳ
2412 1963 2923 2034 κατεκοσμήθησαν,
3005 1962 3141 2036 πρὸς
3207 1962 3433 2025 τούτοις
3499 1961 3556 2018 δὲ
3630 1963 3721 2018 καὶ
3790 1965 3823 2017 ὁ

2166 2055 2404 2123 γενναῖος
2460 2054 2557 2104 τοῦ
2616 2054 2852 2124 Χριστοῦ
2919 2052 3281 2125 στρατιώτης,
3363 2052 3453 2106 καὶ
3510 2049 3825 2124 καλλίστην

2166 2137 2291 2193 ὁδὸν
2311 2143 2407 2193 τοῦ
2464 2140 2764 2213 μαρτυρίου
2806 2136 3079 2210 διανύσας,
3124 2140 3557 2216 Καλλίστρατος·
3609 2142 3666 2202 ὃς
3713 2149 3821 2211 τῆς

2166 2226 2565 2307 Καρχηδονίων
2601 2231 2695 2303 μὲν
2731 2227 2984 2305 ὥρμητο,
3020 2229 3215 2305 σπείρᾳ
3252 2234 3322 2296 τῆ
3371 2234 3478 2286 τῶν
3524 2229 3818 2287 Χαλενδῶν

2166 2317 2438 2395 λεγομένῃ
2472 2318 2897 2393 κατειλεγέντος,
2929 2319 2982 2373 ἐν
3035 2320 3251 2395 Ῥώμῃ,
3300 2320 3592 2395 γενόμενος
3633 2318 3689 2376 δὲ
3719 2321 3818 2375 σὺν

2166 2408 2284 2481 ὅλῳ
2308 2412 2386 2479 τῷ
2413 2409 2677 2483 τάγματι,
2707 2406 2913 2481 κομιδῆ
2953 2407 3238 2470 νεόλεκτος
3272 2406 3370 2478 ὢν,
3419 2410 3586 2482 μόνος
3631 2407 3817 2483 ὥσπερ

2165 2519 2250 2559 τις
2280 2496 2452 2571 ἀστήρ
2492 2497 2741 2569 ἂσελήνῳ
2783 2498 2932 2553 νυκτί
2984 2498 3173 2572 χάριεν
3225 2499 3339 2552 οἱον
3386 2495 3695 2571 ἀπέλαμπε,
3744 2502 3818 2572 τῇ

2164 2590 2261 2641 τοῦ
2326 2590 2560 2661 Χριστοῦ
2625 2587 2803 2641 πίστει
2878 2584 3310 2664 πεφωτισμένος,
3393 2590 3500 2641 τῶν
3590 2606 3820 2661 συστρα-

2166 2679 2378 2729 τιωτῶν
2415 2676 2562 2753 ζόφῳ
2591 2679 2670 2747 τῷ
2724 2682 2823 2744 τῆς
2871 2674 3085 2745 πλάνης
3141 2676 3549 2751 κατεχομένων.
3607 2677 3665 2733 Ὀ
3710 2676 3817 2752 γάρ

2165 2765 2303 2840 πρὸς
2369 2767 2576 2840 πατρὸς
2639 2764 2838 2820 τούτου
2901 2766 3081 2840 πατήρ
3147 2762 3410 2838 τοῦνομα.
3506 2765 3820 2840 Νεωκόρος,

2169 2854 2395 2909 Ποντίου
2455 2851 2695 2909 Ηιλάτου
2750 2855 2850 2923 τὴν
2913 2851 3181 2911 Ἰουδκίαν
3270 2850 3573 2926 διέποντος,
3639 2854 3818 2908 ὶκεῖσε

2166 2944 2540 3017 πεφοιτηκὼς,
2598 2942 2874 3013 αὐτόπτης
2924 2964 2983 2998 τε
3029 2947 3139 2997 τῶν
3187 2947 3285 2998 τοῦ
3341 2946 3573 3016 Χριστοῦ
3630 2944 3817 2999 παθῶν

2167 3027 2423 3106 ἐγεγόνει,
2456 3033 2541 3086 καὶ
2580 3038 2679 3101 τῆς
2729 3031 2872 3096 θείας
2922 3031 3087 3087 αὐτοῦ
3129 3034 3401 3103 κατήκοος
3454 3031 3817 3093 ἀναστάσεως.

2167 3122 2248 3177 Τὰ
2273 3119 2549 3195 παράδοξά
2577 3142 2635 3176 τε
2666 3126 2774 3176 τῶν
2807 3121 2928 3177 τότε
2964 3121 3264 3198 γενομένων
3318 3119 3468 3192 ἲδὼν,
3516 3127 3631 3183 τοῖς
3678 3122 3820 3178 ἀπο-

2170 3210 2387 3275 στόλοις
2446 3212 2829 3287 προσέρχεται,
2883 3214 2971 3267 καὶ
3029 3212 3241 3268 τούτοις
3300 3213 3484 3268 ἑαυτὸν
3536 3214 3818 3288 γνώριμου

2170 3308 2416 3375 καθιστᾷ,
2459 3304 2559 3372 τὴν
2604 3308 2702 3358 τοῦ
2751 3307 2993 3378 Χριστοῦ
3041 3304 3220 3358 πίστιν
3262 3303 3355 3357 οἶά
3400 3324 3459 3359 τε
3505 3307 3610 3357 τῶν
3640 3302 3817 3357 πολυ-

2166 3393 2343 3464 τίμων
2412 3391 2905 3467 ἐμπορευσάμενος.
2985 3393 3117 3450 Εἶτα
3181 3391 3269 3448 καὶ
3337 3391 3412 3454 εἷς
3480 3394 3577 3461 τήν
3643 3392 3817 3447 οἰκίαν

2169 3479 2499 3549 ἐπανελθὼν,
2530 3486 2648 3543 τοῖς
2678 3482 2813 3555 πρὸς
2845 3482 3033 3556 γένους
3066 3480 3230 3535 ἅπασι
3260 3485 3357 3536 τοῦ
3398 3480 3571 3535 καλοῦ
3616 3480 3816 3535 τούτου

2173 3567 2529 3645 μεταδίδωσιν
2582 3569 3016 3645 ἐμπορεύματος.
3063 3571 3220 3628 Οὕτω
3269 3574 3365 3626 τοῦ
3420 3570 3631 3647 κλήρου
3689 3574 3816 3624 τοῦ-

2171 3658 2227 3715 δε
2254 3658 2517 3735 διάδοχος
2571 3661 2598 3715 ὁ
2662 3658 3072 3736 Καλλίστρατος
3128 3660 3351 3737 γίνεται,
3445 3660 3534 3715 καὶ
3590 3662 3690 3729 τήν
3738 3661 3817 3722 εἷς

2169 3751 2402 3825 Χριστὸν
2461 3750 2638 3805 πίστιν
2699 3749 2773 3813 ὥς
2834 3770 2953 3804 τινα
3018 3747 3255 3805 πλοῦτον
3321 3746 3520 3803 ἄσυλον
3579 3746 3815 3823 ἒπήγετο

2169 3844 2474 3914 πανταχοῦ,
2508 3839 2652 3913 παρᾶ
2702 3839 2793 3894 καὶ
2842 3845 2957 3902 τοῖς
3017 3839 3373 3914 στρατιώταις
3431 3838 3670 3900 ὕποπτος
3715 3860 3818 3894 κα-

2166 3932 2362 3991 ταστάς
2429 3933 2789 4003 παρετηρεῖτο
2846 3930 2977 4003 παρ’
3029 3929 3209 3983 αὐτῶν
3258 3925 3499 4003 ἀκριϐῶς
3546 3928 3576 3983 ὅ
3623 3949 3677 3983 τι
3721 3929 3817 3984 καί

2170 4014 2342 4088 δρῴη.

2242 4106 2312 4161 Γ’.
2384 4105 2528 4166 Μιᾶς
2596 4103 2688 4159 οὖν
2754 4108 2863 4159 τῶν
2932 4109 3138 4159 νυκτῶν
3202 4111 3305 4174 τῆς
3385 4105 3575 4174 κοίτης
3639 4104 3823 4172 ἐξανα-

2170 4194 2383 4261 στάντα,
2408 4193 2495 4249 καὶ
2541 4195 2636 4257 τὰς
2686 4197 2931 4265 συνήθεις
2998 4194 3163 4270 εὐχὰς
3209 4198 3289 4267 τῷ
3327 4198 3442 4266 Θεῷ
3487 4192 3818 4266 ποιούμενον

2171 4284 2509 4356 θεασάμενοι,
2552 4288 2631 4355 τῷ
2685 4283 3028 4358 στρατηλάτῃ
3091 4285 3257 4337 ταῦτα
3323 4283 3649 4357 Περσεντίνῳ
3698 4279 3824 4337 δια-

2172 4370 2549 4445 σημαίνουσιν.
2609 4374 2665 4425 Ὁ
2725 4369 2782 4426 δε
2838 4372 3033 4427 αὐτίκα
3111 4371 3620 4445 μεταπεμψάμενος,
3677 4371 3822 4445 Ἀρά

2174 4481 2255 4537 γε,
2317 4458 2714 4531 Καλλίστρατε,
2777 4457 2908 4535 ἔφη,
2956 4461 3024 4515 τὰ
3067 4460 3215 4535 παρὰ
3268 4464 3375 4514 τῶν
3428 4463 3532 4513 σῶν
3592 4458 3822 4532 ἑταίρων

426 4528 482 4583 Is
513 4534 746 4627 autem:
780 4532 1004 4605 Nescio,
1054 4540 1266 4613 inquit,
1316 4548 1554 4616 quidam
1589 4554 1659 4608 de
1705 4572 1796 4611 me
1826 4559 2057 4622 dicant:

2174 4550 2263 4605 καὶ
2322 4556 2731 4627 συστρατιωτῶν
2785 4551 3050 4626 λεγόμενα
3113 4551 3248 4605 κατὰ
3308 4554 3402 4604 σοῦ
3460 4548 3640 4618 ἀληθῆ
3690 4570 3821 4623 τυγ-

424 4633 531 4689 ego
573 4621 728 4675 enim
779 4639 910 4678 sum
962 4628 1183 4684 nullius
1234 4632 1379 4689 mihi
1433 4639 1569 4693 mali
1621 4648 1912 4704 conscius.
1963 4621 2066 4708 Illo

423 4722 558 4763 vero
589 4709 747 4806 iubet
784 4711 999 4806 milites
1046 4717 1256 4775 dicere.
1300 4723 1342 4777 Ii
1396 4732 1625 4786 autem:
1668 4735 1838 4802 Jube,
1871 4739 2056 4806 aiunt,

423 4812 555 4852 eum
589 4798 700 4854 diis
732 4802 1091 4860 sacriﬁcare:
1125 4814 1181 4863 et
1212 4811 1297 4866 sic
1320 4813 1488 4882 scies,
1512 4819 1787 4889 quidnam
1823 4798 2057 4902 sentiat,

424 4894 795 4984 etqussnam_
814 4890 894 4984 sit
918 4893 1043 4962 eius
1089 4897 1311 4970 religio.
1361 4903 1568 4962 Statim
1617 4916 1809 4967 autem
1849 4890 2059 4984 jussus

425 4975 508 5030 sic
541 4978 727 5034 facere
757 4980 1121 5041 Callistratus
1149 5004 1162 5042 :
1197 4993 1334 5061 Ego,
1360 4992 1570 5065 inquit,
1596 5016 1710 5055 non
1744 4975 1917 5060 didici
1948 5008 2061 5065 diis

425 5067 754 5165 sacrificare
783 5088 796 5125 :
843 5074 941 5127 sed
992 5077 1183 5144 potius
1233 5082 1342 5139 Deo
1375 5101 1507 5140 vero
1538 5092 1593 5143 et
1624 5090 1771 5159 vivo,
1805 5098 1904 5165 qui
1935 5115 2058 5155 om-

424 5157 518 5209 nia
563 5160 832 5227 produxit
878 5179 947 5217 ex
993 5166 1196 5233 nihilo,
1261 5175 1319 5225 et
1362 5173 1656 5234 hominem
1690 5157 2062 5245 formavitde

421 5247 617 5345 terra}
649 5249 787 5306 deos
837 5268 990 5314 vero.
1025 5248 1121 5326 qui
1175 5259 1443 5317 coluntur
1475 5281 1507 5319 a
1554 5268 1736 5338 vobis,
1785 5256 2060 5345 quos‘ia-
2100 5256 2139 5317 ί⁹

426 5329 812 5425 briéataemnt
835 5354 1045 5398 manus
1069 5344 1381 5418 artiﬁcum,
1418 5329 2060 5425 sculptura'et‘fusione

426 5417 772 5521 elegantiam
810 5444 874 5483 ac
900 5431 1165 5489 decorem
1207 5438 1293 5493 eis
1335 5417 1577 5514 largita,
1622 5460 1719 5513 eos
1759 5446 1884 5521 ego,

423 5518 554 5601 non,
575 5509 734 5601 deos,
767 5518 877 5601 sed,
906 5536 1035 5577 esse
1064 5522 1350 5584 dasmOnia
1383 5509 1575 5601 ρὸιίυέ
1608 5509 1882 5595 α’άίνίῖπε(
1909 5509 2058 5598 didi;

420 5597 597 5658 aeria:
626 5599 954 5677 rscripiu'ra,
995 5608 1074 5666 ita
1121 5597 1447 5701 nomino‘f'c
1478 5623 1707 5697 Omnes
1746 5622 1933 5703 enim,
1972 5597 2057 5688 in:

2174 4640 2430 4715 χάνουσιν
2462 4639 2628 4711 ὄντας
2660 4642 2720 4698 Ὁ
2754 4637 2831 4708 δὲ,
2863 4640 2977 4697 Οὐκ
3007 4638 3153 4707 οἴδα,
3195 4641 3350 4715 φησί,
3391 4640 3444 4693 τί
3495 4639 3649 4692 οὗτοι
3699 4640 3822 4692 καθ’

2173 4732 2334 4803 ἡμῶν
2394 4730 2658 4804 λέγουσιν·
2720 4728 2830 4807 ἐγὼ
2890 4731 2991 4805 γάρ
3067 4726 3218 4784 (οὐδὲν
3288 4728 3509 4801 ἐμαυτῷ
3573 4726 3822 4802 πονηρὸν

2173 4820 2407 4879 σύνοιδα.
2470 4821 2573 4879 Καὶ
2630 4822 2687 4883 ὅς
2741 4821 2948 4876 κελεύει
3013 4826 3132 4884 τοῖς
3189 4820 3545 4893 στρατιώταις
3621 4818 3819 4872 εἰπεῖν’

2170 4913 2402 4968 Ἐκεῖνοι
2436 4909 2514 4983 δὲ,
2548 4911 2812 4969 Κέλευσον
2865 4911 3037 4983 αὐτῷ,
3084 4910 3234 4988 φασὶ,
3279 4915 3395 4971 τοῖς
3447 4911 3589 4969 Θεοῖς
3634 4910 3819 4978 Θῦσαι,

2170 5002 2259 5056 καὶ
2301 5000 2471 5063 οὕτως
2504 5001 2621 5077 εἴσῃ
2654 5008 2810 5056 ποῖον
2843 5002 2988 5073 αὐτῷ
3018 5002 3080 5055 τὸ
3121 5002 3377 5077 φρόνημα
3423 4999 3511 5053 καὶ
3542 4999 3603 5053 τὸ
3631 4994 3818 5064 σέϐας.

2132 5092 2381 5146 “Αὐτίκα
2412 5095 2540 5165 γοῦν
2589 5091 2730 5146 οὕτω
2778 5096 2952 5145 ποιεῖν
2998 5089 3307 5165 ἐπιτραπεὶς
3344 5090 3372 5143 ὁ
3415 5087 3823 5162 Καλλίστρατος

2173 5181 2319 5256 Ἐγὼ
2350 5182 2511 5250 Θεοῖς,
2544 5176 2667 5257 ἔφη,
2703 5179 2845 5255 θύειν
2878 5180 2981 5233 οὐκ
3011 5174 3232 5253 ἔμαθον,
3267 5176 3411 5257 ἀλλὰ
3449 5182 3563 5249 Θεῷ
3592 5175 3817 5257 μᾶλλον

2169 5274 2249 5341 τῷ
2284 5270 2434 5342 μόνῳ
2478 5274 2640 5338 ζῶντι
2689 5260 2774 5324 κάξ
2798 5254 3049 5339 ἀληθεῖ,
3076 5280 3079 5281 ⁷
3107 5268 3185 5341 τῷ
3232 5254 3423 5327 πάντα
3464 5264 3557 5321 ’τέ
3592 5252 3821 5336 έξὟὸύκ

2173 5359 2340 5413 ὄντων
2372 5418 2373 5423 η
2406 5359 2796 5439 παραγαγόντι,
2854 5352 2979 5427 ίκαῖ
3038 5352 3138 5412 τὸν
3170 5362 3183 5373 “
3233 5342 3537 5436 ἄνθρωποί
3590 5353 3669 5410 ἔχ’

2172 5445 2553 5503 διαπλάσαντιο
2595 5446 2747 5513 θεοὺς
2802 5443 2858 5503 δὲ
2902 5445 3029 5510 τοὺς
3086 5447 3213 5520 παρ’
3259 5438 3421 5518 ὑμῶνί
3462 5434 3817 5527 σεϐορένσυάζ

2173 5532 2265 5599 οδς
2309 5534 2492 5615 id?“
2526 5528 2989 5616 ’έδημιὸύργῆσαν
3046 5526 3332 5624 τεχνιτῶν,
3364 5522 3681 5629 ’γιιῖεμάει

2172 5622 2377 5709 χωνείᾲ
2392 5634 2393 5641 “
2406 5614 2466 5686 τὸ
2502 5614 2993 5733 εὐπρεπὲςέάύτοῖς
3008 5704 3011 5707 _
3026 5614 3451 5727 ’χαρισάμεναμῖ
3474 5614 3700 5707 τ’ᾆύτοος
3730 5614 3825 5733 ’ὄιξ

2366 5728 2371 5733 .
2440 5708 2569 5733 ,ἴηηοςη
2614 5704 2703 5733 νηῒ
2769 5724 2775 5733 .
2864 5702 3073 5733 ζ’.¹“.λ’⁷,”κ.‹
3141 5704 3287 5733 inﬁt;
3392 5702 3447 5731 νκ
3610 5704 3613 5709 ’
3662 5704 3699 5723 -“
3761 5708 3775 5727 ιν

2170 5702 2211 5741 Γ-
2264 5714 2307 5747 1'}
2358 5702 2371 5735 Ἰ.
2438 5708 2535 5754 (ῗ¹η⁹
2562 5718 2569 5731 κη
2768 5702 2793 5750 β
2864 5702 3077 5747 (κὐλλίλπζέ
3126 5702 3184 5737 νξαδ
3210 5702 3307 5743 ξίῗέ,
3367 5702 3447 5731 ‘V\
3504 5702 3567 5747 (λέ
3610 5704 3613 5709 ’
3662 5704 3699 5723 .‘
3734 5702 3775 5755 "ir

2696 5746 2704 5756 ⁸
