4144 6184
348 292 467 352 885

1470 288 1577 349 MA
1593 289 1949 350 RTYRIUM
1998 289 2062 348 S.
2110 288 2645 352 CALLISTBATI.

3644 290 3761 355 886

346 445 501 507 θεοὺς
542 445 670 519 ἐγὼ,
702 442 851 499 ἀλλα
898 440 1154 517 δαιμόνια
1214 443 1428 517 μᾶλλον
1485 446 1633 517 παρὰ
1687 450 1787 512 τῆς
1846 444 1991 508 θείας

2117 446 2257 518 quit,
2292 448 2373 502 dii
2419 449 2687 519 gentium
2720 450 3009 504 dmmonia
3052 450 3068 483 ί
3105 469 3118 509 ;
3161 472 3190 499 ››
3222 457 3279 507 et
3310 469 3322 506 :
3359 473 3386 501 ‹‹
3436 450 3763 508 Simulacra

344 538 507 607 ἡμῶν
564 540 784 610 Γραφῆς
848 532 1179 605 μεμαθηκὼς
1231 533 1504 605 ὀνομάζω.
1539 558 1566 585 ‹‹
1630 535 1826 594 Πάντες
1874 536 1999 609 γὰρ,

348 623 534 701 φησὶν,
569 623 621 677 οἱ
679 622 791 676 θεοὶ
849 626 956 676 τῶν
991 621 1153 686 ἐθνῶν
1220 620 1499 695 δαιμόνια,
1531 623 1619 677 καὶ
1669 624 1734 676 τὰ
1791 620 2000 677 εἶ’δωλα

346 718 457 769 τῶν
541 713 705 767 ἐθνῶν
785 709 1038 785 ἀργύριον
1123 711 1214 765 καὶ
1300 714 1550 786 χροσίον,
1610 710 1744 788 ἔργα
1800 717 1997 786 χειρῶν

348 804 669 877 ἀνθρώπων.
706 825 734 853 )›
768 801 923 856 Θὺειν
972 799 1029 856 δὲ
1086 806 1163 873 τῷ
1222 806 1339 873 Θεῴ
1396 803 1581 855 Θυσίαν
1612 800 1868 864 αἰνέσεως
1907 803 1995 857 καὶ

352 890 784 964 ἂποδιδόναιτῴ
816 888 1050 965 Τψίστῳ
1104 892 1201 954 τάς
1250 891 1416 965 εὐχὰς
1472 890 1618 965 παρὰ
1675 893 1773 959 τῆς
1834 891 2000 959 αὑτῆς

349 981 516 1037 πάλιν
559 988 777 1057 Γραφῆς
807 977 1193 1053 πεπαίδευμαι.
1228 980 1295 1036 Εἰ·
1354 982 1449 1055 μὲν
1502 980 1594 1035 οὖν
1648 981 1711 1035 τὸ
1753 977 2002 1054 διαφέρον

349 1077 443 1127 τοῦ
494 1069 769 1147 δόγματος
818 1069 1077 1143 ἐμποδών
1130 1070 1234 1142 μού
1276 1092 1327 1125 τι
1387 1072 1521 1145 πρὸς
1580 1072 1679 1140 τήν
1739 1091 2004 1143 στρατιω-

348 1162 509 1230 τικὴν
565 1157 912 1233 λειτουργίαν
969 1158 1285 1228 καθίστατο,
1334 1156 1479 1221 εἷκὸς
1534 1162 1599 1227 ἦν
1674 1160 1760 1213 καὶ
1839 1162 2002 1213 τοῦτο

352 1248 581 1306 δικαίωτ
612 1244 989 1304 ἧνδιαϐάλλειν
1041 1269 1126 1321 με,
1170 1249 1258 1303 καὶ
1318 1250 1380 1303 τὸ
1438 1250 1526 1303 σὸν
1592 1248 2003 1323 μεγαλοπρεπὲς

352 1339 637 1412 ἐπεμελῶς
674 1345 776 1407 τῆς
832 1333 1103 1407 διαϐολῆς
1144 1338 1380 1407 ἀκούειν,
1411 1336 1499 1392 καί
1558 1338 1639 1415 ἐφ’
1670 1339 1751 1402 οἷς
1809 1336 2001 1399 ἐνδεῶς

354 1426 558 1505 ἔχομεν
618 1427 793 1482 αἰτίαν
858 1425 1069 1502 ἐπάγειν
1106 1446 1117 1459 ⁸
1182 1427 1296 1482 ὲπεί
1340 1425 1397 1481 δὲ
1434 1429 1551 1481 κατ’
1583 1425 1737 1483 οὐδὲν
1802 1429 2005 1501 τυγχά-

351 1537 517 1591 νομεν
563 1517 927 1589 ὑστεροῦντες,
956 1515 1106 1579 τίνος
1144 1514 1305 1591 χάριν
1356 1514 1416 1571 ἐκ
1457 1518 1628 1588 μόνου
1658 1520 1755 1572 τοῦ
1803 1517 1879 1589 μή
1931 1519 2007 1586 τῷ

358 1608 609 1682 ὑμετέρῳ
670 1600 987 1679 συμϐαίνειν
1057 1603 1315 1679 δόγματι,
1374 1605 1590 1668 τούτοις
1668 1627 1727 1659 τε
1805 1602 2007 1678 ῥᾳδίως

356 1696 579 1771 ὑπέχεις
603 1695 699 1757 τὰς
731 1694 921 1765 ἀκοὰς,
952 1695 1092 1767 κάμὲ
1143 1694 1246 1749 ὑπὸ
1281 1692 1438 1764 δίκην
1471 1693 1616 1769 ἄγεις
1645 1716 1659 1763 ;

435 1788 504 1843 A'.
550 1788 751 1860 Ὀργῆς
807 1783 893 1839 ἐπὶ
952 1782 1165 1847 τούτοις
1225 1786 1252 1839 ὁ
1320 1784 1704 1859 στρατηλάτης
1757 1781 2006 1853 ἀναπλη-

359 1887 657 1957 σθεὶς,;οὐ
718 1886 1049 1959 ῥητορικῶν,
1110 1882 1236 1963 ἔφη,
1300 1883 1477 1959 λόγων
1537 1887 1565 1940 ὁ
1622 1890 1710 1939 νῦν
1771 1885 2006 1959 ὑπάρχει

357 1976 567 2051 καιρὸς,
630 1972 778 2030 ἀλλά
839 1975 1084 2049 βασάνων
1172 1976 1411 2046 μάλιστα
1493 1974 1840 2049 πικροτάτων
1917 1975 2008 2028 καὶ

358 2069 640 2138 τιμωριῶν
674 2058 926 2142 φοϐερῶν
962 2064 1034 2117 ὧν
1085 2064 1188 2118 οὑκ
1225 2065 1300 2124 είς
1352 2064 1559 2137 μακρὰν
1603 2064 1795 2138 πείρας
1853 2057 2006 2141 ἔξεις,

359 2153 412 2209 εἷ’
461 2174 522 2227 γε
585 2155 685 2225 μὴ,
725 2154 966 2216 πεισθεὶς
1027 2152 1316 2225 ἐμοὶ,τοῖς
1365 2156 1509 2215 θεοῖς
1560 2154 1737 2213 Θὺσεις
1778 2154 1864 2213 οἷς
1918 2150 2007 2206 καὶ

361 2242 623 2319 βασιλεὺς
668 2242 831 2303 αὐτὸς
893 2247 1206 2316 προσκονεῖ.
1266 2240 1406 2299 Οὐδὲ
1461 2244 1562 2318 γὰρ
1612 2242 1825 2317 ἀγνοεῖς
1884 2244 2006 2303 οἷος

359 2343 470 2419 ἐγὼ
492 2338 742 2422 φοϐερὸς,
779 2344 871 2397 ἅτε
923 2340 990 2412 δὴ
1030 2344 1119 2397 καὶ
1155 2342 1434 2418 βλέμματι
1471 2344 1622 2417 μόνῳ
1652 2343 1741 2399 καὶ
1776 2344 2007 2414 λεοντίῳ

363 2433 709 2509 βρυχήματι,
753 2432 936 2493 ἱκανὸς
1001 2430 1075 2486 ὢν
1147 2430 1489 2502 καταπλῆξαι
1528 2434 1635 2506 πρὸ
1699 2435 1808 2487 τῶν
1874 2432 2008 2486 αἰκι·

361 2523 539 2593 σμῶν.
575 2520 636 2577 Ὀ
669 2516 727 2574 δὲ
776 2518 1208 2594 Καλλίστρατος,
1239 2521 1301 2576 Ὀ
1347 2520 1461 2588 σὸς,
1504 2515 1627 2595 ἔφη.
1665 2517 1913 2594 βρυγμὸς
1945 2519 2005 2571 ὁ·

357 2620 518 2679 ποῖος
576 2612 634 2669 ἂν
691 2615 781 2670 καὶ
837 2614 892 2689 ᾖ,
953 2615 1281 2691 πρόσκαιρον
1353 2610 1469 2693 ἔχει
1551 2618 1614 2671 τὸ
1674 2613 1875 2692 φοϐοὖν
1917 2615 2005 2669 καὶ

363 2702 753 2779 ὀλιγοχρόνιον
783 2734 804 2747 -
835 2704 864 2757 ὁ
896 2701 953 2759 δὲ
993 2709 1100 2759 τῶν
1151 2702 1385 2760 ὀδόντων
1446 2704 1648 2766 ἐκεῖνος
1690 2704 1930 2774 αἰώνιος,
1961 2702 2006 2775 ᾧ

363 2792 616 2866 ἐμπεσεῖν
647 2794 787 2848 πάνυ
818 2792 1044 2871 φρίττω,
1078 2793 1167 2847 καὶ
1205 2795 1343 2868 μόνῃ
1390 2800 1458 2868 τῇ
1512 2796 1701 2867 μνήμῃ
1748 2789 2005 2866 περιδεὴς

356 2883 602 2959 γίνομαι.
637 2884 699 2940 Ὀ
731 2880 789 2937 δὶ
820 2883 1222 2958 στρατηλάτης,
1255 2882 1437 2939 οὐκέτι
1492 2884 1737 2959 κατέχειν
1782 2884 1901 2945 οἷός
1948 2904 2007 2937 τε

361 2970 433 3027 ὣν
490 2973 582 3027 τὸν
641 2972 834 3044 θυμὸν,
894 2970 1105 3027 κελεύει
1169 2974 1392 3028 ταθέντα
1446 2976 1660 3041 τοῦτον,
1694 2971 1797 3026 ὑπὸ
1839 2992 2006 3046 στρα-

355 3074 567 3126 τιωτῶν
626 3068 864 3145 ἀφειδῶς
914 3070 1224 3127 τύπτεσθαι.
1296 3074 1355 3129 ’0
1415 3070 1471 3127 δὲ
1517 3071 1608 3125 καὶ
1664 3071 2001 3144 τυπτόμενος

359 3159 459 3215 οὑκ
487 3159 690 3236 ἀφῆκεν
756 3156 1098 3232 ὀδυνωμένου
1144 3162 1354 3236 φωνὴν,
1384 3160 1483 3215 οὐκ
1529 3160 1805 3232 ἀνέπεμψε
1869 3161 2005 3235 πρὸς

360 3248 545 3304 οἶκτόν
569 3270 691 3303 τινα
718 3250 1038 3323 στεναγμὸν,
1072 3248 1200 3304 ἀλλ’
1230 3247 1413 3325 ὥσπερ
1460 3247 1638 3304 ἄλλου
1686 3250 1785 3317 τήν
1836 3247 1998 3323 βάσα-

358 3360 447 3395 νον
482 3338 847 3411 ὑπομένοντος
887 3337 1048 3400 αὖτὸς
1080 3333 1308 3411 ἔψαλλε,
1353 3338 1564 3414 λέγων·
1603 3362 1631 3390 ι(
1662 3340 1886 3411 ’Ώμοσα
1915 3341 2003 3393 καὶ

357 3424 556 3499 ἔστησα
610 3432 709 3483 τοῦ
766 3425 1104 3505 φυλάξασθαι
1151 3428 1217 3483 τὰ
1246 3427 1484 3503 κρίματα
1513 3437 1613 3501 τῆς
1654 3428 2004 3497 δικαιοσύνης

359 3548 477 3601 σου,
510 3525 753 3583 Δέσποτα
786 3547 799 3560 ο
836 3552 865 3580 ››
896 3529 984 3583 καὶ
1016 3526 1166 3591 αὖθις
1202 3549 1215 3562 ο
1256 3551 1278 3579 ι
1315 3532 1717 3604 Ἐταπεινώθην
1746 3530 1849 3595 ἕως
1881 3532 2007 3611 σφό-

360 3619 461 3696 δρα
484 3639 498 3653 ⁶
533 3623 719 3698 Κύριε,
756 3622 920 3691 ζῆσόν
956 3642 1022 3695 με
1050 3621 1186 3677 κατᾶ
1216 3629 1307 3677 τον
1339 3623 1511 3698 λόγον
1552 3646 1668 3695 σου,
1703 3649 1732 3677 ››
1782 3625 1869 3679 καὶ
1928 3625 2003 3696 μὴ

362 3706 471 3781 δῷς
503 3708 784 3784 ἰπίχαρμα
806 3714 884 3782 τῷ
913 3708 1159 3784 λυμεῶνι
1184 3711 1365 3783 τούτῳ
1396 3712 1639 3788 γενέσθαι
1673 3732 1687 3747 ο
1739 3711 1866 3767 ἀλλ’
1898 3710 2007 3765 ἐνί-

363 3797 562 3872 σχυσόν
616 3818 702 3871 με,
757 3799 1041 3870 Δεσπατα,
1072 3798 1167 3860 τὰς
1222 3798 1486 3873 βασάνους
1534 3799 1732 3863 ταύτας
1783 3802 2008 3874 ὑπενεγ-

358 3891 495 3957 κεῖν,
530 3884 716 3949 διδοὺς
763 3884 992 3960 δύναμιν
1030 3891 1110 3959 τῷ
1154 3893 1394 3961 ταπεινῷ
1439 3890 1617 3962 τούτῳ
1646 3889 1734 3944 καὶ
1768 3891 2005 3944 ἀσθενεῖ-

360 3977 594 4048 σώματι,
628 3975 719 4031 καὶ
787 3978 887 4045 τήν
922 3978 1110 4052 ψυχὴν
1142 3976 1501 4053 ἲσχυροτὲραν
1543 3978 2003 4054 ἀπεργαζόμενος.

354 4069 445 4126 Ὦς
487 4062 568 4137 δὲ,
599 4065 687 4121 ἐπὶ
719 4063 958 4127 πολλαῖς
989 4070 1108 4127 ταῖς
1140 4064 1679 4142 ὥραις-τυπτομένου
1716 4072 1811 4123 τοῦ
1870 4068 2006 4143 μάρ-

356 4172 543 4228 τυρος,
576 4154 639 4208 τὸ
670 4154 805 4227 αἷμα
832 4150 1029 4209 τούτου
1076 4152 1163 4208 ἴσα
1210 4154 1299 4208 καὶ
1349 4162 1621 4229 ποταμοῖς
1674 4154 1940 4231 ἀπορρέον
1980 4156 2008 4209 ὁ

356 4243 675 4317 παράνομος
725 4241 980 4314 δικαστὴς
1042 4242 1333 4323 ⁸ἐθεάσατο,
1371 4245 1621 4314 ἀνεθῆναι
1677 4249 1782 4299 τῶν
1837 4244 2007 4320 βασά-

358 4360 461 4394 νων
503 4338 736 4409 ἐκέλευε,
768 4341 854 4395 καί
906 4362 1038 4417 φησι
1087 4343 1221 4416 πρὸς
1268 4336 1448 4409 αὑτὸν,
1488 4340 1652 4399 Δῦται
1703 4344 1757 4397 αἱ
1818 4343 2006 4417 ἀρχαὶ,

357 4429 448 4484 καὶ
493 4433 718 4484 τοιαῦτα
763 4431 829 4483 τὰ
872 4428 1148 4503 προοίμιά
1197 4451 1280 4485 σοι
1331 4438 1432 4501 τῆς
1469 4431 1761 4502 ἀπειθείας,
1794 4430 2005 4488 Καλλί-

360 4538 572 4594 στρατε.
617 4520 868 4596 Σώφρονι
926 4519 1107 4574 τοίνυν
1150 4521 1502 4595 χρησάμενος
1566 4520 1837 4597 λογισμῷ,
1888 4528 2003 4583 τοῖς

357 4607 518 4681 ἐμοῖς
574 4607 828 4678 πείσθητι
886 4607 1097 4686 λόγοις,
1128 4607 1268 4665 ὥστε
1322 4614 1431 4665 τῶν
1482 4606 1558 4665 ἔτι
1620 4616 1888 4684 μενουσῶν
1949 4633 2005 4667 σε

363 4696 611 4770 βασάνων
665 4695 1068 4772 ἀπαλλαγῆναι.
1129 4703 1375 4774 Ὄμνυμι
1432 4700 1536 4775 γάρ
1595 4722 1679 4757 σοι
1737 4700 1910 4769 θεοὺς,
1960 4700 2003 4755 εἶ

363 4786 464 4858 μὴ»
495 4784 576 4858 τῷ
628 4784 899 4860 βασιλικῷ
956 4786 1284 4863 θεσπίσματι
1330 4787 1492 4861 εἷ’ξας,
1544 4790 1726 4854 θυσίας
1783 4789 2009 4864 προσοί-

359 4894 469 4937 σεις
521 4875 733 4944 αὐτοῖς,
770 4876 996 4950 βάσανοί
1045 4898 1141 4933 σου
1184 4879 1247 4933 τὸ
1294 4883 1456 4953 σῶμα
1504 4876 1873 4957 διαφθεροῦσι,
1913 4881 2001 4936 καὶ

354 4972 507 5036 κύνες
557 4974 653 5057 μὲν
687 4974 749 5028 τὸ
798 4974 937 5049 αἷμά
982 4996 1078 5032 σου
1128 4974 1388 5053 λάψουσι,
1422 4977 1635 5043 λέοντες
1669 4978 1725 5037 δέ
1771 5001 1866 5035 σου
1911 4982 2007 5045 τὰς

354 5060 563 5141 σάρκας
643 5059 879 5121 ἔδονται.
938 5064 1000 5123 Ὀ
1096 5063 1151 5122 δὲ
1235 5073 1480 5145 γενναῖος
1534 5068 2002 5147 ηΚαλλίστρατος,

352 5150 603 5237 Ἰῐλπισα
620 5151 843 5237 ,ἒπίξτὸν
865 5155 1041 5233 Θεὸνρί
1060 5154 1718 5237 εἶπε,τόνᾲίσχυρόν,έτὸν
1745 5163 1820 5216 σώ
1832 5167 2017 5232 ζοντα,

356 5230 641 5337 agressa;
674 5228 951 5327 ἔκσπάᾶει
987 5245 1054 5323 με
1103 5245 1161 5300 ἐκ
1204 5228 1487 5321 στόματος
1538 5228 1777 5321 Λέοντος,
1804 5228 1892 5306 καί
1948 5228 2007 5305 ἐκ

356 5322 777 5421 ﬁssa-45mg"
795 5354 852 5411 τε
886 5337 1169 5411 μονογενῆ
1188 5356 1299 5411 μου
1349 5337 1533 5413 ψυχῆν
1576 5334 1812 5413 ῥύσεται.
1846 5340 2001 5411 Μόνη

355 5421 479 5515 iis
506 5420 795 5515 ῗιῑθῖἱέγτιῖ
814 5421 871 5515 ἐξ
922 5416 1207 5515 restiti
1224 5430 1305 5501 γε’
1328 5427 1445 5505 ὑπό.
1470 5432 1531 5482 ’άε
1560 5428 1785 5515 ’στραῖιᾷ
1812 5420 2009 5501 τοῦτον·

355 5494 715 5587 ἓπίγινῶσέέεί
766 5494 1297 5588 ΘέόνξθΑλλεᾶἷγδιρ
1328 5494 1513 5589 δαῦτῴ
1889 5498 2004 5593 ea“

2037 4574 2092 4640 D

2108 537 2389 609 gentium,
2424 543 2723 607 argentum
2756 543 2813 593 et
2856 555 3089 604 aurum,
3122 554 3298 610 opera
3334 556 3611 597 manuum
3662 542 3761 597 bo-

2112 625 2333 682 minum
2358 626 2397 677 2.
2419 648 2446 676 »
2465 626 2581 683 Deo
2604 631 2798 681 autem
2823 627 3147 682 sacrificare
3170 628 3525 683 sacrificium
3549 630 3761 700 laudis,

2111 719 2169 769 et
2225 716 2464 771 reddere
2525 716 2825 771 Altissimo
2882 720 3012 771 vota
3067 714 3109 784 ³,
3169 716 3239 771 ab
3290 716 3491 771 eadem
3551 734 3757 773 rursus

2111 806 2286 861 didici
2314 806 2632 877 Scriptura.
2666 810 2853 876 Atque
2893 806 2943 861 si
2985 805 3315 861 differentia
3348 806 3588 876 quidem
3620 808 3765 879 dog-

2112 896 2286 951 matis
2317 900 2473 951 esset
2502 894 2645 949 mihi
2677 894 3096 965 impedimento
3128 894 3202 949 ad
3237 910 3452 950 munus
3486 894 3759 965 militare,

2112 988 2568 1040 consentaneum
2604 988 2777 1051 esset,
2806 988 2863 1038 et
2890 999 2988 1039 eos
3030 999 3122 1039 me
3144 984 3307 1054 juste
3347 983 3670 1053 criminari,
3702 989 3760 1041 et

2112 1077 2275 1129 tuam
2312 1072 2806 1144 magniﬁcentiam
2837 1072 3141 1142 diligenter
3181 1072 3381 1127 audire
3414 1070 3683 1141 insidias,
3707 1079 3763 1129 et

2113 1170 2412 1234 propterea
2442 1161 2596 1233 quod
2616 1178 2727 1217 non
2753 1162 2921 1234 plene
2952 1162 3139 1217 officio
3173 1162 3407 1218 functus
3440 1178 3646 1228 essem,
3674 1179 3763 1218 me

2114 1268 2408 1308 accusare.
2443 1252 2551 1308 Sed
2580 1267 2713 1307 cum
2740 1250 2899 1305 nulla
2927 1252 2983 1306 in
3018 1266 3075 1305 re
3107 1250 3470 1322 delinquam,
3502 1267 3762 1322 quanam

2114 1342 2186 1397 de
2216 1359 2393 1397 causa
2422 1358 2489 1398 ex
2510 1356 2576 1397 eo
2604 1341 2748 1407 solo,
2783 1339 2935 1411 quod
2958 1358 3092 1396 cum
3124 1344 3314 1397 vestro
3345 1341 3616 1412 dogmate
3647 1357 3764 1397 non

2115 1430 2477 1498 conveniam,
2511 1432 2568 1486 et
2600 1428 2682 1485 eis
2715 1428 2881 1484 facile
2908 1444 3080 1484 aures
3122 1428 3362 1498 praebes,
3386 1433 3443 1484 et
3473 1444 3565 1483 me
3596 1428 3764 1484 ducis

2114 1518 2175 1574 in
2201 1519 2485 1590 judicium
2512 1519 2539 1573 ?

2188 1769 2279 1825 IV.
2314 1768 2414 1825 His
2446 1768 2531 1823 ira
2570 1768 2826 1839 repletus
2857 1768 2970 1824 dux
3006 1767 3294 1823 exercitus
3329 1784 3341 1823 :
3377 1765 3502 1821 Non
3530 1767 3639 1833 est,
3673 1762 3765 1820 in-

2119 1860 2267 1931 quit,
2320 1858 2738 1915 rhetoricarum
2788 1876 2941 1914 nunc
2982 1863 3213 1929 tempus
3263 1856 3620 1924 orationum,
3662 1853 3763 1909 sed

2120 1952 2547 2004 tormentorum
2592 1947 2759 2018 longe
2800 1945 3308 2003 acerbissimorum
3351 1948 3407 1999 et
3445 1941 3762 2015 supplicio-

2122 2054 2247 2094 rum
2295 2036 2668 2103 terribilium,
2711 2053 2839 2108 quaa
2872 2036 3025 2091 brevi
3077 2034 3414 2106 experieris,
3467 2031 3576 2087 nisi
3623 2029 3765 2086 mihi

2122 2144 2354 2201 parens,
2388 2127 2500 2183 diis
2533 2126 2969 2193 sacril‘icaveris,
3005 2143 3153 2197 quos
3185 2130 3239 2179 et
3267 2125 3390 2194 ipse
3422 2124 3624 2178 adorat
3652 2122 3766 2176 im-

2121 2224 2369 2290 perator.
2402 2217 2602 2287 Neque
2632 2216 2787 2273 enim
2823 2217 3077 2288 ignoras,
3111 2231 3280 2287 quam
3316 2214 3427 2269 sim
3467 2228 3571 2283 ego
3602 2210 3766 2265 terri-

2119 2308 2273 2375 bilis,
2309 2308 2496 2378 utqui
2528 2304 2651 2361 solo
2674 2310 2911 2375 aSpectu
2946 2309 3001 2359 et
3030 2319 3165 2359 voce
3199 2302 3411 2373 possim
3451 2304 3767 2371 perterrerc

2118 2396 2208 2453 vel
2249 2400 2385 2451 ante
2434 2393 2743 2466 supplicia.
2789 2393 3150 2449 Callistratus
3181 2394 3375 2447 autem
3420 2389 3650 2457 :Tuus,
3684 2386 3767 2441 in-

2119 2485 2265 2557 quit,
2288 2483 2522 2549 stridor,
2548 2484 3110 2553 cujusmodicunque
3145 2480 3337 2545 fuerit,
3371 2484 3650 2534 terrorem
3686 2475 3767 2531 af-

2117 2575 2225 2631 fert
2281 2575 2349 2629 ad
2407 2573 2575 2629 breve
2620 2579 2891 2642 tempus:
2944 2576 3034 2625 est
3072 2586 3205 2625 vero
3251 2573 3497 2623 aeternus
3549 2564 3767 2621 stridor

2115 2664 2214 2719 ille
2260 2663 2519 2718 dentium
2554 2660 2597 2728 ⁴,
2630 2660 2687 2715 in
2738 2675 2915 2731 quem
2960 2658 3125 2714 valde
3156 2658 3359 2712 horreo
3391 2655 3669 2719 incidere,
3710 2659 3767 2708 et

2116 2752 2241 2809 sola
2271 2760 2485 2807 terreor
2519 2748 2819 2805 memoria.
2872 2748 2999 2802 Dux
3047 2750 3244 2803 autem
3285 2743 3599 2811 exercitus,
3630 2754 3766 2797 cum

2115 2842 2258 2897 iram
2305 2856 2417 2896 non
2471 2842 2661 2911 posset
2701 2837 2991 2904 cohibere,
3027 2837 3196 2907 jubet
3226 2849 3359 2890 eum
3401 2850 3435 2888 a
3478 2830 3765 2886 militibus

2112 2938 2417 2988 extensum
2466 2928 2654 2983 valide
2722 2925 3036 2981 verberari.
3083 2923 3185 2978 Ille
3232 2939 3366 2978 vero
3414 2921 3587 2977 etiam
3628 2933 3764 2973 cum

2110 3020 2525 3084 verberaretur,
2569 3032 2684 3071 non
2747 3015 2942 3070 emisit
2973 3030 3170 3069 vocem
3205 3010 3457 3067 dolentis
3489 3026 3502 3063 :
3540 3025 3655 3064 non
3688 3007 3761 3063 ad

2112 3109 2456 3164 movendam
2480 3106 2745 3161 miserico
2759 3104 2941 3159 rdiam
2964 3103 3216 3173 aliquem
3240 3100 3421 3156 edidit
3443 3097 3761 3169 gemitum:

2034 3200 2085 3267 C
2116 3202 2211 3256 sed
2248 3200 2490 3270 perinde
2523 3215 2587 3253 ac
2620 3198 2669 3252 si
2703 3195 2854 3251 alius
2888 3197 3242 3250 tormentum
3276 3190 3606 3254 sustineret,
3640 3187 3764 3257 ipse

2116 3289 2421 3360 psallebat,
2456 3288 2691 3342 dicens:
2726 3307 2754 3335 ‹‹
2788 3284 2986 3340 Juravi
3021 3288 3077 3337 et
3126 3280 3299 3337 statui
3340 3294 3565 3335 servare
3608 3275 3761 3346 judi-

2115 3377 2474 3448 ciajustitizs
2509 3380 2621 3430 tute
2651 3374 2695 3441 ⁵,
2728 3373 2993 3429 Domine.
3031 3394 3058 3421 »
3093 3371 3156 3425 Et
3189 3385 3392 3425 rursus
3427 3384 3440 3423 :
3478 3388 3507 3417 «
3548 3363 3762 3421 Humi-

2120 3468 2291 3522 liatus
2324 3483 2454 3522 sum
2489 3465 2689 3520 valde:
2738 3461 2999 3529 Domine,
3040 3459 3265 3515 vivifica
3313 3472 3405 3512 me
3437 3454 3763 3511 secundum

2116 3558 2355 3611 verbum
2396 3558 2564 3608 tuum
2597 3553 2655 3606 ‘z
2708 3573 2734 3601 »
2768 3556 2823 3606 et
2876 3565 2947 3604 ne
2987 3548 3291 3620 permittas
3351 3548 3415 3600 ut
3444 3546 3557 3599 sim
3611 3540 3765 3597 ludi-

2118 3646 2241 3701 brio
2285 3644 2419 3698 huic
2459 3641 2578 3697 viro
2633 3640 2900 3713 pestifero
2935 3652 2948 3693 :
2982 3638 3082 3693 sed
3126 3653 3217 3691 me
3248 3634 3554 3699 conﬁrma,
3587 3648 3618 3686 ο
3652 3632 3762 3685 Do-

2120 3734 2299 3803 mine,
2335 3738 2393 3788 ut
2427 3732 2602 3787 feram
2641 3730 2757 3785 haec
2782 3732 3098 3791 tormenta,
3140 3727 3290 3781 dans
3314 3724 3465 3779 vires
3494 3720 3630 3775 huic
3652 3719 3764 3774 hu-

2118 3823 2239 3880 mili
2288 3828 2344 3878 et
2375 3820 2669 3877 imbecillo
2700 3818 2947 3890 corpori,
2980 3821 3036 3871 et
3067 3815 3330 3871 animum
3354 3812 3613 3867 efﬁciens
3645 3809 3763 3862 for-

2114 3913 2342 3968 tiorem.
2385 3911 2521 3965 Cum
2553 3912 2771 3974 autem,
2804 3907 2941 3961 dum
2995 3903 3199 3959 multis
3231 3900 3391 3956 boris
3420 3899 3761 3954 verberare-

2114 4007 2207 4058 tur
2241 4004 2474 4073 martyr,
2529 3999 2654 4068 ejus
2686 3996 3033 4068 sanguinem
3076 3993 3261 4048 instar
3292 3988 3452 4045 ﬂuvii
3503 3986 3763 4042 deﬂuen-

2114 4098 2230 4148 tem
2293 4088 2613 4161 aspexisset
2670 4086 2906 4158 iniquus
2958 4084 3162 4156 judex,
3203 4080 3378 4152 jussit
3434 4075 3681 4133 relaxari
3730 4092 3765 4130 a

2114 4179 2443 4245 tormentis,
2474 4182 2533 4233 et
2562 4175 2707 4231 dixit
2743 4174 2792 4230 ei
2821 4174 2985 4229 :Htec
3013 4177 3154 4227 sunt
3185 4167 3471 4242 principia
3502 4164 3765 4238 premin-

2116 4284 2244 4324 rum
2296 4265 2721 4333 inobedientiss,
2762 4261 3105 4318 Callistrate.
3152 4258 3451 4330 Sapienter
3488 4270 3624 4326 ergo
3655 4250 3763 4308 tibi

2116 4358 2450 4421 consulens,
2510 4369 2731 4409 morem
2774 4367 2904 4422 gere
2940 4350 3037 4417 iis,
3083 4365 3208 4420 quas
3254 4348 3408 4415 dico,
3446 4349 3506 4400 ut
3553 4345 3623 4399 ab
3666 4341 3761 4409 iis,

2117 4466 2244 4521 quas
2295 4448 2486 4503 adhuc
2527 4451 2585 4502 te
2643 4446 2900 4509 manent,
2936 4440 3200 4496 libereris
3250 4434 3580 4493 tormentis.
3618 4434 3764 4488 Deos

2116 4541 2271 4595 enim
2331 4537 2437 4592 tibi
2480 4539 2637 4606 juro,
2673 4535 2784 4589 nisi
2816 4531 3189 4603 imperatorio
3238 4530 3451 4584 cedens
3507 4526 3759 4590 decreto,

2116 4628 2199 4685 eis
2250 4624 2686 4695 sacriﬁcaveris,
2721 4628 3008 4678 tormenta
3059 4634 3268 4690 corpus
3298 4622 3463 4673 tuum
3498 4614 3763 4687 perdent,

2117 4722 2174 4772 et
2213 4730 2387 4771 canes
2420 4714 2653 4787 quidem
2692 4711 3041 4782 sanguinem
3073 4714 3241 4765 tuum
3280 4706 3528 4777 lingent,
3566 4702 3764 4758 leones

2117 4810 2310 4861 autem
2343 4809 2478 4860 tuas
2519 4819 2724 4859 carnes
2754 4802 2949 4857 edent.
2986 4802 3317 4855 Gcnerosus
3360 4798 3554 4852 autem
3584 4789 3762 4847 Calli-

2117 4900 2334 4951 stratus
2362 4910 2375 4948 :
2406 4898 2601 4965 Spero,
2632 4890 2847 4962 inquit,
2888 4890 2947 4944 in
2989 4889 3171 4944 Deum
3207 4888 3434 4951 fortem,
3468 4888 3653 4938 Deum
3684 4878 3768 4933 vi-

2114 4989 2366 5052 ventem,
2409 4982 2564 5056 quod
2614 4982 2739 5053 ipse
2780 4995 2874 5035 me
2925 4977 3186 5035 extrahet
3233 4992 3301 5033 ex
3330 4988 3428 5032 ore
3456 4970 3662 5036 leonis,
3709 4973 3767 5024 et

2116 5090 2181 5130 ex
2208 5076 2389 5129 manu
2421 5087 2629 5129 canum
2663 5068 3027 5141 unigenitam
3061 5083 3253 5131 meam
3304 5064 3583 5123 animam.
3633 5056 3767 5115 Sola

2116 5167 2315 5231 autem
2356 5164 2561 5229 revera
2602 5174 2755 5215 nunc
2814 5157 2871 5212 in
2915 5160 3053 5226 toto,
3097 5155 3198 5227 qui
3257 5153 3357 5209 tibi
3402 5154 3564 5225 paret
3601 5165 3763 5204 exer-

2115 5253 2261 5319 citu,
2298 5246 2461 5319 hunc;
2484 5248 2667 5305 Deum
2727 5245 3013 5320 agnoScit.
3047 5249 3259 5300 Verum
3294 5242 3449 5315 ineo
3509 5238 3763 5303 confido,

2117 5341 2269 5415 quod
2309 5332 2423 5395 non
2457 5338 2667 5407 solam,
2700 5338 2794 5392 sed
2819 5322 2951 5415 cum
2986 5333 3254 5415 pluribus
3286 5332 3417 5397 aliis
3450 5345 3576 5384 eam
3614 5326 3766 5399 acci-

2117 5410 2261 5507 piet,
2286 5431 2369 5484 eis
2412 5414 2646 5501 quoque
2686 5410 2875 5497 indita
2900 5410 3227 5495 cognitione
3280 5421 3456 5491 hujus
3490 5416 3679 5474 sancti
3711 5420 3769 5503 et

2256 5502 2261 5509 ι

2117 5508 2401 5577 adorandi
2442 5515 2721 5573 nominis.

425 5630 442 5709 ,⁸
502 5627 651 5687 Psal.
705 5645 831 5703 xcv,
862 5631 915 5689 5.
959 5631 981 5667 ²
1028 5631 1182 5691 Psal.
1230 5648 1389 5702 cxm,
1430 5634 1481 5691 4.
1529 5635 1551 5670 ³
1597 5635 1742 5694 Psal.
1792 5654 1939 5714 χιιι,
1992 5641 2004 5695 1

2118 5638 2154 5723 ἐ
2196 5635 2407 5721 ἔρειδε
2438 5650 2557 5719 Vl“:
2594 5634 2679 5715 1,2.
2713 5633 2733 5709 ε
2766 5630 3173 5711 feel-smn,
3212 5628 3336 5709 106t
3368 5628 3388 5664 ο
3438 5625 3583 5707 ibid.
3636 5622 3755 5687 107.
