4144 6184
366 286 484 345 887

1657 284 1819 347 ΜΕΝ
1830 285 1939 348 SIS
1984 283 2468 350 SEPTEMBER.

3645 286 3773 348 888

364 442 446 496 ὅτι
498 440 575 513 μή
628 440 821 514 μόνην,
848 440 996 497 ἀλλᾶ
1045 441 1135 496 σὺν
1178 440 1394 498 πλείοσι
1446 445 1538 498 καί
1589 445 1794 521 ἑτέροις
1826 444 1994 517 αὒτὴν
2023 446 2281 523 λήψεται,
2312 450 2411 519 τήν
2437 445 2723 525 ἐπίγνωσιν
2753 445 2842 502 καὶ
2875 445 3060 506 αὐτοῖς
3093 445 3257 509 ἐνθεὶς
3287 450 3383 501 τοῦ
3415 445 3565 522 ἁγίου
3598 447 3771 502 αὐτοῦ

366 531 455 584 καὶ
488 536 864 604 προσκυνητοῦ
897 532 1165 604 ὀνόματος
1177 578 1187 590 .

435 621 503 676 ν.
556 622 657 679 His
691 623 880 679 verbis
938 624 1127 695 magis
1184 624 1410 682 irritata
1449 625 1549 683 illa
1607 627 2007 701 bestia,jubet

2190 629 2264 684 E'.
2302 628 2424 685 Ἐπί
2481 625 2649 682 πλέον
2700 630 2817 689 τοῖς
2863 624 3049 703 λόγοις
3101 626 3317 688 τούτοις
3363 626 3392 680 6
3425 627 3526 700 θήρ
3559 624 3771 687 ἐκεῖνος

367 712 587 769 multas
621 714 879 770 minutas
908 717 1093 770 testas
1124 715 1439 783 substerni,
1472 721 1528 773 et
1556 723 1870 791 martyrem
1910 736 2009 775 su-

365 802 571 874 pinum
625 818 802 875 super
848 802 1010 875 ipsas
1053 805 1228 873 trahi,
1279 809 1345 861 ut
1393 807 1650 878 corporis
1693 807 1882 879 plagis
1925 808 2011 864 sic

367 890 669 964 discerpti,
713 892 982 948 dolorum
1015 898 1166 949 esset
1216 910 1425 951 sensus
1488 895 1692 952 acrior.
1745 898 1860 953 Hoc
1914 912 2010 953 au-

365 987 487 1039 tem
537 981 693 1039 dicto
752 983 923 1039 citius
958 983 1181 1049 effecto,
1207 984 1377 1055 jubet
1434 1002 1639 1043 rursus
1670 987 2012 1043 infundibu-

365 1070 489 1127 lum
520 1072 606 1127 ori
645 1072 774 1143 ejus
802 1072 1053 1140 immitti,
1095 1078 1153 1129 et
1195 1074 1408 1144 pelvim
1450 1091 1614 1146 aqua;
1660 1078 1711 1131 ei
1757 1076 2007 1145 infundi,

367 1166 434 1216 ut
462 1160 653 1217 instar
682 1161 832 1219 utris
883 1162 1223 1233 impleretur
1253 1168 1511 1220 sanctus.
1548 1165 1862 1237 Postquam
1902 1182 2012 1222 au-

366 1253 483 1306 tem
536 1252 642 1307 hoc
688 1252 1043 1325 supplicium
1085 1254 1311 1310 fortiter
1340 1256 1657 1311 sustinuit:
1688 1256 1810 1313 Nisi
1866 1259 2011 1314 mihi

368 1338 657 1411 parueris,
697 1342 890 1412 inquit
928 1342 1133 1412 judex,
1167 1344 1344 1400 maris
1392 1344 1629 1401 habebit
1672 1350 1728 1402 te
1772 1348 2013 1419 profun-

367 1430 531 1484 dum.
564 1430 801 1486 Clarum
828 1435 917 1488 est
944 1432 1122 1500 enim,
1164 1434 1319 1505 quod
1356 1433 1465 1490 nisi
1506 1438 1559 1491 te
1587 1435 1746 1492 brevi
1782 1438 1853 1494 de
1887 1454 2012 1494 me-

369 1518 467 1575 dio
497 1519 813 1587 sustulero,
861 1520 1006 1578 alios
1045 1538 1277 1594 quoque
1325 1524 1469 1579 mihi
1518 1527 1723 1596 perdes
1771 1526 2008 1583 milites.

369 1606 736 1666 Callistratus
768 1622 963 1667 autem
999 1628 1012 1665 :
1057 1610 1188 1666 Tibi
1236 1612 1493 1682 quidem,
1526 1613 1735 1685 inquit,
1760 1631 1793 1671 ο
1831 1616 2011 1671 scele~

370 1696 686 1767 ratissime,
738 1714 968 1770 magna:
998 1703 1085 1754 est
1131 1714 1301 1767 cum,
1335 1704 1400 1756 ut
1430 1700 1530 1772 qui
1579 1706 1669 1757 est
1707 1703 1808 1758 sub
1854 1714 2013 1775 patre

366 1788 469 1840 tuo
514 1784 766 1855 diabolo,
808 1786 1104 1844 custodias
1160 1804 1389 1861 gregem
1446 1806 1561 1845 non
1611 1790 2009 1862 diminutum;

365 1873 507 1930 mihi
537 1879 730 1931 autem
766 1876 822 1931 in
855 1875 972 1932 Deo
1012 1892 1144 1947 spes
1172 1882 1262 1933 est
1290 1881 1346 1933 et
1383 1878 1615 1947 ﬁducia,
1649 1882 1803 1951 quod
1855 1882 2013 1938 hunc

2121 716 2494 791 παροξυνθεὶς,
2547 716 2765 785 πλῆθος
2844 714 3058 772 λεπτῶν
3137 716 3414 790 ὀστράκων
3488 715 3772 789 ὒποστρω-

2118 808 2277 875 θῆναι
2333 806 2565 876 κελεύει,
2617 807 2708 861 τὸν
2778 806 3023 883 μάρτυρά
3070 826 3130 861 τε
3184 806 3376 860 ὕπτιον
3436 804 3520 860 ἐπ’
3576 803 3767 867 αὐτοῖς

2117 892 2366 950 ἕλκεσθαι
2407 894 2545 950 ὥστε
2584 899 2690 951 τῶν
2722 893 2981 971 πληγῶν,
3015 893 3159 950 οὕτω
3201 898 3299 949 τοῦ
3347 895 3603 966 σώματος
3653 892 3771 948 ἑπι-

2117 985 2453 1057 ξαινομὲνου,
2488 982 2813 1059 δριμυτέραν
2845 983 2993 1056 αὗτῴ
3034 985 3138 1053 τήν
3180 981 3430 1052 αἶ’σθησιν
3470 986 3578 1037 τῶν
3636 980 3771 1036 ὀδυ-

2118 1077 2223 1128 νῶν
2280 1075 2547 1150 γίνεσθαι.
2595 1074 2807 1130 Τούτου
2865 1070 2922 1127 δὲ
2980 1074 3171 1128 θᾶττον
3231 1070 3269 1141 ἢ
3328 1070 3492 1147 λόγος
3545 1069 3764 1127 ἒκτελεο

2118 1162 2353 1234 σθὲντος,
2385 1160 2592 1218 κελεύει
2623 1161 2789 1217 πάλιν
2821 1162 3005 1237 χώνην
3040 1161 3205 1217 αὐτοῦ
3235 1165 3314 1234 τῷ
3344 1161 3572 1234 στόματι
3617 1160 3765 1216 ἐντε-

2116 1255 2297 1319 θῆναι,
2356 1250 2445 1305 καὶ
2514 1249 2751 1320 λεκάνην
2809 1250 2947 1323 αὑτῇ
3033 1247 3233 1312 ὕδατος
3309 1246 3627 1324 ἒσχυθῆναι,
3689 1249 3771 1312 ὡς

2116 1337 2283 1393 ἀσκοῦ
2349 1335 2505 1409 δίκην
2554 1337 2918 1414 πληρωθῆναι
3001 1338 3091 1393 τὸν
3167 1339 3343 1413 ἅγιον.
3404 1338 3491 1400 Ὠς
3557 1336 3615 1392 δὲ
3671 1337 3767 1392 καὶ

2115 1428 2315 1497 ταύτην
2365 1428 2627 1505 ὑπήνεγκε
2692 1426 2947 1503 γενναίως
3020 1428 3121 1497 τήν
3189 1427 3478 1501 τιμωρίαν,
3547 1426 3610 1482 Ei
3682 1428 3765 1500 μή

2116 1518 2346 1586 πεισθῆς
2406 1518 2579 1590 μοι,ὁ
2639 1514 2899 1587 δικαστὴς
2957 1513 3081 1596 ἔφη,
3115 1518 3143 1571 6
3177 1517 3341 1593 βυθὸς
3389 1513 3494 1586 ἕξει
3548 1537 3605 1571 σε
3660 1522 3768 1587 τῆς

2118 1604 2416 1676 θαλάσσης.
2475 1602 2725 1677 Εὔδηλον
2786 1606 2888 1681 γὰρ
2961 1606 3060 1675 ὡς,
3120 1605 3166 1661 εί
3228 1607 3305 1680 μή
3366 1625 3425 1661 σε
3476 1606 3769 1678 συντόμως

2118 1693 2378 1771 ἐκτρίψω,
2427 1697 2515 1751 καὶ
2576 1695 2792 1771 ἑτέρους
2843 1699 2951 1751 τῶν
3004 1700 3349 1771 στρατιωτῶν
3400 1716 3498 1770 μοι
3553 1716 3770 1771 προσα-

2119 1782 2392 1847 πολέσεις.
2424 1785 2484 1843 Ὁ
2533 1781 2591 1839 δὲ
2639 1783 3074 1861 Καλλίστρατος,
3109 1785 3207 1840 Σοὶ
3257 1786 3351 1857 μὲν
3390 1782 3600 1856 πολλὴ,
3633 1781 3767 1859 ἔφη,

2123 1870 2358 1942 σπουδὴ,
2420 1874 2748 1948 μιαρώτατε,
2805 1876 2906 1943 τὴν
2966 1873 3070 1929 ὑπὸ
3134 1878 3213 1946 τῷ
3284 1872 3446 1948 πατρί
3526 1893 3625 1928 σου
3681 1876 3772 1944 τῷ

368 1963 671 2035 scquiram
729 1965 960 2023 Christo
1009 1982 1159 2038 meo,
1191 1972 1248 2023 et
1276 1984 1413 2024 vera
1461 1970 1575 2024 ﬁde
1632 1971 2011 2043 confirmabo,

2124 1958 2369 2035 διαϐόλῳ
2412 1963 2745 2039 τεταγμένην
2796 1962 3037 2037 ποίμνην
3072 1960 3418 2040 διαφυλάξειν
3456 1962 3731 2037 ἆμείωτον
3754 1982 3770 1995 ·

371 2059 427 2111 et
456 2054 517 2109 in
549 2054 743 2111 media
790 2054 899 2111 hac
947 2056 1176 2113 civitate
1214 2058 1390 2129 figam
1421 2059 1504 2115 eis
1533 2059 1855 2117 ecclesiam.
1893 2063 2015 2118 Dux

369 2160 501 2200 vero
541 2145 824 2201 exercitus
885 2146 1072 2217 magis
1120 2148 1317 2204 animo
1366 2150 1750 2207 conturbatus
1784 2168 1797 2206 :
1831 2152 2015 2225 Impie

371 2237 457 2299 tu,
492 2232 659 2299 dixit,
704 2238 760 2289 et
798 2233 1021 2304 infelix,
1053 2237 1259 2292 mortis
1299 2238 1591 2295 sententia
1620 2243 1722 2297 tuo
1745 2242 1867 2312 jam
1899 2243 2013 2298 im-

371 2321 586 2392 pendet
615 2321 813 2394 capiti,
846 2328 902 2379 et
932 2325 1154 2396 cogitas
1184 2325 1359 2398 ﬁgere
1398 2328 1723 2398 ecclesiam,
1766 2339 1819 2386 et
1859 2331 2015 2387 mul-

372 2414 463 2465 tos
496 2427 565 2466 ex
592 2411 811 2467 nostris
851 2413 920 2468 ad
954 2411 1135 2469 Deum
1170 2417 1337 2471 tuum
1365 2416 1650 2475 adducere
1671 2418 1698 2472 ?
1730 2419 1847 2476 Hoc
1877 2437 2011 2477 cum

372 2500 816 2571 dixisset,jubet
845 2501 954 2557 sibi
988 2503 1179 2558 afferri
1212 2521 1472 2575 saccum,
1505 2510 1558 2562 et
1590 2507 1649 2563 in
1689 2525 1820 2565 eum
1853 2510 2014 2581 injici

371 2595 665 2658 sanctum,
697 2597 751 2647 et
790 2592 986 2648 statim
1036 2593 1261 2650 demitti
1311 2595 1369 2650 in
1431 2597 1780 2667 profundum
1815 2599 2013 2656 maris.

370 2679 501 2751 Ipse
532 2684 726 2737 autem
762 2680 958 2738 stabat
1006 2682 1065 2738 in
1114 2681 1330 2753 littore,
1381 2685 1525 2741 nulli
1565 2686 1663 2742 alii
1717 2705 1839 2744 rem
1890 2705 2010 2746 cre-

373 2774 533 2841 dens,
567 2774 679 2829 nisi
712 2775 963 2846 propriis
1000 2776 1205 2833 oculis.
1226 2778 1438 2833 Saccus
1466 2795 1623 2850 vero,
1655 2780 1847 2836 divina
1878 2798 2018 2853 qua-

373 2864 507 2919 dam
541 2864 919 2934 providentia,
966 2864 1187 2934 impetu
1220 2882 1505 2938 aquarum
1558 2874 1752 2940 petras,
1785 2887 1908 2942 quae
1953 2871 2013 2927 in

372 2953 522 3007 mari
555 2952 790 3018 latebat,
814 2952 1041 3022 allisus,
1075 2955 1184 3009 fuit
1213 2954 1705 3027 disruptus,justo
1738 2962 2014 3029 tanquam

370 3040 430 3093 in
464 3043 660 3093 ventre
709 3039 862 3106 costi,
909 3039 969 3094 in
1018 3056 1084 3096 eo
1124 3046 1345 3097 orante.
1379 3043 1511 3098 Erat
1550 3052 1744 3101 autem
1775 3047 2014 3103 omnino

370 3131 529 3183 Deus
568 3126 1025 3196 admirabilium,
1067 3128 1221 3185 sicut
1261 3129 1423 3201 prius
1453 3132 1674 3201 Jonam,
1706 3134 1787 3190 ita
1817 3136 2014 3207 ipsum

372 3228 603 3283 quoque
643 3217 1001 3270 servaturus.
1045 3216 1168 3270 Duo
1198 3216 1397 3290 itaque
1428 3218 1706 3292 delphini,
1732 3226 2014 3294 tanquam

368 3303 544 3373 jussi,
577 3302 943 3373 adnatantes,
980 3319 1111 3360 cum
1145 3310 1409 3362 sanctum
1442 3314 1600 3381 tergo
1630 3311 2012 3383 excepissent,

374 3390 630 3446 sublime
667 3389 902 3460 tollunt,
937 3393 1145 3450 deinde
1176 3396 1247 3451 ad
1289 3393 1453 3453 littus
1486 3377 1847 3469 accedentes,
1881 3377 2012 3458 seu;
2046 3377 2096 3446 Ο

372 3479 485 3535 sim
527 3485 584 3535 et
638 3486 803 3536 caute
833 3496 965 3537 eum
997 3483 1296 3554 deponunt
1323 3484 1383 3541 in
1412 3490 1583 3543 terra.
1619 3489 1741 3554 Quo
1795 3492 1854 3546 in
1887 3490 2011 3548 loco

373 3572 612 3625 sanctus
632 3574 855 3642 martyr
884 3576 1209 3643 opportune
1257 3591 1473 3632 canens
1510 3593 1595 3645 ea,
1629 3594 1758 3651 quae
1788 3580 1965 3636 David
2001 3596 2014 3635 :

371 3655 539 3725 Veni,
586 3656 835 3724 dicebat,
878 3658 939 3714 in
984 3661 1340 3732 profundum
1391 3667 1572 3721 maris
1618 3684 1631 3735 ;
1681 3668 1780 3723 sed
1830 3684 2018 3741 neque

370 3745 624 3818 procella
654 3764 747 3803 me
777 3748 967 3805 obruit
987 3748 1030 3815 ⁷,
1064 3768 1251 3823 neque
1280 3753 1535 3811 laboravi
1563 3755 1846 3825 clamans,
1877 3758 2017 3813 dum

372 3853 597 3893 orarem
648 3839 720 3894 ad
770 3842 826 3894 te
855 3839 896 3906 ⁸,
949 3841 1213 3897 Domine.
1247 3844 1532 3909 Quoniam
1563 3845 1825 3903 celeriter
1856 3863 2014 3904 meas

372 3929 613 3985 audiisti
669 3945 893 4001 preces,
935 3938 989 3987 et
1037 3948 1105 3987 ex
1166 3934 1412 3990 vinculis
1468 3935 1927 4006 inevitabilihus,
1960 3943 2019 3996 et

372 4034 442 4073 ex
498 4019 788 4089 profundo
818 4020 1021 4076 infimo
1060 4037 1152 4077 me
1209 4024 1519 4096 abripuisti
1570 4026 2013 4098 admirabiliter,

372 4122 439 4160 ac
508 4111 714 4176 praeter
779 4107 1109 4177 opinionem
1155 4126 1169 4165 :
1212 4113 1269 4166 et
1319 4126 1489 4167 sacco
1549 4128 1677 4168 meo
1726 4114 2012 4186 disrupta,

375 4194 809 4250 circumdedisti
847 4212 936 4252 me
964 4196 1163 4254 laetitia
1186 4196 1232 4258 ⁹.

2121 2050 2245 2125 ἐμοὶ
2304 2049 2362 2107 δὶ
2415 2050 2572 2115 ξλπίς
2626 2050 2678 2107 ἐν
2725 2057 2841 2125 Θεῷ
2888 2052 2977 2107 καὶ
3026 2054 3371 2124 πεποίθησις,
3428 2052 3513 2108 δτι
3560 2071 3771 2127 προνο·

2125 2140 2307 2214 μεόσω
2380 2142 2583 2213 ταύτην
2659 2146 2741 2214 τῷ
2809 2142 2927 2215 ἐμῷ
2997 2145 3236 2217 Χριστῷ,
3293 2141 3384 2197 καί
3439 2146 3507 2217 τῇ
3565 2141 3777 2213 ἀληθεῖ

2120 2232 2295 2288 πίστει
2375 2228 2688 2307 βεϐαιώσω,
2742 2234 2915 2289 αὐτοῦ
2998 2253 3057 2289 τε
3128 2234 3229 2303 τήν
3305 2231 3639 2304 Ἐκκλησίαν
3707 2230 3769 2287 ἔν

2126 2322 2273 2394 μέσῳ
2302 2320 2468 2391 τῆσδε
2497 2324 2596 2391 τῆς
2650 2319 2867 2384 πόλεως
2914 2321 3233 2393 καταπήξω.
3274 2320 3380 2378 Καὶ
3438 2322 3468 2377 6
3530 2341 3773 2396 στρατη-

2124 2409 2297 2481 λάτης
2331 2410 2546 2484 μᾶλλον
2602 2412 2702 2481 τὴν
2756 2413 2946 2490 ψυχὴν
3004 2409 3522 2486 διαταραττόμονος,
3554 2410 3777 2469 Ἀνόσιε

2123 2498 2186 2554 σὺ
2241 2499 2330 2554 καὶ
2380 2497 2738 2573 κακόδαιμον,
2794 2501 2963 2571 εἶπεν,
3021 2502 3057 2570 ὴ
3121 2504 3220 2555 τοῦ
3287 2501 3516 2565 θανάτοό
3581 2502 3772 2577 ψῆφος

2122 2587 2231 2659 ἤδη
2296 2589 2427 2665 ὑπὶρ
2484 2587 2728 2669 κεφαλῆς
2789 2610 2884 2645 σου
2914 2589 3168 2665 ᾖώρηται
3203 2608 3216 2623 ο
3258 2588 3320 2645 σὺ
3352 2587 3411 2644 δὲ
3437 2588 3772 2659 Ἐκκλησίαν

2121 2680 2213 2733 καὶ
2268 2683 2362 2735 νῦν
2417 2680 2585 2750 πῆξαι
2643 2677 2871 2742 διανοεῖς
2919 2678 3011 2734 καὶ
3040 2676 3288 2741 πολλοὺς
3319 2682 3426 2733 τῶν
3478 2680 3766 2753 ἡμετέρων

2121 2772 2200 2840 τῷ
2256 2774 2372 2841 Θεῷ
2448 2789 2543 2824 σου
2625 2773 3023 2844 προσαγαγεῖνς
3080 2770 3258 2825 Τοῦτο
3307 2768 3497 2837 εἰπὼν,
3565 2768 3766 2824 σάκκον

2124 2858 2410 2933 ἐνεχθῆναι
2466 2859 2811 2932 προστάττει,
2859 2859 2950 2913 καὶ
3001 2858 3094 2913 τὸν
3154 2859 3304 2934 ἅγιον
3368 2856 3517 2929 αὐτῷ
3542 2852 3769 2931 ἐμϐλη-

2123 2949 2282 3017 θῆναι
2315 2947 2574 3026 ἂφεθῆναί
2622 2968 2681 3003 τε
2726 2947 2863 3003 κατὰ
2902 2948 2964 3003 τὸ
3000 2946 3160 3021 μέσον
3211 2947 3368 3011 εὐθὺς
3410 2953 3511 3015 τῆς
3560 2944 3768 3002 θαλάσ-

2125 3057 2245 3106 σης.
2281 3035 2453 3098 Αὐτὸς
2500 3033 2558 3091 δὲ
2606 3036 2752 3110 παρὰ
2810 3035 2903 3091 τὸν
2961 3034 3211 3113 αἰγιαλὸν
3271 3034 3531 3105 εἱστήκει,
3588 3032 3772 3089 οῦδενὶ

2123 3124 2282 3197 ἄλλῳ
2324 3126 2408 3181 ὅτι
2461 3126 2538 3198 μὴ
2587 3124 2896 3201 ὀφθαλμοῖς
2928 3121 3091 3187 ἰδίοις
3119 3125 3181 3179 τὸ
3209 3127 3432 3198 πρᾶγμα
3468 3125 3770 3180 πιστεύων.

2122 3214 2183 3272 Ὁ
2228 3212 2286 3269 δὲ
2328 3213 2523 3276 σάκκος
2581 3214 2697 3285 θείᾳ
2738 3213 2841 3269 τινὶ
2889 3213 3206 3289 προμηθείᾳ
3258 3216 3328 3285 τῇ
3386 3216 3494 3269 τῶν
3556 3210 3768 3268 ὑδάτων

2124 3308 2264 3381 φορᾷ
2305 3303 2501 3378 πέτρας
2553 3302 2766 3380 ὑφάλου
2813 3304 3060 3379 ῥήγματι
3108 3302 3431 3378 προσπεσὼν
3479 3299 3768 3376 διερῥάγη,

2123 3397 2221 3449 τοῦ
2270 3390 2483 3449 δικαίου
2539 3393 2781 3467 καθάπερ
2828 3390 2881 3447 ἐν
2929 3392 3115 3463 κοιλίᾳ
3159 3393 3364 3463 κήτους
3394 3390 3524 3447 εἵσω
3572 3391 3771 3447 τοότου

2128 3483 2594 3558 προσευχομένου.
2644 3478 2890 3554 Ἔμελλε
2949 3478 3008 3537 δὶ
3052 3480 3264 3544 πάντως
3322 3482 3352 3535 ὸ
3398 3484 3507 3536 τῶν
3564 3482 3774 3554 θαυμα-

2127 3572 2258 3627 σίων
2290 3573 2441 3641 Θεὸς,
2476 3569 2659 3645 ὥσπερ
2686 3570 2777 3626 τὸν
2809 3570 2989 3626 Ἰωνᾶν
3048 3569 3338 3645 πρότερον,
3369 3569 3513 3625 οὕτω
3560 3566 3627 3638 δὴ
3676 3567 3772 3625 καὶ

2126 3660 2286 3718 αὐτόν
2319 3659 2705 3717 διασώσασθαι.
2751 3660 2855 3715 Δύο
2911 3663 3202 3735 τοιγαροῦν
3272 3656 3516 3736 δελφῖνες
3561 3658 3610 3728 ἐξ
3658 3656 3778 3712 ἐπι-

2124 3752 2409 3828 τάγματος
2459 3750 2638 3824 ὥσπερ
2688 3748 3109 3823 ὁπονηξάμενοι,
3161 3747 3301 3804 κατᾶ
3344 3748 3522 3803 νώτου
3564 3768 3623 3802 τε
3675 3745 3772 3802 τὸν

2127 3836 2281 3917 ἅγιον
2337 3835 2724 3909 ὑπολαϐόντες,
2760 3839 3199 3914 μετεωρίζουσιν,
3233 3839 3354 3893 εἶτα
3398 3842 3477 3910 τῷ
3530 3834 3770 3913 αἲγιαλῶ

2125 3929 2539 4009 προσελθόντες,
2598 3927 2781 4005 ἠρέμα
2852 3928 2944 3983 καὶ
3021 3926 3141 3984 λίαν
3216 3926 3632 4005 πεφυλαγμένον
3698 3925 3769 3999 τῇ

2122 4026 2194 4099 γῇ
2244 4021 2407 4077 αὐτὸν
2460 4015 2826 4075 ἀποτίθενται.
2882 4018 3047 4075 Ἔνθα
3113 4015 3206 4073 καὶ
3264 4017 3294 4071 6
3350 4016 3507 4092 ἅγιος
3566 4015 3774 4091 μάρτυς

2122 4112 2189 4168 τὰ
2216 4114 2312 4167 τοῦ
2361 4104 2532 4164 Λαυ³ιδ
2581 4105 2876 4181 ἐπικαίρως
2924 4104 3179 4179 ψάλλων,
3209 4102 3440 4172 Ἦλθον,
3471 4099 3650 4178 ἔλεγεν
3692 4103 3772 4165 εἷς

2119 4202 2189 4257 τὰ
2224 4200 2362 4276 βάθη
2395 4204 2495 4269 τῆς
2526 4195 2801 4268 θαλάσσης
2835 4214 2849 4229 ·
2900 4192 3028 4251 ἀλλ’
3057 4195 3183 4250 οὔτε
3226 4193 3477 4270 καταιγίς
3528 4213 3595 4267 με
3640 4213 3778 4248 κατ-

375 4282 669 4349 επόντισεν,
726 4280 849 4338 οὔτε
890 4285 998 4357 μὴν
1051 4285 1314 4342 ἐκοπίασα
1364 4287 1603 4364 κράζων,
1635 4288 1686 4344 ἐν
1745 4294 1824 4363 τῷ
1882 4288 2088 4347 δὲεσθαί
2146 4311 2213 4365 με
2268 4288 2405 4364 πρὸς
2463 4288 2542 4357 σὲ,
2576 4286 2742 4360 Κύριε
2773 4304 2787 4317 ·
2848 4284 2931 4340 ὅτι
2997 4305 3111 4361 μου,
3153 4284 3368 4358 ταχέως
3400 4289 3499 4352 τῆς
3530 4280 3773 4353 δεήσεως

374 4367 637 4440 ἤκουσας,
670 4371 759 4425 καὶ
818 4371 865 4442 ἐξ
924 4373 1178 4451 ἀφύκτων
1240 4374 1453 4452 δεσμῶν
1498 4379 1587 4433 καὶ
1649 4379 1817 4454 βυθοῦ
1873 4379 2188 4437 κατωτάτου
2244 4374 2563 4454 παραδόξως
2609 4375 2934 4453 ἀφήρπασας
2966 4391 2980 4405 ⁸
3036 4372 3131 4429 τὸν
3203 4372 3401 4428 σάκκον
3452 4368 3774 4447 διαρρἤας,

375 4458 708 4535 εὐφροσύνην
743 4483 810 4535 με
841 4465 1192 4536 περιέζωσας.

445 4552 537 4607 Vl.
569 4552 677 4607 Sed
716 4551 838 4609 haec
868 4553 1104 4624 quidem
1143 4556 1226 4611 sic
1258 4558 1500 4614 canebat
1529 4559 1753 4617 athleta
1781 4561 1840 4617 in
1880 4577 2017 4618 voce

2197 4559 2260 4622 ς’.
2294 4553 2475 4613 Ἀλλᾶ
2503 4558 2669 4612 ταῦτα
2711 4556 2807 4630 μὲν
2844 4552 3017 4617 οὕτως
3065 4550 3118 4609 ἐν
3167 4550 3347 4631 χείλει
3390 4548 3775 4627 ἀγαλλιάσεως

374 4640 795 4699 exsultationis.
847 4642 1162 4700 Multitudo
1211 4650 1406 4702 autem
1457 4648 1708 4706 militum
1741 4652 2015 4723 obstupe-

2128 4648 2157 4703 6
2186 4646 2433 4717 ἀθλητὴς
2463 4644 2578 4721 ᾖδε.
2610 4646 2687 4703 Τὸ
2741 4643 2799 4701 δὲ
2852 4648 2963 4701 τῶν
3020 4644 3366 4745 στρατιωτῶν
3407 4638 3648 4710 πλῆθος,
3688 4643 3774 4711 τῷ

374 4730 527 4786 facta
550 4746 616 4787 eo
649 4732 805 4801 quod
848 4732 1064 4788 factum
1097 4742 1215 4789 erat
1247 4740 1449 4806 praeter
1487 4736 1842 4810 opinionem,
1877 4756 2018 4811 pro-

375 4819 534 4897 tinus
612 4819 997 4892 procidentes,
1070 4824 1253 4879 sancti
1328 4824 1506 4895 pedes
1590 4827 2021 4900 prehensahant

372 4908 565 4977 (erant
610 4913 807 4965 autem
840 4926 1083 4967 numero
1124 4914 1510 4986 quadraginta
1540 4921 1600 4973 et
1628 4918 1875 4989 novem),
1917 4933 2020 4990 pe-

372 5000 563 5055 tentes
621 4997 856 5055 liberari
916 5000 988 5055 ab
1046 5016 1235 5058 errore
1292 5003 1765 5076 simulacrorum,
1823 5011 1881 5063 et
1945 5008 2018 5063 ad

375 5085 667 5143 Christum
726 5089 959 5145 adduci.
1004 5089 1143 5147 Ecce
1196 5092 1373 5160 enim,
1409 5094 1595 5162 aiunt,
1638 5096 2018 5168 cognovimus

376 5180 554 5231 Deum
597 5181 763 5234 tuum
814 5194 943 5235 esse
1000 5195 1197 5236 revera
1228 5196 1529 5253 magnum,
1563 5183 1659 5254 qui
1698 5187 1756 5240 te
1821 5184 1910 5240 vel
1951 5202 2016 5242 ex

376 5267 662 5334 profundo
695 5270 873 5325 maris
904 5269 1162 5326 liberavit
1192 5271 1631 5327 admirabiliter.
1677 5273 1888 5329 Beatus
1917 5290 2020 5329 au-

376 5360 493 5409 tem
528 5361 745 5430 martyr
779 5362 991 5422 :Meus.
1025 5360 1240 5432 inquit,
1286 5361 1569 5418 Dominus
1610 5362 1872 5419 Christus
1904 5378 2016 5418 non

376 5445 603 5518 repellit
642 5462 762 5518 eos,
790 5449 891 5521 qui
920 5450 992 5507 ad
1024 5450 1221 5524 ipsum
1252 5451 1556 5510 accedunt.
1607 5450 1710 5509 Ille
1738 5451 1898 5511 enim
1930 5452 2022 5509 di-

438 5634 464 5675 ἰ
494 5631 649 5695 Psal.
691 5646 876 5703 mm,
907 5630 961 5704 3,
994 5633 1045 5690 4.
1078 5633 1099 5670 ⁸
1130 5634 1281 5693 Psal.
1321 5650 1452 5710 xxx,
1480 5637 1571 5696 23.
1600 5636 1624 5679 9
1651 5636 1804 5698 Psal.
1828 5652 1979 5710 xxix,
2011 5637 2100 5699 l2.

2126 4732 2419 4812 παραδόξῳ
2483 4737 2581 4788 τοῦ
2644 4734 2937 4810 γενομένου
3021 4726 3474 4806 καταπλαγέντες,
3530 4747 3775 4803 προσπε-

2126 4825 2308 4887 σόντες
2367 4823 2520 4886 εὐθὺς
2575 4827 2682 4879 τῶν
2739 4826 2838 4877 τοῦ
2894 4820 3049 4897 ἁγίου
3099 4817 3283 4875 ποδῶν
3338 4816 3553 4893 εἴχοντο
3601 4815 3775 4891 (ἐννέα

2128 4910 2187 4968 δὲ
2224 4915 2311 4968 καί
2362 4912 2761 4987 τεσσαράκοντα
2819 4911 2912 4965 τὸν
2986 4908 3217 4982 ἀριθμὸν
3274 4907 3454 4980 ἦσαν),
3511 4904 3771 4982 ῥυσθῆναι

2127 5006 2226 5069 τῆς
2252 5007 2361 5057 τῶν
2390 4999 2635 5057 εἰδώλων
2663 4998 2876 5069 πλάνης
2920 4997 3259 5071 αἰτούμενοι,
3289 4995 3383 5051 καὶ
3419 4999 3501 5067 τῷ
3553 4993 3774 5069 Χριστῷ

2127 5098 2530 5168 προσαχθῆναι.
2581 5086 2724 5146 Ἰδοὺ
2770 5090 2893 5165 γὰρ,
2944 5085 3126 5163 φασὶν,
3172 5082 3415 5162 ἔγνωμεν
3462 5084 3546 5139 ὅτι
3598 5081 3769 5157 μέγας

2126 5184 2181 5237 ’sv
2230 5179 2461 5252 ἀληθείᾳ
2523 5181 2550 5234 ὁ
2608 5179 2699 5243 σὸς
2758 5179 2991 5254 ὑπάρχει
3050 5177 3202 5245 Θεὸς,
3254 5174 3311 5237 ὅς
3379 5194 3437 5228 σε
3516 5172 3605 5227 καί
3671 5174 3771 5227 τοῦ

2132 5271 2300 5347 βυθοῦ
2350 5276 2449 5339 τῆς
2508 5266 2786 5339 θαλάσσης
2866 5267 3153 5341 ὑπερφυῶς
3225 5262 3509 5337 ἐρρύσατο.
3567 5261 3628 5318 Ὀ
3711 5258 3771 5316 δὲ

2133 5359 2397 5434 μακάριος
2452 5357 2680 5433 μάρτυς,
2711 5357 2775 5415 Ὀ
2829 5354 2985 5431 ἐμὸς,
3017 5351 3143 5434 ἔφη,
3185 5350 3462 5421 Δεσπότης
3512 5350 3767 5425 Χριστὸς,

2127 5447 2252 5512 τοὺς
2299 5446 2447 5524 αὐτῷ
2497 5446 2819 5527 προσιόντας
2887 5443 2986 5502 οὐκ
3023 5442 3321 5501 ἀπωθεῖται
3356 5461 3368 5476 ο
3418 5439 3621 5497 ἐκείνου
3663 5437 3773 5518 γάρ
