4094 6230
418 284 533 345 891

1722 284 2005 369 ΜΕΝΞΙΞ
2053 283 2527 346 SEPTEMBEB.

3718 286 3845 345 892

418 446 623 498 vestrm
655 442 951 510 utilitatis,
975 448 1033 498 et
1062 443 1228 501 vobis
1260 443 1569 515 inspirabit
1599 442 2039 516 intelligentiam

2178 443 2396 516 θρωπον
2426 446 2648 516 γνῶσιν,
2675 466 2703 493 ››
2734 441 2823 495 καὶ
2854 442 2991 512 ἡμῖν
3026 438 3193 515 λόγον
3245 441 3438 515 ὀρέξει,
3487 447 3591 510 τῆς
3642 441 3848 514 ὑμετε-

419 536 485 586 ut
542 531 784 602 pulchre
819 534 1150 602 agnoscatis
1187 533 1461 604 mysteria
1492 531 1746 603 pietatis.
1778 532 1922 587 Cum
1980 534 2064 588 sic

418 617 683 684 dixisset,
716 618 868 673 alius
909 634 1136 688 rursus,
1171 618 1408 674 nomine
1439 618 1824 674 Bibrachmus
1860 635 1872 671 :
1906 621 2064 690 Opus

418 711 526 773 est,
571 706 780 776 inquit,
815 706 982 762 nobis
1031 706 1194 778 prius
1231 707 1395 774 scire,
1443 707 1736 779 quomodo
1777 706 2064 775 Christus,

419 811 553 850 cum
584 804 736 851 esset
764 795 939 864 Deus,
963 797 1137 853 homo
1159 814 1388 869 quoque
1409 798 1590 853 voluit
1620 798 1741 856 ﬁeri
1772 797 2063 865 similiter,

410 882 805 956 ludibriaque,
844 890 903 941 et
952 888 1133 958 proba
1172 888 1461 958 quomodo
1511 888 1883 955 sustinuerit,
1913 887 2064 943 cola-

418 977 699 1048 phosque,
760 984 817 1033 et
864 979 1267 1047 contumelias,
1309 985 1365 1035 et
1412 980 1612 1051 ﬂagra,
1662 984 1719 1035 et
1775 985 2063 1052 postremo

422 1071 666 1123 mortem
699 1067 902 1124 crucis.

489 1247 589 1302 IX.
620 1250 866 1304 Sanctus
912 1254 1100 1305 autem
1139 1250 1210 1305 ab
1250 1248 1364 1307 alto
1410 1251 1713 1321 incipiens,
1748 1251 1938 1308 fusius
1979 1251 2062 1309 eis

415 1337 673 1393 narravit
702 1339 1037 1410 mysterium
1070 1339 1170 1395 Dei
1201 1341 1551 1412 cognitionis
1584 1358 1595 1396 :
1632 1341 1806 1410 Deus,
1840 1343 2059 1413 dicens,

416 1443 547 1482 cum
578 1443 647 1483 ex
671 1427 853 1483 nihilo
885 1428 1222 1485 universum
1272 1431 1689 1497 constituisset,
1723 1448 1899 1489 manu
1932 1451 2061 1504 pro-

416 1517 545 1587 pris
576 1516 745 1588 ﬁngit
777 1517 1074 1573 hominem
1127 1520 1196 1574 ad
1232 1536 1400 1576 suam
1426 1520 1875 1578 similitudinem
1908 1524 1975 1593 ¹⁶,
2006 1530 2063 1581 et

416 1605 777 1674 paradisum,
812 1620 983 1676 quem
1015 1606 1111 1662 ille
1135 1607 1362 1678 fecerat,
1388 1607 1470 1663 illi
1501 1610 1678 1665 donat
1707 1610 1781 1665 ad
1804 1608 2059 1680 delicias,

416 1692 565 1748 dans
613 1693 663 1749 ei
696 1692 947 1749 liberum
1004 1695 1341 1763 arbitrium,
1372 1701 1430 1753 et
1486 1698 1698 1755 faciens
1756 1698 2059 1757 dominum

2176 551 2270 606 ρας
2336 528 2511 586 ἕνεκεν
2568 529 2855 605 ὠφελείας,
2910 528 3000 583 καὶ
3060 528 3189 603 ὑμῖν
3251 529 3541 603 ἐμπνεύσει
3603 530 3843 601 σύνεσιν,

2171 621 2313 675 ὥστε.
2343 618 2527 680 καλῶς
2559 617 2853 694 ἐπιγνῶναι
2897 620 2965 673 τὰ
3017 625 3117 688 τῆς
3172 614 3479 681 θεοσεϐείας
3538 621 3838 693 μυστήρια.

2172 709 2361 769 Οὕτως
2395 708 2665 777 εἰπόντος,
2696 707 2884 783 ἕτερος
2916 706 3080 763 πάλιν
3115 708 3351 780 ὀνόματι
3379 703 3685 784 Βίϐραχος,
3708 708 3843 763 Δεό-

2175 800 2309 872 μεθα
2364 800 2553 871 μαθεῖν
2608 797 2897 872 πρότερον,
2945 792 3071 873 ἔφη,
3129 802 3248 859 πῶς
3328 798 3430 872 ἄρα
3487 798 3617 859 Θεὸς
3677 794 3754 853 ῶν
3811 800 3840 853 ὁ

2171 887 2413 963 Χριστὸς
2460 886 2549 942 καὶ
2608 887 2916 962 ἀνθρώποις
2978 884 3095 949 ἴσος
3153 885 3353 959 ἠξίωσε
3408 886 3674 961 γενέσθαι,
3733 886 3833 958 ἰμ-

2170 981 2425 1051 παιγμῶν
2462 997 2519 1030 τε
2568 975 2658 1031 καί
2727 972 3052 1049 ὀνειδισμῶν
3113 979 3230 1035 πῶς
3288 974 3574 1051 ἠνέσχετο,
3633 974 3715 1030 ἔτι
3776 974 3841 1031 δὲ

2172 1065 2506 1141 ῥαπίσματα,
2565 1069 2656 1121 καί
2713 1062 2919 1141 ὕϐρεις,
2985 1067 3076 1121 καὶ
3147 1068 3430 1139 μάστιγας,
3496 1068 3587 1121 καὶ
3639 1065 3839 1121 τελευ-

2169 1161 2319 1210 ταῖον
2349 1157 2442 1211 τὸν
2476 1153 2565 1211 διὰ
2592 1160 2822 1231 σταυροῦ
2855 1154 3076 1220 θάνατον
3106 1159 3222 1217 πῶς
3254 1153 3592 1225 κατεδέξατο.

2241 1246 2315 1301 Θ’.
2373 1245 2469 1299 Σαὶ
2520 1244 2547 1297 ὁ
2606 1245 2784 1319 ἅγιος,
2846 1243 3049 1310 ἄνωθεν
3107 1244 3427 1319 ἀρξάμενος,
3484 1242 3839 1320 πλατύτερον

2168 1332 2358 1395 αὐτοῖς
2417 1330 2617 1407 διεξῄει
2672 1337 2736 1389 τὸ
2820 1341 2919 1405 τῆς
2991 1332 3323 1411 θεογνωσίας
3382 1335 3705 1408 μυστήριον·
3767 1334 3835 1389 Ὀ

2170 1428 2321 1493 Θεὸς,
2395 1424 2587 1499 εἰπὼν,
2627 1425 2688 1481 ἐκ
2729 1427 2806 1499 μή
2875 1424 3044 1482 ὅντων
3108 1427 3171 1481 τὸ
3238 1430 3340 1481 πᾶν
3398 1426 3835 1498 συστησάμενος,

2169 1515 2317 1591 χειρὶ
2383 1515 2476 1570 τὸν
2545 1515 2827 1591 ἄνθρωπον
2872 1513 2983 1585 ἰδίᾳ
3050 1521 3166 1572 κατ’
3233 1514 3413 1570 εἰκόνα
3476 1516 3577 1583 τὴν
3636 1515 3837 1569 ἑαυτοῦ

2165 1602 2417 1675 πλάττει,
2474 1603 2566 1659 καὶ
2624 1601 2952 1679 παράδεισον
3012 1605 3068 1659 ὃν
3128 1604 3334 1669 ἐκεῖνος
3404 1604 3682 1675 ἐποίησεν,
3752 1604 3838 1667 εἷς

2167 1696 2373 1770 τροφήν
2438 1692 2584 1767 αύτῷ
2652 1692 2897 1765 δίδωσιν,
2966 1694 3310 1765 αὐτεξούσιον
3366 1691 3675 1766 ἀποδείξας,
3732 1693 3835 1747 καὶ

415 1782 609 1838 omnis
640 1782 721 1838 rei
761 1788 987 1854 create,
1022 1802 1147 1857 quas
1181 1786 1407 1842 videtur
1437 1786 1499 1844 ¹⁶.
1539 1788 1812 1845 Diabolus
1842 1806 1977 1862 ergo
2006 1791 2052 1849 ei

2166 1784 2352 1856 κύριον
2421 1784 2601 1854 πάσης
2666 1791 2766 1853 τῆς
2837 1783 3123 1860 ὁρωμένης
3203 1782 3452 1845 κτίσεως.
3520 1784 3582 1839 ’0
3644 1782 3829 1837 τοίνυν

414 1868 682 1925 invidens
706 1869 813 1927 hoc
859 1871 984 1927 vitae
1024 1887 1229 1944 genus,
1254 1880 1311 1929 et
1342 1875 1497 1931 hunc
1527 1875 1827 1943 honorem,
1861 1877 2060 1937 fraude

414 1973 542 2014 eum
582 1958 944 2030 aggreditur,
975 1966 1033 2016 et
1071 1962 1271 2033 efﬁcit,
1317 1967 1378 2017 ut
1408 1966 1663 2020 offendat
1710 1966 2058 2024 Creatorem.

414 2047 480 2101 In
515 2048 766 2117 primum
798 2063 935 2119 ergo
968 2049 1263 2106 hominem
1287 2052 1618 2109 decernitur
1647 2070 1801 2111 mors
1834 2056 2061 2128 suppli-

412 2134 594 2201 cium,
621 2138 679 2189 et
725 2137 1057 2192 communis
1083 2138 1155 2192 ab
1182 2138 1281 2195 illo
1314 2141 1583 2212 paradiso
1611 2147 1667 2199 et
1692 2144 1914 2200 deliciis
1946 2146 2060 2215 (hei

413 2222 581 2293 mihi)
613 2222 877 2293 expulsio
897 2225 1137 2290 ‘7.Quod
1169 2243 1300 2283 cum
1322 2229 1535 2285 factum
1566 2236 1742 2299 esset,
1764 2232 1919 2289 valde
1941 2233 2058 2290 ela-

409 2317 533 2364 tum
558 2311 669 2366 fuit
690 2313 1066 2383 supercilium
1098 2316 1349 2384 diabolo,
1368 2319 1468 2389 qui
1492 2335 1625 2376 eum
1649 2322 2056 2394 supplautave-

408 2403 518 2468 rat,
551 2402 615 2454 ut
646 2399 749 2471 qui
779 2415 884 2471 per
928 2401 1078 2458 hanc
1128 2404 1392 2461 fraudem
1431 2406 1729 2464 hominem
1760 2410 1868 2467 sibi
1917 2412 2055 2468 sub-

400 2487 643 2558 jecerat.
675 2492 745 2545 Et
792 2491 932 2562 quid
981 2509 1096 2549 non
1129 2493 1266 2551 mali
1298 2495 1532 2567 quidem
1578 2498 1868 2556 faciebat?
1917 2500 2053 2557 Cui-

404 2593 539 2633 nam
565 2584 762 2636 autem
786 2582 991 2649 errori,
1010 2587 1068 2639 et
1089 2587 1578 2643 exsecrandorum
1602 2588 2051 2648 simulacrorum

405 2668 757 2737 adorationi,
782 2673 1266 2747 serpentiumque
1297 2680 1354 2733 et
1384 2677 1727 2749 belluarum,
1760 2696 1873 2737 non
1906 2683 2052 2739 sub-

400 2758 659 2829 jiciebat,
692 2760 1121 2834 hominumque
1166 2766 1427 2823 caedibus
1468 2772 1532 2822 ut
1569 2769 1813 2826 docebat
1859 2772 1928 2826 ad
1960 2771 2054 2827 of-

400 2846 702 2903 ferendum
730 2849 1099 2907 damonibus
1124 2854 1478 2910 sacriﬁcium
1506 2873 1519 2910 :
1544 2860 1601 2912 et
1622 2862 1899 2928 praeterea
1916 2876 2051 2915 eum

397 2937 613 2993 misere
646 2938 907 2994 trahebat
926 2940 998 2994 ad
1025 2941 1320 3011 passiones
1348 2942 1684 3015 ignominiae
1701 2945 1785 3001 ‘3‘?
1808 2948 1901 3003 Sic
1919 2963 2049 3019 ergo

394 3025 605 3080 videns
624 3025 908 3081 Dominus
942 3044 1114 3083 suum
1151 3028 1497 3101 ﬁgmentum
1521 3033 1780 3091 dominio
1810 3035 1994 3091 teneri
2017 3052 2051 3092 a

394 3112 645 3183 diabolo,
679 3130 791 3169 non
826 3115 1111 3172 sustinuit
1134 3117 1188 3172 id
1214 3118 1543 3192 relinquere
1574 3124 1813 3181 omnino
1844 3142 2047 3198 expers

2170 1866 2453 1941 διάϐολος,
2500 1874 2773 1950 φθονήσας
2822 1874 2970 1945 αύτῷ
3012 1880 3112 1942 τῆς
3162 1870 3440 1947 διαγωγῆς
3483 1872 3685 1941 ταύτης
3733 1871 3833 1927 καὶ

2167 1967 2268 2029 τῆς
2310 1968 2502 2034 τιμῆς,
2569 1958 2639 2016 δι’
2704 1961 2917 2033 ἀπάτης
2986 1962 3144 2017 αὐτὸν
3211 1963 3528 2037 ὑπέρχεται,
3595 1962 3687 2016 καί
3746 1966 3833 2033 τῷ

2168 2051 2497 2121 πεποιηκότι
2549 2056 2917 2128 προσκροῦσαι
2980 2053 3397 2127 παρασκευάζει.
3442 2050 3679 2122 Θάνατος
3732 2048 3830 2104 οὗν

2167 2140 2202 2207 ἡ
2235 2138 2478 2215 τιμωρία
2526 2144 2604 2211 τῷ
2653 2139 3095 2215 πρωτοπλάστῳ,
3144 2141 3233 2195 καί
3264 2142 3299 2209 ἡ
3327 2145 3424 2195 τοῦ
3468 2136 3832 2215 παραδείσου,

2169 2226 2489 2301 οἷ’μοιίκαὶ
2536 2236 2635 2299 τῆς
2697 2237 2908 2307 τροφῆς
2966 2228 3177 2300 ἐκείνης
3230 2230 3565 2291 ἀπόπτωσις.
3626 2230 3705 2286 Οὗ
3755 2226 3828 2298 δὴ

2165 2318 2457 2394 γενομένου
2524 2316 2713 2387 πολλή
2761 2322 2841 2389 τῷ
2897 2317 3237 2391 πτερνίσαντι
3295 2312 3542 2389 διαϐόλῳ
3572 2320 3607 2387 ἡ
3648 2317 3827 2395 ὀφρῦς

2164 2404 2352 2481 ἤρετο,
2384 2407 2476 2462 ἅτε
2507 2403 2598 2462 διὰ
2640 2414 2741 2477 τῆς
2798 2406 3010 2477 ἀπάτης
3067 2407 3269 2477 ταύτης
3328 2405 3434 2461 ὕπὸ
3490 2412 3653 2481 χεῖρα
3716 2404 3829 2460 λα-

2163 2488 2315 2549 ϐόντι
2344 2494 2434 2549 τὸν
2469 2492 2781 2571 ἄνθρωπον,
2828 2495 2917 2549 καὶ
2962 2494 3015 2550 τί
3052 2495 3147 2567 μὶν
3196 2493 3258 2549 οὐ
3308 2497 3558 2549 ποιοῦντι
3606 2493 3820 2561 κακόνς

2160 2584 2299 2658 Ποίῃ
2329 2581 2387 2638 δὲ
2438 2583 2641 2658 πλάνῃ,
2699 2585 2790 2639 καὶ
2850 2581 3095 2640 εἰδώλων
3158 2588 3368 2658 μιαρῶν
3428 2585 3821 2659 προσκυνήσει.

2158 2673 2248 2729 καὶ
2281 2671 2469 2728 ἄλλων
2520 2674 2760 2749 ἑρπετῶν
2807 2671 2897 2729 καί
2942 2670 3235 2729 κνωδάλων
3282 2672 3395 2751 οὐχ
3444 2668 3822 2728 ὑποϐάλλοντι

2160 2767 2388 2839 σφαγαῖς
2453 2783 2512 2817 τε
2571 2763 2888 2837 ἀνθρώπων,
2943 2759 3194 2836 δαίμοσιν
3254 2761 3333 2824 εἰς
3401 2762 3583 2827 θυσίαν
3646 2781 3824 2835 προσ-

2159 2850 2468 2926 αγομένων,
2502 2855 2742 2926 χρῆσθαι
2774 2848 3078 2908 διδάσκοντι
3131 2852 3221 2906 καί
3269 2852 3405 2925 πρὸς
3449 2853 3695 2918 τούτοις,
3743 2849 3827 2913 εἰς

2157 2942 2226 2995 τὰ
2254 2942 2400 3011 πάθη
2434 2948 2532 3011 τῆς
2562 2940 2781 3015 ἀτιμίας
2810 2939 3060 3004 ἐλεεινῶς
3103 2940 3263 2996 αὐτὸν
3316 2937 3577 3011 ἓλγοντις
3626 2938 3822 3001 Οὕτως

2160 3027 2253 3084 οὖν
2333 3030 2438 3085 ὑπὸ
2503 3034 2600 3085 τοῦ
2675 3025 2942 3086 διαϐόλου
3017 3031 3427 3105 κεκυριευμένον
3486 3030 3547 3084 τὸ
3614 3029 3820 3084 οἰκεῖον

2157 3120 2387 3190 πλάσμα
2419 3119 2447 3173 ὁ
2492 3119 2769 3189 Δεσπότης
2816 3118 2984 3193 ὁρῶν,
3034 3118 3134 3174 οὐκ
3183 3117 3445 3193 ἠνέσχετο
3490 3116 3626 3193 πρὸς
3674 3113 3819 3170 ἅπαν

391 3201 634 3269 auxilii;
669 3204 771 3258 sed
830 3202 1017 3276 legem
1074 3221 1308 3279 quoque
1358 3190 1536 3277 dedit,
1570 3227 1696 3283 quae
1755 3190 2043 3272 malorum

2163 3206 2478 3262 καταλιπεῖν
2507 3204 2846 3280 ἀϐοήθητον,
2877 3207 3026 3264 ἀλλά
3054 3210 3143 3264 καὶ
3174 3210 3340 3284 νόμον
3371 3207 3541 3266 ἔδωκε
3572 3211 3669 3272 τὰς
3700 3215 3813 3265 τῶν

391 3290 746 3362 reprimebat
766 3292 1059 3365 impetus;
1088 3299 1146 3350 et
1176 3296 1337 3353 misit
1365 3300 1701 3372 praphetas,
1735 3306 1836 3375 qui
1868 3306 2038 3361 doce-

390 3379 556 3447 bant,
578 3394 888 3450 quemnam
910 3388 1177 3455 oporteat
1211 3386 1533 3457 adorare”,
1548 3394 1605 3446 et
1645 3392 1795 3448 viam
1818 3393 2043 3451 indica-

392 3465 535 3523 bant
574 3468 804 3526 salutis.
834 3472 1155 3544 Postquam
1187 3480 1382 3532 autem
1424 3478 1571 3535 vidit
1619 3495 1734 3537 non
1774 3483 2043 3540 sufﬁcere

393 3555 682 3613 auxilium
714 3558 991 3617 adversus
1027 3566 1218 3620 tantas
1250 3565 1389 3621 mali
1416 3566 1587 3638 vires,
1618 3570 1806 3627 victus
1837 3588 1871 3627 a
1912 3589 2044 3643 pro-

390 3644 531 3716 priis
576 3646 923 3719 visceribus,
959 3659 1193 3724 propter
1248 3654 1339 3709 sui
1389 3656 1655 3729 ﬁgmenti
1715 3659 2042 3732 interitum,

396 3735 495 3790 dat
521 3734 688 3791 illum
723 3737 915 3809 ipsum
937 3756 1109 3797 suum
1144 3741 1352 3799 Filium
1388 3746 1755 3817 unigenitum
1792 3757 1883 3805 :et
1913 3752 2046 3808 effe-

396 3823 475 3879 cit
504 3828 568 3879 ut
598 3824 698 3881 ﬁat
726 3826 923 3895 homo,
949 3829 1103 3886 sicut
1127 3847 1254 3897 nos,
1279 3847 1411 3889 cum
1437 3850 1543 3890 nec
1564 3835 1757 3908 ipsum
1777 3838 2042 3913 quidem,

395 3913 548 3981 quod
582 3913 737 3971 Deus
768 3921 941 3986 esset,
975 3920 1322 3999 perdidisset
1364 3939 1378 3976 ι
1414 3930 1476 3977 ut
1504 3930 1782 3995 praetextu
1826 3929 2042 3999 carnis,

393 4010 450 4056 et
479 4001 742 4059 humana
772 4005 949 4061 forms
976 3994 1443 4075 inescaret'eum,
1464 3994 1563 4082 qui
1588 4030 1695 4069 nos
1718 4015 2041 4086 deceperat,

394 4093 459 4144 ut
492 4090 631 4145 dum
656 4100 885 4161 putaret
914 4109 977 4149 se
1007 4092 1305 4153 hominem
1330 4102 1663 4171 aggredi,in
1689 4105 1866 4158 Deum
1892 4104 2041 4161 inci-

392 4178 574 4233 deret.
609 4178 769 4242 Quod
831 4182 1009 4239 etiam
1040 4187 1249 4243 evenit.
1298 4186 1443 4243 Nam
1487 4206 1618 4245 cum
1670 4191 2041 4250 invadentem

388 4265 696 4343 inimicum
729 4268 782 4323 vi
832 4271 1087 4342 vicisset,
1121 4274 1290 4331 nobis
1340 4276 1493 4333 hanc
1552 4278 1713 4336 dedit
1745 4280 2041 4339 victoriam

390 4370 495 4426 per
513 4372 752 4413 carnem
773 4374 841 4415 ex
863 4361 1033 4419 nobis
1053 4369 1438 4437 assumptam.
1460 4368 1569 4424 Sed
1595 4386 1666 4426 ne
1695 4371 1781 4427 sic
1802 4372 2038 4444 quidem

390 4444 678 4502 abstinuit
699 4446 1065 4507 adversarius
1082 4453 1154 4508 ab
1172 4454 1360 4512 amica
1387 4457 1496 4513 sibi
1522 4458 1903 4533 malignitate.
1928 4461 2041 4518 Sed

2153 3296 2375 3375 φαύλων
2447 3297 2622 3371 ὁρμὰς
2695 3295 3085 3369 ἀνακὸπτοντα,
3163 3299 3252 3354 καί
3342 3302 3626 3379 προφήτας
3702 3301 3817 3354 ἀπ-

2152 3384 2381 3459 έστειλε,
2426 3386 2549 3441 τίνα
2605 3383 2687 3441 δεῖ
2736 3393 3056 3463 προσκυνεῖν
3114 3385 3486 3459 διδάσκοντας,
3550 3390 3641 3444 καί
3708 3390 3814 3457 τήν

2152 3481 2249 3543 τῆς
2283 3472 2555 3547 σωτηρίας
2598 3471 3018 3538 ὓποδεικνύντας
3059 3473 3206 3534 ὁδὸν.
3264 3478 3414 3535 Ἐπεὶ
3468 3474 3525 3532 δὲ
3577 3478 3653 3550 μή
3696 3477 3813 3551 ’ἀρ-

2150 3566 2350 3617 κοῦσαν
2408 3557 2606 3618 ἔϐλεπε
2660 3566 2759 3633 τήν
2813 3566 3070 3639 βοήθειαν
3118 3567 3254 3643 πρὸς
3309 3566 3578 3636 τοσαύτην
3623 3566 3805 3642 ῥύμην

2152 3656 2339 3711 κακοῦ.
2373 3654 2692 3725 ἡττώμενος
2746 3659 2855 3710 τῶν
2906 3656 3125 3712 οἰκείων
3178 3655 3512 3735 σπλάγχνων
3565 3654 3655 3710 διά
3699 3658 3800 3725 τὴν

2150 3745 2247 3795 τοῦ
2278 3738 2419 3796 ἰδίου
2450 3741 2773 3815 πλάσματος
2824 3744 2909 3799 ἐπὶ
2969 3743 3241 3800 πλεῖστων
3292 3743 3594 3813 ἀπώλειαν,
3642 3743 3804 3799 αὐτὸν

2152 3830 2354 3884 ἐκεῖνον
2383 3830 2474 3884 τὸν
2528 3831 2650 3885 Υἱὸν
2718 3831 2883 3887 αὐτοῦ
2951 3830 3141 3888 δίδωσι
3206 3828 3298 3888 τὸν
3355 3840 3640 3908 μονογενῆ
3711 3832 3806 3887 καί

2152 3919 2268 3974 καθ’
2313 3920 2459 3990 ἡμᾶς
2518 3917 2679 3974 αὐτὸν
2740 3917 3019 3996 ἄνθρωπον
3082 3922 3323 3999 γενέσθαι
3384 3922 3805 3995 παρασκευάζει,

2156 4005 2289 4085 μηδ’
2318 4007 2452 4062 αὐτὸ
2498 4008 2561 4063 τὸ
2612 4008 2743 4064 εἶναι
2804 4011 2933 4075 Θεὸς
2981 4007 3385 4082 ἀποὸεληκότα·
3433 4009 3524 4065 ἵνα
3568 4015 3648 4083 τῷ
3705 4017 3809 4081 τῆς

2153 4103 2347 4178 σαρκὸς
2404 4094 2764 4175 προϐλήματι
2823 4101 2912 4157 καὶ
2960 4105 3030 4176 τῇ
3087 4102 3401 4177 ἀνθρωπίνῃ
3464 4105 3650 4178 μορφῇ
3709 4104 3807 4158 τὸν

2152 4193 2303 4265 ἡμᾶς
2357 4194 2707 4264 ἀπατήσαντα
2760 4188 3013 4265 δελεάσῃ,
3072 4190 3162 4245 καὶ
3222 4190 3496 4265 ἀνθρώπῳ
3553 4190 3810 4264 οῗόμενος

2151 4279 2512 4355 προσϐαλεῖν.
2572 4284 2689 4353 Θεῷ
2736 4279 3023 4354 περιπέσῃ.
3065 4280 3133 4336 Ὅ
3183 4277 3250 4348 δὴ
3292 4279 3381 4334 καὶ
3430 4279 3645 4354 γέγονε.
3699 4279 3805 4336 Καὶ

2148 4372 2240 4425 τὸν
2284 4370 2479 4448 ἐχθρὸν
2530 4365 2909 4447 προσϐαλόντα
2966 4369 3297 4443 κατακράτος
3348 4370 3648 4440 νενικηκὼς
3698 4372 3802 4439 τήν

2149 4465 2305 4537 νίκην
2333 4466 2534 4536 ταύτην
2567 4468 2703 4537 ἡμῖν
2754 4461 2843 4519 διὰ
2890 4465 2989 4532 τῆς
3042 4460 3489 4542 προσληφθείσης
3540 4463 3588 4533 ἐξ
3634 4466 3799 4537 ἡμῶν

388 4550 524 4590 cum
556 4535 774 4593 videret
795 4537 1011 4597 multos
1044 4542 1255 4599 attrahi
1278 4546 1346 4600 ad
1374 4547 1729 4619 agnitionem
1752 4551 2031 4620 veritatis,

2163 4535 2342 4628 παρκὸς
2396 4535 2731 4629 ἐδωρήσατο.
2783 4549 2941 4608 Ἀλλι
2989 4535 3116 4607 ούδέ
3168 4535 3344 4615 οὕτως
3390 4553 3648 4628 ἀπείχετο
3680 4535 3799 4624 τῆς

386 4628 508 4681 tam
542 4624 615 4681 iis
664 4642 793 4697 quis
826 4629 1090 4696 docebat,
1122 4648 1297 4703 quam
1331 4634 1425 4701 iis,
1458 4652 1585 4708 quas
1632 4639 1899 4708 faciebat,
1935 4642 2032 4697 mi-

2163 4624 2309 4714 ῖίλης
2364 4645 2516 4715 αὐτῷ
2562 4642 2751 4706 κακίας
2798 4643 2826 4696 ὁ
2884 4641 3277 4714 ἀντικείμενος·
3320 4640 3446 4697 ἀλλ’
3496 4643 3611 4697 ἐπεὶ
3651 4644 3798 4716 ἑώρα

386 4714 621 4783 raculis,
646 4731 830 4772 caecos
852 4716 1216 4792 illuminans,
1234 4725 1291 4777 et
1312 4728 1570 4781 mortuos
1595 4728 1907 4796 suscitans,
1935 4748 2034 4802 pa-

2163 4731 2388 4795 πολλοὺς
2436 4714 2573 4809 πρὸς
2603 4735 2703 4801 τήν
2760 4738 2859 4801 τῆς
2918 4729 3177 4801 ἀληθείας
3225 4731 3515 4805 ἐπίγνωσιν
3560 4714 3796 4809 ἐφελκό-

386 4800 659 4873 ralyticos
690 4802 1048 4862 conﬁrmans
1079 4822 1145 4862 ac
1177 4810 1559 4868 corroborans
1588 4820 1639 4869 et
1674 4830 1885 4871 curans
1916 4800 2034 4873 dae-

2163 4841 2322 4892 ιενον,
2355 4823 2442 4885 οἷς
2480 4800 2547 4875 ’τε
2605 4817 2871 4891 ἐδίδασκε,
2927 4819 3015 4874 καὶ
3076 4820 3161 4881 οἷς
3218 4817 3386 4874 ἐτέλει
3446 4817 3796 4895 παραδόξοις,

385 4891 687 4948 moniacos
717 4891 783 4961 ²⁰,
808 4898 997 4951 movet
1028 4894 1253 4967 ingeum
1286 4914 1473 4971 genus
1503 4902 1858 4972 Judaaorum,
1892 4908 2033 4964 invi-

2172 4909 2377 4990 υφλούς
2408 4931 2466 4966 τε
2496 4911 2773 4988 φωτίζων,
2824 4907 2915 4964 καί
2964 4907 3187 4981 νεκροὺς
3238 4909 3493 4980 ἀνιστῶν,
3545 4909 3799 4984 παραλύ-

385 4978 484 5035 dia
513 4996 751 5038 movens
789 4981 1089 5054 improbas
1121 4984 1253 5042 illas
1292 4990 1537 5047 animas.
1571 4994 1639 5048 Et
1682 4996 2036 5070 cruciﬁgunt

2163 4978 2265 5061 λούς
2333 4999 2613 5073 ρωννύων,
2671 4998 2761 5052 καί
2821 4994 3189 5070 δαιμονῶντας
3250 4995 3504 5069 ἰώμενος,
3565 4999 3627 5052 τὸ
3683 5001 3795 5052 τῶν

387 5068 644 5149 quidem,
698 5085 834 5126 cum
882 5070 1165 5130 volentem
1213 5080 1813 5159 comprehendissent,
1861 5068 2036 5144 subli-
2142 5068 2622 5162 ’lpuaat'quévo;
2662 5086 2974 5159 ,κινέῖκατβ
3022 5083 3443 5171 ᾳύξοῦ,ῗφθόνῳ
3482 5086 3595 5171 ,τὰς
3624 5106 3801 5169 πονη-

390 5155 561 5259 miori
594 5158 968 5233 permittente
992 5163 1449 5237 providentia,et
1471 5156 1653 5241 merte
1675 5150 1942 5234 afﬁciunt
1964 5177 2052 5259 “.1

2163 5174 2255 5239 νὰς
2307 5150 2510 5245 ἐκεῖνος
2554 5168 2765 5255 ’ψυχὰς
2835 5168 3155 5259 βεϐληκώῄ
3200 5166 3662 5259 καίψσταύρούσι
3694 5174 3813 5249 μὲν,

392 5237 510 5300 Ηοο
532 5242 689 5319 enim
709 5249 922 5311 factum
947 5254 1253 5331 estpotius
1273 5258 1343 5314 ad
1368 5250 1691 5319 extremum
1718 5243 2052 5325 adversarii4

392 5330 621 5359 ...ἀεικές
685 5336 737 5359 ιι
774 5332 841 5359 -3
878 5357 899 5359 α
925 5342 1005 5359 dl-
1074 5352 1083 5359 .
1274 5334 1277 5347 λ
1326 5349 1337 5359 .
1476 5348 1479 5351 -
1652 5351 1664 5359 .
1885 5356 1931 5359 υ

2226 5237 2599 5251 ,
2747 5237 3713 5259 ν....νςγ*«-η...

2163 5252 2332 5341 τκόντα
2362 5237 2745 5339 lota-T395553
2788 5242 3525 5359 οἰκονομὶἐξῧεῦιξηλφῑέράνι
3563 5260 3653 5335 καὶ
3702 5276 3803 5353 ea:

385 5330 647 5411 exitium,
683 5336 741 5393 st
771 5332 843 5395 ad
875 5342 1188 5417 perfectam
1211 5334 1859 5419 nostram'erectionem.
1884 5356 2026 5413 Nam

2163 5330 2380 5429 arcum.
2410 5336 2587 5431 Τούτο
2618 5344 3017 5439 γάρῌμᾷξζλον,
3038 5334 3112 5427 εἰς
3151 5330 3411 5439 πάν-τελῇ..
3450 5348 3685 5441 “fieri,
3708 5348 3809 5451 ἂνξ.

420 5624 426 5638 ῃ
458 5516 671 5638 ξ’.
706 5566 743 5616 ι,
777 5550 865 5609 26.
913 5551 1018 5638 M“
1044 5553 1185 5638 gen.
1220 5538 1282 5627 ii,
1319 5557 1447 5638 15:_
1505 5560 1548 5638 '7
1576 5512 1719 5621 Gen:
1753 5534 1837 5632 in:
1868 5563 1959 5621 24.
2031 5637 2034 5638 ν

2163 5512 2308 5626 tom.
2342 5583 2383 5636 ι,
2612 5514 2872 5626 Exod.
2920 5524 3114 5637 ιιίέ.
3217 5528 3655 5638 ὕΜιιῐιΙιδιίι,
3705 5566 3798 5625 24.

385 5621 429 5657 ¹¹
464 5620 671 5679 Matth.
704 5624 1019 5709 κινηρὃ
1049 5625 1226 5711 Marc.
1248 5620 1451 5711 νὴ,ιῇ
1474 5650 1489 5705 ;
1512 5635 1655 5719 Luc.
1689 5620 1988 5721 xxii—1'33}
2015 5637 2049 5709 J

2168 5620 2461 5715 7:73.55;

2692 5696 2747 5723 ~l
2828 5710 2837 5725 η·
2908 5702 2927 5715 ν
3000 5694 3077 5723 in?
3118 5696 3159 5709 "
3262 5704 3267 5711 ·
3414 5702 3421 5705 ·
3470 5688 3593 5729 ,τέ-,ι
3624 5688 3647 5721 ίν
3724 5686 3739 5713 ί
