4144 6184
434 302 550 363 895

1730 304 2013 369 MENSIS
2059 303 2542 369 SEPTEMBER.

3715 310 3835 368 896

430 469 552 517 tem
589 464 723 519 hinc
754 463 1027 520 evidens:
1074 486 1095 513 ι
1131 463 1514 521 Tolerabilius
1561 466 1715 521 enim
1749 466 1857 523 erit
1887 467 2049 523 Sodo‘

2183 463 2368 534 Δῆλον
2401 462 2450 518 δ’
2480 464 2737 530 ἐντεῦθεν·
2775 490 2802 518 ‹‹
2836 465 3215 540 Ἀνεκτότερον
3247 464 3348 541 γάρ
3380 463 3526 521 ἔσται
3562 464 3836 540 Σοδόμοις

434 553 549 609 mis
583 553 643 608 in
677 553 769 608 die
794 552 1026 623 judicii,
1076 569 1253 624 quam
1305 553 1519 610 civitati
1560 555 1629 624 ³⁷,
1661 578 1690 604 ››
1723 557 1931 629 inquit,
1963 556 2068 624 illi,

432 659 559 715 quae
594 659 708 698 non
752 643 963 715 accipit
1007 644 1138 699 fidei
1185 644 1397 700 Christi
1451 645 1936 717 praedicationem.
1982 646 2072 702 Sic

427 732 584 788 enim
619 733 970 800 ostenditur,
997 750 1110 788 non
1145 734 1408 791 sufﬁcere
1434 735 1769 803 Sodomitis,
1795 737 1948 807 quod
1982 739 2072 792 est

423 822 517 876 hic
544 822 924 893 supplicium,
956 822 1005 877 si
1023 838 1250 892 eorum,
1276 840 1402 894 quas
1430 832 1831 896 peccaverunt,
1856 825 2068 881 habea-

424 915 519 966 tur
549 911 736 980 ratio;
770 913 871 968 sed
904 911 1093 968 adhuc
1122 913 1243 968 illic
1275 919 1592 970 reservatur
1623 916 1728 970 faex
1757 915 2070 986 calicisju-

424 1000 558 1056 dioii
590 1001 714 1057 Dei.
751 1003 908 1067 Quod
942 1002 990 1058 si
1023 1001 1322 1058 nonnullis
1345 1020 1574 1076 quoque
1596 1005 1778 1074 justis
1809 1005 2067 1060 inferun-

426 1094 525 1144 tur
553 1090 760 1145 acerba
793 1091 1056 1162 quasdam
1089 1098 1142 1148 el
1164 1108 1370 1162 aspera
1399 1092 1458 1147 in
1490 1093 1760 1164 praesenti
1793 1092 1928 1160 vita,
1964 1093 2071 1148 mi-

425 1179 576 1235 nime
608 1183 698 1235 est
720 1180 1052 1236 mirandum
1078 1197 1091 1234 :
1126 1197 1191 1236 ea
1214 1181 1368 1236 enim
1389 1185 1528 1237 sunt
1551 1183 1809 1254 probatio
1832 1182 2067 1238 virtutis

427 1284 604 1340 quam
637 1267 1010 1340 collegerunt,
1047 1273 1147 1326 aut
1187 1271 1358 1326 etiam
1412 1270 1752 1327 delictorum
1785 1287 2064 1343 quorum-

421 1357 555 1412 dam
598 1358 845 1427 punitio,
888 1375 988 1430 per
1038 1375 1164 1430 quae
1215 1359 1450 1430 penitus
1499 1361 1818 1424 emundati,
1862 1360 2068 1416 mundi

423 1445 662 1502 omnino
693 1447 1176 1504 transmittuntur
1209 1448 1278 1503 ad
1302 1449 1502 1516 vitam,
1537 1466 1663 1520 qua
1696 1448 1814 1505 illic
1837 1454 1945 1506 est.
1968 1449 2070 1504 Est

425 1551 560 1606 ergo
591 1535 756 1591 vobis
788 1553 1020 1608 quoque
1055 1539 1404 1594 studendem
1438 1555 1510 1595 ne
1541 1539 1710 1596 stetis
1742 1557 1774 1595 a
1804 1540 2065 1610 partibus

423 1640 624 1680 eorum
657 1624 757 1696 qui
787 1627 1112 1697 puniuntur
1143 1632 1376 1700 prOpter
1396 1633 1671 1700 peccata;
1704 1631 1802 1686 sed
1837 1644 1904 1685 ex
1935 1645 2063 1699 par-

419 1714 582 1770 tibus
609 1731 833 1786 eorum,
866 1716 966 1788 qui
998 1716 1113 1774 Deo
1144 1717 1395 1790 placent,
1421 1726 1475 1774 et
1503 1723 1715 1776 aaterna
1745 1734 2063 1790 consequa-

423 1802 568 1857 mini
601 1803 860 1874 praemia.
911 1805 1111 1861 Eft‘ecti
1161 1806 1314 1862 enim
1368 1807 1507 1864 estis
1557 1825 1698 1864 vasa
1744 1807 2063 1879 electionis,

419 1905 551 1946 cum
589 1892 704 1948 Deo
745 1893 1149 1964 credideritis;
1197 1895 1530 1953 efﬁciemini
1561 1901 1756 1953 autem
1797 1897 2055 1968 perfecti,

414 1980 609 2038 divino
629 1980 915 2054 baptismo
939 1983 1252 2040 illuminati
1279 2003 1292 2052 ;
1315 1986 1647 2042 efficiemini
1665 1986 1919 2058 denique
1935 2002 2061 2057 per-

413 2068 706 2136 fectiores,
739 2071 786 2126 si
819 2073 1081 2142 martyrii
1113 2089 1343 2129 cursum
1378 2074 1507 2130 forti
1555 2079 1611 2130 et
1653 2073 1826 2130 alacri
1864 2075 2056 2132 animo

415 2160 724 2230 peragatis.
769 2160 1005 2217 Stemus
1050 2179 1183 2234 ergo
1225 2179 1433 2235 magno
1476 2169 1534 2219 et
1578 2164 1803 2220 excelso
1835 2165 2054 2233 animo,

411 2247 642 2318 fideque
675 2249 886 2304 muniti
920 2251 1270 2308 resistamus
1302 2252 1554 2321 diabolo,
1579 2253 1834 2325 legitime
1865 2254 2056 2309 decer-

411 2338 626 2402 temus,
659 2336 1092 2411 fundamusque
1141 2349 1194 2397 et
1223 2346 1518 2398 vertamus
1549 2343 1930 2399 adversarios.
1962 2343 2056 2398 Sic

413 2425 566 2480 enim
605 2427 855 2484 maxima
884 2430 1124 2501 praemia
1147 2447 1574 2503 consequemur
1604 2449 1637 2490 a
1663 2431 1888 2489 Christo
1918 2447 2054 2503 ago-

411 2513 668 2570 notheta.

478 2604 607 2659 XII.
642 2607 771 2662 Haec
810 2615 862 2663 et
911 2608 1002 2666 his
1032 2609 1199 2681 plura
1238 2612 1460 2668 monita
1500 2612 1599 2668 diu
1648 2617 1937 2685 noctuque
1968 2612 2054 2670 eis

408 2691 551 2747 dans
582 2693 815 2752 divinus
838 2696 1218 2764 Callistratus,
1243 2701 1569 2772 docensque
1605 2704 1886 2772 tanquam
1916 2717 2054 2772 prae-

408 2789 601 2851 ceptor
631 2799 968 2856 puerorum,
1021 2788 1261 2858 parabat
1304 2795 1362 2844 et
1390 2789 1653 2845 animum
1701 2789 1951 2845 addebat
1978 2788 2050 2844 ad

406 2875 700 2927 certamen
720 2874 1108 2945 propositum.
1134 2876 1237 2931 Die
1259 2885 1452 2932 autem
1473 2878 1740 2949 sequenti
1764 2878 1880 2933 dux
1896 2893 2052 2933 exer-

407 2958 580 3028 citus,
609 2975 746 3016 cum
778 2962 837 3016 in
869 2963 1088 3034 insigni
1123 2967 1376 3034 quodam
1409 2965 1533 3022 loco
1565 2966 1815 3022 civitatis
1845 2981 2051 3038 praese-

407 3045 608 3115 disset,
660 3049 789 3117 ejus
837 3065 1067 3120 quoque
1117 3052 1429 3109 assistente
1477 3054 1754 3121 exercitu,
1806 3054 2051 3110 accersit

404 3133 723 3204 gloriosum
755 3137 1028 3194 victorem
1081 3139 1502 3206 Callistratum,
1535 3147 1593 3199 et
1629 3159 1748 3212 eos,
1783 3144 1882 3215 qui
1913 3159 2048 3200 cum

2183 553 2238 609 ἐν
2271 554 2454 630 ἡμέρᾳ
2482 554 2765 629 κρίσεωςῆ
2791 559 2860 629 τῇ
2886 554 3068 624 πόλει,
3095 579 3122 606 ››
3147 555 3302 633 φησὶ,
3325 560 3394 628 τῇ
3421 557 3525 628 μὴν
3553 552 3831 630 δεχομένῃ

2181 642 2243 696 τὸ
2328 646 2425 712 τῆς
2523 649 2755 717 Χριστοῦ
2848 647 3082 706 πίστεως
3172 645 3454 718 κήρυγμα.

2181 732 2283 806 γὰρ
2360 732 2532 793 οὕτως
2609 735 2692 788 ὃτι
2770 736 2845 805 μή
2923 734 3160 808 ἀρκοῦσα
3233 733 3558 806 Σεδομίταις
3635 736 3669 804 ἡ
3748 733 3834 787 ἔν-

2178 823 2348 876 ταῦθα
2421 822 2646 885 κόλασις
2719 824 2855 899 πρὸς
2921 822 3219 897 ἀναλογίας
3283 824 3356 876 ὧν
3421 825 3831 898 ἡμαρτήκασιν,

2182 909 2310 965 ἀλλ’
2346 913 2373 966 6
2403 913 2632 988 τρυγίας
2661 908 2738 968 ἔτι
2770 918 2866 968 τοῦ
2898 913 3166 988 ποτηρίου
3194 919 3297 982 τῆς
3347 913 3443 967 τοῦ
3493 917 3627 969 Θεοῦ
3668 911 3828 983 δίκης

2180 1000 2292 1055 ἐκεῖ
2321 1009 2682 1076 συντηρεῖται.
2729 1003 2790 1059 Εἰ
2840 1000 2896 1057 δὲ
2943 1002 3031 1058 καὶ
3082 1000 3312 1064 δικαίοις
3340 1002 3479 1057 τισὶν
3537 1003 3832 1077 ἐπάγονται

2180 1087 2420 1166 δυσχερῆ
2466 1093 2602 1147 κατᾶ
2646 1092 2737 1146 τὸν
2789 1088 3025 1167 παρὸντα
3078 1092 3217 1167 βίον,
3272 1091 3564 1164 θαυμάζειν
3597 1090 3659 1147 οῦ
3691 1098 3826 1167 χρη.

2180 1177 2430 1252 δοκίμιον
2479 1181 2580 1256 γάρ
2631 1181 2739 1236 ἐστι
2788 1187 2956 1237 ταῦτα
3003 1181 3093 1236 καὶ
3138 1182 3389 1256 βάσανος,
3432 1183 3497 1249 ἧς
3547 1182 3828 1251 συνέλεξαν

2177 1268 2395 1344 ἀρετῆς,
2455 1271 2543 1324 καὶ
2595 1271 2924 1348 σφαλμάτων
2969 1275 3130 1325 τινῶν
3173 1264 3399 1337 ἔκτισις,
3439 1267 3506 1324 δι’
3554 1269 3628 1324 ὧν
3677 1270 3827 1334 δλως

2177 1358 2635 1435 ἀπορῥυφθέντος,
2688 1361 2911 1436 καθαροὶ
2987 1361 3290 1416 παντάπασι
3338 1363 3418 1431 τῷ
3466 1359 3661 1415 ἐκεῖθεν
3721 1381 3826 1415 πα-

2177 1447 2550 1523 ραπέμπονται
2609 1450 2730 1526 βίῳ·
2778 1451 2880 1508 Καὶ
2940 1448 3067 1523 ύμῖν
3115 1455 3407 1526 τοιγαροῦν
3458 1447 3822 1506 σπουδαστέον

2178 1540 2254 1610 μή
2281 1542 2390 1593 τῶν
2423 1536 2512 1594 διὰ
2543 1541 2807 1616 ἁμαρτίας
2825 1538 3236 1613 κολαζομένων,
3265 1537 3410 1594 ἄλλα
3436 1545 3535 1609 τῆς
3561 1543 3669 1594 τῶν
3699 1539 3826 1594 εὐα-

2175 1626 2507 1700 ρεστούντων
2580 1633 2659 1701 τῷ
2735 1629 2849 1701 Θεῷ
2915 1628 3155 1702 γενέσθαι
3234 1625 3481 1703 μερίδος,
3547 1628 3636 1682 καὶ
3711 1633 3820 1682 τῶν

2172 1717 2408 1772 αἰωνίων
2451 1719 2740 1787 ἀξιωθῆναι
2806 1723 3000 1795 γερῶν.
3052 1718 3227 1789 Σκεύη
3283 1718 3378 1790 μὲν
3435 1717 3536 1794 γάρ
3585 1717 3822 1792 ἐκλογῆς

2173 1806 2456 1882 γεγόνατε,
2503 1807 2884 1871 πιστεύσαντες
2939 1808 3019 1877 τῷ
3077 1811 3214 1880 Θεῷ⁴
3267 1803 3445 1862 τέλεοι
3498 1804 3554 1862 δὶ
3600 1809 3824 1881 γενήσε-

2173 1907 2281 1963 σθε,
2314 1900 2393 1967 τῷ
2436 1896 2564 1969 θείῳ
2618 1896 2951 1972 βαπτίσματι
2983 1897 3372 1975 φωτιζόμενοι,
3414 1897 3459 1951 εί
3509 1893 3563 1952 δὲ
3611 1895 3824 1952 τελεώ-

2167 2005 2316 2061 τεροι
2345 1984 2509 2040 πάλιν
2543 1984 3021 2061 ἀναδειχθήσεσθε,
3063 1987 3154 2042 τὸν
3201 1991 3296 2041 τοῦ
3345 1985 3641 2061 μαρτυρίου
3688 1984 3825 2060 δρό-

2172 2095 2274 2147 μον
2315 2075 2572 2154 εύῴὺχως
2603 2077 2689 2131 καὶ
2747 2073 3012 2150 ἀνδρικῶς
3060 2073 3385 2139 διανύοντες.
3424 2080 3646 2150 Στῶμεν
3697 2096 3819 2130 τοι·

2165 2168 2367 2239 γαροῦν
2427 2165 2710 2239 γενναίως,
2777 2169 2845 2239 τῇ
2903 2165 3081 2220 πίστει
3147 2164 3606 2240 περιφραξάμενοι
3671 2166 3812 2221 ἀντι·

2166 2258 2378 2326 στῶμεν
2408 2259 2489 2327 τῷ
2521 2251 2787 2328 διαϐόλῳ,
2836 2275 3090 2328 νομιμως
3141 2252 3488 2327 ἀθλήσωμεν,
3545 2255 3634 2308 καὶ
3681 2256 3819 2316 τοὺς

2165 2343 2432 2400 ἐναντίους
2465 2347 2837 2424 στρεφώμεθα·
2898 2346 3043 2400 οὕτω
3091 2345 3195 2420 γὰρ
3242 2347 3332 2400 καὶ
3379 2351 3488 2400 τῶν
3541 2345 3813 2422 μεγίστων

2165 2432 2348 2489 ἄθλων
2377 2437 2523 2510 παρά
2549 2440 2646 2490 τοῦ
2678 2434 3011 2509 ἀγωνοθέτου
3050 2437 3288 2508 Χριστοῦ
3317 2434 3631 2510 τευξόμεθα.

3550 645 3831 699 Δείκνυται

2236 2615 2336 2671 ΙΒ’.
2378 2616 2556 2671 Ταῦτα
2585 2611 2916 2670 καὶτούτων
2966 2613 3193 2670 πλείονα
3242 2611 3330 2669 διὰ
3377 2615 3556 2686 πάσης
3599 2615 3814 2688 ἡμέρας

2161 2725 2220 2760 τε
2265 2703 2354 2760 καὶ
2410 2707 2509 2771 τῆς
2556 2705 2744 2767 νυκτὸς
2795 2705 2823 2759 6
2882 2706 3028 2767 θεῖος
3079 2703 3489 2780 Καλλίστρατος
3548 2707 3816 2760 νουθετῶν

2162 2792 2357 2856 αὐτοὺς
2397 2792 2488 2849 καί
2519 2791 2810 2864 διδάσκων,
2844 2795 2932 2850 οἷά
2967 2816 3050 2859 τις
3095 2789 3485 2870 παιδοτρίϐης,
3535 2795 3667 2869 πρὸς
3717 2797 3811 2851 τὸν

2159 2884 2518 2957 προκείμενον
2578 2882 2804 2961 εἴληφεν
2855 2884 3057 2959 ἀγῶνα.
3119 2886 3204 2958 Τῇ
3255 2881 3312 2938 δὲ
3358 2884 3536 2956 ἒξηρό
3577 2904 3813 2960 στρατη-

2161 2971 2352 3042 λάτης,
2386 2968 2438 3027 ἕν
2471 2993 2577 3028 τινι
2607 2973 2761 3047 τόπῳ
2789 2978 3072 3049 περιφανεῖ
3091 2979 3189 3042 τῆς
3209 2971 3426 3037 πόλεως
3455 2974 3811 3047 προκαθίσας,

2158 3061 2568 3137 παρισταμένης
2614 3061 2762 3135 αὐτῷ
2809 3061 2899 3117 καὶ
2945 3069 3045 3132 τῆς
3093 3067 3368 3135 στρατιᾶς,
3409 3063 3501 3117 τὸν
3558 3061 3814 3118 καλλίνι-

2158 3171 2253 3206 κον
2289 3147 2688 3224 μεταὸάλλεται
2729 3149 3155 3228 Καλλίστρατον,
3205 3150 3297 3206 καὶ
3347 3153 3474 3214 τοὺς
3516 3153 3607 3207 σὺν
3655 3153 3811 3225 αῦτῷ

401 3222 507 3318 illo
536 3228 724 3318 erant,
758 3231 1061 3296 martyres.
1095 3230 1202 3295 Qui
1235 3246 1367 3286 cum
1402 3231 1671 3304 producti
1701 3236 1925 3289 essent:
1954 3233 2049 3288 Dic

2166 3222 2460 3315 μάρτυρας.
2501 3237 2691 3310 Ὧνδή
2724 3240 2811 3294 καὶ
2864 3222 3273 3315 παραστάντων,
3326 3241 3464 3318 Λέγε
3516 3261 3637 3314 μοι,
3677 3222 3808 3318 ἔφην.

405 3309 573 3378 mihi,
608 3312 823 3384 inquit,
871 3314 1219 3386 Callistrate,
1270 3323 1402 3377 tene
1444 3321 1640 3378 ethos
1671 3321 2048 3392 admonuisti,

404 3404 472 3453 ut
501 3400 613 3456 diis
645 3403 1004 3476 sacrificetis,
1036 3410 1092 3463 et
1122 3408 1194 3463 ab
1234 3409 1614 3467 intolerandis
1653 3412 1954 3469 tormentis
1984 3412 2050 3467 li-

405 3488 692 3547 beremini
711 3493 739 3547 ?
766 3509 841 3550 an
872 3494 1062 3552 adhuc
1093 3496 1151 3552 in
1176 3498 1353 3569 priori
1377 3501 1688 3572 persistitis
1711 3501 2049 3558 inobedien-

402 3578 485 3633 tia
503 3579 795 3652 ?,Magnus
817 3588 1010 3640 autem
1035 3585 1426 3646 Callistratus:
1450 3589 1530 3647 De
1551 3590 1767 3663 meipso
1789 3591 2045 3662 quidem,

400 3666 567 3737 dixit,
620 3669 693 3726 do
742 3686 1114 3742 responsum,
1167 3679 1322 3748 quod
1357 3694 1545 3750 neque
1572 3696 1704 3736 sum
1737 3681 2044 3737 honestam

403 3755 770 3816 inﬁciaturus
793 3763 1237 3832 confessionem,
1261 3783 1451 3840 neque
1472 3769 1616 3825 mihi
1638 3772 1897 3841 persuasi
1923 3787 2044 3827 om-

2160 3329 2556 3405 Καλλίστρατε,
2614 3331 2995 3403 νενουθέτηκας
3043 3333 3239 3387 σαυτόν
3304 3353 3363 3386 τε
3417 3332 3507 3386 καὶ
3559 3332 3808 3405 τούτους,

2159 3419 2298 3475 ὥστε
2363 3421 2516 3474 θῦσαι
2583 3425 2700 3482 τοῖς
2765 3423 2934 3491 θεοῖς,
3001 3421 3089 3477 καὶ
3160 3421 3404 3494 βασάνων
3469 3420 3805 3476 ἀνυποίστων

2157 3508 2563 3586 ἀπαλλαγῆναι,
2597 3509 2633 3580 ἤ
2664 3509 2741 3566 ἔτι
2787 3513 2886 3580 τῆς
2932 3510 3198 3586 προτέρας
3248 3508 3438 3587 ἔχεσθε
3485 3510 3805 3583 ἆπειθείαςς

2156 3597 2317 3656 Καὶὸ
2355 3602 2523 3675 μέγας
2588 3598 3025 3676 Καλλίστρατος.
3067 3603 3196 3676 Περὶ
3249 3602 3343 3674 μὲν
3411 3622 3671 3674 εμαυτου,
3721 3600 3807 3656 εἶ’-

2157 3708 2308 3764 ρηκε,
2337 3692 2438 3760 τὴν
2481 3691 2766 3765 ἀπόκρισιν
2797 3688 3024 3765 δίδωμι,
3056 3691 3131 3754 ὼς
3164 3691 3285 3746 οὕτε
3320 3691 3419 3760 τὴν
3462 3693 3631 3760 κακήν
3663 3692 3805 3765 ὁμο-

2153 3777 2344 3853 λογίαν
2373 3776 2699 3855 ἐξήρνημαι,
2732 3777 2855 3835 οὕτε
2886 3780 3113 3836 πέπεικα
3160 3780 3388 3854 ἐμαυτὸν
3435 3782 3498 3836 τὸ
3545 3781 3800 3855 παράπαν

401 3846 541 3902 nino
573 3849 818 3906 deficere
850 3867 882 3906 a
913 3854 1180 3924 partibus
1219 3857 1704 3928 Christianorum,
1746 3875 1852 3916 nec
1896 3860 2040 3917 mihi

2162 3873 2247 3937 τῆς
2283 3846 2502 3946 μερίδος
2533 3870 2833 3936 ἀποστῆναι
2865 3871 3125 3943 Χριστοῦ,
3177 3866 3290 3934 οὔθ’
3338 3868 3488 3932 ὅλως
3540 3889 3802 3943 μεταπει-

398 3949 658 4007 unquam
689 3939 901 4010 poterit
924 3944 1279 4014 persuaderi,
1303 3950 1368 4001 ut
1389 3963 1502 4003 non
1523 3952 1670 4004 stem
1693 3951 1880 4021 pactis
1902 3966 2038 4006 con-

395 4026 584 4080 ventis
607 4042 738 4082 cum
757 4028 989 4085 Christo
1012 4031 1190 4088 initis.
1217 4037 1294 4090 De
1310 4033 1398 4090 his
1429 4042 1617 4092 autem
1641 4037 1764 4108 ipse
1797 4037 2039 4096 interro-

398 4127 492 4183 ga;
508 4115 613 4184 ipsi
629 4116 698 4171 de
714 4133 776 4172 se
790 4117 895 4173 tibi
914 4121 1323 4179 enuntiabunt:
1342 4125 1489 4182 satis
1504 4125 1658 4182 enim
1679 4125 1934 4198 sapiunt.
1950 4129 2035 4184 Ad

400 4217 498 4256 eos
522 4202 718 4274 itaque
737 4205 986 4264 intuitus
1005 4209 1115 4265 dux
1140 4212 1430 4269 exercitus
1454 4230 1468 4269 :
1495 4214 1605 4270 Vos
1628 4218 1845 4286 autem,
1871 4216 2032 4287 dixit,

398 4291 539 4361 quid
572 4293 786 4362 dicitis,
821 4298 917 4368 qui
941 4301 1167 4356 seducti
1191 4302 1329 4358 estis
1349 4303 1572 4361 artibus
1597 4304 1879 4361 maleﬁcia
1898 4307 1925 4360 ?
1945 4306 2034 4362 Illi

395 4387 629 4436 autem:
677 4384 846 4451 Quid,
896 4386 1188 4457 dixerunt,
1237 4391 1456 4448 frustra
1497 4393 1752 4465 teipsum
1791 4396 2030 4468 decipis,

390 4473 600 4540 putans
631 4472 751 4529 fore
781 4478 846 4530 ut
878 4493 983 4533 nos
1035 4479 1294 4550 decipies
1315 4481 1344 4534 ?
1389 4481 1532 4538 Nam
1581 4483 1631 4540 si
1680 4483 1750 4540 de
1780 4485 2031 4541 exercitu

2149 3961 2422 4034 σθήσομαι
2481 3959 2578 4023 τὰς
2630 3961 2765 4033 πρὸς
2823 3958 2981 4015 αὐτὸν
3040 3959 3299 4029 ἀθετῆσαι
3357 3962 3621 4030 συνθήκας
3673 3967 3802 4033 περὶ

2147 4049 2204 4106 δὲ
2270 4051 2478 4107 τούτων
2545 4052 2742 4113 αὐτοὺς
2808 4049 3003 4124 ἐρώτα⁸
3083 4052 3236 4106 αὐτοὶ
3293 4052 3358 4106 τὰ
3422 4052 3544 4126 περῖ
3619 4051 3798 4107 αὐτῶν

2146 4139 2572 4216 ἀπαγγελοῦσινο
2635 4139 2750 4196 ἐπεὶ
2808 4139 2899 4194 καὶ
2944 4142 3260 4216 φρονήσεως
3311 4140 3632 4216 μετέχουσιν
3672 4141 3801 4196 ίκαο

2144 4233 2274 4291 νῶς.
2307 4224 2660 4303 Ἀποὸλέψας
2720 4230 2808 4283 οῦν
2856 4229 2992 4305 πρὸς
3041 4231 3260 4300 αὐτοὺς,
3313 4231 3340 4285 ὁ
3390 4228 3795 4305 στρατηλάτης·

2141 4319 2324 4392 Ὑμεῖς
2393 4315 2451 4373 δὲ
2516 4318 2570 4374 τί
2639 4339 2789 4396 φατε,
2859 4319 3025 4388 εἶπεν,
3103 4319 3152 4373 οἱ
3217 4325 3501 4395 γοητικαῖς
3575 4320 3797 4394 τέχναις

2141 4409 2681 4482 παρακρουσθέντες,
2716 4408 2784 4464 Οἱ
2812 4404 2889 4478 δὲ,
2935 4407 2999 4464 Τί
3048 4408 3240 4482 μάτην,
3297 4405 3522 4487 ἔφησαν,
3571 4409 3792 4464 σεαυτὸν

2141 4497 2376 4568 ἀπατᾷς,
2407 4497 2700 4567 ἀπατήσειν
2753 4499 2899 4570 ἡμᾶς
2943 4496 3238 4570 οἰόμενος,
3290 4497 3354 4555 Εἰ
3401 4498 3496 4570 μὲν
3534 4499 3634 4573 γὰρ
3665 4497 3794 4572 περὶ

389 4559 627 4657 quidem
658 4562 749 4618 vis
783 4579 891 4620 nos
913 4567 1268 4637 examinare,
1300 4568 1360 4625 in
1391 4587 1503 4641 quo
1525 4571 1628 4627 tibi
1663 4573 2028 4645 subjicimur,

2162 4587 2240 4651 τῆς
2269 4559 2546 4656 στρατείας
2574 4559 2849 4651 ’ἐξετάζειν
2888 4559 3098 4656 βούλει,
3148 4559 3265 4645 καθ’
3295 4578 3361 4650 ἥν
3395 4559 3498 4656 ἀρα
3658 4559 3794 4636 ύπο.

387 4645 450 4703 in
487 4651 761 4707 omnibus
807 4653 912 4709 tibi
944 4654 1227 4729 cedimus,
1259 4663 1316 4714 et
1349 4659 1511 4716 nullo
1544 4663 1714 4718 modo
1745 4663 1852 4719 tibi
1883 4664 2030 4720 resi-

2139 4670 2362 4743 κείμεθά
2407 4691 2515 4741 σοι,
2572 4671 2860 4743 ὑπείχομεν
2907 4667 2960 4724 ἰν
3006 4676 3158 4742 πᾶσι,
3209 4669 3296 4724 καὶ
3349 4667 3540 4725 οὐδένα
3587 4670 3791 4744 τρόπον

389 4739 621 4833 stimus.
747 4743 1034 4833 autemrde
1065 4744 1178 4802 fide
1209 4749 1265 4802 et
1295 4747 1592 4819 religione,
1625 4768 1658 4807 a
1687 4751 1855 4809 nobis
1886 4752 2032 4808 nihil

2162 4739 2579 4833 ivrtrarzépeha’
2640 4759 2684 4814 εἰ
2744 4739 2800 4814 δῖ
2856 4759 2979 4833 περὶ
3045 4739 3274 4821 πίστεως
3327 4758 3417 4813 καὶ
3476 4739 3786 4832 θρησκείας.

389 4823 550 4883 aliud
583 4829 806 4896 audies,
840 4831 952 4887 nisi
977 4835 1130 4904 quod
1159 4834 1464 4892 Christiani
1498 4855 1731 4909 sumus,
1761 4845 1816 4897 et
1846 4843 2028 4899 Deum

390 4931 574 4974 unum
625 4920 1020 4992 agnoscimus,
1072 4925 1402 4984 effectorem
1452 4927 1580 4984 cmli
1630 4933 1687 4986 et
1735 4933 1919 5001 terra},
1968 4935 2029 4989 in

389 5022 560 5077 quem
595 5008 772 5064 etiam
813 5011 1126 5080 credimus,
1159 5019 1217 5070 et
1261 5016 1472 5072 Filium
1505 5018 1631 5088 ejus
1663 5019 2027 5092 unigenitum

386 5095 698 5153 Dominum
752 5104 1016 5157 nostrum
1063 5102 1266 5159 Jesum
1317 5105 1610 5164 Christum
1657 5113 1715 5164 et
1744 5109 2026 5181 Spiritum

387 5191 683 5258 sanctum,
719 5191 1014 5262 quomodo
1055 5209 1161 5250 nos
1191 5195 1388 5251 docuit
1430 5195 1520 5252 hic
1567 5197 1802 5271 sapiens
1835 5205 2030 5258 noster

385 5285 727 5349 praeceptor.

453 5363 614 5422 XIII.
647 5367 775 5425 Hac
806 5387 939 5427 cum
986 5373 1366 5446 quadraginta
1403 5379 1459 5433 et
1488 5392 1692 5434 novem
1743 5387 2024 5453 martyres

383 5457 660 5524 tanquam
681 5474 796 5517 uno
810 5476 908 5519 ore
928 5464 1388 5538 respondissent,
1412 5482 1509 5527 eos
1544 5469 1833 5528 verberari
1850 5471 2022 5542 jubet

456 5643 501 5681 ’7
541 5643 747 5708 Matth.
783 5664 838 5727 Χ,
871 5648 958 5711 15.

2140 4845 2294 4906 οὐδὲν
2364 4850 2566 4924 ἀκούσῃ
2638 4849 2766 4923 παρ’
2823 4851 2982 4922 ἡμῶν
3039 4845 3221 4923 ἕτερον
3259 4847 3294 4918 ἤ
3351 4849 3435 4904 ’ὁτι
3475 4848 3789 4924 Χριστιανοί

2137 4936 2321 5010 ἅσμεν,
2358 4937 2449 4992 καὶ
2502 4938 2630 4993 Θεὸν
2677 4933 2770 4992 ἵνα
2827 4936 3280 5013 ἰπιγινώσκομεν,
3344 4939 3578 5008 ποιητὴν
3617 4937 3786 5010 οὐρα-

2136 5032 2230 5083 νοῦ
2262 5047 2318 5082 τε
2347 5027 2436 5080 καὶ
2469 5033 2592 5102 γῆς,
2635 5028 2710 5092 εἷς
2741 5025 2904 5103 ὅνπερ
2937 5023 3004 5095 δη
3036 5027 3124 5081 καὶ
3164 5025 3509 5099 πιστεύομεν,
3557 5027 3645 5082 καὶ
3689 5027 3785 5081 τὸν

2139 5120 2261 5174 Υἱὸν
2293 5118 2460 5175 αὐτοῦ
2491 5120 2581 5174 τὸν
2632 5122 2917 5195 μονογενῆ,
2965 5119 3055 5173 τὸν
3110 5117 3308 5194 Κύριον
3359 5119 3519 5190 ἡμῶν
3570 5121 3782 5188 Ἰησοῦν

2139 5210 2395 5284 Χριστὸν,
2426 5209 2513 5264 καὶ
2547 5208 2608 5263 τὸ
2659 5207 2875 5282 Πνεῦμα
2912 5209 2975 5264 τὸ
3031 5209 3204 5284 ἅγιον,
3261 5207 3440 5272 καθὼς
3484 5208 3630 5281 ἡμᾶς
3679 5204 3786 5262 ἐδί-

2137 5295 2286 5372 δαξεν
2321 5300 2348 5352 6
2381 5299 2546 5378 σοφὸς
2577 5300 2737 5372 ἡμῶν
2771 5295 2953 5354 οὓτοσὶ
2986 5295 3333 5361 διδάσκαλος.

2207 5389 2304 5444 II".
2374 5392 2552 5442 Ταῦτα
2616 5392 2725 5442 τῶν
2812 5390 3360 5462 τεσσαρακονταεννέα
3434 5392 3781 5466 στρατιωτῶν

2135 5477 2210 5540 ὡς
2259 5475 2311 5550 ἰξ
2343 5475 2456 5542 ἒνός
2514 5477 2786 5554 στόματος
2830 5476 3296 5555 ἀποκριναμένων,
3351 5477 3640 5534 τύπτεσθαι
3687 5500 3780 5535 κε-
