4094 6230
292 376 412 438 897

1417 370 1895 438 MARTYRIUM
1941 368 2003 433 S.
2050 368 2584 434 CALLISTRATI.

3588 378 3711 443 898

290 533 443 592 λεύει
500 531 729 597 τούτους
768 533 796 588 6
839 528 1246 609 στρατηλάτης,
1292 533 1408 590 εἶτα
1466 530 1708 591 δεθέντας
1761 535 1951 609 χεῖρας

2066 533 2182 592 dux
2212 533 2536 604 exercitus;
2569 533 2780 590 deinde
2809 531 3033 591 vinctos
3062 535 3303 606 pedibus
3349 544 3405 597 et
3434 540 3708 600 manibus

290 626 384 680 καὶ
414 620 611 691 πόδας,
644 624 719 688 εἰς
747 622 847 693 τὴν
879 620 1114 693 πλησίον
1152 622 1520 701 ἀποῤῥιφῆναι
1559 617 1952 698 κολυμϐήθραν

296 714 534 769 ὠκεανὸν
582 711 725 768 οὕτω
798 710 1157 786 καλούμενον.
1220 711 1369 769 Ἐπεὶ
1428 710 1521 769 οὗν
1590 709 1955 787 δεσμήσαντες

293 805 577 883 ἰπαφεῖναι
608 802 834 865 τούτους
862 806 943 874 τῷ
974 798 1128 857 ὕδατι
1177 798 1432 876 ἔμελλον,
1467 804 1495 858 6
1545 801 1952 877 Καλλίστρατος

295 894 641 969 προσηύξατο
701 890 905 969 λέγων’
958 893 1199 947 Δέσποτα
1255 891 1437 967 Κύριε,
1497 892 1525 948 6
1597 890 1649 947 ἰν
1721 890 1954 965 ὑψηλοῖς

296 987 590 1052 κατοικῶν,
631 982 721 1037 καὶ
794 982 862 1036 τά
913 983 1133 1036 ταπεινά
1214 979 1446 1059 ἐφορῶν,
1514 977 1809 1055 ἰπίϐλεψον
1864 980 1952 1037 ἐπὶ

300 1070 364 1125 τὸ
406 1067 585 1145 βραχὺ
634 1087 731 1123 σου
782 1067 935 1123 τουτὶ
982 1066 1261 1141 ποίμνιον,
1305 1069 1392 1123 καὶ
1444 1068 1773 1140 καταξίωσον
1822 1066 1953 1122 αύτὸ

298 1159 350 1216 ἰν
391 1164 510 1221 τοῖς
550 1155 705 1213 ὕδασι
768 1157 984 1219 τούτοις
1037 1156 1331 1213 λούσασθαι
1394 1156 1622 1234 λουτρὸν
1686 1155 1953 1233 παλιγγεο

298 1249 478 1311 νεσίας
534 1269 593 1304 τε
646 1246 736 1303 καὶ
790 1246 1059 1311 υἱοθεσίας
1109 1245 1197 1303 διὰ
1251 1251 1352 1313 τῆς
1410 1248 1807 1327 ἐπιφοιτήσεως
1856 1249 1953 1303 τοῦ

302 1340 468 1414 ἀγίου
518 1358 613 1393 σου
653 1338 991 1411 Πνεύματος,
1042 1338 1116 1400 ὡς
1166 1337 1250 1408 ἂν,
1288 1335 1359 1392 δι’
1388 1336 1548 1393 αὐτὸν
1579 1340 1749 1392 πᾶσαν
1783 1334 1956 1413 ἄπορ‹

298 1429 598 1503 ῥυψάμενοι
644 1430 741 1482 τοῦ
806 1424 1048 1483 παλαιοῦ
1103 1425 1389 1504 ἀνθρώπου
1440 1428 1541 1497 τήν
1592 1426 1953 1500 ματαιότητα,

297 1518 555 1573 κοινωνοὶ
610 1515 869 1592 γένωνται
913 1519 1011 1571 τοῦ
1066 1515 1278 1591 κλήρου
1322 1520 1431 1572 τῶν
1478 1516 1567 1571 ἀπ’
1629 1514 1826 1578 αἰῶνός
1867 1534 1952 1570 σοι

296 1605 791 1681 εύαρεστησάντων.
840 1608 999 1678 ’Ἀμα
1054 1602 1111 1660 δὲ
1166 1609 1245 1677 τῷ
1311 1606 1533 1685 ῥιφῆναι
1585 1603 1779 1666 αὐτοὺς
1836 1608 1954 1665 τοῖς

296 1694 474 1751 ὕδασι.
534 1700 759 1770 πρᾶγμα
806 1693 1071 1764 συνῆλθεν
1140 1696 1309 1764 ἀκοῆς
1383 1715 1443 1749 τε
1514 1694 1602 1749 καὶ
1681 1692 1955 1767 θαύματος

296 1782 465 1856 ἄξιον.
525 1782 756 1840 Λύονται
812 1782 917 1859 γάρ
978 1781 1161 1847 αὐτοῖς
1205 1784 1273 1838 τά
1320 1780 1513 1856 δεσμὰ,
1560 1781 1651 1838 καὶ
1703 1779 1953 1862 φαιδραῖς

294 1880 412 1935 ταῖς
466 1871 646 1947 ὄψεσι,
697 1868 951 1952 φαιδραῖς
989 1876 1110 1934 ταῖς
1148 1870 1369 1934 στολαῖς
1414 1875 1512 1927 τοῦ
1561 1867 1755 1932 ὓδατος
1796 1870 1953 1933 εὐθὺς

293 1960 634 2018 ἀναδύουσιν.
666 1961 729 2018 Ὀ
779 1958 835 2016 δὲ
878 1982 941 2037 γε
989 1962 1132 2023 θεῖος
1164 1958 1597 2036 Καλλίστρατος,
1629 1958 1719 2014 καὶ
1760 1960 1953 2037 στέφα-

293 2072 385 2107 νον
418 2050 505 2107 ἐπὶ
548 2058 648 2121 τῆς
677 2048 923 2127 κεφαλῆς
966 2049 1080 2105 οἷον
1126 2047 1550 2125 ἐκπρεπέστατον
1588 2048 1799 2123 ἑωράθη
1849 2068 1955 2126 φο-

297 2140 537 2218 ρῶν,καὶ
570 2141 725 2218 φωνὴ
757 2140 895 2215 πρὸς
940 2137 1099 2196 αὐτὸν
1148 2138 1437 2215 ούραδόθεν
1462 2140 1693 2215 γίνεται,
1728 2138 1950 2214 Οάρσει,

297 2228 694 2305 Καλλίστρατε,
752 2227 1008 2304 λέγουσα,
1066 2226 1159 2282 σὺν
1210 2232 1289 2300 τῷ
1355 2226 1601 2301 ποιμνίῳ
1645 2226 1827 2300 τούτῶ
1872 2229 1951 2300 τῷ

295 2323 397 2391 σῷ·
450 2318 540 2372 καὶ
587 2314 737 2373 δεῦτε
775 2313 884 2387 ἤδη
914 2319 1033 2379 ταὶς
1083 2314 1328 2378 αἰωνίαις
1378 2320 1601 2386 σκηναῖς
1641 2313 1949 2370 ἐπαναπαυ-

294 2409 536 2482 σὸμενοι’
586 2411 734 2483 Ἀμα
780 2403 839 2462 δὲ
886 2412 954 2483 τῇ
1004 2410 1183 2487 φωνῇ,
1222 2405 1313 2461 καί
1342 2405 1475 2482 μέγα
1505 2408 1533 2461 6
1565 2408 1693 2470 Θεὸς
1725 2404 1946 2477 ἔσεισεν,

293 2499 434 2555 ὥστε
487 2499 549 2554 τὸ
589 2496 826 2569 πλησίον
872 2517 978 2553 που
1048 2494 1270 2572 ἄγαλμα
1326 2501 1666 2564 καταπεσεῖν,
1728 2496 1816 2551 καὶ
1872 2494 1948 2561 εἷς

289 2588 440 2644 κόνιν
489 2585 834 2657 διαλυθῆναιο
893 2588 1065 2659 "Amp
1124 2583 1331 2651 ῗδόντες
1378 2605 1438 2641 τε
1495 2586 1582 2640 καὶ
1630 2586 1950 2650 ἀκούσαντες

288 2674 465 2753 ῐτεροι
518 2681 625 2733 τῶν
673 2680 1019 2753 στρατιωτῶν
1060 2672 1250 2751 ἄνδρες
1303 2674 1458 2731 πέντε
1517 2677 1607 2730 καί
1663 2674 1950 2749 τριάκοντα

290 2768 426 2841 πρὸς
454 2770 571 2829 τοῖς
619 2764 830 2836 ἑκατὸν,
868 2763 1183 2820 πιστεύουσι
1228 2764 1322 2819 καὶ
1369 2763 1547 2823 αὐτοί.
1576 2763 1654 2822 Ού
1694 2760 1950 2837 συλλαμ-

292 2852 547 2911 ϐάνονται
608 2852 665 2910 δὲ
721 2854 855 2927 μετά
910 2856 1020 2909 τῶν
1071 2855 1279 2909 λοιπῶν
1338 2851 1485 2909 ἐννέα
1539 2853 1631 2907 καὶ
1686 2852 1949 2929 τεσσαρά-

289 2964 472 3002 κοντα’
544 2942 669 2999 ἀλλ’
735 2942 934 2998 ἐκεῖνοι
997 2943 1174 3015 μόνοι,
1239 2941 1789 3018 τεσσαρακονταεννὲα
1854 2963 1951 3017 φα-

295 3036 413 3110 μὶν,
458 3032 603 3089 οὕτω
649 3036 745 3089 τοῦ
790 3030 1168 3107 στρατηλάτου
1211 3033 1591 3104 κελεύσαντος,
1630 3036 1701 3108 τῇ
1741 3039 1951 3109 φρουρᾷ

293 3121 704 3199 παραδίδονται.
765 3123 921 3199 Αὲγει
981 3121 1162 3177 τοίνυν
1221 3122 1357 3197 πρὸς
1405 3122 1599 3185 αὐτοὺς
1654 3124 1683 3179 6
1742 3122 1951 3181 Καλλί-

297 3232 545 3290 στρατος*
597 3209 759 3285 Ἰδοὺ,
804 3208 1057 3288 ἀδελφοὶ,
1098 3215 1168 3287 τῇ
1215 3216 1313 3267 τοῦ
1360 3212 1555 3289 Κυρίου
1606 3211 1817 3287 χάριτι,
1852 3216 1951 3268 τοῦ

1984 1920 2039 1987 Β

2062 620 2269 695 projici
2321 620 2383 678 in
2432 620 2819 694 propinquam
2867 621 3175 692 piscinam,
3208 641 3340 697 quas
3386 629 3709 685 vocabatur

2063 711 2348 769 Oceanus.
2393 711 2537 768 Cum
2584 726 2721 783 ergo
2763 727 2862 768 eos
2912 711 3255 782 vinxissent,
3304 719 3362 771 et
3403 726 3599 774 essent
3643 719 3705 776 in

2063 818 2275 874 aquam
2300 800 2646 869 immissuri,
2670 805 2940 872 precatus
2962 806 3051 859 est
3070 803 3459 876 Callistratus,
3480 808 3706 865 dicens:

2063 890 2330 961 Domine,
2354 890 2453 963 qui
2483 891 2543 946 in
2574 889 2707 947 altis
2741 889 2991 959 habitas,
3015 896 3072 947 et
3101 892 3354 949 humilia
3376 897 3617 967 respicis
3638 896 3710 965 ³⁸,

2062 980 2134 1037 ad
2165 979 2320 1035 hunc
2346 978 2659 1035 minimum
2694 982 2858 1035 tuum
2903 996 3135 1052 gregem
3185 982 3385 1039 oculos
3418 984 3622 1055 dirige,
3655 994 3711 1042 et

2063 1072 2303 1144 dignare
2332 1071 2529 1144 ipsum
2560 1070 2620 1126 in
2652 1070 2744 1127 his
2790 1072 2960 1143 aquis
2991 1072 3172 1128 lavari
3203 1074 3432 1131 lavacro
3463 1091 3706 1148 regene-

2064 1160 2308 1217 rationis
2340 1163 2399 1217 et
2428 1159 2756 1231 adoptionis
2785 1176 2886 1232 per
2916 1161 3231 1218 adventum
3256 1164 3445 1221 sancti
3473 1165 3558 1221 tui
3580 1166 3711 1238 Spi-

2064 1249 2234 1313 ritus,
2268 1253 2332 1305 ut
2360 1265 2463 1321 per
2493 1248 2687 1320 ipsum
2714 1251 3019 1306 emundati
3051 1251 3123 1307 ab
3164 1252 3326 1308 omni
3359 1254 3569 1311 veteris
3601 1255 3708 1313 ho-

2063 1337 2241 1395 minis
2270 1338 2544 1405 vanitate,
2576 1337 2720 1393 ﬁant
2765 1338 2904 1395 socii
2946 1339 3287 1396 hereditatis
3332 1356 3559 1414 eorum,
3606 1346 3706 1417 qui

2063 1426 2171 1484 tibi
2202 1425 2549 1501 placuerunt
2576 1444 2611 1483 a
2657 1427 2890 1484 saeculo.
2924 1427 3112 1485 Simul
3142 1436 3339 1487 autem
3387 1436 3565 1505 atque
3594 1433 3711 1506 ipsi

2062 1520 2225 1577 fuere
2259 1517 2319 1575 in
2351 1534 2535 1591 aquas
2564 1517 2827 1590 projecti,
2859 1520 3051 1575 evenit
3081 1535 3172 1576 res
3203 1521 3383 1593 digna
3418 1523 3621 1579 auditu
3653 1528 3712 1581 et

2064 1606 2458 1666 admiratione.
2489 1606 2589 1663 Eis
2637 1606 2795 1663 enim
2844 1606 3156 1664 solvuntur
3201 1607 3457 1679 vincula,
3487 1615 3544 1667 et
3573 1612 3703 1669 laeto

2063 1700 2226 1756 vultu
2281 1704 2335 1754 et
2378 1695 2556 1754 alacri
2598 1696 2801 1754 habitu
2854 1696 3054 1753 statim
3086 1704 3393 1771 emergunt
3423 1716 3492 1756 ex
3530 1718 3704 1774 aqua.

2064 1787 2310 1846 Divinus
2340 1790 2536 1844 autem
2568 1785 2933 1843 Callistratus
2962 1786 3121 1843 visus
3168 1789 3345 1844 estin
3388 1790 3577 1861 capite
3620 1792 3706 1847 fe-

2065 1894 2199 1935 rens
2230 1891 2504 1933 coronam
2535 1874 2707 1947 longe
2728 1875 3247 1947 speciosissimam,
3271 1880 3327 1934 et
3346 1894 3453 1934 vox
3474 1879 3546 1935 ad
3568 1895 3704 1936 eum

2063 1965 2283 2024 exstitit
2330 1980 2361 2021 e
2391 1963 2575 2029 cmlis,
2609 1964 2809 2019 dicens
2844 1980 2857 2019 :
2890 1965 3028 2021 Esto
3077 1964 3232 2021 bono
3281 1966 3500 2035 animo,
3530 1966 3705 2024 Calli-

2060 2060 2261 2124 strate,
2294 2070 2428 2111 cum
2458 2058 2560 2110 tuo
2582 2068 2773 2126 grege,
2801 2057 2859 2109 et
2873 2054 2995 2123 jam
3025 2053 3235 2122 venite,
3260 2054 3319 2110 in
3352 2056 3583 2113 aeternis
3614 2072 3706 2113 re-

2058 2143 2314 2217 quieturi
2340 2141 2756 2200 tabernaculis.
2787 2142 2978 2199 Simul
3021 2146 3217 2200 autem
3253 2159 3387 2201 cum
3416 2161 3553 2201 voce
3579 2162 3701 2202 ma-

2057 2249 2239 2308 gnum
2270 2247 2501 2306 quoque
2522 2232 2674 2288 Deus
2695 2230 2963 2287 excitavit
2982 2235 3153 2288 terras
3174 2236 3423 2304 motum,
3447 2234 3591 2291 adeo
3618 2243 3700 2305 ut,

2056 2338 2183 2398 quas
2212 2320 2539 2395 propinqua
2568 2323 2708 2387 erat,
2740 2323 2938 2376 statua
2982 2319 3279 2389 ceciderit,
3311 2324 3368 2377 et
3396 2320 3458 2377 in
3497 2321 3701 2393 pulve-

2055 2429 2181 2471 rem
2212 2410 2290 2467 sit
2320 2408 2592 2467 resoluta.
2623 2412 2762 2474 Quae
2805 2424 2939 2465 cum
2969 2408 3255 2466 vidissent
3285 2414 3341 2467 et
3371 2410 3700 2468 audiissent

2056 2502 2155 2561 alii
2186 2499 2429 2569 milites,
2458 2499 2561 2573 qui
2608 2502 2774 2556 erant
2819 2514 3053 2557 numero
3102 2503 3335 2556 centum
3374 2504 3431 2557 et
3460 2500 3701 2574 triginta

2057 2593 2340 2667 quinque,
2391 2589 2506 2661 ipsi
2552 2604 2781 2661 quoque
2829 2590 3093 2646 credunt.
3140 2593 3269 2646 Non
3317 2592 3701 2663 comprehen-

2057 2682 2280 2739 duntur
2306 2683 2503 2736 autem
2529 2694 2662 2735 eum
2689 2679 2812 2749 jam
2837 2678 3006 2735 dictis
3030 2697 3045 2747 ;
3069 2679 3168 2735 sed
3200 2678 3286 2734 illi
3317 2678 3425 2735 soli
3446 2680 3704 2753 quadra-

2058 2772 2223 2846 ginta
2251 2782 2481 2836 novem,
2509 2783 2644 2824 cum
2678 2766 2766 2822 sic
2785 2767 3068 2838 jussisset
3097 2767 3211 2823 dux
3239 2769 3547 2839 exercitus,
3584 2772 3701 2824 tra-

2058 2860 2278 2916 duntur
2306 2858 2367 2914 in
2397 2857 2741 2914 custodiam.
2774 2856 2925 2913 Dicit
2953 2856 3040 2913 eis
3070 2856 3269 2928 itaque
3298 2856 3699 2913 Callistratus:

2058 2950 2227 3016 Ecce,
2261 2947 2494 3013 fratres,
2525 2943 2734 3001 Christi
2785 2944 2989 3017 gratia,
3022 2944 3247 3017 dignati
3285 2944 3428 3002 estis
3472 2945 3702 3003 lavacro

2060 3033 2515 3112 regenerationis
2540 3034 2606 3091 ”.
2656 3037 2890 3107 Oportet
2946 3050 3105 3107 ergo,
3151 3050 3300 3105 quas
3347 3050 3450 3107 par
3493 3040 3603 3101 est,
3654 3033 3707 3090 ei

2059 3142 2226 3199 agere
2273 3124 2517 3199 gratias.
2558 3123 2763 3196 Itaque
2812 3138 3117 3195 surgamus
3156 3126 3215 3179 et
3258 3139 3513 3179 oremus.
3543 3124 3708 3180 Tunc

2064 3216 2340 3290 expansis
2367 3213 2427 3269 in
2452 3213 2662 3269 ccelum
2688 3212 2962 3270 manibus
2990 3228 3001 3267 :
3028 3212 3272 3268 Domine
3298 3212 3472 3280 Deus,
3496 3213 3710 3285 inquit,

296 3281 535 3379 λουτροῦ
563 3308 663 3373 τῆς
682 3281 1097 3379 παλιγγενεσίας
1126 3281 1522 3374 κατηξιώθητε.
1564 3281 1695 3377 κ’ῥῆ
1733 3323 1953 3378 τοιγαρ·

2068 3306 2168 3379 qui
2190 3306 2275 3361 vis
2293 3320 2491 3361 omnes
2514 3302 2783 3359 homines
2805 3301 2991 3358 salvos
3014 3301 3159 3369 fieri,
3180 3305 3238 3358 et
3260 3302 3331 3357 ad
3354 3302 3712 3375 agnitionem

298 3398 391 3449 οὖν
434 3392 535 3461 τὴν
589 3392 971 3465 προτήκουσαν
1028 3391 1177 3463 αὐτῷ
1230 3390 1393 3468 χάριν
1440 3393 1806 3467 ὁμολογῆσαι·
1857 3393 1946 3447 καὶ

299 3479 367 3551 δὴ
423 3482 744 3544 ἀναστάντες
793 3480 1231 3555 προσευξώμεθα.
1266 3480 1363 3543 Εἷς
1418 3481 1511 3537 τὸν
1558 3480 1783 3556 οὐρανὸν
1819 3486 1950 3559 γοῦν

294 3573 392 3633 τάς
440 3575 631 3646 χεῖρας
683 3568 1030 3641 διαπετάσας,
1083 3569 1244 3644 Κύριε
1286 3571 1314 3625 6
1362 3571 1512 3639 Θεὸς,
1548 3572 1721 3644 εἶπεν,
1764 3572 1792 3627 6
1825 3570 1957 3627 πάν-

298 3681 392 3723 τας
423 3662 662 3730 σωθῆναι
692 3656 867 3716 θέλων
900 3660 990 3714 καὶ
1022 3658 1100 3721 εἲς
1141 3656 1432 3735 ἔπίγνωσιν
1463 3659 1723 3731 ἀληθείας
1753 3659 1957 3728 ἱλθεῖν,

296 3754 325 3809 ὁ
371 3751 460 3806 καὶ
516 3750 676 3807 τοῦτό
734 3771 830 3806 σου
877 3750 940 3805 τὸ
997 3749 1253 3823 ποίμνιον
1304 3754 1401 3806 τοῦ
1460 3755 1659 3821 νοητοῦ
1743 3750 1962 3815 λέοντος

2060 3394 2259 3453 venire
2306 3391 2605 3459 veritatis;
2640 3389 2740 3461 qui
2769 3390 2946 3447 etiam
2978 3395 3144 3447 tuum
3174 3405 3410 3461 gregem
3441 3390 3711 3464 eripuisti

2063 3501 2133 3543 ex
2161 3499 2259 3542 ore
2288 3482 2493 3554 leonis,
2525 3485 2583 3538 et
2623 3480 2841 3537 vocasti
2892 3480 2964 3535 ad
3005 3478 3255 3535 salutem
3287 3482 3589 3552 aeternam,
3622 3480 3712 3537 di-

2066 3590 2248 3649 gnare
2281 3573 2339 3629 in
2369 3576 2471 3629 tua
2502 3569 2617 3627 fide
2647 3586 2752 3626 nos
2783 3584 2989 3625 omnes
3019 3568 3440 3640 consummari,
3472 3573 3528 3625 et
3556 3570 3623 3625 ad
3659 3577 3712 3627 te

2067 3663 2383 3721 Dominum
2409 3659 2600 3717 venire
2620 3656 3028 3715 immaculatos
3051 3662 3107 3713 et
3131 3658 3375 3714 mundos
3396 3675 3409 3727 ;
3430 3659 3711 3731 quoniam

2069 3768 2132 3809 es
2160 3751 2501 3809 benedictus
2534 3749 2593 3804 in
2624 3746 2856 3805 saecula.

300 3841 640 3919 ἀφαρπάσας,
697 3842 787 3897 καὶ
845 3842 980 3915 πρὸς
1038 3839 1313 3917 σωτηρίαν
1379 3840 1610 3904 καλέσας
1670 3841 1913 3913 αἰώνιον,
1970 3841 2304 3912 καταξίωσον
2342 3838 2394 3893 ἐν
2439 3842 2508 3912 τῇ
2559 3841 2627 3911 σῇ
2668 3836 2845 3892 πίστει
2892 3834 3253 3905 τελειωθῆναι
3302 3837 3502 3898 πάντας
3534 3838 3703 3910 ἡμᾶς,

303 3932 393 3986 καὶ
423 3932 559 4007 πρὸς
585 3931 641 3986 σὶ
661 3931 752 3986 τὸν
786 3930 1059 4001 Δεσπότην
1093 3928 1361 3994 ἀσπίλους
1395 3938 1656 4008 φοιτῆσαι
1677 3932 1767 3986 καὶ
1798 3931 2083 4006 καθαρούς
2117 3927 2203 3985 ὅτι
2236 3926 2541 4003 εὐλογητὸς
2576 3926 2843 4000 ὑπάρχεις
2865 3924 2940 3988 εἷς
2968 3923 3096 3985 τοὺς
3129 3925 3350 3989 αἰῶνας.

312 4026 315 4029 λ
370 4022 470 4079 ῙΔ’.
524 4019 703 4075 Ἀλλά
742 4024 911 4075 ταῦτα
971 4020 1063 4093 μὶν
1124 4018 1175 4075 ἐν
1226 4025 1295 4094 τῇ
1354 4024 1563 4099 φρουρᾷ
1612 4024 1730 4085 τοῖς
1774 4018 1955 4097 ἁγίοις

300 4108 614 4184 ἐπράττετο.
676 4110 737 4167 Ὀ
795 4106 850 4163 δὶ
900 4107 1303 4184 στρατηλάτης,
1363 4106 1539 4171 δείσας
1598 4112 1813 4183 μήποτε
1871 4108 1960 4165 διὰ

301 4201 401 4267 τῆς
443 4197 649 4253 τούτων
701 4197 1139 4273 θαυματουργίας
1188 4194 1353 4254 αύτόῦ
1400 4218 1459 4253 τε
1505 4197 1783 4254 ἀποστῶσί
1814 4218 1959 4261 τινες

301 4288 391 4343 καὶ
441 4288 598 4361 ἑτέρα
642 4284 860 4363 γένηται
900 4290 980 4359 τῷ
1026 4287 1243 4361 Χριστῷ
1302 4288 1479 4363 μερὶς,
1556 4285 1959 4362 κοινολογησά-

305 4397 467 4449 μενος
513 4380 594 4447 τῷ
652 4373 1121 4452 συγκατακλείστῳ
1164 4374 1366 4430 τούτου
1393 4374 1552 4451 ’Υίρῳ
1600 4373 1958 4450 Δουκιναρίῳ,

300 4467 389 4520 καὶ
484 4469 679 4527 κοινῶς
752 4463 903 4537 αὐτῷ
997 4461 1556 4539 συνδιασκεψάμενος,
1626 4465 1961 4540 στρατιώτας

298 4560 505 4629 πέμπει
558 4555 775 4625 νυκτὸς,
834 4559 996 4610 τοῦτο
1053 4551 1530 4628 κεκελευσμένους,
1581 4557 1644 4609 τὸ
1716 4550 1957 4628 μεληδὸν

299 4647 427 4709 τοὺς
480 4645 663 4719 ἁγίους
702 4644 753 4701 ἐν
810 4644 881 4719 τῇ
930 4650 1137 4725 φρουρᾷ
1181 4645 1505 4704 κατακόψαι.
1536 4647 1608 4703 "0
1657 4642 1725 4714 δὴ
1755 4642 1846 4700 καὶ
1874 4641 1960 4720 γέ-

299 4756 428 4812 γονε
479 4736 615 4790 κατά
664 4736 764 4805 τὴν
827 4730 1071 4809 ἑϐδόμην
1129 4734 1220 4789 καὶ
1268 4733 1518 4804 εἰκοστὴν
1563 4738 1660 4790 τοῦ
1709 4740 1958 4808 Σεπτεμ-

303 4820 462 4896 ϐρίου
523 4824 717 4898 μηνός.
765 4824 833 4881 Οἱ
891 4821 949 4879 δὶ
1006 4823 1381 4887 πιστεύσαντες
1442 4823 1602 4880 πίντε
1649 4824 1741 4879 καὶ
1810 4824 1958 4896 τριά-

302 4934 467 4969 κοντα
550 4912 641 4967 καὶ
720 4913 907 4967 ἑκατὸν
983 4912 1307 4989 στρατίῶται
1388 4911 1821 4989 παραγενόμενοι
1897 4911 1965 4967 τὰ

301 5008 409 5059 τῶν
462 5002 632 5078 ἁγίων
693 5001 966 5057 ἀνείλοντο
1024 5004 1271 5075 σώματα,
1322 5000 1550 5077 ἐντίμως
1614 5024 1674 5057 τε
1729 4997 1962 5077 ἔθαψαν-

302 5094 393 5150 καὶ
451 5094 575 5147 ναὸν
641 5092 825 5154 αὐτοῖς
903 5091 965 5146 ού
1030 5090 1267 5153 πολλοῖς
1347 5092 1539 5167 ὅμοιον
1613 5096 1696 5165 τῷ
1768 5090 1964 5147 καλλει

304 5186 612 5261 ἇνήγειρανο
674 5182 763 5237 καὶ
837 5183 995 5245 οὗτος
1052 5182 1189 5238 κατά
1244 5180 1411 5256 μέσην
1477 5182 1672 5254 ’ὲστηκε
1717 5183 1966 5257 Ῥώμην,

302 5275 405 5343 τὴν
457 5270 893 5349 βασιλικωτάτην
947 5275 1055 5327 τῶν
1113 5268 1353 5329 πόλεων.
1384 5270 1560 5347 Εύρον
1588 5269 1665 5343 [Si
1710 5273 1797 5327 καὶ
1830 5272 1968 5348 χάρ-

303 5384 405 5435 την
437 5363 489 5417 ἐν
518 5366 586 5437 τῇ
618 5366 848 5442 φρουρᾷ,
982 5358 1307 5417 διδασκαλία
1358 5383 1443 5427 τις
1501 5360 1595 5417 καὶ
1636 5358 1965 5425 διατύπωσις

308 5451 664 5527 ἰνεγέγραπτο
734 5454 833 5506 τοῦ
928 5450 1346 5526 Καλλιστράτου
1439 5451 1731 5527 μάρτυρος.
1818 5450 1969 5507 Μετά

309 5540 366 5598 δὲ
415 5543 514 5612 τήν
561 5540 780 5597 ἆκείνων
841 5537 1124 5597 τελείωσιν
1203 5545 1466 5618 μαρτυρεῖ
1545 5540 1637 5597 καὶ
1695 5542 1967 5617 Μαρῖνος,

381 5742 426 5777 ³⁸
460 5740 607 5800 Psal.
641 5757 772 5809 cxu,
803 5742 857 5798 5.
892 5741 939 5777 ²⁹
969 5742 1085 5801 Tit.
1120 5757 1205 5812 ιιι,
1237 5742 1297 5801 5.

1987 4692 2045 4759 D

2136 4019 2277 4077 XIV.
2303 4018 2416 4077 Sed
2436 4018 2558 4075 hac
2579 4016 2812 4090 quidem
2830 4015 3046 4073 ﬁebant
3065 4034 3097 4072 a
3119 4018 3340 4073 sanctis
3354 4016 3411 4073 in
3427 4016 3710 4075 custodia.

2066 4111 2307 4168 Timens
2356 4117 2547 4166 autem
2579 4108 2699 4163 dux
2729 4107 3039 4173 exercitus,
3073 4122 3146 4163 ne
3190 4123 3290 4179 per
3339 4122 3427 4175 ea,
3460 4123 3588 4179 quae
3638 4107 3711 4163 ab

2066 4200 2152 4258 eis
2184 4199 2425 4268 ﬁebant,
2448 4196 2749 4264 miracula,
2776 4195 2945 4251 multi
2976 4194 3049 4251 ab
3080 4211 3145 4251 eo
3168 4195 3499 4261 deﬁcerent,
3525 4199 3583 4253 et
3603 4194 3716 4252 alia

2067 4307 2202 4361 pars
2233 4288 2461 4346 Christo
2506 4288 2825 4357 accederet,
2854 4304 2916 4343 re
2963 4286 3399 4345 communicata
3443 4303 3574 4344 cum
3606 4303 3714 4345 suo

2068 4395 2367 4437 assessore
2386 4378 2537 4434 Vero
2565 4378 2904 4457 Ducenario,
2928 4393 3063 4433 cum
3086 4379 3476 4434 communiter
3494 4392 3625 4434 cum
3649 4393 3717 4434 eo

2069 4468 2486 4538 oonsultasset,
2519 4470 2699 4525 noctu
2745 4464 2924 4522 mittit
2954 4464 3186 4533 milites,
3220 4465 3435 4538 quibus
3464 4466 3573 4523 hoc
3602 4467 3719 4522 im—

2070 4563 2338 4633 peratum
2370 4557 2576 4623 fuerat,
2612 4560 2675 4612 ut
2705 4554 3082 4611 membratim
3113 4560 3348 4612 sanctos
3378 4556 3721 4613 conscinde-

2070 4657 2197 4706 rent
2233 4645 2294 4704 in
2344 4644 2625 4703 custodia.
2657 4644 2821 4710 Quod
2871 4643 3111 4717 quidem
3161 4645 3334 4700 etiam
3367 4644 3583 4700 factum
3629 4648 3719 4701 est

2068 4736 2350 4795 vicesimo
2382 4734 2635 4809 septimo
2668 4732 3048 4807 Septembris.
3079 4732 3187 4798 Qui
3228 4736 3423 4789 autem
3457 4732 3719 4789 credide-

2072 4832 2206 4885 rant
2252 4833 2483 4883 centum
2528 4828 2584 4882 et
2613 4823 2856 4896 triginta
2885 4822 3143 4896 quinque
3187 4821 3421 4892 milites,
3453 4838 3589 4878 cum
3620 4838 3720 4879 ac-

2073 4918 2412 4987 cessissent,
2440 4912 2810 4971 sustulerunt
2844 4916 3181 4968 sanctorum
3222 4928 3485 4984 corpora,
3518 4918 3572 4968 et
3610 4911 3719 4967 ho-

2075 5006 2315 5063 noriﬁce
2356 5002 2705 5076 sepelierunt
2737 5016 2753 5058 :
2786 5004 2844 5058 et
2870 5002 2956 5057 eis
2984 5002 3274 5073 templum
3320 5016 3520 5074 postea
3560 5001 3718 5059 exci-

2075 5098 2357 5163 taverunt,
2391 5094 2489 5151 oui
2531 5090 2966 5167 pulchritudine
3012 5095 3153 5148 sunt
3200 5107 3386 5165 pauca
3444 5090 3664 5149 similia
3706 5104 3724 5149 :

2076 5187 2232 5260 quod
2255 5185 2448 5243 statin
2472 5184 2664 5243 media
2686 5183 2893 5252 Roma,
2915 5182 3217 5239 civitatum
3240 5182 3505 5240 omnium
3530 5181 3721 5240 maxi-

2077 5291 2171 5332 me
2218 5274 2396 5346 regia.
2430 5272 2605 5330 Porro
2653 5275 2847 5328 autem
2897 5270 3158 5328 chartam
3198 5286 3425 5344 quoque
3474 5272 3721 5329 invene-

2077 5366 2217 5420 runt
2244 5361 2302 5417 in
2333 5361 2621 5429 custodia,
2653 5360 2714 5417 in
2744 5375 2861 5433 qua
2898 5363 3023 5416 erat
3052 5360 3320 5433 quedam
3360 5360 3627 5417 doctrina
3664 5363 3722 5418 et

2078 5450 2387 5523 descriptio
2417 5448 2652 5522 gloriosi
2683 5452 2740 5505 et
2769 5448 3011 5505 victoria
3030 5448 3280 5522 insignis
3304 5450 3575 5524 martyris
3596 5450 3722 5508 Cal-

2077 5540 2312 5600 listrati.
2372 5541 2504 5597 Post
2576 5536 2812 5596 illorum
2871 5542 3064 5597 autem
3133 5541 3719 5612 consummationem,
