4094 6230
394 339 515 400 899

1702 337 1989 401 MENSIS
2034 339 2525 401 SEPTEMBER.

3697 352 3817 414 900

398 500 745 571 martyrium
796 514 1031 573 quoque
1068 498 1316 570 suscipit
1347 497 1623 567 Marinus,
1653 499 1742 554 vir
1770 504 1829 556 et
1857 500 2040 572 gloria
2068 540 2085 575 λ

2168 501 2282 576 ἱνήρ
2342 498 2472 576 δόξῃ
2522 521 2580 556 τε
2628 502 3083 588 περιφανέστατος
3114 504 3205 559 καὶ
3269 504 3422 583 λόγῳ
3478 510 3818 588 σοφώτατος,

399 590 766 647 clarissimus
796 594 853 644 et
881 588 1145 645 doctrina
1166 588 1620 657 eruditissimus,
1646 589 1743 660 qui
1767 591 1838 645 ad
1864 590 2039 647 finem

2168 589 2412 667 ἱνδρικήν
2486 591 2586 660 τὴν
2645 586 2881 645 ἔνστασιν
2946 591 3080 669 ἄχρι
3153 590 3349 658 τέλους
3410 586 3819 674 ἐπιδειξάμενος

402 695 589 751 usque
639 677 1037 735 fortitudinem
1094 677 1351 733 ostendit
1410 681 1467 731 et
1514 676 1925 748 constantiam,
1971 680 2041 736 ad

2168 681 2227 742 εἷς
2267 678 2421 749 δόξαν
2460 685 2561 735 τοῦ
2616 681 2816 755 Κυρίου
2874 682 3035 754 ἡμῶν
3067 682 3247 753 Ἰησοῦ
3306 687 3565 761 Χριστοῦ,
3599 690 3647 761 ᾧ
3687 692 3818 765 πρέ-

400 769 645 842 gloriam
700 767 925 823 Domini
969 764 1151 821 nostri
1194 766 1334 821 Jesu
1382 765 1614 834 Christi,
1663 782 1832 839 quem
1877 769 2043 825 decet

2168 791 2239 824 τει
2298 767 2632 845 πᾶσαιδόξα,
2678 772 2815 842 τιμῆ
2858 771 2948 826 καὶ
3010 774 3399 846 προσκύνησις,
3448 782 3537 832 νῦν
3587 779 3679 834 καί
3732 764 3820 835 άεὶ

398 858 591 915 omnis
641 856 828 912 honor
877 866 936 911 et
984 854 1247 911 adoratio
1296 854 1356 910 in
1408 855 1623 912 saecula
1669 856 2039 915 saeculorum.

394 950 599 1004 Amen.

2150 857 2242 960 καὶ
2319 857 2395 921 εἰς
2470 860 2597 922 τοὺς
2654 857 3047 931 ἀτελευτήτους
3119 860 3319 924 αἰῶνας
3393 868 3501 920 τῶν
3574 868 3816 927 αἰώνων.

2175 950 2361 1021 Αμήνο

1031 1314 1314 1411 ΒΙΟΣ
1396 1315 1611 1411 ΚΑΙ
1695 1312 2312 1412 ΙἸΟνΙΤΕΙΑ
2390 1314 2605 1410 ΚΑΙ
2686 1313 3185 1414 ΑΓΩΝΕΣ

1303 1508 1442 1565 ΤΟΥ
1481 1508 1689 1566 ΟΣΙΟΥ
1728 1511 2003 1565 ΠΑΤΡΙΙΣ
2044 1510 2242 1564 ΗΜΩΝ
2284 1509 2407 1566 ΚΑΙ
2448 1510 2909 1566 ΟΜΟΛΟΓΗΤΟΥ

1562 1685 2637 1818 ΧΑΡΙΤΩΝΟΣ.

973 2113 1240 2201 VITA
1318 2114 1462 2198 ET
1532 2110 2359 2200 CONVERSATIO
2432 2114 2576 2200 ΕΤ
2636 2112 3248 2203 CERTAMEN

1648 2292 1707 2348 S.
1751 2294 1812 2345 P.
1856 2294 1925 2346 N.
1968 2290 2059 2346 ET
2096 2290 2572 2347 CONFESSORIS

1613 2472 2622 2607 CHARITONIS

522 2710 732 2772 (Grmce
766 2720 911 2757 nunc
949 2708 1180 2769 primum
1212 2703 1393 2769 prodit
1421 2718 1485 2755 ex
1515 2703 1633 2756 cod.
1679 2716 1782 2755 ms.
1817 2702 1986 2754 Paris.
2018 2714 2074 2752 n.
2114 2702 2268 2753 1523:
2305 2704 2490 2755 Latine
2526 2703 2671 2768 apud
2715 2705 2930 2756 Surium
2968 2704 3034 2757 ad
3067 2705 3208 2756 diem
3236 2705 3300 2755 28
3327 2705 3697 2770 Septembris.)

484 3036 524 3089 Ι.
556 3031 737 3089 Multa
766 3033 907 3086 sunt
937 3026 1204 3099 exempla
1250 3026 1528 3082 doctrina
1575 3040 1798 3093 eorum,
1830 3024 1931 3096 qui
1961 3023 2052 3079 vi—
2084 3084 2085 3088 η

2235 3025 2313 3079 Λ’.
2376 3023 2566 3081 Πολλὰ
2622 3033 2721 3096 τῆς
2769 3024 3125 3091 διδασκαλίας
3170 3032 3280 3083 τῶν
3348 3027 3406 3083 εὖ
3460 3026 3549 3083 καὶ
3586 3028 3662 3089 ὠς
3710 3034 3834 3102 Θεῷ

419 3131 535 3179 tam
579 3124 748 3191 bene,
775 3125 832 3178 et
878 3126 941 3175 ut
983 3119 1099 3175 Deo
1148 3117 1354 3188 placet,
1405 3118 1695 3188 egerunt:
1736 3130 1806 3170 ex
1845 3114 2059 3186 quibus

416 3212 547 3268 licet
576 3211 649 3278 ei,
679 3209 776 3280 qui
807 3207 964 3277 velit,
996 3222 1225 3263 servare
1256 3205 1496 3276 quidem
1528 3203 1742 3260 Christi
1776 3209 2060 3276 praecepta

414 3300 553 3357 totis
583 3298 822 3365 viribus,
858 3296 1112 3369 effugere
1140 3298 1335 3351 autem
1368 3292 1736 3361 offensiones,
1769 3308 1910 3365 quas
1944 3292 2058 3348 ini-

414 3390 605 3445 micus
650 3386 815 3460 ponit
844 3386 903 3441 in
945 3384 1059 3441 via.
1091 3383 1327 3455 Oportet
1370 3382 1526 3438 enim
1558 3381 1845 3438 revolvere
1878 3382 2060 3439 libros

415 3483 756 3535 sanctarum
791 3475 1250 3546 Scripturarum,
1284 3477 1343 3528 et
1371 3476 1652 3543 tanquam
1692 3487 1760 3527 ex
1790 3473 2058 3543 perenni-

420 3569 534 3624 bus
549 3565 896 3638 quibusdam
922 3562 1195 3631 fontibus,
1210 3560 1491 3620 virtutum
1507 3559 1758 3617 salutare
1774 3560 2058 3617 ﬂuentum

419 3655 579 3713 illinc
609 3654 868 3710 haurire.
900 3650 1226 3722 Utrumque
1261 3652 1416 3706 enim
1449 3654 1891 3716 testamentum,
1922 3650 2061 3705 doc-

418 3751 725 3813 torumque
755 3740 1036 3798 divinitus
1068 3739 1489 3811 inspiratorum
1520 3743 1579 3795 et
1617 3737 2059 3795 exercitatorum

412 3832 652 3905 scripta,
683 3830 964 3896 oratione,
1008 3829 1187 3887 veluti
1237 3830 1487 3900 quadam
1540 3828 1759 3896 tabula,
1807 3825 2064 3884 ostendit

415 3922 513 3990 iis,
544 3920 640 3994 qui
682 3919 882 3975 volunt
921 3917 1147 3984 audire,
1178 3932 1269 3972 res
1315 3924 1465 3974 recte
1493 3920 1551 3972 et
1598 3933 1663 3973 ex
1710 3915 1922 3974 virtute
1962 3931 2061 3987 ge-

419 4017 542 4070 stas
574 4009 1045 4078 uniuscujusque
1074 4006 1280 4062 sancti.
1317 4006 1425 4061 Sed
1458 4006 1588 4061 licet
1618 4006 1710 4060 his
1739 4004 1913 4077 plena
1943 4005 2064 4061 sint

409 4118 497 4166 ea,
530 4114 658 4171 qua:
708 4098 864 4152 dicta
912 4102 1067 4161 sunt,
1120 4094 1400 4166 quoniam
1444 4098 1637 4149 tamen
1687 4099 1827 4149 sunt
1868 4092 2063 4166 plures

410 4185 691 4244 imbecilli
742 4188 800 4241 et
859 4184 1117 4253 hebetes,
1179 4188 1237 4238 et
1296 4198 1445 4253 opus
1502 4181 1809 4249 habemus,
1861 4185 2062 4253 utpote

404 4276 561 4335 tardi
593 4275 849 4343 auribus,
879 4273 1105 4345 magnis
1134 4276 1192 4329 et
1235 4272 1530 4329 continuis
1570 4272 1729 4328 sonis
1760 4270 2061 4341 sermonis,

409 4374 474 4422 ut
523 4366 606 4421 sic
653 4364 739 4419 vix
796 4364 1031 4419 tandem
1080 4362 1239 4419 auris
1290 4362 1540 4434 accipiat
1587 4362 1740 4433 quod
1802 4368 2052 4431 resonat,

414 4460 682 4529 oportere
730 4454 1054 4510 existimavi
1086 4469 1201 4510 non
1242 4452 1483 4509 omnino
1516 4453 1793 4508 mandare
1826 4450 2055 4508 silentio

407 4563 496 4615 ea,
546 4562 676 4619 quae
730 4547 869 4602 sunt
916 4543 1095 4616 digna
1142 4542 1444 4613 praedicari
1492 4557 1670 4613 super
1712 4542 1932 4610 domos,
1985 4542 2057 4597 de

408 4636 627 4707 divino,
674 4635 938 4707 inquam,
984 4641 1037 4688 et
1093 4630 1264 4703 pleno
1306 4630 1495 4703 gratia
1553 4630 1881 4687 Charitone.
1912 4630 2053 4686 Nam

406 4726 515 4782 etsi
548 4742 653 4780 nos
684 4739 893 4781 sumus
916 4738 1120 4794 graves
1152 4721 1323 4777 corde
1354 4730 1590 4794 propter
1610 4719 1801 4777 cordis
1830 4720 1901 4775 ad
1943 4726 2055 4776 ter-

411 4832 554 4873 rena
583 4812 1045 4879 inclinationem,
1077 4810 1385 4882 diligentes
1431 4812 1765 4878 vanitatem,
1799 4817 1852 4865 et
1899 4826 2053 4880 qua:-

414 4909 607 4963 rentes
638 4900 1034 4967 mendacium,
1058 4902 1122 4954 ut
1153 4898 1552 4954 dicitdivinus
1583 4898 1759 4954 David
1788 4914 2056 4954 :verum-

410 4998 631 5061 tamen,
666 4993 814 5049 sicut
845 4989 1108 5061 quasdam
1155 4993 1340 5060 petra,
1372 4987 1615 5044 densam
1658 4992 1714 5044 et
1761 4988 2056 5044 assiduam

411 5081 741 5153 suscipiens
785 5078 940 5134 verbi
992 5081 1244 5149 guttam,
1278 5077 1473 5133 anima
1521 5076 1775 5132 hominis
1807 5076 2059 5149 tangitur

412 5171 650 5230 omnino
682 5166 935 5240 quodam
977 5166 1288 5233 desiderio,
1320 5171 1376 5223 et
1414 5166 1699 5223 excitatur
1729 5166 1801 5222 ad
1833 5167 2058 5223 excelso

414 5267 472 5321 et
521 5262 650 5317 forti
691 5257 887 5313 animo
921 5256 1221 5313 ferendum
1254 5272 1342 5326 ea,
1375 5273 1502 5329 qua;
1546 5255 1732 5313 sancti
1763 5257 2061 5315 sustinue-

416 5353 555 5409 runt
583 5348 654 5404 ab
684 5345 973 5415 hostibus,
999 5351 1119 5403 tam
1152 5346 1253 5420 qui
1298 5348 1409 5402 sub
1442 5347 1785 5419 adspeetum
1818 5347 2055 5415 cadunt,

416 5453 591 5513 quam
625 5437 727 5509 qui
758 5452 872 5493 non
905 5437 1138 5493 cadunt.
1171 5435 1319 5493 Hinc
1349 5449 1485 5507 ergo
1515 5434 1817 5508 incipiam.

486 5529 558 5586 II.
591 5524 721 5583 Fuit
749 5526 1007 5598 quando,
1030 5525 1206 5583 veluti
1229 5525 1496 5597 quedam
1518 5525 1738 5596 vertigo
1765 5527 1822 5580 et
1849 5524 2067 5599 caligo,

416 5622 685 5696 impietas
733 5619 939 5677 effudit
988 5617 1257 5677 tenebras
1287 5617 1563 5675 omnibus
1592 5617 1811 5674 sanctis
1838 5616 1943 5675 Dei
1972 5635 2061 5677 ec-

416 5710 631 5781 clcsiis,
658 5714 714 5769 ct
739 5709 927 5768 instar
958 5706 1314 5779 gravissimae
1340 5704 1599 5777 procella
1622 5705 1910 5762 tumultus
1941 5723 2063 5780 per-

2164 3111 2323 3191 φίλον
2370 3110 2717 3190 βεϐιωκότων
2768 3117 2834 3172 τὰ
2874 3114 3275 3195 ὑποδείγματα,
3321 3118 3372 3188 ἐξ
3417 3117 3493 3172 ὧν
3531 3114 3705 3173 ἓνεστι
3751 3124 3837 3191 τῷ

2169 3201 2493 3278 βουλομένῳ
2550 3206 2645 3269 τὰς
2717 3207 2812 3280 μὲν
2864 3205 3089 3269 ἐντολάς
3146 3209 3291 3282 πάσῃ
3348 3204 3573 3280 δυνάμει
3638 3213 3832 3281 τηρεῖν

2164 3296 2261 3347 τοῦ
2308 3292 2561 3367 Χριστοῦ,
2610 3292 2914 3372 διαφεύγειν
2966 3294 3023 3352 δὲ
3084 3298 3217 3373 ἅπερ
3267 3298 3295 3352 6
3352 3296 3549 3373 ἐχθρὸς
3590 3294 3836 3371 ἐχόμενα

2162 3377 2354 3457 τρίϐου
2420 3381 2696 3440 σκάνδαλα
2759 3385 2962 3455 τίθησι.
3030 3392 3120 3442 Δεῖ
3170 3387 3273 3462 γὰρ
3329 3387 3427 3448 τὰς
3499 3389 3605 3440 τῶν
3659 3387 3827 3459 ἱερῶν

2167 3475 2387 3548 Γραφῶν
2440 3470 2732 3529 ἂνελίττειν
2787 3469 3042 3550 βίϐλους,
3090 3475 3181 3531 καὶ
3225 3476 3346 3531 οἷον
3392 3471 3452 3530 ἔκ
3499 3494 3664 3529 τινων
3716 3495 3833 3544 πη-

2164 3563 2276 3635 γῶν
2331 3560 2564 3617 ἀεννάων
2612 3565 2883 3639 σωτήριον
2926 3562 3125 3619 ἐκεῖθεν
3172 3567 3279 3620 τῶν
3321 3564 3524 3639 ἀρετῶν
3572 3561 3829 3637 ἀρύεσθαι

2164 3655 2331 3723 νᾶμα.
2366 3651 2625 3728 Ἐωτέρα
2669 3672 2728 3708 τε
2774 3654 2875 3728 γὰρ
2927 3650 3184 3725 διαθήκη,
3215 3653 3307 3709 καὶ
3350 3650 3536 3726 μέντοι
3584 3651 3676 3707 καὶ
3716 3657 3828 3707 τῶν

2166 3738 2528 3803 θεοπνεύστων
2586 3736 2927 3797 διδασκάλων
2982 3761 3043 3797 τε
3097 3742 3187 3796 καὶ
3247 3741 3498 3812 ἀσκητῶν
3570 3740 3624 3795 αἱ
3692 3761 3826 3817 συγ-

2163 3828 2367 3907 γραφαὶ
2417 3830 2535 3883 οἷον
2583 3828 2769 3884 πίνακί
2822 3852 2930 3885 τινι
2986 3835 3064 3903 τῷ
3112 3828 3268 3906 λόγῳ
3315 3830 3382 3886 τὰ
3438 3830 3664 3885 ἑκάστου
3714 3833 3826 3883 τῶν

2165 3916 2331 3994 ἁγίων
2375 3924 2492 3980 τοῖς
2536 3917 2739 3974 ἐπαΐειν
2802 3919 3163 3995 βουλομένοις
3219 3916 3631 3976 ὑποδεικνύουσι
3690 3938 3822 3972 κατ-

2167 4007 2481 4081 ορθώματα.
2534 4006 2690 4064 Ἀλλ’
2721 4006 2772 4063 εἴ
2805 4007 2894 4063 καὶ
2924 4007 3129 4065 τούτων
3173 4006 3365 4084 πλήρη
3412 4007 3479 4063 τὰ
3526 4004 3822 4080 εἰρημένας

2167 4096 2343 4168 ὅμως,
2394 4095 2613 4171 ἐπείπερ
2666 4096 2906 4161 ἀσθενεῖς
2950 4097 3039 4155 καὶ
3084 4100 3275 4159 νωθεῖς
3321 4097 3374 4152 οἳ
3430 4094 3676 4165 πλείους,
3727 4096 3822 4150 καὶ

2168 4180 2399 4257 δεόμεθα
2454 4186 2694 4262 καθάπερ
2758 4186 2809 4241 οἱ
2869 4183 3088 4261 βραδεῖς
3136 4185 3203 4241 τὰ
3247 4184 3361 4241 ὦτα
3421 4182 3671 4261 μεγάλων
3728 4185 3823 4239 καὶ

2168 4278 2412 4353 συνεχῶν
2463 4280 2569 4331 τῶν
2606 4279 2703 4330 τοῦ
2751 4274 2923 4352 λόγου
2971 4277 3181 4355 ψόφων,
3226 4274 3300 4331 ’ἶν’
3356 4274 3500 4330 οὕτω
3552 4273 3721 4347 μόλις
3758 4274 3824 4329 τὸ

2086 4380 2136 4450 C
2168 4360 2435 4438 ἐνηχηθὲν
2494 4366 2530 4433 ἡ
2587 4364 2725 4434 ἁκοὴ
2792 4362 3180 4439 παραδέξηται,
3251 4362 3364 4420 δεῖν
3429 4362 3689 4437 νενόμικα
3743 4366 3821 4437 μή

2165 4450 2423 4507 παντελεῖ
2486 4451 2818 4529 παραδοῦναι
2869 4457 3066 4527 ,σιωπῇ
3125 4475 3191 4509 τα
3242 4452 3331 4510 ἐπὶ
3390 4458 3496 4508 τῶν
3548 4450 3821 4525 δωμάτων

2163 4540 2519 4615 κηρύττεσθαι
2564 4541 2704 4613 ἄξια,
2761 4546 2858 4597 τοῦ
2907 4542 3051 4598 θείου
3118 4541 3264 4620 φημὶ
3322 4543 3411 4598 καὶ
3466 4545 3666 4615 μεστοῦ
3725 4562 3828 4619 χα-

2166 4628 2329 4706 ρίτων
2376 4630 2710 4703 Χαρίτωνος.
2752 4630 2818 4687 Εἴ
2872 4631 2976 4706 γὰρ
3014 4632 3103 4686 καὶ
3151 4627 3483 4707 βαρυκάρδοι
3524 4631 3688 4703 ἡμεῖς
3731 4625 3826 4683 διὰ

2164 4719 2265 4789 τήν
2321 4720 2456 4794 πρὸς
2514 4719 2581 4774 τὰ
2638 4720 2801 4796 γήϊνα
2845 4726 2947 4790 τῆς
2998 4718 3219 4793 καρδίας
3273 4720 3448 4794 ῥοπὴν
3501 4718 3824 4794 ἀγαπῶντες

2169 4810 2528 4881 ματαιότητα,
2579 4810 2669 4864 καὶ
2704 4812 2994 4879 ζητοῦντες
3031 4807 3252 4884 ψεῦδος,
3294 4809 3368 4871 ὡς
3421 4809 3449 4862 6
3488 4809 3633 4867 θεῖος
3675 4804 3823 4881 λέγει

2167 4896 2350 4968 Δαυίδ,
2418 4896 2546 4953 ἀλλ’
2600 4897 2716 4966 οὖν,
2776 4901 3015 4975 καθάπερ
3072 4920 3154 4961 τις
3218 4899 3408 4973 πέτρα,
3465 4898 3560 4951 τὸν
3617 4897 3823 4951 πυκνὸν

2166 4987 2255 5043 καὶ
2297 4985 2659 5044 ἁδιάπαυστον
2692 4992 2787 5044 τοῦ
2830 4986 3000 5063 λόγου
3045 4987 3361 5065 σταλαγμὸν
3406 4989 3442 5056 ἡ
3475 4990 3573 5041 τοῦ
3603 4985 3821 5058 ἀνθρώο

2166 5099 2271 5134 που
2331 5076 2605 5154 δεχομένη
2655 5080 2808 5154 ψυχὴ
2860 5077 3161 5150 πλήττεται
3211 5076 3428 5139 πάντως
3479 5075 3638 5147 πόθῳ
3687 5074 3818 5143 τινὶ,

2168 5169 2257 5224 καὶ
2314 5171 2411 5223 τοῦ
2470 5167 2537 5224 τὰ
2598 5168 2735 5222 αὐτὰ
2785 5166 3047 5244 γενναίως
3097 5167 3405 5244 ὑπενεγκεῖν
3462 5161 3818 5232 διανίσταται,

2169 5259 2304 5332 ἅπερ
2361 5258 2414 5312 οἱ
2461 5255 2607 5333 ἅγιοι
2658 5258 2791 5331 πρὸς
2850 5260 2957 5313 τῶν
3017 5256 3263 5331 ἀοράτων
3331 5274 3391 5310 τε
3454 5252 3546 5308 καὶ
3608 5252 3819 5324 ὁρατῶν

2172 5347 2621 5421 ὅπομεμενήκασι
2676 5343 2981 5419 πολεμίων.
3034 5346 3307 5422 Ἅρξομαι
3375 5346 3505 5420 γοῦν
3559 5340 3821 5410 ἐντεῦθεν,

2243 5528 2319 5585 Β’.
2372 5529 2473 5581 Ἦν
2515 5524 2605 5581 ὅτε
2655 5526 2773 5581 οἶόν
2826 5546 2908 5588 τις
2959 5524 3294 5599 σκοτόμαινα
3346 5526 3373 5579 6
3423 5529 3522 5593 τῆς
3580 5515 3825 5581 ἀσεϐείας

2173 5616 2335 5696 ζόφος
2420 5614 2652 5676 ἁπάσαις
2735 5618 2853 5676 ταῖς
2940 5617 3035 5669 τοῦ
3118 5616 3257 5670 Θεοῦ
3346 5610 3523 5687 ἁγίαις
3597 5607 3825 5666 ἐπεσκό-

2169 5726 2329 5777 τησεν
2378 5701 2717 5773 ἐκκλησίαις,
2759 5700 2851 5758 λαὶ
2900 5700 3141 5775 θκὲλλης
3210 5698 3522 5772 τεινοτάτης
3591 5696 3750 5771 δίκην
3796 5699 3823 5753 ὁ
