4144 6184
393 338 502 401 901

1685 336 1865 400 νιΤΑ
1912 339 1975 401 S.
2023 338 2511 403 CHARITONIS.

3680 350 3798 413 902

383 510 496 560 τῶν
538 501 783 559 διωκτῶν
814 496 1066 576 θόρυϐος.
1108 499 1203 563 τὰς
1245 500 1353 556 τῶν
1396 503 1605 556 πιστῶν
1649 498 1867 575 ἐτάραξε
1920 498 2007 557 δια

2122 510 2499 573 secutorum,
2554 509 2781 563 mentes
2830 507 3200 565 conturbavit
3247 510 3533 580 ﬁdelium,
3575 515 3631 570 et
3680 530 3799 571 non

384 593 550 665 νοίας,
592 592 682 647 καὶ
738 591 976 665 καθάπερ
1045 612 1097 646 τι
1154 592 1302 663 κῦμα
1357 591 1390 659 ἡ
1460 590 1639 644 αὐτῶν
1680 589 2038 655 ἐπανάστασις

384 683 487 739 ούκ
518 680 738 757 ὀλίγους
775 686 883 737 τῶν
918 683 1258 757 Χριστιανῶν
1300 683 1382 752 τῷ
1430 686 1531 749 τῆς
1590 674 1835 741 ἀσεϐείας
1886 681 2036 756 βυθῷ

384 768 760 827 γατεϐάπτισε.
811 774 921 840 Τῆς
980 771 1083 847 γὰρ
1142 768 1434 841 Ῥωμαίων
1511 769 1787 844 βασιλείας
1854 771 2037 847 Αὐρη-

384 861 589 931 λιανὸς,
631 861 785 915 δτοῦ
840 862 1052 913 Σατανᾶ
1107 859 1353 929 θεράπων
1413 855 1619 931 κομιδῆ
1673 860 1918 934 γνήσιος,
1967 860 2035 915 τὰ

387 958 633 1025 σκῆπτρα
662 950 1105 1023 πεπιστευμένος,
1155 949 1222 1002 τά
1274 949 1369 1022 μὲν
1415 953 1627 1021 πρῶτα,
1690 948 1732 1003 εί
1791 948 1880 1003 καὶ
1921 953 2029 1004 τῶν

385 1040 630 1097 εἰδώλων
670 1040 875 1114 λάτρης
907 1040 1237 1115 θερμότατος
1269 1041 1358 1109 ἦν,
1392 1037 1518 1093 ἀλλ’
1559 1039 1650 1093 οὗν
1681 1059 1742 1116 γε
1771 1040 2028 1113 Χριστιαο

382 1130 502 1193 νοῦς
533 1130 684 1186 οὐδὲν
718 1130 926 1185 ἐκώλυε
954 1129 1044 1184 τὸν
1096 1128 1279 1198 ἀληθῆ
1326 1128 1455 1183 Θεὸν
1501 1133 1840 1203 προσκυνεῖν
1892 1130 2029 1200 εἶτα,

383 1219 487 1275 ὑπὸ
540 1224 648 1274 τῶν
707 1218 793 1274 ὑπ’
851 1217 1016 1274 αὐτοῦ
1073 1217 1513 1293 θεραπευομένων
1558 1214 1832 1291 δαιμόνων
1896 1220 2029 1274 ὑπο-

382 1303 631 1381 ϐληθείς,
664 1306 895 1370 ἅπαντας
954 1306 1082 1371 τοὺς
1130 1308 1219 1362 τὸν
1280 1306 1521 1381 Χριστὸν
1578 1307 1709 1362 Θεόν
1759 1307 2029 1381 ἀνομολο·

375 1402 622 1475 γοῦντας,
654 1399 788 1471 μετᾶ
832 1398 896 1453 τὸ
944 1396 1183 1459 πολλαῖς
1234 1398 1317 1452 ’ὁτι
1380 1394 1616 1469 μάλιστα
1665 1396 1756 1451 καὶ
1804 1404 2029 1473 πικραῖς

376 1486 580 1543 αἰκίσαι
628 1492 747 1549 ταῖς
780 1488 1053 1561 βασάνοις,
1105 1485 1369 1561 χαλεπῶς
1414 1486 1500 1540 ναὶ
1549 1489 1646 1540 τοῦ
1696 1490 1794 1560 ζῇν
1842 1486 2026 1558 ἀπήλ-

376 1577 584 1648 λαττεν,
636 1578 672 1647 ἦ
723 1579 863 1653 ξίφει
912 1576 1166 1653 ἀναιρῶν,
1227 1579 1262 1648 ἢ
1318 1574 1533 1650 θηρίοις
1591 1573 1942 1651 παραδιδοὺς,
1985 1576 2023 1649 ἤ

372 1668 525 1743 πυρὶ,
572 1665 609 1737 ἤ
649 1667 739 1722 καὶ
776 1666 1108 1744 βαρυτάτους
1148 1666 1336 1731 λίθούς
1398 1665 1576 1721 αὐτῶν
1633 1664 1885 1740 ἐξαρτῶν,
1932 1668 2023 1722 καὶ

373 1759 518 1813 οὕτω
588 1757 865 1830 θαλασσίῳ
921 1757 1297 1832 παραπέμπων
1354 1757 1522 1832 βυθῷ.
1583 1757 1857 1814 Ἐντεῦθεν
1904 1761 2022 1814 καθ’

2147 612 2314 653 secus
2360 614 2427 653 ac
2476 598 2633 653 unda
2684 598 2977 669 quedam,
3010 614 3211 655 eorum
3260 600 3626 674 insurrectio,
3681 622 3797 661 non

2146 701 2360 757 paucos
2412 686 2773 743 Christianos
2849 686 3042 743 obruit
3100 689 3389 760 profundo
3455 690 3793 763 impietatis.

2143 776 2288 831 Cum
2321 775 2475 832 enim
2508 776 2879 841 Aurelianus,
2914 780 3128 833 satana:
3159 778 3325 833 valde
3354 794 3667 851 germanus
3696 784 3796 838 mi-

2144 864 2346 932 nister,
2390 866 2747 936 suscepisset
2797 870 3027 937 sceptra
3083 866 3311 936 imperii
3375 867 3795 941 Romanorum,

2141 955 2397 1027 primum
2437 955 2702 1027 quidem,
2742 955 2852 1011 etsi
2901 956 3342 1012 ardentissimus
3401 966 3554 1014 esset
3602 959 3794 1017 cultor

2142 1044 2617 1115 simulacrorum,
2649 1045 3012 1101 Christianos
3041 1050 3241 1102 tamen
3269 1047 3413 1102 nihil
3443 1049 3790 1121 prohibebat

2139 1150 2336 1190 verum
2369 1134 2551 1191 Deum
2582 1135 2844 1191 adorare.
2867 1134 3089 1191 Deinde
3118 1152 3253 1191 cum
3284 1136 3343 1192 id
3374 1138 3424 1194 ei
3456 1142 3790 1211 suggessis-

2139 1228 2288 1289 sent,
2323 1223 2424 1294 qui
2456 1224 2526 1279 ab
2569 1239 2634 1280 eo
2680 1222 3043 1290 colebantur,
3076 1225 3390 1294 damones,
3423 1243 3651 1298 omnes,
3683 1232 3785 1302 qui

2137 1311 2427 1368 Christum
2448 1312 2629 1368 Deum
2649 1312 3092 1381 confitebantur,
3109 1318 3421 1386 postquam
3441 1316 3708 1388 plurimis
3731 1327 3787 1377 et

2139 1398 2530 1456 acerbissimis
2553 1399 2825 1456 affecerat
2846 1399 3173 1471 suppliciis,
3196 1403 3447 1474 graviter
3467 1405 3641 1461 etiam
3668 1407 3783 1463 vita

2138 1488 2423 1559 privahat,
2454 1492 2555 1544 aut
2584 1504 2720 1545 ense
2750 1489 3118 1557 interimens,
3147 1495 3250 1547 aut
3286 1493 3523 1550 tradens
3555 1494 3781 1563 bestiis,

2135 1580 2235 1633 aut
2287 1576 2433 1650 igni,
2491 1584 2590 1633 aut
2636 1577 2811 1634 etiam
2869 1578 3245 1650 gravissimos
3304 1580 3387 1637 eis
3442 1585 3781 1655 appendens

2134 1664 2374 1737 lapides,
2403 1669 2462 1722 et
2490 1665 2548 1721 in
2593 1666 2772 1722 maris
2818 1666 2900 1723 sic
2949 1668 3302 1739 profundum
3349 1672 3777 1730 transmittens.

2134 1755 2351 1811 Deinde
2382 1755 2442 1810 in
2476 1770 2824 1829 unaquaque
2852 1755 3083 1812 civitate
3114 1760 3171 1813 et
3199 1757 3454 1829 regione,
3487 1776 3615 1830 quae
3648 1762 3778 1832 ejus

372 1847 600 1918 ἑκάστην
629 1847 790 1903 πόλιν
822 1847 909 1902 καὶ
962 1849 1147 1923 χώραν
1190 1845 1434 1916 ὑποτελῆ
1482 1847 1661 1920 τούτῳ
1710 1846 2010 1927 τυγχάνου-

2131 1844 2375 1917 parebat
2402 1843 2667 1916 imperio,
2700 1827 2759 1900 in
2791 1845 2913 1900 {oro
2943 1845 3191 1916 impium
3242 1827 3572 1919 proponens
3620 1827 3780 1906 edic-

373 1957 464 1991 σαν
539 1936 603 1992 τὸ
676 1932 862 2000 ἀσεϐὲς
939 1937 1020 1991 ἐπ’
1095 1936 1292 2011 ἀγορᾶς
1368 1936 1645 2011 προτιθεὶς
1722 1933 2013 2013 διάταγμα,

373 2024 582 2100 σπουδῇ
621 2026 851 2102 παρῄνει
907 2031 976 2081 τά
1039 2021 1435 2100 κεκελευσμένα
1498 2029 1698 2083 ποιεῖν.
1758 2028 1861 2083 Ἦν
1922 2025 2012 2082 οῦν

371 2112 502 2170 ἰδεῖν
557 2116 796 2190 καθάπερ
838 2114 1019 2171 λύκων
1076 2114 1267 2188 ἐσμοῦ,
1330 2113 1550 2189 μεγάλῳ
1607 2114 2013 2179 ἐπεισελθόντας

364 2203 628 2278 ποιμνίῳ,
687 2206 752 2260 τὰ
807 2209 905 2260 τοῦ
968 2204 1235 2276 ἀληθινοῦ
1294 2204 1559 2278 Ποιμένος
1611 2201 1744 2279 τῇδε
1799 2210 2014 2261 κακεῖσε

364 2290 784 2369 διασπειρόμενα
841 2294 1150 2370 θρέμματα.
1208 2295 1369 2350 ’Ὀσοι
1430 2294 1525 2367 μὲν
1580 2294 1686 2368 γὰρ
1738 2295 1801 2349 τὸ
1859 2291 2011 2351 ἄθεον

362 2380 536 2437 ἐκεῖνο
650 2379 894 2457 δημοσίᾳ
992 2381 1413 2458 προτεθειμένον
1517 2384 2011 2460 προανεγνώκεισαν

360 2472 720 2547 πρόγραμμα,
753 2473 805 2527 οἱ
853 2472 946 2546 μὲν
999 2469 1227 2549 δρασμῷ
1275 2473 1622 2547 χρησάμενοι
1669 2472 1909 2548 ᾤχοντο,
1960 2474 2012 2528 οἱ

365 2558 445 2630 δὲ,
515 2566 717 2639 μυχοῖς
784 2561 847 2617 τὸ
911 2561 1174 2637 πρότερον
1250 2560 1687 2637 ἐγκλεισάμενοι,
1764 2560 1859 2625 εἶθ’
1909 2562 2011 2617 ὑπὸ

363 2650 527 2706 νύκτα
569 2648 1059 2725 διαδιδράσκουσιν·
1105 2651 1157 2705 οἱ
1207 2648 1284 2720 δὲ,
1342 2650 1555 2725 ἀθρόως
1605 2649 1654 2723 ἐξ
1708 2651 1877 2720 αὐτῆς
1926 2650 2012 2706 0i-

366 2740 484 2803 κίας
514 2741 953 2817 κατασχεθέντες,
987 2739 1073 2796 ἐπὶ
1103 2742 1166 2795 τὸ
1200 2739 1579 2814 δεσμωτήριον
1623 2740 1845 2817 ⁴ἤγοντο·
1894 2737 2010 2795 ἐτε-

367 2851 451 2904 ροι
484 2827 564 2899 δὲ,
617 2828 759 2903 μηδὲ
808 2829 903 2893 τὰς
971 2830 1193 2904 πρώτας
1261 2828 1639 2903 ὑπομείναντες
1696 2828 2008 2904 ἐρωτήσεις.

360 2924 457 2998 φεῦ
499 2920 856 2994 ψυχοφθόρου
904 2918 1179 2981 ἀπωλείας
1231 2921 1243 2975 !
1305 2920 1527 2982 ἑαυτοὺς
1584 2917 1883 2993 ἐνεγκόντες
1941 2923 2010 2993 τῇ

359 3007 539 3082 πλάνῃ
589 3006 1091 3075 κατεδουλώσαντο,
1149 3008 1240 3062 τὸν
1298 3011 1388 3062 νῦν
1447 3007 1820 3084 ἀγαπήσαντες
1877 3010 2013 3063 κατά

2126 1937 2278 2002 tum,
2310 1933 2656 1989 hortabatur
2703 1933 3014 2006 diligenter
3052 1935 3289 2007 exsequi
3319 1953 3406 2004 ea,
3441 1954 3568 2009 quae
3611 1939 3776 2009 jussa

2125 2022 2373 2078 fuerant.
2409 2022 2645 2079 Licebat
2688 2037 2825 2094 ergo
2874 2025 3086 2092 videre,
3113 2025 3353 2096 perinde
3383 2040 3449 2082 ac
3478 2026 3531 2083 si
3559 2042 3773 2099 agmen

2123 2110 2399 2184 luporum
2430 2111 2489 2167 in
2521 2126 2800 2184 magnum
2833 2127 3068 2184 gregem
3099 2113 3390 2179 irruisset,
3424 2115 3542 2171 veri
3572 2121 3773 2189 pasto-

2123 2199 2205 2255 ris
2262 2214 2394 2256 oves
2436 2198 2551 2256 huc
2601 2207 2654 2256 et
2696 2198 2835 2255 illuc
2881 2200 3159 2273 dispergi.
3212 2202 3554 2275 Quicunque
3608 2205 3768 2262 enim

2122 2287 2266 2345 illud
2306 2289 2553 2360 impium
2601 2288 2834 2360 publice
2883 2290 3246 2362 propositum
3295 2290 3552 2349 edictum
3602 2296 3768 2365 prius

2120 2376 2402 2450 legerant,
2445 2377 2542 2434 alii
2593 2378 2829 2449 quidem
2879 2379 3017 2451 fuga
3059 2379 3173 2436 sibi
3211 2381 3635 2439 consulebant:
3668 2383 3768 2439 alii

2120 2474 2307 2524 autem
2339 2467 2503 2539 prius
2533 2466 2744 2525 inclusi
2777 2468 3197 2540 penetralibus,
3230 2471 3437 2529 deinde
3476 2474 3588 2530 sub
3625 2490 3771 2531 noc-

2125 2560 2236 2613 tem
2285 2556 2682 2629 effugiebant:
2715 2555 2813 2612 alii
2860 2573 2995 2614 vero
3043 2562 3280 2630 repente
3320 2560 3381 2616 in
3422 2562 3548 2634 ipsa
3596 2564 3770 2621 domo

2123 2644 2530 2716 comprehensi
2580 2645 2945 2701 ducebantur
2972 2645 3030 2701 in
3058 2663 3384 2705 carcerem:
3418 2650 3516 2706 alii
3549 2655 3769 2720 autem,

2124 2750 2259 2791 cum
2292 2749 2397 2790 nec
2426 2734 2653 2806 primas
2682 2734 2921 2806 quidem
2969 2735 3397 2793 sustinuissent
3443 2739 3772 2812 interroga-

2121 2822 2309 2879 tiones
2355 2824 2432 2896 (ο,
2484 2823 2582 2895 qui
2644 2823 2900 2879 animam
2960 2824 3170 2896 perdit,
3202 2825 3551 2899 interitum),
3592 2830 3771 2886 errori

2124 2912 2345 2982 seipsos
2373 2912 2815 2984 mancipabant,
2847 2914 2999 2984 quod
3032 2930 3188 2969 nunc
3218 2919 3327 2984 est,
3361 2917 3408 2972 si
3444 2922 3509 2972 ut
3538 2922 3772 2989 Demas,

2122 3001 2401 3059 saeculum
2459 3000 2789 3074 diligentes,
2839 3007 2898 3058 et
2958 3002 3253 3059 Christum
3314 3004 3441 3062 sine
3497 3008 3772 3079 periculis

358 3096 448 3151 τὸν
479 3101 666 3167 Δημᾶν
708 3096 901 3163 αίῶνα,
933 3095 1021 3151 καί
1052 3097 1287 3172 Χριστὸν
1329 3094 1452 3152 ἄνευ
1515 3094 1779 3152 κινδύνων
1819 3097 2010 3172 ἐξομο-

406 3184 416 3199 .
644 3184 737 3199 ..η
910 3190 935 3199 -
1044 3192 1072 3199 _
1176 3187 1189 3199 .
1265 3180 1294 3199 ρ
1334 3185 1345 3199 .
1462 3185 1551 3199 ...ς
1713 3186 1726 3199 .
1837 3190 1848 3199 .
1956 3188 1968 3199 .

2122 3091 2495 3163 abjurantes:
2531 3090 2630 3147 alii
2678 3107 2815 3146 cum
2856 3090 2973 3147 zelo
3004 3091 3239 3162 pietatis
3283 3093 3506 3150 animas
3556 3097 3774 3151 confir-

358 3184 605 3259 σάμενοι·
642 3184 829 3255 ἃλλοι,
870 3190 950 3258 τῷ
1006 3192 1106 3256 τῆς
1166 3180 1408 3247 ἀσεϐείας
1462 3185 1615 3259 ζήλῳ
1669 3186 1767 3249 τάς
1824 3188 2009 3262 ψυχὰς

358 3273 781 3349 ἐπεβρώσαντες,
848 3276 1005 3331 ποσὶν
1088 3274 1417 3349 αὐτομάτοις
1481 3278 1868 3351 προσήρχοντο
1934 3279 2013 3348 τῷ

358 3362 653 3435 δικάζοντι,
683 3363 903 3438 ἕτοιμοι
934 3364 1183 3441 λέγοντες
1234 3366 1368 3420 εἶναι
1416 3366 1590 3428 πάσας
1640 3386 1699 3419 τε
1750 3365 2011 3442 βασάνους

359 3455 665 3529 ὑπενεγκεῖν
708 3456 795 3510 καὶ
840 3455 983 3510 οὕτω
1038 3458 1137 3510 τοῦ
1196 3460 1290 3529 ζῇν
1351 3456 1544 3530 βιαίως
1604 3454 1931 3526 ὑπεξελθεῖν,
1973 3452 2009 3524 ἤ

355 3551 453 3613 τῆς
484 3545 558 3607 εἷς
594 3545 821 3619 Χριστὸν
854 3546 1087 3607 πίστεως
1116 3544 1376 3601 ἐκπεσεῖν.

428 3634 501 3690 Γ’.
547 3629 686 3690 Τότε
735 3631 800 3703 δὴ
855 3633 977 3688 τότε
1029 3634 1120 3688 καὶ
1177 3633 1312 3687 κατὰ
1365 3632 1463 3701 τὴν
1520 3631 1783 3686 Ἰκονιὲων
1842 3631 2005 3687 πόλιν

358 3726 459 3790 τῆς
492 3721 776 3775 Λυκαόνων
828 3721 1097 3796 ἐπαρχίας
1160 3725 1257 3776 τοῦ
1312 3717 1529 3775 τοιοῦδε
1589 3718 2005 3797 διαγγελθέντος

358 3812 800 3887 προστάγματοςο
868 3810 990 3881 ἥτις
1075 3811 1165 3865 καὶ
1231 3809 1425 3886 πατρὶς
1511 3811 1823 3884 Χαρίτωνος
1915 3812 2005 3882 ἦν,

357 3897 545 3969 ἐπειδή
604 3905 724 3962 ταῖς
763 3905 857 3955 τοῦ
919 3906 1183 3975 Σωτῆρος
1240 3898 1488 3961 ἐντολαῖς
1549 3900 1577 3953 6
1638 3898 1806 3973 μέγας
1847 3897 2004 3961 οὗτος

356 3987 861 4063 περιλαμπόμενος,
920 3983 1250 4062 περιϐόητος
1310 3984 1502 4042 ἅπασιν
1564 3986 1847 4064 ἐτύγχανεν
1906 3986 2004 4059 ὢν,

353 4077 695 4152 ἀνάρπαστος
727 4078 884 4142 εὐθὺς
915 4077 1004 4133 ἐπὶ
1043 4079 1103 4133 τὸ
1144 4082 1238 4132 τοῦ
1278 4072 1505 4138 ἀσεϐοῦς
1562 4073 1831 4155 ἄρχοντος
1880 4076 2004 4151 ἄγε-

351 4188 440 4222 ται
476 4167 649 4240 βῆμα.
685 4166 858 4223 Ἀλλὰ
891 4168 1208 4240 ἀκούσωμεν
1244 4168 1336 4221 οἷα
1367 4165 1719 4241 ἐρωτώμενος
1769 4167 1797 4221 6
1829 4167 2002 4241 ἅγιος,

352 4256 441 4309 οἷα
483 4257 617 4329 μετά
684 4255 990 4332 παρῥησίας
1042 4254 1355 4330 ἐφθέγγετο.
1405 4254 1474 4311 Τί
1529 4252 1622 4309 οὖν
1664 4255 1692 4310 6
1738 4254 2002 4332 ἡγεμώνς

349 4364 614 4419 προτερον
677 4344 729 4399 τί
788 4342 963 4416 ὄνομα
1019 4344 1168 4416 αὐτῷ
1220 4342 1466 4418 διηρώτα
1514 4344 1605 4398 καὶ
1662 4342 1745 4405 τίς
1791 4346 1826 4413 ἡ
1877 4346 2006 4421 θρη-

2127 3184 2410 3247 massent,
2425 3180 2492 3235 ad
2506 3179 2767 3250 judicem
2787 3196 2887 3235 sua
2904 3188 3109 3252 sponte
3131 3182 3505 3251 accedebant,
3520 3184 3773 3242 dicentes

2124 3284 2187 3325 se
2217 3284 2344 3325 esse
2376 3274 2608 3340 paratos
2639 3270 2711 3325 ad
2743 3270 2935 3325 omnia
2984 3270 3219 3325 ferenda
3264 3278 3569 3342 tormenta,
3602 3282 3655 3330 et
3686 3276 3771 3332 sic

2123 3375 2226 3432 per
2279 3358 2393 3413 vim
2442 3358 2560 3415 vita
2615 3360 2889 3415 excedere
2958 3358 3153 3431 potius
3211 3375 3387 3431 quam
3448 3379 3481 3417 a
3539 3363 3651 3419 ﬁde
3707 3364 3769 3420 in

2122 3447 2412 3506 Christum
2443 3448 2726 3505 excidere.

2192 3626 2289 3683 IlI.
2321 3628 2505 3695 Tunc,
2539 3633 2672 3681 tunc
2702 3628 2878 3683 etiam
2912 3628 2970 3683 in
3011 3630 3242 3687 civitate
3296 3635 3580 3691 Iconiensi
3631 3654 3768 3709 pro-

2115 3716 2318 3773 vincia;
2351 3716 2637 3788 Lycaonia
2671 3717 2776 3773 hoc
2827 3719 3170 3776 annuntiato
3216 3722 3426 3792 edicto,
3459 3741 3583 3795 quae
3629 3730 3761 3798 qui-

2118 3809 2247 3863 dem
2306 3808 2428 3861 erat
2486 3805 2673 3877 patria
2724 3806 3070 3876 Cbaritonis,
3122 3810 3398 3880 quoniam
3471 3816 3762 3873 mandatis

2114 3891 2425 3948 Salvatoris
2457 3890 2551 3947 hic
2581 3893 2669 3947 vir
2698 3908 2950 3965 magnus
2997 3893 3385 3966 illuminatus,
3418 3898 3611 3957 clarus
3642 3909 3763 3958 erat

2116 3980 2270 4051 apud
2301 3995 2527 4048 omnes,
2566 3986 2834 4053 arreptus
2883 3983 3078 4038 statim
3130 3985 3360 4041 ducitur
3400 3988 3473 4043 ad
3502 3989 3761 4046 tribunal

2116 4068 2281 4140 impii
2314 4069 2602 4141 praesidis.
2636 4071 2750 4127 Sed
2776 4072 3099 4144 audiamus,
3132 4091 3263 4130 cum
3313 4082 3533 4148 quanta
3574 4079 3763 4135 inter-

2116 4172 2351 4235 rogatus
2401 4166 2644 4219 Sanctus
2714 4162 3062 4234 loquebatur
3125 4165 3357 4222 ﬁducia.
3420 4168 3565 4232 Quid
3624 4185 3761 4242 ergo

2116 4267 2329 4324 prmses
2350 4253 2378 4305 ‘2
2411 4250 2573 4307 Prius
2622 4251 3022 4323 interrogavit,
3055 4254 3202 4324 quod
3256 4262 3408 4310 esset
3437 4257 3489 4313 ei
3522 4274 3758 4329 nomen,

2114 4344 2170 4397 et
2199 4357 2324 4413 quas
2362 4341 2586 4414 religio.
2620 4345 2934 4413 Postquam
2967 4346 3161 4399 autem
3202 4359 3330 4400 esse
3361 4346 3758 4406 Christianum

347 4435 517 4489 σγείαο
550 4435 623 4496 ὡς
676 4433 732 4489 δὲ
773 4433 1099 4510 Χριστιανὸν
1147 4433 1307 4499 εἶναι,
1355 4434 1443 4488 καὶ
1482 4432 1550 4487 τὰ
1589 4437 1779 4507 πρῶτα
1827 4435 2004 4510 φέρειν

2122 4429 2424 4497 intellexit,
2456 4435 2513 4485 et
2557 4430 2777 4503 primas
2825 4430 3083 4487 obtinere
3136 4437 3328 4503 partes
3377 4434 3434 4489 in
3486 4436 3755 4493 civitate:

348 4529 447 4591 τῆς
480 4522 777 4596 εἰρημένης
808 4521 1071 4594 ἐμάνθανε
1113 4520 1349 4582 πόλεως.
1396 4521 1462 4577 Τί
1494 4517 1720 4591 δήποτε,
1756 4520 1802 4574 ὦ
1852 4522 2001 4593 οὗτο,

347 4606 473 4688 ἔφη,
514 4616 631 4672 ταῖς
678 4615 776 4665 τοῦ
842 4610 1127 4686 κρατίστου
1191 4607 1461 4684 βασιλέως
1511 4608 2001 4685 ἀντιφθεγγόμενος

347 4703 572 4776 ψάφοις,
618 4706 733 4763 τοῖς
768 4698 1055 4761 ἀθανάτοις
1111 4700 1256 4753 θύειν
1306 4695 1505 4768 ἥκιστα
1566 4697 1754 4773 βούλει
1814 4700 1997 4768 θεοῖς;

347 4787 570 4858 Ἐπειδή
606 4789 667 4844 οὐ
701 4790 837 4860 θεοὶ,
870 4788 915 4843 ὦ
951 4789 1197 4856 ὑπατικὶ,
1231 4789 1284 4843 οἱ
1324 4787 1435 4843 θεοὶ
1492 4789 1666 4861 ὑμῶν,
1700 4788 1728 4842 6
1758 4793 1997 4862 γενναίος

354 4877 558 4951 μάρτυς
605 4882 704 4934 τοῦ
771 4880 1004 4951 Χριστοῦ
1072 4877 1413 4951 ἀπεκρίνατο,
1473 4874 1725 4950 δαιμόνια
1783 4873 1840 4932 δὲ
1895 4897 1999 4932 πο-

343 4967 610 5038 νηρᾶ,ὡς
641 4968 731 5022 καὶ
783 4968 850 5022 τά
911 4969 1030 5022 θεῖά
1088 4988 1219 5045 φησι
1282 4969 1467 5041 λόγια,
1522 4965 1605 5022 ὅτι
1667 4965 1868 5029 Πάντες
1944 4968 1996 5021 οἱ

341 5056 450 5111 θεοῖ
477 5061 587 5112 τῶν
621 5057 785 5111 ἐθνῶν
821 5053 1101 5129 δαιμόνια,
1148 5058 1175 5111 6
1216 5054 1274 5111 δὲ
1318 5057 1520 5130 Κύριος
1564 5055 1691 5117 τοὺς
1737 5055 1996 5131 οὐρανοὺς

340 5145 584 5216 ἐποίησε.
617 5144 717 5199 Καὶ
749 5144 992 5219 ἑτέρωθι.
1044 5144 1189 5214 Θεοὶ,
1241 5145 1294 5199 οἳ
1339 5146 1430 5201 τὸν
1479 5146 1710 5219 οὐρανόν
1756 5147 1844 5201 καὶ
1892 5148 1992 5216 τήν

338 5238 444 5311 γῆν
476 5233 580 5288 οὐκ
608 5232 893 5305 ἐποίησαν,
943 5232 1350 5290 ἀπολέσθωσαν.
1401 5233 1565 5291 Αὐτοὶ
1613 5234 1789 5290 τοίνυν
1830 5235 1990 5309 ὑμᾶς,

336 5321 463 5383 τοὺς
501 5323 578 5395 μή
627 5319 1023 5396 δοκιμάζοντας
1080 5323 1173 5378 τὸν
1234 5322 1384 5393 Θεόν,
1535 5344 1697 5402 φησιν
1744 5324 1772 5378 6
1821 5325 1990 5379 Ἀπό-

336 5410 555 5480 στολος,
608 5406 753 5488 ἔχειν
808 5412 861 5468 ἐν
912 5412 1219 5489 ἐπιγνώσει,
1266 5412 1509 5477 πείθουσι
1563 5412 1715 5477 θεοὺς
1762 5412 1988 5473 τούτους

332 5508 585 5581 ἡγεῖσθαι
647 5503 795 5561 δυοῖν
833 5506 1016 5583 χάριν,
1062 5504 1136 5560 ’ἶν’
1188 5504 1338 5561 αύττὶ
1396 5507 1489 5579 μὲν
1529 5510 1598 5580 τῇ
1644 5507 1990 5581 προσηγορίᾳ

330 5596 501 5669 ταύτῃ
537 5592 867 5665 δοξάζξοιντο⁸
919 5592 1144 5665 ἥδονται
1192 5596 1317 5670 γάρ,
1362 5598 1451 5650 ἅτε
1502 5594 1736 5669 πλήρεις
1786 5594 1989 5665 ἀλαζο-

330 5684 467 5747 νείας
517 5680 685 5754 ὄντες,
740 5686 812 5746 ὡς
865 5685 976 5740 θεοὶ
1023 5684 1347 5757 τιμώμενον
1408 5684 1547 5758 ὑμᾶς
1591 5681 1668 5755 δὲ,
1711 5685 1805 5747 οῦς
1839 5686 1983 5755 ἠπαπ

2113 4521 2319 4587 Quare,
2368 4519 2580 4592 inquit,
2622 4535 2655 4576 ο
2704 4524 2789 4588 tu,
2840 4521 3140 4577 sententia
3194 4538 3257 4577 ac
3308 4524 3537 4580 decreto
3582 4542 3759 4598 repu-

2112 4627 2301 4684 gnans
2343 4612 2726 4683 imperatoris,
2762 4612 3004 4669 minime
3031 4614 3116 4670 vis
3147 4615 3472 4671 sacrificare
3503 4616 3615 4673 diis
3644 4618 3760 4674 im-

2110 4700 2498 4756 mortalibus?
2526 4700 2809 4764 Quoniam
2861 4717 2978 4757 non
3027 4706 3166 4758 sunt
3211 4702 3312 4773 dii,
3341 4720 3373 4758 o
3406 4704 3755 4773 consularis,

2109 4788 2282 4844 vestri
2315 4789 2417 4859 dii,
2451 4790 2748 4859 respondit
2779 4805 3096 4862 generosus
3136 4791 3343 4847 Christi
3377 4798 3617 4866 martyr,
3653 4795 3753 4850 sed

2108 4876 2259 4932 mala
2303 4877 2613 4947 daemonia,
2644 4878 2797 4934 sicut
2828 4878 3028 4936 dicunt
3073 4880 3269 4936 divina
3318 4881 3586 4953 eloquia:
3623 4883 3756 4938 Om-

2107 4981 2210 5023 nes
2241 4966 2321 5022 dii
2353 4967 2617 5039 gentium
2657 4968 2961 5037 daemonia,
2995 4969 3277 5026 Dominus
3330 4976 3526 5026 autem
3578 4971 3754 5029 oculos

2107 5055 2258 5111 fecit.
2294 5056 2363 5111 Et
2390 5055 2565 5111 alibi:
2599 5056 2710 5124 Dii,
2745 5056 2845 5129 qui
2877 5056 3089 5113 coelum
3121 5062 3179 5113 et
3209 5062 3419 5115 terram
3448 5076 3566 5116 non
3602 5062 3753 5117 fece-

2104 5147 2257 5213 runt,
2292 5148 2547 5215 pereant.
2584 5146 2702 5218 Ipsi
2758 5162 2891 5218 ergo
2947 5147 3132 5215 vobis,
3165 5148 3260 5219 qui
3321 5166 3434 5204 non
3492 5150 3749 5221 probatis

2102 5232 2306 5302 Deum,
2342 5238 2405 5288 ut
2434 5235 2515 5289 ait
2558 5235 2886 5307 Apostolus,
2919 5235 3133 5291 habere
3165 5237 3223 5292 in
3255 5238 3571 5310 agnitione,
3619 5256 3748 5312 per-

2100 5323 2351 5379 suadent
2398 5338 2496 5379 eos
2544 5328 2682 5381 deos
2729 5324 3059 5382 existimare
3118 5325 3346 5383 duabus
3404 5329 3475 5384 de
3527 5330 3742 5400 causis,

2102 5428 2309 5485 nempe
2341 5417 2403 5469 ut
2444 5413 2556 5485 ipsi
2602 5414 2837 5485 quidem
2885 5415 3285 5487 gloriﬁcentur
3326 5417 3436 5474 hac
3485 5418 3743 5491 appella-

2098 5500 2277 5569 tione,
2311 5501 2590 5573 (gaudent
2612 5502 2787 5571 cnim,
2822 5507 2887 5559 ut
2919 5504 3019 5575 qui
3054 5503 3171 5560 sint
3202 5505 3351 5576 pleni
3384 5510 3739 5581 arrogantia,

2096 5608 2163 5648 se
2193 5596 2470 5664 tanquam
2505 5595 2642 5651 deos
2674 5595 2985 5667 honorari),
3014 5614 3113 5653 vos
3145 5603 3361 5667 autem,
3388 5617 3537 5671 quos
3568 5601 3737 5657 dece-

2100 5689 2327 5752 perunt,
2360 5684 2653 5741 utlrahant
2683 5684 2738 5740 in
2773 5685 2882 5741 sibi
2914 5686 3182 5743 daratum
3218 5688 3436 5760 ignem,
3469 5691 3567 5761 qui
3618 5704 3731 5747 non
