4144 6184
451 317 566 381 903

1745 311 2031 376 MENSIS
2080 310 2563 376 SEPTEMBER.

3736 327 3862 388 904

448 481 864 554 exstinguitur.
888 481 1107 538 Prmses
1135 478 1314 536 dixit:
1340 480 1640 552 Oporteret
1669 478 1906 551 quidem
1939 478 2071 535 indi-

2204 478 2450 549 τήκασιν,
2483 477 2558 540 εἰς
2588 475 2648 532 τὸ
2698 480 3102 556 ἡτοιμασμένον
3145 483 3333 550 αὖτοῖς
3379 484 3636 546 ἄσϐεστον
3685 491 3860 548 ἑλκύ-

445 571 636 642 gnari,
661 578 712 626 et
737 571 1006 642 protinus
1037 569 1142 626 tibi
1172 569 1444 626 ultimum
1475 569 1689 626 inferre
1718 570 2091 641 supplicium,

445 659 543 730 qui
589 659 700 714 diis
743 658 1242 730 omnipotentibus
1271 658 1350 714 ita
1381 657 1790 715 insultaveris:
1824 660 1921 716 sed
1946 675 2092 731 quo-

445 749 602 804 niam
632 748 673 803 ii
704 758 840 804 sunt
885 749 1116 820 placidi,
1149 753 1206 805 et
1235 750 1303 804 ad
1347 749 1487 804 iram
1520 765 1635 805 non
1667 749 1959 821 propensi,
1991 765 2090 806 eos

445 854 548 909 ego
595 854 828 910 quoque
855 837 914 893 in
946 837 1254 909 praesentia
1295 837 1552 906 imitans,
1599 854 1868 910 suggero,
1902 842 1966 893 ut
1996 837 2088 894 fa-

443 926 564 982 cias
612 926 694 994 id,
727 927 884 998 quod
935 926 1041 982 tibi
1091 926 1387 984 conducit.
1428 925 1578 982 Illud
1627 931 1820 983 autem
1861 930 1969 991 est,
2001 929 2087 994 ut,

442 1013 633 1088 longis
664 1015 881 1072 relictis
912 1017 1298 1085 orationibus,
1329 1015 1444 1073 diis
1474 1017 1682 1074 offeras
1713 1016 2084 1073 sacrificium.

441 1104 535 1163 Sic
565 1105 720 1163 enim
747 1105 853 1163 tibi
884 1105 1074 1163 licebit
1101 1105 1337 1164 laudem
1385 1122 1587 1179 parare
1617 1122 1684 1164 ex
1713 1106 2084 1179 imperatore.

513 1364 607 1417 IV.
638 1361 743 1418 Sin
789 1361 832 1417 ii
887 1360 1125 1433 quidem
1175 1364 1318 1417 sunt
1363 1362 1486 1417 haec
1532 1361 1712 1417 surda
1759 1364 1816 1418 et
1864 1360 2083 1427 inania,

441 1451 746 1522 respondit
800 1450 1014 1507 Christi
1073 1467 1295 1520 servus,
1335 1467 1450 1507 non
1501 1454 1650 1506 recte
1697 1451 1859 1520 facis,
1891 1467 1923 1507 ο
1955 1464 2087 1507 con-

439 1539 676 1609 sularis,
711 1539 907 1597 leviter
937 1541 1126 1596 ferens
1155 1555 1275 1607 eas,
1316 1540 1531 1611 quibus
1579 1539 1867 1596 aﬂicimus
1902 1540 2082 1612 ipsos,

440 1627 845 1684 contumelias.
881 1629 983 1684 Sin
1016 1633 1213 1685 autem
1248 1645 1363 1685 non
1395 1633 1532 1684 sunt
1559 1628 1662 1694 dii,
1693 1630 1843 1685 sicut
1887 1645 2085 1685 revera

439 1731 555 1772 non
587 1727 741 1786 sunt,
773 1721 990 1774 temere
1040 1717 1309 1784 minaris,
1341 1722 1396 1774 et
1427 1723 1482 1774 te
1529 1717 1825 1775 incassum
1881 1719 2083 1791 inique

2199 587 2334 620 σωσι
2361 570 2488 640 πῦρ.
2537 568 2594 622 Ὀ
2625 568 2849 643 ἡγεμὼν
2902 565 3027 650 ἔφη’
3079 575 3408 651 ’Δσχάλλειν
3463 582 3556 652 μὲν
3607 575 3715 636 ἔδει
3755 583 3854 639 καὶ

2196 656 2294 725 τήν
2358 655 2598 730 ἐσχάτην
2659 656 2811 721 εὐθὺς
2869 658 3084 736 ἐπάγειν
3134 685 3217 719 σοι
3268 668 3559 744 τιμωρίαν,
3603 671 3679 736 εἷς
3717 673 3854 736 τοὺς

2199 743 2636 819 παντοδυνάμους
2702 747 2875 810 οὕτως
2929 743 3429 829 ἐμπεπαρῳνηκότι
3469 759 3646 823 θοούς·
3693 762 3849 831 πλὴν

2196 832 2310 890 ἐπεὶ
2346 835 2618 911 μειλίχιοι
2667 837 2818 894 οὗτοι
2869 841 2958 896 καὶ
3010 841 3130 899 λίαν
3183 845 3464 923 ἁόργητοι,
3512 852 3739 914 τούτους
3786 853 3849 908 ἰν

2192 930 2272 997 τῷ
2302 925 2528 1000 παρόντι
2575 927 2664 982 καὶ
2718 927 2874 990 αὐτὸς
2938 932 3342 1008 μιμησάμενος,
3399 939 3462 993 τὸ
3521 938 3845 997 λυσιτελοῦν

2195 1034 2278 1069 σοι
2310 1019 2485 1070 ποιεῖν
2539 1014 2860 1091 ὑποτίθημι.
2888 1019 2964 1076 Τὸ
3020 1017 3077 1075 δὲ
3121 1020 3255 1098 ἐστι,
3292 1025 3418 1088 τοὺς
3468 1031 3702 1104 ματροὺς
3750 1032 3849 1087 ἐά-

2193 1124 2357 1160 σαντα
2389 1103 2614 1180 λόγους,
2662 1110 2780 1167 τοῖς
2834 1113 2976 1170 θεοῖς
3024 1111 3204 1167 Θυσίαν
3252 1103 3646 1193 προσενεγκεῖν·
3694 1123 3846 1177 οὓτω

2189 1192 2291 1267 γὰρ
2324 1191 2526 1266 ἐξέσται
2579 1213 2664 1248 σοι
2711 1191 2970 1268 κερδῆσαι
3018 1200 3109 1254 καὶ
3164 1201 3227 1256 τὸ
3269 1207 3370 1259 τοῦ
3423 1191 3688 1282 βασιλέως
3749 1231 3848 1286 φι-

2193 1280 2451 1356 λότιμον.

2263 1379 2333 1429 Δ’.
2378 1373 2439 1431 Et
2473 1374 2569 1448 μέν
2602 1377 2718 1432 θεοὶ
2761 1381 2917 1435 ταυτὶ
2963 1381 3031 1435 τὰ
3087 1381 3245 1459 κωφά
3289 1403 3349 1438 τε
3403 1384 3494 1440 καὶ
3552 1386 3758 1464 ἄψυχα,
3811 1391 3844 1445 6

2191 1461 2440 1536 θεραπων
2472 1463 2796 1540 ἀπεκρίνατο
2836 1472 2933 1524 τοῦ
2963 1471 3221 1542 Χριστοῦ,
3281 1473 3382 1527 οὐκ
3436 1475 3490 1529 εῦ
3538 1497 3598 1550 γε
3638 1485 3844 1550 ποιεῖς,

2192 1552 2438 1624 ὑπατικὲ,
2501 1560 2864 1631 μακροθυτίῶν
2913 1558 2994 1636 ἐφ’
3041 1563 3130 1624 αἷς
3181 1582 3281 1636 περ
3335 1563 3518 1626 αὐτοῖς
3567 1566 3842 1642 ἐπάγομεν

2189 1636 2428 1716 ὕϐρεσιν
2481 1643 2527 1698 εἰ
2578 1642 2635 1700 δὲ
2686 1649 2760 1719 μὴ
2813 1649 2947 1717 θεοὶ,
3002 1648 3183 1725 ὥσπερ
3242 1650 3369 1708 ούδὶ
3424 1662 3524 1724 τῆς
3579 1636 3844 1727 ἀληθείας

2190 1731 2322 1802 θεοὶ,
2394 1734 2568 1805 μάτην
2638 1735 2882 1800 ἀπειλεῖς
2949 1737 3053 1813 ἄρα
3116 1742 3207 1795 καὶ
3277 1739 3525 1813 διακενῆς
3593 1747 3840 1821 ἀνομεῖς.

435 1804 608 1876 geris.
665 1805 754 1862 Me
812 1806 970 1863 enim
1039 1823 1154 1863 non
1215 1807 1404 1864 vincet
1477 1807 1662 1864 ullum
1739 1807 2071 1880 periculum,

435 1905 620 1916 _-....-
673 1893 987 1916 -..ελ-.--μ
1039 1895 1408 1916 ..------.ι,ι;ι
1455 1910 1516 1916 Α..
1565 1894 1832 1916 -___!L-__
1897 1900 2071 1916 ﬁ---”

2189 1819 2323 1892 Ἐμὶ
2350 1804 2450 1896 γάρ
2479 1821 2586 1899 ούχ
2616 1826 2830 1901 αἱρήσει
2866 1825 3104 1891 κίνδυνος
3152 1828 3350 1902 οὐδεὶς,
3399 1831 3527 1890 ούδὶ
3575 1804 3747 1892 πείσει
3785 1858 3842 1892 τι

433 1905 624 1963 neque
670 1893 992 1964 quidquam
1038 1895 1413 1966 persuadebit
1451 1910 1520 1952 ex
1561 1894 1856 1964 omnibus,
1895 1900 2079 1951 Deum

435 1979 666 2050 quidem
715 1981 1043 2053 relinquere
1090 1984 1406 2053 viventem,
1453 1984 1724 2040 scelestos
1781 1988 1975 2040 autem
2025 1988 2082 2040 et

435 2068 666 2125 invidos
704 2072 964 2127 venerari
1015 2073 1329 2128 damones.
1361 2073 1507 2130 Nam
1533 2073 1657 2144 ipse
1684 2090 1916 2145 quoque
1947 2089 2078 2128 sum

436 2157 763 2231 discipulus
812 2160 1056 2231 Theclae,
1107 2178 1231 2234 qua
1281 2163 1464 2218 instar
1512 2162 1820 2219 luminaria
1867 2164 1926 2220 in
1975 2162 2080 2219 hac

433 2247 664 2307 civitate
698 2249 1086 2306 Icouiensium
1117 2250 1451 2322 resplendet
1487 2251 1897 2322 splendoribus
1928 2267 2081 2308 mar-

434 2338 599 2410 tyrii:
635 2342 692 2394 et
718 2337 880 2394 Pauli
912 2339 1106 2412 magni
1139 2339 1420 2412 praeconis
1449 2340 1726 2410 veritatis,
1759 2341 1858 2413 qui
1891 2341 2079 2413 ipsam

433 2443 662 2499 quoque
693 2428 989 2498 instruxit,
1024 2433 1082 2486 et
1109 2431 1414 2488 adornavit
1444 2432 1514 2487 ad
1548 2431 1864 2488 certamina
1902 2449 2078 2504 prop-

431 2521 520 2573 ter
547 2517 844 2574 Christum
876 2518 1269 2591 suscipienda.
1294 2519 1363 2576 Et
1383 2520 1512 2577 ideo
1542 2536 1648 2593 ego
1678 2537 1914 2593 quoque
1944 2537 2078 2577 cum

437 2607 565 2678 ipso
616 2607 786 2664 hodie
845 2609 1013 2665 dico:
1048 2608 1185 2673 Quis
1247 2626 1336 2666 me
1388 2611 1686 2683 separabit
1723 2628 1756 2666 a
1795 2610 2078 2667 charitate

434 2695 934 2766 Dei?tribulatio,
986 2716 1058 2754 nn
1123 2700 1418 2772 angustia,
1471 2717 1544 2756 an
1604 2701 1952 2770 persecutio,
2001 2717 2075 2757 an

435 2785 780 2856 periculum,
813 2803 885 2842 an
918 2787 1164 2860 gladius,
1197 2805 1270 2845 an
1321 2789 1542 2860 aliquid
1593 2789 1749 2845 aliud
1789 2806 1856 2846 ex
1887 2790 2073 2847 omni-

432 2873 541 2932 bus
562 2875 590 2931 ?
618 2877 769 2932 Dixit
796 2893 1048 2946 praeses:
1082 2877 1141 2934 Si
1173 2895 1287 2934 non
1329 2883 1468 2934 sunt
1498 2879 1601 2946 dii,
1635 2884 1698 2934 ut
1724 2879 1886 2946 dicis,
1929 2897 2077 2952 quos

435 2963 517 3035 pii
548 2965 794 3020 adorant
841 2965 1244 3036 imperatores,
1281 2968 1568 3037 quomodo
1618 2983 1741 3036 nos,
1776 2969 1875 3039 qui
1906 2970 1965 3024 in
1997 2971 2079 3040 ip-

433 3067 531 3106 sos
583 3052 900 3120 credimus,
948 3052 1110 3108 illinc
1159 3054 1284 3110 vitae
1332 3054 1621 3112 habemus
1667 3056 2078 3116 occasionem?

436 3139 679 3210 Erratis,
720 3157 752 3196 ο
800 3157 1032 3212 praeses,
1094 3141 1236 3200 dicit
1292 3160 1539 3214 magnus
1593 3145 1890 3214 Chariton,
1941 3150 2077 3206 deos

2186 1914 2293 1964 τῶν
2335 1909 2584 1968 ἁπάντων
2615 1916 2743 1970 Θεὸν
2796 1918 2890 1988 μὲν
2941 1916 3319 1992 ἐγκαταλιπεῖν
3368 1926 3561 1992 ζῶντα,
3612 1921 3840 1998 δαίμοσι

2189 1995 2245 2054 δὲ
2289 2002 2580 2076 προσέχειν
2631 2003 2842 2081 ἐναγέσι
2898 2007 2986 2062 καὶ
3045 2009 3347 2083 φθονεροῖς.
3391 2012 3541 2070 Ἐπεὶ
3594 1995 3838 2087 μαθητη’

2188 2087 2303 2160 εἶμι
2342 2091 2430 2144 καὶ
2462 2091 2620 2153 αὐτὸς
2677 2093 2910 2165 Θέκλης,
2968 2095 3091 2166 ἥτις
3149 2107 3436 2177 φωστῆρος
3495 2099 3651 2174 δίκην
3704 2125 3845 2160 κατα

2185 2175 2350 2248 τήνδε
2413 2180 2511 2249 τὴν
2579 2182 2850 2239 Ἱκονιέων
2918 2191 3040 2251 ταῖς
3097 2175 3194 2243 τοῦ
3263 2191 3561 2267 μαρτυρίου
3631 2191 3842 2267 λάμπει

2191 2275 2598 2344 μαρμαρυγαῖς,
2633 2271 2854 2328 Παύλου
2884 2294 2943 2330 τε
2991 2273 3089 2330 τοῦ
3143 2276 3383 2354 μεγάλου
3429 2288 3529 2350 τῆς
3579 2281 3846 2353 ἀληθείας

2187 2357 2444 2429 κήρυκος,
2477 2360 2535 2421 ὃς
2564 2360 2652 2416 καὶ
2703 2362 2872 2432 αὐτὴν
2914 2365 3053 2438 πρὸς
3101 2366 3228 2427 τούς
3269 2365 3358 2423 διὰ
3405 2371 3636 2445 Χριστὸν
3683 2371 3844 2441 ἤλει-

2187 2447 2282 2518 ψεν
2312 2444 2546 2520 ἀγῶνας.
2609 2451 2707 2505 Καὶ
2768 2447 2856 2506 διὰ
2900 2457 3065 2509 τοῦτο
3104 2454 3257 2531 κάγώ
3307 2479 3451 2534 φημι
3505 2463 3616 2533 μετ’
3671 2463 3844 2517 αὐτοῦ

2188 2534 2446 2609 σήμερον’
2508 2537 2605 2600 Τίς
2638 2540 2786 2612 ἡμᾶς
2845 2542 3077 2618 χωρίσει
3142 2543 3250 2600 ἀπὸ
3305 2553 3405 2617 τῆς
3464 2549 3678 2622 ἀγάπης
3742 2555 3846 2605 τοῦ

2188 2628 2362 2713 θεοῦ-ς
2403 2625 2614 2700 θλίψισ,
2665 2629 2699 2698 ἢ
2747 2634 3106 2706 στενοχωρία,
3139 2634 3173 2702 ἤ
3208 2631 3471 2709 διωγμὸς,
3503 2638 3536 2706 ἦ
3569 2636 3846 2713 κίνδυνος,

2186 2709 2223 2780 ἥ
2261 2711 2591 2804 μάχαιρα,ᾼῆ
2642 2716 2784 2773 ἄλλο
2822 2739 2872 2774 τι
2911 2725 3018 2776 τῶν
3068 2721 3312 2779 ἁπάντων
3341 2745 3356 2796 ;
3384 2727 3444 2784 Ὀ
3493 2725 3676 2802 ἃρχων
3708 2709 3839 2804 ἕφηζ

2187 2803 2296 2858 Καὶ
2329 2803 2372 2857 εἰ
2410 2807 2485 2877 μή
2520 2802 2690 2872 ὅντως
2727 2809 2860 2879 θεοὶ,
2895 2812 2969 2873 ὡς
3004 2811 3130 2888 φῂς,
3167 2815 3258 2878 οὓς
3293 2813 3633 2880 εὐσεϐοῦντες
3662 2802 3841 2892 προσ-

2185 2897 2442 2948 κυνοῦσιν
2497 2896 2549 2949 οἱ
2584 2896 2854 2971 βασιλεῖς,
2903 2905 3019 2963 πῶς
3069 2903 3254 2974 ἡμεῖς,
3313 2904 3498 2968 αὐτοῖς
3553 2928 3843 2963 πεπιστευ-

2187 2980 2364 3050 κότες,
2395 2984 2494 3048 τὰς
2545 2989 2643 3041 τοῦ
2694 2991 2790 3061 ζῇν
2834 2986 3036 3054 ἐκεῖθεν
3096 2986 3296 3066 ἔχομεν
3342 2995 3640 3072 ἀφορμάς;
3693 2997 3845 3053 Πλα-

2187 3073 2363 3139 νᾶσθε,
2424 3074 2645 3148 ἡγεμὼν
2691 3076 2744 3148 (6
2796 3077 2967 3152 μέγας
3011 3076 3112 3154 ἔφη
3163 3082 3460 3156 Χαρίτων),
3505 3086 3657 3149 θεοὺς
3699 3087 3840 3143 εἶναι

2190 3157 2442 3237 λέγοντες
2471 3163 2539 3217 τά
2573 3164 2885 3240 ὑπὸχειρῶν
2937 3169 3238 3242 ἀνθρώπων
3289 3169 3840 3250 δτδημιουργημὲνα,

431 3245 560 3285 esse
618 3229 874 3287 dicentes
913 3247 1000 3298 ea,
1047 3247 1173 3304 qua:
1231 3233 1518 3289 fabricat
1578 3235 1815 3292 fuerunt
1871 3253 2071 3296 manus

2269 3229 2279 3237 .
2685 3229 2722 3240 ..
2781 3229 2789 3240 .
3012 3229 3046 3242 -.
3409 3229 3442 3246 ..
3563 3229 3840 3250 ...ιη-νη,

2188 3248 2279 3302 καὶ
2314 3247 2483 3327 λόγου
2541 3255 2732 3327 παντὸ,
2791 3257 2882 3310 καὶ
2935 3263 3144 3334 φρενῶν
3205 3259 3334 3316 ὄντα
3387 3263 3478 3318 καὶ
3537 3264 3843 3334 αἰσθήσεως

429 3318 759 3388 hominum,
792 3323 850 3377 et
902 3336 1028 3392 qua
1078 3326 1278 3379 carent
1333 3325 1493 3380 omni
1541 3324 1785 3396 ratione,
1814 3343 1987 3385 sensu
2019 3334 2075 3385 et

426 3408 731 3478 sapientia.
789 3414 866 3465 De
925 3410 1142 3481 quibus
1197 3411 1335 3468 dicit
1391 3413 1566 3470 etiam
1625 3415 1823 3472 divina
1874 3424 2074 3476 nostra

426 3497 763 3569 Scriptura:
795 3501 870 3555 Os
919 3498 1138 3556 habent
1193 3505 1250 3557 et
1304 3517 1419 3558 non
1479 3503 1828 3575 loquentur:
1871 3508 2070 3566 oculos

423 3585 664 3656 habent,
713 3592 771 3645 et
819 3605 934 3646 non
983 3589 1300 3648 videbunt:
1344 3609 1516 3649 aures
1571 3593 1786 3651 habent
1841 3605 1895 3652 et
1953 3615 2068 3654 non

421 3677 707 3734 audient:
761 3694 945 3750 neque
999 3678 1158 3736 enim
1215 3684 1304 3737 est
1360 3683 1603 3753 spiritus
1651 3685 1709 3740 in
1756 3701 1855 3742 ore
1910 3687 2066 3760 ipso-

419 3781 572 3821 rum.
607 3765 842 3824 Similes
893 3768 976 3824 eis
1026 3768 1192 3836 ﬁant,
1225 3771 1326 3843 qui
1377 3772 1598 3829 faciunt
1645 3789 1733 3845 ea,
1767 3779 1823 3831 et
1863 3792 2066 3833 omnes

419 3854 517 3924 qui
552 3857 856 3911 conﬁdunt
897 3857 959 3913 in
1000 3859 1104 3914 eis.
1134 3861 1343 3916 Annon
1395 3879 1528 3918 vera
1577 3862 1719 3919 dicit
1765 3863 1888 3922 haec
1935 3883 2066 3936 pro-

414 3943 606 4001 ferens
637 3945 980 4018 Scriptura?
1007 3948 1283 4017 Admove,
1312 3952 1364 4006 si
1413 3952 1573 4022 velis,
1617 3952 1811 4024 ignem
1860 3971 2062 4012 eorum

412 4030 715 4104 lateribus,
745 4039 849 4091 aut
890 4035 1030 4106 jube
1077 4038 1267 4094 securi
1316 4040 1502 4112 frangi
1546 4057 1746 4098 eorum
1779 4043 1976 4113 tibias,
2009 4050 2066 4102 et

413 4123 565 4179 scies
596 4123 855 4192 omnino,
890 4125 1001 4181 nisi
1046 4125 1169 4199 ipse
1209 4145 1438 4200 quoque
1468 4130 1552 4185 sis
1583 4131 1855 4189 similiter
1890 4135 2064 4191 aﬂ'ec-

414 4217 526 4278 tus,
558 4226 627 4267 ea
655 4226 782 4268 esse
814 4213 976 4271 nullo
1008 4232 1184 4273 sensu
1215 4217 1483 4289 pradita,
1514 4223 1576 4276 et
1603 4235 1792 4293 neque
1822 4223 2061 4284 omnino

413 4314 585 4371 posse
617 4303 854 4371 moveri,
888 4308 991 4361 aut
1019 4305 1196 4378 loqui.

484 4388 546 4444 ν.
581 4389 685 4445 His
717 4392 787 4446 ad
821 4391 965 4448 iram
1000 4399 1192 4452 motus
1241 4395 1478 4468 iniquus
1523 4400 1868 4468 consularis,
1892 4404 2060 4475 jubet

2182 3332 2382 3429 Κρημαυ
2442 3340 2573 3429 περὶ
2631 3343 2705 3395 ὧν
2737 3342 2826 3398 καί
2882 3347 2916 3414 ἡ
2949 3332 3081 3400 -θεία
3138 3350 3297 3420 ἡμῶν
3353 3344 3454 3429 ἔφη
3507 3332 3691 3425 Γραφῆ
3752 3355 3838 3409 ὅτι

2183 3448 2211 3477 ‹‹
2229 3427 2417 3501 Στόμα
2440 3426 2655 3506 ἔχουσι,
2678 3433 2767 3487 καὶ
2790 3435 2853 3489 ού
2885 3433 3244 3506 Λαλήσουσινο
3275 3426 3593 3517 ὀφθαλμοὺς
3614 3441 3838 3517 ἔχουσι,

2179 3517 2268 3570 καὶ
2303 3517 2400 3572 ούκ
2457 3518 2698 3592 δψονται·
2735 3520 2847 3578 ὦτα
2903 3521 3118 3603 ἔχουσι,
3157 3529 3246 3583 καὶ
3295 3530 3397 3585 οὐκ
3443 3529 3838 3602 ἐνωτισθήσον-

2175 3624 2286 3662 ται·
2330 3606 2455 3665 οὐδὲ
2500 3614 2602 3685 γὰρ
2660 3611 2769 3668 ἔστι
2827 3620 3040 3689 πνεῦμα
3096 3619 3148 3673 ἐν
3207 3624 3286 3692 τῷ
3342 3623 3574 3694 στόματι
3629 3623 3832 3682 αὐτῶν.

2179 3700 2403 3770 Ὅμοιοι
2437 3703 2623 3765 αὐτοῖς
2658 3703 2898 3778 γένοιντο
2931 3707 2980 3760 οἰ
3035 3713 3316 3774 ποιοῦντες
3367 3711 3523 3781 αὐτὰ,
3572 3713 3660 3768 καὶ
3691 3715 3835 3769 πάν-

2173 3804 2262 3847 τες
2295 3788 2345 3839 οἱ
2377 3790 2694 3851 πεποιθότες
2726 3791 2808 3844 ἐπ’
2838 3791 3045 3856 αὐτοῖς.
3081 3818 3110 3847 ››
3140 3797 3207 3850 “ll
3239 3796 3337 3852 οὐκ
3376 3797 3632 3868 ἀληθεύει
3661 3803 3829 3857 ταῦτα

2176 3874 2318 3930 οὕτω
2353 3873 2584 3952 λέγουσα
2625 3883 2658 3950 ἡ
2709 3885 2935 3960 Γραφής
2988 3885 3226 3959 Πρόσθες
3255 3887 3358 3964 γὰρ
3405 3893 3511 3965 πῦρ
3558 3897 3677 3953 ταῖς
3729 3895 3828 3947 αὖ·

2171 3969 2302 4035 τῶν,
2336 3965 2381 4021 εἰ
2433 3968 2649 4041 βούλει,
2705 3968 2990 4047 πλευραῖς,
3025 3972 3060 4044 ἤ
3093 3975 3244 4050 ἀξίνῃ
3291 3977 3358 4032 τὰ
3412 3979 3590 4034 αὐτῶν
3638 4001 3829 4036 κατεα-

2172 4057 2334 4129 γῆναι
2366 4056 2660 4132 πρόσταξον
2695 4059 2888 4132 σκέλη,
2918 4064 3006 4117 καὶ
3050 4063 3167 4139 εἷ’σῃ
3219 4067 3456 4136 πάντως,
3505 4070 3552 4122 εἰ
3610 4072 3684 4142 μὴ
3733 4073 3824 4125 καὶ

2170 4143 2332 4205 αὐτὸς
2358 4142 2503 4218 ἔχεις
2540 4147 2766 4220 ὁμοίως,
2801 4150 2873 4213 ὡς
2922 4150 3224 4224 ἀναίσθητά
3255 4155 3377 4225 εἰσι,
3427 4158 3514 4212 γαὶ
3569 4155 3690 4214 οὐδὲ
3731 4179 3823 4214 κι-

2169 4234 2370 4288 νεῖσθαι
2402 4234 2436 4305 ἢ
2470 4235 2785 4312 φθέγγεσθαι
2816 4240 2878 4295 τὸ
2909 4243 3157 4316 παράπαν
3187 4241 3471 4319 δυνάμεναο

2239 4413 2316 4469 Ε’.
2357 4415 2580 4477 Τούτοις
2639 4418 2667 4472 6
2723 4420 3041 4494 παράνομος
3085 4424 3345 4490 ὑπατικὸς
3396 4427 3472 4489 εἰς
3524 4427 3692 4502 ὀργὴν
3742 4450 3824 4484 κιο

411 4480 677 4532 sanctum
709 4483 865 4535 veste
897 4482 1128 4551 nudari,
1162 4486 1218 4539 et
1243 4483 1304 4540 in
1336 4490 1587 4556 quatuor
1634 4494 1827 4559 partes
1857 4496 2056 4548 exten-

412 4583 540 4594 nnm
601 4568 791 4594 ...Α-ηε...
846 4571 1153 4594 -_...l-l21-_
1195 4573 1480 4594 ---_L-__u!
1533 4575 1632 4594 “-3
1698 4578 1713 4594 1
1948 4580 1961 4594 1

2183 4504 2372 4574 μηθεὶς,
2424 4509 2762 4578 γυμνοῦσθαι
2829 4516 2928 4580 τῆς
2981 4510 3207 4582 ἐσθῆτος
3256 4515 3463 4571 κιλεύει
3500 4480 3590 4571 serv
3642 4519 3816 4594 ἅγιον,

410 4583 565 4634 sum,
601 4568 793 4624 nervis
843 4571 1153 4627 crudeliter
1195 4573 1505 4630 verberari.
1532 4575 1751 4634 Deinde
1782 4594 1916 4635 cum
1947 4580 2058 4637 hoc

410 4657 788 4681 —_..---_:_--L
841 4659 906 4681 ,Δ
962 4659 1221 4681 ,ιιι--ι----
1295 4662 1418 4681 ,Περι
1512 4664 1524 4678 ο
1580 4665 1593 4678 ο
1661 4667 1676 4681 ι
1825 4672 1856 4681 Α
1969 4670 2021 4681 οη

2183 4593 2256 4646 ιαὶ
2311 4596 2641 4668 τετραχόθεν
2698 4598 3022 4672 τεινόμενον,
3070 4601 3281 4676 νεύροις
3336 4602 3571 4681 ἀφειδῶς
3609 4568 3815 4662 τύπτε-

407 4659 792 4726 processisset
839 4659 910 4714 ad
957 4659 1251 4727 effectum,
1286 4662 1426 4720 dicit
1477 4664 1527 4721 ei
1567 4665 1790 4736 judex:
1824 4670 2055 4726 Sacriﬁ-

407 4747 663 4816 cabisne,
695 4764 727 4804 ο
759 4747 1058 4817 Chariton,
1090 4750 1202 4806 diis
1229 4751 1683 4827 immortalibus,
1714 4775 1786 4813 an
1826 4757 1913 4815 vis
1956 4763 2053 4816 tuo

407 4837 631 4908 corpori
666 4837 864 4908 plures
895 4837 1097 4894 inferri
1131 4838 1550 4914 plagas?Non,
1584 4846 1774 4918 inquit
1812 4856 2051 4922 martyr,

405 4925 488 4979 eis
543 4926 900 4986 sacrificabo.
951 4927 1010 4983 Si
1058 4929 1214 4987 enim
1276 4932 1400 4988 fieri
1459 4938 1676 5004 posset,
1730 4941 1794 4992 ut
1841 4937 2053 4995 millies

404 5028 662 5071 morerer
706 5033 807 5088 pro
860 5034 989 5074 meo
1039 5018 1358 5088 Salvatore,
1397 5021 1645 5080 libenter
1693 5025 1748 5080 id
1798 5027 2055 5099 suscipe-

404 5120 528 5162 rem
574 5112 839 5178 prompto
881 5117 934 5164 et
977 5107 1154 5166 alacri
1204 5111 1425 5177 animo,
1460 5114 1652 5185 potius
1702 5132 1876 5189 quam
1925 5119 2052 5190 ejus

404 5208 678 5265 negarem
711 5196 1094 5264 divinitatem,
1119 5207 1177 5254 et
1204 5199 1540 5260 exitialibus
1570 5204 1934 5263 daemonibus
1964 5209 2050 5266 ol-

404 5281 612 5340 ferrem
663 5287 1036 5344 sacrificium.
1068 5287 1293 5346 Tandiu
1341 5305 1472 5362 ergo
1516 5293 1697 5363 jussit
1743 5311 1876 5352 eum
1926 5315 2054 5354 rur-

405 5390 509 5429 us
538 5377 823 5434 verberari
856 5381 1032 5436 boum
1066 5381 1276 5449 nervis,
1301 5389 1366 5440 ut
1396 5384 1493 5456 qui
1525 5401 1658 5442 eum
1687 5389 2048 5459 torquebant,

405 5461 627 5520 viscera
656 5469 1074 5537 propemodum
1103 5474 1425 5544 tangerent.
1459 5473 1606 5532 Cum
1655 5491 1788 5547 ergo
1837 5478 2051 5536 multas

403 5552 582 5609 horas
627 5557 824 5611 mutus
872 5558 1189 5616 mansisset
1228 5561 1497 5632 Sanctus,
1531 5564 1836 5623 lictoribus
1871 5567 1929 5624 in
1960 5567 2049 5625 in-

406 5641 679 5714 ﬂigendis
728 5641 916 5716 plagis
965 5645 1208 5704 minime
1255 5651 1618 5724 cedentibus,
1673 5670 1771 5712 eos
1820 5671 2050 5716 cessare

2168 4682 2309 4739 σθαι.
2342 4682 2494 4751 Εἶτα,
2545 4679 2690 4762 ἔργῳ
2737 4686 2936 4743 τούτου
2980 4687 3305 4764 προϐάντος,
3355 4679 3488 4773 φησὶ
3533 4698 3668 4768 πρὸς
3716 4695 3819 4749 αύ-

2162 4769 2253 4824 τὸν
2305 4769 2333 4825 6
2374 4767 2630 4840 δικάζων⁹
2690 4774 2866 4845 Θύεις,
2929 4777 2958 4831 6
3017 4779 3286 4853 Χαρίτων,
3342 4767 3459 4845 τοῖς
3524 4767 3812 4847 ἀθανάτοις

2166 4864 2332 4930 θεοῖς,
2367 4859 2402 4928 ἢ
2435 4858 2689 4926 πλείονας
2715 4864 3068 4940 ἐπενεχθῆναι
3105 4869 3296 4944 βούλει
3324 4876 3403 4944 τῷ
3447 4873 3663 4948 σώματί
3714 4895 3811 4928 σου

2162 4949 2416 5023 πληγάς;
2453 4949 2550 5020 Οὖ,
2583 4952 2742 5029 φησίν
2777 4956 2805 5010 ὁ
2840 4957 3066 5030 μάρτυς,
3109 4958 3175 5013 ού
3230 4959 3373 5016 θύσω
3430 4963 3648 5024 τούτοις
3675 4961 3809 5036 ἐγὼ

2163 5036 2209 5092 εἰ
2274 5039 2379 5111 γὰρ
2445 5041 2533 5095 καὶ
2575 5044 2828 5116 μυριάκις
2894 5043 3114 5103 δυνατὸν
3181 5051 3248 5119 ἦν
3317 5050 3449 5127 ὑπὶρ
3512 5057 3610 5107 τοῦ
3675 5052 3812 5125 ἐμοῦ

2164 5132 2425 5202 Σωτῆρος
2481 5129 2788 5200 ἀποθανεῖν,
2840 5132 3071 5208 εἱλόμην
3128 5138 3190 5192 ἄν
3245 5142 3563 5214 προθύμως,
3616 5140 3652 5211 ἤ
3707 5143 3812 5210 τήν

2161 5215 2327 5270 αὐτοῦ
2361 5218 2592 5288 θεότητα
2640 5217 3047 5298 διαρνήσασθαι,
3107 5228 3198 5302 βαὶ
3244 5225 3493 5302 δαίμοσιν
3536 5229 3811 5306 ὀλεθρίοις

2163 5303 2350 5368 θυσίαν
2407 5316 2800 5384 προσενεγκεῖν.
2860 5313 2987 5369 Ἐπί
3032 5320 3293 5372 τοσοῦτον
3352 5319 3441 5374 οῦν
3503 5315 3665 5374 αὺτὸν
3719 5319 3814 5373 τύ-

2161 5398 2385 5450 πτεσθαι
2415 5397 2581 5452 πάλιν
2613 5405 2730 5464 νοῖς
2756 5401 3091 5478 ξβουνεύροις
3139 5403 3438 5480 ἐκέλευσεν,
3483 5409 3556 5470 ὡς
3610 5413 3810 5482 μικρόῦ

2159 5484 2250 5538 καὶ
2280 5489 2389 5540 τῶν
2421 5485 2753 5564 σπλάγχνων
2790 5491 3026 5564 ἅψασθαι
3055 5493 3187 5557 τοὺς
3235 5496 3564 5566 αἰκίζοντας.
3616 5500 3809 5574 Ἀφῶ-

2157 5585 2251 5636 νος
2279 5574 2461 5630 τοίνυν
2504 5574 2591 5631 ἐπὶ
2623 5576 2838 5640 πολλὰς
2872 5580 2898 5634 ὁ
2937 5581 3086 5657 ἅγιος
3125 5584 3220 5645 τὰς
3259 5582 3403 5660 ὥρας
3458 5585 3804 5660 μεμενηκὼς,

2161 5661 2405 5718 καὶτῶν
2476 5661 2690 5741 δημίων
2762 5665 3054 5734 ἀνενδότως
3123 5670 3429 5750 ἐπαγόντων
3492 5675 3642 5749 αύτῷ
3705 5676 3799 5738 τὰς
