4144 6184
290 289 407 353 905

1615 286 1806 353 VITA
1850 288 1913 347 S.
1961 285 2453 352 CHARITONIS.

3586 296 3703 360 906

286 452 534 529 πληγας.
602 449 910 507 παύσασθαι
974 446 1205 512 τούτους
1246 448 1275 505 ὁ
1333 450 1528 524 μιαρὸς
1593 448 1949 524 προσέταττεν

2083 449 2230 507 ιώοῑ
2272 451 2553 509 scelestus
2586 469 2818 525 presses,
2852 470 2967 511 non
3021 456 3168 525 quod
3203 456 3253 513 ei
3278 461 3542 515 censeret
3572 476 3706 530 par-

295 539 510 618 ἅρχων,
553 543 616 597 ού
649 540 871 619 φειδοῦς
899 560 1051 602 τινος
1102 539 1265 595 αὑτὸν
1308 539 1489 610 ἀξιῶν,
1540 540 1740 611 (πόθεν)
1774 558 1788 606 ;
1821 536 1951 593 ἀλλ’

298 631 437 687 ὥστε
488 632 565 705 μὴ
618 634 808 686 θᾶττον
862 630 1201 685 ἀποθανόντα
1241 630 1339 690 τὰς
1401 629 1740 703 μακροτέρας
1785 626 1952 704 ἐκιρυ-

296 726 412 797 γεῖν
442 722 735 795 τιμωρίας.
766 720 866 777 Καὶ
906 716 972 787 δὴ
1021 722 1213 773 τοῦτον
1262 719 1315 773 oi.
1367 719 1757 793 ὑπηρετοῦντες
1803 716 1949 772 ἐπωο

302 811 594 885 μισάμενοι
661 806 810 883 (οὐδὲ
865 808 968 883 γὰρ
1028 807 1145 869 οἶός
1195 828 1252 863 τε
1308 809 1373 876 ἦν
1432 806 1653 869 οἰκείοις
1715 804 1952 882 βαδίζειν

298 900 473 971 ποσὶ),
531 899 620 953 καὶ
675 902 755 970 τῷ
811 895 1176 971 δεσμωτηρίῳ
1244 894 1646 969 ἐναποθέμενοι,
1733 893 1955 967 δευτέρᾳ

298 988 648 1061 ταμιεύουσιν
727 985 982 1056 ἐξετάσει,
1057 986 1147 1039 καὶ
1236 982 1327 1040 ’ίνα
1437 985 1720 1057 συντόμως
1816 982 1953 1039 εἶ’πω

301 1078 437 1152 (χρὴ
494 1077 597 1153 γὰρ
664 1074 943 1146 συνελεῖν).
1012 1072 1179 1129 πάλιν
1255 1072 1390 1130 κατὰ
1462 1074 1525 1129 τὸ
1602 1070 1951 1147 δικαστήριον

302 1168 440 1242 μετὰ
484 1166 584 1234 τὴν
637 1169 748 1220 τῶν
801 1162 977 1220 ἑλκῶν
1037 1161 1219 1239 ἄγεται
1279 1163 1585 1238 θεραπείαν,
1643 1162 1733 1217 καὶ
1791 1160 1956 1217 κολα-

298 1254 473 1319 κείαις
510 1252 798 1329 πρότερον,
852 1253 969 1307 εἶτα
1015 1252 1107 1307 καὶ
1162 1257 1340 1324 τιμῶν
1401 1252 1757 1327 ὑποσχέσεσιν
1817 1249 1955 1305 ὥστε

301 1348 456 1410 θῦσαι
522 1348 641 1407 τοῖς
715 1340 995 1409 εἰδώλοις,
1036 1342 1065 1397 ὁ
1107 1339 1417 1404 δεινότατος
1484 1343 1715 1419 ἡγεμὼν
1772 1341 1957 1415 ἐπείρα

295 1430 498 1488 τούτου
546 1430 610 1485 τὸ
668 1429 883 1485 εὔτονον
926 1427 1232 1485 ὑπεκλύειν.
1298 1428 1448 1485 Ἐπεὶ
1489 1426 1545 1484 δὲ
1586 1426 1801 1501 μᾶλλον
1859 1432 1957 1482 τοῦ

295 1522 545 1596 Χριστοῦ
601 1520 807 1593 μάρτυς
868 1518 1222 1593 ἰσχυρότερος
1282 1517 1371 1572 καὶ
1433 1514 1675 1593 βασάνων
1722 1518 1813 1572 καὶ
1858 1528 1959 1581 θω-

298 1612 467 1665 πειῶν
536 1608 904 1679 κατεφαίνετο,
979 1607 1069 1661 καὶ
1144 1607 1272 1669 τοὺς
1349 1605 1513 1661 αὑτοῦ
1602 1608 1955 1681 μυκτηρίζων

300 1697 527 1774 λόγους,
573 1696 840 1769 μειζόνων
898 1694 934 1765 ἢ
992 1695 1256 1770 πρότερον
1315 1694 1404 1750 καὶ
1464 1694 1619 1759 αὗθις
1674 1694 1953 1751 κολάσεων

301 1785 598 1862 πειραθεὶς,
656 1784 747 1840 καὶ
814 1785 882 1841 τὰ
938 1783 1125 1860 στέρνα
1179 1784 1302 1843 ταῖς
1373 1782 1624 1858 λαμπάσι
1686 1783 1957 1864 καταφλε-
1988 1826 2044 1892 Β

352 1886 370 1892 Α
411 1875 426 1892 \
553 1876 580 1889 ο
648 1874 663 1892 9
776 1876 803 1888 ~
900 1870 924 1892 δ
1021 1870 1068 1892 Ιθ
1371 1869 1454 1892 ﬁl“

300 1875 484 1955 χθεὶς,
514 1876 585 1948 τῇ
619 1874 807 1950 εἱρκτῇ
839 1870 1194 1948 σιδηρόδετος
1219 1869 1603 1948 παραδίδοται.

376 2132 441 2195 ς’.
476 2128 555 2189 Οὐ
603 2126 748 2184 πολὺ
798 2127 860 2183 τὸ
904 2124 1091 2201 μέσον,
1142 2127 1230 2182 καὶ
1288 2126 1437 2199 ἀξίας
1495 2128 1569 2182 ὢν
1627 2126 1764 2183 κατὰ
1828 2128 1960 2202 Χριο

304 2223 531 2277 στιανῶν
565 2219 593 2274 ὁ
626 2218 909 2291 θεομάχος
938 2214 1221 2289 ἐτόλμησε
1254 2214 1510 2291 βασιλεὺς
1543 2214 1695 2279 δίκας
1740 2216 1962 2291 εἰσπρα-

307 2311 483 2385 χθεὶς,
527 2308 619 2363 τὸν
669 2306 1006 2382 ἀνθρώπινον
1039 2307 1067 2361 ὁ
1098 2305 1260 2366 κακὸς
1309 2310 1490 2368 κακῶς
1534 2307 1768 2376 ὑπέξεισι
1820 2306 1963 2381 βίον.

306 2399 371 2457 Τί
406 2395 498 2455 οὖν
540 2397 601 2452 τὸ
633 2394 913 2464 ἐντεῦθεν;
959 2396 1022 2453 Ὀ
1070 2394 1137 2450 τὰ
1182 2400 1432 2469 σκῆπτρα
1476 2397 1573 2464 τῆς
1621 2394 1967 2470 Αύρηλιανοῦ

308 2493 405 2545 τοῦ
438 2482 729 2549 δυσσεϐοῦς
769 2482 1152 2559 διαδεξάμενος
1201 2482 1503 2559 βασιλείας,
1561 2489 1639 2558 τῷ
1687 2489 1784 2541 τοῦ
1826 2506 1965 2561 προ-

312 2572 772 2636 ϐεϐασιλευκότος
828 2572 1185 2648 ὑποδείγματι
1265 2574 1678 2653 σωφρονίζεται,
1724 2576 1810 2630 καὶ
1867 2573 1971 2631 δεί-

313 2687 408 2731 σας
443 2670 686 2740 μήποτε,
743 2665 813 2719 τὰ
859 2662 998 2718 αύτά
1060 2663 1195 2718 κατὰ
1252 2663 1585 2738 Χριστιανῶν
1654 2660 1814 2737 δρῶν,
1877 2664 1965 2719 καὶ

312 2762 443 2822 ταῖς
480 2757 671 2818 αὑταῖς
730 2750 989 2815 ὑπόδικος
1045 2754 1266 2830 γένηται
1330 2754 1647 2828 τιμωρίαις,
1693 2753 1783 2808 τὸν
1833 2754 1969 2809 κατὰ

315 2851 425 2904 τῶν
488 2847 825 2919 Χριστιανῶν
891 2844 1196 2907 παύσασθαι
1272 2839 1514 2917 διωγμὸν
1595 2844 1733 2898 κατᾶ
1798 2849 1966 2899 πᾶσαν

320 2934 596 2993 ἐκέλευσεν
630 2932 915 3010 ἐπαρχίαν.
953 2934 1065 2989 Ἰνα
1097 2928 1153 2987 δέ
1206 2932 1283 3004 μή
1332 2930 1477 2987 τέλει
1530 2931 1829 3006 μαρτυρίου
1872 2937 1970 2989 τοῦ

320 3026 466 3083 θείου
495 3022 691 3079 τούτου
721 3018 1105 3086 τελειωθέντας
1143 3018 1333 3095 ἀνδρὸς
1386 3022 1709 3094 ζημιωθῶσι
1765 3020 1970 3078 πολλοὶ

317 3118 419 3186 τήν
479 3114 739 3191 μεγίστην
806 3110 1033 3186 ζημίαν,
1099 3108 1491 3186 διαμαρτόντες
1547 3113 1616 3180 ἧς
1672 3111 1968 3167 ἀπολαύειν

2064 540 2333 607 cendum,
2368 541 2687 614 (quomodo
2716 544 2868 599 enim
2886 542 2937 615 ἓ)
2968 545 3066 600 sed
3101 561 3173 600 ne
3212 545 3387 602 citius
3420 564 3521 619 per
3551 566 3703 606 mor-

2063 629 2458 701 temlongiora
2480 632 3079 705 eﬁugeretsupplicia.
3106 639 3297 706 Atque
3316 651 3447 691 eum
3471 640 3704 709 quidem

2062 733 2217 785 cum,
2274 721 2373 791 qui
2448 722 2883 790 ministrabant,
2960 725 3342 780 sustulissent
3443 726 3706 783 humeris

2062 807 2278 880 (neque
2334 811 2490 867 enim
2540 812 2665 867 ﬁeri
2725 818 2967 883 poterat,
3003 818 3066 869 ut
3122 815 3248 869 suis
3310 815 3709 885 ingrederetur

2063 897 2352 971 pedibus),
2426 908 2480 955 et
2572 900 2632 956 in
2731 918 2956 958 carcere
3061 904 3491 974 deposuissent,
3574 921 3707 960 eum

2063 989 2337 1045 secundas
2394 994 2696 1046 reservant
2754 992 3166 1048 examinationi
3227 1010 3242 1047 :
3303 997 3358 1049 et
3394 999 3457 1048 ut
3503 994 3709 1065 paucis

2066 1077 2257 1132 dicam
2318 1078 2567 1150 (oportet
2616 1080 2773 1135 enim
2841 1096 2964 1136 rem
3026 1081 3085 1136 in
3144 1098 3329 1153 pauca
3399 1082 3706 1157 conferre),

2066 1181 2271 1221 rursus
2301 1167 2612 1222 deducitur
2642 1168 2713 1223 ad
2756 1170 2895 1225 deos
2927 1168 3199 1226 colendos
3235 1186 3395 1227 more
3424 1171 3708 1242 gentium.

2065 1258 2135 1311 Et
2161 1256 2323 1327 prius
2350 1255 2674 1325 blanditiis,
2708 1259 2915 1315 deinde
2946 1259 3119 1315 etiam
3152 1260 3438 1318 honorum
3472 1262 3713 1333 promis-

2065 1343 2170 1411 sis,
2203 1353 2263 1399 ut
2311 1345 2665 1402 sacriﬁcaret
2704 1347 3054 1417 simulacris,
3088 1350 3406 1405 conabatur
3454 1350 3712 1407 callidis-

2066 1434 2251 1490 simus
2300 1450 2511 1503 praases
2566 1436 2694 1506 ejus
2726 1437 3116 1492 constantiam
3172 1438 3501 1495 dissolvere.
3540 1441 3714 1496 Post-

2066 1538 2245 1595 quam
2278 1528 2475 1579 autem
2498 1528 2554 1579 et
2576 1525 2883 1582 tormentis
2912 1530 2971 1580 et
2993 1525 3288 1582 blanditiis
3311 1528 3521 1584 Christi
3557 1546 3711 1584 mar-

2067 1619 2154 1683 tyr
2182 1611 2345 1669 visus
2384 1620 2471 1670 est
2519 1614 2801 1685 superior,
2836 1618 2893 1670 et
2922 1631 2989 1670 ea
3029 1632 3159 1687 quis
3198 1617 3249 1672 is
3291 1617 3539 1683 dicebat,
3573 1618 3713 1673 sub-

2067 1717 2337 1768 sannare,
2370 1718 2504 1758 cum
2530 1705 2853 1775 majoribus
2884 1721 3061 1777 quam
3094 1705 3258 1776 prius
3290 1705 3534 1762 allectus
3564 1706 3709 1762 fuis-

2067 1798 2149 1847 set
2179 1790 2508 1864 suppliciis,
2542 1796 2598 1849 et
2629 1793 2877 1849 fuissent
2906 1794 3035 1865 ejus
3078 1799 3310 1866 pectora
3342 1795 3713 1867 lampadibus

2069 1880 2346 1948 ustulata,
2378 1880 2529 1938 ferro
2584 1882 2814 1939 vinctus
2851 1882 3058 1940 iterum
3110 1884 3360 1940 traditur
3396 1883 3455 1940 in
3515 1889 3714 1943 custo-

2072 1969 2249 2026 diam.

2140 2132 2233 2189 VI.
2277 2133 2403 2189 Non
2434 2133 2691 2190 multum
2723 2134 3047 2191 intercessit
3077 2135 3356 2208 temporis
3387 2139 3445 2193 et
3475 2137 3713 2193 meritas

2071 2223 2239 2279 luens
2272 2239 2472 2296 pcenas
2512 2238 2734 2289 eorum,
2762 2240 2886 2294 quae
2919 2240 3096 2280 ausus
3129 2224 3317 2281 fuerat
3346 2225 3404 2280 in
3436 2224 3718 2281 Christia-

2073 2328 2203 2379 nos,
2236 2312 2553 2381 imperator
2584 2311 2770 2368 malus
2807 2329 2837 2368 e
2881 2312 3002 2367 vita
3031 2313 3277 2369 excessit
3326 2314 3605 2370 humana.
3640 2314 3719 2387 (l)

2075 2401 2223 2465 Quid
2281 2400 2494 2456 deinde
2557 2401 2982 2473 consequitur?
3039 2402 3143 2469 Qui
3199 2402 3363 2473 impii
3422 2401 3719 2459 Aureliani

2077 2495 2305 2561 sceptra
2378 2488 2640 2560 suscipit,
2700 2491 2825 2560 ejus
2888 2489 2987 2561 qui
3072 2492 3232 2562 prius
3319 2491 3717 2561 imperaverat,

2077 2578 2341 2650 exemplo
2371 2577 2697 2648 castigatur
2725 2593 2739 2633 :
2774 2582 2831 2633 et
2867 2577 3084 2633 timens
3117 2594 3188 2633 ne
3219 2579 3363 2635 forte
3394 2581 3600 2635 eadem
3634 2581 3715 2635 fa-

2076 2667 2236 2724 ciens
2285 2667 2564 2722 adversus
2609 2665 2992 2735 Christianos,
3028 2667 3189 2723 ﬁeret
3228 2667 3405 2723 etiam
3434 2668 3721 2724 obnoxius

2077 2757 2298 2813 eisdem
2349 2754 2679 2827 suppliciis,
2716 2755 2897 2825 jussit
2937 2756 3401 2828 persecutionem
3452 2758 3723 2813 adversus

2078 2844 2443 2903 Christianos
2473 2860 2703 2901 cessare
2735 2860 2836 2915 per
2873 2861 3080 2901 omnes
3112 2846 3465 2918 provincias.
3505 2846 3587 2902 Ne
3618 2864 3724 2902 au-

2080 2944 2186 2992 tem
2234 2933 2349 2989 ﬁne
2404 2933 2666 3006 martyrii
2715 2934 2914 2991 divino
2970 2933 3077 2990 hoc
3125 2936 3246 2990 viro
3295 2942 3723 3005 consummato,

2082 3024 2251 3083 multi
2293 3023 2609 3080 maximum
2643 3023 2925 3080 damnum
2957 3029 3296 3094 acceperent
3327 3024 3535 3094 privati
3563 3025 3723 3080 utili-

2082 3121 2218 3184 tate,
2252 3130 2429 3187 quam
2478 3117 2648 3169 erant
2683 3113 3076 3179 consecuturi,
3118 3113 3235 3168 vita
3268 3114 3337 3169 ab
3371 3131 3437 3169 eo
3468 3114 3721 3181 formati,

316 3203 555 3279 ἔμελλον
608 3203 899 3282 ὡφελείας,
948 3201 1040 3256 καὶ
1099 3201 1207 3275 βίῳ
1252 3201 1586 3274 τυπούμενοι
1626 3202 1752 3275 παρ’
1785 3201 1971 3271 αὑτοῦ,

2086 3214 2140 3261 et
2184 3204 2374 3261 verbis
2414 3202 2637 3260 incitati
2674 3203 2742 3258 ad
2776 3204 3075 3269 virtutem,
3105 3219 3137 3258 a
3176 3202 3565 3270 Providentia,
3598 3220 3724 3275 quae

315 3296 405 3351 καὶ
448 3294 638 3370 λόγοις
690 3292 766 3355 εἷς
826 3292 1024 3366 ἀρετὴν
1080 3292 1538 3365 προτρεπόμενοι,
1592 3290 1971 3364 οἶκονομεῖταί

313 3405 368 3440 τι
393 3383 543 3459 παρὰ
569 3388 670 3451 τῆς
704 3379 892 3442 καλῶς
925 3379 1102 3434 πάντα
1150 3375 1487 3449 διοικούσης.
1537 3380 1807 3455 Προνοίας
1853 3402 1974 3436 κοι-

313 3471 737 3550 νωφελέστερον.
777 3470 873 3528 Καὶ
901 3472 1011 3524 τῶν
1067 3469 1163 3541 μὶν
1203 3465 1416 3541 δεσμῶν
1463 3468 1553 3524 καὶ
1595 3476 1696 3540 τῆς
1738 3476 1976 3549 φρουρᾶς

321 3563 351 3618 ὁ
397 3561 599 3637 μάρτυς
656 3560 883 3629 ἀνεῖται,
954 3556 1242 3635 βασιλικοῦ
1296 3561 1455 3613 τοῦτο
1514 3562 1974 3635 συγχωρήσαντος

320 3649 708 3724 ἐπιτάγματος·
767 3645 948 3720 ὥσπερ
994 3646 1051 3703 δὶ
1097 3644 1207 3718 ⁴ἤδη
1258 3647 1544 3721 νεκρωθεὶς
1597 3653 1678 3720 τῷ
1724 3649 1853 3722 βίῳ,
1884 3650 1977 3704 καὶ

323 3743 407 3811 τῷ
452 3740 670 3813 Χριστῷ
702 3739 796 3809 ζῇν
844 3735 1070 3807 ἐθέλων,
1131 3735 1177 3791 εἰ
1243 3737 1330 3791 καὶ
1391 3740 1492 3791 τοῦ
1550 3741 1726 3799 θανεῖν
1781 3736 1975 3814 ἅφείθη

325 3826 416 3884 διὰ
472 3826 733 3902 Χριστὸν,
786 3827 852 3882 τὰ
915 3824 1122 3881 ἐκείνου
1188 3827 1457 3901 στίγματα
1521 3822 1572 3881 ἐν
1621 3828 1701 3897 τῷ
1761 3827 1978 3899 σώματι

324 3921 406 3989 τῷ
437 3918 631 3972 ἐαυτοῦ
660 3913 986 3990 περιφέρων,
1042 3916 1143 3983 τὴν
1186 3915 1323 3990 πρὸς
1370 3914 1470 3982 τήν
1510 3912 1664 3989 ἁγίαν
1704 3912 1867 3970 πόλιν
1919 3916 1980 3970 ὁ-

325 4004 498 4063 δεύειν
538 4004 787 4082 ἄρχεται.
823 4006 921 4060 Καὶ
968 4012 1068 4074 τῆς
1105 4005 1199 4073 μὶν
1251 4010 1441 4079 στερῆς
1492 4003 1689 4069 εὐθέως
1741 4004 1983 4079 ἐπιλαμ-

327 4091 567 4163 ϐάνεται,
635 4098 963 4170 πειρασμοῖς
1033 4089 1092 4147 δὲ
1146 4091 1487 4148 κατάσκοπον
1564 4089 1976 4169 περιϐάλλεται·

326 4185 607 4260 τοιγάρτοι
637 4183 727 4237 καὶ
757 4181 998 4252 πλησίον
1058 4180 1224 4250 αὐτῆς
1283 4180 1590 4256 γενόμενος,
1640 4182 1841 4257 ἑτέροις
1893 4204 1982 4239 πει

337 4274 579 4350 ριπίπτει
614 4269 892 4341 διώκταις,
936 4275 1042 4327 τῶν
1092 4266 1482 4346 προλαϐόντων
1533 4272 1610 4332 εἷς
1657 4272 1846 4327 κακίαν
1895 4272 1981 4327 ἐν·

331 4362 512 4421 δέουσι
569 4360 851 4424 παντελῶς
920 4358 1095 4418 οὑδὲν.
1155 4356 1380 4434 Ἄνδρες
1438 4359 1542 4437 γὰρ
1602 4362 1839 4430 πονηροὶ
1895 4360 1984 4416 καὶ

333 4454 609 4510 ἆτίθασσοι
640 4451 731 4506 καὶ
776 4448 992 4506 παιδιᾶς
1058 4450 1221 4525 μέρος
1272 4448 1335 4505 τὸ
1395 4449 1707 4529 σφαγιάζειν
1766 4451 1984 4526 ἀνθρώ-

2084 3294 2281 3351 omnia
2320 3298 2470 3349 recte
2518 3293 2833 3363 dispensat,
2868 3291 3207 3362 providetur
3245 3291 3462 3363 aliquid
3499 3292 3724 3348 utilius.

2084 3387 2149 3438 Et
2181 3400 2215 3440 a
2252 3380 2497 3437 vinculis
2528 3380 2757 3451 quidem
2790 3385 2847 3435 et
2885 3381 3142 3436 custodia
3176 3390 3392 3453 martyr
3440 3381 3728 3437 relaxatur

2085 3474 2184 3545 (2),
2216 3470 2583 3544 imperatoris
2637 3469 2745 3526 hoc
2777 3470 2955 3540 jussu
2995 3470 3348 3525 concedente
3382 3486 3395 3526 :
3446 3474 3726 3541 tanquam

2086 3567 2282 3619 autem
2306 3562 2432 3632 jam
2465 3562 2647 3615 morte
2683 3558 2921 3614 affectus
2953 3568 3123 3625 esset,
3157 3566 3213 3614 et
3241 3560 3469 3615 Christo
3496 3563 3725 3614 tantum

2085 3652 2286 3706 volens
2366 3649 2574 3717 vivere,
2631 3646 2859 3702 etiamsi
2923 3665 2954 3701 a
3027 3652 3209 3701 morte
3264 3646 3570 3702 subeunda
3626 3662 3730 3717 pro

2087 3739 2314 3797 Christo
2346 3739 2419 3794 sit
2450 3736 2762 3803 relaxatus,
2785 3734 3062 3806 illiusque
3084 3735 3354 3806 stigmata
3383 3736 3442 3790 in
3474 3751 3579 3791 suo
3611 3752 3730 3791 cor-

2090 3844 2224 3901 pore
2265 3827 2700 3893 circumferens,
2734 3826 2937 3897 incipit
2969 3826 3078 3880 iter
3116 3824 3335 3896 ingredi
3367 3825 3437 3880 ad
3468 3828 3728 3880 sanctam

2088 3918 2403 3975 civitatem.
2436 3916 2503 3970 Et
2532 3919 2752 3970 arctam
2780 3914 3014 3986 quidem
3045 3914 3199 3971 viam
3233 3913 3497 3984 protinus
3535 3930 3735 3985 aggre-

2090 4008 2252 4063 ditur
2291 4023 2305 4061 :
2354 4005 2411 4060 in
2445 4003 2798 4060 tentationes
2832 4010 3050 4071 autem,
3084 4020 3211 4074 qua:
3254 4020 3498 4076 scopum
3548 4003 3735 4074 impe-

2092 4096 2350 4163 diebant,
2370 4093 2595 4151 incidit.
2628 4094 2773 4150 Cum
2804 4091 2959 4148 enim
2994 4108 3110 4147 non
3142 4092 3341 4162 procul
3373 4092 3446 4149 ab
3476 4108 3543 4148 ea
3574 4094 3737 4148 abes-

2093 4190 2202 4255 set,
2236 4186 2296 4240 in
2351 4184 2498 4240 alios
2541 4182 2750 4239 incidit
2806 4188 3225 4255 persecutores,
3284 4182 3385 4253 qui
3442 4182 3736 4252 prioribus

2093 4276 2240 4332 nihil
2274 4273 2512 4330 omnino
2544 4273 2830 4330 cedebant
2856 4270 3248 4342 improbitate.
3272 4271 3391 4326 Viri
3415 4272 3570 4328 enim
3595 4272 3735 4327 mali

2092 4375 2147 4423 et
2178 4367 2337 4433 amvi,
2370 4369 2427 4420 et
2456 4364 2555 4436 qui
2586 4364 2675 4420 vel
2703 4363 2910 4419 itinere
2940 4362 3271 4433 spoliabant
3300 4378 3418 4431 eos,
3452 4361 3552 4432 qui
3582 4378 3736 4418 acce-

2095 4454 2334 4521 debant,
2365 4454 2453 4509 vel
2482 4469 2584 4523 pro
2612 4452 2751 4509 ludo
2769 4450 3062 4508 ducebant
3096 4452 3359 4507 homines
3389 4451 3736 4514 interﬁcere,

329 4564 468 4606 πους
497 4542 791 4616 τιθέμενοι.
837 4542 926 4597 καὶ
958 4540 1147 4604 αὐταῖς
1177 4538 1330 4604 ὁδοῖς
1365 4540 1496 4602 τοὺς
1542 4542 1835 4615 παριόντας
1878 4540 1971 4597 λω-

2096 4560 2226 4601 cum
2255 4543 2540 4599 vidissent
2560 4546 2826 4598 sanctum
2856 4540 3047 4597 solum
3080 4557 3183 4613 per
3215 4542 3369 4597 viam
3400 4545 3657 4608 euntem,
3689 4539 3739 4595 si

331 4631 713 4699 ποδυτοῦντες,
747 4631 862 4689 ἐπεὶ
909 4632 1001 4688 τὸν
1057 4632 1211 4706 ἅγιον
1274 4630 1441 4703 μόνον
1492 4629 1640 4686 ίόντα
1693 4633 1831 4688 κατᾶ
1886 4633 1971 4701 τὴι

2096 4632 2239 4705 quid
2269 4632 2504 4704 quidem
2535 4632 2808 4687 afferebat
2838 4631 3054 4697 viatici,
3088 4631 3143 4686 id
3176 4630 3289 4686 cito
3321 4629 3691 4685 abstulerunt
3722 4643 3737 4683 :

335 4720 462 4776 ὁδὸν
490 4719 801 4788 ἐθεάσαντο,
835 4720 884 4775 εἲ
910 4741 964 4776 τι
1008 4720 1103 4794 μὲν
1133 4716 1366 4796 ἐφοδίων
1406 4719 1566 4793 χάριν
1620 4719 1877 4795 ἐπήγετο,
1924 4722 1988 4775 τὸ

332 4808 508 4883 τάχος
568 4805 878 4883 ἆφείλοντο’
938 4806 1104 4887 ἄμφω
1156 4803 1212 4863 δέ
1268 4807 1346 4863 τὼ
1404 4812 1561 4886 χεῖρε
1617 4808 1692 4870 εἷς
1747 4808 1988 4864 τούπίσω

338 4894 723 4971 δεσμήσαντες,
776 4896 866 4953 καί
915 4896 1090 4969 κλοιῷ
1166 4894 1381 4969 σιδηρῷ
1434 4896 1527 4953 τὸν
1585 4897 1794 4953 ἐκείνου
1839 4918 1990 4974 περι-

336 4983 596 5053 ϐαλόντες
647 4987 958 5067 τράχηλον,
999 4985 1180 5061 ὥσπερ
1227 5008 1283 5041 τι
1331 4990 1552 5063 Θήραμα
1603 4991 1765 5064 Θῆρες
1813 4987 1993 5065 ἄγριοι

338 5076 414 5139 είς
445 5079 506 5133 τὸ
537 5079 743 5134 ἐαυτῶν
793 5076 1072 5153 ἀπήγαγον
1123 5077 1337 5151 ἄντρον.
1389 5076 1564 5132 Ῑιάλαι
1614 5079 1709 5151 μὶν
1753 5079 1846 5134 οῦν
1886 5082 1995 5134 τῶν

338 5164 617 5225 Ἰουδαίων
658 5170 1017 5243 κατηγορεῖτο
1060 5164 1298 5234 πληθὺς,
1351 5166 1426 5230 ὡς
1472 5165 1685 5241 λῃστῶν
1720 5166 1991 5239 σπήλαιον

338 5255 433 5311 τὸν
523 5255 669 5330 ἱερὸν
746 5255 948 5312 ἐκεῖνον
1028 5260 1365 5327 πεποιηκυῖα
1425 5255 1576 5312 ναόνο
1652 5258 1714 5313 τὸ
1780 5254 1838 5313 δέ
1902 5262 1994 5312 νῦν

415 5482 651 5563 (i)__An.
692 5481 800 5563 278
830 5481 1182 5563 Aurelianus
1206 5480 1372 5563 _i_mp‘.
1405 5480 1466 5537 in
1505 5479 1750 5563 Thracia
1775 5496 1827 5563 ἐ
1858 5480 2000 5563 suis

345 5550 652 5619 occiditur,
685 5560 738 5609 et
794 5553 847 5607 ei
902 5554 1165 5609 succedit
1205 5550 1443 5608 Tacitus
1480 5568 1556 5607 vn
1603 5550 1727 5607 Kal.
1772 5551 1997 5617 Octob.,

351 5633 418 5683 ut
451 5626 627 5682 tradit
656 5624 964 5698 Vopiscus.
999 5624 1138 5683 Vide
1171 5625 1375 5681 Baron.
1410 5624 1517 5681 hoc
1539 5640 1713 5679 anno.

671 5746 936 5807 ΡΑτιιοῐ..
985 5746 1096 5802 GR.
1145 5743 1318 5804 CXV.
1361 5826 1383 5842 .

2096 4739 2250 4796 pone
2282 4730 2475 4779 autem
2521 4721 2779 4777 vinctum
2828 4721 3117 4778 ambabus
3148 4720 3439 4786 manibus,
3472 4724 3528 4774 et
3559 4719 3742 4774 ferreo

2097 4809 2298 4867 collari
2328 4809 2476 4866 collo
2505 4809 2632 4880 ejus
2661 4807 2896 4879 injecto,
2927 4809 3102 4865 veluti
3134 4808 3453 4880 quamdam
3486 4807 3741 4877 praedam

2100 4900 2234 4956 ferm
2281 4899 2601 4955 immanes-
2631 4897 2689 4952 in
2741 4913 2906 4953 suam
2959 4896 3297 4968 speluncam
3350 4896 3741 4952 abduxerunt.

2102 4992 2291 5060 Atque
2338 4986 2474 5043 olim
2504 4985 2737 5058 quidem
2784 4986 2895 5043 fuit
2931 4989 3237 5041 accusatus
3268 4983 3522 5057 populus
3565 4984 3748 5039 Judae-

2103 5092 2294 5143 orum,
2336 5075 2492 5147 quod
2535 5092 2770 5132 sacrum
2816 5074 2958 5131 illud
2989 5073 3269 5146 templum
3325 5072 3563 5129 fecisset
3613 5086 3743 5143 spe-

2105 5167 2337 5223 luncam
2366 5164 2657 5222 latronum
2695 5181 2709 5220 :
2759 5164 2821 5221 in
2851 5166 3162 5237 presentia
3190 5170 3382 5219 autem
3424 5178 3516 5219 res
3544 5167 3750 5218 contra

2107 5273 2171 5315 se
2203 5256 2396 5314 habet.
2442 5254 2592 5311 Nam
2623 5254 2773 5311 hanc
2816 5253 3107 5310 latronum
3137 5252 3496 5324 speluncam,
3527 5251 3749 5309 videbis

2179 5477 2259 5548 (2)
2288 5478 2341 5532 S.
2393 5474 2672 5548 Chariton
2704 5471 3095 5548 dimittitur;
3140 5471 3425 5541 custodia,
3459 5488 3528 5528 ex
3565 5469 3751 5527 Taciti

2112 5544 2299 5605 edicto
2332 5554 2475 5603 teste
2509 5544 2757 5601 Baronio
2789 5560 2940 5600 anno
2964 5544 3089 5599 279.

3356 5745 3431 5799 ‘29
