4144 6184
438 319 561 411 9οι

1728 320 2007 382 MENSIS
2053 320 2544 389 SEPTEMBER.

3718 326 3865 388 908

429 478 503 533 ab
555 491 621 533 eo
663 474 839 532 fuisse
887 474 1099 533 factam
1161 476 1262 533 Dei
1293 476 1599 535 ecclesiam
1636 496 1651 538 :
1684 480 2069 552 quemadmo-

2188 472 2415 553 ἔμπαλιν
2482 479 2861 557 πεπραγμένον
2928 477 3065 538 ἐστί⁶
3138 483 3201 541 τὸ
3286 482 3393 560 γὰρ
3454 488 3562 541 τῶν
3617 482 3849 561 λῃστῶν

429 568 571 625 dum
601 570 821 635 autem,
849 565 1126 639 deinceps
1157 567 1549 625 ostendemus.

501 822 625 881 VII.
655 822 747 879 Illi
781 826 973 879 autem
1008 823 1293 891 scelerati,
1328 839 1459 879 cum
1493 828 1763 878 sanctum
1796 821 2069 896 reliquis-

430 920 562 970 sent
596 915 853 969 vinctum
903 915 959 967 in
1010 913 1163 970 dicta
1218 913 1512 984 spelunca,
1548 912 1661 968 huc
1716 919 1773 968 et
1818 912 1978 977 illuc,
2012 915 2074 968 ut

430 1003 514 1059 eis
547 1019 674 1059 mos
704 1008 846 1071 erat,
879 1003 1001 1058 vias
1043 1004 1284 1058 obibant
1316 1003 1599 1073 publicas,
1632 1003 1681 1057 si
1714 1004 1858 1057 torte
1888 1001 2070 1056 viato-

430 1092 593 1149 ribus
637 1092 873 1148 solitum
907 1094 1110 1147 afferre
1144 1100 1381 1163 possent
1436 1092 1699 1148 exitium.
1738 1090 1838 1147 Ille
1875 1097 2072 1147 autem

430 1182 685 1253 primum
731 1181 963 1253 quidem
1001 1182 1143 1236 fudit
1178 1198 1394 1251 preces,
1426 1186 1483 1237 et
1512 1181 1627 1237 Deo
1670 1182 1787 1254 egit
1830 1181 2069 1251 gratias,

429 1269 726 1328 molestias
772 1270 1039 1326 lubenter
1096 1272 1426 1342 suscipiens
1491 1276 1727 1341 propter
1766 1286 1913 1337 eam,
1947 1286 2073 1341 quas

428 1361 589 1417 illinc
643 1366 931 1432 speratur,
982 1362 1509 1417 remunerationem
1564 1376 1578 1415 :
1638 1359 1847 1415 deinde
1898 1360 2071 1416 etiam

430 1450 757 1523 malignum
791 1451 1133 1514 daemonem,
1169 1450 1269 1523 qui
1302 1450 1421 1505 haec
1464 1450 1740 1506 adversus
1783 1465 1917 1506 eum
1949 1452 2075 1505 erat

429 1539 825 1605 machinatus,
856 1540 939 1595 sic
981 1538 1296 1595 fortissime
1342 1538 1656 1610 alloquitur
1708 1555 1721 1595 :
1770 1540 2070 1610 Tanquam

431 1629 532 1701 qui
570 1629 776 1685 mortis
828 1626 1150 1700 periculum
1182 1626 1577 1694 formidarem,
1611 1626 1779 1683 bisne
1832 1643 1919 1683 me
1952 1631 2071 1683 tra-

430 1720 630 1777 didisti
653 1719 973 1791 parricidis,
1007 1736 1039 1775 o
1080 1717 1327 1775 sceleste
1361 1734 1374 1773 :
1423 1735 1495 1774 an
1541 1717 1966 1789 prohibiturus,
2001 1733 2073 1774 ne

429 1809 504 1866 ad
551 1810 817 1866 effectum
849 1824 1034 1865 meum
1066 1807 1258 1865 veniat
1289 1806 1700 1881 propositum?
1730 1807 1786 1862 Si
1812 1808 2071 1880 primum

429 1901 691 1972 quidem,
728 1905 789 1956 ut
819 1901 918 1972 qui
950 1899 1049 1954 Dei
1082 1900 1326 1969 gratiam
1361 1900 1575 1954 bonam
1599 1899 1842 1955 habeam
1881 1903 2075 1955 custo-

429 1992 859 2055 dem,mortem
918 1992 1157 2045 omnino
1218 1989 1475 2057 despicio
1527 2004 1542 2044 :
1608 1990 1696 2043 sin
1755 1992 1973 2055 autem,
2016 1994 2078 2045 ut

431 2096 523 2135 me
554 2079 861 2151 prohibeas
893 2096 925 2134 a
956 2095 1085 2134 meo
1136 2093 1203 2133 ex
1234 2077 1464 2133 Christo
1505 2077 1734 2133 vivendi
1767 2078 2072 2143 desiderio,

431 2168 576 2225 nihil
626 2168 864 2225 omnino
910 2168 1150 2236 efficies,
1184 2168 1232 2222 si
1266 2170 1391 2239 ipse
1420 2167 1558 2224 velit
1591 2183 1605 2221 :
1638 2166 1759 2222 vult
1787 2182 1919 2223 vero
1950 2184 2078 2223 om-

434 2258 595 2326 nino,
625 2259 899 2329 quoniam
928 2261 1139 2329 gaudet
1168 2257 1293 2311 vitae
1315 2263 1372 2312 et
1392 2256 1601 2311 anima
1632 2255 1838 2312 videns
1871 2273 2075 2327 purga-

427 2348 664 2414 tionem,
697 2351 872 2419 utque
909 2347 1119 2401 habeat
1145 2345 1533 2412 occasionem,
1564 2362 1695 2401 cum
1747 2346 1824 2401 sit
1868 2346 2075 2412 bonus,

429 2439 584 2494 bona
630 2436 921 2508 praebendi
954 2436 1046 2502 iis,
1081 2439 1179 2508 qui
1221 2441 1363 2491 sunt
1389 2436 1635 2492 studiosi
1684 2435 1936 2491 virtutis.
1969 2435 2077 2490 Sed

430 2543 562 2584 cum
595 2526 716 2583 haec
779 2527 1014 2599 quidem
1054 2525 1135 2582 sic
1179 2526 1251 2582 ab
1282 2542 1348 2582 eo
1390 2528 1742 2595 dicerentur,
1772 2524 1970 2596 vipera
2016 2523 2075 2580 in

429 2632 529 2673 vas
560 2616 857 2690 quoddam
907 2632 1279 2689 proserpens,
1314 2616 1469 2688 quod
1500 2622 1619 2671 erat
1647 2616 1783 2670 vino
1814 2614 2077 2687 plenum,

429 2706 672 2779 impleta
700 2710 790 2763 est
808 2722 996 2779 usque
1027 2706 1097 2762 ad
1121 2705 1447 2762 satietatem
1480 2723 1494 2762 :
1518 2704 1726 2761 deinde
1746 2721 1860 2761 non
1884 2720 2077 2771 secus,

432 2800 607 2868 atque
628 2795 769 2853 mali
800 2796 1087 2863 homines,
1114 2811 1215 2865 pro
1249 2794 1527 2852 beneficio
1560 2795 1781 2851 malum
1804 2794 2077 2860 reddens,

432 2887 491 2940 et
548 2886 748 2952 potum
795 2898 1018 2938 veneno
1076 2897 1475 2947 remunerans,
1509 2881 1766 2938 recessit.
1800 2881 2080 2937 Latrones

430 2976 626 3027 autem
641 2986 773 3026 cum
799 2971 1035 3026 domum
1056 2970 1388 3035 rediissent,
1405 2974 1470 3024 ut
1491 2970 1584 3039 qui
1610 2968 1708 3024 siti
1725 2968 2080 3024 laborarent-

434 3076 663 3115 merum
689 3058 925 3131 quidem
958 3058 1154 3113 statim
1187 3056 1484 3126 hauriunt,
1517 3062 1574 3111 et
1604 3055 1779 3112 simul
1814 3056 2076 3113 moriun-

431 3154 526 3205 tur
567 3165 581 3203 :
614 3154 670 3204 et
705 3149 790 3205 sic
820 3146 957 3202 mali
1001 3164 1035 3202 a
1084 3147 1234 3202 malo
1269 3146 1613 3216 puniuntur,
1645 3151 1704 3203 et
1744 3162 1847 3218 pro
1879 3145 2080 3204 multis

433 3237 653 3309 injuria
683 3237 905 3294 affectis
944 3235 1143 3292 divina
1165 3234 1399 3307 justitia
1428 3236 1500 3293 de
1528 3234 1599 3292 iis
1631 3236 1866 3292 meritas
1896 3235 2076 3292 sumit
2108 3229 2159 3299 Ο

432 3344 655 3402 pmnas.
693 3325 909 3382 Dehinc
963 3326 1450 3382 exsecrandorum
1502 3324 1735 3380 illorum
1785 3324 2079 3381 latronum

434 3417 859 3486 habitaculum,
892 3416 1046 3473 sicut
1098 3432 1227 3471 sum
1262 3415 1560 3487 pollicitus
1605 3416 1817 3482 dicere,
1852 3417 1916 3471 Iit
1944 3433 2080 3473 san-

433 3514 593 3565 ctum
632 3508 731 3564 Dei
758 3506 1234 3579 t_emplum,quod
1257 3521 1409 3561 nunc
1439 3514 1674 3562 vocatur
1701 3506 1953 3577 Antiqua
1984 3521 2080 3562 ec-

431 3598 629 3665 clesia,
662 3602 719 3654 et
769 3597 883 3653 sita
939 3602 1025 3653 est
1076 3611 1254 3668 prope
1312 3595 1743 3652 sanctissimam
1803 3596 2077 3657 Lauram.

432 3704 560 3761 quis
592 3687 813 3744 Pharus
843 3686 1078 3754 dicitur,
1111 3685 1342 3742 condita
1388 3685 1460 3742 ab
1491 3685 1600 3741 hoc
1634 3701 1847 3757 magno
1878 3684 2079 3740 Chari-

430 3782 567 3834 tone
605 3793 618 3833 :
653 3778 783 3833 vide
827 3781 1019 3833 autem
1064 3775 1185 3832 haec
1215 3790 1444 3847 quoque
1475 3790 1653 3846 quam
1688 3774 1992 3846 pulchram
2023 3778 2080 3830 et

432 3864 838 3924 admirabilem
915 3866 1262 3921 invenerunt
1328 3863 1847 3936 dispensationem.
1923 3863 2075 3929 Quid

431 3956 588 4013 enim
618 3956 705 4027 ﬁt,
737 3959 795 4012 et
826 3970 940 4029 quo
970 3971 1064 4011 res
1080 3954 1207 4025 ejus
1231 3952 1598 4025 procedunt?

502 4153 654 4209 VIII.
680 4154 896 4224 Captus
925 4151 1323 4223 improborum
1373 4151 1668 4220 manibus,
1703 4156 1762 4207 ut
1786 4152 1914 4223 jam
1946 4159 2078 4209 ante

433 4242 818 4309 ostendimus,
850 4259 883 4298 a
914 4242 1022 4308 via,
1056 4258 1181 4314 quae
1212 4242 1484 4297 tendebat
1507 4240 1905 4314 Hierosolyma
1927 4241 2080 4297 utili-

438 4337 524 4390 ter
579 4336 805 4388 arcetur
837 4349 850 4387 :
885 4333 1070 4389 instar
1099 4332 1307 4404 captivi
1341 4331 1575 4387 ducitur
1604 4331 1662 4387 in
1710 4332 2072 4405 speluncam,

434 4422 712 4478 adversus
754 4421 1070 4494 parricidas
1112 4422 1285 4477 struit
1314 4420 1522 4486 aciem,
1555 4436 1670 4477 non
1703 4437 1927 4488 ensem,
1960 4438 2074 4478 non

436 4511 723 4585 clypeum,
784 4528 900 4568 non
973 4511 1175 4577 telum,
1235 4527 1351 4565 non
1427 4510 1624 4582 aliqua
1718 4510 1832 4566 alia
1914 4526 2079 4566 arma

433 4603 708 4669 inferens,
755 4602 969 4673 quibus
1020 4617 1078 4657 se
1127 4604 1322 4672 posset
1379 4598 1582 4657 ulcisci
1636 4618 1649 4656 :

434 4692 728 4765 precibus,
756 4691 907 4746 sicut
957 4689 1093 4745 olim
1146 4690 1422 4745 adversus
1453 4689 1812 4746 Amalecitas
1860 4689 2072 4755 Moses,

434 4782 667 4839 etiamsi
701 4795 815 4836 non
844 4778 1103 4835 extensis
1134 4778 1409 4833 manibus
1440 4778 1585 4849 (erat
1613 4779 1772 4834 enim
1801 4777 2076 4849 vinctus),

435 4872 534 4929 sed
568 4886 697 4943 qua:
729 4870 958 4925 easdem
992 4867 1271 4923 haberent
1300 4866 1472 4933 vires,
1506 4871 1563 4923 et
1592 4884 1660 4923 ex
1688 4882 1855 4939 equo
1884 4867 2077 4922 audiri

436 4965 697 5034 possent,
732 4958 909 5013 veluti
944 4957 1295 5027 quibusdam
1330 4956 1462 5012 telis
1493 4955 1796 5013 sceleratos
1826 4956 1954 5011 ferit
1980 4971 2076 5012 ve-

436 5066 588 5106 neno
634 5048 864 5120 viperae.
900 5046 1116 5101 Deinde
1147 5044 1324 5116 quid?
1355 5045 1470 5100 Sua
1501 5050 1709 5117 sponte
1738 5043 1977 5101 solvitur
2005 5044 2076 5099 ab

435 5139 530 5205 iis,
564 5137 780 5209 quibus
822 5136 1145 5203 tenebatur,
1179 5134 1428 5191 vinculis
1460 5150 1473 5189 :
1511 5136 1576 5189 fit
1618 5139 1813 5191 autem
1846 5150 2075 5190 succes-

437 5246 535 5287 sor
573 5228 855 5303 pecuniae,
881 5244 1009 5300 quae
1078 5226 1229 5282 male
1286 5225 1527 5282 collecta
1574 5226 1777 5282 fuerat.
1812 5226 1891 5281 Ea
1943 5240 2076 5281 vero

436 5320 593 5372 recte
621 5317 1015 5383 distribuitur,
1052 5316 1237 5388 ﬁtque
1285 5315 1407 5386 ipse
1454 5313 1635 5370 divini
1666 5313 1939 5387 praecepti
1973 5312 2074 5368 ad-

439 5404 725 5473 minister,
759 5410 824 5461 ut
845 5406 944 5478 qui
980 5410 1198 5475 partem
1232 5404 1468 5477 quidem
1502 5403 1871 5477 pauperibus,
1904 5401 2073 5468 etiis,

438 5492 542 5565 qui
576 5493 657 5547 in
699 5493 1009 5550 solitudine
1065 5494 1331 5565 agebant,
1374 5492 1646 5549 Patribus
1692 5490 2073 5549 distribuerit.

438 5584 615 5640 Erant
661 5588 852 5638 autem
910 5587 1050 5638 tunc
1098 5584 1214 5639 rari
1244 5588 1302 5639 et
1359 5600 1470 5639 non
1518 5582 1686 5639 valde
1730 5596 1937 5652 magno
1970 5595 2075 5636 nu-

442 5688 601 5732 mero
663 5689 676 5729 :
757 5670 855 5744 qui
916 5672 1027 5745 ipsi
1086 5687 1311 5746 quoque
1349 5676 1607 5745 tempore
1638 5669 2071 5744 persecutionis,

2179 568 2330 624 τουτί
2368 566 2638 641 σπήλαιον
2666 568 2959 642 ἐκκλησίαν
2993 576 3128 628 Θεοῦ
3167 574 3296 649 παρ’
3327 573 3492 631 αὐτοῦ
3540 574 3842 651 γενόμενον

2181 655 2321 732 ὄψει·
2356 659 2505 722 ὃπως
2536 656 2593 715 δὲ
2622 659 2710 715 καὶ
2739 660 2856 716 τίνα
2885 661 2977 717 τὸν
3011 662 3230 732 τοόπον,
3260 668 3326 719 τᾶ
3355 664 3478 738 ἑξῆς
3517 668 3615 719 τοῦ
3661 662 3842 740 λόγου

2182 745 2425 818 δηλώσει
2458 753 2663 828 σαφῶς.

2252 841 2321 897 Ζ’.
2354 842 2583 897 Ἐκεῖνοι
2619 842 2713 913 μὲν
2747 842 2859 910 οῦν,
2909 838 3092 919 ὥσπερ
3142 842 3371 924 ἔφημεν,
3416 844 3470 901 οἱ
3511 844 3841 921 ἀλάστορες,

2182 928 2402 1004 δὲσμιον
2434 929 2485 984 ἐν
2514 935 2595 1003 τῶ
2626 928 2927 1000 δηλωθέντι
2977 931 3087 1006 ἤδη
3140 932 3396 1008 σπηλαίῳ
3442 935 3841 1001 καταλιπόντες

2181 1019 2272 1074 τὸν
2307 1019 2483 1096 ἅγιον,
2515 1019 2604 1075 καὶ
2635 1016 2741 1075 ὧδε
2771 1021 2893 1097 περὶ
2926 1021 3019 1085 τάς
3061 1020 3398 1100 λεωφόρους,
3433 1025 3507 1086 ὡς
3556 1020 3677 1088 ἔθος
3727 1027 3839 1083 αύ-

2181 1114 2320 1177 τοῖς,
2353 1108 2665 1185 περιῄεσαν.
2701 1108 2755 1164 εἷ’
2774 1130 2878 1165 που
2908 1111 2997 1166 καὶ
3030 1110 3225 1176 ἄλλοις
3260 1116 3366 1169 τῶν
3418 1111 3731 1188 ὁδοιπόρων
3770 1117 3839 1171 τὸ

2183 1198 2401 1268 σύνηθες
2448 1197 2601 1254 αὐτοὶ
2645 1199 2805 1255 κακὸν
2852 1194 3081 1257 ἔσονται.
3133 1203 3194 1260 '0
3244 1202 3301 1257 δὶ
3347 1207 3537 1275 πρῶτα
3752 1204 3841 1262 εύ-

2182 1290 2287 1362 χάς
2349 1284 2607 1345 ἀπεδίδου
2671 1289 2762 1344 καὶ
2825 1288 3106 1366 ὡμολόγει
3162 1295 3279 1363 Θεῷ
3336 1292 3587 1367 χάριτας,
3653 1291 3837 1362 ἡδέως

2186 1376 2469 1448 ὑπομένων
2518 1376 2585 1433 τά
2629 1375 2872 1453 λυπηρὰ,
2928 1376 3017 1435 διὰ
3060 1381 3159 1449 τήν
3208 1379 3408 1445 ἐκεῖθεν
3460 1379 3838 1456 ἐλπιζομένην

2182 1464 2470 1522 ἀντίδοσιν·
2513 1461 2696 1523 ἔπειτα
2743 1467 2834 1523 καὶ
2881 1472 2961 1541 τῷ
3008 1473 3233 1525 τοιαῦτα
3278 1472 3669 1549 τεχνασαμένῳ
3716 1475 3836 1527 κατ’

2184 1556 2353 1612 αὐτοῦ
2384 1561 2610 1632 πονηρῷ
2642 1556 2862 1632 δαίμονι
2895 1559 3096 1616 ούτωσί
3138 1581 3256 1623 πως
3307 1558 3682 1637 ἀνδρικώτατα
3726 1560 3839 1620 διε-

2182 1645 2396 1720 λέγετο·
2449 1647 2537 1710 Ὠς
2606 1643 2870 1703 δειλῶντά
2928 1669 2996 1722 με
3041 1650 3139 1719 τήν
3198 1653 3297 1705 τοῦ
3354 1651 3584 1715 θανάταυ
3640 1656 3836 1727 πεῖραν

2179 1741 2296 1797 τοῖς
2373 1733 2728 1814 ἀνδροφόνοις
2820 1736 3037 1801 τούτοις
3131 1740 3306 1815 φέρων
3379 1737 3719 1816 παρέδωγας,
3788 1744 3837 1797 ὦ

2102 1876 2158 1943 Β
2185 1827 2365 1943 μιαρὲ,
2396 1827 2433 1896 ’ἤ
2467 1827 2677 1943 ὼίξλτὴγ
2716 1827 2855 1938 ἐμξιν
2896 1827 3159 1937 κωλύσων
3211 1829 3288 1894 είς
3314 1829 3496 1943 ’ἔργου
3546 1831 3836 1943 προελθεῖγ

2183 1918 2436 1992 πρόθεσιν
2465 1936 2478 1986 ;
2510 1916 2577 1974 Εἴ
2610 1917 2703 1991 μὶν
2750 1916 2841 1973 οὖν
2889 1919 2951 1973 τὸ
2996 1924 3213 1991 πρῶτον
3267 1921 3405 1977 αὐτά
3449 1942 3507 1976 σε
3552 1922 3721 1987 πείθει

2183 2007 2474 2083 πράγματα
2530 2007 2603 2069 ὡς
2669 2005 2773 2081 ἐγὼ
2838 2008 2937 2077 τὴν
2996 2012 3092 2064 τοῦ
3157 2013 3291 2065 Θεοῦ
3354 2011 3572 2086 εχάριν,
3629 2011 3839 2087 ἀγαθὴν

2184 2094 2328 2171 ἔχων
2359 2097 2617 2171 φρουρὸν,
2660 2097 2855 2159 παντὸς
2904 2098 3131 2153 θανάτου
3178 2105 3520 2177 καταφρονῶ·
3571 2101 3617 2156 εἰ
3666 2099 3723 2156 δὲ
3772 2102 3837 2157 τὸ

2182 2184 2425 2241 κωλῦσαί
2462 2205 2529 2259 με
2556 2191 2657 2254 τῆς
2703 2184 2991 2261 ἐπιθυμίας
3038 2191 3135 2242 τοῦ
3185 2195 3345 2259 ζῆσαι
3392 2190 3531 2245 κατά
3583 2190 3835 2264 Χριστὸν,

2184 2276 2396 2340 ἀνύσεις
2432 2275 2495 2330 τὸ
2550 2275 2802 2351 παράπαν
2852 2274 3007 2333 οὐδὲν
3064 2274 3233 2332 αὐτοῦ
3286 2276 3649 2352 βουΛομὲνου*
3704 2279 3843 2354 βού-

2185 2363 2338 2420 λεται
2369 2364 2425 2421 δὶ
2456 2365 2689 2427 πάντως·
2740 2366 2856 2422 ἐπεὶ
2908 2367 2997 2421 καὶ
3049 2367 3255 2443 χαίρει,
3317 2367 3441 2441 βίου
3497 2368 3587 2422 καὶ
3645 2370 3838 2444 ψυχῆς

2186 2457 2326 2529 ὁρῶν
2360 2457 2638 2529 κάθαρσιν,
2676 2454 2751 2511 ’ἶν’
2789 2450 2913 2535 ἔχοι
2962 2460 3260 2535 πρόφασιν,
3313 2457 3513 2532 ἀγαθὸς
3541 2451 3617 2511 ὤν
3667 2458 3842 2533 ἀγαθά

2186 2548 2442 2621 παρεχειν
2493 2551 2610 2608 τοῖς
2661 2545 2996 2623 φιλαρέτοις.
3056 2547 3231 2605 Ἀλλά
3286 2546 3493 2605 τούτων
3552 2545 3659 2605 ὦδε
3707 2553 3845 2623 παρ’

2184 2633 2354 2690 αὐτοῦ
2384 2632 2720 2710 λεγομὲνων,
2760 2630 2904 2712 ἔχις,
2954 2640 3061 2691 τῶν
3111 2637 3317 2693 σκευῶν
3374 2658 3479 2693 τινι
3526 2638 3841 2713 προσερπύ-

2186 2745 2341 2793 σασα,
2375 2726 2506 2801 ὅπερ
2539 2722 2685 2780 ο¹ίνου
2738 2726 2932 2800 μεστὸν
2983 2726 3074 2795 ἦν,
3121 2727 3211 2781 καὶ
3262 2726 3338 2788 εἰς
3386 2728 3548 2803 κόρον
3599 2726 3846 2803 ἐμφορηο

2188 2817 2355 2870 θεῖσα·
2418 2814 2531 2870 εἶτα
2595 2815 2732 2870 κατά
2784 2816 2911 2877 τοὺς
2970 2818 3252 2893 πονηροὺς
3333 2820 3438 2873 τῶν
3514 2816 3842 2893 ἀνθρώπων,

2185 2908 2339 2976 κακῷ
2370 2905 2472 2973 τὴν
2514 2902 2823 2979 εὐεργεσίαν
2873 2899 3239 2977 ἀμειϐομένη,
3282 2906 3374 2960 καί
3424 2905 3504 2960 ἰὸν
3552 2904 3843 2961 ἀντιδοῦσα

2183 2999 2282 3061 τῆς
2321 2993 2553 3063 πόσεως,
2587 2991 2993 3065 ἀπηλλάττετο.
3025 2994 3096 3051 Ol.
3131 2993 3332 3069 λῃσταῖ
3384 2991 3441 3051 δί
3480 2992 3621 3050 οἴκοι
3669 3016 3846 3050 κατα-

2187 3076 2468 3151 λαϐόντες,
2503 3084 2594 3138 ἅτε
2626 3080 2771 3156 δίψει
2800 3081 3253 3156 κατειλημμένοι,
3290 3088 3463 3139 σπῶσι
3508 3084 3602 3157 μέν
3638 3083 3840 3147 εὐθέως

2183 3174 2283 3223 τοῦ
2336 3170 2592 3244 ἀκράτου,
2661 3172 2953 3239 θνήσκουσι
3022 3168 3079 3226 δὶ
3145 3172 3306 3244 ὁμοῦ·
3389 3174 3477 3226 καὶ
3545 3170 3719 3234 οὕτως
3789 3174 3845 3227 o't

2187 3257 2344 3313 κακοῖ
2382 3263 2461 3329 τῷ
2490 3263 2642 3331 κακῷ
2688 3258 3087 3334 τιμωροῦνται,
3146 3262 3237 3315 καὶ
3294 3260 3522 3317 πολλῶν
3567 3259 3847 3334 ἠδικημὲο

2187 3368 2293 3402 νων
2326 3344 2602 3417 ἐκδίκησιν
2644 3351 2678 3417 ἡ
2730 3349 2848 3413 θεία
2900 3346 3023 3421 δίκη
3080 3355 3249 3406 ποιεῖ.
3300 3352 3574 3406 Ἐντεῦθεν
3625 3351 3689 3406 τὸ
3734 3355 3851 3405 τῶν

2192 3441 2402 3511 μιαρῶν
2432 3435 2645 3492 ἐκείνων
2684 3436 2903 3512 λῃστῶν
2955 3440 3324 3515 καταγώγιον,
3384 3438 3517 3515 ὅπερ
3576 3438 3845 3515 ἐπηγγει-

2190 3524 2372 3597 λάμην
2405 3526 2598 3596 εἰπεῖν,
2628 3528 2755 3589 ναὸς
2804 3532 2937 3583 Θεοῦ
2986 3527 3142 3603 ἅγιος
3198 3529 3426 3603 γίνεται,
3476 3528 3536 3591 ὅς
3565 3531 3599 3599 ἡ
3632 3529 3848 3585 παλαιά

2188 3618 2280 3668 νῦν
2330 3612 2631 3685 Ἐκκλησία
2678 3616 3131 3689 κατονομάζεται,
3184 3617 3279 3673 καὶ
3336 3618 3473 3693 πρὸς
3531 3621 3598 3693 τῇ
3656 3618 3847 3694 εὐαγεο

2189 3703 2357 3778 στάτῃ
2424 3703 2630 3780 Λαύρᾳ,
2694 3709 2764 3779 τῇ
2834 3704 3101 3780 λεγομένῃ
3168 3707 3371 3778 Φάρος,
3448 3704 3735 3777 διάκειται,
3807 3708 3845 3777 ἢ

2190 3793 2292 3848 ὑπὸ
2348 3798 2444 3848 τοῦ
2495 3792 2735 3869 μεγάλου
2794 3794 2995 3849 τούτου
3052 3794 3367 3868 Χαρίτωνος
3420 3797 3521 3866 τήν
3590 3796 3844 3852 σύστασιν

2187 3881 2366 3958 ἔσχεν.
2410 3886 2545 3959 Ὀρα
2575 3882 2632 3939 δὲ
2661 3885 2750 3939 καὶ
2792 3888 2977 3953 ταῦτα,
3008 3889 3126 3947 πῶς
3180 3886 3353 3955 καλὴν
3414 3887 3533 3963 εὗρε
3579 3887 3671 3943 καὶ
3713 3899 3845 3952 θαυ-

2192 3974 2399 4045 μαστὴν
2431 3974 2529 4042 τὴν
2576 3973 2913 4047 οἰκονομίαν.
2956 3974 3023 4031 Τί
3073 3973 3177 4050 γὰρ
3218 3975 3417 4051 γίνεται
3467 3977 3556 4032 καὶ
3606 3974 3731 4032 ὅποι
3775 3978 3847 4033 τά

2185 4066 2301 4115 κατ’
2329 4061 2490 4116 αὐτὸν
2522 4061 2766 4136 πρόεισιν
2801 4082 2816 4133 ;

2262 4155 2337 4207 [l‘.
2371 4148 2531 4206 Ἢλὼ
2559 4156 2680 4213 ταῖς
2714 4150 2938 4224 ἀνόμοις
2977 4155 3086 4207 τῶν
3135 4150 3454 4231 κακούργων
3505 4154 3715 4233 χερσὶν,
3766 4155 3847 4218 ὡς

2186 4235 2292 4309 ἤδη
2328 4241 2611 4317 φθάσεντες
2662 4237 3038 4315 ἐδηλώσαμεν,
3091 4248 3191 4311 τῆς
3241 4241 3328 4298 ἐπὶ
3376 4243 3442 4299 τὰ
3483 4241 3848 4318 Ἰεροσόλυμα

2188 4328 2460 4405 φερούσης
2517 4328 2826 4393 λυσιτελῶς
2898 4331 3136 4409 ε’ἰργεται
3210 4332 3576 4408 αἰχμαλώτου
3662 4331 3846 4407 δίκην,

2188 4417 2275 4472 ἐπὶ
2315 4419 2378 4473 τὸ
2426 4420 2696 4489 σπήλαιον
2752 4421 2958 4495 ἄγεται,
3008 4422 3405 4497 παρατάσσεται
3449 4429 3567 4487 τοῖς
3620 4424 3847 4501 μιαιφό-

2188 4528 2326 4571 νοις·
2360 4507 2458 4564 οὐκ
2488 4509 2723 4585 αἷχμὴν,
2757 4510 2856 4566 ούκ
2894 4508 3117 4581 ἀσπίδα,
3161 4511 3223 4568 ού
3281 4511 3465 4588 βέλος,
3511 4512 3619 4589 οὐχ
3663 4512 3848 4586 ἂερόν

1710 4600 1811 4655 sed
1863 4599 2075 4655 sanctis

2193 4619 2244 4653 τι
2301 4602 2408 4653 τῶν
2464 4598 2815 4673 ἂμυντηρίων
2869 4600 3209 4676 ἐπαγόμενος
3265 4600 3476 4659 ὅπλων·
3538 4604 3731 4678 εὐχαῖς
3786 4600 3847 4659 δί

2186 4686 2383 4761 ἁγίαις,
2441 4689 2681 4764 καθάπερ
2737 4690 2875 4745 κατά
2930 4694 3037 4745 τῶν
3111 4689 3500 4764 Ἀμαληκιτῶν
3578 4696 3845 4762 Μωυσῆς,

2189 4776 2233 4831 εἰ
2264 4777 2351 4831 καὶ
2388 4780 2463 4850 μὴ
2517 4776 2724 4833 ἐκτάσει
2774 4783 2977 4858 χειρῶν
3028 4780 3187 4843 οὗτος
3245 4778 3476 4850 (ἐδέδετο
3524 4781 3675 4857 γὰρ),
3729 4782 3845 4838 ἰσο-

2188 4862 2443 4939 δυνάμοις
2472 4863 2529 4922 δὲ
2569 4868 2661 4921 καὶ
2694 4868 2757 4923 τὸ
2806 4866 3033 4939 εὒήκοον
3084 4868 3274 4940 ἐπίσης
3334 4870 3593 4945 ἐχούσαις
3645 4870 3845 4946 βάλλει

2184 4955 2310 5015 τοὺς
2339 4954 2718 5029 παλαμναίους
2752 4958 2869 5012 οἶόν
2921 4978 3031 5013 τισι
3094 4957 3276 5034 βέλεσι
3333 4964 3413 5032 τῷ
3460 4966 3566 5029 τῆς
3613 4957 3844 5035 ἐχίδνης

2186 5043 2275 5115 ῗῷ.
2309 5045 2442 5101 Εἶτα
2470 5046 2567 5113 τί;
2608 5050 2726 5101 Τῶν
2778 5049 2860 5109 οἷς
2916 5049 3014 5123 μὲν
3063 5046 3339 5122 ἐκρατεῖτο
3393 5046 3629 5123 δεσμῶν,
3676 5048 3849 5105 αὖτο-

2190 5134 2373 5207 μάτως
2440 5132 2644 5190 λύεται·
2694 5133 2955 5215 διάδοχος
3004 5134 3063 5192 δέ
3107 5142 3216 5193 τῶν
3257 5142 3440 5201 κακῶς
3489 5137 3843 5213 συνειλεγμέ-

2184 5241 2288 5275 νων
2319 5222 2626 5299 χρημάτων
2680 5224 2907 5300 γίνεται.
2960 5224 3260 5299 Οἰκονομεῖ
3301 5230 3469 5282 ταῦτα
3516 5225 3701 5289 καλῶς
3751 5228 3844 5282 καὶ

2190 5309 2463 5388 ὑπουργὸς
2494 5312 2639 5375 θείας
2676 5311 2904 5384 ἐντολῆς
2942 5310 3233 5386 δείκνυται,
3282 5314 3393 5371 ἔνια
3447 5317 3544 5390 μὶν
3584 5334 3843 5393 πτωχοις

2184 5399 2274 5453 καὶ
2330 5406 2445 5462 τοῖς
2504 5399 2588 5456 ἐπ’
2653 5402 2889 5478 ἐρημίας
2954 5405 3133 5479 ἁγίοις
3204 5402 3503 5479 διανείμας.
3577 5410 3839 5481 ηατράσι.

2186 5489 2414 5546 Σπάνιοι
2445 5488 2502 5549 δὲ
2558 5494 2709 5549 οῦτοι
2748 5495 2837 5549 καί
2894 5494 3114 5569 ἀριθμῷ
3158 5498 3408 5573 βραχεῖς,
3432 5499 3529 5554 ικαὶ
3581 5497 3736 5555 αὐτοὶ
3780 5495 3843 5555 δὶ

2184 5580 2319 5635 κατά
2347 5582 2442 5644 τὰς
2469 5587 2567 5638 τοῦ
2619 5580 2868 5659 διωγμοῦ
2898 5586 3110 5662 ἡμέρας
3154 5588 3254 5657 τήν
3304 5585 3509 5663 ἔρημον
3539 5594 3642 5658 τῆς
3686 5587 3841 5665 ἐνεγο

2185 5671 2425 5742 κειμένης
2492 5669 2673 5750 φειδοῖ
2728 5676 2835 5729 τῶν
2902 5670 3213 5732 διωκόντων
3277 5675 3556 5752 ἑλόμενοι,
3623 5674 3692 5732 οἵ.
3744 5678 3835 5732 καὶ
