4144 6184
363 305 479 367 909

1659 304 1833 366 νιΤΑ
1879 304 1939 366 S.
1988 304 2488 366 CHARITONIS.

3654 315 3774 376 910

360 466 643 543 σποράδην
677 465 729 525 έν
771 474 890 532 τοῖς
939 471 1035 525 τοῦ
1074 464 1405 542 καλαμῶνος
1454 460 1724 543 διέτριϐον
1776 464 2009 537 σπηλαί·

2129 466 2327 537 patrize
2359 467 2742 539 praeferebant
2773 469 3167 540 solitudinem,
3200 476 3257 531 et
3288 475 3538 548 sparsim
3582 494 3777 538 versata

358 576 463 627 οις,
512 559 677 637 ἒγγύς
719 581 826 617 που
877 566 977 629 τῆς
1042 564 1252 635 Νεκρᾶς
1319 557 1595 628 θαλάσσης
1650 556 2016 633 διακειμένου.

356 655 483 713 Τοῖς
535 650 593 707 δὲ
649 673 708 727 γε
758 650 984 713 λοιποῖς
1040 654 1149 707 τῶν
1198 650 1503 725 χρημάτων
1558 651 1657 720 τήν
1716 647 1825 720 ἤδη
1879 671 2018 722 μνη-

362 747 709 816 μονευθεῖσαν
759 740 904 815 ἱερὰν
957 739 1169 815 Λαύραν
1221 736 1544 814 οἰκοδομεῖο
1614 740 1758 815 πρὸς
1816 736 1872 795 δὲ
1928 738 2017 794 καὶ

358 833 455 901 τήν
499 830 808 906 ἀγιωτάτην
866 829 1040 900 αὐτῆς
1089 830 1407 902 ἐκκλησίαν,
1447 832 1507 899 ἣν
1569 832 1597 886 ὁ
1656 831 1799 892 θεῖος
1839 828 2017 906 ἔγκαι-

364 920 495 991 νίζει
576 922 883 995 Μακάριος,
941 926 1042 988 τῆς
1105 919 1158 973 ἐν
1231 917 1644 995 Ἰεροσολύμοις
1701 916 1826 974 τότε
1884 921 2018 973 Θεοῦ

364 1008 702 1081 Ἐκκλησίας
758 1006 1009 1074 δηθύνων
1080 1008 1208 1070 τοὺς
1263 1007 1470 1077 οἴακας,
1530 1008 1587 1069 ὅς
1647 1006 1737 1072 καὶ
1811 1012 1906 1063 τοῦ
1962 1006 2014 1062 ἐν

360 1100 564 1174 Νικαίᾳ
619 1094 976 1161 συνελθόντος
1039 1092 1290 1160 εὐσεϐοῦς
1349 1096 1613 1173 ἐτύγχανε
1683 1096 2016 1175 καταλόγου.

432 1282 507 1339 9'.
565 1283 653 1339 Ἐν
709 1279 850 1354 τῷδε
902 1285 1204 1357 τοιγαροῦν
1268 1285 1348 1353 τῷ
1414 1278 1669 1354 σπηλαίῳ
1721 1282 2017 1361 ἡσυχάζειν

358 1370 619 1445 ἑλόμενος
662 1372 690 1427 ὁ
737 1371 1027 1446 μακάριος,
1071 1368 1243 1441 δῆλός
1280 1391 1339 1425 τε
1368 1374 1497 1425 πᾶσι
1547 1366 1636 1425 διὰ
1663 1374 1769 1425 τῶν
1804 1372 2015 1444 θαυμά-

353 1480 461 1516 των
519 1461 827 1535 γινόμενος,
876 1458 1091 1531 πλῆθος
1151 1460 1387 1535 ἀριθμοῦ
1466 1465 1731 1534 κρεῖττον,
1809 1460 2014 1532 Ἐλλή-

352 1571 461 1606 νων
503 1570 563 1606 τε
601 1549 691 1605 καὶ
742 1547 1042 1622 Ἰουδαίων,
1086 1551 1149 1605 τὸ
1199 1548 1473 1624 σωτήριον
1524 1546 1765 1621 δέξασθαι
1818 1550 2017 1624 βάπτι-

355 1660 467 1713 σμα
520 1645 691 1712 ποιεῖ,
721 1640 812 1696 καὶ
873 1643 935 1696 ού
991 1640 1157 1715 μέχρι
1207 1639 1407 1695 τούτου
1461 1646 1670 1710 στῆναι,
1720 1638 1871 1696 ἀλλᾶ
1924 1643 2013 1696 καὶ

353 1731 448 1786 τὸν
494 1732 711 1805 μονήρη
765 1727 884 1805 βίον
925 1728 1138 1785 ἑλέσθαι
1183 1730 1597 1803 παρασκευάζει.
1641 1728 1719 1787 Οὐ
1778 1728 2012 1802 θαύμασι

2126 557 2344 614 bantur
2390 557 2449 613 in
2500 557 2796 630 speluncis
2846 562 3199 631 arundineti,
3252 568 3405 636 quod
3461 568 3639 624 situm
3686 576 3773 627 est

2130 663 2306 719 prepe
2372 664 2531 704 mare
2575 652 2889 705 mortuum.
2942 651 3201 723 Reliquis
3259 660 3455 710 autem
3507 661 3769 728 pecuniis

2127 737 2373 793 aediﬁcat
2402 754 2629 794 sacram
2667 740 2937 807 Lauram,
2980 742 3145 812 cujus
3179 743 3336 814 prius
3367 746 3765 804 meminimus.

2127 828 2406 883 Praeterea
2435 834 2629 885 autem
2663 830 3096 886 sanctissimam
3142 849 3372 904 quoque
3402 835 3530 905 ejus
3579 836 3769 893 eccle-

2127 915 2301 986 siam,
2333 933 2511 988 quam
2543 917 2776 974 divinus
2816 918 3042 975 dedicat
3087 920 3392 991 Macarius,
3425 923 3654 979 clavum
3689 932 3768 981 te-

2126 1022 2270 1062 nens
2318 1007 2419 1063 Dei
2473 1008 2756 1077 Ecclesiae,
2806 1025 2932 1080 quas
2985 1014 3122 1065 tunc
3162 1021 3282 1067 erat
3329 1014 3767 1086 Hierosolymis,

2130 1096 2233 1167 qui
2280 1097 2452 1153 etiam
2495 1097 2601 1153 fuit
2647 1114 2799 1154 unus
2848 1115 2915 1154 ex
2961 1100 3054 1171 pio
3105 1100 3389 1174 catalago,
3431 1103 3529 1174 qui
3562 1119 3768 1160 conve-

2129 1186 2217 1241 nit
2246 1184 2469 1243 Nicaeae.

2199 1275 2290 1331 IX.
2324 1277 2468 1331 Cum
2502 1276 2563 1332 in
2592 1276 2701 1332 hac
2722 1293 2858 1349 ergo
2888 1277 3165 1350 spelunca
3194 1280 3490 1337 silentium
3521 1286 3577 1338 et
3606 1283 3765 1355 quie-

2125 1367 2240 1420 tem
2272 1380 2439 1435 agere
2468 1366 2771 1423 statuisset
2800 1367 3092 1435 Chariton,
3125 1373 3181 1423 et
3212 1370 3483 1426 omnibus
3515 1388 3615 1441 pcr
3646 1373 3765 1427 mi-

2124 1452 2321 1510 racula
2348 1454 2629 1511 evasisset
2661 1455 3030 1525 manifestus,
3055 1458 3254 1527 efﬁcit,
3289 1463 3352 1514 ut
3374 1460 3767 1517 innumerabi-

2122 1545 2195 1602 lis
2226 1546 2535 1603 multitudo
2565 1548 2871 1620 gentilium
2902 1554 2959 1605 et
2984 1551 3325 1607 Judaaorum
3369 1563 3637 1609 sanetum
3667 1554 3765 1609 ba-

2122 1636 2405 1707 ptismum
2435 1637 2701 1708 accipiat,
2735 1642 2794 1694 et
2825 1655 2941 1695 non
2975 1638 3093 1694 illic
3125 1640 3423 1711 consistat,
3456 1644 3555 1697 sed
3587 1645 3763 1699 etiam

2120 1724 2295 1781 vitam
2313 1726 2489 1797 eligat
2505 1727 2901 1789 monasticam.
2917 1728 3037 1782 Non
3055 1728 3241 1784 solum
3260 1734 3452 1786 autem
3470 1731 3763 1787 miraculis

355 1816 413 1875 δὲ
469 1818 653 1893 μόνον,
714 1818 861 1875 ἀλλὰ
916 1819 1007 1873 καὶ
1072 1823 1152 1891 τῷ
1223 1819 1329 1893 βίῳ
1393 1815 1641 1880 πολλοὺς
1711 1817 2007 1895 ἐφείλκετο.

2121 1815 2219 1870 sed
2250 1814 2427 1870 etiam
2459 1814 2573 1871 vita
2605 1815 2820 1873 mullos
2842 1817 3185 1873 attrahebat.
3212 1818 3347 1873 Erat
3367 1818 3521 1874 enim
3548 1820 3761 1875 miran-

354 1912 546 1983 Θαῦμα
590 1908 690 1983 γὰρ
747 1908 814 1978 ἦν
865 1906 1069 1963 ἐκεῖνον
1117 1909 1244 1985 ὁρᾷν
1292 1906 1525 1983 τοσαύτῃ
1566 1908 1705 1983 πρὸς
1743 1909 1843 1977 τήν
1874 1908 2009 1963 κατὰ

2120 1904 2257 1959 dum
2277 1904 2489 1975 videre,
2509 1904 2672 1960 illum
2696 1909 2949 1973 tantum,
2976 1923 3188 1978 ponere
3208 1908 3469 1964 studium
3492 1910 3561 1964 ad
3585 1909 3761 1964 vitam

355 1998 484 2054 Θεὸν
537 1997 812 2053 πολιτείαν
880 1999 1164 2072 χρώμενον
1219 1999 1288 2071 τῇ
1344 1994 1578 2071 σπουδῇ,
1655 1998 1744 2052 καὶ
1802 1998 2009 2075 τρυιρὴν

357 2091 452 2163 μὲν
497 2090 808 2162 ἡγούμενον
849 2090 949 2158 τὴν
1006 2087 1313 2164 ἐγκράτειαν
1340 2106 1354 2122 ·
1402 2088 1641 2143 πλοῦτον
1675 2085 1752 2158 δὲ,
1795 2089 1854 2143 τὸ
1898 2110 2011 2160 μηο

352 2176 437 2234 δέν
508 2180 836 2249 κεκτῆσθαι·
891 2179 1189 2254 χαμευνίαν
1243 2176 1299 2234 δὲ
1365 2177 1454 2233 καὶ
1503 2178 1567 2233 τὸ
1635 2179 1908 2254 πάννυχον
1960 2176 2012 2233 έν

349 2272 469 2329 ταῖς
518 2264 875 2341 ψαλμῳδίαις
946 2266 1090 2322 οὕτω
1139 2265 1443 2342 στέρξαντα,
1494 2267 1569 2329 ὡς
1626 2264 1797 2341 μηδὲν
1844 2267 2013 2322 πλέον

348 2354 494 2433 ἔχειν
550 2357 803 2431 ἡγεῖσθαι
861 2357 988 2418 τοὺς
1039 2354 1349 2430 φιλοζώους
1399 2355 1453 2411 οἳ
1500 2357 1625 2432 παρ’
1666 2355 1802 2427 ὅλην
1846 2357 2011 2411 νύκτα

348 2450 660 2521 στρωμναῖς
711 2444 971 2514 ἁπαλαῖς,
1048 2443 1138 2501 ἐπὶ
1215 2445 1420 2500 κλινῶν
1505 2442 1827 2510 καθεύδουσι
1901 2450 2009 2500 τῶν

348 2531 736 2611 ἒλεφαντίνων,
775 2539 856 2608 τῷ
896 2534 1138 2611 τρυχίνῳ
1184 2531 1243 2590 δε
1280 2532 1540 2606 ἒνδύματι
1567 2539 1647 2605 τῷ
1677 2533 1803 2597 τοὺς
1830 2535 2010 2609 ἱεροὺς

349 2626 518 2681 αὐτοῦ
564 2624 801 2695 πιέζοντι
856 2624 1137 2697 μώλωπας
1210 2622 1481 2697 ἡδόμενον
1558 2624 1796 2697 μᾶλλαν,
1862 2624 1896 2694 ἢ
1958 2628 2011 2681 οἱ

344 2715 444 2776 τὰς
497 2712 742 2787 μαλακὰς
799 2712 1028 2783 ἐσθῆτας
1074 2710 1450 2787 ἐνδεδυμένον
1505 2716 1540 2782 ἠ
1599 2715 1703 2789 γὰρ
1743 2720 1843 2784 τῆς
1883 2714 2013 2769 αἰω-

344 2823 466 2859 νιου
521 2803 927 2878 μακαριότητος
968 2803 1151 2874 ἐλπὶς,
1191 2805 1397 2858 ἅπαντα
1442 2804 1607 2858 πόνον
1660 2804 1788 2878 ῥᾷον
1829 2802 2007 2882 φέρειν

343 2891 505 2947 αὐτὸν
562 2893 861 2956 ἀνέπειθεν.
918 2891 1207 2966 Ἐλεήμων
1270 2894 1361 2965 ἦν,
1422 2893 1734 2965 συμπαθὴς,
1791 2892 2011 2971 φιλόξε-

343 3002 458 3049 νος,
512 2980 967 3057 ⁴ἤπιος-ἥσυχος,
1020 2983 1345 3057 εὐπρόσιτος
1393 2986 1545 3051 πᾶσι,
1599 2979 2008 3053 διδασκαλικὸς,

345 3070 513 3148 λόγον
565 3069 713 3150 ἔχων
754 3071 955 3143 πολλῷ
996 3071 1162 3127 πλέον
1215 3070 1361 3127 οἷ’νου
1418 3072 1516 3133 τὰς
1573 3075 1681 3126 τῶν
1725 3073 2007 3147 ἀκροατῶν

342 3157 696 3235 εὖφραίνοντα
762 3157 1007 3235 καρδίας.
1073 3161 1234 3218 ⁸Ὀθεν
1320 3164 1572 3233 ποταμοῦ
1659 3157 1838 3230 δίκην,
1913 3163 2010 3213 τοῦ

342 3246 480 3305 λαοῦ
538 3251 738 3311 παντὸς
798 3249 875 3312 ὡς
933 3248 1094 3304 αὐτὸν
1152 3245 1390 3323 ῥέοντος,
1447 3249 1537 3305 καὶ
1597 3246 1761 3304 πόλιν
1822 3247 2003 3323 ὣσπερ
2038 3269 2087 3337 C

342 3342 410 3413 τῇ
469 3338 797 3416 πολυοχλίῃ
856 3339 955 3407 τήν
1008 3334 1215 3413 ἔρημον
1274 3336 1689 3412 ἐπιδεξαμένων,
1747 3338 2006 3412 ἑωρακὼς

343 3430 532 3485 ἑαυτὸν
587 3429 615 3483 ὁ
651 3429 917 3503 μακάριος
960 3427 1019 3483 ἐκ
1073 3432 1171 3483 τοῦ
1229 3426 1469 3493 ἐντεῦθεν
1519 3427 1813 3503 γινομένου
1845 3428 2008 3502 θορύ·

343 3512 465 3588 6ου,
511 3524 614 3587 τῆς
673 3516 844 3597 τρίλης
900 3516 1239 3595 ἀπαγόμενοι
1280 3517 1541 3594 ἡσυχίας,
1592 3516 1781 3580 ἄλλως
1834 3538 1893 3572 τε
1952 3514 2009 3571 δὲ

343 3608 433 3661 καὶ
502 3607 605 3676 τὴν
664 3605 713 3677 ἐξ
782 3608 1079 3683 ἀνθρώπων
1151 3605 1306 3679 δόξαν
1366 3608 1577 3682 φεύγειν
1657 3604 2009 3667 ἐσπουδακὼς

346 3692 489 3769 (ᾔδει
542 3697 643 3770 γὰρ
693 3695 776 3753 ’ὁτι
821 3697 1043 3774 χαλεπή
1086 3695 1222 3766 αὕτη
1265 3699 1497 3774 συγχέαι
1546 3696 1753 3768 κόσμον
1804 3698 2009 3783 ψυχῆς)

346 3783 669 3854 ἐπισκήπτει
721 3785 814 3857 μὶν
881 3786 1005 3861 περὶ
1062 3784 1277 3840 πάντων
1352 3790 1471 3846 τοῖς
1530 3788 1838 3862 φοιτηταῖς,
1911 3782 2008 3837 ὅσα

348 3870 415 3943 δὴ
473 3873 793 3929 καταστάσει
851 3877 1119 3949 προσήκεῖ
1172 3876 1476 3948 μοναχικῇ,
1535 3872 1719 3948 καιρόν
1774 3892 1833 3928 τε
1882 3892 2004 3947 τρο·

345 3968 452 4038 φῆς
526 3959 801 4035 διατάξας,
862 3964 1029 4039 ὅσπερ
1088 3961 1200 4018 ἐστὶ
1265 3961 1555 4037 ληγούσης
1610 3962 1856 4037 ἡμέρας.
1914 3960 2005 4016 καὶ

341 4050 404 4105 τό
468 4052 544 4125 μὴ
602 4052 745 4127 πρὸς
801 4053 962 4126 κόρον
1024 4050 1241 4123 ἐσθίειν,
1278 4049 1425 4107 ἀλλὰ
1484 4050 1760 4122 ζητούσης
1789 4048 1868 4106 ἔτι
1909 4072 2007 4127 γα-

345 4140 503 4215 στρὸς
563 4139 847 4208 παύεσθαι,
899 4143 1027 4196 εἶναι
1084 4138 1141 4197 δὲ
1192 4143 1291 4211 τήν
1336 4142 1569 4216 τροφὴν,
1611 4138 1771 4215 ἄρτον
1821 4146 2005 4214 μόνον,

343 4229 433 4283 καὶ
493 4228 621 4292 τοὺς
682 4229 820 4292 ἅλας
878 4228 1196 4305 ἡδύσματος
1250 4229 1438 4305 χώραν
1511 4227 2004 4303 ἄποπληροῦντας’

340 4320 404 4373 τὸ
437 4316 495 4373 δὲ
546 4319 713 4375 ποτὸν
763 4317 933 4396 ὓδωρ,
964 4321 1054 4375 καὶ
1090 4321 1223 4376 αὐτὸ
1277 4318 1457 4395 μέτρῳ
1496 4318 1586 4374 καὶ
1636 4315 1817 4392 φειδοῖ
1863 4318 2006 4391 λαμ-

344 4403 667 4481 ϐανόμενον.
709 4409 850 4466 Εἶτα
903 4409 993 4464 καὶ
1051 4414 1175 4479 περί
1233 4405 1588 4483 ψαλμῳδίας,
1638 4409 1726 4464 καὶ
1778 4428 2005 4484 προσευ-

343 4502 455 4571 χῆς
513 4495 892 4571 ἒντειλάμενος
952 4500 1225 4571 ἡμερινῆς
1282 4497 1393 4571 ἃμα
1440 4496 1529 4551 καὶ
1588 4503 1686 4566 τῆς
1752 4495 1805 4552 ἒν
1853 4498 2005 4553 νυκτὶ

343 4587 643 4690 γινομένης
673 4605 687 4620 ⁶
750 4592 926 4659 μισεῖν
972 4608 1031 4642 τε
1079 4587 1273 4663 ἀργίαν
1321 4588 1396 4649 ὡς
1446 4584 1673 4642 πολλῶν
1701 4586 1874 4641 αἰτίαν
1906 4607 2005 4641 κα·
2037 4623 2094 4690 D

344 4680 455 4731 κῶν
483 4695 495 4709 ’
530 4672 693 4751 ἔργον
734 4673 792 4731 δὲ
830 4682 951 4739 ταῖς
1006 4676 1164 4752 χερσὶ
1205 4673 1439 4746 διδόναι,
1477 4681 1593 4739 τοῖς
1646 4677 1815 4753 ἱεροῖς
1865 4674 2006 4750 ψαλ-

353 4769 484 4837 μοῖς
514 4761 905 4837 κατᾳδόμενον,
939 4765 985 4821 εἰ
1018 4764 1076 4821 δέ
1116 4785 1198 4827 τις
1242 4765 1514 4841 λογισμὸς
1555 4763 1761 4842 φαῦλος
1793 4766 1908 4821 οἷόν
1954 4784 2006 4821 τι

356 4853 594 4923 ζιζάνιον
626 4854 775 4928 παρὰ
804 4858 904 4909 τοῦ
958 4859 1144 4909 κοινοῦ
1182 4853 1398 4909 πάντων
1449 4852 1653 4933 ἐχθροῦ
1699 4853 1750 4909 ἐν
1798 4858 1866 4929 τῇ
1904 4861 2006 4925 τῆς

349 4936 577 5016 καρδίας
634 4940 870 5017 ἐνσπαρῇ
928 4947 1023 5017 τῇ,
1079 4943 1302 5014 νηστείᾳ
1354 4946 1515 4998 τοῦτο
1556 4943 1647 4997 καὶ
1689 4950 2006 5018 προσευχῆς

349 5030 436 5085 hri
496 5030 665 5104 μόνον
728 5030 867 5110 ξίφει
928 5031 1130 5103 ταύτης
1186 5030 1484 5105 ἐκτέμνειν·
1539 5030 1627 5087 ’ίνα
1689 5034 1763 5106 μὴ
1814 5034 2001 5109 χώραν

347 5126 516 5198 σχοίη
560 5120 656 5176 τὸν
718 5122 913 5196 πικρὸν
973 5124 1072 5191 τῆς
1129 5119 1458 5192 ἡδυπαθείας
1507 5129 1815 5198 γεωργῆσαι
1870 5144 2004 5197 καρ-

350 5210 476 5276 πόν,
512 5206 622 5264 ὧδε
667 5209 772 5285 γὰρ
831 5211 893 5266 ἅν
951 5210 1170 5284 μᾶλλον
1229 5210 1453 5286 ἁρμόσει
1506 5211 1570 5265 τὸ
1615 5215 1712 5266 τοῦ
1741 5214 2000 5287 Χριστοῦ.

349 5297 434 5353 ὅτι
465 5298 630 5354 Τουτῖ
686 5299 748 5354 τὸ
778 5300 932 5373 γένος
974 5297 1130 5355 οὐδὲν
1171 5297 1352 5376 ἕτερον
1380 5300 1416 5370 ἢ
1447 5299 1668 5369 νηστεία
1698 5299 1882 5369 έξώσει
1914 5303 2003 5358 καὶ

348 5388 663 5463 προσευχή.
714 5389 856 5462 Πρὸς
910 5388 1126 5452 τούτοις
1176 5386 1439 5459 ἐδίδασκε,
1475 5390 1551 5463 μὴ
1602 5386 1711 5445 δεῖν
1736 5391 1833 5453 τὰς
1863 5413 2000 5467 προ-

349 5474 513 5538 ὁδους
562 5481 808 5552 συνεχεῖς
858 5482 1152 5549 ποιεῖσθαι,
1202 5479 1412 5556 ἡσυχίᾳ
1449 5476 1505 5533 δέ
1563 5479 1777 5558 χαίρειν
1819 5482 1893 5543 ὡς
1939 5482 2004 5538 τὰ

349 5562 545 5621 πολλὰ
609 5565 779 5641 μητρὶ
829 5572 936 5623 τῶν
997 5568 1203 5644 ἀρετῶν
1235 5564 1392 5641 οὔσῃ,
1445 5567 1533 5623 καὶ
1574 5568 1874 5646 ὀφθαλμῶν
1906 5575 2004 5646 ψυ-

354 5661 465 5731 χῆς
529 5654 720 5731 λήμην
816 5655 1138 5729 ἐπιτηδείως
1190 5656 1483 5735 καθαίρειν
1560 5655 1786 5735 ἐχούσῃ.
1864 5659 2004 5721 Ούδὶ

2121 2009 2189 2050 ex
2218 1992 2443 2049 Christo
2477 1994 2781 2064 agendam,
2816 2001 2873 2050 et
2903 1995 3141 2052 delicias
3174 1997 3408 2067 quidem
3432 1996 3766 2054 existimare

2120 2082 2585 2139 continentiam:
2651 2084 2883 2140 divitias
2946 2088 3166 2155 autem,
3217 2085 3363 2141 nihil
3417 2087 3758 2157 possidere:

2123 2171 2279 2227 humi
2311 2188 2447 2228 vero
2477 2172 2847 2229 cubationem
2881 2176 2936 2229 et
2978 2173 3036 2228 in
3079 2173 3425 2230 Psalmodiis
3460 2184 3763 2246 pernocta-

2120 2261 2339 2319 tionem
2361 2262 2503 2319 adeo
2536 2262 2799 2334 diligere,
2828 2267 2890 2319 ut
2910 2263 3095 2319 nihilo
3121 2264 3327 2319 melius
3351 2264 3441 2336 agi
3466 2265 3763 2320 existima-

2120 2355 2208 2407 ret
2238 2367 2371 2408 cum
2405 2352 2495 2420 iis,
2528 2353 2627 2424 qui
2659 2354 2787 2408 vitae
2815 2357 2953 2408 sunt
2982 2353 3200 2425 cupidi,
3227 2353 3276 2409 si
3305 2358 3423 2409 tota
3446 2355 3764 2410 noctedor—

2120 2440 2304 2496 miant
2334 2441 2392 2497 in
2428 2440 2700 2497 mollibus
2734 2441 3007 2513 stragulis
3033 2458 3207 2513 super
3235 2441 3411 2497 lectos
3434 2444 3721 2498 eburneos
3746 2459 3761 2497 :

2119 2531 2423 2602 cilicioque
2453 2548 2650 2587 sacros
2682 2532 2812 2603 ejus
2846 2537 3140 2604 premente
3170 2533 3408 2599 vibices,
3442 2533 3628 2604 magis
3659 2534 3762 2588 de-

2121 2620 2340 2685 leotari,
2374 2637 2549 2692 quam
2583 2620 2644 2687 ii,
2669 2620 2765 2691 qui
2798 2627 2935 2675 sunt
2960 2620 3234 2676 mollibus
3263 2621 3450 2675 induti
3479 2623 3760 2678 vestibus.

2117 2710 2261 2781 Spes
2306 2710 2463 2765 enirn
2496 2714 2722 2766 aeterna
2753 2709 3137 2765 beatitudinis
3163 2712 3211 2766 ei
3248 2709 3415 2766 facile
3446 2711 3763 2780 persuade-

2119 2800 2217 2854 bat
2259 2814 2489 2854 omnem
2540 2799 2686 2854 ferre
2733 2798 3013 2855 laborem.
3047 2799 3182 2854 Erat
3211 2798 3489 2869 clemens,
3524 2799 3761 2855 miseri~

2117 2905 2268 2953 cors,
2303 2887 2631 2957 hospitalis,
2667 2894 3023 2953 mansuetus,
3058 2888 3309 2959 quietus,
3333 2890 3405 2945 ad
3440 2904 3611 2959 quem
3644 2905 3764 2943 om-

2119 2977 2295 3033 nibus
2348 2975 2536 3032 facilis
2588 2979 2820 3047 patebat
2863 2977 3077 3046 aditus,
3130 2977 3354 3033 habens
3406 2994 3760 3045 sermonem,

2118 3066 2217 3137 qui
2238 3065 2955 3138 megislaatificabatcorda
2969 3068 3325 3133 auditorum,
3341 3084 3517 3138 quam
3536 3068 3762 3124 vinum.

2117 3155 2506 3220 Quamobrem
2557 3154 2739 3209 instar
2787 3154 2945 3210 ﬂuvii
2997 3155 3269 3211 universo
3321 3156 3392 3211 ad
3443 3172 3578 3211 eum
3635 3172 3769 3211 con-

2119 3246 2335 3301 ﬂuente
2365 3243 2602 3316 populo,
2635 3250 2692 3300 et
2722 3244 2903 3300 turbas
2937 3244 3311 3300 multitudine
3335 3244 3762 3315 quodammodo

2121 3335 2409 3392 civitatem
2442 3332 2728 3389 efficiente
2759 3332 3161 3401 solitudinem,
3194 3350 3330 3390 cum
3363 3334 3603 3391 vidisset
3635 3336 3767 3391 bea-

2119 3428 2214 3481 tus
2246 3440 2306 3480 se
2347 3440 2415 3480 ex
2463 3439 2529 3479 eo
2576 3423 2675 3495 qui
2724 3424 2861 3480 hinc
2909 3425 3226 3491 oriebatur,
3262 3425 3537 3493 tumultu,
3570 3443 3602 3481 a
3650 3424 3763 3480 sibi

2119 3523 2278 3587 grata
2307 3512 2518 3569 abduci
2552 3512 2891 3581 solitudine,
2924 3518 2981 3569 et
3014 3514 3265 3569 maxime
3314 3530 3447 3569 cum
3500 3514 3762 3569 studeret

2119 3606 2318 3674 fugere
2345 3602 2586 3669 gloriam
2634 3602 2938 3658 hominum
2978 3603 3225 3673 (sciebat
3270 3603 3424 3658 enim
3474 3618 3600 3657 eam
3637 3618 3759 3655 ma-

2118 3709 2292 3766 gnam
2324 3694 2430 3747 vim
2463 3690 2668 3747 habere
2712 3692 2782 3747 ad
2834 3692 3307 3747 confundendum
3356 3692 3560 3745 animas
3593 3706 3761 3744 orna-

2120 3783 2288 3853 tum),
2323 3782 2392 3837 de
2422 3781 2693 3837 omnibus
2724 3780 2982 3852 quidem,
3008 3780 3132 3835 suis
3164 3780 3402 3835 mandat
3432 3778 3758 3848 discipulis,

2118 3888 2185 3929 ea
2216 3888 2345 3942 quae
2383 3871 2562 3927 statui
2603 3869 2923 3925 monastico
2969 3868 3344 3937 conveniunt,
3378 3873 3613 3937 tempus
3644 3866 3758 3923 cibi

2119 3961 2390 4018 sumendi
2422 3966 2702 4027 statuens,
2736 3958 2884 4030 quod
2920 3958 3154 4030 quidem
3182 3960 3265 4013 esi
3296 3957 3388 4013 die
3419 3956 3716 4013 desinente
3744 3973 3757 4010 :

2116 4058 2171 4110 et
2204 4069 2317 4108 non
2348 4051 2503 4107 vesci
2558 4050 2631 4106 ad
2678 4050 3024 4117 satietatem,
3057 4049 3155 4103 sed
3207 4052 3404 4103 ventre
3433 4045 3627 4102 adhuc
3661 4062 3759 4116 po-

2118 4142 2373 4198 stulante
2393 4156 2620 4196 cessare
2647 4156 2660 4194 :
2683 4155 2811 4195 esse
2833 4143 3024 4193 autem
3057 4137 3401 4192 alimentum
3428 4151 3637 4207 panem
3662 4150 3761 4190 so-

2118 4230 2238 4287 Ium
2270 4235 2326 4284 et
2356 4228 2560 4294 salem,
2593 4227 2693 4300 qui
2725 4226 2966 4298 impleat
2997 4226 3191 4281 locum
3225 4224 3577 4280 condimenti
3614 4241 3627 4279 :
3664 4240 3761 4294 po-

2118 4325 2243 4375 tum
2262 4322 2453 4374 autem
2476 4333 2715 4388 aquam,
2736 4317 2996 4388 quaaipsa
3018 4331 3251 4385 quoque
3274 4313 3494 4370 modice
3514 4322 3566 4369 et
3590 4330 3759 4385 parce

2116 4413 2403 4465 sumatur.
2437 4408 2652 4463 Deinde
2677 4422 2810 4461 cum
2842 4406 2913 4461 de
2965 4404 3289 4476 psalmodia
3338 4404 3676 4459 mandasset
3705 4407 3762 4458 et

2115 4498 2397 4564 oratione,
2429 4502 2549 4551 tam
2582 4497 2810 4564 diurna,
2835 4512 3011 4567 quam
3036 4512 3161 4567 qua
3184 4503 3353 4549 noctu
3388 4494 3570 4560 fieret,
3590 4493 3761 4562 jubet

2116 4604 2213 4645 eos
2242 4588 2373 4644 odio
2412 4586 2628 4642 habere
2669 4586 2879 4652 otium,
2915 4589 2977 4639 ut
3015 4600 3248 4640 causam
3282 4582 3597 4638 multorum
3632 4598 3759 4635 ma-

2118 4677 2308 4733 lorum
2348 4693 2361 4731 :
2392 4691 2537 4747 opus
2566 4684 2758 4731 autem
2797 4675 3023 4730 tradere
3066 4674 3360 4740 manibus,
3392 4671 3542 4743 quod
3574 4668 3759 4736 sacris

2117 4765 2369 4822 Psalmis
2401 4765 2697 4838 irrigetur.
2729 4764 2784 4819 Si
2819 4780 2936 4837 qua
2964 4779 3094 4818 vero
3127 4762 3281 4818 mala
3327 4759 3623 4832 cogitatio,
3656 4772 3760 4813 ve—

2116 4856 2223 4913 luti
2275 4855 2540 4927 quaedam
2592 4854 2833 4921 zizania,
2866 4871 2898 4908 a
2936 4852 3231 4909 communi
3280 4851 3443 4906 hoste
3491 4847 3755 4904 omnium

2115 4951 2238 5002 sata
2270 4944 2444 5001 fuerit
2472 4944 2531 5001 in
2562 4950 2715 4998 terra
2744 4944 2956 5008 cordis,
2982 4943 3210 5014 jejunio
3243 4943 3300 4997 et
3346 4939 3596 4996 assiduae
3625 4954 3757 4993 ora~

2115 5034 2291 5092 tionis
2320 5049 2461 5089 ense
2505 5048 2630 5089 eam
2663 5032 3018 5099 exscindere,
3051 5047 3125 5086 ne
3169 5030 3361 5085 locum
3413 5030 3655 5098 occupet
3685 5026 3759 5081 ad

2115 5123 2557 5197 producendum
2616 5122 2891 5178 acerbum
2954 5122 3204 5176 fructum
3269 5115 3604 5187 voluptatis.
3663 5114 3759 5171 Sic

2114 5215 2269 5272 enim
2302 5212 2606 5284 impletum
2638 5211 2707 5268 iri
2742 5210 2886 5268 illud
2920 5210 3128 5268 Christi
3155 5227 3167 5265 :
3194 5210 3310 5265 Hoc
3333 5222 3515 5279 genus
3540 5205 3759 5261 daemo-

2116 5305 2348 5362 niorum
2383 5301 2530 5358 nihil
2561 5300 2716 5357 aliud
2749 5299 3016 5372 expellet,
3040 5316 3213 5373 quam
3231 5296 3526 5369 jejunium
3549 5298 3606 5352 et
3635 5311 3762 5351 ora-

2112 5396 2215 5453 tio.
2248 5394 2464 5450 Praater
2492 5407 2559 5448 ea
2588 5394 2783 5447 autem
2808 5391 3051 5447 docebat
3082 5405 3195 5445 non
3227 5388 3493 5460 oportere
3522 5384 3758 5441 assidue

2112 5482 2420 5559 procedere
2454 5496 2468 5537 :
2502 5479 2737 5537 silentio
2761 5496 2895 5536 vero
2927 5484 2981 5535 et
3024 5478 3218 5552 quiete
3248 5475 3495 5546 gaudere
3526 5477 3589 5529 ut
3619 5472 3757 5545 plu-

2113 5575 2349 5640 rimum,
2384 5588 2511 5642 quas
2540 5575 2626 5628 est
2655 5577 2843 5627 mater
2860 5569 3166 5635 virtutum,
3198 5570 3255 5623 et
3277 5569 3408 5638 apte
3434 5579 3757 5636 expurgare

2113 5664 2325 5722 lernam
2370 5660 2671 5719 oculorum
2720 5660 2945 5718 animis.
2978 5660 3170 5731 Neque
3211 5671 3342 5713 vero
3385 5651 3755 5726 praetermisit
