4094 6230
480 337 591 400 911
1770 332 2058 398 MENSIS
2104 336 2586 401 SEPTEMBER.
3742 342 3843 405 912

481 501 860 573 benignitatis
905 500 1091 559 facere
1123 500 1518 557 mentionem:
1545 500 1646 557 sed
1678 500 1748 556 de
1779 499 1880 556 illa
1908 505 1965 556 et
1988 516 2098 572 quo

2243 502 2369 564 τοὺς
2415 503 2538 578 περί
2593 498 3027 580 φιλανθρωπίαν,
3078 497 3282 577 λόγους
3347 500 3547 578 ἀφῆκεν
3615 503 3841 576 ἀμνημο-

484 613 597 669 que
628 594 819 650 studio
855 593 963 648 fuit
1010 592 1201 648 dicere
1234 608 1360 663 quas
1418 591 1861 646 conveniebant.
1894 591 2101 647 Diceba

2242 591 2460 653 νεύτους
2488 612 2501 627 ·
2569 590 2718 646 ἀλλὰ
2764 590 2853 646 καὶ
2910 591 3036 665 περὶ
3081 589 3249 659 αὐτῆς
3303 588 3559 663 ἔπιμελὶς
3606 588 3771 667 ἔσχεν,
3818 593 3843 646 ἃ

483 687 663 751 enim,
695 682 1014 747 neminem,
1042 682 1091 736 si
1123 681 1243 735 fieri
1268 684 1763 752 posset,oportere
1791 680 1992 734 vacuis
2018 692 2100 731 ma

2239 688 2510 754 προσῆκεν
2570 681 2760 736 εἰπεῖν·
2793 682 2937 759 Ἔφη
2999 679 3123 753 γὰρ,
3173 681 3219 734 εἰ
3268 677 3493 735 δυνατὸν
3529 678 3718 753 μηδένα
3754 686 3839 735 τῶν

487 775 657 831 nibus
686 773 979 828 dimittere
1010 787 1077 826 ex
1107 771 1196 838 iis,
1222 771 1315 841 qui
1352 770 1638 824 accedunt
1679 769 1749 824 ad
1790 768 2029 833 ostium,
2062 783 2095 820 n

2239 774 2308 843 τῇ
2367 770 2501 846 θύρᾳ
2547 769 2882 844 προσιόντων
2940 773 3118 831 κεναῖς
3155 766 3497 841 ἀποπέμπειν
3543 768 3711 844 χερσὶ,
3758 770 3843 841 μή·

485 866 631 920 i‘orte
678 862 974 919 Christum
1008 860 1323 916 inscientes
1355 858 1701 930 despiciant,
1736 858 1835 929 qui
1887 857 2102 928 suscipi

2237 879 2370 915 ποτε
2422 859 2513 914 καί
2562 858 2782 914 λάθοιτε
2823 858 3051 932 Χριστὸν
3107 853 3448 931 παριδόντες,
3489 857 3602 920 ἒνὸς
3644 862 3741 913 τῶν
3774 858 3841 914 ἂν-

486 968 794 1026 personam
830 965 1172 1022 pauperum.

2239 945 2374 1003 δεῶν
2403 948 2530 1023 ὃψιν
2573 948 2950 1022 ὑποκριθέντα.

557 1044 699 1097 Cum
730 1041 811 1095 sic
834 1039 1096 1103 dixisset,
1130 1044 1183 1092 et
1212 1038 1485 1108 elegisset
1510 1052 1687 1091 unum
1707 1053 1774 1092 ex
1798 1035 2127 1106 discipulis,

2310 1040 2366 1097 l'.
2423 1038 2613 1102 Οὕτως
2666 1039 2834 1094 εἰπὼν
2881 1038 2971 1093 καὶ
3009 1034 3099 1093 ἕνα
3145 1040 3252 1092 τῶν
3302 1038 3555 1110 μαθητῶν
3583 1034 3838 1111 ἔκλεξάμε-

485 1131 586 1202 qui
615 1135 672 1185 et
718 1129 831 1183 vita
876 1128 1189 1199 praestabat
1222 1124 1368 1194 aliis,
1401 1130 1456 1180 et
1503 1131 1677 1197 aptus
1725 1133 1865 1193 erat,
1900 1130 1964 1180 ut
2001 1126 2102 1196 eju

2234 1149 2352 1197 τος,
2400 1129 2502 1203 βίῳ
2540 1149 2598 1183 τε
2634 1132 2742 1182 τῶν
2787 1126 2974 1183 ἄλλων
3009 1123 3365 1201 διενεγκόντα,
3398 1126 3487 1180 καὶ
3530 1126 3697 1180 ἱκανὸν
3733 1125 3839 1181 ὅντα

485 1220 619 1276 ﬁdei
654 1220 899 1273 fratrum
927 1216 1259 1271 crederetur
1289 1215 1654 1285 praefectura,
1679 1216 1727 1269 ei
1751 1231 1817 1269 ex
1840 1214 2102 1269 sententi;

2234 1219 2562 1293 προστασίαν
2624 1214 2875 1292 ἀδελφῶν
2928 1222 3303 1284 πιστευθῆναι,
3354 1215 3534 1287 τούτῳ
3587 1217 3710 1288 μετᾶ
3765 1215 3836 1269 καὶ

483 1308 726 1364 aliorum
759 1306 937 1363 etiam
974 1303 1397 1377 discipulorum
1440 1304 1755 1359 committit
1786 1304 2100 1358 rectionem

2233 1314 2334 1375 τῆς
2372 1311 2480 1361 τῶν
2512 1304 2698 1361 ἄλλων
2728 1326 3004 1384 φοιτητων
3035 1305 3291 1379 γνώμης,
3330 1304 3433 1373 τὴν
3482 1304 3656 1381 ἀρχὴν
3685 1303 3835 1379 ἐγχει-

483 1400 609 1472 Ipse
657 1404 850 1455 autem
883 1397 1178 1470 egreditur
1206 1412 1236 1450 e
1268 1396 1478 1461 Laura,
1514 1394 1730 1450 multas
1779 1396 2011 1466 quidem
2038 1393 2095 1449 la

2233 1394 2391 1468 ρίζει.
2453 1390 2627 1453 Αὐτὸς
2667 1388 2724 1446 δὲ
2774 1396 2875 1459 τῆς
2934 1392 3147 1466 Λαύρας
3194 1391 3363 1465 ἐξῄει,
3411 1391 3593 1449 πολλὰ
3638 1394 3722 1465 μὲν
3759 1390 3836 1449 δά-

481 1504 711 1559 crymas
734 1505 802 1544 ex
831 1486 1014 1543 oculis
1046 1485 1446 1542 emittentibus
1480 1485 1805 1553 monachis,
1829 1490 1886 1541 et
1911 1494 1967 1540 ut
1999 1486 2098 1557 ipsi

2229 1502 2367 1555 κρυα
2415 1485 2523 1536 τῶν
2570 1477 2871 1555 ὀφθαλμῶν
2923 1479 3184 1558 ἀφιέντων
3246 1486 3355 1537 τῶν
3426 1487 3696 1557 μοναχῶν,
3764 1482 3836 1537 καὶ

480 1582 741 1634 maneret
769 1575 1128 1649 rogantibus,
1161 1574 1290 1646 ipso
1340 1579 1535 1630 autem
1578 1574 1722 1629 nulli
1766 1575 2022 1641 cedente,
2058 1591 2088 1631 ιι

2234 1570 2407 1645 μένειν
2462 1570 2621 1625 αὐτὸν
2689 1569 2979 1640 ἀξούντων,
3037 1571 3203 1625 αὐτοῦ
3254 1568 3314 1626 δὶ
3379 1569 3612 1633 εἴκοντος
3657 1567 3833 1626 οὐδενί-

480 1668 580 1738 qui
606 1667 893 1739 aspiceret
932 1666 1000 1720 ad
1030 1665 1086 1719 id
1121 1663 1336 1730 solum,
1371 1664 1523 1733 quod
1558 1668 1646 1719 est
1676 1664 1835 1719 utile.
1855 1664 1909 1719 Si
1941 1665 2094 1720 enim

2230 1659 2319 1715 ἅτε
2392 1661 2529 1734 πρὸς
2578 1658 2743 1732 μόνον
2796 1659 2859 1714 τὸ
2927 1657 3207 1722 λυσιτελὲς
3274 1658 3590 1736 βλέποντος.
3638 1661 3695 1718 Εἰ
3749 1662 3831 1734 γὰρ

478 1756 684 1828 inquit,
709 1772 741 1811 0
765 1754 1043 1821 ﬁlii,hinc
1072 1754 1413 1822 migravero,
1441 1753 1673 1809 nemine
1692 1752 1808 1807 huc
1832 1752 2088 1809 ventitan

2228 1746 2451 1818 ἐνθένδε,
2527 1748 2710 1828 φησὶν,
2770 1746 2814 1802 ὦ
2880 1746 3061 1820 τέκνα,
3141 1751 3571 1822 μεταναστεύσω,
3638 1747 3833 1823 μηδενὸς

477 1850 551 1915 te,
602 1851 657 1901 et
714 1844 962 1915 quietem
1026 1843 1425 1902 conturbante.
1473 1845 1614 1897 bene
1665 1842 1774 1896 erit
1833 1843 2091 1914 utrisque

2226 1836 2446 1901 ἐνταῦθα
2493 1841 2794 1916 φοιτῶντος
2833 1836 2923 1891 καὶ
2969 1838 3070 1906 τὴν
3119 1838 3362 1917 ἡσυχίαν
3404 1836 3831 1912 ὶπιταράττοντοςι

476 1934 724 1989 Facilius
762 1936 917 1988 enim
969 1936 1023 1987 et
1072 1948 1177 2003 ego
1229 1937 1416 1985 vester
1442 1937 1602 2001 pater
1634 1930 1864 2001 spiritu,
1907 1936 1962 1986 et
1990 1948 2092 1986 vos

2229 1925 2558 1999 ἀμφοτέροις
2604 1925 2710 1994 ἓξὲι
2767 1922 2974 1987 καλῶς·
3034 1926 3161 2000 ῥᾷον
3213 1927 3318 2001 γὰρ
3360 1926 3469 2001 ἐγώ
3514 1947 3571 1981 τε
3609 1928 3636 1981 ὁ
3668 1926 3830 2000 ὑμέτε-

475 2042 622 2097 quos
671 2025 729 2078 in
773 2023 1001 2078 Christo
1050 2024 1219 2089 genui
1272 2037 1370 2091 per
1412 2021 1811 2092 Evangelium,
1844 2020 2019 2076 veluti
2060 2023 2092 2076 ii

2232 2036 2322 2089 ρος
2378 2016 2511 2069 κατὰ
2566 2018 2775 2087 πνεῦμα
2822 2016 3027 2089 πατὴρ,
3076 2015 3167 2069 καὶ
3230 2015 3389 2087 ὑμεῖς
3438 2016 3529 2077 οὓς
3566 2016 3616 2071 ἒν
3646 2014 3830 2090 Χριστῷ

475 2114 829 2183 quibusdam
864 2111 1178 2165 ali/sarium
1213 2109 1376 2164 cellis
1416 2110 1731 2180 tranquille
1762 2109 2092 2165 habitantes

2229 2101 2319 2159 διὰ
2370 2109 2467 2159 τοῦ
2518 2103 2862 2180 Εὐαγγελίου
2910 2102 3191 2179 ἐγέννησα,
3241 2105 3363 2161 οἷόν
3418 2126 3526 2160 τισι
3582 2099 3828 2177 σιμϐλοις,

475 2202 659 2257 instar
691 2217 867 2271 apum
905 2200 1015 2253 mel
1038 2199 1271 2253 virtutis
1301 2199 1709 2269 producamus.
1740 2199 1883 2254 Cum
1916 2215 2092 2254 omne.

2226 2198 2345 2257 ταῖς
2417 2190 2640 2255 κέλλαις
2723 2192 3002 2265 γαΛηνίως
3067 2192 3513 2269 ἐναυλιζόμενοι,
3593 2191 3824 2267 μελιττῶν

474 2306 610 2361 ergo
642 2294 841 2345 sancto
873 2288 1246 2358 impertiisset
1276 2288 1500 2355 osculo,
1529 2288 2032 2358 benedixissetque
2063 2305 2091 2344 e

2228 2280 2383 2354 δίκην
2422 2282 2483 2338 τὸ
2532 2289 2632 2352 τῆς
2683 2283 2880 2357 ἀρετῆς
2928 2282 3055 2356 μέλι
3100 2286 3620 2360 καρποφορήσομεν.
3663 2286 3828 2340 ’Ἀπαν-

474 2380 701 2436 Christo
750 2379 1237 2443 commendasset,
1271 2378 1380 2433 iter
1411 2381 1496 2432 est
1526 2378 1849 2447 ingressus.
1884 2382 1951 2431 Et
1980 2394 2091 2433 cun

2225 2394 2319 2436 τας
2349 2373 2439 2427 οὖν
2478 2372 2539 2428 ἐκ
2583 2371 2857 2449 φιλήματι
2915 2371 3215 2445 περιελθὼν
3260 2374 3421 2449 ἁγίῳ,
3478 2372 3753 2448 εὐλογήσας
3786 2391 3831 2425 τε

473 2471 790 2543 peregisset
820 2470 929 2524 iter
960 2468 1135 2523 unius
1166 2468 1301 2537 diei,
1326 2467 1547 2523 accedit
1577 2466 1648 2522 ad
1680 2467 1853 2523 aliam
1886 2469 2089 2538 spelun

2224 2465 2313 2518 καὶ
2344 2468 2423 2536 τῷ
2471 2465 2689 2537 Χριστῷ
2736 2463 3132 2539 παραθέμενος,
3186 2461 3317 2519 ὁδοῦ
3363 2464 3566 2539 εἴχετο,
3595 2465 3677 2519 καί
3730 2467 3833 2535 μῖᾶς

472 2574 625 2627 cam,
657 2575 781 2629 qua
809 2558 922 2613 sita
952 2557 1181 2628 quidem
1215 2565 1334 2611 erat
1384 2558 1453 2612 ad
1500 2561 1692 2628 partes
1724 2556 2084 2613 Hierichunti

2226 2552 2478 2615 διανύσας
2522 2552 2732 2627 ἡμέρας
2790 2550 2938 2622 ὁδὸν,
2972 2552 3143 2629 ὲτὲρῳ
3201 2548 3545 2627 προσϐάλλει
3595 2551 3829 2623 σπηλαίῳ,

471 2666 611 2707 nas:
646 2655 767 2703 erat
816 2652 1009 2703 autem
1059 2647 1308 2712 deserta,
1342 2650 1398 2701 et
1443 2653 1564 2702 erat
1593 2646 1899 2718 aptissima
1931 2646 2001 2701 ad
2034 2646 2084 2701 si

2221 2642 2356 2697 κατὰ
2406 2643 2499 2716 μὶν
2554 2642 2623 2697 τὰ
2681 2641 3040 2717 Ἰεριχούντια
3101 2640 3239 2718 μέρη
3297 2640 3641 2717 διακειμένῳ,
3670 2640 3827 2715 ἐρήμῳ

468 2738 717 2794 lentium
739 2737 1107 2809 prabendum
1127 2744 1178 2791 el
1201 2735 1475 2806 quietem.
1492 2737 1635 2791 Cum
1656 2734 1893 2807 longum
1916 2738 2085 2791 auten

2224 2729 2280 2787 δὲ
2310 2731 2427 2786 ὅντι
2458 2730 2547 2786 καὶ
2602 2731 2836 2810 ἡσυχίαν
2871 2732 2946 2793 ὡς
2982 2730 3226 2805 μάλιστα
3254 2733 3515 2809 παρέχειν
3562 2728 3828 2801 ἐπιτηδείῳ.

468 2831 704 2898 tempus
752 2825 871 2879 illic
920 2828 1075 2879 esset
1104 2828 1389 2888 versatus,
1422 2831 1477 2877 et
1516 2840 1642 2892 quae
1673 2840 1731 2878 se
1772 2823 2085 2878 offerebant

2230 2820 2440 2893 Χρόνον
2494 2819 2675 2874 τοίνυν
2732 2820 2903 2875 ἐκεῖσε
2961 2817 3248 2896 διατρίψας
3309 2823 3530 2897 συχνὸν,
3570 2822 3653 2876 καὶ
3704 2819 3830 2894 βοτα-

469 2914 667 2971 herbis
692 2917 949 2968 uteretur
994 2913 1065 2967 ad
1099 2911 1471 2980 alimentum,
1510 2912 1619 2966 Deo
1645 2910 1776 2977 soli,
1811 2916 1876 2966 ut
1906 2917 2029 2965 erat
2060 2928 2086 2965 e

2232 2914 2337 2963 νῶν
2392 2915 2509 2970 ταῖς
2563 2908 2949 2983 ἐπιτυχούσαις
3008 2910 3083 2973 εἰς
3144 2913 3356 2987 τροφὴν
3408 2912 3700 2987 χρώμενος,
3736 2910 3827 2975 Θεῷ

469 3010 724 3074 gratum,
756 3001 984 3055 vivebat
1028 3004 1327 3071 perpetuo.
1363 2999 1455 3053 Sic
1504 3004 1698 3054 autem
1732 3014 1864 3053 eum
1907 3015 2078 3054 rursu

2235 3000 2408 3071 μόνῳ,
2466 3000 2643 3064 καθὼς
2701 3003 2817 3071 Θεῷ
2875 2997 3058 3079 φίλον,
3110 3004 3214 3068 ζῶν
3266 2998 3518 3057 διετέλει.
3564 2998 3724 3072 Ταύτῃ
3760 3016 3826 3050 τοι

469 3092 625 3146 Deus
657 3090 864 3159 aperit,
890 3092 946 3142 et
971 3089 1162 3141 denuo
1196 3087 1570 3141 manifestum
1605 3087 1794 3141 reddit
1822 3103 1980 3158 eum,
2012 3104 2084 3159 qu

2223 3090 2313 3143 καὶ
2364 3090 2493 3151 Θεὸς
2554 3088 2711 3143 αὐτὸν
2768 3094 3011 3165 φανεροῖ,
3070 3088 3157 3143 καί
3218 3086 3393 3154 δῆλον
3442 3091 3531 3146 τὸν
3560 3084 3824 3164 κεκρυμμὲ-

469 3182 593 3235 erat
640 3178 983 3231 absconsus.
1030 3175 1397 3230 Manifestum
1443 3181 1633 3230 autem
1668 3176 1855 3231 reddit
1887 3193 1989 3248 per
2017 3195 2081 3233 ea

2222 3198 2312 3231 νον
2362 3178 2517 3239 αὖθις
2563 3177 2870 3247 καθίστῆσι.
2921 3184 3145 3254 φανεροῖ
3193 3176 3249 3233 δὲ
3302 3179 3375 3235 δι’
3424 3181 3496 3235 ὧν
3539 3177 3694 3235 ἐτέλει
3719 3178 3819 3230 θαυ·

470 3284 593 3337 quaa
630 3265 891 3332 faciebat,
928 3266 1235 3322 miracula.
1258 3266 1437 3320 Morbi
1470 3267 1624 3321 enim
1661 3282 1760 3336 per
1790 3267 1983 3338 ipsum
2015 3285 2083 3324 ex

2227 3268 2433 3340 μάτων·
2489 3266 2637 3322 νόσοι
2688 3269 2792 3342 γὰρ
2841 3265 3221 3335 ἀπηλαύνοντο
3272 3266 3347 3323 δι’
3387 3268 3567 3338 αὐτοῦ,
3597 3266 3673 3322 καί
3706 3264 3819 3331 πάθη

469 3356 862 3429 pellebantur,
889 3372 1315 3427 corporumque
1336 3354 1509 3411 simul
1532 3355 1675 3412 vitia
1696 3359 2086 3413 etanimarum

2222 3360 2493 3432 σωμάτων
2546 3357 2661 3432 ἅμα
2705 3358 2795 3413 καὶ
2839 3363 2948 3415 τῶν
2997 3361 3216 3434 ψυχῶν.
3253 3362 3361 3417 Καὶ
3396 3360 3597 3416 τούτων
3628 3358 3678 3414 δὲ
3707 3354 3822 3429 μᾶλ-

468 3444 685 3501 Harum
720 3449 915 3499 autem
951 3445 1160 3515 magis,
1187 3444 1459 3514 quoniam
1494 3461 1559 3499 ea
1592 3460 1743 3516 saepe
1765 3447 2019 3515 corporis
2041 3447 2085 3501 vi

2220 3446 2337 3518 λον,
2370 3448 2481 3520 ὅσῳ
2511 3445 2577 3517 δὴ
2610 3450 2699 3503 καὶ
2730 3447 3008 3513 πολλάκις
3036 3452 3144 3504 τῶν
3200 3454 3529 3521 σωματικῶν
3562 3446 3683 3503 αὐτᾶ
3722 3444 3820 3499 καθ·

465 3536 549 3589 tia
579 3533 915 3590 conciliant.
948 3536 1092 3589 Cum
1140 3534 1308 3589 multi
1341 3550 1475 3604 ergo
1516 3535 1588 3589 ab
1637 3536 1764 3605 ipso
1817 3542 2082 3591 consecut

2222 3540 2456 3594 ίστανται
2517 3540 2769 3613 πρόξενα,
2827 3540 3133 3613 Τοιγαροῦν
3211 3537 3445 3595 πολλῶν
3519 3539 3639 3610 παρ’
3686 3532 3821 3589 αὺτοῦ

466 3629 665 3680 essent
694 3624 1081 3689 curationem,
1114 3628 1172 3679 et
1216 3623 1553 3679 statuissent
1579 3624 1758 3679 vitam
1792 3624 1951 3680 illius
1983 3626 2083 3680 imi

2218 3630 2501 3703 θεραπείας
2557 3630 2913 3701 ἀξιωθέντων,
2971 3628 3060 3683 καὶ
3119 3629 3212 3683 τὸν
3261 3626 3469 3685 ἐκείνου
3529 3627 3635 3703 βίον
3679 3622 3820 3694 ζηλῶ-

466 3712 598 3781 tari,
630 3712 725 3769 hic
757 3728 987 3784 quoque
1016 3713 1263 3767 ardificat
1294 3712 1541 3769 alterum
1572 3715 1850 3769 virtutum
1884 3714 2083 3770 habita

2218 3739 2304 3772 σαι
2362 3716 2782 3791 προῃρημένων,
2838 3713 3022 3790 ἕτερον
3081 3714 3371 3791 οίκνδομεῖ
3443 3717 3531 3771 καὶ
3593 3712 3687 3769 ὧδε
3740 3713 3821 3763 τῶν

465 3802 689 3870 culum,
724 3803 881 3874 quod
913 3802 1170 3874 Elpidius
1203 3804 1442 3874 quidem
1483 3811 1680 3875 postea
1710 3804 2082 3875 amplificavit

2220 3809 2423 3879 ἀρετῶν
2482 3807 2831 3881 οἰκητήριον,
2898 3804 3030 3881 ὅπερ
3092 3804 3381 3869 Ἐλπίδιος
3442 3808 3532 3880 μὶν
3576 3802 3819 3859 ἐπλάτυνεν

466 3894 551 3947 vir
583 3891 894 3962 praeclarus
926 3896 1081 3945 recte
1113 3891 1280 3945 factis
1323 3892 1381 3945 in
1432 3893 1863 3949 exercitatione.
1897 3892 2083 3948 Ducen

2217 3895 2456 3970 ὕστερον,
2514 3896 2645 3969 ἀνὴρ
2705 3902 2821 3956 τοῖς
2879 3896 3195 3966 ἀσκητικοῖς
3265 3897 3419 3969 μάλα
3482 3892 3817 3967 κατορθώμασι

465 3987 660 4037 autem
694 3998 824 4037 eum
870 3980 1265 4051 appellabant,
1300 3983 1453 4052 quod
1502 3986 1779 4054 tanquam
1832 3983 1953 4038 Dux
1985 3984 2082 4055 qui

2217 3982 2539 4060 διαπρέψας.
2591 3989 2765 4040 Δοῦκα
2812 3982 2868 4039 δὲ
2908 3986 3071 4041 αὐτὸν
3122 3987 3557 4062 προσηγόρευον,
3586 3986 3657 4053 τῷ
3683 3974 3817 4034 δοῖδκά

464 4075 592 4127 dam
626 4088 801 4127 sacrae
831 4071 913 4125 illi
946 4072 1140 4125 Laurea
1176 4076 1464 4141 praeesset,
1497 4077 1553 4125 et
1584 4080 1801 4127 arceret
1829 4071 2081 4144 impetus

2212 4096 2334 4130 τινα
2379 4081 2479 4143 τῆς
2538 4075 2686 4149 ἱερᾶς
2740 4072 2906 4143 τῆσδε
2964 4074 3180 4147 Ααύρας
3226 4073 3599 4149 προίστασθαι,
3628 4065 3816 4125 καὶτὰς

466 4160 565 4231 qui
599 4161 655 4215 in
716 4175 842 4215 eam
876 4160 1109 4225 ﬂebant,
1140 4176 1287 4231 quos
1345 4161 1581 4230 quidem
1638 4160 1858 4215 Ilehrmi
1900 4161 2081 4217 infere

2215 4162 2473 4236 ἐπηρείας
2534 4162 2725 4238 εἷ’ργειν
2781 4165 2876 4224 τὰς
2930 4164 3045 4218 κατ’
3104 4164 3294 4233 αὐτῆς.
3348 4164 3409 4226 ἃς
3448 4157 3679 4237 Ἑϐραῖοι
3717 4152 3814 4209 τότε

464 4247 630 4315 bant,
664 4249 761 4318 qui
789 4246 1135 4302 habitabant
1156 4247 1381 4303 Noeron
1409 4249 1712 4320 praedium,
1738 4249 1890 4319 quod
1913 4248 1996 4303 sic
2018 4265 2081 4304 vc

2216 4253 2267 4306 οἱ
2296 4253 2358 4307 τὸ
2388 4253 2572 4328 νοερὸν
2602 4250 2744 4307 οὕτω
2774 4250 3114 4326 καλούμενον
3167 4251 3450 4313 οἷκοῦντες
3489 4246 3700 4326 χωρίον,
3734 4262 3813 4297 πο·

464 4338 730 4404 cabatur,
763 4352 1041 4407 magnum
1070 4336 1301 4393 invidiae
1334 4339 1533 4393 fastum
1564 4338 1969 4410 parturientes.

1640 4338 1969 4395 rturientes.
2216 4341 2313 4397 λὺν
2346 4340 2629 4404 ὡδίνοντες
2652 4343 2744 4397 τὸν
2777 4342 2992 4418 φθόνον,
3023 4342 3254 4417 ἐπῆγον.

534 4426 627 4483 ΧΙ.
669 4426 954 4494 Quoniam
986 4442 1117 4498 ergo
1149 4428 1243 4485 hic
1274 4444 1523 4500 quoque,
1559 4429 1758 4485 multis
1778 4430 2104 4485 accedenti-

2288 4433 2391 4489 lA'.
2426 4432 2581 4487 Ἐπεὶ
2633 4430 2725 4487 οὖν
2774 4432 3046 4495 κάνταῦθα
3094 4430 3325 4487 πολλῶν
3394 4430 3727 4507 προσιόντων,
3766 4419 3818 4475 τᾶ

464 4516 597 4585 bus,
628 4517 1166 4588 interrumpebatur
1212 4517 1263 4572 ei
1294 4520 1462 4588 quies
1511 4535 1577 4574 ac
1618 4517 1934 4585 silentium,
1967 4534 2081 4575 cun

2208 4529 2308 4591 τῆς
2384 4521 2619 4596 ἡσυχίας
2700 4520 2847 4593 αὖτῷ
2930 4516 3265 4591 διεκόπτετο,
3334 4519 3699 4593 διαταξάμενος
3742 4510 3811 4565 καῖ

463 4606 595 4662 istis
626 4622 856 4679 quoque
909 4606 1211 4662 monachis
1253 4608 1505 4663 dedisset
1552 4608 2019 4675 constitutiones,
2051 4624 2080 4663 e

2217 4610 2423 4681 αὐτοῖς,
2472 4611 2562 4665 καὶ
2612 4611 2777 4666 είπὼν
2829 4610 2905 4672 ὡς
2951 4613 3195 4683 προσῆκε
3243 4612 3343 4682 ζῆν
3372 4611 3495 4672 τοὺς
3522 4612 3691 4683 ψυχῆς
3718 4602 3810 4657 ἶπι·

462 4696 832 4768 praecepisset
857 4697 1148 4768 quomodo
1172 4700 1432 4767 oporteat
1454 4696 1635 4752 vivere
1656 4713 1776 4765 eos,
1795 4698 1893 4768 qui
1917 4714 2079 4755 curae

2218 4696 2575 4771 μελομένους,
2643 4695 2906 4774 γνωρίσας
2965 4694 3023 4751 δὲ
3088 4698 3178 4752 καὶ
3240 4699 3333 4753 τὸν
3398 4692 3810 4773 προπησόμινονι

461 4791 674 4860 gerunt
704 4786 935 4852 animae,
970 4792 1026 4842 et
1054 4802 1184 4841 eum
1218 4784 1603 4856 designasset,
1637 4788 1733 4858 qui
1766 4792 1919 4843 esset
1953 4804 2078 4858 ρτωι

2212 4787 2439 4843 αύτόθεν
2481 4784 2648 4842 πάλιν
2694 4787 2983 4861 ἀνεχώρει,
3015 4787 3105 4841 καὶ
3147 4786 3223 4851 εἷς
3259 4783 3439 4861 ἕτερον
3487 4791 3583 4854 τῆς
3634 4780 3810 4854 ἐρήμου

460 4876 717 4943 futurus,
749 4876 883 4931 hinc
928 4892 1132 4931 rursus
1181 4875 1416 4945 recedit,
1447 4881 1505 4931 et
1548 4876 1771 4931 accedit
1818 4877 1888 4931 ad
1929 4876 2077 4932 alian

2216 4878 2379 4952 μέρος
2428 4874 2700 4954 ἐπιφοιτᾷ,
2755 4874 3034 4949 τέσσαρσιν
3092 4873 3177 4930 ἐπὶ
3236 4881 3352 4937 τοῖς
3408 4872 3532 4930 δέκα
3586 4866 3807 4926 σταδίοις.

460 4969 682 5035 partem
705 4964 1062 5034 solitudinis,
1089 4981 1215 5035 quae
1241 4964 1685 5035 quatuordecim
1708 4965 1915 5021 stadiis
1934 4966 2077 5036 ραυΙι

2209 4967 2299 5019 καὶ
2350 4970 2528 5039 μικρῷ
2566 4963 2732 5020 πλέον
2782 4966 2816 5035 ἢ
2850 4960 3076 5019 ἔλαττον
3132 4968 3229 5020 τοῦ
3259 4965 3482 5037 Θεκῴων
3523 4960 3656 5017 οὕτω
3684 4956 3808 5027 λεγο·

458 5052 593 5125 plus
640 5057 741 5109 aut
777 5053 971 5108 minus
1020 5054 1202 5108 distat
1241 5070 1274 5107 a
1308 5054 1541 5125 regione
1588 5054 1972 5111 'I‘hecoorum.
2009 5056 2075 5111 Sil

2215 5074 2376 5127 μενου
2436 5051 2735 5123 διεστηκὼς
2791 5055 3072 5127 κτήματος
3110 5071 3123 5085 ⁸
3157 5052 3303 5109 οὕτω
3367 5053 3470 5131 γὰρ
3531 5049 3676 5105 αὐτὸν
3734 5040 3807 5131 τὰς

458 5144 615 5199 enim
654 5143 917 5199 Salvator
966 5144 1167 5197 mundi
1201 5159 1334 5198 eum
1386 5148 1605 5199 mutare
1638 5145 1766 5201 fecit
1800 5145 2075 5203 habitatio

2212 5143 2455 5213 οἷκήσεις
2515 5145 2542 5198 ὁ
2608 5147 2705 5199 τοῦ
2760 5142 2972 5216 κόσμου
3033 5144 3233 5217 Σωτὴρ
3282 5137 3518 5215 ἀμείϐειν
3565 5136 3739 5202 ἐποίει,
3765 5125 3805 5183 τί

460 5247 571 5299 res,
604 5232 745 5303 quid
779 5231 891 5287 sibi
923 5232 1145 5300 volens,
1170 5239 1224 5287 et
1248 5250 1363 5305 quo
1398 5239 1562 5289 utens
1597 5234 1837 5291 consilio
1868 5236 1896 5291 ?
1927 5236 2077 5292 Iliun

2215 5232 2553 5309 βουλόμενος
2583 5233 2673 5286 καὶ
2710 5232 2763 5287 τί
2786 5231 2888 5306 ἄρα
2912 5232 3054 5286 θεῖον
3097 5230 3403 5305 οἰκονομῶν
3431 5250 3443 5299 ;
3486 5230 3700 5309 Ἐκεῖνον
3729 5220 3803 5292 μὶν

458 5321 697 5391 quidem
731 5321 977 5378 reddens
1007 5322 1305 5395 cognitum
1335 5330 1389 5377 et
1420 5323 1638 5379 clarum
1662 5324 1971 5382 omnibus:
2004 5342 2075 5382 eo:

2208 5321 2483 5397 γνώριμόν
2531 5341 2588 5376 τε
2631 5320 2721 5376 καὶ
2778 5327 3061 5397 καταφανῆ
3102 5325 3236 5377 πᾶσι
3290 5324 3460 5376 ποιῶν
3486 5338 3497 5351 ·
3533 5316 3651 5375 τοὺς
3676 5308 3727 5365 ὂὶ
3760 5322 3806 5381 γε

457 5414 677 5478 autem,
710 5411 811 5483 qui
844 5412 913 5467 ad
944 5411 1138 5485 ipsum
1170 5413 1535 5468 ventitahant
1562 5414 1750 5484 (erant
1776 5430 1901 5470 vero
1932 5431 2001 5471 ex
2030 5415 2074 5470 ii;

2209 5412 2345 5486 πρὸς
2376 5412 2534 5467 αὐτὸν
2568 5416 2871 5490 φοιτῶντας
2901 5410 3194 5485 (Ἓλληνες
3234 5408 3289 5468 δὶ
3316 5412 3518 5468 τούτων
3542 5406 3591 5463 ot
3620 5398 3806 5490 «hic»;

457 5498 786 5568 complures
809 5483 1095 5571 gentiles),
1123 5502 1331 5572 partim
1356 5483 1591 5574 quidem
1616 5503 1897 5559 inducens
1920 5504 1986 5557 ad
2010 5519 2074 5559 ex

2210 5483 2591 5579 ἐτύγχανον),’
2623 5504 2784 5556 τοῦτο
2845 5483 2941 5573 μὶν
2995 5499 3074 5565 εἰς
3145 5504 3331 5578 ψυχῆς
3402 5499 3644 5570 κάθαρσιν
3699 5483 3804 5579 μενά·

457 5590 791 5661 purgandas
825 5590 1116 5660 baptismo
1137 5592 1384 5651 animas,
1414 5590 1622 5663 partim
1654 5598 1845 5648 autem
1879 5592 1947 5647 ad
1983 5608 2074 5649 mo

2208 5611 2340 5664 γων,
2371 5577 2619 5644 τοῦτοδὶ
2657 5589 2747 5645 καὶ
2790 5586 3003 5662 μᾶλλον
3043 5590 3180 5663 πρὸς
3218 5577 3317 5660 τὴν
3352 5588 3426 5650 είς
3464 5584 3614 5642 αὐτὸν
3654 5577 3802 5664 πίφῖιν

456 5658 829 5741 nachismum
854 5658 956 5753 per
982 5681 1145 5743 illum
1168 5658 1482 5739 deducens.
1506 5683 1649 5739 Cum
1674 5686 1867 5741 autem
1890 5699 2073 5741 rursul

2208 5658 2275 5734 δι’
2328 5677 2528 5735 ἐκείνου
2579 5658 2958 5759 χειραγωγῶν.
3009 5658 3244 5736 Πολλῶν
3278 5658 3339 5734 ἡδὶ
3386 5675 3470 5731 καὶ
3510 5673 3648 5731 αὖθις
3674 5658 3803 5721 ἀδελ·
