4094 6230
344 367 457 428 913

1654 367 1835 427 VITA
1883 368 1942 428 S.
1989 368 2481 431 CHARITONIS.

3622 371 3738 429 9M

341 532 457 605 φῶν
510 524 1002 601 συναγειρομένων,
1036 522 1090 577 o'i
1130 526 1198 596 τῇ
1241 526 1342 577 τοῦ
1382 525 1596 597 κόσμου
1650 527 1768 597 μὲν,
1811 526 1886 589 ὠς
1921 526 1981 581 ἅν

2107 528 2264 585 multi
2286 530 2495 585 fratres
2511 531 3028 599 congregarentur,
3052 527 3149 598 qui
3176 528 3374 583 mundi
3398 528 3657 599 quidem,
3681 535 3743 584 ut

341 614 488 673 εἷ’ποι
554 635 659 682 τις,
719 613 1083 669 ἀπετάττοντο
1131 612 1393 685 ἀκοσμίᾳ.
1444 618 1561 686 Θεῷ
1618 612 1675 669 δὶ
1730 615 1819 670 καὶ
1876 621 1993 679 τοῖς

341 704 481 761 κατὰ
538 704 670 759 Θεὸν
742 707 902 772 ζῶσιν
954 696 1203 763 εὐλαϐῶς
1280 705 1661 758 συνετάττοντο
1736 705 1998 777 (ἤκουσαν

342 796 446 869 γαρ
504 797 600 849 τοῦ
649 793 797 847 θείου
860 791 1056 846 τούτου
1114 791 1204 845 καὶ
1265 792 1413 865 ἱεροῦ
1474 792 1739 865 ῥήματος·
1772 795 1998 871 Ἀγαθὸν

344 881 498 959 ἀνδρὶ
566 881 597 938 ὅ
653 884 699 937 τ’
751 881 810 936 ἅν
858 880 962 955 ἅρη
1026 881 1187 956 ζυγὸν
1227 877 1287 935 ἐκ
1316 881 1573 952 νεότητος
1623 883 1831 957 αὐτοῦ),
1861 895 1995 948 καθ-

349 973 498 1047 ίσῃτε
556 970 892 1043 καταμόνας,
954 969 1027 1031 είς
1084 964 1243 1044 ἔργον
1302 968 1485 1032 αὐτοῖς
1556 972 1617 1025 τὸ
1680 972 1817 1026 κατὰ
1873 976 1994 1027 νοῦν

349 1055 596 1131 έξέϐαινε.
650 1059 747 1115 Διά
793 1062 955 1114 ταῦτε
1012 1057 1101 1112 καὶ
1165 1057 1345 1133 ἑτέραν
1425 1057 1596 1113 ἐκεῖσε
1664 1062 1997 1117 κατασκευά-

349 1158 425 1222 ζει
499 1150 711 1226 Λαύραν
781 1150 810 1204 ὁ
876 1147 1184 1221 θαυμαστὸς
1256 1148 1413 1210 οὗτος
1500 1150 1773 1224 Χαρίτων,
1824 1150 1995 1227 ἥνπερ

347 1236 485 1295 ἔνιοι
519 1241 614 1313 μὲν
641 1242 710 1311 τῇ
752 1237 899 1312 Σύρᾳ
939 1237 1165 1312 γλώττῃ
1214 1238 1423 1292 Σουκαν
1463 1238 1852 1312 ὀνομάζουσιν.

423 1331 526 1386 ΙΒ’.
568 1326 725 1386 Ἀλλ’
754 1327 883 1396 ἧκεν
916 1329 1053 1400 ἡμῖν
1086 1328 1219 1381 γατά
1254 1327 1433 1404 βραχὺ
1470 1326 1709 1403 βαδίζων
1752 1330 1779 1383 ὁ
1828 1327 1997 1404 λόγος

349 1417 439 1475 ἐπὶ
491 1418 555 1474 τὸ
599 1416 911 1473 τελευταῖον
955 1416 1050 1491 μὶν
1103 1419 1172 1489 τῇ
1213 1418 1380 1486 τάξει,
1434 1422 1651 1491 πρῶτον
1693 1417 1751 1474 δὲ
1796 1424 1864 1493 τῇ
1898 1418 1999 1475 δυ-

348 1509 533 1583 νάμει,
600 1508 691 1563 καὶ
746 1512 825 1577 τῷ
882 1506 1159 1581 μεγαλείῳ
1196 1511 1294 1561 τοῦ
1344 1507 1639 1581 θαύματος.
1680 1509 1827 1566 Ἐπεὶ
1893 1514 1994 1586 γᾶρ

349 1599 425 1661 ὡς
475 1594 697 1660 οὐδενὸς
756 1594 933 1652 ἄλλου
1010 1594 1312 1674 ἐφρόντιζεν
1367 1597 1625 1672 ἡσυχίας,
1674 1600 1747 1672 μὴ
1794 1598 1998 1672 ἀγνοῶν

350 1689 450 1743 ὅσα
504 1688 641 1763 πρὸς
698 1685 892 1762 ἀρετὴν
946 1685 1083 1756 αὕτη
1134 1684 1351 1740 δύναται
1407 1687 1678 1743 συντελεῖν
1730 1688 1998 1759 σπήλαιόν

348 1797 401 1832 τι
456 1778 785 1851 καταμαθὼν
854 1775 941 1831 έπί
1001 1797 1151 1840 τινος
1206 1772 1392 1848 ὅρους,
1478 1775 1835 1851 κρημνώδους
1906 1779 1995 1833 καὶ

350 1866 634 1941 ἀποτόμου
690 1866 963 1939 κείμενον,
1023 1866 1084 1921 ού
1136 1864 1327 1941 πόρῥω
1387 1866 1443 1922 δὲ
1479 1876 1579 1937 τῆς
1620 1869 1766 1943 ἱερᾶς
1795 1870 1996 1937 ταύτης

352 1957 565 2030 Λαύρας
624 1956 947 2035 ἀφεστηκὸς,
1007 1955 1036 2009 δ
1084 1956 1146 2010 τὸ
1207 1956 1521 2029 Κρεμαστὸν
1570 1956 1645 2018 εἰς
1695 1954 1851 2031 δεῦρο
1899 1978 1996 2012 κα-

353 2044 530 2101 λεῖται
591 2046 852 2119 (βάσιμον
902 2045 1007 2121 γὰρ
1046 2044 1145 2099 οὐκ
1202 2041 1389 2107 ἄλλως
1450 2046 1493 2099 εἰ
1547 2046 1623 2117 μή
1663 2046 2001 2119 κλίμακιτῷ

359 2134 682 2210 βουλομένῳ
738 2134 993 2211 γίνεται),
1042 2137 1204 2189 τοῦτο
1260 2134 1288 2188 ὁ
1320 2139 1562 2209 γενναῖος
1597 2134 1756 2191 οἲκεῖ.
1782 2136 2000 2210 Χρόνου

354 2223 409 2281 δὲ
450 2222 768 2289 διελθόντος
824 2228 1053 2300 συχνοῦ,
1086 2224 1173 2278 καὶ
1205 2228 1365 2279 τοῦτο
1402 2226 1496 2297 μὲν
1540 2228 1703 2301 γήρᾳ,
1749 2230 1912 2281 τοῦτο
1945 2223 2002 2281 δε

352 2318 442 2370 καί
482 2320 601 2377 τοῖς
652 2320 882 2389 μακροῖς
912 2320 1015 2384 τῆς
1067 2314 1347 2385 ἀσκήσεως
1404 2315 1592 2377 πόνοις
1637 2313 2000 2377 ἐνδεδωκότος

353 2404 501 2477 αὐτῷ
555 2408 653 2459 τοῦ
712 2404 988 2477 σώματος·
1050 2402 1139 2458 καὶ
1189 2403 1299 2477 οὐχ
1344 2402 1467 2458 ο’ίου
1513 2425 1572 2459 τε
1620 2406 1778 2467 ’ὀντος
1823 2406 1997 2477 ἑαυτῷ

354 2492 721 2571 λειτουργεῖν,
778 2493 869 2549 καὶ
929 2489 1076 2568 ὕδωρ
1129 2493 1536 2565 μετακομίζειν,
1568 2492 1729 2557 αὐτὸς
1763 2494 1838 2566 μὴ
1876 2494 1996 2567 βου·

352 2583 588 2658 λόμενος
614 2580 780 2637 πάλιν
813 2584 980 2659 ἑτέρῳ
1012 2581 1294 2656 έπιτρέψαι
1317 2583 1416 2651 τὴν
1449 2580 1819 2659 λειτουργίαν⁹
1853 2582 1999 2638 ἀλλά

351 2674 415 2729 τὸ
446 2674 699 2751 φοστικὸς
730 2674 900 2746 ’(εἱο),
948 2668 1124 2727 δοκεῖν
1170 2667 1500 2750 διαφεύγων,
1530 2672 1581 2727 τί
1628 2678 1775 2727 ποιεῖ
1808 2692 1822 2741 ;
1864 2675 1997 2727 Θεοῦ

354 2760 523 2817 δεῖται
571 2765 668 2818 τοῦ
697 2764 764 2817 τὰ
813 2758 1043 2817 ἀδύνατα
1091 2758 1291 2817 δυνατᾶ
1339 2766 1515 2816 ποιεῖν
1558 2759 1875 2835 δυναμένου,
1906 2760 1996 2816 καὶ

352 2850 520 2925 πέτρᾳ
576 2849 745 2907 πάλιν
802 2851 931 2926 οὑχὶ
993 2847 1200 2925 ῥάϐδῳ,
1250 2849 1375 2906 ἀλλ’
1435 2851 1576 2925 εύχῇ
1638 2852 1992 2926 παταχθεῖσα,

352 2938 499 3015 ὕδωρ
547 2939 769 3019 ἀφίησιν
811 2939 910 2995 οὐκ
965 2941 1175 2996 ἀπειθεῖ
1241 2939 1360 3013 λαῷ
1417 2942 1505 2994 καὶ
1573 2940 1785 3013 ἀνύμῳ,
1850 2937 1998 2994 ἀλλά

350 3032 440 3085 καὶ
482 3030 723 3093 εὖπειθεῖ
773 3028 920 3100 λίαν,
960 3030 1050 3085 καὶ
1088 3034 1223 3086 Θεοῦ
1251 3030 1451 3105 νόμοις
1482 3029 1702 3086 εἶ’κοντι.
1745 3030 1840 3085 Ἐκ
1872 3034 1997 3101 μιᾶς

353 3121 456 3197 γὰρ
520 3123 617 3174 τοῦ
672 3117 869 3194 ἄντρου
925 3118 1165 3193 πλευρᾶς
1221 3117 1368 3195 ὕδωρ
1427 3120 1586 3180 εὐθὺς
1644 3115 1841 3174 ἕϐλυσε
1891 3122 1994 3191 ψυ-

354 3208 623 3284 χρότατόν
681 3228 738 3264 τε
787 3207 874 3263 καὶ
920 3204 1303 3276 διειδέστατον,
1335 3207 1365 3261 ὅ
1403 3207 1493 3261 καὶ
1534 3207 1607 3268 εἷς
1639 3205 1795 3283 δεῦρο
1830 3206 1994 3280 μένει,

449 3294 609 3371 δίψαν
664 3296 856 3359 ἁπλῶς
902 3295 1157 3369 ἰώμενον,
1191 3294 1339 3352 ἀλλὰ
1385 3296 1475 3351 καὶ
1528 3280 1821 3371 μαρτύριον
1846 3296 1995 3371 ἀκρι-
2023 3280 2074 3348 C

349 3380 440 3448 εὶς
482 3386 791 3461 γινόμενον,
839 3387 905 3454 ἧς
956 3384 1075 3459 εἶχε
1115 3383 1362 3460 Χαρίτων
1417 3385 1554 3459 πρὸς
1605 3384 1731 3439 Θεὸν
1779 3384 1995 3440 οἰκειώ-

351 3494 512 3537 σεως.

422 3667 512 3718 lI".
544 3660 604 3717 Τί
654 3660 733 3717 ἔτι
768 3680 782 3732 ;
823 3662 935 3730 Τήν
981 3664 1080 3731 τῆς
1128 3659 1394 3735 ἐκδημίας
1426 3667 1524 3719 τοῦ
1574 3665 1829 3737 σώματος
1859 3666 1997 3739 ἡμέ-

350 3771 469 3825 ραν,
521 3750 733 3827 μᾶλλον
791 3749 848 3807 δὲ
894 3752 1032 3829 πρὸς
1083 3754 1212 3809 Θεὸν
1250 3750 1515 3824 ἐκδημίαν
1554 3753 1719 3827 (οὕτω
1766 3754 1869 3830 γὰρ
1914 3756 1993 3811 εἷ-

346 3847 465 3897 πεῖν
522 3842 891 3917 οἰκειότερον),
925 3841 983 3897 ἐκ
1042 3842 1187 3903 θείας
1244 3841 1643 3917 ἀποκαλύψεως
1684 3842 1774 3898 έπὶ
1806 3844 1994 3920 θύραις

348 3932 484 3987 εἶναι
539 3928 871 4008 διεγνωκὼς,
909 3931 1147 3994 ἅπαντας
1200 3933 1295 4005 μὶν
1329 3934 1403 3994 ὡς
1451 3932 1607 3988 αὐτὸν
1659 3932 1819 3989 καλεῖ
1864 3935 1994 3998 τοὺς

346 4025 455 4076 τῶν
515 4021 817 4096 εἰρημένων
865 4026 1034 4094 τριῶν
1095 4021 1355 4095 σεμνείων
1415 4022 1679 4095 ποιμένας
1735 4026 1846 4097 ἅμα
1902 4027 1992 4081 καὶ

347 4112 601 4184 ποίμνια,
658 4111 749 4167 καὶ
807 4111 1001 4167 ἅπασιν
1061 4112 1203 4185 ὁμοῦ
1267 4111 1483 4175 τοὺτοις
1544 4114 1621 4175 είς
1676 4115 1773 4183 τήν
1843 4116 1991 4189 ἱερὰν

345 4200 697 4277 παραγίνεται
766 4200 977 4276 Λαύραν
1043 4203 1246 4278 Φαραν,
1303 4201 1388 4256 ἳνα
1482 4200 1548 4273 δὴ
1632 4204 1694 4258 τὸ
1778 4210 1993 4277 πρῶτον

346 4288 653 4361 ἀσκητικιῖΝ
708 4288 936 4365 ἀγώνων
990 4287 1225 4367 ἱδρῶτας
1272 4288 1502 4362 ἔσταξεν.
1552 4294 1751 4367 ’Ὠσπερ
1789 4292 1844 4349 δέ
1874 4316 1993 4349 τινα

345 4376 553 4453 κλῆρον
618 4378 803 4441 αότοῖς
860 4379 1034 4457 ἀφιεὶς
1079 4380 1176 4442 τὰς
1232 4380 1378 4454 ἱερὰς
1439 4380 1601 4436 αὐτοῦ
1658 4380 1883 4445 ἐντολὰς
1928 4384 1989 4439 οὐ

349 4472 611 4545 χρήματα
667 4472 756 4525 καὶ
811 4468 1050 4527 πλοῦτον
1107 4470 1371 4548 ἐπίκηρον
1430 4473 1813 4548 προξενούσας,
1864 4472 1989 4531 ἀλλ’

347 4560 420 4613 ὧν
482 4558 640 4623 αύτὸς
686 4558 797 4636 ἤρα
849 4559 1033 4615 καλῶν
1066 4566 1183 4623 τοῖς
1237 4567 1345 4618 τῶν
1398 4565 1607 4638 ὁμοίων
1658 4561 1850 4639 ἒρῶσιν
1898 4564 1989 4620 οὐ·

2104 619 2183 675 ita
2223 618 2492 685 dixerim,
2528 617 2913 673 immunditiis
2946 616 3355 672 renuntiabant
3389 618 3745 685 (audiverant

2107 710 2260 765 enim
2293 709 2554 764 divinum
2590 707 2698 763 hoc
2730 711 2785 762 et
2816 722 3047 763 sacrum
3083 706 3317 761 verbum
3346 722 3359 761 :
3394 706 3611 762 Bonum
3647 708 3742 763 ho-

2107 798 2273 867 mini,
2304 799 2540 870 quando
2574 796 2769 852 tulerit
2792 796 3004 867 jugum
3030 811 3064 850 a
3088 796 3391 865 juventute
3415 812 3541 861 sua,
3565 802 3622 850 et
3654 813 3742 851 se-

2106 889 2258 943 derit
2287 887 2588 956 seorsum),
2615 886 2895 958 processit
2916 884 2989 941 ad
3018 900 3182 957 opus,
3218 885 3371 957 quod
3406 891 3529 939 erat
3557 901 3625 939 ex
3656 901 3747 941 eo-

2106 995 2235 1034 rum
2251 978 2562 1033 sententia.
2583 981 2892 1047 Propterea
2913 974 3086 1029 aliam
3104 990 3338 1045 quoque
3360 973 3477 1029 illic
3498 974 3748 1029 aedificat

2108 1069 2353 1123 Lauram
2386 1066 2749 1121 admirabilis
2788 1065 2883 1120 hic
2921 1064 3237 1119 Chariten:
3275 1079 3445 1134 quam
3480 1064 3747 1119 nonnulli

2106 1155 2344 1229 quidem
2377 1155 2579 1227 lingua
2609 1155 2749 1226 Syra
2788 1154 2999 1209 Sucam
3042 1153 3367 1218 nominant,
3408 1152 3507 1207 alii
3548 1158 3742 1209 autem

2104 1262 2242 1303 voce
2272 1246 2465 1303 Graaca
2496 1250 2744 1301 veterem
2774 1244 3022 1299 Lauram
3055 1242 3371 1315 appellant.

2177 1337 2301 1393 ΧΠ.
2333 1336 2439 1391 Sed
2485 1334 2653 1390 nobis
2694 1333 2971 1404 paulatim
3015 1334 3335 1405 procedens
3375 1333 3531 1389 venit
3561 1332 3745 1388 oratio

2104 1428 2176 1483 ab
2206 1427 2286 1495 id,
2338 1425 2491 1498 quod
2536 1430 2618 1480 est
2654 1423 2926 1479 ultimum
2961 1422 3197 1494 quidem
3230 1422 3453 1491 ordine,
3487 1422 3744 1492 primum

2106 1520 2298 1572 autem
2331 1517 2538 1569 virtute
2571 1521 2622 1568 et
2669 1512 2933 1567 miraculi
2968 1511 3391 1581 magnitudine.
3434 1510 3577 1566 Nam
3612 1528 3745 1565 cum

2107 1622 2305 1663 curam
2331 1610 2553 1675 gereret
2583 1603 2792 1672 quietis
2826 1607 2881 1657 et
2912 1602 3120 1656 silentii
3156 1606 3219 1655 ut
3251 1600 3474 1657 nullius
3506 1601 3746 1655 alterius

2108 1698 2186 1751 rei
2223 1698 2428 1766 magis,
2465 1710 2574 1747 non
2619 1694 2891 1762 ignorans
2936 1698 3220 1761 quantum
3267 1698 3455 1760 posset
3487 1691 3748 1745 conferre

2104 1788 2173 1843 ad
2207 1786 2497 1843 virtutem.
2520 1798 2650 1836 cum
2678 1780 2996 1836 rescivisset
3017 1796 3145 1835 esse
3171 1779 3488 1849 quamdam
3512 1780 3748 1848 spelun-

2028 1908 2084 1974 B
2108 1892 2235 1931 eam
2267 1875 2325 1929 in
2361 1871 2638 1943 praacipiti
2676 1872 2905 1938 quidem
2933 1879 2983 1924 et
3020 1874 3308 1939 praerupto
3334 1874 3526 1923 monte
3558 1870 3745 1937 sitam,

2107 1964 2207 2019 sed
2243 1980 2354 2017 non
2391 1963 2559 2031 longe
2589 1960 2898 2013 distantem
2930 1958 3000 2012 ab
3033 1956 3141 2012 bac
3181 1972 3347 2011 sacra
3380 1956 3587 2021 Laure,
3622 1974 3748 2027 quas

2106 2069 2291 2123 usque
2321 2052 2378 2106 in
2430 2050 2777 2105 hodiernum
2809 2048 2963 2103 diem
3015 2045 3347 2119 appellatur
3393 2046 3745 2117 Cremastos,

2107 2144 2164 2199 id
2196 2146 2304 2210 est,
2339 2138 2580 2213 pensilis
2611 2140 2751 2208 (non
2784 2137 2937 2192 enim
2964 2140 3153 2204 potest
3175 2136 3308 2206 quis
3340 2136 3409 2190 ad
3444 2135 3631 2205 ipsam
3661 2152 3749 2190 ac-

2106 2234 2329 2297 cedere,
2364 2229 2473 2286 nisi
2505 2227 2723 2298 scalis),
2765 2243 2891 2282 eam
2934 2225 3157 2281 habitat
3194 2225 3283 2279 vir
3322 2224 3419 2278 ille
3461 2226 3743 2296 egregius.

2106 2325 2458 2379 Cumautem
2485 2318 2735 2373 multum
2758 2316 3035 2387 temporis
3057 2315 3445 2386 praeteriisset,
3468 2317 3525 2368 et
3544 2314 3744 2385 partim

2107 2414 2337 2484 quidem
2371 2410 2554 2476 senio,
2583 2406 2792 2480 partim
2817 2411 3006 2461 autem
3035 2404 3227 2475 longis
3258 2402 3556 2458 laboribus
3584 2418 3745 2457 exer-

2107 2500 2421 2568 eitationis,
2455 2498 2506 2553 ei
2538 2497 2846 2552 remissum
2871 2497 3019 2549 esset
3049 2509 3260 2563 corpus
3286 2508 3299 2546 :
3330 2495 3388 2546 et
3419 2507 3607 2563 neque
3637 2490 3748 2545 sibi

2108 2594 2305 2662 posset
2334 2587 2661 2643 ministrare
2692 2590 2747 2639 et
2772 2600 2984 2654 aquam
3019 2583 3241 2643 all'erre,
3274 2581 3397 2651 ipse
3420 2579 3624 2635 nolens
3650 2580 3749 2636 alii

2106 2697 2312 2735 rursus
2336 2679 2443 2733 hoc
2466 2679 2740 2732 mandare
2764 2672 3171 2736 ministerium,
3201 2671 3340 2741 quid
3367 2668 3541 2723 facit?
3562 2669 3746 2723 Deum

2107 2774 2289 2841 rogat,
2322 2768 2439 2839 qui,
2491 2781 2617 2838 qua:
2652 2763 2773 2818 fieri
2808 2778 2920 2816 non
2952 2764 3213 2831 possunt,
3249 2760 3435 2813 facere
3470 2765 3651 2829 patest
3686 2763 3749 2813 ut

2106 2860 2287 2915 fiant:
2335 2862 2393 2913 et
2440 2862 2600 2927 petra
2650 2866 2869 2916 rursus,
2922 2866 3035 2904 non
3082 2849 3244 2919 virga
3299 2863 3598 2917 percussa,
3644 2848 3745 2902 sed

2106 2948 2457 3023 precatione,
2492 2959 2704 3015 aquam
2738 2940 2974 3010 emittit,
2996 2956 3109 2993 non
3144 2938 3201 2992 in
3224 2936 3514 2992 obedienti
3547 2942 3748 2991 contu-

2108 3038 2377 3110 macique
2412 3033 2622 3107 populo
2653 3035 2710 3087 et
2739 3031 2964 3102 iniquo,
3009 3028 3110 3084 sed
3152 3025 3320 3081 valde
3353 3026 3664 3093 obedienti,
3693 3031 3750 3082 et

2106 3129 2334 3189 cedenti
2365 3128 2463 3185 Dei
2498 3126 2745 3199 legibus.
2775 3124 2855 3178 Ex
2883 3138 2999 3177 uno
3031 3119 3186 3175 enim
3220 3122 3371 3175 antri
3406 3119 3580 3174 latere
3612 3134 3748 3191 pro-

2106 3223 2265 3278 tinus
2295 3218 2563 3276 scaturiit
2602 3234 2755 3288 aqua
2801 3212 3186 3287 frigidissima
3216 3218 3268 3267 et
3308 3209 3747 3281 limpidissima,

2105 3328 2229 3384 qua:
2263 3314 2453 3365 manet
2502 3324 2691 3379 usque
2734 3306 2791 3361 in
2832 3304 3174 3360 hodiernum
3204 3300 3379 3368 diem,
3422 3315 3536 3354 non
3565 3297 3748 3353 solam

2104 3400 2265 3458 sitim
2298 3400 2534 3465 sedans,
2567 3397 2666 3452 sed
2691 3412 2817 3467 qum
2840 3398 2929 3449 est
2949 3393 3127 3447 etiam
3148 3388 3467 3462 perfectum
3490 3387 3748 3444 testimo-

2106 3490 2269 3546 nium
2302 3484 2776 3551 necessitudinis,
2800 3497 2975 3555 quam
3011 3496 3141 3536 cum
3168 3478 3284 3535 Deo
3315 3477 3568 3533 habebat
3597 3476 3748 3533 Cha-

2104 3580 2274 3635 riton.

2174 3679 2327 3736 Xlll.
2356 3678 2501 3744 Quid
2527 3674 2820 3747 amplius?
2848 3673 2987 3728 Cum
3014 3686 3189 3727 suum
3213 3686 3245 3725 a
3274 3683 3513 3739 corpore
3544 3681 3746 3722 exces-

2104 3786 2257 3837 sum,
2284 3770 2367 3824 vel
2403 3768 2594 3838 potius
2617 3768 2682 3821 ad
2712 3766 2891 3819 Deum
2918 3776 3219 3817 accessum
3246 3759 3353 3830 (sic
3374 3758 3529 3812 enim
3557 3754 3743 3825 magis

2103 3860 2369 3915 convenit
2413 3858 2627 3928 dicere)
2671 3872 2740 3911 ex
2788 3854 2985 3909 divina
3029 3850 3379 3905 revelatione
3428 3847 3486 3901 in
3523 3844 3744 3900 foribus

2103 3950 2301 4004 adesse
2329 3946 2713 4019 cognovisset,
2746 3959 2950 4000 omnes
2980 3941 3210 4011 quidem
3241 3938 3528 3993 dictorum
3562 3935 3741 3989 trium

2106 4040 2591 4096 monasteriorum
2620 4043 2875 4107 pastores
2892 4031 3068 4087 simul
3092 4036 3147 4085 et
3170 4044 3368 4099 greges
3388 4028 3455 4081 ad
3477 4041 3538 4080 se
3560 4040 3743 4079 accer-

2103 4130 2198 4197 sit,
2232 4137 2286 4185 et
2332 4127 2507 4183 simul
2560 4143 2690 4181 cum
2742 4124 2835 4178 bis
2879 4122 3155 4177 omnibus
3203 4119 3361 4174 venit
3398 4116 3467 4171 ad
3516 4131 3741 4169 sacram

2104 4224 2347 4274 Lauram
2372 4216 2623 4271 Pharum
2650 4215 2891 4279 dictam,
2915 4212 3009 4267 ubi
3037 4211 3286 4281 primum
3315 4204 3615 4262 distillavit
3645 4221 3743 4259 su-

2102 4310 2269 4365 dores
2302 4306 2687 4363 certaminum
2720 4300 3176 4359 exercitationis.
3208 4299 3511 4369 Tanquam
3547 4300 3742 4351 autem

2101 4399 2417 4473 quamdam
2450 4397 2850 4452 hereditatem
2884 4393 3253 4449 sacrosancta
3285 4389 3369 4444 eis
3404 4387 3742 4458 relinquens

2101 4492 2403 4562 precepts,
2438 4502 2565 4559 qua:
2594 4501 2707 4541 non
2742 4482 3019 4556 pecunias
3044 4486 3101 4537 et
3133 4485 3571 4535 momentaneas
3604 4490 3743 4547 opes

2101 4577 2516 4643 conciliabant,
2567 4575 2663 4631 sed
2699 4590 2789 4640 ea,
2822 4589 2949 4645 qua:
2998 4572 3119 4644 ipse
3161 4567 3415 4635 amabat,
3464 4567 3617 4621 bona
3648 4563 3739 4630 iis,

347 4646 539 4742 δέποτε
580 4648 907 4742 Δ(φθείρεσθαι
981 4647 1225 4742 δυνατὸν,
1277 4651 1461 4729 λόγων
1526 4653 1699 4717 οὕτως
1747 4653 1990 4730 έχόντῶν

2107 4670 2204 4742 qui
2233 4665 2451 4723 similia
2473 4664 2745 4736 diligunt,
2778 4676 3079 4733 nunquam
3112 4658 3439 4723 interitura,
3463 4655 3546 4710 sic
3585 4652 3741 4722 loqui

344 4738 480 4810 πρός
537 4736 730 4799 αὐτοὺς
788 4736 1033 4814 ἄρχεται.
1098 4740 1237 4815 Ἐγὼ
1299 4744 1416 4815 μὶν,
1474 4741 1655 4812 τέκνα,
1702 4740 1812 4815 ἤδη
1850 4744 1987 4821 πρὸς

344 4828 473 4883 Θεὸν
531 4826 819 4904 έπείγομαι
879 4828 968 4883 καὶ
1029 4830 1056 4883 ὁ
1113 4831 1300 4907 καιρὸς
1342 4839 1442 4902 τῆς
1510 4832 1650 4906 ἐμῆς
1697 4833 1985 4913 ἐφέστηκεν

343 4917 677 4979 ἀναλύσεως.
738 4918 861 4991 Χρή
919 4916 1010 4971 οῦν
1072 4918 1212 4993 ὑμᾶς
1269 4919 1583 4994 ἐπιμέλειαν
1634 4927 1740 4978 τῶν
1774 4924 1988 4980 οἰκείων

344 5007 525 5070 θέσθαι
574 5009 789 5081 ψυχῶν,
828 5002 933 5068 ἕως
982 5006 1093 5063 ἐστὶ
1154 5010 1364 5085 καιρὸς,
1424 5009 1635 5075 είδότας
1692 5012 1775 5069 ὅτι
1826 5036 1989 5087 μετα-

340 5095 491 5159 νοίας
550 5096 683 5168 μετὰ
741 5094 970 5151 θάνατον
1033 5096 1191 5173 ἰσχὺς
1251 5098 1677 5175 ούδεμία’ἀλλ’
1728 5103 1837 5158 ἐκεῖ
1896 5104 1990 5177 μὲν

339 5189 447 5241 τῶν
498 5181 822 5239 ἀντιδόσεων
883 5187 911 5240 ὁ
959 5188 1168 5263 καιρὸς,
1230 5188 1455 5245 ένταῦθα
1513 5187 1569 5246 δὲ
1642 5196 1748 5247 τῶν
1808 5195 1989 5249 πόνων

344 5279 435 5331 καὶ
492 5278 599 5330 τῶν
659 5273 913 5351 ἀγώνων,
975 5277 1064 5331 καὶ
1123 5278 1208 5334 ’ὸτι
1265 5283 1372 5334 τῶν
1420 5281 1704 5353 παρόντων
1736 5282 1832 5339 κᾶν
1869 5306 1994 5356 τερ-

345 5364 478 5420 πνὸν
508 5362 545 5439 ᾖ
575 5384 626 5418 τι
680 5363 769 5418 καὶ
828 5364 1119 5440 ὀφθαλμὸν
1155 5368 1438 5449 εὐφραῖνον
1478 5371 1513 5440 ἢ
1546 5372 1814 5449 φάρυγγα,
1848 5373 1993 5431 ἀλλὰ

341 5451 557 5529 ταχέως
612 5454 695 5527 ῥεῖ
746 5455 834 5509 καὶ
888 5456 963 5517 εἷς
1020 5458 1081 5512 τὸ
1141 5460 1216 5531 μὴ
1270 5456 1327 5515 ὄν
1374 5462 1746 5536 περτίσταται,
1788 5464 1884 5519 κᾶν
1940 5487 1992 5522 τι

348 5541 602 5617 λυπηφὸν
632 5542 723 5597 καὶ
754 5541 1031 5619 ἰπίπονον,
1062 5548 1151 5602 καὶ
1197 5553 1357 5605 τοῦτο
1397 5548 1539 5625 ταχύ
1573 5549 1844 5623 λυομένην
1877 5549 1991 5629 ἔγει

348 5636 439 5691 καὶ
496 5632 828 5711 πρόσκαιρον
893 5639 990 5708 τήν
1048 5636 1247 5712 ὀδύνην
1283 5660 1295 5675 ο
1365 5646 1473 5697 τῶν
1536 5641 1854 5714 μελλόντων
1914 5646 1991 5720 δὲ,

349 5726 437 5782 καὶ
497 5724 561 5779 τὸ
612 5724 891 5802 εὐφραῖνον
948 5727 1189 5785 αἰώνιον⁹
1222 5730 1310 5786 καὶ
1368 5731 1430 5787 τὸ
1464 5732 1699 5808 ἄλγῦνον
1734 5735 1813 5789 ἀεί
1864 5758 1997 5795 ποτε

2098 4756 2342 4829 incipit:
2378 4756 2496 4826 Ego
2545 4753 2802 4824 quidem,
2853 4767 2885 4806 ο
2926 4750 3052 4815 filii,
3090 4749 3215 4819 jam
3267 4746 3339 4801 ad
3388 4744 3571 4800 Deum
3604 4758 3740 4796 con-

2096 4848 2293 4916 tendo,
2325 4849 2382 4901 et
2410 4843 2567 4900 venit
2597 4846 2833 4912 tempus
2872 4856 3015 4895 mem
3060 4836 3454 4894 resolutionis.
3506 4834 3743 4903 Oportet

2098 4953 2235 5009 ergo
2272 4951 2372 4989 vos
2401 4938 2726 4988 vestrarum
2755 4933 3083 4985 animarum
3119 4943 3314 4982 curam
3349 4938 3568 4996 gerere,
3601 4922 3741 4976 dum

2099 5032 2187 5082 est
2212 5032 2465 5096 tempus,
2495 5023 2742 5077 scientes
2777 5028 2901 5089 post
2936 5029 3177 5073 mortem
3214 5015 3405 5070 nullas
3436 5030 3563 5069 esse
3595 5011 3743 5065 vires

2102 5114 2473 5188 pmnitentiae,
2506 5112 2605 5167 sed
2639 5110 2755 5164 illic
2778 5111 3013 5181 quidem
3048 5124 3174 5162 esse
3208 5113 3440 5175 tempus
3472 5117 3741 5157 remune-

2104 5206 2415 5268 rationum,
2468 5200 2559 5256 hic
2604 5210 2793 5254 autem
2832 5199 3095 5252 laborum
3137 5202 3191 5251 et
3229 5195 3655 5251 certaminum:
3690 5195 3745 5245 et

2104 5292 2479 5367 praesentium
2517 5291 2773 5361 quidem,
2808 5305 2908 5342 seu
2945 5290 3020 5341 sit
3050 5285 3267 5355 aliquid
3306 5283 3660 5353 jucundum,
3692 5288 3745 5335 et

2104 5383 2257 5456 quod
2292 5381 2541 5436 delectat
2590 5382 2791 5433 oculos
2839 5384 2940 5432 aut
2968 5382 3195 5447 guttur,
3230 5376 3284 5429 id
3324 5376 3435 5429 cito
3467 5372 3643 5427 ﬂuere
3691 5376 3746 5423 et

2106 5473 2285 5541 redigi
2308 5471 2377 5525 ad
2406 5469 2697 5524 nihilum:
2731 5483 2832 5522 seu
2860 5468 3166 5522 molestum
3190 5470 3248 5520 et
3277 5463 3657 5529 laboriosum,
3688 5458 3743 5513 ἰιι

2106 5578 2338 5637 quoque
2385 5560 2616 5625 habere,
2663 5556 2764 5629 qui
2830 5554 3132 5612 resolvitur
3174 5560 3230 5611 et
3267 5562 3353 5609 est
3389 5554 3457 5608 ad
3491 5560 3747 5623 tempus,

2107 5653 2361 5710 dolorem
2392 5667 2401 5702 :
2440 5648 2765 5703 futurorum
2802 5652 2991 5702 autem
3034 5653 3087 5702 et
3132 5645 3286 5717 quod
3321 5644 3587 5710 delectat,
3619 5657 3748 5698 esse

2107 5749 2389 5801 aeternum
2420 5756 2431 5793 :
2464 5742 2521 5793 et
2553 5736 2705 5808 quod
2743 5735 3009 5791 molestia
3032 5734 3230 5803 afﬁcit,
3264 5749 3492 5806 semper
3521 5746 3747 5804 perma-
