4094 6230
419 335 536 396 915

420 514 577 553 nere.
608 500 791 570 Atque
814 500 1066 570 primum
1090 501 1325 572 quidem
1350 502 1428 558 sit
1451 503 1609 558 vobis
1633 507 1791 559 recta
1811 508 1867 559 et
1890 504 2059 559 ﬁrma
2088 504 2144 570 Α
2170 498 2441 574 διαμένον.

418 588 589 653 ﬁdes,
624 587 783 644 nullo
813 587 1119 646 labascens
1141 590 1433 662 periculo:
1460 591 1670 649 deinde
1689 594 1808 648 vita
1830 609 2059 666 quoque

418 678 493 734 sit
525 693 693 749 pura,
740 682 841 733 aut
872 684 1241 751 expurgatur.
1275 682 1345 736 Et
1391 686 1525 738 ante
1568 682 1763 738 omnia
1792 683 1953 739 vobis
1982 684 2061 739 sit

418 784 568 823 cura:
601 768 862 840 corporis
892 771 1299 839 sanctiﬁcatio,
1330 776 1395 828 ut
1428 772 1487 829 in
1510 774 1728 845 templa
1751 775 2060 847 impolluta

418 858 486 912 ad
521 874 621 913 vos
653 858 889 914 accedat
919 864 975 914 et
1004 860 1316 928 inhabitet,
1349 863 1449 934 qui
1481 870 1569 920 est
1598 880 1801 935 purus,
1830 869 1889 920 et
1918 881 2056 920 san-

417 947 762 1004 ctiﬁcatione
793 965 900 1004 sua
921 953 976 1004 et
1007 949 1157 1006 bono
1180 952 1355 1006 odore
1378 951 1634 1009 animam
1663 955 1921 1024 impleat.
1948 954 2059 1010 Res

416 1037 570 1091 enim
604 1036 760 1092 mala
799 1044 887 1093 est
918 1039 1024 1108 ira,
1060 1045 1117 1095 et
1148 1040 1196 1095 si
1247 1040 1389 1112 quid
1433 1042 1588 1098 aliud
1628 1043 1833 1099 laedere
1864 1049 2056 1116 potest

414 1124 655 1181 fratrum
686 1142 963 1185 amorem.
988 1132 1033 1183 A
1056 1130 1217 1185 vobis
1248 1138 1439 1186 autem
1471 1133 1711 1187 omnino
1744 1132 2057 1189 retineatur

414 1229 480 1270 ac
514 1215 775 1271 foveatur
803 1233 909 1286 pax
954 1222 1009 1273 et
1041 1221 1442 1276 mansuetudo.
1489 1222 1649 1286 Quod
1690 1221 1738 1277 si
1774 1224 1926 1277 inter
1953 1239 2052 1277 vos

413 1303 728 1373 aliquando
750 1306 1060 1377 contigerit
1090 1308 1351 1377 oti‘ensio,
1385 1326 1456 1365 ne
1486 1310 1574 1365 sol
1613 1312 1840 1367 occidat
1867 1312 2051 1380 vobis,

412 1410 445 1447 a
476 1392 605 1450 luce
642 1396 786 1452 adeo
836 1400 1071 1454 remotis
1103 1416 1169 1454 ex
1199 1401 1469 1456 odio.Sed
1521 1403 1908 1458 revocandum
1943 1409 2049 1474 est,

412 1500 586 1554 quam
611 1486 1058 1558 diligentissime
1081 1489 1200 1545 ﬁeri
1224 1492 1456 1562 poterit,
1480 1492 1698 1548 bonum
1723 1494 2048 1566 charitatis,

412 1579 609 1645 utpote
641 1578 789 1645 quod
836 1579 962 1633 sine
1007 1596 1072 1634 eo
1106 1596 1219 1634 non
1265 1581 1430 1637 liceat
1473 1584 1663 1639 videre
1703 1584 1916 1654 Solem,
1949 1587 2049 1657 qui

409 1664 728 1735 percipitur
757 1667 1163 1739 intelligentia.
1195 1669 1433 1726 Si.mala
1461 1677 1653 1727 autem
1687 1674 1957 1745 cogitatio
1988 1678 2046 1732 in

407 1751 618 1807 vestris
650 1757 775 1809 sata
806 1755 883 1811 sit
913 1756 1150 1824 animis,
1178 1773 1328 1813 cura:
1351 1759 1513 1815 vobis
1545 1761 1621 1814 sit
1649 1777 1775 1817 eam
1806 1763 1919 1818 cito
1951 1779 2046 1819 ex-

406 1839 639 1910 pellere.
691 1842 785 1898 Sic
826 1844 981 1899 enim
1022 1846 1251 1901 {acilius
1283 1864 1405 1903 eam
1437 1848 1700 1918 ejicietis.
1735 1853 1857 1918 Quo
1888 1852 2043 1908 enim
2075 1885 2129 1953 B

406 1932 590 2000 magis
621 1948 688 1989 ea
720 1934 939 1990 sinitur
970 1953 1329 2009 permanere,
1361 1955 1425 1994 eo
1458 1940 1588 2011 plus
1617 1941 1910 1998 exhibebit
1941 1959 2039 1998 na-

401 2020 565 2087 gotii,
610 2025 666 2076 et
694 2023 802 2077 erit
831 2033 1165 2097 expugnalu
1200 2027 1497 2083 difﬁcilior
1526 2030 1597 2095 ei,
1633 2031 1731 2101 qui
1765 2034 2044 2088 adversus

401 2107 564 2163 illam
596 2110 842 2167 voluerit
872 2113 1181 2171 decertare.
1217 2115 1349 2171 Sint
1372 2120 1566 2173 autem
1589 2119 1749 2174 vobis
1777 2136 1941 2177 arma
1969 2122 2041 2176 ad

401 2195 645 2258 bellum.
673 2199 987 2268 jejunium,
1022 2202 1225 2268 oratio,
1260 2203 1546 2278 lacrymm,
1572 2209 1851 2265 memoria
1884 2226 2043 2266 mor-

400 2283 479 2340 tis
508 2290 566 2341 et
595 2287 894 2358 gehennae,
928 2294 985 2345 et
1016 2293 1171 2362 quod
1202 2299 1287 2349 est
1316 2296 1579 2353 omnium
1612 2298 2039 2357 validissimum

401 2380 459 2429 et
489 2374 745 2433 inimicis
768 2380 1023 2435 maxime
1046 2382 1318 2455 terribile,
1345 2386 1509 2443 beata
1535 2387 1874 2445 humilitas:
1908 2407 2042 2445 cau-

398 2464 614 2535 tioque,
649 2482 719 2521 ne
752 2483 1006 2539 unquam
1046 2488 1147 2527 vos
1186 2491 1369 2545 pravae
1414 2482 1700 2549 occupent
1741 2479 2040 2550 cogitatio-

400 2569 538 2608 nes:
589 2572 653 2610 ac
696 2556 1021 2616 observatio
1052 2577 1352 2633 sensuum,
1385 2569 1438 2620 et
1471 2583 1588 2638 prae
1618 2570 1864 2641 caeteris,
1896 2586 2041 2627 ocu-

397 2643 587 2700 lorum
619 2649 676 2701 et
704 2648 957 2704 aurium.
998 2649 1145 2707 Hinc
1175 2654 1328 2709 enim
1363 2659 1448 2711 est
1477 2655 1593 2714 illis
1624 2659 1899 2717 adversus
1931 2678 2037 2718 nos

396 2734 715 2805 ingressus,
749 2745 803 2793 et
843 2755 1021 2808 mors,
1055 2757 1181 2813 quae
1221 2744 1293 2799 ad
1324 2761 1430 2801 nos
1472 2744 1800 2819 ingreditur
1827 2767 1928 2822 per
1958 2753 2036 2809 fe-

395 2828 644 2884 uestras.

465 3072 608 3131 XIV.
641 3076 1074 3135 Possessionem
1098 3082 1361 3139 omnium
1389 3087 1874 3157 pretiosissimam
1900 3094 2031 3151 novi

394 3164 476 3219 nil
509 3166 828 3236 possidere,
869 3173 925 3223 et
960 3168 1045 3224 has
1092 3175 1232 3226 sunt
1270 3189 1419 3231 vera:
1459 3177 1672 3235 divitiae
1713 3180 1786 3247 ei,
1818 3184 1916 3255 qui
1946 3193 2033 3241 est

1699 336 1985 403 MENSIS
2028 337 2520 402 SEPTEMBER.

3708 331 3836 390 916

2526 501 2718 572 Ιιρῶτα
2790 496 2882 569 μὲν
2948 493 3038 550 οὖν
3122 495 3248 568 ὑμῖν
3307 492 3374 548 τὰ
3425 494 3527 556 τῆς
3588 490 3832 550 πίστεως

2174 592 2343 667 ὑγιῶς
2391 588 2662 664 ἐχέτωσαν
2699 587 2791 642 καὶ
2852 580 3106 661 βεϐαίως,
3166 580 3405 655 κινδύνῳ
3467 578 3663 655 μηδενὶ
3732 600 3834 635 σα.

2170 678 2453 753 λευόμενα.
2517 680 2746 736 Ἔπειτα
2803 673 2862 731 δὲ
2918 675 3007 731 καὶ
3074 675 3102 729 ὁ
3170 673 3291 748 βίος
3338 673 3572 744 καθαρὸς
3606 668 3747 726 ἔστω
3787 671 3827 739 ἢ

2166 764 2525 842 καθαιρέσθω.
2586 768 2690 823 Καὶ
2751 766 2856 841 πρὸ
2923 785 2987 840 γε
3041 770 3257 819 πάντων
3329 763 3358 817 6
3410 766 3510 817 τοῦ
3564 761 3830 833 σώματος

2166 858 2440 935 ἁγιασμὸς
2489 853 2892 926 σπουδαζέσθω,
2952 855 3089 909 ὥστε
3145 856 3296 916 ναοῖς
3352 849 3689 925 ἆμολύντοις
3729 847 3828 904 οὖς

2169 969 2269 1014 σιν,
2321 948 2671 1023 ἐπιφοιτῆσαι
2720 945 2783 1000 τὸ
2840 944 3070 1017 καθαρὸν
3123 943 3251 1015 ὑμῖν
3299 939 3512 1014 πνεῦμα
3541 942 3629 994 καὶ
3672 938 3824 994 ἐνοι-

2165 1045 2350 1107 κῆσαι,
2380 1036 2469 1091 καὶ
2519 1039 2615 1092 τοῦ
2664 1036 2935 1109 ἀγιασμοῦ
2982 1030 3148 1087 αὐτού
3179 1032 3267 1087 καὶ
3316 1033 3416 1095 τῆς
3460 1026 3690 1093 εὐωδίας
3718 1030 3827 1098 τήν

2165 1128 2361 1201 ψμχὴν
2414 1125 2727 1200 πληρῶσκι.
2794 1122 3042 1196 ΙΙονηρὸν
3109 1121 3268 1197 ὀργή,
3328 1118 3417 1175 καὶ
3472 1120 3666 1193 θυμὸς,
3724 1118 3823 1172 καὶ

2165 1215 2215 1270 εἷ’
2243 1237 2295 1271 τι
2322 1213 2463 1271 ἄλλο
2499 1214 2758 1289 βλάπτειν
2809 1212 2872 1267 τὸ
2910 1207 3249 1288 φιλάδελφον
3291 1207 3533 1264 δύναται·
3574 1208 3704 1281 ὑμῖν
3734 1205 3823 1281 δὲ,

2164 1302 2311 1359 ἀλλὰ
2359 1304 2518 1359 παντὶ
2574 1303 2762 1377 τρόπῳ
2791 1299 3180 1376 περιποιείσθω
3215 1300 3280 1356 τὸ
3323 1298 3597 1372 εἰρηνικόν
3631 1317 3692 1353 τε
3725 1298 3823 1352 καὶ

2143 1395 2383 1467 νῆμερον.
2421 1393 2482 1450 Εἰ
2530 1392 2586 1448 δὲ
2632 1394 2720 1448 καὶ
2783 1386 3025 1465 συμϐαίη
3088 1389 3220 1446 ποτὶ
3286 1386 3552 1459 ἀλλήλων
3619 1389 3824 1461 μεταξὺ

2161 1483 2485 1541 σκάνδαλον·
2544 1485 2619 1557 μὴ
2678 1480 2942 1537 ἐπιδυέτω
2994 1480 3121 1554 ὑμῖν
3169 1480 3198 1534 6
3229 1478 3411 1549 ἥλιος,
3446 1478 3620 1541 οὓτως
3651 1478 3824 1555 ἀφεγ-

2159 1578 2272 1649 γῶς
2325 1570 2543 1648 ἔχουσιν
2603 1569 2663 1625 ἐκ
2716 1574 2814 1624 τοῦ
2869 1568 3081 1642 μίσους,
3136 1564 3296 1626 Ἀλλ’
3344 1564 3680 1636 ἀνακλητέον
3738 1565 3826 1629 ὡς

2159 1663 2276 1719 οἶόν
2302 1683 2360 1718 τε
2404 1659 2711 1722 σπουδαίως
2741 1659 2803 1713 τὸ
2831 1664 2930 1729 τῆς
2985 1658 3205 1733 ἀγάπης
3243 1654 3434 1727 καλὸν,
3468 1656 3544 1719 ὡς
3581 1657 3657 1729 μή
3694 1654 3819 1726 ἐξὸν

2153 1757 2349 1808 τούτου
2380 1752 2578 1825 χωρὶς,
2605 1750 2695 1804 τὸν
2725 1747 2920 1818 νοητὸν
2948 1743 3077 1802 ἰδεῖν
3109 1743 3298 1817 ἤλιον,
3331 1741 3561 1799 Φαύλου
3611 1740 3671 1798 δὲ
3711 1743 3820 1799 λο-

2154 1845 2358 1917 γισμοῦ
2398 1844 2516 1902 ταῖς
2579 1839 2865 1913 ὑμετέραις
2921 1834 3273 1912 ένσπαρέντος
3331 1836 3559 1912 ψυχαῖς,
3614 1831 3822 1906 ἐπιμε-

2154 1931 2241 2004 λέξ
2299 1930 2426 2003 ὑμῖν
2492 1926 2718 2002 γινέσθω
2757 1924 2951 2001 τᾶχιον
3002 1925 3165 1980 αὐτὸν
3218 1924 3453 1996 ἐξωθεῖν.
3490 1920 3648 1979 Οὕτω
3704 1922 3817 1997 γὰρ

2149 2019 2515 2095 εὐχερεστὲρῳ
2573 2017 2708 2092 πρὸς
2765 2018 2865 2084 τὴν
2927 2009 3167 2083 ἐκϐολήν
3228 2013 3517 2087 χρήσεσθε,
3557 2011 3646 2065 καὶ
3703 2011 3818 2089 γὰρ

2150 2110 2366 2183 ὅσῳπερ
2423 2106 2486 2163 ἄν
2557 2106 2725 2163 πλέσν
2798 2105 3126 2181 παραμένειν
3200 2102 3363 2175 έῷτο,
3417 2100 3666 2173 τοσούτῳ
3716 2101 3816 2155 καὶ

2148 2196 2406 2255 πλείοντα
2461 2195 2676 2271 παρέξει
2730 2194 2797 2250 τὰ
2860 2193 3157 2268 πράγματα
3202 2191 3295 2246 καὶ
3366 2187 3810 2265 δυσμαχώτερος

2147 2282 2293 2343 ἔσται
2340 2289 2420 2358 τῷ
2451 2282 2914 2359 καταγωνίσασθαι
2951 2280 3298 2357 βουλομένῳ.
3329 2277 3517 2337 Ὅπλα
3561 2275 3619 2333 δὲ
3671 2279 3810 2351 ὑμῖν

2146 2374 2282 2432 ἔστω
2336 2374 2472 2451 πρὸς
2502 2374 2594 2428 τὸν
2641 2371 2808 2428 αὐτοῦ
2866 2370 3143 2445 πόλεμον,
3191 2369 3436 2441 νηστεία,
3484 2371 3805 2445 προσευχὴ,

2146 2464 2373 2539 δάκρυα,
2408 2465 2598 2537 μνήμη
2640 2483 2697 2518 τε
2748 2462 2975 2517 θανάτου
3013 2461 3103 2515 καὶ
3145 2459 3389 2535 γεέννης,
3421 2459 3511 2516 καὶ
3560 2459 3625 2514 τὸ
3676 2459 3812 2514 πάν-

2142 2576 2249 2612 των
2283 2552 2642 2629 ἰσχυρότατόν
2690 2572 2749 2607 τε
2797 2549 2888 2607 καὶ
2936 2543 3324 2629 φοϐερώτατον
3367 2552 3486 2611 τοῖς
3546 2546 3805 2628 ἐχθροῖς,

2143 2647 2178 2715 ή
2223 2643 2458 2718 μακαρία
2514 2642 2865 2713 ταπείνωσις,
2911 2637 3180 2718 ἀσφάλεια
3223 2635 3279 2694 δὶ
3336 2638 3475 2713 πρὸς
3551 2639 3616 2693 τὸ
3692 2661 3806 2711 μη-

2144 2729 2323 2793 δόλως
2374 2736 2490 2793 τοῖς
2537 2730 2810 2789 τοιούτοις
2866 2725 3183 2783 ἁλίσκεσθαι
3235 2725 3553 2801 λογισμοῖς,
3603 2724 3805 2796 αἰσθήο

2142 2842 2277 2877 σεων
2355 2820 2597 2900 φυλακὴ,
2646 2818 2737 2874 καὶ
2793 2817 2903 2891 πρὸ
2961 2836 3027 2892 γε
3069 2821 3179 2873 τῶν
3230 2813 3442 2888 ἄλλων,
3492 2815 3804 2891 ὀφθαλμῶν

2140 2914 2231 2968 καὶ
2278 2907 2452 2968 ὤτων.
2500 2912 2772 2975 Ἐντεῦθεν
2816 2908 2920 2984 γὰρ
2977 2905 3199 2969 ἐκείνοις
3230 2907 3265 2975 ἡ
3298 2908 3414 2980 καθ⁶
3455 2906 3619 2979 ἡμῶν
3657 2902 3806 2961 εἴσο-

2142 3001 2254 3074 δος,
2288 3004 2379 3059 καὶ
2407 3005 2434 3058 ὁ
2474 3000 2564 3058 διὰ
2591 3006 2698 3057 τῶν
2731 2996 2965 3075 θυρίδων
2997 2998 3181 3055 είσιὼν
3214 3000 3351 3070 ἡμῖν
3381 2996 3630 3062 θάνατος.

2208 3096 2308 3151 ΙΔ¹.
2342 3097 2455 3163 Κτῆ
2468 3114 2541 3167 μα
2576 3092 2787 3149 πάντων
2835 3089 3174 3163 τιμιώτατον
3223 3086 3347 3143 οἶδα
3384 3088 3487 3158 τήν
3528 3087 3796 3158 ἆκτησίαν

2138 3185 2227 3238 καὶ
2281 3188 2442 3240 τοῦτο
2500 3182 2742 3245 πλοῦτος
2797 3185 2879 3253 τῷ
2936 3178 3139 3253 εὐγενεῖ
3185 3177 3353 3241 ὅντως
3411 3179 3500 3233 καὶ
3549 3173 3801 3252 ἀκριϐῶς

390 3268 522 3309 vere
553 3270 871 3325 generosus
900 3262 957 3314 et
1006 3260 1178 3331 plane
1226 3262 1392 3333 liber,
1435 3266 1595 3322 nulla
1643 3286 1861 3343 eorum,
1905 3290 2028 3346 quas

2147 3272 2433 3348 ἐλευθέρῳ,
2462 3272 2526 3326 τὸ
2568 3268 2814 3346 μηδεμιᾳ
2870 3266 3112 3324 δεδέσθαι
3164 3271 3274 3323 τῶν
3335 3262 3620 3342 παρόντων
3677 3266 3800 3323 ἐπι»

391 3343 624 3410 αάδυιιι,
658 3346 918 3403 vinctum
953 3364 1076 3405 esse
1108 3353 1444 3422 cupiditate.
1482 3358 1792 3416 Dimetitur
1831 3343 2024 3421 autem

391 3433 625 3489 divinus
654 3436 968 3505 Apostolus
1002 3456 1172 3494 usum
1207 3445 1432 3516 corpori
1464 3452 1891 3508 necessarium:
1925 3453 2030 3510 Ha-

392 3520 613 3587 bentes,
664 3524 885 3590 dicens,
937 3527 1207 3585 alimenta
1238 3538 1293 3587 et
1341 3535 1557 3605 quibus
1602 3544 1890 3610 tegamur,
1941 3542 2030 3600 his

392 3612 647 3665 contenti
675 3614 879 3670 simus.
907 3617 1017 3672 Res
1052 3626 1140 3673 est
1175 3622 1391 3691 gravis,
1411 3625 1558 3681 elate
1598 3628 1668 3683 de
1691 3646 1752 3686 se
1782 3632 2027 3688 sentire:

392 3714 580 3771 neque
628 3712 711 3756 est
760 3704 941 3774 aliud,
993 3710 1143 3777 quod
1203 3713 1381 3784 magis
1426 3722 1620 3785 posset
1659 3726 1928 3778 evertere.
1964 3723 2027 3778 Id

391 3800 585 3845 autem
617 3790 761 3847 solet
796 3803 852 3849 ut
895 3795 1213 3865 plurimum
1247 3805 1526 3877 consequi
1576 3823 1713 3879 opes
1756 3815 1908 3868 recte
1946 3814 2028 3868 fa-

390 3884 660 3935 ctorum:
695 3890 747 3937 et
782 3887 919 3939 tunc
951 3887 1276 3945 timendum
1304 3901 1385 3949 est
1408 3910 1609 3953 earum
1634 3900 2027 3972 naufragium.

390 3969 501 4025 Sed
532 3976 649 4027 stat
678 3973 968 4031 dexteram
1004 3978 1309 4051 porrigens
1348 3984 1518 4040 nobis
1549 4003 1755 4045 rursus
1795 3969 2029 4048 divinus

386 4060 719 4130 Apostolus,
753 4068 809 4118 et
835 4065 1005 4120 verbo
1029 4066 1122 4133 iis,
1154 4072 1251 4139 qui
1283 4070 1500 4130 habent
1531 4092 1722 4146 aures,
1754 4095 2028 4151 magnam

388 4150 650 4219 praebens
685 4153 1077 4212 securitatem.
1112 4156 1218 4221 Qui
1250 4161 1405 4218 enim
1439 4164 1667 4221 videtur
1717 4150 1888 4237 stare,
1939 4169 2031 4226 in-

387 4237 536 4307 quit,
569 4239 758 4295 videat
790 4259 859 4298 ne
894 4245 1082 4303 cadat.
1108 4251 1361 4307 Fratrem
1387 4252 1673 4325 judicare,
1707 4259 2028 4315 cavendum

392 4332 482 4382 est
509 4345 612 4399 pro
643 4328 884 4390 viribus.
918 4335 1021 4392 Hic
1068 4342 1157 4394 est
1203 4341 1360 4397 enim
1409 4343 1579 4400 foetus
1609 4346 1840 4416 animas,
1873 4365 2031 4407 more

388 4415 719 4475 Pharisaico
751 4421 893 4480 alios
923 4426 1322 4499 despicientia,
1365 4436 1423 4488 et
1452 4434 1597 4505 ejus,
1631 4436 1732 4508 qui
1761 4454 1865 4510 per
1895 4441 2031 4496 alio-

389 4522 528 4598 rom,
557 4510 1099 4573 condemnationem
1127 4536 1189 4575 se
1212 4521 1689 4592 vultjustiﬁcare.
1724 4527 1835 4584 Sed
1861 4533 1943 4598 tu,
1965 4546 2031 4587 eo

2140 3363 2329 3437 θυμία.
2398 3364 2715 3436 Ἐπιμετρεῖ
2773 3359 2957 3435 μέντοι
3011 3359 3111 3426 τὴν
3170 3357 3456 3432 ἀναγκαίαν
3526 3361 3607 3429 τῷ
3682 3358 3798 3412 σώ-

2146 3473 2273 3526 ματι
2317 3450 2508 3526 χρείαν
2541 3451 2569 3504 6
2621 3448 2767 3513 θεῖος
2834 3443 3189 3508 Ἀπόστολος⁹
3242 3447 3524 3520 Ἔχοντες,
3584 3442 3791 3522 λέγων,

2143 3540 2435 3617 διατροφάς
2536 3539 2627 3593 καὶ
2734 3536 3082 3611 σκεπάσματα
3173 3534 3390 3598 τούτοις
3484 3535 3792 3611 ἀρκεσθησό

2144 3642 2280 3704 μεθα
2307 3648 2321 3664 ο
2369 3626 2539 3685 δεινὸν
2574 3627 3002 3706 ὑψηλοφροσύνη
3033 3626 3123 3681 καὶ
3159 3625 3236 3689 ὡς
3291 3622 3445 3680 οὐδὲν
3488 3621 3631 3680 ἄλλο
3660 3628 3793 3680 καθ-

2139 3725 2311 3796 αιρεῖν
2381 3715 2695 3791 δυνάμενον,
2752 3717 2787 3786 ἢ
2857 3716 3061 3794 πέφυκε
3134 3714 3228 3789 μὲν
3306 3714 3383 3777 ὡς
3459 3712 3527 3769 τὰ
3602 3712 3797 3769 πολλὰ

2138 3809 2365 3881 πλούτῳ
2422 3805 2861 3882 κατορθωμάτων
2915 3801 3155 3873 ἕπεσθαι,
3214 3802 3325 3858 εἶτα
3381 3801 3621 3879 γίνεσθαι
3660 3804 3793 3858 τού·

2137 3920 2234 3954 του
2282 3895 2524 3974 χαλεπὸν
2585 3894 2763 3966 ἐκεινη
2812 3894 3091 3970 ναυάγιον.
3153 3891 3312 3949 Ἀλλ’
3360 3889 3555 3963 ’ἕστηκε
3612 3888 3793 3962 δεξιᾶν

2138 3992 2273 4063 ἡμῖν
2333 3986 2631 4043 ὑποτείνων
2676 3986 2704 4041 6
2761 3986 2903 4046 θεῖος
2946 3983 3112 4040 πάλιν
3160 3980 3526 4051 Ἀπόστολος,
3574 3981 3665 4037 καὶ
3712 3986 3794 4054 τῷ

2141 4079 2346 4153 ῥήματι
2401 4075 2623 4146 πολλὴν
2667 4076 2926 4150 παρέχων
2974 4078 3090 4133 τοῖς
3123 4071 3237 4127 ὦτα
3268 4069 3455 4147 ἔχουσι
3486 4072 3586 4141 τὴν
3619 4072 3791 4149 ἅσφάο

2141 4166 2308 4227 λειαν.
2368 4168 2424 4221 Ὀ
2480 4166 2586 4241 γὰρ
2644 4162 2819 4219 δοκῶν
2891 4162 3125 4230 ἑστάναι,
3184 4161 3341 4240 φησὶ,
3402 4159 3649 4236 βλεπέτω
3710 4164 3789 4235 μὴ

2138 4256 2295 4331 πέςῃ.
2328 4256 2401 4313 Τὸ
2466 4255 2660 4330 κρίνειν
2736 4253 2830 4309 τὸν
2885 4250 3141 4328 ἀδελφὸν,
3191 4244 3524 4322 εὐλαϐητέον
3608 4250 3787 4322 ὁπόση

2142 4344 2367 4419 δύναμις
2403 4364 2417 4379 ·
2480 4345 2724 4423 γέννημα
2777 4343 2881 4417 γὰρ
2938 4346 3103 4397 τοῦτο
3160 4344 3350 4418 ψυχῆς
3409 4341 3789 4415 ύπεροπτιγῶς

2141 4435 2399 4510 ἐχούσης,
2456 4434 2547 4491 καὶ
2606 4435 2939 4513 φαρισαϊκῶς
2990 4429 3080 4485 καὶ
3133 4426 3373 4485 δικαιοῦν
3434 4429 3620 4485 ἐαυτὸν
3698 4427 3789 4485 διὰ

2140 4533 2240 4595 τῆς
2269 4530 2364 4582 τοῦ
2412 4524 2648 4597 πλησίον
2694 4521 3063 4597 κατακρίσεως
3115 4517 3480 4596 βουλομένου.
3514 4517 3693 4577 Ἀλλᾶ
3726 4522 3787 4574 σὺ

390 4596 656 4668 dimisso,
698 4600 747 4656 si
790 4603 1097 4673 judicandi
1149 4612 1397 4668 tenearis
1446 4614 1752 4686 desiderio,
1803 4596 1937 4675 cum
1975 4625 2033 4677 te

393 4688 647 4713 -......2...._
680 4690 893 4713 L-L--,
1304 4705 1313 4713 .
1508 4705 1605 4713 _...
1690 4706 1701 4713 .
1769 4708 1806 4713 --

2147 4616 2335 4671 τούτου
2403 4614 2663 4686 ἀποστὰς,
2729 4612 2775 4668 εἳ
2834 4631 2920 4667 σοι
2978 4609 3139 4690 φίλον
3222 4607 3449 4684 κρίνειν,
3528 4606 3787 4685 ἐγγύτατα

392 4688 649 4759 proxime
680 4690 917 4762 habeas,
959 4713 1030 4753 ne
1061 4715 1255 4756 cesses
1298 4705 1354 4757 te
1384 4705 1645 4774 quotidie
1676 4706 1949 4777 judicare
1979 4719 2033 4766 et

392 4778 748 4849 examinare,
782 4787 838 4838 et
868 4801 1043 4855 quam
1075 4789 1293 4860 optime
1320 4793 1622 4863 corrigere.
1656 4796 1739 4850 Ad
1774 4798 2035 4869 petulan-

391 4867 533 4923 tiam
567 4886 632 4925 ac
664 4874 1075 4932 contumeliam
1117 4896 1403 4950 propensa
1444 4898 1533 4938 res
1565 4889 1651 4939 est
1681 4867 1895 4955 venter,
1929 4890 2028 4961 qui

393 4963 650 5029 curatur,
685 4961 783 5030 qui
813 4970 1113 5022 curantem
1148 4970 1355 5026 misere
1386 4978 1811 5029 remuneratur.
1847 4975 2031 5033 Labo-

394 5047 554 5103 ribus
590 5059 780 5106 autem
825 5050 1097 5124 ﬂectitur,
1142 5064 1197 5113 et
1240 5060 1471 5130 jejunio
1504 5061 1796 5132 domatur,
1847 5070 1921 5132 et,
1968 5071 2031 5123 ut

391 5138 575 5193 audax
606 5155 812 5210 equus,
846 5144 918 5198 ab
953 5145 1316 5205 immodestis
1346 5161 1573 5207 arcetur
1600 5153 2025 5214 saltationibus.

389 5223 513 5281 Non
546 5236 634 5283 est
671 5247 703 5285 a
752 5233 911 5287 vobis
952 5236 1227 5292 oblivioni
1264 5242 1596 5297 mandanda
1640 5243 2023 5315 hospitalitas.

394 5317 644 5387 Ilospitio
676 5334 868 5379 autem
914 5328 1285 5400 excipientes,
1329 5334 1504 5404 pedes
1554 5350 1788 5405 quoque
1835 5337 2027 5393 humi-

386 5405 774 5499 literglavate:
821 5417 926 5471 hoc
965 5426 1053 5473 est
1092 5422 1247 5477 enim
1288 5423 1499 5479 Christi
1543 5439 1926 5499 praeceptum:
1969 5434 2027 5485 et

389 5497 541 5565 quod
578 5498 699 5569 ipse
735 5507 957 5574 primus
991 5512 1142 5578 fecit,
1178 5530 1281 5568 nos
1304 5514 1488 5584 jussit
1520 5516 1706 5572 facere
1729 5497 2022 5578 similiter.

385 5586 496 5644 Per
525 5590 582 5645 id
615 5592 771 5651 enim
802 5613 915 5655 non
949 5602 1140 5659 solum
1190 5603 1415 5676 geritur
1444 5620 1585 5662 cura
1621 5607 1891 5678 proximi,
1922 5605 2025 5665 sed

386 5682 577 5750 potest
605 5682 780 5743 etiam
813 5689 1000 5747 curari
1032 5692 1225 5764 gravis
1272 5694 1479 5751 anime
1518 5695 1771 5765 morbus,
1815 5713 2023 5771 nempe

2142 4710 2360 4765 σεαυτὸν
2384 4705 2550 4782 ἔχων,
2585 4707 2660 4779 μὴ
2693 4702 2968 4765 διαλίποις
3002 4702 3119 4757 ὅσαι
3151 4698 3353 4774 ἡμέραι
3382 4700 3581 4775 κρίνων
3608 4721 3665 4757 τε
3695 4701 3784 4757 καὶ

2140 4797 2465 4873 ἀνακρίνων,
2519 4797 2609 4851 καὶ
2669 4794 2745 4857 ὡς
2801 4791 2991 4869 ἄριστα
3040 4787 3422 4865 διορθύμενος.
3483 4789 3787 4865 Πρόχειρον

2141 4886 2222 4950 εἰς
2250 4881 2405 4962 ὕϐριν
2435 4885 2663 4958 γαστὴρ,
2693 4881 2783 4938 καὶ
2812 4882 2902 4937 τὸν
2935 4880 3264 4956 θεραπευτὴν
3294 4876 3500 4933 ἀθλίων
3551 4875 3788 4952 ἀμειϐο-

2143 4974 2299 5050 μένη·
2368 4975 2557 5037 πόνοις
2607 4970 2664 5027 δὲ
2719 4973 3024 5045 κάμπτεται
3101 4969 3191 5024 καὶ
3239 4966 3459 5039 νηστείᾳ
3544 4963 3785 5041 δαμάζε-

2135 5086 2243 5138 ται,
2303 5064 2393 5123 καὶ
2438 5064 2509 5126 ὡς
2560 5062 2755 5138 θρασὺς
2801 5058 2999 5130 ἵππος,
3065 5062 3173 5117 τῶν
3243 5056 3490 5113 ἀτάκτων
3547 5054 3782 5133 εἴργεται

2139 5155 2552 5231 ακιρτημάτων.
2603 5156 2721 5223 Τῆς
2779 5149 3084 5228 φιλοξενίας
3134 5148 3261 5222 ὑμῖν
3291 5146 3395 5202 οὐκ
3432 5144 3780 5218 έπιληστίονο

2135 5247 2428 5315 ξενίζοντες
2463 5243 2540 5315 δὲ,
2588 5243 2675 5298 καὶ
2727 5240 2852 5304 τοὺς
2898 5237 3069 5301 πόδας
3131 5238 3507 5311 μετριοπαθῶς
3545 5235 3780 5295 νίπτετε.

2133 5340 2294 5392 τοῦτο
2348 5336 2452 5412 γὰρ
2497 5332 2694 5401 ἐντολή
2750 5332 3010 5401 Χριστοῦ,
3059 5327 3151 5383 καὶ
3199 5329 3421 5403 πρῶτος
3459 5324 3621 5388 αὐτός
3654 5323 3781 5401 Spei.

2136 5446 2252 5492 σας,
2301 5428 2436 5498 ἡμῖν
2487 5419 2707 5501 ἔχεσθαι
2736 5424 2833 5477 τοῦ
2865 5418 3066 5491 ὁμοίου
3105 5412 3566 5492 παρεκελεύσατο.
3599 5416 3777 5474 Ἔστι.

2134 5516 2237 5595 γὰρ
2279 5515 2339 5570 οὐ
2398 5511 2776 5590 θεραπευτικὸν
2827 5513 2928 5565 τοῦ
2978 5507 3216 5580 πλησίον
3262 5504 3445 5595 μόνον,
3484 5502 3633 5595 ἀλλὰ
3687 5506 3779 5562 καὶ

2131 5592 2195 5663 τὸ
2244 5604 2488 5682 χαλεπὸν
2549 5601 2765 5677 νόσημα
2811 5606 2912 5671 τῆς
2961 5600 3149 5677 ψυχῆς
3193 5596 3294 5666 τήν
3337 5592 3542 5667 οἴησιν,
3573 5594 3648 5659 ὡς
3677 5596 3780 5655 οὐκ

2132 5693 2271 5752 ἄλλο
2302 5715 2353 5750 τι
2401 5691 2708 5777 θεραπεύειν
2745 5688 3054 5766 δυνάμενον.
3090 5682 3281 5745 Πολλᾶ
3331 5686 3435 5777 μὶν,
3484 5684 3573 5742 καὶ
3632 5684 3777 5743 ἄλλα
