4144 6184
353 284 469 342 917

1636 284 1818 345 νιτΑ
1869 286 1932 346 S.
1982 283 2480 347 CHARITONIS.

3646 272 3762 347 918

350 443 448 495 τοῦ
508 438 681 515 ῥύπου
740 444 845 507 τῆς
901 439 1167 515 ἁμαρτίας
1224 440 1507 515 καθάρσια,
1549 442 1576 496 ὁ
1611 444 1858 513 Ποιητής
1908 442 2000 496 καὶ

2116 442 2298 501 nimia
2317 444 2388 501 de
2417 459 2479 500 se
2510 444 2830 517 persuasio.
2859 448 3046 518 Atque
3069 445 3286 502 multas
3318 447 3555 519 quidem
3581 447 3756 503 etiam

354 531 554 604 Σωτὴρ
598 533 709 586 τῶν
763 530 1047 605 ἡμετέρων
1090 529 1266 605 ἐξεῦρε
1321 533 1539 605 ψυχῶν,
1587 531 1726 600 οἷον,
1777 527 2000 604 δάκρυα,

351 617 719 693 στενάγματα,
776 614 1067 694 συντριῦἠν
1131 617 1377 692 καρδίας,
1443 618 1713 687 νηστείαν,
1777 638 2001 695 προσευ,

354 708 485 786 χὴν,
519 706 848 782 χαμευνίαν,
880 706 971 762 καὶ
1003 704 1057 763 εἷ’
1078 728 1133 762 τι
1177 705 1319 763 ἄλλο
1370 706 1655 782 φάρμακον
1695 715 1795 777 τῆς
1836 709 2004 786 φιλα-

352 795 495 857 νείας
546 793 811 852 δέδεικται
864 797 1167 870 μετανοίας.
1226 795 1386 852 Ἀλλ’
1453 795 1684 852 ἐπίπονα
1750 798 1839 852 καὶ
1906 818 2005 852 κα·-

361 886 577 959 ματηρά
626 889 818 953 ταῦτα,
863 883 959 940 κάν
1002 884 1220 955 πολλὴν
1262 886 1547 960 παρέχωσι
1577 887 1678 954 τὴν
1712 884 2001 963 ὠφέλειαν.

356 978 452 1032 Ἔν
502 971 559 1029 δὲ
607 972 728 1030 οἶδα
776 976 911 1030 πάνυ
964 976 1059 1049 μὲν
1107 974 1327 1046 ἄπονον,
1378 976 1515 1030 πάνυ
1566 974 1622 1030 δὲ
1651 981 1883 1049 καθᾶραι
1908 976 2001 1048 ῥύ-

357 1084 455 1119 πον
494 1067 677 1140 ψυχῆς
731 1063 1113 1140 ἰσχυρότατον.
1162 1066 1230 1121 Τί
1276 1063 1437 1120 τοῦτό
1487 1063 1595 1119 ἐστι
1624 1084 1638 1134 ;
1670 1066 1746 1121 Τὸ
1794 1064 2002 1141 ἀφιέναι

356 1160 473 1217 τοῖς
524 1156 780 1211 πταίσασι
827 1157 890 1211 τὸ
954 1156 1278 1230 ἁμάρτημα.
1328 1156 1501 1230 Ὅπερ
1533 1155 1595 1210 ού
1643 1159 1720 1227 τῷ
1760 1159 1877 1227 Θεῷ
1911 1155 2007 1228 μό-

354 1264 447 1299 νον
514 1244 674 1322 φίλον
730 1243 864 1315 ἐστὶ,
897 1246 988 1299 καὶ
1048 1244 1203 1301 λύσιν
1259 1245 1349 1299 ἀπ’
1401 1242 1607 1300 ἑκείνου
1664 1250 1770 1300 τῶν
1804 1245 2003 1315 ἡμετέο

353 1354 464 1409 ρων
511 1330 793 1410 πρεσϐεύει
838 1339 1038 1404 κακῶν,
1091 1332 1237 1389 ἀλλὰ
1286 1335 1373 1389 καὶ
1414 1334 1687 1409 τιμωρίας
1727 1332 2005 1395 πολλάκις

354 1422 717 1504 σφοδρότερον
770 1424 993 1480 ἅπτεται
1043 1427 1139 1479 τοῦ
1189 1424 1603 1496 ἡμαρτηκότος,
1643 1423 1733 1477 καὶ
1806 1420 2007 1477 δοῦλον

352 1512 469 1569 ἀντ’
521 1510 808 1587 ἀλευθέρου
866 1518 946 1584 τῷ
1005 1512 1361 1588 συνεγνωκότι
1423 1518 1573 1567 ποιεῖ
1722 1508 1874 1566 δοκεῖ
1914 1510 2005 1565 καὶ

352 1604 471 1663 τοῖς
528 1601 776 1677 θύραθεν,
838 1603 1176 1679 Συγγνώμη,
1226 1601 1468 1678 λέγουσι,
1518 1600 1788 1675 τιμωρίας
1834 1601 2007 1675 κρείτ-

354 1711 482 1749 των.

424 1875 526 1931 IE’.
560 1876 745 1933 Ταῦτα
783 1874 872 1930 καὶ
919 1873 1105 1932 πολλᾶ
1135 1875 1279 1932 ἄλλα
1320 1880 1545 1933 τοιαῦτα
1573 1882 1690 1940 τοῖς
1716 1882 2002 1956 φοιτηταῖς

354 1962 611 2040 εἰρηκὼς,
677 1961 1036 2039 ἱπευξάμενός
1092 1985 1149 2020 τε
1205 1967 1390 2042 ψυχῆς
1447 1968 1742 2042 σωτηρίαν,
1790 1966 1880 2022 καὶ
1920 1965 2001 2022 εὖ·

355 2050 595 2127 λογήσας
655 2054 876 2123 αὐτοὺς,
933 2051 1194 2129 οὐδεμίαν
1252 2055 1412 2111 νόσου
1472 2052 1655 2111 λαϐὼν
1725 2054 1998 2127 αἴσθησιν,

355 2140 484 2198 οὐδὲ
535 2141 784 2219 ἀλγήσας
832 2166 883 2200 τι
932 2148 1041 2200 τῶν
1086 2146 1293 2217 μορίων
1338 2149 1436 2201 τοῦ
1484 2146 1760 2219 σώματος,
1802 2146 2000 2201 ἀναπε-

356 2232 463 2286 σὼν
503 2228 556 2286 ἔν
607 2252 715 2288 τινι
754 2236 864 2288 τῶν
912 2231 1230 2307 σκιμπόδων
1279 2234 1446 2305 ἀνῆκε
1498 2236 1591 2308 μὲν
1634 2236 1761 2300 τοὺς
1802 2232 1994 2307 πόδας,

351 2322 527 2400 ἀφῆκε
575 2318 633 2376 δὲ
686 2322 786 2391 τήν
841 2321 1103 2398 μακαρίαν
1153 2324 1365 2399 ψυχὴν,
1413 2324 1670 2399 χαίρουσι
1701 2325 1997 2400 χαίρουσαν

346 2409 466 2473 τοίς
522 2408 748 2488 ἀγαθοῖς
817 2410 985 2482 αύτὴν
1042 2410 1317 2487 παραδοὺς
1374 2412 1653 2489 ἀγγέλοις,
1716 2414 1874 2490 χερσί
1938 2434 1995 2470 τε

351 2497 555 2576 ἁγίαις,
614 2499 796 2576 ὥσπερ
854 2500 996 2563 εἰκὸς
1054 2502 1144 2572 ἦν,
1202 2506 1282 2574 τῷ
1329 2504 1485 2577 τάφῳ
1558 2502 1995 2577 παραπεμφθεὶς,

350 2587 426 2649 εἷς
482 2589 583 2659 τήν
668 2588 905 2662 ἄληκτον
982 2585 1287 2663 μεταϐαίνει
1362 2593 1531 2662 ζωὴν,
1611 2590 1735 2657 ἔνθα
1794 2591 1999 2668 ἀπέδρα

351 2674 537 2749 ὀδύνη,
595 2678 744 2750 λύπη
798 2680 885 2735 καὶ
948 2680 1247 2755 στεναγμός
1280 2699 1294 2717 θ
1362 2680 1485 2737 ἔνθα
1525 2683 1817 2757 πρόσωπον
1861 2683 1996 2757 πρὸς

349 2767 667 2841 πρόσωπον,
713 2773 832 2831 τοῖς
880 2770 1137 2845 καθαροῖς
1190 2772 1289 2841 τὴν
1340 2769 1585 2845 καρδίαν,
1626 2774 1659 2841 ἡ
1710 2779 1811 2842 τῆς
1856 2772 2000 2835 θείας

348 2852 581 2932 Τριάδος
637 2856 901 2935 ἰμφάνεια
975 2858 1196 2933 γίνεται·
1275 2857 1399 2925 ἔνθα
1481 2859 1823 2935 παράκλησις
1906 2862 1997 2917 καὶ

352 2948 633 3017 ἂνάπυσις,
683 2953 801 3009 τοῖς
852 2951 932 3022 τῷ
987 2946 1144 3022 καλῷ
1210 2948 1645 3027 προσιδρώσασιν
1690 2950 1998 3025 ἀμπελῶνι,

350 3036 440 3093 καὶ
489 3038 589 3107 τὴν
647 3035 901 3093 ἰπίπονὸν
948 3038 1038 3093 καὶ
1107 3045 1368 3118 τραχεῖαν
1423 3043 1526 3107 τῆς
1590 3040 1785 3117 ἀρετῆς
1852 3039 2003 3097 ὁδεύ-

353 3145 495 3182 σασι.
543 3124 696 3197 Πλὴν
742 3124 890 3182 ἀλλὰ
927 3130 1178 3183 τοιοῦτον
1231 3131 1325 3202 μὶν
1369 3126 1497 3205 ἔσχε
1526 3130 1778 3205 Χαρίτων
1808 3131 1870 3186 τὸ
1898 3134 2003 3201 τῆς

355 3219 502 3285 ζωῆς
556 3212 738 3285 τέλος,
789 3214 887 3270 οὐκ
935 3212 1142 3280 ἄδηλον
1190 3213 1267 3286 δὲ,
1313 3215 1441 3274 οὐδὲ
1480 3219 1586 3293 πρὸ
1638 3222 1735 3274 τοῦ
1773 3220 1998 3275 θανάτου

355 3301 522 3377 μηδὲν
555 3303 678 3380 περὶ
720 3304 918 3361 τούτου
964 3304 1233 3381 προγνούς
1276 3326 1335 3362 τε
1362 3305 1451 3363 καί
1498 3309 1995 3386 προφθεγξάμενος,

350 3392 531 3468 ὥσπερ
588 3392 697 3465 ἤδη
767 3395 855 3449 καὶ
917 3395 1213 3469 φθάσαντες
1272 3394 1661 3472 ἔγνωρίσαμενο
1713 3398 1858 3455 ἂλλὰ
1906 3400 1995 3455 καὶ

347 3482 473 3565 περὶ
520 3480 706 3551 αὐτοῦ,
755 3483 846 3538 καὶ
894 3488 992 3539 τοῦ
1064 3482 1371 3558 μέλλοντος
1419 3484 1758 3562 ἔκταράττειν
1825 3488 1994 3545 σάλου

347 3572 445 3633 τὰς
475 3570 767 3641 ἐκκλησίας
797 3572 1139 3647 προμυηθεῖς
1171 3570 1552 3649 ἀκριϐέστατα,

420 3660 509 3721 Ις’.
544 3661 681 3717 Ὅσα
726 3660 925 3729 τοίνυν,
975 3662 1272 3737 ἀγαπητοὶ,
1325 3668 1432 3719 τῶν
1484 3663 1689 3721 ἰκείνου
1754 3668 1996 3743 πράξεων

345 3746 438 3802 καὶ
498 3748 811 3822 θαυμάτων,
869 3752 1069 3826 χρόνον
1126 3772 1182 3808 τε
1234 3754 1322 3808 καὶ
1378 3751 1553 3825 λήθην
1612 3753 1855 3827 ἠδυνήθη
1908 3754 1997 3812 δια

345 3842 560 3917 φυγεῖν,
609 3842 775 3894 ταῦτα
832 3839 1158 3917 φιλοκάλοις
1220 3843 1373 3913 ὑμῶν
1438 3842 1630 3907 ἀκοαῖς
1688 3842 1999 3919 παραδεδώ-

342 3947 533 4001 καμεν.
590 3925 729 3985 Οὐδὲ
789 3927 893 4005 γάρ
951 3929 1142 4007 ὀλίγον
1191 3930 1253 3986 τὸ
1310 3933 1504 4005 μεταξὺ
1561 3939 1660 4003 τῆς
1725 3932 1998 4008 Αύρηλια-

342 4016 439 4075 νοῦ
500 4018 784 4097 βασιλείας
840 4020 931 4076 καὶ
992 4021 1157 4098 μέχρι
1201 4023 1445 4099 τήμερον
1500 4030 1597 4080 τοῦ
1627 4025 1828 4102 χρόνου
1888 4026 2000 4081 διά-

344 4130 547 4183 στημα.
618 4111 768 4168 Ἐπεὶ
826 4110 915 4166 καὶ
976 4118 1101 4187 παρ’
1178 4111 1394 4197 οὐδενὸς
1470 4114 1622 4172 οὐδὲν
1711 4115 1998 4197 ἐγγράφως

342 4198 702 4276 καταλειφθὲν
761 4201 927 4275 ἡμεῖς
982 4196 1391 4277 παρελάϐομεν,
1449 4202 1509 4259 ἐκ
1564 4209 1663 4261 τοῦ
1727 4205 1999 4277 σπανίζειν

338 4288 434 4343 τὸτ
475 4289 602 4344 τότε
646 4291 874 4364 χρόνον,
907 4288 968 4344 ού
1025 4296 1286 4368 μοναχῶν
1341 4292 1530 4367 μόνον,
1562 4293 1706 4351 ἀλλὰ
1745 4297 1832 4350 καὶ
1872 4297 1998 4371 Χρι-

343 4380 573 4432 στιανῶν
648 4377 843 4441 ἁπλῶς
911 4380 999 4435 καὶ
1073 4378 1153 4453 τῷ
1217 4382 1357 4460 φωτὶ
1428 4384 1840 4457 σημειωθέντων
1897 4392 1999 4455 τῆς

342 4463 710 4538 ἐπιγνώσεως,
766 4468 903 4530 πρὸς
968 4464 1025 4523 δὲ
1081 4468 1171 4523 καὶ
1222 4470 1399 4525 αὐτῶν
1446 4475 1553 4526 τῶν
1581 4468 1750 4527 ὄντων
1778 4470 2002 4528 κλονου-

346 4552 519 4625 μὲνων
570 4556 911 4627 καθεκάστην
966 4562 1085 4620 τοῖς
1146 4556 1434 4635 διωγμοῖς.
1487 4562 1697 4618 Ἐκεῖνα
1745 4559 1802 4617 δὲ
1850 4561 2001 4639 εἰσιν,

345 4644 417 4699 ὧν
493 4646 661 4719 ἡμεῖς
730 4644 956 4704 ἐνταῦθα
1025 4651 1126 4720 τήν
1219 4652 1447 4725 μνήμην
1517 4651 1909 4728 ἐποιησάμεθα,
1969 4653 2002 4708 ἅ

344 4730 853 4818 θεοφιλεῖςᾼᾶνδρες
888 4736 975 4792 καὶ
1008 4737 1360 4815 φιλαλήθεις,
1411 4746 1539 4805 παῖς
1599 4742 1743 4817 παρᾶ
1796 4741 1999 4818 πατρός

345 4816 819 4899 παραλαμϐάνων,
865 4831 1261 4902 σωματικοῦτε,
1303 4828 1471 4906 φημὶ,
1512 4830 1600 4885 καὶ
1636 4816 1999 4906 πνευματικοῦ

349 4910 515 4988 μέχρι
576 4912 660 4968 καί
723 4915 884 4987 ἡμῶν
973 4912 1319 4973 διεσώσαντο*
1408 4918 1485 4983 είς
1557 4916 1710 4993 δόξαν
1793 4921 1999 4997 Πατρὸς

342 5000 432 5054 καί
464 4998 593 5055 Υίοῦ
622 5003 711 5056 καὶ
744 5002 906 5079 ἁγίου
946 5004 1282 5080 Πνεύματος,
1333 5013 1434 5078 τῆς
1485 5015 1614 5082 μιᾶς
1648 5010 1738 5066 καὶ
1792 5013 2005 5085 ὁμοθυ-

342 5088 463 5142 σίου
515 5087 810 5162 Θεότητος,
875 5093 913 5163 ᾖ
967 5094 1163 5168 πρέπει
1214 5100 1360 5152 πᾶσα
1427 5094 1577 5171 δόξα,
1623 5100 1762 5173 τιμή
1818 5119 1877 5155 τε
1910 5100 2001 5156 καί
2056 5108 2073 5172 λ

338 5177 697 5252 προσκίνησις
740 5184 831 5235 νῦν
881 5182 972 5237 καὶ
1024 5180 1106 5238 ἀεὶ
1154 5184 1244 5239 καὶ
1296 5185 1372 5249 εἷς
1420 5186 1549 5251 τοὺς
1604 5186 2001 5263 ἀτελευτήτους

340 5267 546 5332 κίῶνας
578 5272 687 5325 τῶν
722 5268 961 5328 αἰώνων.
995 5270 1200 5349 ’Δμήν.

2113 533 2259 589 alias
2291 534 2504 604 peccati
2539 535 2788 590 sordium
2821 534 3181 606 expiationes
3212 536 3431 593 invenit
3453 537 3687 593 Creator
3709 538 3766 592 et

2111 622 2369 679 Salvator
2418 627 2751 679 nostrarum
2783 624 3136 691 animarum,
3190 628 3388 695 utpote
3447 626 3756 697 lacrymas,

2113 713 2388 785 gemitus,
2422 713 2610 769 cordis
2659 714 3087 782 contritionem,
3113 714 3431 784 jejunium,
3481 716 3757 784 precatio-

2118 816 2275 869 nem,
2308 799 2474 856 humi
2507 800 2898 869 cubationem,
2930 805 2989 856 et
3009 802 3057 857 si
3091 803 3242 873 quod
3276 805 3365 857 est
3404 802 3557 856 aliud
3591 802 3764 855 medi-

2115 894 2443 946 camentum
2486 890 2751 962 benigna:
2785 891 3157 962 paenitentiae.
3183 891 3293 946 Sed
3325 890 3588 946 difﬁcilia
3625 898 3762 946 sunt

2114 977 2237 1034 haec
2268 988 2319 1034 et
2352 978 2666 1047 laboriosa,
2697 980 2926 1037 etiamsi
2950 979 3202 1036 multam
3234 979 3527 1051 praebeant
3558 977 3766 1035 utilita-

2112 1071 2253 1123 tem.
2279 1066 2471 1124 Unum
2498 1074 2694 1124 autem
2726 1069 3048 1139 novi,quod
3073 1073 3163 1124 est
3182 1067 3505 1124 admodum
3530 1066 3764 1139 quidem

2115 1171 2319 1228 expers
2351 1155 2587 1224 laboris,
2614 1158 2684 1213 ad
2718 1158 3053 1230 purgandae
3085 1162 3275 1214 autem
3324 1157 3532 1212 animae
3565 1156 3766 1212 sordes

2114 1254 2200 1302 est
2219 1245 2665 1303 validissimum.
2702 1246 2850 1310 Quid
2890 1247 2994 1303 hoc
3018 1251 3105 1303 est
3124 1245 3151 1301 ἲ
3168 1247 3242 1302 Iis
3265 1248 3367 1318 qui
3391 1244 3763 1317 delinquunt,

2115 1339 2353 1407 peccata
2374 1335 2689 1392 dimittere.
2713 1336 2874 1400 Quod
2910 1336 3143 1408 quidem
3178 1353 3291 1392 non
3312 1340 3399 1392 est
3428 1335 3615 1391 solum
3648 1334 3763 1390 Deo

2114 1432 2365 1497 gratum,
2389 1432 2447 1481 et
2476 1436 2811 1482 nostrorum
2844 1426 3131 1481 malorum
3166 1426 3239 1481 ab
3268 1442 3334 1481 eo
3364 1434 3560 1481 exorat
3590 1424 3760 1480 solu-

2114 1520 2357 1585 tionem,
2388 1520 2488 1574 sed
2531 1521 2701 1574 etiam
2736 1518 3022 1591 supplicio
3065 1534 3217 1586 sape
3246 1518 3648 1573 vehementius
3678 1522 3761 1573 at-

2116 1606 2287 1679 tingit
2318 1622 2471 1673 eum,
2497 1606 2593 1677 qui
2619 1605 2893 1678 peccavit,
2929 1610 2984 1661 et
3010 1621 3110 1675 pro
3142 1604 3323 1659 libero
3356 1605 3492 1659 facit
3522 1620 3757 1659 servum

2115 1695 2188 1763 ei,
2222 1694 2322 1767 qui
2380 1695 2596 1765 ignovit
2626 1711 2640 1750 :
2676 1696 2963 1768 quomodo
3010 1694 3186 1750 etiam
3231 1694 3473 1760 videtur,
3508 1693 3761 1750 externis

2037 1816 2093 1883 Β
2117 1785 2446 1841 dicentibus
2481 1802 2494 1841 :
2531 1785 2629 1841 Est
2656 1785 2821 1841 venia
2850 1782 3133 1856 supplicio
3166 1784 3474 1854 potentior.

2186 1873 2311 1930 XV.
2344 1874 2487 1930 Cum
2532 1874 2650 1929 haec
2694 1881 2746 1928 et
2792 1872 2978 1928 multa
3006 1870 3123 1926 alia
3170 1870 3459 1946 ejusmodi
3518 1869 3761 1925 dixisset
3804 1858 3805 1861 “

2117 1963 2446 2037 discipulis,
2477 1970 2531 2019 et
2569 1970 2835 2033 precatus
2865 1964 3016 2017 esset
3053 1958 3304 2016 salutem
3329 1958 3557 2025 anime,
3591 1963 3647 2014 et
3674 1958 3759 2014 eis

2117 2053 2527 2121 benedixisset,
2567 2052 2795 2107 nullum
2828 2056 3021 2106 autem
3049 2049 3369 2120 accepisset
3399 2047 3587 2103 morbi
3619 2063 3759 2103 sen-

2116 2163 2269 2215 sum,
2292 2161 2483 2219 ueque
2507 2144 2759 2217 partium
2792 2142 3051 2214 corporis
3083 2139 3268 2197 ullum
3300 2139 3757 2196 seusissetdolo-

2116 2253 2260 2307 rem,
2287 2236 2347 2292 in
2380 2237 2625 2307 quodam
2678 2233 2824 2290 lecto
2854 2231 3227 2295 accumbens,
3254 2228 3482 2286 remisit
3518 2228 3753 2299 quidem

2114 2327 2314 2399 pedes,
2346 2325 2545 2381 emisit
2593 2330 2789 2381 autem
2824 2322 3049 2379 beatam
3080 2334 3310 2393 quoque
3349 2318 3631 2382 animam,
3665 2316 3759 2373 las-

2113 2415 2370 2470 tantibus
2398 2413 2589 2469 laetam
2620 2429 2747 2469 eam
2796 2412 3033 2467 tradens
3063 2408 3289 2482 angelis
3318 2424 3335 2478 ;
3367 2406 3756 2478 manibusque

2114 2505 2354 2571 sanctis,
2390 2509 2452 2559 ut
2500 2519 2601 2574 par
2648 2507 2789 2568 erat,
2827 2501 3140 2555 mandatus
3169 2495 3505 2569 sepulturae,
3545 2494 3755 2551 transit

2112 2594 2182 2649 ad
2214 2594 2415 2659 vitam,
2448 2608 2575 2665 quae
2601 2606 2902 2661 nunquam
2927 2587 3159 2643 desinit.
3186 2586 3307 2650 Quo
3339 2586 3399 2640 in
3432 2586 3555 2640 loco
3587 2586 3751 2639 aufu-

2110 2680 2197 2754 git
2225 2679 2410 2747 dolor,
2445 2678 2706 2735 molestia
2737 2684 2793 2733 et
2820 2677 3096 2746 gemitus.
3119 2673 3240 2739 Quo
3266 2673 3326 2729 iu
3359 2672 3484 2727 loco
3508 2671 3651 2727 facie
3681 2671 3751 2725 ad

2112 2769 2315 2826 faciem
2346 2768 2442 2833 iis,
2475 2767 2575 2840 qui
2616 2771 2757 2824 sunt
2800 2766 3016 2821 mundo
3054 2765 3243 2830 corde,
3273 2762 3532 2818 cernitur
3563 2760 3756 2816 divina

2110 2858 2385 2914 Trinitas.
2409 2858 2531 2924 Quo
2553 2856 2614 2913 in
2644 2856 2770 2912 loco
2801 2859 2889 2911 est
2916 2853 3120 2910 laetitia
3139 2856 3196 2907 et
3211 2850 3521 2907 exsultatio
3551 2848 3752 2904 inetia-

2108 2947 2268 3003 bilis.
2300 2948 2422 3012 Quo
2454 2948 2511 3003 in
2553 2946 2679 3003 loco
2710 2950 2797 3003 est
2827 2942 3143 3001 consolatio
3173 2947 3231 2998 et
3261 2939 3492 3012 requies
3523 2937 3617 3009 iis,
3652 2936 3755 3009 qui

2108 3036 2168 3093 in
2218 3034 2459 3108 pulchra
2504 3036 2861 3092 sudaverunt
2901 3032 3084 3099 vinea,
3109 3036 3165 3088 et
3194 3028 3441 3105 ingressi
3483 3031 3625 3084 sunt
3678 3026 3757 3082 la-

2110 3126 2404 3183 boriosum
2436 3134 2489 3182 et
2525 3141 2797 3199 asperum
2849 3124 2957 3180 iter
2981 3121 3231 3178 virtutis.
3262 3120 3374 3175 Sed
3417 3117 3588 3173 talem
3620 3116 3751 3189 qui-

2032 3192 2082 3260 C
2109 3218 2243 3274 dem
2291 3216 2497 3275 habuit
2542 3192 2673 3273 vitae
2717 3217 2929 3272 exitum
2990 3213 3284 3281 Cbaritou,
3317 3228 3433 3266 non
3484 3211 3584 3282 qui
3623 3216 3756 3263 ante

2112 3312 2355 3364 mortem
2401 3307 2548 3362 nihil
2596 3305 3005 3378 praescivisset,
3035 3308 3136 3358 aut
3184 3300 3573 3380 prmdixisset,
3606 3298 3758 3353 sicut

2110 3398 2270 3469 prius
2326 3396 2583 3452 diximus
2618 3412 2631 3450 :
2666 3398 2766 3451 sed
2808 3395 2878 3450 de
2911 3410 3004 3460 ea,
3035 3401 3088 3448 et
3127 3393 3196 3447 de
3227 3393 3595 3461 tempestate,
3627 3402 3754 3458 qum

2111 3490 2235 3543 erat
2262 3490 2540 3543 vexatura
2559 3484 2873 3553 Ecclesiae,
2888 3481 3325 3540 accuratissime
3342 3478 3753 3552 significasset.

2180 3670 2325 3729 XVI.
2360 3670 2733 3737 Quaecunque
2780 3678 2937 3736 ergo,
2971 3678 3003 3718 ο
3043 3660 3263 3730 dilecti,
3294 3676 3363 3716 ex
3394 3658 3555 3715 illius
3587 3657 3756 3715 factis

2111 3766 2167 3821 et
2197 3758 2517 3826 miraculis,
2550 3760 2782 3827 tempus
2814 3758 2870 3808 et
2899 3752 3249 3808 oblivionem
3286 3752 3603 3822 potuerunt
3623 3748 3759 3804 effu-

2111 3868 2267 3924 gere,
2298 3866 2367 3905 ea
2397 3845 2675 3903 studiosis
2720 3842 2931 3900 vestris
2962 3840 3205 3897 auribus
3237 3837 3604 3895 tradidimus.
3637 3836 3756 3893 Ne-

2112 3957 2224 4015 que
2283 3939 2440 3997 enim
2481 3933 2847 3991 intervallum
2906 3932 3199 3988 modicum
3241 3930 3395 3985 inter
3452 3926 3753 3983 Aureliani

2112 4032 2421 4104 imperium
2468 4032 2525 4085 et
2574 4027 2679 4083 hoc
2713 4034 2944 4098 tempus
2994 4022 3317 4079 intercedit.
3358 4020 3476 4076 Nos
3515 4018 3669 4074 enim
3718 4035 3753 4073 a

2114 4120 2275 4179 nullo
2309 4117 2539 4191 scriptis
2585 4116 2901 4188 quidquam
2935 4113 3278 4169 mandatum
3318 4107 3653 4179 accepimus
3684 4120 3753 4161 ex

2116 4212 2241 4277 boc,
2276 4209 2428 4281 quod
2463 4224 2528 4263 eo
2561 4212 2821 4281 tempore
2844 4208 3041 4259 essent
3071 4200 3236 4273 pauci
3264 4217 3378 4255 nou
3403 4198 3587 4254 solum
3624 4212 3753 4251 mo-

2114 4299 2305 4363 uachi,
2339 4302 2435 4353 sed
2487 4296 2660 4351 etiam
2694 4294 2930 4349 omnino
2979 4291 3307 4351 Christiani,
3340 4295 3397 4343 et
3426 4289 3525 4360 qui
3557 4293 3753 4343 essent

2114 4390 2330 4463 signati
2371 4388 2499 4441 luce
2524 4384 2875 4456 cognitionis
2901 4399 2914 4437 :
2940 4382 2978 4435 ii
3026 4390 3241 4444 autem,
3266 4379 3365 4450 qui
3415 4382 3597 4442 erant,
3632 4375 3751 4447 agi-

2113 4480 2385 4536 tabantur
2445 4474 2801 4548 quotidianis
2857 4470 3381 4543 persecutionibus.
3417 4466 3525 4525 Illa
3554 4475 3748 4522 autem

2032 4565 2091 4633 D
2114 4572 2273 4639 sunt,
2313 4582 2562 4639 quorum
2592 4564 2689 4621 hic
2721 4564 2966 4620 fecimus
2998 4560 3519 4631 mentionem,quaa
3542 4554 3649 4612 viri
3672 4554 3751 4625 pii

2110 4666 2164 4717 et
2193 4657 2452 4715 veritatis
2482 4658 2796 4720 amatores,
2830 4652 2988 4709 filius
3019 4668 3052 4707 a
3082 4659 3244 4724 patre
3273 4648 3583 4721 accipiens,
3624 4660 3753 4701 cor-

2111 4746 2321 4822 porali,
2354 4746 2616 4818 inquam,
2638 4748 2695 4800 et
2723 4741 2989 4815 spiritali,
3014 4742 3431 4798 conservarunt
3450 4738 3517 4794 ad
3552 4742 3752 4795 nostra

2112 4852 2303 4910 usque
2333 4839 2599 4908 tempora
2631 4848 2643 4888 :
2681 4833 2751 4889 ad
2785 4831 3028 4903 gloriam
3060 4830 3270 4899 Patris,
3298 4831 3356 4886 et
3382 4827 3519 4885 Filii
3542 4830 3599 4884 et
3629 4827 3751 4901 Spi-

2111 4928 2260 4985 ritus
2288 4924 2493 4993 sancti,
2518 4923 2695 4979 unius
2724 4925 2783 4978 et
2810 4922 3070 4992 ejusdem
3090 4920 3357 4976 essentiaa
3378 4917 3747 4976 Divinitatis:

2112 5032 2285 5089 quam
2311 5016 2473 5071 decet
2500 5012 2693 5069 omnis
2724 5008 2929 5083 gloria,
2961 5008 3167 5078 honor,
3192 5012 3249 5065 et
3277 5008 3540 5066 adoratio
3571 5023 3749 5079 nunc,

2110 5112 2165 5165 et
2194 5105 2252 5163 in
2285 5101 2495 5162 saecula
2524 5099 2891 5159 saeculorum.
2924 5100 3128 5154 Amen.
3552 5096 3553 5099 “
