4144 6184
406 270 520 328 919

1711 266 1990 329 MENSIS
2039 265 2524 332 SEPTEMBER.

3699 279 3826 339 920

1419 582 1703 681 ΒΙοΣ
1785 582 2000 678 ΚΑΙ
2083 563 2778 681 ΠΟΛΙΤΕΙΑ(¹)

1643 776 1774 831 ΤΟΥ
1813 775 2021 831 ΟΣΙΟΥ
2063 779 2326 831 ΠΑΤΡΟΣ
2371 777 2568 832 ΠΜΩΝ

741 925 1646 1059 ΚΥΡΙΑΚΟΥ
1745 925 2092 1055 ΤΟΥ
2189 924 3452 1062 ΑΝΑΧΩΡΗΤΟΥ.

1435 1336 1698 1425 VlTA
1759 1338 1900 1422 ET
1960 1334 2756 1425 CONVERSATIO

1672 1513 1932 1570 SANCTI
1973 1512 2229 1569 PATRIS
2270 1511 2541 1570 NOSTRI

888 1693 1693 1862 CYRIACI
1806 1692 3288 1866 ANACHORET/E.

395 1951 735 2015 (Septembris
763 1951 849 2003 die
877 1950 957 2000 29.
991 1975 1048 1988 —
1079 1953 1253 2001 Grace
1285 1955 1338 2000 et
1366 1951 1640 2024 Latine-in
1671 1947 2382 2024 Aac-lectis‘uontfauconii.
2407 1963 2478 2024 ex
2509 1949 2950 2024 interpretatione
2979 1951 3164 2004 domni
3200 1954 3419 2005 Antonii
3452 1956 3668 2020 Pouget,
3705 1970 3824 2006 mo-

1357 2014 1516 2062 nachi
1556 2011 1884 2062 Benedictini
1923 2010 2365 2075 Congregationis
2406 2011 2590 2062 Sancti
2630 2010 2841 2075 Mauri.)

465 2360 855 2416 Benedicente:
888 2364 959 2431 te,
991 2359 1176 2431 inquit
1203 2361 1357 2416 Deus
1387 2358 1650 2426 Abraba,
1676 2356 2032 2418 benedicam;
2063 2363 2123 2428 Α

393 2456 443 2505 et
475 2449 874 2505 maledicentes
906 2458 957 2505 te
985 2450 1324 2505 maledicam
1356 2467 1374 2504 :
1410 2465 1524 2504 non
1558 2463 1656 2503 eos
1697 2445 1907 2515 solum,
1943 2445 2039 2514 qui

395 2539 676 2594 virtutem
727 2543 1017 2608 exercent,
1065 2538 1198 2595 hinc
1248 2554 1675 2604 remunerans;
1709 2537 1807 2592 sed
1843 2536 1908 2590 ad
1943 2550 2039 2589 eos

396 2628 568 2683 etiam
613 2629 713 2700 qui
746 2629 903 2699 ipsos
936 2629 1196 2698 laudant,
1227 2629 1524 2699 trajiciens
1557 2625 2039 2682 benedictionem.

396 2718 540 2772 Hinc
575 2719 660 2782 fit,
709 2725 772 2773 ut
822 2723 1084 2790 oporteat
1131 2719 1285 2774 beati
1321 2719 1497 2789 hujus
1530 2717 1748 2790 Cyriaci
1793 2731 1893 2785 pro
1925 2715 2042 2768 vir-

395 2813 518 2861 tute
557 2809 873 2862 certamina
922 2814 977 2862 et
1034 2809 1300 2873 sudores,
1335 2825 1447 2862 non
1489 2807 1679 2861 solum
1740 2805 2040 2860 ferventis-

396 2895 539 2950 sime
570 2897 789 2961 audire,
824 2897 1097 2950 admirari
1133 2903 1188 2951 et
1220 2897 1455 2951 laudare
1491 2912 1505 2961 ;
1538 2910 1730 2949 verum
1763 2893 1935 2946 etiam
1971 2892 2039 2946 ad

395 3001 528 3038 eum
561 3001 660 3053 pro
693 2985 916 3038 viribus
946 2985 1290 3040 imitandum
1315 2985 1572 3049 excitari,
1606 2990 1661 3038 et
1691 2984 1760 3037 ad
1787 2983 2040 3037 similem

395 3071 584 3123 zelum
617 3070 842 3140 accingi
879 3085 893 3124 :
935 3076 998 3124 ut
1031 3087 1143 3125 non
1176 3072 1364 3126 solum
1401 3069 1859 3125 benedictionem
1903 3086 2042 3124 con-

399 3175 720 3230 sequamur
774 3165 1074 3230 propterea
1133 3163 1284 3230 quod
1343 3160 1800 3230 laudaverimus;
1839 3161 1938 3217 sed
1990 3169 2045 3216 et

400 3247 586 3302 simus
620 3263 752 3303 cum
802 3264 868 3304 eo
902 3265 1248 3306 coronarum
1297 3250 1635 3322 participes,
1668 3255 1727 3305 et
1774 3250 2039 3322 pramio-

405 3352 537 3392 rum
570 3352 733 3390 80011.

469 3517 650 3582 Quem
693 3517 829 3574 tulit
888 3520 1123 3590 quidem
1157 3536 1280 3592 qua
1329 3527 1416 3579 est
1456 3523 1512 3579 in
1568 3523 1807 3592 Gracia,
1841 3523 2039 3581 Corin-

399 3606 534 3661 thus
569 3622 582 3661 :
611 3608 953 3679 parentibus
986 3614 1178 3665 autem
1202 3626 1416 3667 nomen
1448 3619 1588 3681 erat,
1620 3613 1766 3684 patri
1801 3614 2037 3684 quidem

2220 2377 2247 2404 «
2276 2351 2417 2409 Τοῦτ
2487 2351 2851 2430 εὐλογοῦντάς
2905 2376 2981 2426 σε,
3015 2357 3149 2436 (pham?
3194 2358 3328 2432 πρὸς
3357 2357 3451 2413 τὸν
3490 2353 3740 2434 Ἀϐραάμ
3782 2359 3813 2416 ὃ

2151 2443 2302 2512 Θεὸς,
2365 2442 2676 2514 εὐλογήσω,
2726 2444 2814 2500 καὶ
2862 2446 2992 2508 τοὺς
3043 2447 3461 2521 καταρωμένους
3507 2451 3812 2524 καταράσο-

2156 2554 2272 2607 μαι·
2310 2556 2334 2586 ι
2371 2535 2431 2588 οὐ
2463 2533 2588 2596 τοὺς
2629 2534 2824 2608 ἀρετήν
2878 2536 3161 2609 μετιόντας
3197 2537 3362 2610 μόνον
3423 2539 3658 2594 ἐντεῦθεν
3687 2537 3812 2595 δια-

2156 2619 2502 2696 μειϐόμενος,
2535 2622 2683 2679 ἀλλὰ
2725 2626 2814 2679 καὶ
2859 2626 2996 2700 πρὸς
3042 2625 3169 2688 τοῦς
3218 2625 3564 2689 ἐπαινοῦντας
3612 2629 3810 2691 αὐτοὺς

2150 2714 2252 2781 τήν
2286 2711 2536 2786 εὐλογίαν
2585 2709 2939 2784 διαϐιϐάζων.
2975 2717 3157 2770 Ἔνθεν
3186 2737 3266 2771 τοι
3301 2724 3412 2792 χρῆ
3447 2718 3534 2772 καὶ
3564 2717 3630 2772 τὰ
3672 2719 3810 2793 ὑπὲρ

2151 2802 2350 2875 ἀρετῆς
2399 2807 2496 2857 τοῦ
2548 2802 2815 2876 μακαρίου
2873 2805 3066 2859 τούτου
3131 2811 3400 2878 Κυριακοῦ
3451 2807 3810 2880 παλαίσματα

2151 2894 2239 2946 καὶ
2303 2895 2428 2954 τοῦς
2459 2891 2715 2967 ἱδρῶτας,
2769 2893 2830 2948 οὐ
2880 2894 3184 2968 θερμότατα
3237 2893 3396 2968 μόνον
3448 2897 3658 2952 ἀκούειν
3715 2905 3812 2953 καῖ

2153 2983 2442 3054 θαυμάζειν
2491 2983 2580 3036 καὶ
2623 2980 3011 3057 ἀποδέχεσθαι,
3051 2983 3198 3039 ἄλλά
3253 2985 3343 3039 καὶ
3398 2987 3533 3060 πρὸς
3569 2987 3808 3060 μίμησιν

2152 3071 2251 3141 ὅση
2331 3068 2558 3144 δύναμις
2630 3069 3024 3145 διανίστασθαι,
3081 3075 3170 3128 καὶ
3225 3074 3361 3148 πρὸς
3445 3076 3537 3130 τὸν
3605 3075 3809 3148 ὅμοιον

2150 3158 2482 3216 ἀποδύεσθαι
2542 3159 2759 3231 ζῆλον’
2810 3160 2948 3217 ὥστε
3001 3163 3075 3235 μή
3160 3161 3415 3238 εὐλογίας
3486 3166 3649 3238 μόνον
3720 3163 3816 3220 διὰ

2149 3250 2249 3319 τήν
2301 3247 2590 3326 αποδοχήν
2631 3250 2929 3321 ἀξιοῦσθαι,
2985 3249 3134 3306 ἀλλά
3211 3251 3303 3307 καὶ
3383 3254 3813 3330 συμμερίζεσθαι

2149 3341 2276 3400 τοὺς
2346 3340 2639 3417 στεφάνους
2724 3339 2871 3411 αὐτῷ
2952 3340 3042 3396 καὶ
3121 3347 3402 3397 κοινωνεῖν
3487 3347 3596 3397 τῶν
3675 3344 3816 3417 βραο

2153 3422 2336 3485 ϐείων.
3759 3465 3768 3472 -

2219 3520 2309 3572 Ὃν
2367 3519 2556 3593 ἤνεγκε
2629 3521 2721 3592 μὶν
2782 3521 2816 3590 ἡ
2876 3521 3011 3594 πρὸς
3062 3523 3130 3594 τῇ
3198 3518 3428 3577 Ἐλλάδι
3509 3523 3814 3597 Κόρινθος.

2150 3607 2323 3680 ὄνομα
2376 3605 2432 3662 δὲ
2487 3612 2604 3672 τοῖς
2641 3613 2880 3678 τεκοῦσι,
2921 3613 3000 3681 τῷ
3063 3610 3155 3682 μὶν
3205 3611 3369 3686 παιρὶ
3417 3611 3699 3682 Ἰωάννης,
3747 3614 3812 3674 ’ὸς

399 3695 679 3763 Joannes,
719 3698 814 3768 qui
865 3698 1039 3754 etiam
1107 3701 1408 3773 presbyter
1462 3702 1716 3758 ecclesia
1767 3721 1894 3774 qua
1952 3711 2040 3761 est

2154 3698 2238 3753 καὶ
2291 3694 2654 3772 πρεσϐύτερος
2699 3707 2798 3768 τῆς
2861 3699 2912 3755 ἐν
2963 3700 3208 3774 Κορίνθῳ
3275 3699 3573 3772 ἐκκλησίας
3619 3722 3812 3778 κεχει-

399 3786 680 3855 Corinthi,
739 3788 1041 3844 ordinatus
1088 3790 1318 3847 fuerat:
1378 3792 1548 3847 matri
1582 3809 1711 3850 vero
1758 3794 2038 3852 Eudoxia.

401 3873 474 3945 (l)
508 3876 765 3947 Tempus
798 3878 926 3945 ejus
957 3887 1115 3934 ortus
1149 3880 1256 3934 fuit
1288 3880 1420 3936 ﬁnis
1453 3882 1681 3952 imperii
1712 3884 2036 3950 Theodosii,

389 3964 646 4033 junioris
705 3965 948 4021 scilicet.
1011 3969 1222 4023 Sancto
1290 3975 1484 4025 autem
1538 3972 1859 4028 avunculus
1917 3980 2041 4030 erat

396 4052 600 4108 Petrus
632 4053 1068 4111 Corinthiorum
1118 4059 1449 4130 episcopus.
1484 4061 1591 4124 Qui
1641 4062 1868 4131 Petrus,
1900 4063 2037 4118 bea-

395 4146 519 4196 tum
559 4143 867 4210 Cyriacum
900 4145 956 4199 in
994 4145 1250 4202 Lectoris
1288 4150 1531 4219 gradum
1563 4151 1822 4220 ejusdem
1855 4152 2037 4208 eccle-

395 4231 492 4284 sia
525 4229 584 4284 in
617 4239 810 4288 tenera
842 4234 1033 4289 adhuc
1065 4241 1299 4308 cooptat
1329 4243 1518 4295 atate.

470 4485 574 4542 Ille
604 4490 792 4544 autem
826 4488 1037 4544 divinis
1068 4490 1304 4548 deditus
1337 4491 1669 4565 Scripturis,
1703 4510 1918 4568 easque
1949 4515 2036 4555 as-

397 4574 562 4631 sidue
609 4593 973 4646 percurrens,
1006 4588 1318 4650 noctesque
1347 4581 1406 4636 in
1449 4581 1534 4637 eis
1591 4588 1742 4640 totas
1799 4593 1854 4642 et
1909 4589 2034 4645 dies

396 4681 652 4732 versans,
687 4667 834 4736 apud
885 4683 947 4723 se
1005 4667 1344 4737 mirabatur,
1379 4672 1460 4725 uti
1515 4673 1661 4728 Deus
1712 4675 1806 4744 (ab
1846 4676 2034 4748 initio)

398 4759 634 4826 propter
689 4755 937 4810 salutem
995 4755 1239 4813 humani
1271 4760 1501 4831 generis
1549 4762 1744 4818 omnia
1801 4764 2036 4834 dispen-

398 4844 611 4899 saverit
646 4859 658 4897 :
696 4851 872 4916 utque
902 4862 1000 4902 eos
1031 4847 1131 4918 qui
1163 4847 1272 4903 sibi
1299 4849 1359 4904 in
1402 4866 1750 4924 unaquaque
1778 4854 2036 4926 [genera-

469 5013 541 5082 (1)
601 5013 678 5068 Ex
752 5015 979 5069 duobus
1038 5013 1195 5069 MSS.
1283 5016 1594 5074 Codicibus
1672 5021 2036 5080 bibliotheca

400 5084 560 5167 Cnlb.
605 5102 849 5167 quorum
897 5086 1120 5167 primus
1179 5086 1289 5167 hoc
1334 5106 1576 5167 numero
1621 5091 1731 5167 :772
1763 5096 2036 5167 indigita-

401 5165 528 5220 Iur;
575 5162 874 5232 fecimdus
906 5174 1038 5212 vero
1091 5157 1244 5232 hunc
1276 5158 1451 5215 habet
1491 5163 1791 5232 praﬁxum
1839 5157 2039 5223 nime-

401 5243 526 5279 rum
565 5229 720 5282 1891.
756 5231 888 5295 Qua
936 5246 1068 5283 vero
1103 5231 1158 5283 in
1193 5236 1348 5284 textu
1387 5229 1852 5293 his-clauduntur
1885 5242 2037 5295 notis

401 5295 418 5375 [
454 5295 470 5365 ]
503 5302 651 5367 apud
688 5318 818 5377 eum
855 5310 1076 5356 tantum
1103 5304 1366 5377 Codicem
1399 5306 1688 5375 leguntur,
1714 5311 1880 5377 cujus
1907 5319 2036 5365 nota

402 5373 459 5452 in
525 5375 1160 5452 niargineapponilur:
1190 5373 1325 5452 Qua
1359 5373 1552 5452 autém
1591 5381 1644 5432 in
1691 5373 2032 5452 interpreta-

402 5438 562 5523 tione
582 5440 780 5523 Latina
808 5438 1070 5503 his—notis
1093 5445 1154 5516 []
1185 5447 1589 5520 includuntur,
1623 5456 1772 5523 apud
1807 5438 2035 5510 Surium

403 5509 828 5570 desiderantur.

476 5581 556 5654 (2)
611 5582 970 5643 Theodosius
1030 5588 1229 5657 jnnior
1286 5589 1398 5647 ﬁne
1454 5592 1581 5649 vita
1638 5595 1875 5651 functus
1951 5605 2037 5653 est

2149 3787 2431 3861 ροτόνητο,
2474 3787 2542 3862 τῇ
2591 3785 2647 3843 δὲ
2696 3787 2863 3864 μητρὶ
2911 3786 3164 3859 Εὐδοξία.
3215 3791 3276 3847 Ὀ
3325 3788 3382 3844 δὶ
3430 3791 3626 3865 χρόνος
3658 3791 3813 3864 αὐτῷ

2145 3881 2245 3950 τῇς
2301 3878 2555 3951 γενέσεως
2623 3879 2686 3932 τὸ
2753 3879 2910 3939 τέλος
2964 3876 3028 3944 ἦν
3093 3886 3195 3948 τῆς
3261 3878 3539 3954 βασιλείας
3604 3878 3809 3936 Θεοδο-

2147 3965 2263 4020 σίου
2321 3964 2617 4039 [Θεοδοσίῳ
2666 3968 2732 4039 2],
2803 3963 3018 4036 δηλαδή
3093 3970 3190 4021 τοῦ
3251 3968 3374 4022 νέου
3432 3973 3532 4042 [τῷ
3583 3970 3689 4041 νέῳ
3739 3971 3804 4041 ‘j.

2146 4055 2247 4111 Καὶ
2308 4061 2450 4119 θεῖος
2508 4053 2566 4110 δὲ
2623 4057 2689 4124 ἦν
2745 4056 2883 4129 πρὸς
2943 4062 3058 4125 [τῆς
3107 4058 3150 4129 2]
3227 4058 3437 4132 μητρὸς
3485 4062 3565 4130 τῷ
3640 4057 3804 4133 ἀγίῳ,

2143 4145 2346 4217 Πέτρος
2396 4144 2423 4198 ὁ
2496 4144 2787 4217 Κορινθίων
2857 4143 3175 4206 ἐπίσκοπος.
3237 4145 3410 4206 Οὗτος
3482 4142 3539 4200 δὲ
3611 4147 3714 4218 ἄρα
3777 4147 3806 4200 ὁ

2143 4232 2346 4306 Πέτρος
2394 4232 2484 4286 τὸν
2541 4233 2805 4306 μακάριον
2855 4233 3118 4308 Κυριακὸν
3195 4232 3270 4294 εἷς
3336 4233 3426 4288 τὸν
3501 4237 3597 4288 τοῦ
3677 4233 3806 4287 ἀνα·

2140 4325 2392 4396 γνώστου
2426 4323 2631 4397 βαθμὸν
2679 4329 2779 4392 τῆς
2822 4321 2990 4393 αὐτῆς
3039 4321 3354 4394 ἐκκλησίας,
3396 4322 3451 4377 ἐν
3499 4321 3688 4397 ἁπαλῇ
3721 4323 3803 4379 ἔτι

2141 4410 2425 4486 καταΑὲγει
2465 4415 2532 4484 τῇ
2573 4410 2786 4483 ἡλικίᾳ.

2211 4503 2271 4558 Ὀ
2320 4501 2377 4556 δὲ
2413 4507 2530 4562 ταῖς
2571 4501 2736 4565 θείαις
2799 4507 3034 4576 Γραφαῖς
3082 4503 3494 4577 προσκείμενος,
3534 4503 3623 4558 καὶ
3670 4504 3806 4558 ταύ-

2141 4613 2234 4653 τας
2291 4596 2534 4665 συνεχῶς
2620 4589 2805 4663 ἐπιὼν,
2859 4591 2950 4646 καὶ
3042 4593 3235 4652 νύκτας
3285 4590 3470 4654 αὐταῖς
3521 4593 3650 4654 ὅλας
3707 4596 3804 4650 καὶ

2141 4679 2351 4752 ἡμέρας
2398 4681 2596 4750 συνὼν,
2653 4679 2949 4752 ἐθαύμαζεν
3000 4677 3078 4758 ἐφ’
3128 4681 3342 4748 ἑαυτοῦ,
3393 4680 3541 4743 ὅπως
3599 4703 3655 4737 τε
3699 4682 3802 4756 ἄρα

2140 4770 2239 4837 τήν
2300 4770 2480 4844 ἀρχὴν
2541 4770 2569 4824 ὁ
2628 4769 2757 4830 Θεὸς
2806 4768 2892 4824 ἐπὶ
2968 4771 3216 4843 σωτηρίᾳ
3289 4773 3385 4824 τοῦ
3458 4769 3800 4845 ἀνθρωπείου

2145 4857 2504 4932 [ἀνθρωπίνου
2547 4859 2588 4930 ί]
2631 4857 2836 4932 γένους,
2894 4858 3219 4932 ᾠκονόμησε
3265 4858 3457 4928 πάντα,
3506 4857 3596 4913 καὶ
3646 4859 3800 4920 ὅπως

2146 5043 2240 5081 an.
2277 5027 2400 5092 450,
2435 5025 2506 5081 IV
2566 5027 2688 5083 Kal.
2721 5031 2864 5098 Aug.
2903 5044 2965 5084 ex
3016 5029 3261 5084 Baronio
3293 5032 3350 5084 et
3391 5027 3545 5083 aliis.
3577 5025 3795 5082 Verum

2071 5112 2121 5182 ρ
2153 5098 2381 5182 duobus
2420 5107 2573 5182 ante.
2596 5101 2768 5154 annis
2817 5106 3022 5182 natum
3065 5102 3246 5182 fuisse
3273 5101 3597 5182 eriacurn,
3628 5114 3795 5182 exheo

2151 5176 2379 5243 constat
2423 5170 2577 5243 quod
2634 5172 3004 5243 annusivita
3063 5171 3252 5243 ipsius
3296 5170 3361 5226 18
3419 5172 3797 5242 conjungitur

2148 5241 2300 5315 infra
2331 5258 2458 5297 cum
2491 5241 2526 5294 9
2579 5244 2802 5315 imperii
2835 5242 3058 5315 Leonis
3088 5241 3282 5315 magni
3343 5259 3517 5307 anno,
3568 5241 3796 5315 quiest

2147 5313 2360 5386 Christi
2429 5315 2552 5386 465.
2616 5312 2778 5370 Unde
2839 5317 2862 5368 1
2935 5312 3438 5386 ΟΥι-ἱεοίἐοῃυε,
3501 5312 3600 5368 εειξ
3667 5312 3793 5386 448,

2149 5385 2324 5455 idque
2365 5385 2568 5440 saltem
2613 5393 2746 5440 ante
2777 5387 2932 5441 diem
2985 5385 3021 5442 5
3064 5385 3274 5442 Martii.
3311 5385 3386 5441 Ea
3425 5386 3643 5456 quippe
3673 5385 3790 5452 die,

2149 5473 2296 5581 anfno
2355 5457 2476 5523 478,
2537 5458 2810 5528 Cyriacus
2851 5460 2973 5530 jam
3023 5460 3090 5512 27
3130 5457 3504 5516 inchoaverat
3543 5472 3793 5529 annum,

2149 5542 2206 5581 in
2239 5568 2250 5581 .

2147 5542 2250 5583 lnl.
