4144 6184
378 296 485 356 921

1735 308 1925 370 VI'l‘A
1970 311 2036 371 S.
2083 311 2429 375 CYRIACI.

3672 317 3787 375 922

374 455 499 519 τοὺς
575 458 712 513 κατά
786 457 968 533 γενεάν
1042 458 1272 531 ἑκάστην
1358 462 1789 538 εὐηρεστηκότας
1856 469 2014 543 αὐτῷ

2140 473 2293 530 tione
2324 474 2691 546 placuerunt,
2712 479 2874 531 tanto
2900 475 2973 532 sit
3005 476 3219 532 honore
3251 477 3545 549 dignatus,
3571 494 3787 549 eosque

374 544 713 617 τηλικαύτης
762 548 963 619 ἠξίωσε
1006 556 1106 620 τῆς
1154 558 1347 625 τιμῆς,
1388 552 1476 608 καὶ
1540 552 1830 631 λαμπροὺς
1883 560 2025 615 οὕτω

375 639 464 693 καὶ
496 636 815 713 πιριδόξους
868 642 1138 715 πεποίηκε
1184 645 1275 699 τὸν
1330 647 1423 718 μὲν
1468 642 1641 705 ’Ἅϐελ
1704 646 1793 704 διὰ
1840 651 2026 713 θυσίας

378 724 625 801 δοξάσας,
655 729 748 785 τὸν
797 728 853 786 δὶ
902 733 1088 807 Ἑνὼχ
1136 730 1205 788 δι’
1264 735 1688 811 εὐαρεστήσεως,
1746 743 1815 813 τῇ
1868 761 2028 813 μετα-

378 816 517 873 θὲσει
564 819 829 892 τιμήσαςο
881 817 969 876 διὰ
1018 818 1389 896 δικαιοσύνης,
1449 828 1718 902 σπινθῆρα
1778 833 1875 884 τοῦ
1934 828 2026 905 γέ·-

378 926 502 970 νους
540 909 631 962 τὸν
690 910 815 966 Νῶε
874 912 1167 989 [σπινθῆρα
1232 918 1310 986 τῷ
1374 917 1499 971 Νῶε
1558 919 1599 990 ¹]
1642 915 1893 991 φυλάξες’
1934 921 2026 974 τὸν

380 992 652 1072 Ἀϐραὰμ,
696 995 785 1055 διὰ
830 1000 1065 1065 πίστεως
1120 1004 1323 1079 πατέρα
1382 1004 1610 1062 πολλῶν
1674 1007 1831 1072 ἒθνῶν
1896 1008 2024 1064 ἀνα-

379 1083 571 1175 δείξας·
646 1094 749 1159 την
824 1086 1017 1161 εὐσεϐῆ
1102 1097 1203 1149 τοῦ
1294 1094 1634 1175 Μελχισεδὲν
1727 1099 2021 1172 ἱερωσύνην

375 1172 793 1250 ἅποδιξάμενος·
881 1181 1164 1254 ὑπομονῆς
1228 1204 1287 1239 τε
1347 1186 1438 1240 καὶ
1514 1187 1864 1265 σωφροσύνης
1930 1190 2020 1244 τὸν

376 1266 578 1345 Ἰωσὴφ
609 1266 786 1324 εἷκόνα
833 1274 912 1343 τῷ
963 1271 1085 1347 βίῳ,
1140 1274 1231 1328 καὶ
1270 1275 1361 1330 τὸν
1414 1270 1538 1332 Ἰὼϐ
1577 1280 2019 1353 παρασχόμενος⁶

372 1354 465 1409 τὸν
527 1355 725 1414 Μωσέα
779 1359 1080 1433 νομοθέτην
1138 1360 1437 1435 ἀναδείξας,
1496 1364 1696 1440 σελήνῃ
1748 1365 1839 1421 καί
1877 1367 2023 1441 ἡλίῳ

369 1443 605 1520 ἡνίοχον
638 1448 845 1517 Ἰησοῦν
887 1449 979 1505 τὸν
1030 1455 1126 1506 τοῦ
1175 1453 1327 1522 Ναυῆ
1379 1457 1741 1526 καταστήσας·
1795 1459 2021 1535 προφή-

366 1554 486 1607 την,
524 1537 613 1591 καὶ
674 1537 923 1612 βασιλέα,
970 1542 1058 1596 καὶ
1110 1547 1337 1621 φρικτοῦ
1389 1545 1692 1619 μυστηρίου
1748 1547 2019 1623 πρόγονον

366 1624 458 1680 τὸν
536 1624 702 1682 Δαυΐδ
775 1627 1080 1700 ἀποδείξας’
1158 1639 1258 1703 τῆς
1345 1629 1699 1697 Βαϐυλωνίας
1791 1636 2019 1710 καμίνου

365 1714 465 1783 τὴν
494 1710 673 1791 φλόγα
707 1722 823 1779 τοῖς
853 1719 1035 1774 παισὶν
1068 1721 1146 1783 εἰς
1186 1718 1380 1795 δρόσον
1414 1728 1803 1797 μεταποιήσας.

2136 564 2278 622 adeo
2308 565 2495 622 claros
2524 566 2773 621 effecerit
2804 570 2861 621 et
2890 565 3191 638 gloriosos,
3237 571 3296 622 ut
3328 569 3428 639 qui
3466 569 3607 625 Abel
3648 585 3785 640 pro-

2136 659 2266 727 pter
2292 654 2645 710 sacrificium
2694 654 2874 726 gloria
2906 656 3195 723 afi'ecerit;
3229 656 3423 711 Enoch
3483 663 3786 728 propterea

2136 745 2288 817 quod
2322 745 2374 800 ei
2408 744 2711 817 placuerit,
2750 746 3135 801 translatione
3187 745 3521 801 honorarit:
3556 752 3786 817 propter

2127 834 2445 905 justitiam,
2481 834 2795 891 scintillam
2844 834 3073 906 generis
3120 834 3238 890 Noe
3286 835 3784 891 servaritzAbra-

2138 923 2293 992 ham,
2335 932 2571 996 propter
2610 924 2806 987 fidem,
2862 928 3083 995 patrem
3143 924 3465 979 multarum
3516 925 3777 994 gentium

2134 1011 2421 1067 effecerit:
2472 1012 2635 1083 pium
2698 1011 3114 1069 Melchisedech
3173 1012 3565 1069 sacerdotium
3623 1029 3786 1070 acce-

2135 1104 2301 1174 ptum
2361 1101 2685 1157 habuerit:
2742 1102 3033 1173 patientiae
3091 1110 3147 1158 et
3198 1102 3508 1173 castitatis,
3558 1103 3776 1175 Joseph

2134 1190 2445 1260 imaginem
2495 1191 2733 1258 mundo,
2780 1200 2833 1247 et
2876 1190 2987 1247 Job
3038 1192 3384 1263 praebuerit:
3425 1192 3646 1249 Mosem
3698 1192 3779 1249 le-

2134 1279 2469 1350 gislatorem
2524 1280 2761 1336 fecerit:
2816 1281 2964 1335 lunas
3015 1286 3073 1337 et
3110 1279 3218 1337 soli
3269 1281 3530 1353 aurigam
3583 1282 3782 1338 .Iesum

2132 1367 2287 1424 Nave
2336 1368 2572 1440 (filium)
2626 1368 3033 1425 constituerit:
3066 1368 3434 1441 Prophetam,
3467 1377 3520 1425 et
3562 1386 3781 1442 regem,

2133 1461 2190 1513 et
2219 1456 2493 1529 stupendi
2528 1458 2787 1530 mysterii
2818 1457 3243 1530 progenitorem
3284 1458 3460 1514 David
3510 1458 3778 1516 reddide-

2132 1547 2243 1603 rit:
2276 1546 2637 1617 Babylonicze
2666 1547 2917 1605 fornacis
2940 1547 3239 1604 ﬂammam
3268 1548 3463 1621 pueris
3492 1549 3551 1605 in
3583 1565 3772 1606 rorem

2131 1637 2563 1694 transmutarit.

440 1802 583 1876 Πρὸς
612 1804 849 1874 τούτοις,
882 1809 1145 1882 ἠπορεῖτο
1191 1809 1355 1865 πλέον
1395 1811 1569 1867 ἐκεῖνα
1610 1811 2014 1887 διανοούμενος,

452 1912 456 1914 .
505 1913 512 1914 κ
535 1892 549 1914 Ι
719 1893 733 1912 ‘
812 1896 833 1911 ν’
1142 1900 1156 1914 ι
1360 1913 1368 1914 κ
1393 1901 1403 1914 ι
1581 1901 1594 1914 ο
1650 1903 1662 1914 ι
1843 1904 1854 1914 ι

2202 1816 2479 1874 Ρτωιετεα
2523 1817 2585 1873 in
2625 1818 2832 1890 majori
2876 1819 3215 1876 versabatur
3263 1820 3645 1889 dubitatione,
3678 1821 3775 1879 illa

368 1891 459 1947 τὸν
489 1892 649 1948 τόκον
679 1893 773 1949 τὸν
805 1896 1064 1969 ἄσπορον.
1096 1900 1197 1967 τήν
1238 1901 1500 1973 παρθένον
1537 1901 1721 1972 αὐτὴν,
1766 1904 1857 1958 καί
1910 1926 2021 1977 μη-

368 1979 516 2055 τὲρω
550 1981 698 2046 ὅπως
732 2005 790 2039 τε
838 1986 965 2048 Θεὸς
1008 1988 1186 2063 Λόγος
1246 1987 1342 2061 ὤν,
1404 1988 1685 2067 ἄνθρωπος
1743 1992 2020 2067 ἀτρέπτως

372 2069 595 2147 ὶγένετο·
636 2073 727 2129 καὶ
778 2074 928 2139 ὅπως
988 2074 1078 2133 διὰ
1134 2084 1368 2155 σταυροῦ
1430 2081 1523 2137 τὸν
1582 2079 1718 2153 ᾅδην
1785 2082 2017 2139 σκυλεύ-

367 2180 474 2216 σειε
512 2162 874 2234 [σκυλεύτειεν
908 2167 975 2239 η,
1020 2168 1114 2223 τὸν
1153 2167 1437 2225 ἀπατεῶνά
1463 2192 1522 2226 τε
1570 2167 1691 2251 ὅφιν
1740 2176 2017 2249 κατήργη-

366 2270 443 2320 ea,
473 2250 563 2306 καὶ
594 2254 685 2308 τὸν
737 2251 918 2329 Ἀδὰμ
973 2256 1047 2319 εἷς
1086 2257 1177 2313 τὸν
1228 2258 1557 2335 παράδεισον
1606 2250 1759 2327 αὖθις
1810 2260 2016 2335 ἐπανήο

363 2361 520 2418 γαγε.

433 2433 617 2488 Ταῦτα
675 2433 765 2488 καὶ
820 2436 887 2489 τὰ
944 2440 1167 2493 τοιαῦτα
1233 2439 1308 2501 εἷς
1374 2444 1499 2495 νοῦν
1571 2438 1917 2516 βαλλόμενος
1985 2442 2013 2497 ὁ

360 2522 649 2597 Κυριακὸς,
716 2521 1111 2599 διεθερμαίνετο
1175 2530 1273 2598 τήν
1354 2527 1579 2605 καρδίαν
1646 2530 1775 2604 θείῳ
1834 2529 2014 2603 ζήλῳ,

358 2611 448 2667 καί
488 2632 571 2673 τις
620 2611 780 2668 αὐτὸν
834 2610 1012 2671 ἔννοια
1069 2618 1261 2691 εἰσῄει,
1326 2619 1430 2693 βίῳ
1466 2621 1556 2674 καὶ
1615 2625 1734 2683 τοῖς
1797 2618 1848 2674 ἐν
1906 2619 2013 2693 βίῳ

363 2702 575 2781 χαίρειν
636 2704 873 2774 εἰπόντα,
932 2706 1019 2763 ἐπὶ
1076 2711 1176 2779 τὴν
1247 2710 1400 2784 ἁγίαν
1466 2710 1749 2789 ἀφικέσθαι
1823 2709 2011 2782 πόλιν,

361 2794 451 2847 καὶ
486 2792 650 2869 ἁγίως
681 2793 732 2849 ἑν
774 2794 913 2869 ἀγίῳ
971 2797 1167 2869 βιῶσαι
1223 2799 1398 2871 τόπῳ,
1453 2802 1522 2872 τῇ
1580 2798 1787 2873 ἡσυχίᾳ
1842 2820 2012 2873 προσ-

360 2880 627 2956 κείμενον.
658 2885 812 2939 Κατά
848 2885 969 2939 τινά
997 2887 1051 2960 γ’
1081 2884 1174 2941 οὖν
1214 2908 1345 2943 ποτε
1374 2890 1671 2963 Κυριακὴν,
1720 2895 1823 2958 τῆς
1870 2889 2013 2951 θείας

362 2993 421 3026 σν
446 2976 529 3045 τῷ
559 2970 884 3050 Εὐαγγελίῳ
922 2982 1110 3053 φωνῆς
1160 2976 1413 3040 ἀκούσας·
1465 2976 1539 3035 Εἴ
1578 2999 1661 3041 τις
1693 2978 1836 3043 θέλει
1888 2978 2013 3034 όπί-

362 3060 435 3117 ἰω
495 3082 601 3137 μου
659 3060 855 3133 ἐλθεῖν,
922 3065 1322 3139 ἀπαρνησάσθω
1389 3067 1600 3127 ἑαυτὸν.
1670 3068 1760 3123 καὶ
1826 3069 2011 3145 ἀράτω

360 3150 455 3206 τὸν
531 3156 763 3228 σταυρὸν
839 3152 1025 3212 αὐτοῦ.
1102 3156 1191 3210 καὶ
1268 3153 1640 3221 ἀκολουθείτω
1718 3180 1833 3231 μοι.
1914 3160 2012 3216 οὐκ

2131 1909 2412 1980 cogitans,
2446 1913 2677 1979 partum
2712 1910 2839 1966 sine
2878 1910 3121 1979 semine,
3153 1910 3454 1983 Virginem
3504 1914 3771 1970 eamdem

2130 2002 2187 2054 et
2216 2004 2459 2055 matrem
2485 2016 2498 2055 :
2533 2008 2586 2055 et
2616 2003 2908 2071 quomodo
2938 2002 3210 2072 Verbum,
3244 2020 3377 2058 cum
3410 2003 3566 2060 Deus
3598 2012 3771 2074 esset,

2127 2086 2302 2144 homo
2335 2089 2462 2144 sine
2492 2090 2815 2146 mutatione
2843 2090 3060 2146 factum
3091 2091 3207 2147 sit:
3241 2096 3300 2147 et
3329 2108 3441 2163 quo
3470 2097 3638 2164 pacto
3669 2110 3772 2165 per

2126 2194 2353 2235 crucem
2388 2178 2606 2235 inferos
2637 2178 2995 2252 spoliaverit,
3029 2178 3414 2253 fallacemque
3442 2188 3768 2253 serpentem

2126 2267 2377 2339 fregerit,
2434 2272 2492 2324 et
2552 2268 2837 2325 Adamum
2900 2286 3107 2326 rursus
3159 2269 3218 2325 in
3280 2271 3619 2343 paradisum
3677 2288 3770 2327 re-

2124 2355 2417 2500 duﬁilztet
2454 2444 2672 2501 similia
2720 2449 2916 2501 mente
2965 2445 3190 2516 agitans
3235 2446 3533 2518 Cyriacus,
3575 2447 3775 2503 divino

2121 2532 2243 2589 zelo
2292 2533 2351 2589 in
2411 2534 2580 2589 corde
2636 2533 3127 2601 inﬂammabatur,
3181 2534 3351 2605 eique
3401 2536 3667 2592 veniebat
3713 2535 3774 2591 in

2123 2625 2399 2691 mentem,
2434 2623 2657 2678 mundo
2688 2628 2747 2678 et
2777 2623 2848 2678 iis
2880 2639 3006 2694 qua:
3034 2623 3091 2677 in
3128 2624 3347 2678 mundo
3397 2631 3535 2679 sunt
3583 2624 3774 2680 valere

2114 2710 2318 2782 jussis,
2352 2711 2409 2767 in
2444 2716 2705 2767 sanctam
2738 2728 2801 2768 se
2828 2713 3090 2767 conferre
3130 2712 3442 2781 civitatem,
3476 2719 3534 2768 et
3571 2717 3771 2769 sancte

2121 2799 2182 2856 in
2214 2807 2413 2857 sancto
2444 2800 2570 2857 loco
2600 2809 2654 2856 et
2676 2802 2730 2856 in
2766 2815 2999 2857 secessu
3037 2801 3263 2873 degere.
3290 2802 3547 2865 Quodam
3571 2802 3769 2872 itaque

2121 2889 2215 2945 die
2264 2889 2582 2959 Dominico,
2623 2906 2759 2946 cum
2811 2889 3065 2946 divinam
3106 2891 3165 2944 in
3214 2889 3516 2961 Evangelio
3564 2907 3762 2946 vocem

2118 2979 2446 3036 audiisset:
2497 2980 2561 3036 Si
2611 2982 2733 3052 quis
2788 2981 2905 3036 vult
2958 2988 3079 3051 post
3125 2996 3213 3036 me
3262 2981 3469 3050 venire,
3521 2980 3765 3051 (abneget

2117 3074 2480 3145 semetipsum,
2533 3073 2605 3145 et)
2666 3074 2823 3131 tollat
2888 3089 3105 3130 crucem
3173 3090 3351 3139 suam,
3408 3082 3459 3129 et
3512 3083 3772 3146 sequatur

2118 3177 2242 3218 me:
2291 3178 2413 3219 rem
2474 3162 2718 3219 minime
2776 3161 3022 3232 distulit,
3078 3180 3144 3219 ac
3193 3180 3265 3219 ne
3313 3162 3470 3219 brevi
3532 3164 3768 3234 quidem

359 3238 530 3299 ἔδωκᾶ
587 3227 806 3318 [ἔδωκεν
852 3248 895 3319 ²]
956 3266 1063 3301 τινι
1120 3247 1183 3302 τὸ
1237 3251 1465 3323 πρᾶγμα
1521 3227 1814 3323 μελλήσει,
1884 3248 2009 3306 οὐδὲ

2127 3254 2374 3321 tempore
2433 3256 2717 3318 moratus,
2768 3257 2871 3308 aut
2926 3252 3276 3321 deliberans,
3330 3269 3506 3309 suum
3568 3252 3766 3308 statim

362 3332 571 3409 βραχὺν
612 3332 811 3413 ἰπὲσχε
876 3335 1103 3410 χρόνον,
1222 3334 1558 3411 διεσκὲψατο·
1603 3336 1728 3395 ἀλλ’
1780 3338 1855 3400 εἷς
1913 3336 2008 3412 ἔρ·-

356 3441 454 3495 γον
487 3421 643 3487 εὐθὺς
689 3425 790 3493 τήν
850 3424 1082 3501 γνώμην
1137 3432 1365 3502 προῆγε·
1410 3427 1499 3480 καὶ
1554 3433 1655 3497 τῆς
1716 3426 2009 3499 ἐκκλησίας

357 3512 488 3586 σιγῇ
517 3512 594 3577 ὡς
634 3513 776 3589 εἶχεν
828 3513 1157 3585 ὑπεξελθὼν,
1214 3515 1289 3578 εἷς
1349 3517 1624 3593 Κεγχρεάς
1683 3518 2006 3595 ἀφικνεῖται·

354 3603 444 3656 καὶ
480 3600 680 3657 πλοίου
708 3601 930 3669 ἐνταῦθα
960 3604 1035 3667 είς
1076 3604 1438 3677 Παλαιστίνην
1487 3607 1843 3683 καταίροντος
1889 3606 2011 3663 ἐπι-

359 3685 481 3759 ϐὰς,
521 3695 659 3765 πρὸς
708 3692 1070 3768 Ἰεροσόλυμα
1126 3692 1338 3769 σπουδῇ
1395 3695 1772 3771 παραγίνεται,
1835 3697 2007 3753 ὀκτω-

359 3776 682 3836 καιδέκατον
746 3779 854 3853 ἢδη
909 3785 1146 3859 γεγονώς
1207 3779 1343 3854 ἔτος,
1403 3782 1570 3858 ἐνάτῳ
1631 3786 1725 3859 μὲν
1781 3783 1848 3855 δὴ
1905 3793 2006 3857 τῆς

364 3867 648 3943 βασιλείας
699 3869 927 3935 Λέοντος
971 3877 1069 3929 τοῦ
1121 3874 1361 3951 μεγάλου
1419 3872 1669 3948 ἆνιαυτῷ,
1722 3872 1901 3949 ὀγδόῳ
1951 3874 2007 3931 δὶ

361 3958 715 4016 Ἀναστασίου
741 3968 843 4032 τῆς
874 3962 1272 4038 Ἱεροσολύμων
1305 3964 1610 4041 ἱεραρχίας.

431 4049 665 4106 Ἐκεῖθεν
692 4051 871 4107 τοίνυν
904 4052 983 4115 εἷς
1023 4054 1124 4124 τήν
1174 4053 1332 4130 ἀγίαν
1390 4053 1554 4109 πόλιν
1613 4054 1810 4127 ἐλθὼν,
1860 4053 2007 4130 παρά

2118 3335 2481 3411 propositum
2533 3341 2603 3396 ad
2649 3342 2915 3397 effectum
2965 3341 3257 3413 perduxit.
3292 3340 3534 3413 lthaque
3572 3358 3639 3397 ex
3669 3359 3765 3398 ec-

2120 3425 2295 3482 clesia
2342 3430 2409 3483 ut
2457 3429 2644 3499 potuit
2699 3428 2851 3484 clam
2901 3443 2959 3483 se
3011 3429 3367 3495 subducens,
3400 3429 3558 3485 venit
3615 3430 3764 3485 Cen-

2119 3514 2324 3571 chreas
2352 3531 2366 3571 :
2396 3523 2449 3572 et
2497 3532 2816 3573 conscensa
2844 3516 2925 3572 ibi
2955 3532 3098 3573 nave
3147 3533 3276 3588 quae
3306 3517 3364 3573 in
3397 3516 3764 3573 Palaestinam

2119 3604 2463 3675 solvebatur,
2539 3605 2803 3662 celeriter
2883 3605 3301 3678 Jerosolymam
3387 3606 3565 3673 venit,
3637 3608 3763 3677 jam

2118 3694 2316 3750 decem
2348 3699 2406 3751 et
2435 3699 2561 3752 octo
2590 3711 2774 3751 annos
2824 3703 3014 3766 natus,
3052 3711 3205 3751 nono
3252 3695 3492 3766 quidem
3534 3695 3765 3766 imperii

2120 3784 2325 3840 Leonis
2374 3783 2567 3854 Magni
2616 3800 2791 3852 anno,
2826 3784 3196 3857 pontificatus
3235 3793 3427 3839 autem
3473 3783 3765 3840 Anastasii

2114 3869 2610 3943 Jerosolymorum
2642 3870 2901 3944 episcOpi
2934 3875 3155 3927 octavo.

2185 4052 2328 4109 Cum
2368 4052 2534 4111 illine
2580 4069 2716 4126 ergo
2747 4053 2809 4110 in
2838 4057 3103 4110 sanctam
3152 4053 3438 4110 civitatem
3486 4055 3759 4125 venisset,

355 4142 435 4210 τῷ
486 4138 735 4214 μεγάλῳ.
775 4142 1093 4219 Εὐστοργίφ
1149 4144 1459 4219 κατάγεται,
1517 4140 1695 4218 ἀνδρὶ,
1753 4142 1901 4218 φίλῳ
1948 4165 2006 4200 τε

2127 4142 2269 4213 apud
2300 4158 2575 4215 magnum
2624 4142 2986 4215 Eustorgium
3035 4142 3377 4210 diversatur,
3409 4142 3621 4215 virum,
3655 4145 3759 4216 qui

356 4227 556 4303 ἀρετῆς
594 4228 807 4301 ἄλλως,
866 4234 955 4287 καὶ
1010 4238 1128 4296 τοῖς
1185 4239 1286 4289 τοῦ
1344 4233 1655 4308 Πνεόματος
1702 4235 2002 4311 χαρίσμασι

2127 4234 2169 4287 at
2200 4230 2418 4303 alioqui
2464 4236 2685 4288 amator
2732 4232 2960 4288 virtutis
3008 4237 3152 4301 erat,
3189 4241 3244 4288 et
3288 4232 3541 4304 Spiritus
3590 4233 3761 4290 donis

356 4312 740 4392 διαλάμποντι·
776 4320 804 4375 ὁ
836 4316 893 4376 δὲ
924 4322 1016 4376 οἷα
1047 4320 1411 4399 φιλόστοργος
1438 4328 1518 4395 τῷ
1547 4321 1663 4379 ὄντι
1693 4326 1907 4399 [παπὴρ
1935 4328 1999 4395 8j,

2127 4319 2489 4391 iplendebat:
2524 4321 2622 4376 ille
2671 4328 2863 4377 autem
2917 4325 2983 4377 ut
3031 4336 3223 4377 revera
3255 4321 3646 4393 philostorgus
3676 4322 3759 4394 (id

352 4405 536 4483 πολκῇ
591 4413 785 4466 τοῦτον
823 4408 1003 4486 ὥσπερ
1063 4410 1210 4477 εἰκὸς
1275 4410 1539 4484 δεξιοῦται
1605 4417 1674 4489 τῇ
1742 4411 1998 4470 διαθέσει·

2127 4413 2218 4477 εει,
2252 4412 2478 4480 amans)
2527 4409 2713 4481 Pater,
2750 4427 2961 4484 magno
3010 4425 3170 4480 eum,
3221 4414 3287 4467 ut
3335 4428 3440 4483 par
3486 4417 3631 4483 erat,
3664 4429 3760 4469 ex-

351 4498 442 4553 καὶ
480 4499 617 4575 πρὸς
660 4504 741 4573 τῷ
781 4500 868 4555 ὑπ’
925 4501 1132 4557 ἐκείνου
1184 4499 1293 4573 ἢδη
1336 4503 1583 4559 συστάντι
1622 4502 1859 4574 πλησίον
1899 4511 2001 4574 τῆς

2127 4497 2247 4569 :ipit
2303 4498 2532 4556 affectu.
2580 4500 2855 4571 Cyriacus
2912 4515 3065 4567 vero,
3123 4515 3258 4556 cum
3314 4502 3469 4572 apud
3524 4501 3755 4572 insigne

422 4624 500 4695 (3)
547 4626 696 4701 Hinc
754 4626 938 4701 liquet
990 4631 1366 4688 Anastasium
1422 4633 1759 4689 ordinatum
1814 4599 2223 4690 fuisseDnon
2285 4630 2529 4687 inveniri
2576 4630 2637 4686 in
2696 4629 2940 4701 antiqua
2988 4629 3116 4685 Vita
3165 4644 3268 4700 per
3323 4628 3601 4701 Cyrillum
3659 4630 3753 4687 de-

350 4696 840 4776 Jerceolymoruni
914 4702 1272 4776 episcopum,
1327 4720 1481 4776 anno
1541 4705 1673 4776 74,58.
1736 4704 1795 4760 Id
1863 4722 1995 4762 vero
2107 4696 3503 4776 scripta:utrumvis,inquam,teneamus,cum
3532 4708 3754 4776 certum

353 4769 674 4849 contigisse
685 4772 859 4849 initio
890 4769 1297 4849 mensis-Julii,
1331 4774 1506 4849 habet
1536 4775 1664 4849 Vita
1689 4776 1747 4831 S.
1786 4776 1998 4849 Euthy-
2107 4774 2185 4830 sit
2224 4769 2470 4849 tannum
2498 4775 2655 4849 vitae
2692 4769 2698 4772 ⁷
2730 4769 3057 4849 Euthymib
3083 4775 3148 4827 81
3204 4772 3507 4849 complecti
3580 4774 3747 4828 fidem

354 4839 1161 4930 gift{Cyil-lonco'nscripta,
1197 4839 1403 4930 inqua
1449 4847 1682 4930 legitur,
1705 4863 1865 4930 anno
1903 4839 1994 4920 83,
2105 4845 2244 4900 anni
2276 4847 2379 4901 457
2410 4851 2467 4930 et
2496 4846 2733 4930 initium.
2771 4839 2908 4930 anni
2959 4846 3063 4930 4ξ>β
3108 4860 3286 4930 usque
3318 4839 3387 4930 ad
3421 4850 3749 4930 Augustum

350 4910 505 4991 vita_a_
526 4910 711 4991 sancti
763 4910 1084 4991 Euthymii,
1112 4910 1452 4991 Juvenale‘m
1495 4910 1995 4991 Jerosolymorum
2108 4931 2388 4991 mensem,
2411 4916 2742 4991 clarumest
2763 4917 2833 4971 ab
2856 4917 3132 4991 omnibus
3164 4915 3476 4991 legendum
3511 4910 3748 4991 EsseSl.

347 4983 869 5060 _arch_iepiscOpum,
919 4983 1080 5046 cum’
1112 5005 1333 5046 annum
1374 4989 1439 5045 44
1491 4988 1549 5045 in
1600 4983 1993 5048 Patriarchalu
2102 4987 2388 5060 Similiter
2436 5004 2538 5060 pro
2585 4989 2672 5042 44.
2712 4986 3045 5060 legendum_
3067 5003 3192 5060 esse
3223 4983 3329 5041 ⁷40.
3374 4985 3570 5041 volunt
3618 4986 3751 5060 Bol-

344 5053 668 5131 implesset,
711 5053 905 5115 'vitam
966 5061 1258 5131 finivisse;
1307 5062 1679 5118 Anastasium
1739 5077 1871 5118 vero
1932 5062 1990 5119 in
2100 5058 2258 5131 landi
2292 5053 2721 5115 continuatores
2752 5053 3007 5131 tom.IlIr
3029 5058 3163 5113 Maii
3191 5074 3323 5130 pag.
3347 5073 3609 5131 xxm,_n._
3622 5058 3743 5113 102.

343 5130 542 5200 aedem
598 5130 792 5186 Jacobi
841 5137 1102 5189 evectum
1160 5128 1289 5189 esse
1346 5133 1512 5189 initio
1561 5134 1779 5190 mensis
1823 5132 1987 5189 Julii.
2099 5130 2264 5186 Certe
2322 5147 2437 5186 non
2490 5135 2625 5186 ante
2678 5145 2939 5185 mensem
2988 5128 3408 5200 Septembrem,
3439 5129 3525 5184 vel
3575 5128 3743 5185 Octo-

346 5197 616 5273 Ubi‘pro
671 5202 743 5257 83
797 5203 1101 5265 legendum
1161 5218 1285 5260 esse
1328 5204 1415 5271 81,
1466 5206 1742 5260 suadetur
1799 5221 1867 5261 ex
1924 5221 1989 5262 eo
2099 5202 2257 5257 brem
2290 5207 2427 5258 anni
2460 5202 2583 5268 447,
2615 5201 2883 5273 collocari
2934 5197 3107 5273 posse
3154 5200 3737 5273 initiumAJuvenalis.

345 5270 498 5340 quod
526 5272 643 5345 sive
673 5290 807 5330 cum
841 5275 1090 5332 Baronio
1110 5270 1451 5333 Juvenalem
1477 5276 1689 5332 obiisse
1720 5276 1988 5334 dicamus
2096 5278 2330 5329 constat
2379 5289 2448 5329 ex
2488 5272 2737 5345 epistola
2780 5270 2987 5328 Zosimi
3032 5272 3218 5344 Papae,
3253 5272 3353 5345 qui
3393 5270 3504 5329 hoc
3537 5274 3741 5328 eodem

344 5342 654 5419 annor457,
687 5346 1036 5419 exquodam
1070 5348 1194 5404 loco
1236 5347 1371 5403 Vitae
1420 5349 1605 5404 sancti
1636 5348 1822 5417 Sabse,
1855 5364 1985 5419 quas
2095 5361 2253 5419 anno,
2297 5346 2403 5401 417
2450 5342 2539 5399 19ζ
2584 5346 2852 5419 Augusti,
2886 5342 3171 5419 summus
3200 5342 3458 5419 Pontifex
3505 5350 3740 5402 creatus

341 5411 610 5490 habetur
638 5411 1069 5490 apud'Surium
1102 5423 1134 5474 ὅ
1170 5426 1299 5477 Dec.
1335 5419 1432 5474 ubi
1478 5419 1694 5475 dicitur
1733 5411 1983 5475 Ju've'na-
2093 5421 2212 5490 est,
2241 5418 2299 5472 in
2349 5434 2467 5490 qua
2513 5411 2775 5490 epistola,
2819 5411 2955 5490 data
2984 5415 3197 5490 eral.
3231 5414 3354 5490 Oct.
3401 5418 3481 5490 ait
3505 5432 3590 5490 _se
3637 5433 3740 5490 ac-

340 5482 709 5574 lemueodem
753 5504 929 5574 anne,
960 5506 1077 5574 quo
1104 5490 1449 5574 Marcianus.
1463 5490 1802 5574 imperator,
1836 5506 1982 5546 mor-
2093 5482 2317 5574 cepisse
2357 5482 2673 5574 Iapistolam
2712 5487 3471 5574 ‘Jerosolymitam'episcopi
3504 5488 3735 5574 liraylii,

338 5560 693 5635 tuum_eese,
720 5560 820 5635 qui
862 5559 1197 5635 Marcianus
1243 5578 1395 5619 anno
1426 5559 1589 5635 £57713
1621 5561 1734 5635 vita
1780 5577 1981 5635 exceae
2091 5559 2192 5632 qui
2234 5559 2418 5635 _ante'
2488 5559 2826 5619 Juvenalem
2902 5559 3100 5618 sedem
3182 5559 3731 5635 Jerosolymitanam

337 5628 985 5717 gitc-sivenBollandqm
1031 5649 1373 5717 sequamur,
1406 5634 1502 5717 qui
1536 5634 1596 5691 in
1620 5634 1762 5717 Vita
1790 5634 1978 5717 sancti
2088 5628 2295 5689 t'enuit.

334 5698 652 5775 Euthymti,
679 5706 773 5766 die
798 5708 868 5764 20
893 5698 1178 5775 Januarii,
1203 5707 1322 5764 hac
1352 5698 1524 5764 verba
1554 5705 1760 5778 rejicit,
1779 5706 1978 5778 aitque
