4094 6230
425 310 541 367 923

1706 321 1986 385 MENSIS
2035 324 2527 390 SEPTEMBER.

3722 340 3848 398 92S

417 466 863 535 monasterium,
880 468 1004 538 jam
1028 469 1101 525 ab
1132 470 1229 527 illo
1260 487 1437 545 prope
1467 481 1731 535 sanctam
1762 481 2035 540 civitatem

2169 484 2327 561 ἁγίας
2393 484 2611 548 πόλεως
2676 485 2819 542 Σιὼν
2879 492 3164 565 περιφανεῖ
3232 494 3606 566 μοναστηρίῳ,
3658 514 3847 570 παρα-

415 555 552 611 Sion
609 561 1032 625 constructum,
1093 559 1444 635 bycmasset,
1504 568 1742 638 majoris
1793 588 2035 630 secessu:

2168 555 2513 651 χειμάσαντα
2559 576 2651 631 τὸν
2718 555 3321 651 Κυριακὸν’πλείονος
3374 582 3612 657 ἡσυχίας
3671 588 3849 650 πόθος

413 643 703 702 desiderio
762 647 1096 718 premitur;
1149 654 1322 722 utque
1377 653 1566 726 ipsam
1626 659 2035 719 nancisceretu:

2168 643 2351 739 αἱρεῖ·
2384 666 2474 719 καὶ
2524 665 2665 721 ὥστε
2712 667 2812 734 τήν
2859 664 3067 741 ἔρημον
3133 667 3299 738 αὐτὴν
3359 667 3691 730 καταλαϐεῖν
3748 677 3840 730 καί

412 732 818 805 solitudinem,
873 736 1110 809 illicque
1168 742 1527 810 consisteret,
1577 762 1750 805 omne
1807 754 2032 821 poneba

2166 732 2299 827 τῇδε
2330 754 2576 825 οῗκῆσαι,
2610 732 2854 825 σπουδὴν
2881 732 3089 811 ἐτίθετο
3120 760 3315 815 πᾶσαν.

415 822 694 879 studium.

486 914 627 966 Cum
678 913 749 968 de
799 913 991 971 divino
1046 916 1240 989 itaque
1293 922 1600 996 Euthymio
1658 926 1729 982 ab
1778 929 2053 988 omnibus

413 1001 530 1055 fere
562 1000 1034 1073 doceretur(eum
1067 1007 1215 1062 enim
1249 1007 1435 1068 virtus
1468 1013 1686 1086 ubique
1709 1017 2051 1091 indicabat),

408 1088 784 1146 vehementer
835 1093 1165 1164 capiebatur
1216 1114 1408 1156 amore
1466 1102 1594 1171 ejus
1643 1107 2048 1165 conveniendi.

408 1176 612 1249 Itaque
643 1196 919 1252 magnum
952 1186 1321 1259 Eustorgium
1375 1190 1584 1248 obnixe
1618 1199 1798 1268 rogat,
1833 1200 1893 1253 ut
1921 1199 2050 1270 ejus

409 1267 687 1341 dignatus
717 1272 988 1343 precibus
1019 1290 1151 1330 cum
1184 1293 1323 1348 pace
1349 1279 1760 1340 dimitteretur.

479 1452 639 1517 Quod
672 1468 806 1510 cum
838 1459 1046 1513 nactus
1096 1458 1321 1529 fuisset,
1356 1463 1425 1519 ad
1461 1463 1708 1523 Lauram
1762 1470 2045 1531 mirabilis

401 1539 697 1613 Euthymii
746 1546 1047 1613 accedens,
1090 1547 1339 1620 hospitio
1398 1554 1681 1626 excipitur
1719 1576 1751 1614 a
1791 1564 2044 1632 quodam

400 1630 665 1687 Anatolio
698 1634 1054 1707 presbytero,
1082 1642 1136 1693 et
1157 1639 1417 1713 Olympio
1441 1646 1745 1717 monacho,
1767 1630 2045 1711 fratribus

404 1718 640 1790 quidem
671 1736 898 1792 genere,
932 1726 1123 1796 patria
1161 1736 1353 1784 autem
1405 1731 1759 1793 Corinthiis:
1792 1756 2047 1813 cumque

2231 935 2307 991 Τὰ
2375 936 2513 990 κατᾶ
2566 936 2659 991 τὸν
2728 937 2870 990 Θεῖον
2954 939 3243 1012 τοιγαροῦν
3334 936 3612 1013 Εὐθῦμιον
3682 944 3837 1013 παρᾶ

2161 1025 2379 1079 πάντων
2446 1021 2644 1099 σχεδὸν
2710 1021 3118 1100 διδασκόμενος,
3180 1027 3237 1099 [ἠ
3293 1028 3457 1102 ἄρετὴ
3506 1029 3611 1104 γὰρ
3664 1032 3832 1088 αὐτὸν

2160 1111 2364 1185 ἐμήνυε
2426 1117 2733 1189 πανταχοῦ]
2800 1112 2962 1189 ἔρωτι
3031 1112 3222 1177 δεινῶς
3285 1122 3387 1185 τῆς
3440 1122 3539 1172 τοῦ
3624 1118 3835 1193 ἀνδρὸς

2160 1203 2450 1277 συντυχίας
2498 1200 2779 1272 ἡλίσκετο·
2834 1203 2928 1258 καὶ
2977 1200 3147 1258 δεῖται
3187 1203 3264 1268 ὡς
3323 1202 3548 1261 δυνατὸν
3582 1212 3683 1262 τοῦ
3738 1230 3834 1281 με·

2158 1289 2335 1366 γάλου
2367 1292 2724 1369 Εὐστοργίου,
2768 1292 2940 1368 εὐχῆς
2977 1293 3269 1367 ἀξιωθέντα
3318 1302 3422 1366 τῆς
3478 1300 3607 1373 παρ’
3659 1298 3831 1355 αὐτοῦ

2161 1382 2276 1454 μετ’
2304 1381 2529 1454 εἰρήνης
2561 1380 2927 1452 ἀπολυθῆναι.

2226 1470 2440 1528 Τούτου
2472 1471 2540 1542 δὴ
2572 1470 2676 1547 ἄρα
2714 1472 3035 1549 γενομένου,
3085 1476 3156 1547 τῇ
3203 1478 3302 1530 τοῦ
3351 1481 3675 1549 θαυμαστοῦ
3727 1477 3833 1535 Εὖ-

2154 1562 2353 1634 Θυμίου
2421 1563 2610 1635 Λαῦρᾳ
2675 1557 2977 1633 διαϐαλὼν,
3044 1564 3358 1639 Ἀνατοὶίῳ
3416 1566 3523 1622 τινὶ
3582 1564 3835 1643 πρεσϐυ-

2154 1650 2313 1723 τέρῳ,
2346 1650 2437 1706 καὶ
2471 1650 2760 1725 Ὀλυμπίῳ
2802 1656 3055 1728 μοναχῷ,
3091 1650 3353 1731 ἀδελφοῖς
3399 1657 3496 1729 μὶν
3537 1657 3603 1712 τὸ
3641 1654 3829 1732 γένος,

2154 1740 2455 1814 Κορινθίοις
2510 1737 2567 1795 δέ
2623 1742 2722 1811 τήν
2791 1738 3044 1815 πατρίδα,
3104 1742 3383 1812 ξενίζεται·
3451 1746 3541 1800 καὶ
3614 1748 3828 1822 συχνὰς

402 1808 2035 1903 multosdiesapudeosdegisset,deindeetiammagnum

402 1896 540 1942 vidit
596 1899 966 1942 mnihvminm
1042 1910 1096 1942 οὓ
1158 1908 1332 1942 lmntm
1382 1911 1491 1942 an...
1549 1929 1756 1942 κωκυ-..
1818 1935 2035 1942 ------μ-

2157 1808 2283 1903 παρ’
2341 1828 2524 1893 αὐτοῖς
2570 1828 2779 1904 ἡμέρας
2837 1826 3134 1906 διαγαγὼν,
3195 1832 3314 1888 εἶτα
3368 1832 3460 1888 καὶ
3502 1835 3597 1889 τὸν
3651 1838 3825 1912 μέγαν

2159 1917 2362 1942 ΪΠῨῚΔῙΑ-.
2382 1939 2396 1942 Α
2426 1939 2432 1942 .
2494 1918 2738 1942 ῙΛ-ᾼΞ..μ--
2817 1919 2906 1942 ,μηᾏ
2965 1919 3007 1942 με
3118 1940 3172 1942 ﬂ“
3199 1920 3235 1942 ν.
3385 1941 3390 1942 ,
3452 1928 3477 1939 υ
3618 1922 3634 1942 9
3708 1930 3735 1942 σο

398 1896 540 1953 vidit
595 1899 992 1975 Euthymium,
1042 1910 1099 1961 et
1158 1908 1333 1965 beatae
1382 1911 1491 1967 illa:
1549 1929 1757 1973 manus
1816 1896 2035 1977 severum

2159 1896 2433 1992 Εὖίὶύμιον
2491 1896 2768 1986 ἐθεάσατο,
2817 1919 2908 1973 καὶ
2943 1896 3025 1973 ἀί.
3066 1920 3327 1995 μακάριαι
3381 1928 3567 1999 χεῖρες
3613 1922 3825 1981 ἐκεῖναι

405 1986 535 2056 ejus
580 1994 753 2061 caput
798 1992 1151 2065 tetigerunt:
1184 2013 1302 2055 una
1334 2004 1390 2056 et
1418 2017 1552 2058 eum
1603 2008 1924 2065 monastico
1955 2010 2049 2067 in-

406 2075 650 2134 duentes
679 2078 901 2149 habitu,
926 2098 1045 2139 una
1074 2088 1131 2140 et
1160 2085 1218 2142 in
1254 2103 1385 2146 eum
1418 2092 1747 2153 uberiorem
1777 2106 2046 2158 vocantes

403 2164 654 2237 Spiritus
686 2170 1105 2241 operationem.

475 2353 619 2409 Eum
649 2358 844 2412 tamen
878 2356 987 2415 hoc
1018 2358 1075 2416 in
1104 2361 1230 2420 loco
1261 2380 1494 2424 manere
1525 2385 1640 2426 non
1672 2371 1805 2429 sivit
1826 2373 2044 2449 Euthy-

405 2441 579 2511 mius,
612 2448 848 2517 propter
872 2450 1097 2505 aetatem
1126 2468 1139 2507 :
1171 2453 1339 2510 valde
1370 2458 1524 2513 enim
1557 2460 1796 2517 cavebat
1825 2441 2042 2520 imber-

401 2529 561 2588 bium
592 2538 648 2589 et
678 2534 1106 2597 adulescentum
1129 2541 1185 2597 in
1210 2559 1316 2599 sua
1338 2544 1523 2603 Laura
1553 2553 2041 2622 conversationes,

402 2637 474 2676 ne
504 2621 576 2678 ad
607 2626 809 2695 turpes
839 2626 1218 2699 cogitationes
1251 2632 1492 2707 reliquis
1522 2637 1820 2697 Fratribus
1866 2643 2042 2700 offen-

402 2710 594 2768 dicula
627 2721 839 2772 essent.
879 2718 985 2773 Sed
1021 2735 1153 2777 cum
1188 2738 1439 2794 magnus
1479 2728 1603 2798 jam
1648 2729 2041 2805 Theoctistus,

394 2802 464 2858 ad
517 2801 739 2876 Jesum,
800 2820 969 2875 quem
1035 2808 1425 2883 desiderabat,
1492 2819 1854 2887 excessisset,
1916 2801 2040 2895 ipse

392 2889 688 2963 Cyriacum
722 2894 792 2948 ad
828 2902 1095 2953 sanctum
1129 2899 1489 2959 Gerasimum
1523 2905 1694 2975 juxta
1721 2889 2039 2968 Jordanem

387 2979 587 3035 mittit.
621 2982 765 3036 Cum
797 2998 933 3052 ergo
964 2985 1229 3043 divinum
1262 3005 1460 3047 revera
1490 3008 1704 3050 munus
1733 2996 2039 3067 Cyriacum

389 3066 724 3123 Gerasimus
771 3070 1109 3143 accepisset,
1141 3079 1196 3131 et
1227 3091 1295 3132 ea
1344 3077 1509 3135 illum
1558 3086 1723 3138 aetate
1776 3066 2037 3160 vidisset,

387 3155 637 3210 coenobii
692 3157 1034 3216 ministeriis
1089 3166 1280 3236 ipsum
1325 3167 1659 3229 destinavit.
1705 3172 1796 3230 Sic
1842 3180 2037 3233 autem

388 3244 449 3299 in
477 3259 545 3300 eo
574 3245 935 3337 admirabilis
960 3250 1055 3307 ille
1076 3253 1339 3324 degebat,
1364 3255 1524 3330 ligna
1555 3260 1800 3333 ﬁndens,
1824 3280 2037 3337 aquam

388 3340 786 3407 comportans,
809 3336 1089 3397 alimenta
1108 3342 1407 3403 Fratribus
1432 3366 1664 3422 parans,
1689 3358 1745 3411 et
1772 3336 2036 3428 coquinae

386 3424 598 3480 ofﬁciis
628 3425 974 3487 inserviens.
1016 3433 1125 3489 Sed
1157 3437 1425 3505 quamvis
1456 3439 1539 3495 ita
1579 3457 1642 3498 se
1686 3424 1946 3514 haberet,
1979 3452 2037 3505 et

381 3510 443 3567 in
496 3515 676 3570 tantis
725 3515 1029 3577 laboribus
1069 3528 1127 3579 et
1166 3524 1604 3595 fatigationibus
1655 3537 1838 3590 totum
1879 3510 2033 3593 diem

380 3601 759 3677 transigeret,
792 3606 850 3662 in
882 3608 1096 3668 divinis
1119 3612 1427 3686 colloquiis
1457 3622 1514 3674 et
1543 3621 1802 3679 oratione
1830 3641 2033 3696 perno-

388 3692 580 3749 ctabat
609 3709 624 3763 ;
658 3693 1091 3771 ferventiusque
1142 3719 1348 3761 rursus
1379 3710 1435 3762 et
1465 3709 1659 3767 aerius
1708 3692 1846 3783 post
1889 3730 2034 3787 opus

387 3797 673 3840 manuum
725 3802 922 3844 sacros
971 3789 1216 3863 hymnos
1264 3795 1612 3869 incipiebat:
1645 3805 1701 3857 et
1732 3810 1793 3857 ut
1836 3806 2034 3875 paucis

386 3871 600 3942 dicam,
632 3874 807 3931 vitam
860 3878 1347 3955 anachoreticam,
1399 3886 1456 3942 in
1506 3890 1765 3948 emnobio
1813 3871 1870 3949 et
1911 3898 2031 3951 tam

382 3959 587 4017 multis
620 3963 885 4034 negotiis,
921 3982 1023 4037 per
1047 3969 1244 4026 omnia
1290 3972 1617 4042 exhibebat,
1651 3994 1801 4049 pane
1839 3982 2029 4039 solum

379 4053 436 4104 et
465 4066 637 4121 aqua,
672 4053 848 4124 idque
878 4057 1138 4127 secundo
1170 4076 1399 4132 quoque
1430 4063 1523 4120 die
1552 4066 1727 4126 altus.

2156 2014 2256 2077 τῆς
2321 2009 2471 2083 ἱερᾶς
2536 2004 2701 2063 αὺτοῦ
2765 2006 2978 2083 ἥψαντο
3043 2008 3309 2088 κεφαλῆς,
3379 2012 3523 2085 ὁμοῦ
3592 2015 3691 2087 μὲν
3760 2016 3825 2071 τὸ

2160 2098 2457 2173 μοναχικὸν
2505 2094 2710 2171 ἔνδυμα
2762 2093 3232 2172 περιϐαλλόμεναι
3285 2104 3482 2156 τοῦτον
3538 2102 3749 2176 [τούτῳ
3781 2106 3826 2179 ¹]

2157 2186 2299 2261 ὁμοῦ
2331 2184 2387 2243 δὲ
2433 2186 2524 2242 καὶ
2574 2184 2959 2262 δαψιλεστέραν
3007 2186 3091 2243 ἐπ’
3149 2188 3310 2246 αὑτὸν
3383 2191 3651 2247 καλοῦσαι
3718 2192 3825 2249 τοῦ

2155 2275 2475 2350 Πνεύματος
2505 2277 2607 2346 τήν
2640 2274 2930 2352 ἐνέργειαν.

2227 2368 2420 2421 Μεῖναι
2481 2366 2668 2438 μέντοι
2722 2364 2876 2438 ὅμως
2918 2366 2947 2420 ὁ
2988 2366 3268 2441 Εὖθύμιος
3326 2373 3523 2425 τοῦτον
3587 2368 3825 2438 ἐνταῦθα

2154 2453 2251 2510 οὐκ
2309 2453 2472 2524 εἴασε,
2533 2451 2622 2510 διὰ
2675 2454 2777 2524 τήν
2817 2453 3063 2524 ἡλικίανο
3121 2457 3259 2512 πάνυ
3314 2457 3421 2533 γὰρ
3477 2456 3820 2537 ἐφυλάττετο

2149 2544 2244 2609 τὰς
2307 2550 2416 2600 τῶν
2506 2543 2754 2618 ἀγενείων
2838 2543 2928 2599 καὶ
3012 2543 3310 2621 μειρακίων
3380 2544 3434 2602 ἐν
3498 2551 3570 2622 τῇ
3640 2549 3822 2621 οἰκείᾳ

2151 2634 2327 2711 λαύρα
2365 2627 2669 2710 διατριϐὰς,
2701 2632 2851 2695 ὅπως
2900 2635 2976 2708 μή
3027 2631 3330 2691 σκάνδαλόν
3365 2656 3419 2691 τι
3468 2639 3608 2711 πρὸς
3657 2636 3822 2713 λογι-

2151 2725 2324 2799 σμοὺς
2368 2723 2603 2787 ἀτόπους
2659 2727 2768 2779 τῶν
2832 2721 3082 2802 ἀδελφῶν
3146 2728 3265 2788 τοῖς
3333 2726 3672 2793 ὑπολοίποις
3717 2729 3821 2786 ὑπ-

2151 2816 2398 2891 οἱρχοιεν⁸
2459 2814 2606 2873 ἀλλὰ
2659 2818 2756 2870 τοῦ
2817 2812 3063 2890 μεγάλου
3130 2813 3240 2886 ἤδη
3282 2815 3607 2874 Θεοκτίστου
3674 2821 3817 2893 πρὸς

2149 2907 2239 2963 τὸν
2299 2904 2642 2979 ποθούμενον
2709 2901 3123 2979 ἐκδημήσαντος
3184 2905 3422 2977 Ἰησοῦν,
3493 2907 3660 2971 αὐτὸς
3716 2910 3815 2965 τὸν

2148 2996 2414 3072 Κυριακὸν
2468 2996 2607 3072 πρὸς
2643 2995 2733 3049 τὸν
2794 2993 2846 3049 ἐν
2895 2995 3072 3068 ἁγίοις
3120 2996 3444 3071 Γεράσιμον,
3504 2998 3655 3074 παρὰ
3709 3001 3815 3055 τὸν

2147 3080 2426 3159 Ἰορδάνην
2468 3082 2755 3156 ἐκπέμπει.
2806 3082 2878 3139 Τὸ
2937 3084 3080 3137 Θεῖον
3134 3083 3315 3139 τοίνυν
3355 3084 3515 3161 γέρας
3570 3086 3649 3151 ὡς
3694 3087 3813 3160 ἆλη

2153 3176 2260 3236 θῶς
2293 3174 2320 3227 ὁ
2367 3172 2667 3247 Γεράσιμος
2707 3169 2992 3246 δεξάμενος
3045 3171 3137 3226 τὸν
3181 3175 3480 3247 Κυριακὸν,
3538 3173 3627 3230 καὶ
3686 3175 3817 3245 ἡλι-

2150 3262 2273 3325 κίας
2341 3260 2513 3324 οὕτως
2579 3254 2779 3336 ἔχοντα
2846 3257 3000 3329 ἰδὼν,
3084 3261 3471 3335 ὺπηρετεῖσθαι
3547 3263 3813 3336 ἀπέταξεν

2149 3350 2305 3407 αὐτὸν
2338 3350 2390 3405 ἐν
2421 3354 2499 3423 τῷ
2536 3344 2814 3422 κοινοϐίῳ.
2870 3355 3037 3425 Διῆγε
3096 3350 3192 3423 μὲν
3244 3347 3311 3421 δὴ
3346 3352 3375 3406 ὁ
3404 3353 3705 3425 Θαυμάσιος
3755 3355 3811 3410 ἐν

2145 3441 2293 3514 αὐτῷ
2335 3440 2512 3508 οὗτος,
2562 3439 2697 3510 ξύλα
2741 3459 2798 3494 τε
2847 3436 3108 3508 διακλῶν,
3153 3441 3241 3495 καὶ
3303 3438 3454 3516 ὕδωρ
3502 3442 3815 3517 μετακομί-

2149 3538 2277 3601 ςων,
2309 3531 2515 3610 ταοφήν
2555 3549 2613 3583 τε
2664 3533 2781 3590 τοῖς
2829 3525 3089 3606 ἀδελφοῖς
3142 3529 3477 3603 ἐτοιμάζων,
3528 3532 3621 3587 καὶ
3667 3535 3811 3609 πρὸς

2142 3621 2209 3677 τὰ
2234 3624 2331 3677 τοῦ
2368 3620 2679 3696 μαγειρείου
2710 3616 3151 3692 διακονούμενος,
3195 3618 3365 3691 [ἀλλᾶ
3393 3624 3437 3695 ³]
3484 3622 3575 3678 καὶ
3628 3625 3812 3687 οὓτως

2143 3706 2259 3786 ἔχω
2314 3710 2405 3766 καὶ
2461 3711 2657 3773 κόποις
2710 3706 3063 3780 τηλικούτοις
3125 3709 3215 3765 καὶ
3283 3711 3552 3784 καμάτοις
3605 3709 3813 3787 διημε-

2146 3800 2336 3878 ρεύων,
2376 3798 2428 3855 ἐν
2458 3804 2528 3873 τῇ
2574 3799 2712 3874 πρὸς
2750 3798 2843 3853 τὸν
2890 3798 3018 3854 Θεὸν
3069 3797 3267 3873 ὁμιλίᾳ
3314 3802 3404 3855 rari
3462 3806 3532 3876 τῇ
3591 3800 3805 3874 δεήσεις

2140 3891 2235 3952 τὰς
2291 3890 2487 3951 νύκτας
2543 3887 2826 3959 ἀνήλισκε,
2883 3886 2976 3943 καὶ
3035 3889 3364 3965 θερμότερον
3433 3888 3651 3963 μᾶλλον
3706 3894 3803 3947 καὶ

2140 3980 2499 4055 ἀκμαιότερον
2541 3978 2678 4052 μετά
2722 3979 2784 4033 τὸ
2836 3984 2936 4048 τῆς
2987 3979 3179 4054 χειρὸς
3233 3973 3420 4056 ἔργον,
3470 3984 3580 4036 τῶν
3631 3982 3799 4056 ἱερῶν

2141 4070 2323 4143 ίίμνων
2393 4068 2699 4142 ἀπήρχετο·
2766 4066 2858 4121 καὶ
2926 4066 3219 4123 συνελόντα
3283 4067 3465 4145 φάναι,
3530 4070 3633 4138 τήν
3690 4074 3802 4126 τῶν

378 4135 749 4213 ἀναχωρητῶν
798 4141 1104 4214 πδλιτείκνν
1164 4146 1214 4201 ἐν
1275 4146 1535 4225 κοινοϐίῳ
1593 4156 1681 4209 καὶ
1746 4158 2025 4236 πράγμασι
2082 4159 2390 4229 τοσούτοις,
2450 4154 2789 4213 ἐπεδείκνυτο
2848 4153 2937 4212 διὰ
2994 4157 3230 4228 πάντων,
3284 4154 3434 4234 ἄρτῳ
3488 4159 3578 4214 καὶ
3636 4157 3799 4217 ὕδατι

384 4226 596 4300 μόνοις,
628 4227 718 4283 καὶ
743 4234 911 4287 ταῦτα
935 4235 1081 4308 παρᾶ
1111 4233 1206 4291 δύο
1238 4237 1448 4315 ἡμέρας
1476 4226 1828 4323 τρεφόμενος.

451 4315 553 4373 His
605 4318 876 4378 inductus
906 4328 994 4381 est
1022 4326 1382 4399 Gerasimus,
1413 4337 1478 4388 ut
1507 4315 1841 4397 eum'valde
1888 4341 2021 4399 dili-

379 4410 560 4478 geret,
592 4413 648 4465 et
678 4410 762 4466 sic
792 4412 910 4468 vita
958 4414 1352 4476 delectabatur
1399 4423 1802 4499 adolescentis,
1836 4431 2022 4505 deque

380 4494 544 4553 illius
595 4498 877 4570 moribus,
910 4506 967 4558 et
1005 4520 1200 4563 amore
1248 4508 1307 4563 in
1355 4526 1447 4567 res
1491 4514 1845 4587 spirituales,
1880 4494 2022 4578 adeo

862 4561 874 4570 .
1116 4561 1193 4563 ην
1250 4561 1305 4563 ~~
1355 4561 1445 4567 --τ
1492 4561 1516 4568 ν
1565 4561 1845 4587 "ww-"Ny
1880 4561 2022 4578 υιυιυν

375 4583 487 4657 ipsi
518 4595 880 4662 compertum
912 4598 1057 4663 erat,
1083 4600 1147 4651 ut
1176 4596 1235 4653 in
1266 4598 1471 4657 diebus
1493 4561 1854 4675 jEjuniorum
1886 4626 2018 4667 eum
2051 4561 2109 4629 D

374 4674 433 4731 in
477 4676 657 4735 Rubae
706 4678 1082 4741 solitudinem
1133 4696 1475 4759 assumeret,
1507 4693 1764 4769 illicque,
1797 4700 2021 4757 socium

370 4764 639 4826 laborum
671 4773 728 4827 et
757 4772 1080 4845 spiritualis
1112 4792 1389 4836 ascensus
1414 4764 1675 4843 haberet:

446 5014 551 5074 Hic
573 5019 751 5077 etiam
776 5021 1067 5082 mirabilis
1094 5025 1438 5101 Euthymius
1460 5032 1678 5091 versari
1697 5033 2017 5109 dicebatur,

372 5110 429 5164 et
458 5106 705 5182 singulis
753 5112 1076 5173 Dominicis
1126 5118 1324 5178 divina
1352 5122 1469 5181 illis
1497 5134 1861 5188 sacramenta
1906 5106 2016 5189 im;

369 5199 603 5269 pertire,
637 5202 819 5262 donec
850 5206 976 5264 dies
1007 5206 1336 5269 Palmarum
1368 5215 1717 5277 advenisset.

437 5387 675 5446 Interim
706 5390 864 5450 brevi
893 5392 1091 5469 elapso
1121 5402 1403 5474 tempore,
1436 5402 1682 5477 pulchro
1710 5405 1917 5467 itinere
1942 5411 2013 5468 ad

440 5578 518 5652 (4)
547 5579 949 5673 “Thgoetistus
990 5589 1280 5673 “migravit
1319 5593 1411 5673 ad
1457 5593 1785 5673 pomipum
1836 5615 2016 5673 panno

404 5606 518 5662 ,κεν
582 5606 949 5671 rnaocustus
1009 5606 1087 5646 m1
1134 5606 1280 5675 ravit
1340 5606 1411 5650 ad
1479 5606 1785 5678 pominum
1836 5615 2015 5686 Venno

364 5654 491 5708 vitae
547 5653 604 5710 S.
657 5654 950 5731 Euthymn
989 5660 1059 5716 9O
1094 5606 1389 5738 ῗιοουηῑε)
1438 5667 1530 5724 die
1570 5668 1603 5723 3
1643 5669 1801 5741 Sept.
1849 5672 2015 5732 initio

278 5938 407 6005 Ὗς-

2202 4340 2297 4396 Ἐκ
2357 4337 2567 4393 τούτων
2628 4334 2995 4412 ὑπερφιλῆσαί
3054 4357 3110 4392 τε
3186 4337 3350 4393 αὐτὸν
3401 4339 3431 4393 ὁ
3488 4337 3798 4415 Γεράσιμος

2130 4429 2419 4503 προήχθη,
2448 4426 2538 4481 καὶ
2570 4425 2713 4482 οὕτω
2742 4428 2811 4499 τῇ
2842 4430 2939 4481 τοῦ
2979 4425 3247 4502 νεωτέρου
3293 4425 3460 4498 ἥδετο
3506 4427 3795 4503 πολιτείᾳ,

2131 4518 2222 4574 καὶ
2251 4518 2510 4587 τοιαύτην
2560 4514 2647 4571 ἐπὶ
2693 4519 2813 4577 τοῖς
2868 4512 3076 4571 ἐκείνου
3121 4516 3351 4591 τρόποις
3398 4518 3489 4573 καὶ
3534 4521 3615 4591 τῷ
3663 4521 3801 4595 περὶ

2130 4607 2197 4662 τὰ
2225 4603 2566 4680 πνευματικᾶ
2612 4600 2775 4679 ἔρωτι
2832 4604 2933 4674 τήν
2989 4603 3374 4682 πληροφορίαν
3421 4604 3663 4687 εἷλήφει,
3710 4609 3790 4671 ὡς

2129 4697 2219 4753 καί
2287 4688 2735 4769 παραλαμϐάνειν
2800 4691 2958 4749 αὐτὸν
3022 4692 3073 4750 ἐν
3142 4700 3260 4757 ταῖς
3338 4698 3446 4751 τῶν
3515 4700 3789 4767 νηστειῶν

2130 4786 2364 4862 ἡμέραις
2422 4782 2499 4847 εἷς
2546 4783 2647 4852 τὴν
2694 4778 2903 4858 ἔρημον
2952 4786 3051 4839 τοῦ
3096 4777 3314 4853 Ῥουϐᾶ,
3371 4785 3462 4840 καὶ
3518 4787 3788 4842 κοινωνὸν

2130 4873 2278 4951 ἔχειν
2327 4878 2435 4929 τῶν
2483 4872 2594 4928 ἐκεῖ
2640 4870 2897 4948 καμάτων
2941 4872 3035 4928 καὶ
3079 4879 3182 4945 τῆς
3225 4880 3598 4948 πνευματικῆς
3648 4875 3785 4931 ἀνα-

2129 4960 2360 5027 ϐάσεως.

2195 5056 2466 5120 Ἐνταῦθα
2518 5052 2609 5110 καὶ
2670 5054 2698 5110 ὁ
2756 5055 3068 5129 θαυμαστὸς
3120 5054 3402 5130 Εὗθῦμιος
3482 5049 3781 5131 διατρίϐειν

2127 5140 2365 5223 ἐλέγετο,
2409 5143 2499 5199 καὶ
2554 5140 2896 5218 μεταδιδόναι
2945 5149 3054 5201 τῶν
3102 5145 3262 5201 θείων
3320 5144 3508 5207 αὐτοῖς
3566 5163 3782 5219 μυστηο

2130 5234 2259 5311 ρίων
2314 5236 2588 5311 Κυριακῆς
2644 5234 2892 5307 ἑκάστης,
2976 5229 3084 5301 ἶως
3137 5236 3172 5306 ἡ
3229 5237 3338 5291 τῶν
3403 5234 3581 5292 Bain
3657 5232 3785 5313 ἀφίε-

2126 5346 2301 5400 κοιτο,

2197 5414 2438 5492 Βραχέος
2471 5412 2529 5473 δὶ
2579 5414 3007 5495 ὑπορῥεύσαντος
3068 5415 3264 5491 μεταξὺ
3312 5415 3538 5495 χρόνου,
3588 5412 3776 5475 ἔπεισι

2124 5605 2159 5661 5
2210 5603 2691 5682 indictionisLut
2725 5604 2994 5682 habetur
3038 5604 3098 5663 in
3156 5604 3281 5665 Vita
3334 5608 3393 5662 8.
3453 5602 3777 5682 Euthymil,

2129 5693 2336 5751 nempe
2367 5694 2519 5736 anno
2549 5677 2760 5735 Christi
2790 5677 2913 5733 466.
