4094 6230
488 298 602 357 927

1779 285 2063 348 MENSIS
2108 282 2600 349 SEPTEMBER.

3775 290 3871 346 938

489 452 748 526 thymius
791 449 1233 509 successoribus
1290 448 1414 517 suis
1444 450 1745 520 jusserat).
1778 448 1890 503 Sed
1952 454 2005 503 et
2043 445 2133 501 di-

2260 443 2404 500 ιοῦτο
2437 444 2709 520 Εὐθυμίου
2752 451 2868 509 τοῖς
2919 446 3034 520 μετ’
3077 444 3233 502 αὐτὸν
3279 442 3691 518 ἐντειλαμένου.
3740 444 3873 502 'A'M.’

489 543 659 599 vinus
736 542 988 597 Thomas
1045 540 1146 613 (9),
1203 541 1366 611 (cum
1430 546 1772 611 prasentem
1851 535 2139 608 explesset

494 632 699 703 vitam)
740 631 798 686 in
833 634 1048 685 aeterno
1079 627 1412 685 habitaculo
1445 631 1727 698 receptus,
1765 634 1818 683 et
1844 627 2137 697 justorum

492 719 666 775 cmtui
702 717 1124 774 adnumeratus
1157 717 1365 772 fuerat.

562 806 883 863 Duodecim
915 810 1110 862 autem
1145 810 1274 875 post
1321 805 1447 876 ejus
1487 805 1791 861 decessum
1832 801 2140 859 advenien-

490 896 651 952 tibus
673 894 865 959 annis,
901 894 1198 966 Longinus
1228 894 1426 961 etiam,
1455 893 1791 950 monasterii
1820 891 2139 948 Theoctisti

494 986 820 1058 praefectus,
866 984 983 1040 vita
1032 986 1268 1040 functus
1324 989 1432 1041 est.
1474 984 1574 1040 Cui
1632 999 1765 1039 cum
1815 981 2029 1038 Paulus
2079 981 2137 1036 in

496 1074 840 1132 monasterii
929 1075 1331 1146 praefecturam
1402 1073 1806 1142 successisset,
1878 1072 2138 1128 Terebon

494 1168 815 1236 Agarenus,
869 1164 969 1236 qui
1044 1164 1227 1219 sacris
1301 1162 1438 1219 olim
1499 1161 1794 1233 Euthymii
1869 1161 2139 1217 manibus

493 1255 825 1325 baptizatus
882 1254 1090 1319 fuerat,
1150 1268 1284 1308 cum
1344 1256 1495 1308 esset
1550 1252 1674 1321 ipse
1732 1266 1961 1322 quoque
2011 1252 2137 1321 jam

497 1344 669 1399 morti
715 1342 965 1413 vicinus,
1003 1358 1239 1412 magnas
1282 1341 1568 1397 ambobus
1602 1339 1972 1397 monasteriis
2002 1337 2136 1395 reli-

496 1436 700 1504 querat
728 1432 1056 1489 facultates.

568 1524 712 1579 Cum
771 1527 964 1577 autem
1022 1521 1241 1577 Paulus
1288 1521 1347 1577 in
1383 1520 1701 1577 tractandis
1748 1517 2014 1591 pecuniis
2046 1517 2139 1573 in-

488 1612 714 1682 justius
745 1616 897 1667 esset
927 1615 1213 1681 versatus,
1246 1615 1302 1667 et
1331 1611 1391 1667 in
1421 1609 1811 1681 exsequendis
1852 1607 2141 1664 mandatis

498 1717 562 1757 se
610 1700 884 1773 gessisset
922 1700 1205 1771 iniquius,
1238 1702 1549 1772 ipsumque
1577 1698 1889 1754 Terebonis
1928 1713 2141 1769 corpus

2249 535 2368 610 εἶχε
2401 536 2494 608 μὲν
2533 533 2639 607 ἤδη
2673 536 2763 591 καὶ
2801 537 2893 591 τὸν
2949 538 3092 592 θεῖον
3138 540 3364 609 Θωμᾶν,
3408 537 3446 604 ἡ
3483 533 3683 590 ἐκεῖθεν
3727 533 3872 597 diam:

2246 623 2513 679 κατοικία*
2575 625 2669 680 τὸν
2748 623 2975 690 ἐνταῦθα
3063 622 3387 680 διανύσαντα
3461 623 3604 698 βίον⁹
3680 624 3765 678 καὶ
3812 629 3871 695 τῷ

2245 716 2354 768 τῶι
2389 710 2610 769 δικαίων
2637 714 2729 770 καί
2761 714 2919 778 οὗτος
2946 718 3104 790 χορῷ
3134 714 3549 788 συνηρίθμητο.

2321 801 2539 859 Δώδεκα
2571 800 2629 859 δὲ
2663 805 2796 877 μετὰ
2824 806 2923 875 τήν
2952 803 3211 872 τελευτὴν
3261 801 3673 878 περιελθόντων
3719 801 3870 859 ἐνιαυ-

2247 895 2379 962 τῶν,
2411 895 2733 968 Λογγῖνοςὸ
2780 900 2883 963 τῆς
2911 898 3008 949 τοῦ
3056 891 3384 949 Θεοκτίστου
3436 899 3614 965 μονῆς
3662 892 3875 968 ἀφηγού-

2252 1003 2411 1055 μενος
2448 981 2673 1054 τελευτᾷ
2712 984 2802 1039 καὶ
2843 984 3000 1045 οὗτος
3046 985 3135 1039 τὸν
3186 982 3324 1058 βίον.
3385 984 3490 1038 Καὶ
3542 981 3752 1038 Παύλου
3793 985 3871 1051 τήν

2246 1079 2347 1142 τῆς
2420 1076 2591 1144 μονῆς
2654 1074 2982 1146 προστασίαν
3078 1070 3463 1146 ἐκδεξαμένου,
3561 1067 3790 1146 Τερέῦων
3853 1074 3874 1125 ὁ

2250 1165 2573 1237 Ἀγαρηνὸς,
2607 1164 2665 1225 ὃς
2693 1169 2811 1226 ταῖς
2852 1164 3024 1240 ἱεραῖς
3054 1163 3225 1219 πάλαι
3274 1162 3375 1219 τοῦ
3428 1162 3722 1238 Εύθμμίου
3768 1183 3875 1238 χερ-

2253 1253 2334 1307 σὶν
2393 1246 2739 1325 ἐϐαπτίσατο,
2807 1254 2943 1328 πρὸς
3007 1259 3077 1328 τῇ
3141 1255 3377 1324 τελευτῇ
3434 1253 3527 1307 καὶ
3584 1252 3738 1308 αὐτὸς
3794 1250 3871 1322 ὢν,

2250 1340 2470 1412 πολλήν
2501 1363 2621 1397 τινα
2649 1347 2767 1397 τοῖν
2802 1341 3183 1418 μοναστηρίοιν
3239 1342 3453 1422 ἀμφοῖν
3509 1342 3697 1397 οὐσίαν
3741 1361 3872 1397 κατα·

2252 1429 2521 1489 λελοίπει.

2322 1524 2435 1578 Τοῦ
2466 1521 2687 1577 Παύλου
2719 1520 2775 1578 δὲ
2804 1520 3134 1599 ἀδικώτερόν
3165 1544 3221 1579 τε
3259 1525 3385 1600 περὶ
3421 1525 3491 1579 τά
3515 1525 3784 1602 χρήματα,
3805 1518 3872 1577 καί

2250 1608 2453 1666 ἐκείνον
2498 1611 2847 1687 ἀνομώτερον
2905 1615 3027 1690 περὶ
3085 1615 3183 1678 τὰς
3238 1611 3474 1676 ἐντολὰς
3526 1613 3871 1687 προσενεχθέν-

2248 1721 2367 1773 τος,
2397 1700 2486 1756 καὶ
2519 1702 2678 1756 αότὸν
2716 1703 2807 1757 τὸν
2852 1707 2951 1759 τοῦ
2995 1698 3314 1778 Τερὲϐωνος
3364 1704 3562 1775 νεκρὸν
3624 1703 3749 1776 μετὰ
3791 1705 3869 1755 τῶν

496 1809 629 1849 cum
672 1792 931 1864 pecuniis
962 1791 1325 1858 abstulisset,
1358 1791 1567 1847 seditio
1600 1792 1753 1846 inter
1785 1787 2141 1845 monasteria

2260 1791 2557 1865 χρημάτων
2590 1791 2950 1869 ἀφελομένου,
2997 1794 3183 1856 στάσις
3236 1792 3439 1866 μεταξὺ
3489 1796 3598 1847 τῶν
3648 1812 3871 1860 μοναστη·

495 1883 802 1951 excitatur,
826 1892 878 1937 el
910 1882 1253 1937 seditionem
1278 1880 1454 1937 etiam
1488 1880 1692 1936 divisio
1723 1878 2140 1951 consequitur:

501 1972 644 2028 adeo
678 1976 740 2026 ut
788 1970 1010 2026 Paulus
1058 1970 1273 2041 praedia
1313 1986 1438 2041 quae
1471 1968 1762 2042 Euthymii
1800 1968 1998 2024 Lauraa
2035 1966 2147 2022 ad-

495 2064 651 2134 jecta
680 2063 931 2129 fuerant,
976 2078 1142 2117 muro
1176 2061 1441 2127 cinxerit,
1473 2059 1691 2116 vallum
1722 2059 1869 2131 ipsis
1897 2059 2148 2114 circum-

495 2149 725 2220 jecerit,
758 2153 814 2205 et
842 2148 1055 2204 turrim
1105 2149 1555 2220 superstruxerit
1606 2164 1619 2203 :
1652 2147 1793 2219 quin
1831 2146 2008 2203 etiam
2059 2144 2150 2201 di-

511 2239 837 2294 versorium
888 2237 1187 2309 publicum
1238 2255 1270 2294 a
1310 2237 1496 2293 Laura
1538 2237 1699 2293 Sacae
1730 2236 1937 2293 emerit
1973 2252 2152 2309 prope

510 2332 735 2384 turrem
777 2327 1134 2396 Davidicam,
1176 2330 1233 2383 et
1288 2326 1349 2383 id
1380 2327 1555 2383 etiam
1602 2325 1900 2399 Euthymii
1951 2326 2151 2383 Laure

502 2414 853 2473 attribuerit.

576 2506 790 2561 Beatus
839 2520 979 2577 ergo
1010 2506 1304 2578 Cyriacus,
1348 2505 1617 2561 Fratrum
1662 2503 1948 2561 divisione
1975 2504 2156 2560 oﬂen-

509 2610 652 2662 sus;
684 2593 843 2666 quod
873 2610 1022 2666 quos
1073 2592 1159 2650 sol
1196 2592 1440 2650 insimul
1501 2609 1733 2665 semper
1760 2593 1932 2661 videt,
1968 2608 2153 2659 amor,

508 2700 623 2741 non
675 2684 923 2752 virtutis,
960 2700 1148 2755 neque
1196 2683 1557 2753 solitudinis,
1589 2684 1689 2739 sed
1737 2683 2000 2755 pecuniae
2037 2681 2155 2737 dis-

504 2773 799 2844 junxisset
856 2790 870 2829 :
927 2772 1091 2829 illinc
1164 2774 1397 2841 recedit,
1460 2778 1517 2829 et
1573 2772 1631 2828 in
1693 2774 1849 2828 Sucaa
1909 2772 2156 2828 Lauram

504 2864 667 2918 venit
712 2863 847 2935 (10).
908 2867 1167 2933 Cumque
1231 2862 1405 2934 longo
1452 2866 1717 2934 tempore
1768 2862 1826 2916 in
1883 2878 1948 2917 ea
2005 2868 2153 2917 esset

502 2955 786 3016 versatus.
817 2956 873 3007 et
902 2957 1152 3022 quatuor
1204 2951 1297 3006 his
1339 2950 1704 3020 ministeriis,
1746 2965 1957 3022 nempe
1989 2950 2159 3022 panis

505 3058 573 3097 ac
629 3039 839 3113 reliqui
899 3040 1134 3096 Fratum
1167 3040 1355 3096 victus
1399 3056 1561 3111 cura,
1593 3040 1963 3095 inﬁrmorum
1995 3054 2158 3095 cura'

504 3131 688 3196 tione,
737 3130 1034 3202 hospitum
1090 3129 1446 3201 exceptione,
1509 3129 1703 3185 Lauraa
1778 3127 2150 3185 administra-

507 3181 688 3286 ἑὲᾷιῖἐξ
738 3181 2149 3290 Eiiér'si—s—ana};25;;'pelidsétuﬁﬁTE'Qi
2179 3181 2229 3249 Ο

499 3311 771 3367 Fratrum
802 3309 1062 3367 omnium
1087 3309 1477 3366 conscientias
1498 3326 1621 3366 sum
1652 3308 1941 3381 patientiae
1971 3312 2146 3365 testes

498 3399 842 3468 invenisset,
873 3403 1048 3472 atque
1070 3399 1437 3468 humilitatis,
1462 3415 1566 3456 nec
1602 3415 1718 3455 non
1750 3397 1985 3470 reliquae
2017 3415 2147 3472 per-

498 3489 772 3545 fectionis
803 3505 976 3557 quam
1018 3488 1199 3545 divini
1232 3489 1496 3545 Canones
1528 3505 1563 3544 a
1591 3487 1989 3544 sacerdotibus
2017 3486 2144 3543 exi-

496 3583 664 3651 gunt,
707 3578 1158 3651 quadragesimo
1189 3577 1379 3635 aetatis
1411 3594 1564 3635 anno
1597 3578 1667 3634 ad
1718 3577 2148 3650 presbyteratus

495 3668 778 3726 honorem
837 3667 1194 3741 provehitur.
1254 3668 1563 3725 Sacrorum
1628 3676 1819 3723 autem
1880 3683 2148 3723 vasorum

501 3761 787 3831 custodia,
823 3770 877 3817 et
931 3759 1197 3816 Ecclesiae
1254 3776 1415 3828 cura,
1448 3761 1645 3816 decem
1699 3763 1758 3816 et
1787 3762 1915 3815 octo
1965 3774 2149 3815 annos

503 3852 618 3925 (12)
650 3851 785 3909 ﬁdei
817 3850 945 3921 ejus
977 3850 1198 3906 credita
1227 3854 1335 3906 est.

574 4127 703 4177 Hac
760 4135 985 4193 quoque
1037 4119 1107 4176 de
1163 4118 1398 4192 Cyriaco
1447 4119 1725 4175 dicuntur
1782 4133 1796 4173 :
1857 4115 2006 4189 quod
2063 4118 2148 4172 tot

504 4226 793 4267 annorum
825 4210 1025 4282 spatio,
1053 4226 1167 4265 non
1202 4209 1373 4265 modo
1404 4208 1491 4265 sol
1520 4223 1637 4265 non
1669 4206 1943 4264 occiderit
1971 4222 2149 4279 super

504 4299 1039 4371 ejusiracundiam,
1072 4300 1172 4356 sed
1204 4314 1277 4355 ne
1308 4298 1553 4355 minime
1577 4297 1841 4354 omnium
1873 4298 1959 4354 ira
1994 4312 2148 4352 com-

507 4392 703 4445 motus
720 4388 911 4455 fuerit,
936 4403 1125 4462 neque
1141 4404 1275 4445 eum
1307 4387 1518 4444 viderit
1540 4388 1666 4444 dies
1696 4388 2093 4443 comedentem
2128 4399 2144 4440 :

505 4479 776 4552 quodque
817 4478 1152 4536 divinorum
1198 4479 1549 4552 hymnorum
1580 4482 1815 4549 tempus
1847 4475 2147 4534 Fratribus

2251 1881 2380 1957 ρίων
2418 1879 2699 1957 ἐγείρεται·
2750 1883 2837 1936 καὶ
2888 1886 2957 1957 τῇ
3007 1882 3204 1954 στάσει,
3256 1883 3349 1937 καὶ
3411 1879 3670 1956 διαίρεσις
3715 1880 3870 1935 E1:sz-

2253 1970 2458 2039 λουθεῖ,
2519 1971 2595 2033 ὡς
2641 1971 2990 2046 ἀποτειχίσαι
3031 1993 3089 2027 τε
3130 1973 3223 2027 τὸν
3279 1973 3502 2028 Παῦλον
3559 1973 3626 2026 τὰ
3678 1989 3866 2043 προστε-

2255 2059 2412 2123 θὲντα
2439 2064 2507 2134 τῇ
2548 2066 2643 2116 τοῦ
2693 2061 2972 2136 Εύθυμίου
3030 2060 3205 2136 λαύρα
3256 2062 3467 2137 χωρία,
3517 2060 3607 2116 καὶ
3656 2060 3866 2139 φραγμὸν

2255 2149 2438 2212 αὐτοῖς
2531 2146 2869 2225 περιϐαλεῖν,
2975 2152 3063 2207 καὶ
3156 2150 3363 2226 πύργον
3454 2147 3867 2221 ἒποικοδομῆσαι,

2258 2238 2403 2295 ἀλλᾶ
2472 2241 2579 2312 μὴν
2648 2240 2738 2295 καὶ
2800 2238 3126 2316 πανδοχεῖον
3200 2241 3307 2296 ὰπὸ
3385 2248 3493 2310 τῆς
3572 2243 3667 2294 τοῦ
3728 2240 3871 2292 Σουκῖι

2259 2327 2465 2403 λαύρας
2516 2328 2753 2400 πλησίον
2806 2334 2904 2385 τοῦ
2960 2327 3240 2386 Δαυὶδείου
3310 2331 3533 2406 πῦργου
3590 2328 3869 2400 ὠνήσασθαι,

2258 2420 2349 2473 καὶ
2380 2423 2448 2493 τῇ
2479 2421 2577 2473 τοῦ
2608 2418 2887 2492 Εύθυμίου
2918 2420 3009 2475 καὶ
3039 2420 3175 2476 αὐτὸ
3205 2420 3527 2493 ἀπονεῖμαι.

2331 2507 2393 2564 Ὁ
2449 2506 2630 2562 τοίνυν
2702 2508 2967 2582 μακάριος
3031 2508 3302 2583 Κυριακὸς
3376 2508 3469 2565 ἐπὶ
3527 2512 3596 2583 τῇ
3659 2505 3872 2580 διαιρέσει

2264 2602 2371 2654 τῶι
2437 2594 2689 2676 ἀδελφῶν
2754 2598 3149 2673 προσοχθίσας,
3198 2597 3358 2663 ὅπως
3420 2600 3516 2661 οῦς
3558 2598 3611 2653 ἑν
3672 2598 3711 2651 τ’
3760 2595 3875 2662 αὐτῷ

2266 2690 2491 2761 [ταυτῷ]
2540 2686 2704 2757 ἥλιος
2754 2688 2830 2749 εἷς
2874 2688 2954 2743 ἀεὶ
3003 2688 3166 2761 ἑώρα·
3209 2682 3352 2764 ἔρως
3404 2687 3505 2744 ούκ
3550 2687 3732 2761 ἀρετῆς
3776 2678 3873 2737 οὐδὲ

2263 2776 2523 2852 ἡσυχίας,
2563 2775 2728 2855 ἀλλὰ.
2761 2778 3065 2852 χρημάτων
3126 2778 3249 2853 ἄρτι
3301 2775 3609 2848 διέστησεν,
3648 2773 3872 2846 ἀναχωρεῖ

2261 2887 2320 2922 τε
2380 2867 2606 2936 ἐκεῖθεν,
2664 2868 2753 2922 καὶ
2824 2866 2901 2929 εἷς
2965 2868 3064 2937 τὴν
3130 2871 3227 2922 τοῦ
3295 2872 3487 2923 Σουκᾶ
3548 2864 3865 2939 παραγίνεται.

2265 2956 2472 3030 Συχνὸν
2524 2955 2701 3011 τοίνυν
2752 2955 2804 3011 ἐν
2861 2954 2996 3029 αύτῇ
3047 2952 3332 3031 διατρίψας
3385 2955 3608 3031 χρόνον,
3652 2950 3731 3005 καὶ
3778 2949 3866 3001 τὲσ·

2264 3067 2429 3121 σαρας
2472 3048 2668 3108 ταύτας
2728 3043 3030 3117 διακονίας,
3079 3047 3180 3115 τήν
3242 3049 3354 3100 τῶν
3417 3043 3593 3119 ἄρτων
3653 3039 3729 3095 καί
3786 3040 3861 3103 τῆς

2262 3134 2467 3206 λοιπῆς
2514 3132 2729 3205 διαίτης
2785 3139 2892 3188 τῶν
2959 3130 3213 3211 ἀδελφῶν
3277 3133 3567 3206 πρόνοιαν,
3623 3130 3731 3204 [τὴν
3774 3127 3856 3178 τῶν

2256 3226 2560 3281 νοσούντων
2594 3222 2932 3297 ἐπιμέλειαν]
2963 3224 3064 3293 τὴν
3098 3221 3386 3298 ὑποδοχὴν
3432 3227 3538 3278 τῶν
3578 3218 3736 3290 ξένων,
3776 3214 3852 3281 τήν

2254 3324 2353 3388 τῆς
2405 3315 2607 3390 λαύρας
2657 3314 2978 3388 οἰκονομίαν
3026 3312 3077 3368 ἐν
3122 3312 3410 3391 διαφόροις
3471 3307 3605 3368 ἔτεσι
3654 3300 3852 3363 διατελέ-

2254 3430 2370 3478 σας,
2428 3408 2518 3462 καὶ
2584 3407 2681 3469 τὰς
2746 3410 2854 3463 τῶν
2918 3403 3166 3484 ἀδελφῶν
3230 3405 3491 3462 ἀπάντων
3554 3397 3851 3484 συνειδήσεις,

2258 3496 2532 3572 μάρτυρας
2579 3502 2677 3566 τῆς
2737 3495 2939 3557 οἰκείας
2996 3482 3280 3568 ὑπομονῆς
3334 3494 3429 3550 καὶ
3479 3496 3592 3558 ’τῆς
3648 3482 3856 3545 ταπεινώ-

2256 3608 2389 3651 σεως
2422 3587 2693 3662 εὑρηκὼς,
2740 3592 2843 3654 τῆς
2880 3606 2939 3641 τε
2988 3583 3166 3654 ἄλλης
3216 3580 3499 3661 ἀκριϐείας
3544 3581 3607 3652 ἤν
3659 3578 3703 3633 oi
3749 3576 3851 3628 θεῖοι

2254 3676 2469 3738 κανόνες
2519 3676 2646 3737 τοὺς
2706 3677 2869 3750 ἰερεῖς
2922 3674 3261 3744 ἀπαιτοῦσιν,
3315 3673 3369 3729 ἐν
3421 3672 3524 3729 ἔτει
3578 3681 3853 3738 τεσσαρακο-

2256 3771 2364 3839 στῷ
2416 3773 2516 3835 τῆς
2572 3763 2816 3835 ἡλικίας,
2876 3765 2951 3827 εἷς
3008 3766 3106 3833 τὴν
3164 3768 3260 3820 τοῦ
3320 3760 3673 3837 πρεσϐυτέρου
3717 3752 3850 3825 will"

2254 3855 2523 3930 ἀνάγεται.
2572 3855 2684 3925 Τήν
2735 3875 2797 3930 γε
2858 3855 2966 3928 μὴν
3025 3858 3132 3910 τῶν
3190 3852 3503 3926 κειμηλίων
3564 3854 3663 3903 τῶν
3720 3843 3845 3930 ἱερῶν

2254 3925 2526 4023 φυλακὴν,
2583 3943 2673 3999 καὶ
2725 3925 2824 4013 τὴν
2860 3925 2981 4012 τῆς
3039 3940 3369 4011 Ἐκκλησίας
3418 3937 3729 4012 ἐπιμέλειαν,
3776 3925 3847 3981 ὶπῖ

2255 4032 2382 4091 δέκα
2411 4035 2545 4109 πρὸς
2572 4038 2690 4096 τοῖς
2723 4032 2867 4088 ὀκτὼ
2895 4028 3066 4087 ἔτεσιν
3099 4029 3415 4103 ἐπιστεύθη.

2324 4126 2545 4201 Λὲγεται
2582 4118 2763 4197 μέντοι
2811 4122 2935 4197 περὶ
2985 4125 3256 4197 Κυριακοῦ
3304 4122 3396 4177 καὶ
3444 4122 3622 4185 ναῦτα,
3664 4112 3729 4172 ὡς

2253 4214 2418 4277 ὅλους
2447 4212 2575 4276 τοὺς
2605 4211 2898 4275 τοσούτους
2948 4211 3209 4287 χρόνους,
3258 4210 3321 4266 ού
3375 4210 3531 4285 μόνον
3580 4204 3674 4259 ούκ

2255 4302 2554 4361 ἐπιδύσειεν
2614 4304 2641 4357 ὁ
2697 4300 2863 4373 ἥλιος
3054 4300 3262 4357 ἐκείνου
3336 4281 3699 4376 παροργισμῷ,
3748 4281 3848 4341 ἀλλ’

2255 4394 2383 4451 ossi
2410 4396 2511 4464 τήν
2561 4394 2740 4471 ἀρχὴν
2783 4391 2927 4454 δλως
2967 4391 3267 4468 ὀργισθείη,
3318 4375 3441 4447 osa;
3487 4387 3712 4444 ἐσθίοντα
3746 4375 3845 4471 τοῦ·

2254 4506 2348 4541 τον
2388 4486 2423 4554 ἡ
2460 4460 2673 4559 ipso;
2698 4460 2829 4537 ἴδοι·
2900 4460 3010 4536 καὶ·
3186 4460 3248 4535 ού
3297 4477 3557 4553 πρότερόν
3610 4487 3737 4559 ποτεΔ
3775 4460 3845 4516 τὸν

412 4584 413 4587 ‘
502 4568 855 4643 significans,
890 4586 1003 4626 non
1045 4569 1206 4642 prius
1260 4585 1539 4641 umquam
1571 4567 1901 4641 pulsatione
1948 4581 2145 4623 cessa-

2260 4574 2441 4648 καιρὸν
2484 4546 2602 4635 τοῖς
2659 4568 2918 4651 ἀδελφοῖς
2972 4574 3080 4626 τῶν
3140 4568 3296 4635 θείων
3357 4546 3531 4643 ὕμνων
3587 4554 3843 4651 σημαίνων(

501 4661 648 4717 verit
694 4660 836 4732 quin
896 4677 1045 4733 pura
1075 4664 1132 4716 et
1188 4660 1564 4716 immaculata
1598 4659 1801 4731 lingua
1828 4664 2017 4714 totum
2044 4658 2150 4713 im-

507 4749 865 4807 maculatum
896 4749 976 4815 (id
1019 4756 1106 4806 est
1156 4748 1479 4818 Psalmum,
1512 4750 1672 4805 Beati
1710 4748 2065 4805 immaculati
2093 4749 2153 4803 in

496 4840 611 4914 via)
644 4839 1051 4912 percurrisset.

578 4929 835 5002 Septimo
866 4934 1063 4986 autem
1096 4932 1153 4986 et
1179 4929 1607 5002 septuagesimo
1636 4929 1822 4985 atatis
1861 4945 1975 4985 sua:
2005 4945 2155 4986 anno

499 5003 640 5093 (13),
674 5020 889 5077 tradita
916 5035 1081 5078 sacra
1128 5018 1501 5092 supellectili,
1533 5019 1703 5091 cujus
1734 5018 2000 5075 custodia
2046 5018 2159 5076 sibi

504 5109 728 5166 credita
785 5109 991 5178 fuerat,
1027 5107 1101 5165 ad
1149 5125 1413 5166 eremum
1471 5108 1737 5180 Natupha
1788 5108 2027 5177 secedit,
2070 5125 2159 5165 se-

594 5286 674 5357 (9)
695 5285 953 5358 Thomas
1010 5287 1184 5343 vitam
1244 5286 1432 5357 eXplet
1488 5303 1638 5343 anno
1696 5288 1820 5358 474,
1854 5287 2000 5344 forte
2049 5305 2164 5346 uno

524 5363 638 5431 aut,
656 5356 838 5431 altero
858 5375 1068 5431 mense
1092 5363 1223 5431 post
1254 5356 1475 5415 obitum
1518 5356 1819 5418 GerasimiL

596 5428 708 5503 (10)
740 5428 1015 5501 Cyriacus
1047 5428 1109 5488 in
1142 5433 1384 5488 Lauram
1432 5438 1593 5488 Sucaa
1626 5447 1689 5488 se
1719 5431 1984 5503 contulit,
2016 5448 2168 5489 anno
2277 5431 2335 5503 in

522 5495 626 5553 484
655 5495 921 5559 οὶευύῐθ.

2254 4631 2358 4721 τοῦ
2400 4663 2711 4738 κρούματος
2759 4631 3046 4731 παύσαιτο,
3092 4656 3197 4722 ἓως
3248 4655 3379 4715 ὅλον
3429 4659 3497 4729 τῇ
3546 4648 3733 4720 καθαρᾷ
3774 4631 3843 4691 καὶ

2260 4752 2481 4827 ἀμώμῳ
2506 4750 2727 4828 γλώςσᾳ
2757 4747 2960 4806 διέλθοι
2992 4748 3083 4805 τὸν
3118 4749 3370 4822 ἄμωμον.

2334 4926 2592 5004 Ἑϐδόμῳ
2633 4931 2815 5004 μέντοι
2864 4930 3001 5005 πρὸς
3044 4934 3163 4992 τοῖς
3215 4922 3585 5001 ἑϐδομήκοντα
3633 4910 3723 4970 ἔτει
3764 4902 3839 5005 τῆς

2265 5025 2433 5079 αὐτοῦ
2463 4990 2708 5093 ἡλικίας,
2759 5022 2826 5077 τὰ
2871 4990 3139 5094 κειμήλια
3177 5019 3252 5074 ὧν
3296 5019 3395 5089 τήν
3443 5008 3671 5094 φυλακὴν
3713 4990 3840 5094 "Pw

2269 5132 2454 5169 στιυτο
2488 5084 2801 5187 παραδοὺς,
2834 5111 2862 5165 ὁ
2919 5084 3036 5183 μὲν.
3060 5108 3147 5165 ἐπὶ
3194 5110 3293 5179 τήν
3331 5084 3426 5163 τοῦ
3455 5084 3700 5173 ’Νατουφᾶ
3739 5084 3839 5160 ⁸9⁷1⁸

2343 5288 2457 5359 (12)
2496 5286 2582 5359 Ab
2615 5300 2761 5341 anno
2788 5284 2894 5339 506
2925 5283 2996 5339 ad
3021 5287 3063 5359 ,ὅ
3110 5286 3145 5359 _2
3186 5281 3241 5359 4,

2345 5337 2456 5485 ςῖὲδ
2496 5337 2810 5431 ’ᾶὶνῖάόιὶέ
2835 5337 3064 5412 mansit
3112 5337 3172 5410 in
3205 5337 3383 5410 rrlaura
3433 5351 3583 5428 aucte
3632 5337 3691 5394 39
3736 5341 3823 5385 ⁸ου

2366 5448 2449 5485 ra.
2484 5429 2592 5485 hoc
2645 5436 2757 5485 est.
2787 5428 2860 5484 ab
2902 5435 3145 5485 exeunte
3174 5426 3275 5482 484
3311 5425 3381 5481 ad
3422 5420 3521 5477 524
3551 5411 3823 5485 inchoet"?

2366 5411 2452 5496 £5:
2484 5411 2604 5486 hoc
2628 5411 2757 5497 εει,
2787 5411 2881 5484 αδ
2902 5435 3145 5485 exeunte
3174 5426 3275 5482 484
3311 5425 3381 5481 ad
3400 5411 3843 5497 A524_inc‘hqglljin:

2279 5468 3597 5572 ἓῆἰὲε“’7’ὁ””οι”ιῗιὲιιῖἒι,Ἕίἲέὲῖιόἕῖυέἶῆἰζ
3627 5468 3839 5546 Natupha

592 5568 706 5696 $.11)
760 5570 982 5654 Nempe
1036 5572 1421 5646 incompletis,
1466 5572 1731 5633 videlicet
1786 5576 1859 5634 ab
1928 5579 2173 5634 exeunte
2280 5574 2563 5634 mansit5
2596 5568 2786 5631 annis.

521 5639 588 5696 48
655 5642 723 5696 ad
757 5642 1102 5696 inchoatum
1134 5645 1258 5696 488.

655 5642 723 5698 ad
757 5642 1103 5702 inchoatum
1134 5642 1258 5701 488'.
