4094 6230
264 352 382 417 829
1664 351 1851 413 VITA
1894 352 1958 413 S.
2005 350 2340 413 (SYRIACI.
3556 358 3677 421 830

269 536 371 589 μον
410 514 696 594 ἀναχωρεῖ
729 531 741 548 ⁸
792 516 872 585 τῷ
937 508 995 568 δὶ
1052 508 1155 587 ἄρα
1225 511 1317 567 καὶ
1387 511 1659 587 μαθητὴς,
1710 510 1913 571 εἵπετο.

2033 519 2239 586 quente
2273 511 2580 586 discipulo.
2607 515 2750 570 Cum
2783 513 2975 585 itaque
2995 513 3127 571 cibo
3157 515 3425 574 destituti
3458 527 3676 589 essent,

267 604 686 679 Ἀπομούμενοι
731 602 909 658 τοίνυν
951 609 1182 680 τροφῆς,
1213 604 1304 657 καὶ
1354 603 1456 658 οὐκ
1512 601 1731 678 ἔχοντες
1790 601 1911 667 ὅθεν

2033 618 2124 659 uec
2198 602 2482 659 baberent
2544 605 2695 659 unde
2757 608 2977 659 natura:
3044 608 3449 664 necessitatem
3509 610 3671 666 sola-

265 697 366 763 τὴν
395 701 496 763 τῆς
529 693 740 770 φύσεως
771 691 1009 767 ἀνάγκην
1056 694 1538 766 παραμυθήσονται
1570 708 1586 723 ⁸
1630 689 1758 747 οὐδε
1811 692 1914 767 γὰρ

2033 698 2223 748 rentur
2266 693 2346 762 (in
2380 692 2481 747 illa
2520 694 2734 764 quippe
2772 709 2966 749 eremo
3000 711 3071 750 ne
3104 696 3386 767 melagria
3428 699 3667 769 quidem

269 783 422 862 [οὐδὲ
457 789 502 854 11
557 782 833 858 μελάγρια
883 783 1019 838 κατᾶ
1062 786 1162 853 τὴν
1196 782 1401 858 ἔρημον
1436 782 1659 863 πεφύκει
1695 802 1707 815 ·
1750 787 1917 837 ταῦτα

270 876 376 954 γὰρ
435 876 590 944 ἱκανή
669 872 886 935 τούτοις
951 871 1185 937 ἑστίασις
1248 874 1341 941 ἦν,
1410 869 1629 947 εὔχεται
1688 873 1716 925 6
1774 873 1916 933 θεῖος

274 963 541 1040 Κυριακὸς
590 967 669 1034 τῷ
720 967 859 1034 Θεῷ,
909 964 1117 1039 τροφήν
1171 961 1357 1024 αὐτοῖς
1415 959 1475 1017 ἐκ
1529 966 1637 1016 τῶν
1698 960 1921 1015 ἐνταῦθα

277 1052 464 1111 δοῦναι
510 1050 753 1108 σκιλλῶν
805 1051 1055 1125 [σκιλῶν]
1092 1070 1105 1084 ⁸
1168 1048 1418 1124 δαψιλῶς
1473 1050 1573 1124 γὰρ
1629 1049 1836 1105 τούτων
1884 1051 1919 1117 ἠ

274 1138 481 1218 ἕρημος
538 1143 631 1198 καὶ
688 1142 940 1220 ἀφθόνως
990 1141 1125 1217 εἶχε.
1170 1142 1268 1196 Καὶ
1313 1141 1449 1215 πρὸς
1505 1142 1597 1196 τὸν
1671 1140 1922 1214 μαθητὴν

274 1230 642 1310 ἰπιστραφεὶς.
719 1230 1022 1307 Συνάγαγε,
1084 1231 1240 1307 φησὶ,
1309 1227 1494 1285 τέκνον
1560 1229 1623 1284 ἐκ
1690 1243 1925 1298 τουτωνὶ

270 1327 381 1379 τῶν
435 1319 676 1377 σκιλλῶν
720 1318 947 1393 [σκιλῶν
985 1322 1059 1392 1],
1090 1320 1179 1374 καὶ
1212 1318 1347 1380 ἅλας
1377 1315 1656 1374 ἐπιϐαλὼν
1710 1319 1925 1385 αὐταῖς,

271 1410 323 1466 ἐν
364 1410 541 1486 χύτρᾳ
587 1408 793 1484 ἵψησον
828 1427 841 1441 ·
874 1409 967 1464 καὶ
1018 1406 1320 1484 εὐλογητὸς
1373 1408 1401 1461 6
1457 1407 1609 1479 Θεὸς,
1643 1408 1726 1463 δτι
1778 1404 1924 1462 ἔσται

268 1499 363 1555 καὶ
390 1502 527 1573 ἡμῖν
559 1498 609 1569 ἐξ
651 1498 833 1553 αὐτῶν
866 1499 1269 1573 χορτασθῆναι.

341 1591 525 1646 Ταῦτα
564 1589 593 1643 6
627 1588 721 1660 μὶν
750 1591 830 1658 τῷ
864 1589 1083 1659 μαθητῇ
1142 1583 1489 1657 ἐπισκήπτει,
1520 1586 1651 1648 Θεὸς
1713 1582 1771 1640 δὲ
1829 1592 1929 1654 τῆς

273 1678 445 1755 εὒχῆς
512 1675 713 1732 ἄνωθεν
779 1675 1018 1747 ἐπήκοος
1064 1676 1151 1744 ἦν,
1185 1677 1213 1729 6
1264 1677 1354 1730 καὶ
1412 1672 1561 1749 ὕδωρ
1618 1674 1677 1730 ἰκ
1731 1672 1930 1749 πέτρας

269 1768 549 1843 πηγάσας,
581 1766 669 1821 καὶ
717 1768 817 1835 τὴν
860 1762 1081 1833 πολλὴν
1124 1763 1330 1834 ἐκείνην
1370 1768 1473 1831 τῆς
1517 1763 1730 1839 Μερῥᾶς
1790 1765 1927 1836 [Ms-

272 1864 370 1933 ρᾶς
432 1859 485 1931 1]
534 1856 757 1930 πικρίαν
818 1855 894 1911 είς
951 1853 1224 1929 ἀνάλογον
1282 1855 1520 1928 ἀμείψας
1585 1852 1923 1929 γλυκύτητα.

270 1947 339 2006 Δῖ
382 1968 440 2002 τε
485 1946 586 2024 γὰρ
636 1943 884 2013 σκίλλαι,
914 1946 1011 2007 τῆς
1050 1943 1291 2022 ἐμφύτου
1339 1942 1430 1999 καί
1482 1942 1635 1998 odim
1694 1941 1913 2017 πικρίας

276 2056 345 2110 με
389 2032 609 2105 ἔϐαλον,
665 2034 756 2089 καὶ
812 2033 888 2095 εἷς
958 2033 1221 2108 τέσσαρας
1290 2031 1341 2103 ἐξ
1402 2032 1606 2087 ἐκείνου
1679 2031 1913 2106 χρόνους

270 2128 449 2205 τροφή
499 2130 617 2187 τοῖς
698 2124 987 2198 μακαρίοις
1028 2122 1278 2198 ἐγένοντο
1329 2121 1588 2197 [ὶγίνοντο
1638 2124 1712 2194 1].
1748 2118 1911 2188 Λλλ’,

276 2237 299 2266 ι
335 2218 453 2274 Οὐκ
508 2213 890 2290 ἐγκαταλείψει
950 2212 1147 2288 Κύριος
1194 2212 1323 2275 τοὺς
1400 2212 1586 2276 ὁσίους
1642 2211 1832 2280 αὐτοῦ,
1884 2236 1912 2264 ››

269 2304 534 2379 εὐκαίρως
593 2309 672 2377 τῷ
736 2304 868 2378 ἱερῷ
908 2299 1072 2358 Δαυῗδ
1141 2300 1366 2357 ἐνταῦθα
1414 2301 1708 2375 εἰρήσεται.
1745 2302 1913 2375 Ἀνήρ

266 2395 370 2470 γάρ
399 2416 483 2457 τις
521 2394 628 2449 ἀπὸ
670 2400 773 2463 τῆς
817 2394 1012 2465 κώμης
1068 2396 1293 2448 Θεκωῶν
1342 2392 1578 2463 [Θεκόων
1636 2394 1710 2463 1],
1768 2392 1914 2465 παρὰ

265 2492 375 2541 τῶν
436 2483 488 2541 ἐν
532 2490 601 2559 τῇ
661 2484 854 2557 ἰρήμῳ
909 2482 1195 2557 θρέμματα
1268 2484 1545 2556 νεμόντων
1611 2484 1911 2555 πυθομενος

268 2576 336 2630 τὰ
392 2574 531 2629 κατὰ
584 2574 676 2628 τὸν
738 2573 1030 2647 Κυριακὸν,
1088 2570 1281 2646 ἇίρτους
1368 2574 1601 2645 θερμοὺς
1659 2570 1747 2625 ἐπὶ
1816 2572 1909 2625 τὸν

270 2659 392 2718 ὄνον
449 2665 579 2737 [τῶν
640 2661 774 2717 ὄνων
815 2665 867 2736 1]
918 2662 1195 2736 ἐνθέμενος
1254 2661 1377 2731 ἥκει
1410 2680 1423 2693 ’
1458 2662 1547 2715 καὶ
1604 2663 1731 2735 παρ’
1762 2660 1912 2733 αὐτῷ

268 2752 516 2814 καταθεὶς
573 2752 667 2806 τὸν
719 2752 940 2828 φόρτον,
1010 2751 1184 2807 ἄπιὼν
1252 2748 1431 2825 ᾤχετο
1475 2768 1488 2781 ·
1550 2750 1640 2804 καὶ
1698 2751 1913 2812 τούτοις

272 2843 301 2897 ὗ
336 2842 599 2916 Κυριακὸς
638 2844 734 2896 τοῦ
784 2839 982 2897 λοιποῦ
1029 2840 1121 2895 σὺν
1170 2838 1250 2913 τῷ
1282 2842 1501 2913 μαθητῇ
1535 2836 1707 2909 διέζη.
1733 2836 1913 2895 Ἀλλᾶ

267 2932 393 2986 τότε
426 2932 519 3003 μὶν
548 2932 575 2985 ὁ
610 2932 859 3004 μαθητὴς
889 2931 981 2985 τὸν
1021 2932 1227 3001 συνήθη
1286 2930 1487 3005 τρόπον
1538 2930 1633 2991 τὰς
1682 2927 1909 2991 όκίλλας

269 3019 495 3094 ἐψησας,
568 3022 643 3094 μή
702 3020 991 3094 ἂπιτραπὶν
1081 3019 1225 3092 αὐτῷ
1282 3021 1385 3074 ὑπὸ
1458 3023 1554 3074 τοῦ
1642 3016 1910 3093 μακαρίου

271 3113 563 3182 Κυριακοῦ,
606 3103 755 3165 ἔθετο
823 3106 1058 3165 δεῖπνον.
1100 3109 1234 3166 Εἶτα
1290 3109 1388 3177 τήν
1458 3106 1631 3162 αὐτῶν
1692 3106 1911 3179 πικρίαν

272 3199 373 3255 οὐκ
416 3197 702 3273 ἰνεγκόντι,
733 3198 888 3268 καὶὴ
923 3196 1147 3271 δύναμις
1202 3197 1347 3269 αὐτῷ
1394 3198 1528 3271 μετᾶ
1581 3203 1681 3266 τῆς
1732 3203 1915 3273 φωνῆς

271 3284 519 3358 ἐσϐέσθη,
553 3288 644 3343 καὶ
701 3288 831 3344 ὡσεὶ
879 3289 1068 3363 νεκρὸς
1120 3286 1315 3343 ἔκειτο.
1367 3282 1680 3358 Συμϐαλὼν
1737 3287 1915 3340 τοίνυν

274 3380 303 3434 6
354 3379 496 3440 θεῖος
554 3378 832 3452 Χυριακὸς
892 3380 993 3446 τῆς
1067 3382 1350 3452 συμφορᾶς
1406 3378 1506 3445 τὴν
1566 3375 1768 3444 αἰτίαν,
1827 3375 1918 3430 καὶ

271 3474 464 3544 χεῖρας
522 3467 598 3529 εἰς
652 3468 967 3541 προσευχὴν
1034 3466 1167 3541 ὑπὲρ
1241 3470 1339 3521 τοῦ
1403 3469 1650 3538 μαθητοῦ
1708 3462 1918 3539 διάρας,

274 3556 525 3627 ἀνίστησι
582 3560 801 3625 τοῦτον,
859 3556 950 3611 καὶ
1009 3560 1117 3612 τῶν
1193 3556 1351 3620 θείων
1428 3555 1577 3628 αὐτῷ
1653 3552 1916 3628 μεταδους

276 3654 377 3715 τῆς
410 3642 614 3709 δειλίας
644 3644 824 3716 ἠπίως
856 3640 1248 3719 ἀναλαμϐάνει.

353 3734 557 3812 Ὀλίγῳ
586 3732 645 3791 δὲ
674 3736 892 3810 ὕστερον
940 3734 1306 3791 ἐπιλιπόντων
1354 3733 1537 3796 αὐτοῖς
1597 3734 1817 3808 [αὐτοὺς
1864 3736 1921 3807 2]

276 3828 388 3880 τῶν
436 3822 635 3898 ἄρτων,
681 3822 1084 3901 [χαλεπωτάτῳ
1143 3822 1295 3897 λιμῷ
1354 3824 1672 3902 συνείχοντο
1730 3822 1918 3880 πάλιν.

279 3914 386 3973 Καὶ
433 3913 621 3989 πάλιν]
663 3916 691 3971 6
752 3916 1015 3989 μακάριος
1047 3915 1202 3976 οὗτος
1248 3916 1339 3971 τὸν
1378 3914 1628 3987 μαθητὴν
1689 3911 1919 3974 σκίλλας

280 4004 468 4069 αὐτοῖς
541 4002 755 4060 δεῖπνον
839 4005 1239 4081 παρασκευάσαι
1302 4003 1701 4079 προτρέπεται..
1742 4004 1803 4058 '0
1864 3998 1922 4057 δὲ

278 4095 380 4163 τὴν
458 4097 669 4172 τροφὴν
760 4093 1201 4170 ἐξεργασάμενος,
1254 4093 1343 4149 καὶ
1400 4093 1599 4163 ταύτην
1677 4093 1920 4167 προθεὶς,

281 4185 437 4259 ὅμως
504 4181 762 4240 ἐδεδοίκει
839 4187 1170 4263 χρήσασθαι.
1226 4184 1417 4259 Εἰσῄει
1498 4184 1598 4259 γὰρ
1684 4181 1842 4237 αὐτὸν
1884 4184 1918 4251 ἡ

282 4269 637 4350 προλαϐοῦσα
663 4274 853 4349 πικρία
884 4293 897 4307 ⁸
930 4275 1018 4330 καὶ
1071 4276 1219 4335 ὅπως
1278 4273 1531 4350 φαγόντα,
1563 4271 1624 4327 οὐ
1667 4272 1729 4327 τὸ
1760 4273 1921 4349 φθεγ-

281 4365 466 4438 γεσθαι
499 4362 684 4436 μόνον,
716 4361 863 4419 ἀλλὰ
890 4365 981 4419 καὶ
1010 4365 1072 4419 τὸ
1123 4366 1385 4428 κινεῖσθαι
1428 4362 1588 4417 αὐτὸν
1642 4359 1919 4417 ἒπὲλιπεν.

280 4452 705 4531 Βῦλογτςσαντος
765 4452 861 4527 μὲν
900 4475 989 4509 τοι
1048 4458 1145 4510 τοῦ
1202 4457 1500 4528 Κυριακοῦ,
1531 4452 1620 4507 καὶ
1678 4452 1772 4505 τὸν
1822 4454 1921 4505 τοῦ

283 4547 517 4618 σταυροῦ
590 4544 758 4599 τύπον
838 4539 1220 4612 ἐπιϐαλόντος,
1293 4543 1409 4598 εἶτα
1490 4542 1577 4597 καὶ
1645 4540 1927 4617 ἁψαμένου

2012 3551 2345 3627 μυστηρίων,

2022 783 2433 851 nascebantur,
2475 800 2602 855 quae
2650 790 2801 839 certe
2847 785 2929 840 eis
2968 786 3038 840 ad
3098 786 3431 843 convivium
3496 790 3674 845 suffe-

2024 872 2306 945 cissent);
2339 877 2521 928 Deum
2566 878 2734 945 rogat
2776 872 3009 929 divinus
3052 875 3347 947 Cyriacus,
3384 880 3448 932 ut
3477 877 3675 934 cibum

2024 962 2165 1033 ipsis
2192 978 2259 1017 ex
2282 961 2399 1017 illic
2421 963 2786 1018 exstantibus
2816 963 2998 1018 scillis
3028 963 3385 1035 impertiret;
3422 965 3494 1020 iis
3516 966 3674 1021 enim

2026 1050 2363 1107 abundabat
2393 1050 2494 1106 illa
2523 1050 2798 1107 solitudo.
2833 1052 3269 1125 Conversusque
3309 1054 3379 1109 ad
3424 1054 3677 1125 discipu-

2026 1139 2173 1207 lum,
2210 1139 2449 1212 Collige,
2481 1140 2698 1212 inquit,
2746 1140 2850 1209 fili,
2884 1158 2953 1197 ex
2994 1141 3087 1199 his
3139 1142 3344 1209 scillis,
3380 1147 3437 1198 et
3493 1143 3675 1203 salem

2029 1228 2146 1284 illis
2211 1245 2544 1301 aspergens,
2605 1246 2790 1302 coque
2840 1231 2899 1287 in
2966 1231 3131 1287 olla:
3193 1238 3272 1301 et,
3332 1232 3679 1290 Benedictus

2031 1320 2205 1386 Deus,
2238 1318 2517 1391 quoniam
2547 1334 2617 1374 ex
2647 1318 2767 1375 illis
2800 1319 2973 1376 nobis
3012 1320 3168 1377 vesci
3196 1321 3415 1378 licebit.

2106 1591 2239 1643 Haec
2268 1586 2365 1642 ille
2396 1586 2632 1659 quidem
2664 1588 2949 1661 discipulo
2993 1592 3249 1648 mandat.
3290 1594 3439 1652 Deus
3490 1600 3686 1654 autem

2034 1675 2264 1733 caelitus
2318 1692 2515 1748 preces
2564 1676 2805 1745 audivit,
2856 1679 2955 1750 qui
3016 1685 3073 1735 et
3124 1698 3339 1752 aquam
3414 1700 3482 1739 ex
3523 1690 3687 1756 petra

2037 1765 2317 1822 scaturire
2374 1765 2529 1832 fecit,
2580 1770 2638 1822 et
2695 1768 3012 1824 maximam
3068 1769 3229 1826 illam
3289 1772 3457 1829 Maras
3516 1791 3681 1831 ama-

1954 1854 2349 1943 Britudinem
2430 1855 2491 1911 in
2570 1872 2887 1928 congruam
2966 1858 3333 1917 dulcedinem
3416 1879 3683 1920 commu-

2032 1945 2188 1999 tavit.
2223 1943 2411 2000 Scilla:
2445 1960 2701 2016 namque
2732 1946 2991 2002 innatam
3018 1948 3471 2007 amaritudinem
3503 1953 3680 2025 depo-

2026 2049 2215 2100 suere,
2260 2037 2317 2089 et
2365 2033 2572 2089 exinde
2622 2050 2724 2105 per
2755 2036 3209 2107 quadriennium
3250 2038 3437 2095 beatis
3469 2040 3587 2097 illis
3617 2043 3679 2099 in

2025 2120 2153 2177 cibo
2217 2121 2397 2177 fuere.
2468 2122 2572 2177 Sed
2624 2122 2790 2191 illud,
2835 2124 2954 2180 Non
3010 2126 3355 2199 derelinquat
3414 2129 3678 2187 Dominus

2022 2215 2242 2267 sancto:
2273 2226 2420 2279 suos,
2453 2216 2784 2283 opportune
2814 2230 2846 2267 a
2877 2230 3044 2270 sacro
3077 2214 3280 2285 David,
3315 2217 3406 2274 hic
3435 2218 3673 2276 dicitur.

2022 2299 2125 2356 Vir
2178 2301 2335 2357 enim
2377 2300 2613 2370 quidam
2645 2316 2715 2357 ex
2744 2300 2868 2358 vico
2897 2302 3278 2376 Thecoorum,
3314 2322 3447 2363 cum
3485 2324 3553 2364 ex
3584 2309 3677 2377 iis,

2025 2391 2126 2465 qui
2158 2390 2217 2446 in
2265 2405 2460 2445 cremo
2509 2401 2719 2461 pecora
2772 2392 3109 2464 pascebant,
3144 2394 3213 2450 de
3246 2396 3485 2468 Cyriaco
3515 2398 3678 2454 audi-

2024 2479 2222 2544 visset,
2268 2479 2519 2550 panibus
2548 2480 2753 2536 calidis
2798 2481 2961 2537 asino
3006 2484 3299 2555 impositis
3343 2489 3584 2553 accedit,
3619 2492 3677 2544 et

2022 2586 2195 2625 onere
2243 2570 2400 2641 apud
2456 2584 2591 2625 eum
2650 2571 2935 2642 deposito,
2979 2573 3142 2644 abiit,
3175 2575 3383 2647 hisque
3432 2576 3491 2632 in
3537 2578 3677 2635 reli-

2022 2674 2202 2731 quum
2253 2657 2526 2730 Cyriacus
2592 2673 2729 2715 cum
2796 2660 3086 2732 discipulo
3153 2664 3327 2719 vitam
3386 2666 3666 2724 traduxit.

2021 2748 2303 2818 Tuncque
2352 2746 2699 2819 discipulus,
2752 2749 2933 2804 coctis
2980 2750 3053 2805 de
3103 2766 3264 2807 more
3312 2753 3517 2822 scillis,
3550 2772 3667 2813 non

2012 2834 2217 2906 jussus
2261 2851 2296 2890 a
2351 2834 2520 2891 beato
2569 2834 2805 2907 Cyriaco
2854 2852 2950 2893 eas
3000 2837 3058 2893 in
3104 2854 3329 2896 cmnam
3376 2844 3668 2912 apposuit.

2024 2925 2239 2981 Deinde
2268 2940 2401 2983 cum
2445 2941 2649 2982 earum
2683 2942 2797 2982 non
2831 2927 3006 2983 ferret
3040 2929 3519 3002 amaritudinem,
3555 2949 3674 2991 una

2023 3030 2156 3069 cum
2198 3029 2335 3070 voce
2381 3014 2533 3070 vires
2563 3014 2693 3085 ejus
2736 3016 3028 3073 exstinctae
3073 3023 3232 3089 sunt,
3263 3027 3320 3075 et
3368 3024 3669 3093 tamquam

2025 3108 2295 3159 mortuus
2356 3104 2611 3174 jacebat.
2653 3105 2795 3161 Cum
2863 3106 3061 3179 itaque
3107 3107 3342 3166 divinus
3391 3110 3671 3182 Cyriacus

2024 3194 2330 3250 infortunii
2361 3210 2599 3251 causam
2647 3194 3046 3265 intellexisset,
3083 3206 3139 3253 et
3171 3215 3382 3256 manus
3408 3202 3478 3256 ad
3500 3218 3678 3259 oran-

2028 3285 2169 3339 dum
2205 3299 2306 3355 pro
2338 3284 2623 3355 discipulo
2654 3286 3018 3350 sustutisset,
3059 3287 3255 3357 ipsum
3287 3290 3507 3359 erexit;
3537 3292 3677 3348 divi-

2032 3388 2220 3445 naque
2250 3372 2336 3428 illi
2378 3373 2721 3445 impertiens
2751 3380 3142 3445 sacramenta,
3174 3394 3385 3435 sanum
3416 3380 3678 3452 protinus

2031 3464 2309 3528 reddidit,
2336 3469 2395 3519 et
2424 3464 2672 3535 benigne
2702 3482 2736 3520 a
2765 3466 2974 3521 timore
3006 3470 3303 3527 recreavit.

2442 3552 2567 3626 ὑγιῆ
2656 3574 2712 3607 τε
2792 3553 3215 3627 ἀποκαθίστησιν
3313 3559 3526 3633 αὐτίκα,
3594 3562 3684 3617 καὶ

2105 3734 2236 3789 Post
2285 3733 2455 3806 paulo
2497 3737 2690 3790 autem
2722 3734 3133 3792 deﬁcientibus
3168 3739 3437 3809 panibus,
3463 3741 3677 3812 gravis-

2029 3821 2179 3878 sima
2237 3839 2442 3878 rursus
2506 3822 2661 3878 fame
2720 3825 3153 3895 premebantur.
3212 3827 3422 3886 Beatus
3482 3834 3678 3886 autem

2028 3911 2124 3967 ille
2172 3911 2530 3984 discipulum
2581 3911 2793 3969 iterum
2845 3929 2915 3972 ex
2964 3913 3151 3971 sciltis
3201 3932 3424 3973 coenam
3476 3936 3679 3990 parare

2022 4000 2209 4072 jubet.
2246 4000 2345 4057 Ille
2378 4017 2510 4057 vero
2541 4017 2675 4057 cum
2726 4002 2921 4059 cibum
2969 4008 3240 4075 paratum
3270 4008 3677 4078 apposuisset,

2028 4106 2095 4147 eo
2128 4097 2323 4146 tamen
2357 4090 2440 4145 uti
2490 4092 2817 4148 verebatur.
2850 4092 3105 4149 Venerat
3134 4094 3291 4150 enim
3343 4096 3395 4151 ei
3426 4095 3485 4153 in
3518 4114 3682 4155 meu-

2030 4183 2147 4235 tem
2181 4180 2509 4252 praecedens
2538 4182 2886 4249 amaritudo,
2919 4186 2978 4239 et
3007 4184 3506 4254 quemadmodum
3541 4204 3677 4245 cum

2029 4270 2400 4337 comedisset,
2443 4286 2559 4325 non
2609 4271 2783 4326 modo
2835 4287 2965 4341 vox,
2999 4288 3203 4345 verum
3259 4276 3433 4331 etiam
3479 4281 3678 4335 motus

2030 4372 2163 4414 eum
2196 4358 2519 4415 defecisset.
2562 4358 2843 4431 Cyriacus
2872 4370 3061 4416 autem
3095 4361 3231 4417 data
3253 4363 3675 4433 benedictione,

2031 4447 2323 4519 signoque
2353 4448 2544 4504 crucis
2576 4449 2902 4519 etformato,
2925 4466 2993 4505 ex
3025 4451 3306 4522 appositis
3328 4455 3600 4527 sumpsit,
3624 4461 3681 4512 et

2039 4535 2198 4606 prior
2226 4535 2519 4605 comedit;
2546 4536 2891 4609 [discipulus
2904 4554 3034 4594 vero
3057 4546 3359 4612 resumpta
3380 4543 3591 4601 ﬁducia
3612 4562 3682 4602 ex

280 4636 388 4687 τῶν
474 4632 843 4709 προκειμένων
922 4632 1011 4687 καὶ
1067 4634 1288 4707 πρώτου
1348 4631 1637 4707 φαγόντος,
1694 4630 1919 4704 ἀναθαρ·

2039 4605 2168 4680 cibo
2222 4626 2491 4698 accepit,]
2526 4605 2814 4699 amboque
2863 4628 3127 4700 jucunde
3186 4605 3585 4705 comederunt,
3625 4638 3683 4692 et

285 4724 454 4793 σήσας
484 4722 573 4776 καὶ
607 4723 635 4777 6
670 4724 942 4795 μαθητής,
975 4723 1132 4784 εὐθὺς
1181 4722 1385 4792 ἥπτετο
1419 4741 1432 4755 ο
1475 4720 1565 4777 καὶ
1622 4715 1817 4797 ἔφαγόν
1868 4739 1925 4775 τε

290 4809 462 4881 ἣδέως
490 4810 579 4866 καὶ
610 4812 812 4873 ἱκανως
840 4812 1221 4883 ἀνεκτήσαντο.

356 4900 612 4974 Ηίμπτος
670 4907 770 4971 τῆς
828 4900 879 4955 ἐν
939 4906 1018 4974 τῷ
1076 4906 1331 4979 Νατουιρᾷ
1389 4902 1569 4973 τούτῳ
1636 4894 1925 4975 διατριϐῆς

285 4991 479 5059 ἠνύετο
519 4992 717 5065 χρόνος
753 5008 765 5021 ’
800 4990 887 5046 καί
918 4994 1067 5055 τινός
1102 4992 1195 5065 μὶν
1226 4993 1340 5053 υίὸς
1370 4994 1478 5045 τῶν
1512 4989 1564 5045 ἂν
1593 4993 1662 5063 τῇ
1694 4993 1923 5045 Θεκωῶν

287 5080 523 5152 [Θεκόων
558 5083 608 5153 1]
642 5100 871 5156 πονηρῳ
912 5082 1195 5155 συνείχετο
1236 5080 1506 5153 πνεύματι
1539 5100 1551 5113 δ
1586 5079 1675 5134 καὶ
1725 5077 1926 5155 δυσφό-

282 5188 392 5243 ρων
442 5170 565 5247 εἶχε
616 5171 706 5225 καὶ
762 5170 1045 5245 χαλεπῶς.
1078 5171 1161 5229 Τὰ
1208 5172 1329 5244 περὶ
1377 5174 1473 5226 τοῦ
1524 5168 1667 5234 θείου
1701 5166 1757 5223 δὶ
1816 5170 1926 5225 Κυ-

283 5262 474 5333 ριακοῦ
526 5260 711 5331 μαθὼν
753 5256 949 5316 ’έκαστα
1001 5262 1029 5316 6
1072 5262 1276 5336 πατὴρ,
1308 5262 1434 5332 παρ’
1483 5259 1643 5315 αὐτόν
1702 5279 1760 5314 τε
1808 5255 1925 5333 ἄγει

278 5348 372 5403 τὸν
427 5344 617 5416 παῖδα,
664 5348 754 5403 καὶ
833 5351 1050 5424 θερμῶς
1124 5347 1316 5423 ἐδεῖτο,
1358 5350 1552 5423 ἀμῦναι
1630 5352 1708 5420 τῷ
1771 5344 1926 5403 παιδὶ

278 5435 543 5512 χαλεπῶς
586 5440 955 5513 κάμνοντι.’0
1006 5437 1063 5495 δὶ
1100 5440 1189 5495 καὶ
1248 5438 1588 5518 ἀμφοτέρους
1636 5436 1929 5511 οἷκτείρας,

277 5528 372 5583 τὸν
435 5529 529 5603 μὶν
581 5533 678 5585 τοῦ
737 5530 964 5603 πάθους,
1025 5530 1117 5587 τὸν
1187 5527 1245 5587 δὲ
1306 5536 1407 5599 τῆς
1474 5526 1563 5585 ἐπὶ
1636 5531 1717 5600 τῷ
1773 5522 1929 5583 παιδὶ

350 5696 465 5770 (ιιι)
502 5697 641 5755 Ann.
692 5700 815 5757 529.

2035 4713 2268 4770 abunde
2300 4716 2497 4771 refecti
2529 4721 2689 4771 sunt.

2107 4899 2355 4966 Quintus
2392 4900 2513 4972 jam
2562 4899 2903 4972 explebatur
2949 4921 3140 4962 annus
3171 4908 3303 4978 (14).
3342 4925 3411 4966 ex
3454 4927 3571 4982 quo
3616 4912 3677 4969 in

2035 4989 2307 5061 Natupba
2353 4989 2462 5046 isto
2519 4990 2909 5047 versabatur:
2958 4997 3015 5049 et
3070 4996 3378 5067 cujusdam
3427 4998 3583 5055 ﬁlius
3614 5017 3683 5056 ex

2037 5078 2161 5134 vico
2211 5079 2569 5135 Thecoorum
2619 5079 2871 5151 maligno
2918 5082 3123 5154 spiritu
3187 5092 3489 5159 correptus
3520 5094 3685 5146 tene-

2038 5166 2229 5233 batur,
2257 5166 2623 5239 graviterque
2670 5184 2737 5224 ac
2787 5169 3024 5226 moleste
3064 5174 3362 5243 agebatur.
3401 5178 3541 5232 Cum
3574 5194 3686 5234 au-

2038 5261 2154 5312 tem
2206 5256 2277 5311 de
2325 5255 2518 5312 divino
2568 5259 2805 5330 Cyriaco
2854 5258 3088 5331 singula
3146 5263 3449 5322 didicisset
3495 5272 3681 5339 pater,

2038 5344 2225 5401 ﬁlium
2276 5344 2348 5401 ad
2400 5362 2534 5402 eum
2584 5346 2844 5417 adducit,
2893 5349 3381 5426 vehementerque
3429 5360 3593 5427 rogat
3623 5362 3685 5416 ut

2039 5432 2191 5491 male
2220 5434 2512 5491 laboranti
2544 5436 2666 5493 filio
2698 5452 2865 5509 opem
2899 5438 3065 5496 ferat.
3099 5440 3200 5499 llle
3231 5447 3425 5501 autem
3460 5445 3681 5503 utrius-

2038 5537 2151 5594 que
2195 5521 2485 5594 misertus,
2536 5522 2715 5595 hujus
2759 5522 3019 5598 quidem,
3069 5528 3277 5601 morbi,
3318 5529 3478 5590 illius
3524 5548 3686 5601 vero,
