  <div class='ocr_page' id='page_1' title='image "/cluster/home/n/w/nwhite01/storage/ocr_20150623/115/hvd.32044073502262/471.png"; bbox 0 0 4094 6230; ppageno 0'>
   <div class='ocr_carea' id='block_1_1' title="bbox 450 294 561 359">
    <p class='ocr_par' dir='ltr' id='par_1_1' title="bbox 450 294 561 359">
     <span class='ocr_line' id='line_1_1' title="bbox 450 294 561 359; baseline 0 -1"><span class='ocrx_word' id='word_1_1' title='bbox 450 294 561 359; x_wconf 83' lang='grc'><strong>931</strong></span> 
     </span>
    </p>
   </div>
   <div class='ocr_carea' id='block_1_2' title="bbox 1762 288 2585 354">
    <p class='ocr_par' dir='ltr' id='par_1_2' title="bbox 1762 288 2585 354">
     <span class='ocr_line' id='line_1_2' title="bbox 1762 288 2585 354; baseline -0.001 0"><span class='ocrx_word' id='word_1_2' title='bbox 1762 288 2047 354; x_wconf 87' lang='lat' dir='ltr'><strong>MENSIS</strong></span> <span class='ocrx_word' id='word_1_3' title='bbox 2095 289 2585 353; x_wconf 80' lang='lat' dir='ltr'><strong>SEPTEMBEB.</strong></span> 
     </span>
    </p>
   </div>
   <div class='ocr_carea' id='block_1_3' title="bbox 3743 304 3866 368">
    <p class='ocr_par' dir='ltr' id='par_1_3' title="bbox 3743 304 3866 368">
     <span class='ocr_line' id='line_1_3' title="bbox 3743 304 3866 368; baseline 0.008 -3"><span class='ocrx_word' id='word_1_4' title='bbox 3743 304 3866 368; x_wconf 75' lang='lat'><strong>932</strong></span> 
     </span>
    </p>
   </div>
   <div class='ocr_carea' id='block_1_4' title="bbox 446 424 2072 540">
    <p class='ocr_par' dir='ltr' id='par_1_4' title="bbox 446 453 2065 529">
     <span class='ocr_line' id='line_1_4' title="bbox 446 453 2065 529; baseline -0.005 -11"><span class='ocrx_word' id='word_1_5' title='bbox 446 459 687 527; x_wconf 86' lang='lat' dir='ltr'><strong>doloris,</strong></span> <span class='ocrx_word' id='word_1_6' title='bbox 719 461 777 515; x_wconf 88' lang='lat' dir='ltr'><strong>et</strong></span> <span class='ocrx_word' id='word_1_7' title='bbox 822 455 1267 515; x_wconf 88' lang='lat' dir='ltr'><strong>inconsolabilis</strong></span> <span class='ocrx_word' id='word_1_8' title='bbox 1316 470 1495 529; x_wconf 99' lang='lat' dir='ltr'><strong>super</strong></span> <span class='ocrx_word' id='word_1_9' title='bbox 1544 454 1664 512; x_wconf 81' lang='lat' dir='ltr'><strong>filio</strong></span> <span class='ocrx_word' id='word_1_10' title='bbox 1703 453 2065 529; x_wconf 71' lang='lat' dir='ltr'><strong>aegritudinis</strong></span> 
     </span>
    </p>
   </div>
   <div class='ocr_carea' id='block_1_5' title="bbox 2190 424 3867 540">
    <p class='ocr_par' dir='ltr' id='par_1_5' title="bbox 2204 424 3867 540">
     <span class='ocr_line' id='line_1_5' title="bbox 2204 424 3867 540; baseline 0.008 -33"><span class='ocrx_word' id='word_1_11' title='bbox 2204 448 2385 523; x_wconf 86' lang='grc' dir='ltr'>λύπης</span> <span class='ocrx_word' id='word_1_12' title='bbox 2423 451 2514 507; x_wconf 81' lang='grc' dir='ltr'><strong>καὶ</strong></span> <span class='ocrx_word' id='word_1_13' title='bbox 2568 458 2667 523; x_wconf 80' lang='grc' dir='ltr'><strong>τῆς</strong></span> <span class='ocrx_word' id='word_1_14' title='bbox 2715 451 3107 530; x_wconf 76' lang='grc' dir='ltr'>ἀπαρακλήτου</span> <span class='ocrx_word' id='word_1_15' title='bbox 3170 447 3472 535; x_wconf 81' lang='grc' dir='ltr'>βαρυθμίας</span> <span class='ocrx_word' id='word_1_16' title='bbox 3513 464 3652 538; x_wconf 79' lang='grc'>(15),</span> <span class='ocrx_word' id='word_1_17' title='bbox 3687 424 3867 540; x_wconf 68' lang='grc' dir='ltr'>εὐχήν</span> 
     </span>
    </p>
   </div>
   <div class='ocr_carea' id='block_1_6' title="bbox 445 544 2094 624">
    <p class='ocr_par' dir='ltr' id='par_1_6' title="bbox 445 544 2094 624">
     <span class='ocr_line' id='line_1_6' title="bbox 445 544 2094 624; baseline -0.004 -19"><span class='ocrx_word' id='word_1_18' title='bbox 445 565 647 624; x_wconf 79' lang='lat' dir='ltr'><strong>preces</strong></span> <span class='ocrx_word' id='word_1_19' title='bbox 700 564 803 619; x_wconf 86' lang='lat' dir='ltr'><strong>pro</strong></span> <span class='ocrx_word' id='word_1_20' title='bbox 854 546 1288 604; x_wconf 71' lang='lat' dir='ltr'><strong>adolescentulo</strong></span> <span class='ocrx_word' id='word_1_21' title='bbox 1344 545 1601 613; x_wconf 81' lang='lat' dir='ltr'><strong>adhibet,</strong></span> <span class='ocrx_word' id='word_1_22' title='bbox 1648 544 1952 615; x_wconf 88' lang='lat' dir='ltr'><strong>crucisque</strong></span> <span class='ocrx_word' id='word_1_23' title='bbox 1984 559 2094 599; x_wconf 84' lang='lat' dir='ltr'><strong>un-</strong></span> 
     </span>
    </p>
   </div>
   <div class='ocr_carea' id='block_1_7' title="bbox 446 635 1630 697">
    <p class='ocr_par' dir='ltr' id='par_1_7' title="bbox 446 635 1630 697">
     <span class='ocr_line' id='line_1_7' title="bbox 446 635 1630 697; baseline -0.004 0"><span class='ocrx_word' id='word_1_24' title='bbox 446 648 602 697; x_wconf 87' lang='lat' dir='ltr'><strong>ctum</strong></span> <span class='ocrx_word' id='word_1_25' title='bbox 628 638 754 696; x_wconf 88' lang='lat' dir='ltr'><strong>oleo</strong></span> <span class='ocrx_word' id='word_1_26' title='bbox 788 653 991 694; x_wconf 89' lang='lat' dir='ltr'><strong>amara</strong></span> <span class='ocrx_word' id='word_1_27' title='bbox 1021 635 1122 693; x_wconf 92' lang='lat' dir='ltr'><strong>illa</strong></span> <span class='ocrx_word' id='word_1_28' title='bbox 1146 635 1351 692; x_wconf 81' lang='lat' dir='ltr'><strong>liberal</strong></span> <span class='ocrx_word' id='word_1_29' title='bbox 1382 635 1630 692; x_wconf 86' lang='lat' dir='ltr'><strong>insania.</strong></span> 
     </span>
    </p>
   </div>
   <div class='ocr_carea' id='block_1_8' title="bbox 517 813 2092 891">
    <p class='ocr_par' dir='ltr' id='par_1_8' title="bbox 517 813 2092 891">
     <span class='ocr_line' id='line_1_8' title="bbox 517 813 2092 891; baseline -0.006 -13"><span class='ocrx_word' id='word_1_30' title='bbox 517 823 659 879; x_wconf 86' lang='lat' dir='ltr'><strong>Cum</strong></span> <span class='ocrx_word' id='word_1_31' title='bbox 712 819 889 891; x_wconf 84' lang='lat' dir='ltr'><strong>igitur</strong></span> <span class='ocrx_word' id='word_1_32' title='bbox 922 836 1023 891; x_wconf 90' lang='lat' dir='ltr'><strong>per</strong></span> <span class='ocrx_word' id='word_1_33' title='bbox 1053 817 1269 876; x_wconf 86' lang='lat' dir='ltr'><strong>multos</strong></span> <span class='ocrx_word' id='word_1_34' title='bbox 1309 819 1433 890; x_wconf 84' lang='lat' dir='ltr'><strong>jam</strong></span> <span class='ocrx_word' id='word_1_35' title='bbox 1467 816 1813 889; x_wconf 81' lang='lat' dir='ltr'><strong>pervasisset</strong></span> <span class='ocrx_word' id='word_1_36' title='bbox 1845 813 2092 870; x_wconf 90' lang='lat' dir='ltr'><strong>miracu-</strong></span> 
     </span>
    </p>
   </div>
   <div class='ocr_carea' id='block_1_9' title="bbox 444 905 2088 978">
    <p class='ocr_par' dir='ltr' id='par_1_9' title="bbox 444 905 2088 978">
     <span class='ocr_line' id='line_1_9' title="bbox 444 905 2088 978; baseline -0.005 -8"><span class='ocrx_word' id='word_1_37' title='bbox 444 915 588 978; x_wconf 86' lang='lat' dir='ltr'><strong>lum,</strong></span> <span class='ocrx_word' id='word_1_38' title='bbox 620 911 1069 967; x_wconf 90' lang='lat' dir='ltr'><strong>innumerabilis</strong></span> <span class='ocrx_word' id='word_1_39' title='bbox 1101 911 1171 966; x_wconf 89' lang='lat' dir='ltr'><strong>ad</strong></span> <span class='ocrx_word' id='word_1_40' title='bbox 1204 926 1339 968; x_wconf 90' lang='lat' dir='ltr'><strong>eum</strong></span> <span class='ocrx_word' id='word_1_41' title='bbox 1386 908 1714 966; x_wconf 88' lang='lat' dir='ltr'><strong>confluebat</strong></span> <span class='ocrx_word' id='word_1_42' title='bbox 1750 905 2088 976; x_wconf 73' lang='lat' dir='ltr'><strong>multitudo,</strong></span> 
     </span>
    </p>
   </div>
   <div class='ocr_carea' id='block_1_10' title="bbox 445 999 1837 1077">
    <p class='ocr_par' dir='ltr' id='par_1_10' title="bbox 445 999 1837 1077">
     <span class='ocr_line' id='line_1_10' title="bbox 445 999 1837 1077; baseline -0.005 -18"><span class='ocrx_word' id='word_1_43' title='bbox 445 1003 699 1077; x_wconf 85' lang='lat' dir='ltr'><strong>quietem</strong></span> <span class='ocrx_word' id='word_1_44' title='bbox 731 1000 860 1071; x_wconf 85' lang='lat' dir='ltr'><strong>ejus</strong></span> <span class='ocrx_word' id='word_1_45' title='bbox 892 1005 948 1057; x_wconf 90' lang='lat' dir='ltr'><strong>et</strong></span> <span class='ocrx_word' id='word_1_46' title='bbox 976 1001 1295 1056; x_wconf 89' lang='lat' dir='ltr'><strong>orationem</strong></span> <span class='ocrx_word' id='word_1_47' title='bbox 1321 999 1837 1070; x_wconf 89' lang='lat' dir='ltr'><strong>interrumpentes.</strong></span> 
     </span>
    </p>
   </div>
   <div class='ocr_carea' id='block_1_11' title="bbox 517 1085 2086 1164">
    <p class='ocr_par' dir='ltr' id='par_1_11' title="bbox 517 1085 2086 1164">
     <span class='ocr_line' id='line_1_11' title="bbox 517 1085 2086 1164; baseline -0.006 -14"><span class='ocrx_word' id='word_1_48' title='bbox 517 1097 645 1152; x_wconf 83' lang='lat' dir='ltr'><strong>llaec</strong></span> <span class='ocrx_word' id='word_1_49' title='bbox 691 1096 879 1152; x_wconf 87' lang='lat' dir='ltr'><strong>vitens</strong></span> <span class='ocrx_word' id='word_1_50' title='bbox 930 1091 1241 1164; x_wconf 70' lang='lat' dir='ltr'><strong>praeclarus</strong></span> <span class='ocrx_word' id='word_1_51' title='bbox 1306 1090 1603 1163; x_wconf 81' lang='lat' dir='ltr'><strong>Cyriacus,</strong></span> <span class='ocrx_word' id='word_1_52' title='bbox 1644 1088 1705 1143; x_wconf 90' lang='lat' dir='ltr'><strong>in</strong></span> <span class='ocrx_word' id='word_1_53' title='bbox 1752 1085 2086 1143; x_wconf 86' lang='lat' dir='ltr'><strong>interiorem</strong></span> 
     </span>
    </p>
   </div>
   <div class='ocr_carea' id='block_1_12' title="bbox 440 1176 2089 1251">
    <p class='ocr_par' dir='ltr' id='par_1_12' title="bbox 440 1176 2089 1251">
     <span class='ocr_line' id='line_1_12' title="bbox 440 1176 2089 1251; baseline -0.009 -7"><span class='ocrx_word' id='word_1_54' title='bbox 440 1189 617 1245; x_wconf 72' lang='lat' dir='ltr'><strong>Rubaa</strong></span> <span class='ocrx_word' id='word_1_55' title='bbox 671 1186 1047 1245; x_wconf 84' lang='lat' dir='ltr'><strong>solitudinem</strong></span> <span class='ocrx_word' id='word_1_56' title='bbox 1085 1180 1294 1237; x_wconf 84' lang='lat' dir='ltr'><strong>transit</strong></span> <span class='ocrx_word' id='word_1_57' title='bbox 1341 1179 1477 1251; x_wconf 86' lang='grc'>(16).</span> <span class='ocrx_word' id='word_1_58' title='bbox 1510 1179 1580 1234; x_wconf 89' lang='lat' dir='ltr'><strong>Et</strong></span> <span class='ocrx_word' id='word_1_59' title='bbox 1617 1177 1874 1250; x_wconf 91' lang='lat' dir='ltr'><strong>quinque</strong></span> <span class='ocrx_word' id='word_1_60' title='bbox 1914 1176 1972 1231; x_wconf 93' lang='lat' dir='ltr'><strong>in</strong></span> <span class='ocrx_word' id='word_1_61' title='bbox 2020 1190 2089 1230; x_wconf 89' lang='lat' dir='ltr'><strong>ea</strong></span> 
     </span>
    </p>
   </div>
   <div class='ocr_carea' id='block_1_13' title="bbox 440 1268 2092 1351">
    <p class='ocr_par' dir='ltr' id='par_1_13' title="bbox 440 1268 2092 1351">
     <span class='ocr_line' id='line_1_13' title="bbox 440 1268 2092 1351; baseline -0.01 -17"><span class='ocrx_word' id='word_1_62' title='bbox 440 1278 775 1351; x_wconf 86' lang='lat' dir='ltr'><strong>transigens</strong></span> <span class='ocrx_word' id='word_1_63' title='bbox 817 1290 1024 1343; x_wconf 90' lang='lat' dir='ltr'><strong>annos,</strong></span> <span class='ocrx_word' id='word_1_64' title='bbox 1068 1270 1290 1327; x_wconf 89' lang='lat' dir='ltr'><strong>radices</strong></span> <span class='ocrx_word' id='word_1_65' title='bbox 1342 1268 1785 1341; x_wconf 89' lang='lat' dir='ltr'><strong>melagriorum,</strong></span> <span class='ocrx_word' id='word_1_66' title='bbox 1816 1269 1872 1321; x_wconf 94' lang='lat' dir='ltr'><strong>et</strong></span> <span class='ocrx_word' id='word_1_67' title='bbox 1918 1279 2092 1319; x_wconf 90' lang='lat' dir='ltr'><strong>arun-</strong></span> 
     </span>
    </p>
   </div>
   <div class='ocr_carea' id='block_1_14' title="bbox 440 1355 2085 1425">
    <p class='ocr_par' dir='ltr' id='par_1_14' title="bbox 440 1355 2085 1425">
     <span class='ocr_line' id='line_1_14' title="bbox 440 1355 2085 1425; baseline -0.01 -2"><span class='ocrx_word' id='word_1_68' title='bbox 440 1368 644 1424; x_wconf 90' lang='lat' dir='ltr'><strong>dinum</strong></span> <span class='ocrx_word' id='word_1_69' title='bbox 676 1380 940 1423; x_wconf 92' lang='lat' dir='ltr'><strong>summos</strong></span> <span class='ocrx_word' id='word_1_70' title='bbox 971 1377 1165 1418; x_wconf 88' lang='lat' dir='ltr'><strong>ramos</strong></span> <span class='ocrx_word' id='word_1_71' title='bbox 1198 1360 1256 1415; x_wconf 92' lang='lat' dir='ltr'><strong>in</strong></span> <span class='ocrx_word' id='word_1_72' title='bbox 1288 1359 1447 1415; x_wconf 88' lang='lat' dir='ltr'><strong>cibos</strong></span> <span class='ocrx_word' id='word_1_73' title='bbox 1474 1355 1823 1413; x_wconf 88' lang='lat' dir='ltr'><strong>admittebat</strong></span> <span class='ocrx_word' id='word_1_74' title='bbox 1856 1371 1869 1409; x_wconf 88' lang='lat'>:</span> <span class='ocrx_word' id='word_1_75' title='bbox 1903 1368 2085 1425; x_wconf 88' lang='lat' dir='ltr'><strong>eaque</strong></span> 
     </span>
    </p>
   </div>
   <div class='ocr_carea' id='block_1_15' title="bbox 440 1444 2085 1529">
    <p class='ocr_par' dir='ltr' id='par_1_15' title="bbox 440 1444 2085 1529">
     <span class='ocr_line' id='line_1_15' title="bbox 440 1444 2085 1529; baseline -0.007 -17"><span class='ocrx_word' id='word_1_76' title='bbox 440 1457 702 1529; x_wconf 91' lang='lat' dir='ltr'><strong>amplum</strong></span> <span class='ocrx_word' id='word_1_77' title='bbox 747 1454 832 1509; x_wconf 87' lang='lat' dir='ltr'><strong>illi</strong></span> <span class='ocrx_word' id='word_1_78' title='bbox 863 1459 1024 1508; x_wconf 89' lang='lat' dir='ltr'><strong>erant</strong></span> <span class='ocrx_word' id='word_1_79' title='bbox 1055 1449 1390 1522; x_wconf 89' lang='lat' dir='ltr'><strong>opsonium,</strong></span> <span class='ocrx_word' id='word_1_80' title='bbox 1425 1446 1569 1503; x_wconf 87' lang='lat' dir='ltr'><strong>nihil</strong></span> <span class='ocrx_word' id='word_1_81' title='bbox 1601 1446 1793 1518; x_wconf 81' lang='lat' dir='ltr'><strong>quoad</strong></span> <span class='ocrx_word' id='word_1_82' title='bbox 1826 1444 2085 1517; x_wconf 89' lang='lat' dir='ltr'><strong>volupta-</strong></span> 
     </span>
    </p>
   </div>
   <div class='ocr_carea' id='block_1_16' title="bbox 440 1539 1347 1602">
    <p class='ocr_par' dir='ltr' id='par_1_16' title="bbox 440 1539 1347 1602">
     <span class='ocr_line' id='line_1_16' title="bbox 440 1539 1347 1602; baseline -0.012 0"><span class='ocrx_word' id='word_1_83' title='bbox 440 1550 556 1602; x_wconf 88' lang='lat' dir='ltr'><strong>tem</strong></span> <span class='ocrx_word' id='word_1_84' title='bbox 589 1545 838 1600; x_wconf 88' lang='lat' dir='ltr'><strong>divitum</strong></span> <span class='ocrx_word' id='word_1_85' title='bbox 872 1556 1087 1597; x_wconf 65' lang='lat' dir='ltr'><strong>mensae</strong></span> <span class='ocrx_word' id='word_1_86' title='bbox 1119 1539 1347 1595; x_wconf 88' lang='lat' dir='ltr'><strong>cedens.</strong></span> 
     </span>
    </p>
   </div>
   <div class='ocr_carea' id='block_1_17' title="bbox 509 1716 2077 1795">
    <p class='ocr_par' dir='ltr' id='par_1_17' title="bbox 509 1716 2077 1795">
     <span class='ocr_line' id='line_1_17' title="bbox 509 1716 2077 1795; baseline -0.009 -10"><span class='ocrx_word' id='word_1_87' title='bbox 509 1728 619 1785; x_wconf 91' lang='lat' dir='ltr'><strong>Sed</strong></span> <span class='ocrx_word' id='word_1_88' title='bbox 668 1724 1001 1782; x_wconf 88' lang='lat' dir='ltr'><strong>divinorum</strong></span> <span class='ocrx_word' id='word_1_89' title='bbox 1052 1720 1274 1795; x_wconf 81' lang='lat' dir='ltr'><strong>Cyriaci</strong></span> <span class='ocrx_word' id='word_1_90' title='bbox 1326 1718 1750 1776; x_wconf 87' lang='lat' dir='ltr'><strong>charismatum</strong></span> <span class='ocrx_word' id='word_1_91' title='bbox 1802 1716 2077 1782; x_wconf 77' lang='lat' dir='ltr'><strong>efﬁcacia,</strong></span> 
     </span>
    </p>
   </div>
   <div class='ocr_carea' id='block_1_18' title="bbox 2200 546 3861 631">
    <p class='ocr_par' dir='ltr' id='par_1_18' title="bbox 2200 546 3861 631">
     <span class='ocr_line' id='line_1_18' title="bbox 2200 546 3861 631; baseline 0.008 -32"><span class='ocrx_word' id='word_1_92' title='bbox 2200 565 2259 600; x_wconf 87' lang='grc' dir='ltr'><strong>τε</strong></span> <span class='ocrx_word' id='word_1_93' title='bbox 2313 550 2394 619; x_wconf 78' lang='grc' dir='ltr'><strong>τῷ</strong></span> <span class='ocrx_word' id='word_1_94' title='bbox 2448 547 2713 620; x_wconf 82' lang='grc' dir='ltr'><strong>νεανίσκῳ</strong></span> <span class='ocrx_word' id='word_1_95' title='bbox 2774 546 3039 627; x_wconf 72' lang='grc' dir='ltr'>ἐπιλέγει,</span> <span class='ocrx_word' id='word_1_96' title='bbox 3096 550 3187 605; x_wconf 83' lang='grc' dir='ltr'><strong>καὶ</strong></span> <span class='ocrx_word' id='word_1_97' title='bbox 3266 557 3345 625; x_wconf 76' lang='grc' dir='ltr'><strong>τῷ</strong></span> <span class='ocrx_word' id='word_1_98' title='bbox 3416 556 3559 629; x_wconf 74' lang='grc' dir='ltr'>[τοῦ]</span> <span class='ocrx_word' id='word_1_99' title='bbox 3622 562 3861 631; x_wconf 67' lang='grc' dir='ltr'>σταυροξ</span> 
     </span>
    </p>
   </div>
   <div class='ocr_carea' id='block_1_19' title="bbox 2202 634 3862 721">
    <p class='ocr_par' dir='ltr' id='par_1_19' title="bbox 2202 634 3862 721">
     <span class='ocr_line' id='line_1_19' title="bbox 2202 634 3862 721; baseline 0.002 -21"><span class='ocrx_word' id='word_1_100' title='bbox 2202 634 2395 711; x_wconf 80' lang='grc' dir='ltr'>χρίσας</span> <span class='ocrx_word' id='word_1_101' title='bbox 2452 635 2643 711; x_wconf 70' lang='grc' dir='ltr'>ἐλαίῳ,</span> <span class='ocrx_word' id='word_1_102' title='bbox 2686 646 2783 708; x_wconf 71' lang='grc' dir='ltr'>τῆς</span> <span class='ocrx_word' id='word_1_103' title='bbox 2833 644 3029 717; x_wconf 82' lang='grc' dir='ltr'>πικρᾶς</span> <span class='ocrx_word' id='word_1_104' title='bbox 3084 642 3289 713; x_wconf 81' lang='grc' dir='ltr'>ἐκείνης</span> <span class='ocrx_word' id='word_1_105' title='bbox 3360 643 3705 703; x_wconf 81' lang='grc' dir='ltr'>ἀπαλλάττει</span> <span class='ocrx_word' id='word_1_106' title='bbox 3756 670 3862 721; x_wconf 83' lang='grc' dir='ltr'>μα-</span> 
     </span>
    </p>
   </div>
   <div class='ocr_carea' id='block_1_20' title="bbox 2198 746 2334 788">
    <p class='ocr_par' dir='ltr' id='par_1_20' title="bbox 2198 746 2334 788">
     <span class='ocr_line' id='line_1_20' title="bbox 2198 746 2334 788; baseline 0.007 -8"><span class='ocrx_word' id='word_1_107' title='bbox 2198 746 2334 788; x_wconf 85' lang='grc' dir='ltr'>νιας.</span> 
     </span>
    </p>
   </div>
   <div class='ocr_carea' id='block_1_21' title="bbox 2272 813 3859 900">
    <p class='ocr_par' dir='ltr' id='par_1_21' title="bbox 2272 813 3859 900">
     <span class='ocr_line' id='line_1_21' title="bbox 2272 813 3859 900; baseline 0.007 -28"><span class='ocrx_word' id='word_1_108' title='bbox 2272 813 2385 872; x_wconf 76' lang='grc' dir='ltr'>Τοῦ</span> <span class='ocrx_word' id='word_1_109' title='bbox 2424 818 2700 891; x_wconf 76' lang='grc' dir='ltr'><strong>θαύματος</strong></span> <span class='ocrx_word' id='word_1_110' title='bbox 2751 818 2933 875; x_wconf 79' lang='grc' dir='ltr'>τοίνυν</span> <span class='ocrx_word' id='word_1_111' title='bbox 2980 819 3060 884; x_wconf 75' lang='grc' dir='ltr'>εἷς</span> <span class='ocrx_word' id='word_1_112' title='bbox 3107 820 3355 887; x_wconf 65' lang='grc' dir='ltr'>πολλοὺς</span> <span class='ocrx_word' id='word_1_113' title='bbox 3400 822 3510 895; x_wconf 79' lang='grc' dir='ltr'>ἤδη</span> <span class='ocrx_word' id='word_1_114' title='bbox 3557 823 3859 900; x_wconf 47' lang='lat'><strong>6:090:11-</strong></span> 
     </span>
    </p>
   </div>
   <div class='ocr_carea' id='block_1_22' title="bbox 2200 909 3856 992">
    <p class='ocr_par' dir='ltr' id='par_1_22' title="bbox 2200 909 3856 992">
     <span class='ocr_line' id='line_1_22' title="bbox 2200 909 3856 992; baseline 0.005 -31"><span class='ocrx_word' id='word_1_115' title='bbox 2200 926 2411 977; x_wconf 84' lang='grc' dir='ltr'>σαντος,</span> <span class='ocrx_word' id='word_1_116' title='bbox 2472 909 2666 982; x_wconf 84' lang='grc' dir='ltr'>μυρίον</span> <span class='ocrx_word' id='word_1_117' title='bbox 2728 911 2857 982; x_wconf 88' lang='grc' dir='ltr'>παρ’</span> <span class='ocrx_word' id='word_1_118' title='bbox 2905 909 3066 967; x_wconf 78' lang='grc' dir='ltr'>αὐτὸν</span> <span class='ocrx_word' id='word_1_119' title='bbox 3124 912 3339 983; x_wconf 82' lang='grc' dir='ltr'>πλῆθος</span> <span class='ocrx_word' id='word_1_120' title='bbox 3403 914 3707 992; x_wconf 67' lang='grc' dir='ltr'>συνὲῤῥεον,</span> <span class='ocrx_word' id='word_1_121' title='bbox 3753 919 3856 987; x_wconf 79' lang='grc' dir='ltr'><strong>τήν</strong></span> 
     </span>
    </p>
   </div>
   <div class='ocr_carea' id='block_1_23' title="bbox 2197 996 3646 1077">
    <p class='ocr_par' dir='ltr' id='par_1_23' title="bbox 2197 996 3646 1077">
     <span class='ocr_line' id='line_1_23' title="bbox 2197 996 3646 1077; baseline 0.008 -27"><span class='ocrx_word' id='word_1_122' title='bbox 2197 997 2435 1075; x_wconf 80' lang='grc' dir='ltr'>ἡσυχίαν</span> <span class='ocrx_word' id='word_1_123' title='bbox 2469 996 2614 1069; x_wconf 79' lang='grc' dir='ltr'>αὐτῷ</span> <span class='ocrx_word' id='word_1_124' title='bbox 2641 999 2730 1053; x_wconf 78' lang='grc' dir='ltr'><strong>καὶ</strong></span> <span class='ocrx_word' id='word_1_125' title='bbox 2760 1001 2860 1069; x_wconf 78' lang='grc' dir='ltr'>τήν</span> <span class='ocrx_word' id='word_1_126' title='bbox 2892 1002 3207 1077; x_wconf 75' lang='grc' dir='ltr'>προσευχὴν</span> <span class='ocrx_word' id='word_1_127' title='bbox 3239 999 3646 1067; x_wconf 68' lang='grc' dir='ltr'>ἐπικύπτοντες.</span> 
     </span>
    </p>
   </div>
   <div class='ocr_carea' id='block_1_24' title="bbox 2268 1088 3855 1165">
    <p class='ocr_par' dir='ltr' id='par_1_24' title="bbox 2268 1088 3855 1165">
     <span class='ocr_line' id='line_1_24' title="bbox 2268 1088 3855 1165; baseline 0.004 -22"><span class='ocrx_word' id='word_1_128' title='bbox 2268 1088 2453 1143; x_wconf 79' lang='grc' dir='ltr'>Ταῦτα</span> <span class='ocrx_word' id='word_1_129' title='bbox 2504 1088 2532 1142; x_wconf 99' lang='lat'><strong>6</strong></span> <span class='ocrx_word' id='word_1_130' title='bbox 2590 1093 2835 1160; x_wconf 82' lang='grc' dir='ltr'>γενναῖος</span> <span class='ocrx_word' id='word_1_131' title='bbox 2915 1093 3179 1165; x_wconf 84' lang='grc' dir='ltr'>Κυριακὸς</span> <span class='ocrx_word' id='word_1_132' title='bbox 3254 1092 3520 1150; x_wconf 75' lang='grc' dir='ltr'>ἐκκλίνων</span> <span class='ocrx_word' id='word_1_133' title='bbox 3598 1095 3688 1152; x_wconf 74' lang='grc' dir='ltr'><strong>ἐπὶ</strong></span> <span class='ocrx_word' id='word_1_134' title='bbox 3749 1097 3855 1165; x_wconf 72' lang='grc' dir='ltr'>τήν</span> 
     </span>
    </p>
   </div>
   <div class='ocr_carea' id='block_1_25' title="bbox 2198 1172 3848 1258">
    <p class='ocr_par' dir='ltr' id='par_1_25' title="bbox 2198 1172 3848 1258">
     <span class='ocr_line' id='line_1_25' title="bbox 2198 1172 3848 1258; baseline 0.007 -28"><span class='ocrx_word' id='word_1_135' title='bbox 2198 1172 2466 1251; x_wconf 68' lang='grc' dir='ltr'>ἐνδοτέρω</span> <span class='ocrx_word' id='word_1_136' title='bbox 2519 1175 2823 1252; x_wconf 81' lang='grc' dir='ltr'>[ἐνδοτέραν</span> <span class='ocrx_word' id='word_1_137' title='bbox 2874 1182 2926 1253; x_wconf 87' lang='grc'>1]</span> <span class='ocrx_word' id='word_1_138' title='bbox 2957 1184 3053 1235; x_wconf 82' lang='grc' dir='ltr'><strong>τοῦ</strong></span> <span class='ocrx_word' id='word_1_139' title='bbox 3088 1177 3285 1237; x_wconf 80' lang='grc' dir='ltr'>Ῥουϐἄ</span> <span class='ocrx_word' id='word_1_140' title='bbox 3315 1181 3524 1258; x_wconf 81' lang='grc' dir='ltr'>ἔρημον</span> <span class='ocrx_word' id='word_1_141' title='bbox 3554 1180 3848 1242; x_wconf 78' lang='grc' dir='ltr'>διαϐαίνει.</span> 
     </span>
    </p>
   </div>
   <div class='ocr_carea' id='block_1_26' title="bbox 2196 1263 3851 1350">
    <p class='ocr_par' dir='ltr' id='par_1_26' title="bbox 2196 1263 3851 1350">
     <span class='ocr_line' id='line_1_26' title="bbox 2196 1263 3851 1350; baseline 0.007 -30"><span class='ocrx_word' id='word_1_142' title='bbox 2196 1264 2299 1320; x_wconf 81' lang='grc' dir='ltr'>Καὶ</span> <span class='ocrx_word' id='word_1_143' title='bbox 2350 1263 2507 1321; x_wconf 76' lang='grc' dir='ltr'>πέντε</span> <span class='ocrx_word' id='word_1_144' title='bbox 2558 1269 2686 1340; x_wconf 87' lang='grc' dir='ltr'>παρ’</span> <span class='ocrx_word' id='word_1_145' title='bbox 2733 1268 2870 1343; x_wconf 77' lang='grc' dir='ltr'>αὐτῇ</span> <span class='ocrx_word' id='word_1_146' title='bbox 2930 1268 3205 1345; x_wconf 81' lang='grc' dir='ltr'><strong>διαγαγὼν</strong></span> <span class='ocrx_word' id='word_1_147' title='bbox 3269 1270 3386 1343; x_wconf 76' lang='grc' dir='ltr'>ἔτη,</span> <span class='ocrx_word' id='word_1_148' title='bbox 3429 1274 3584 1350; x_wconf 79' lang='grc' dir='ltr'>ῥίζας</span> <span class='ocrx_word' id='word_1_149' title='bbox 3634 1295 3694 1331; x_wconf 76' lang='grc' dir='ltr'><strong>τε</strong></span> <span class='ocrx_word' id='word_1_150' title='bbox 3757 1297 3851 1349; x_wconf 78' lang='grc' dir='ltr'>με·</span> 
     </span>
    </p>
   </div>
   <div class='ocr_carea' id='block_1_27' title="bbox 2195 1351 3850 1438">
    <p class='ocr_par' dir='ltr' id='par_1_27' title="bbox 2195 1351 3850 1438">
     <span class='ocr_line' id='line_1_27' title="bbox 2195 1351 3850 1438; baseline 0.008 -31"><span class='ocrx_word' id='word_1_151' title='bbox 2195 1351 2440 1429; x_wconf 77' lang='grc' dir='ltr'>λαγρίων</span> <span class='ocrx_word' id='word_1_152' title='bbox 2520 1356 2607 1412; x_wconf 77' lang='grc' dir='ltr'><strong>καὶ</strong></span> <span class='ocrx_word' id='word_1_153' title='bbox 2684 1356 2987 1432; x_wconf 75' lang='grc' dir='ltr'>ἀκρὲμονας</span> <span class='ocrx_word' id='word_1_154' title='bbox 3074 1361 3397 1435; x_wconf 74' lang='grc' dir='ltr'>[ἀκρεμόνας</span> <span class='ocrx_word' id='word_1_155' title='bbox 3469 1366 3526 1438; x_wconf 88' lang='grc'>2]</span> <span class='ocrx_word' id='word_1_156' title='bbox 3576 1364 3850 1438; x_wconf 74' lang='grc' dir='ltr'>καλάμων</span> 
     </span>
    </p>
   </div>
   <div class='ocr_carea' id='block_1_28' title="bbox 2194 1445 3846 1526">
    <p class='ocr_par' dir='ltr' id='par_1_28' title="bbox 2194 1445 3846 1526">
     <span class='ocr_line' id='line_1_28' title="bbox 2194 1445 3846 1526; baseline 0.008 -28"><span class='ocrx_word' id='word_1_157' title='bbox 2194 1445 2451 1519; x_wconf 86' lang='grc' dir='ltr'>προσίετο</span> <span class='ocrx_word' id='word_1_158' title='bbox 2485 1466 2498 1479; x_wconf 86' lang='grc'><strong>·</strong></span> <span class='ocrx_word' id='word_1_159' title='bbox 2557 1445 2649 1501; x_wconf 85' lang='grc' dir='ltr'><strong>καὶ</strong></span> <span class='ocrx_word' id='word_1_160' title='bbox 2704 1452 2871 1504; x_wconf 78' lang='grc' dir='ltr'>ταῦτα</span> <span class='ocrx_word' id='word_1_161' title='bbox 2928 1447 3062 1523; x_wconf 76' lang='grc' dir='ltr'>ὄψον</span> <span class='ocrx_word' id='word_1_162' title='bbox 3117 1471 3178 1506; x_wconf 91' lang='grc' dir='ltr'><strong>τε</strong></span> <span class='ocrx_word' id='word_1_163' title='bbox 3237 1452 3418 1507; x_wconf 71' lang='grc' dir='ltr'>ἱκανὸν</span> <span class='ocrx_word' id='word_1_164' title='bbox 3475 1452 3625 1526; x_wconf 83' lang='grc' dir='ltr'><strong>αύτῷ</strong></span> <span class='ocrx_word' id='word_1_165' title='bbox 3682 1456 3846 1525; x_wconf 81' lang='grc' dir='ltr'>ἦσαν,</span> 
     </span>
    </p>
   </div>
   <div class='ocr_carea' id='block_1_29' title="bbox 2192 1529 3849 1619">
    <p class='ocr_par' dir='ltr' id='par_1_29' title="bbox 2192 1529 3849 1619">
     <span class='ocr_line' id='line_1_29' title="bbox 2192 1529 3849 1619; baseline 0.009 -35"><span class='ocrx_word' id='word_1_166' title='bbox 2192 1531 2281 1585; x_wconf 78' lang='grc' dir='ltr'><strong>καὶ</strong></span> <span class='ocrx_word' id='word_1_167' title='bbox 2323 1529 2476 1587; x_wconf 78' lang='grc' dir='ltr'>οὐδὲν</span> <span class='ocrx_word' id='word_1_168' title='bbox 2532 1532 2610 1596; x_wconf 70' lang='grc' dir='ltr'>εἷς</span> <span class='ocrx_word' id='word_1_169' title='bbox 2670 1531 2883 1605; x_wconf 75' lang='grc' dir='ltr'>ἡδονὴν</span> <span class='ocrx_word' id='word_1_170' title='bbox 2920 1543 3021 1606; x_wconf 82' lang='grc' dir='ltr'><strong>τῆς</strong></span> <span class='ocrx_word' id='word_1_171' title='bbox 3068 1543 3177 1593; x_wconf 83' lang='grc' dir='ltr'><strong>τῶν</strong></span> <span class='ocrx_word' id='word_1_172' title='bbox 3230 1538 3511 1596; x_wconf 88' lang='grc' dir='ltr'>πλουσίων</span> <span class='ocrx_word' id='word_1_173' title='bbox 3565 1545 3849 1619; x_wconf 67' lang='grc' dir='ltr'>τραπέζης</span> 
     </span>
    </p>
   </div>
   <div class='ocr_carea' id='block_1_30' title="bbox 2193 1618 2654 1695">
    <p class='ocr_par' dir='ltr' id='par_1_30' title="bbox 2193 1618 2654 1695">
     <span class='ocr_line' id='line_1_30' title="bbox 2193 1618 2654 1695; baseline 0.013 -21"><span class='ocrx_word' id='word_1_174' title='bbox 2193 1618 2654 1695; x_wconf 84' lang='grc' dir='ltr'>ἀπολειπόμενον.</span> 
     </span>
    </p>
   </div>
   <div class='ocr_carea' id='block_1_31' title="bbox 2266 1708 3852 1795">
    <p class='ocr_par' dir='ltr' id='par_1_31' title="bbox 2266 1708 3852 1795">
     <span class='ocr_line' id='line_1_31' title="bbox 2266 1708 3852 1795; baseline 0.006 -30"><span class='ocrx_word' id='word_1_175' title='bbox 2266 1708 2422 1767; x_wconf 87' lang='grc' dir='ltr'>Ἀλλ’</span> <span class='ocrx_word' id='word_1_176' title='bbox 2453 1714 2487 1782; x_wconf 80' lang='grc' dir='ltr'><strong>ἡ</strong></span> <span class='ocrx_word' id='word_1_177' title='bbox 2519 1718 2629 1768; x_wconf 80' lang='grc' dir='ltr'>τῶν</span> <span class='ocrx_word' id='word_1_178' title='bbox 2674 1716 3036 1789; x_wconf 79' lang='grc' dir='ltr'>χαρισμάτων</span> <span class='ocrx_word' id='word_1_179' title='bbox 3066 1721 3163 1772; x_wconf 75' lang='grc' dir='ltr'><strong>τοῦ</strong></span> <span class='ocrx_word' id='word_1_180' title='bbox 3193 1724 3463 1795; x_wconf 79' lang='grc' dir='ltr'>Κυριακοῦ</span> <span class='ocrx_word' id='word_1_181' title='bbox 3518 1724 3627 1777; x_wconf 81' lang='grc' dir='ltr'><strong>τῶν</strong></span> <span class='ocrx_word' id='word_1_182' title='bbox 3683 1723 3852 1777; x_wconf 79' lang='grc' dir='ltr'>θείων</span> 
     </span>
    </p>
   </div>
   <div class='ocr_carea' id='block_1_32' title="bbox 438 1796 2072 1894">
    <p class='ocr_par' dir='ltr' id='par_1_32' title="bbox 438 1807 2072 1889">
     <span class='ocr_line' id='line_1_32' title="bbox 438 1807 2072 1889; baseline -0.009 -15"><span class='ocrx_word' id='word_1_183' title='bbox 438 1818 585 1874; x_wconf 88' lang='lat' dir='ltr'><strong>hanc</strong></span> <span class='ocrx_word' id='word_1_184' title='bbox 634 1830 861 1889; x_wconf 88' lang='lat' dir='ltr'><strong>quoque</strong></span> <span class='ocrx_word' id='word_1_185' title='bbox 910 1812 1313 1882; x_wconf 89' lang='lat' dir='ltr'><strong>solitudinem,</strong></span> <span class='ocrx_word' id='word_1_186' title='bbox 1360 1808 1787 1865; x_wconf 82' lang='lat' dir='ltr'><strong>advenientium</strong></span> <span class='ocrx_word' id='word_1_187' title='bbox 1821 1807 2072 1864; x_wconf 87' lang='lat' dir='ltr'><strong>multitu-</strong></span> 
     </span>
    </p>
   </div>
   <div class='ocr_carea' id='block_1_33' title="bbox 2190 1796 3850 1894">
    <p class='ocr_par' dir='ltr' id='par_1_33' title="bbox 2192 1796 3850 1894">
     <span class='ocr_line' id='line_1_33' title="bbox 2192 1796 3850 1894; baseline 0.008 -41"><span class='ocrx_word' id='word_1_188' title='bbox 2192 1796 2449 1894; x_wconf 75' lang='grc' dir='ltr'>ἐνέργεια,</span> <span class='ocrx_word' id='word_1_189' title='bbox 2502 1801 2665 1857; x_wconf 89' lang='grc' dir='ltr'>πόλιν</span> <span class='ocrx_word' id='word_1_190' title='bbox 2717 1806 2805 1859; x_wconf 83' lang='grc' dir='ltr'>καὶ</span> <span class='ocrx_word' id='word_1_191' title='bbox 2848 1806 2949 1874; x_wconf 74' lang='grc' dir='ltr'>τὴν</span> <span class='ocrx_word' id='word_1_192' title='bbox 2988 1804 3198 1881; x_wconf 82' lang='grc' dir='ltr'>ἔρημον</span> <span class='ocrx_word' id='word_1_193' title='bbox 3249 1807 3452 1880; x_wconf 83' lang='grc' dir='ltr'>ταύτην</span> <span class='ocrx_word' id='word_1_194' title='bbox 3497 1815 3577 1879; x_wconf 80' lang='grc' dir='ltr'><strong>τῷ</strong></span> <span class='ocrx_word' id='word_1_195' title='bbox 3635 1809 3850 1881; x_wconf 72' lang='grc' dir='ltr'>πλήθει</span> 
     </span>
    </p>
   </div>
   <div class='ocr_carea' id='block_1_34' title="bbox 437 1889 2072 1975">
    <p class='ocr_par' dir='ltr' id='par_1_34' title="bbox 437 1896 2072 1975">
     <span class='ocr_line' id='line_1_34' title="bbox 437 1896 2072 1975; baseline -0.007 -12"><span class='ocrx_word' id='word_1_196' title='bbox 437 1908 592 1975; x_wconf 88' lang='lat' dir='ltr'><strong>dine,</strong></span> <span class='ocrx_word' id='word_1_197' title='bbox 648 1905 943 1961; x_wconf 86' lang='lat' dir='ltr'><strong>civitatem</strong></span> <span class='ocrx_word' id='word_1_198' title='bbox 994 1901 1301 1958; x_wconf 85' lang='lat' dir='ltr'><strong>efficiebat.</strong></span> <span class='ocrx_word' id='word_1_199' title='bbox 1363 1899 1579 1957; x_wconf 89' lang='lat' dir='ltr'><strong>Omnes</strong></span> <span class='ocrx_word' id='word_1_200' title='bbox 1629 1898 1781 1955; x_wconf 90' lang='lat' dir='ltr'><strong>enim</strong></span> <span class='ocrx_word' id='word_1_201' title='bbox 1815 1915 1961 1970; x_wconf 91' lang='lat' dir='ltr'><strong>quos</strong></span> <span class='ocrx_word' id='word_1_202' title='bbox 1994 1896 2072 1952; x_wconf 87' lang='lat' dir='ltr'><strong>vel</strong></span> 
     </span>
    </p>
   </div>
   <div class='ocr_carea' id='block_1_35' title="bbox 2190 1889 3853 1975">
    <p class='ocr_par' dir='ltr' id='par_1_35' title="bbox 2194 1889 3853 1972">
     <span class='ocr_line' id='line_1_35' title="bbox 2194 1889 3853 1972; baseline 0.008 -29"><span class='ocrx_word' id='word_1_203' title='bbox 2194 1895 2302 1945; x_wconf 80' lang='grc' dir='ltr'><strong>τῶν</strong></span> <span class='ocrx_word' id='word_1_204' title='bbox 2336 1889 2750 1964; x_wconf 73' lang='grc' dir='ltr'>ἐπιδημούντων</span> <span class='ocrx_word' id='word_1_205' title='bbox 2785 1893 2975 1953; x_wconf 81' lang='grc' dir='ltr'>ἐποίει.</span> <span class='ocrx_word' id='word_1_206' title='bbox 3012 1897 3114 1954; x_wconf 78' lang='grc' dir='ltr'><strong>Καὶ</strong></span> <span class='ocrx_word' id='word_1_207' title='bbox 3147 1899 3341 1961; x_wconf 71' lang='grc' dir='ltr'>πάντες</span> <span class='ocrx_word' id='word_1_208' title='bbox 3374 1902 3457 1961; x_wconf 83' lang='grc' dir='ltr'>οἷς</span> <span class='ocrx_word' id='word_1_209' title='bbox 3516 1899 3628 1955; x_wconf 72' lang='grc' dir='ltr'>εἴτε</span> <span class='ocrx_word' id='word_1_210' title='bbox 3684 1921 3853 1972; x_wconf 79' lang='grc' dir='ltr'>πενη-</span> 
     </span>
    </p>
   </div>
   <div class='ocr_carea' id='block_1_36' title="bbox 437 1988 2086 2065">
    <p class='ocr_par' dir='ltr' id='par_1_36' title="bbox 437 1988 2086 2065">
     <span class='ocr_line' id='line_1_36' title="bbox 437 1988 2086 2065; baseline -0.008 -11"><span class='ocrx_word' id='word_1_211' title='bbox 437 1998 628 2054; x_wconf 91' lang='lat' dir='ltr'><strong>malus</strong></span> <span class='ocrx_word' id='word_1_212' title='bbox 661 1996 905 2051; x_wconf 85' lang='lat' dir='ltr'><strong>vexabat</strong></span> <span class='ocrx_word' id='word_1_213' title='bbox 927 1992 1191 2065; x_wconf 87' lang='lat' dir='ltr'><strong>spiritus,</strong></span> <span class='ocrx_word' id='word_1_214' title='bbox 1216 1990 1303 2047; x_wconf 93' lang='lat' dir='ltr'><strong>vel</strong></span> <span class='ocrx_word' id='word_1_215' title='bbox 1332 1990 1481 2046; x_wconf 90' lang='lat' dir='ltr'><strong>alius</strong></span> <span class='ocrx_word' id='word_1_216' title='bbox 1499 1990 1798 2063; x_wconf 84' lang='lat' dir='ltr'><strong>premebat</strong></span> <span class='ocrx_word' id='word_1_217' title='bbox 1826 1988 2086 2056; x_wconf 88' lang='lat' dir='ltr'><strong>morbus,</strong></span> 
     </span>
    </p>
   </div>
   <div class='ocr_carea' id='block_1_37' title="bbox 435 2077 2085 2159">
    <p class='ocr_par' dir='ltr' id='par_1_37' title="bbox 435 2077 2085 2159">
     <span class='ocr_line' id='line_1_37' title="bbox 435 2077 2085 2159; baseline -0.007 -16"><span class='ocrx_word' id='word_1_218' title='bbox 435 2090 704 2159; x_wconf 90' lang='lat' dir='ltr'><strong>prompto</strong></span> <span class='ocrx_word' id='word_1_219' title='bbox 754 2092 806 2140; x_wconf 90' lang='lat' dir='ltr'><strong>et</strong></span> <span class='ocrx_word' id='word_1_220' title='bbox 858 2082 1035 2139; x_wconf 84' lang='lat' dir='ltr'><strong>alacri</strong></span> <span class='ocrx_word' id='word_1_221' title='bbox 1069 2082 1282 2149; x_wconf 90' lang='lat' dir='ltr'><strong>animo,</strong></span> <span class='ocrx_word' id='word_1_222' title='bbox 1322 2080 1391 2136; x_wconf 90' lang='lat' dir='ltr'><strong>ad</strong></span> <span class='ocrx_word' id='word_1_223' title='bbox 1438 2079 1628 2135; x_wconf 93' lang='lat' dir='ltr'><strong>virum</strong></span> <span class='ocrx_word' id='word_1_224' title='bbox 1679 2084 1967 2149; x_wconf 83' lang='lat' dir='ltr'><strong>tamquam</strong></span> <span class='ocrx_word' id='word_1_225' title='bbox 2014 2077 2085 2133; x_wconf 90' lang='lat' dir='ltr'><strong>ad</strong></span> 
     </span>
    </p>
   </div>
   <div class='ocr_carea' id='block_1_38' title="bbox 435 2166 2088 2248">
    <p class='ocr_par' dir='ltr' id='par_1_38' title="bbox 435 2166 2088 2248">
     <span class='ocr_line' id='line_1_38' title="bbox 435 2166 2088 2248; baseline -0.008 -15"><span class='ocrx_word' id='word_1_226' title='bbox 435 2175 796 2248; x_wconf 80' lang='lat' dir='ltr'><strong>exploratam</strong></span> <span class='ocrx_word' id='word_1_227' title='bbox 838 2172 1199 2229; x_wconf 87' lang='lat' dir='ltr'><strong>sanationem</strong></span> <span class='ocrx_word' id='word_1_228' title='bbox 1246 2168 1668 2226; x_wconf 88' lang='lat' dir='ltr'><strong>accurrebant:</strong></span> <span class='ocrx_word' id='word_1_229' title='bbox 1713 2172 1769 2223; x_wconf 89' lang='lat' dir='ltr'><strong>et</strong></span> <span class='ocrx_word' id='word_1_230' title='bbox 1817 2183 1987 2222; x_wconf 89' lang='lat' dir='ltr'><strong>nemo</strong></span> <span class='ocrx_word' id='word_1_231' title='bbox 2017 2166 2088 2221; x_wconf 93' lang='lat' dir='ltr'><strong>il-</strong></span> 
     </span>
    </p>
   </div>
   <div class='ocr_carea' id='block_1_39' title="bbox 437 2254 2082 2321">
    <p class='ocr_par' dir='ltr' id='par_1_39' title="bbox 437 2254 2082 2321">
     <span class='ocr_line' id='line_1_39' title="bbox 437 2254 2082 2321; baseline -0.007 0"><span class='ocrx_word' id='word_1_232' title='bbox 437 2264 555 2321; x_wconf 90' lang='lat' dir='ltr'><strong>linc</strong></span> <span class='ocrx_word' id='word_1_233' title='bbox 636 2261 1028 2319; x_wconf 86' lang='lat' dir='ltr'><strong>revertebatur</strong></span> <span class='ocrx_word' id='word_1_234' title='bbox 1092 2275 1333 2316; x_wconf 90' lang='lat' dir='ltr'><strong>vacuus.</strong></span> <span class='ocrx_word' id='word_1_235' title='bbox 1392 2256 1608 2313; x_wconf 89' lang='lat' dir='ltr'><strong>Verum</strong></span> <span class='ocrx_word' id='word_1_236' title='bbox 1679 2254 2082 2312; x_wconf 88' lang='lat' dir='ltr'><strong>accedentium</strong></span> 
     </span>
    </p>
   </div>
   <div class='ocr_carea' id='block_1_40' title="bbox 437 2347 2081 2422">
    <p class='ocr_par' dir='ltr' id='par_1_40' title="bbox 437 2347 2081 2422">
     <span class='ocr_line' id='line_1_40' title="bbox 437 2347 2081 2422; baseline -0.007 -11"><span class='ocrx_word' id='word_1_237' title='bbox 437 2353 876 2411; x_wconf 84' lang='lat' dir='ltr'><strong>multitudinem</strong></span> <span class='ocrx_word' id='word_1_238' title='bbox 930 2352 1141 2407; x_wconf 89' lang='lat' dir='ltr'><strong>iterum</strong></span> <span class='ocrx_word' id='word_1_239' title='bbox 1197 2356 1480 2422; x_wconf 72' lang='lat' dir='ltr'><strong>pertaasus</strong></span> <span class='ocrx_word' id='word_1_240' title='bbox 1512 2347 1741 2403; x_wconf 89' lang='lat' dir='ltr'><strong>divinus</strong></span> <span class='ocrx_word' id='word_1_241' title='bbox 1784 2347 2081 2419; x_wconf 76' lang='lat' dir='ltr'><strong>Cyriacus,</strong></span> 
     </span>
    </p>
   </div>
   <div class='ocr_carea' id='block_1_41' title="bbox 434 2436 2082 2510">
    <p class='ocr_par' dir='ltr' id='par_1_41' title="bbox 434 2436 2082 2510">
     <span class='ocr_line' id='line_1_41' title="bbox 434 2436 2082 2510; baseline -0.004 -10"><span class='ocrx_word' id='word_1_242' title='bbox 434 2444 493 2500; x_wconf 90' lang='lat' dir='ltr'><strong>in</strong></span> <span class='ocrx_word' id='word_1_243' title='bbox 520 2459 650 2499; x_wconf 89' lang='lat' dir='ltr'><strong>eam</strong></span> <span class='ocrx_word' id='word_1_244' title='bbox 684 2457 745 2499; x_wconf 89' lang='lat' dir='ltr'><strong>se</strong></span> <span class='ocrx_word' id='word_1_245' title='bbox 774 2442 1003 2499; x_wconf 85' lang='lat' dir='ltr'><strong>confert</strong></span> <span class='ocrx_word' id='word_1_246' title='bbox 1040 2439 1383 2496; x_wconf 88' lang='lat' dir='ltr'><strong>solitudinis</strong></span> <span class='ocrx_word' id='word_1_247' title='bbox 1430 2441 1676 2510; x_wconf 87' lang='lat' dir='ltr'><strong>partem,</strong></span> <span class='ocrx_word' id='word_1_248' title='bbox 1711 2436 1769 2491; x_wconf 92' lang='lat' dir='ltr'><strong>in</strong></span> <span class='ocrx_word' id='word_1_249' title='bbox 1802 2454 1919 2509; x_wconf 89' lang='lat' dir='ltr'><strong>qua</strong></span> <span class='ocrx_word' id='word_1_250' title='bbox 1948 2453 2082 2493; x_wconf 88' lang='lat' dir='ltr'><strong>ana-</strong></span> 
     </span>
    </p>
   </div>
   <div class='ocr_carea' id='block_1_42' title="bbox 432 2528 2082 2601">
    <p class='ocr_par' dir='ltr' id='par_1_42' title="bbox 432 2528 2082 2601">
     <span class='ocr_line' id='line_1_42' title="bbox 432 2528 2082 2601; baseline -0.004 -12"><span class='ocrx_word' id='word_1_251' title='bbox 432 2532 802 2589; x_wconf 87' lang='lat' dir='ltr'><strong>choretarum</strong></span> <span class='ocrx_word' id='word_1_252' title='bbox 859 2528 1059 2586; x_wconf 87' lang='lat' dir='ltr'><strong>nullus</strong></span> <span class='ocrx_word' id='word_1_253' title='bbox 1114 2544 1307 2601; x_wconf 90' lang='lat' dir='ltr'><strong>neque</strong></span> <span class='ocrx_word' id='word_1_254' title='bbox 1349 2530 1667 2596; x_wconf 86' lang='lat' dir='ltr'><strong>manserat,</strong></span> <span class='ocrx_word' id='word_1_255' title='bbox 1717 2542 1906 2599; x_wconf 86' lang='lat' dir='ltr'><strong>neque</strong></span> <span class='ocrx_word' id='word_1_256' title='bbox 1960 2543 2082 2596; x_wconf 87' lang='lat' dir='ltr'><strong>per-</strong></span> 
     </span>
    </p>
   </div>
   <div class='ocr_carea' id='block_1_43' title="bbox 430 2616 2082 2693">
    <p class='ocr_par' dir='ltr' id='par_1_43' title="bbox 430 2616 2082 2693">
     <span class='ocr_line' id='line_1_43' title="bbox 430 2616 2082 2693; baseline -0.005 -14"><span class='ocrx_word' id='word_1_257' title='bbox 430 2622 744 2679; x_wconf 85' lang='lat' dir='ltr'><strong>transierat</strong></span> <span class='ocrx_word' id='word_1_258' title='bbox 774 2619 1112 2693; x_wconf 87' lang='lat' dir='ltr'><strong>aliquando.</strong></span> <span class='ocrx_word' id='word_1_259' title='bbox 1144 2616 1571 2674; x_wconf 74' lang='lat' dir='ltr'><strong>Nominabatur</strong></span> <span class='ocrx_word' id='word_1_260' title='bbox 1601 2616 1758 2671; x_wconf 88' lang='lat' dir='ltr'><strong>locus</strong></span> <span class='ocrx_word' id='word_1_261' title='bbox 1779 2616 1852 2671; x_wconf 91' lang='lat' dir='ltr'><strong>ab</strong></span> <span class='ocrx_word' id='word_1_262' title='bbox 1873 2616 2082 2672; x_wconf 87' lang='lat' dir='ltr'><strong>accolis</strong></span> 
     </span>
    </p>
   </div>
   <div class='ocr_carea' id='block_1_44' title="bbox 429 2704 2078 2781">
    <p class='ocr_par' dir='ltr' id='par_1_44' title="bbox 429 2704 2078 2781">
     <span class='ocr_line' id='line_1_44' title="bbox 429 2704 2078 2781; baseline -0.004 -15"><span class='ocrx_word' id='word_1_263' title='bbox 429 2711 693 2767; x_wconf 88' lang='lat' dir='ltr'><strong>Susacim</strong></span> <span class='ocrx_word' id='word_1_264' title='bbox 720 2710 835 2781; x_wconf 87' lang='grc'>(17)</span> <span class='ocrx_word' id='word_1_265' title='bbox 861 2727 875 2778; x_wconf 89' lang='lat'><strong>;</strong></span> <span class='ocrx_word' id='word_1_266' title='bbox 902 2710 961 2766; x_wconf 94' lang='lat' dir='ltr'><strong>in</strong></span> <span class='ocrx_word' id='word_1_267' title='bbox 994 2724 1109 2781; x_wconf 91' lang='lat' dir='ltr'><strong>quo</strong></span> <span class='ocrx_word' id='word_1_268' title='bbox 1140 2713 1197 2764; x_wconf 85' lang='lat' dir='ltr'><strong>et</strong></span> <span class='ocrx_word' id='word_1_269' title='bbox 1225 2706 1386 2763; x_wconf 71' lang='lat' dir='ltr'><strong>Sucaa</strong></span> <span class='ocrx_word' id='word_1_270' title='bbox 1418 2709 1474 2761; x_wconf 87' lang='lat' dir='ltr'><strong>et</strong></span> <span class='ocrx_word' id='word_1_271' title='bbox 1504 2704 1671 2763; x_wconf 71' lang='lat' dir='ltr'><strong>Novae</strong></span> <span class='ocrx_word' id='word_1_272' title='bbox 1694 2705 1884 2761; x_wconf 66' lang='lat' dir='ltr'><strong>Lauras</strong></span> <span class='ocrx_word' id='word_1_273' title='bbox 1908 2705 2078 2761; x_wconf 90' lang='lat' dir='ltr'><strong>ambo</strong></span> 
     </span>
    </p>
   </div>
   <div class='ocr_carea' id='block_1_45' title="bbox 433 2798 2078 2875">
    <p class='ocr_par' dir='ltr' id='par_1_45' title="bbox 433 2798 2078 2875">
     <span class='ocr_line' id='line_1_45' title="bbox 433 2798 2078 2875; baseline -0.004 -15"><span class='ocrx_word' id='word_1_274' title='bbox 433 2804 617 2871; x_wconf 86' lang='lat' dir='ltr'><strong>fluvii,</strong></span> <span class='ocrx_word' id='word_1_275' title='bbox 660 2820 863 2861; x_wconf 88' lang='lat' dir='ltr'><strong>eorum</strong></span> <span class='ocrx_word' id='word_1_276' title='bbox 914 2819 1063 2875; x_wconf 88' lang='lat' dir='ltr'><strong>quos</strong></span> <span class='ocrx_word' id='word_1_277' title='bbox 1116 2801 1391 2857; x_wconf 89' lang='lat' dir='ltr'><strong>novimus</strong></span> <span class='ocrx_word' id='word_1_278' title='bbox 1440 2798 1682 2854; x_wconf 82' lang='lat' dir='ltr'><strong>maximi</strong></span> <span class='ocrx_word' id='word_1_279' title='bbox 1731 2802 1789 2854; x_wconf 93' lang='lat' dir='ltr'><strong>et</strong></span> <span class='ocrx_word' id='word_1_280' title='bbox 1836 2800 2078 2870; x_wconf 82' lang='lat' dir='ltr'><strong>profun-</strong></span> 
     </span>
    </p>
   </div>
   <div class='ocr_carea' id='block_1_46' title="bbox 427 2886 2077 2963">
    <p class='ocr_par' dir='ltr' id='par_1_46' title="bbox 427 2886 2077 2963">
     <span class='ocr_line' id='line_1_46' title="bbox 427 2886 2077 2963; baseline -0.005 -14"><span class='ocrx_word' id='word_1_281' title='bbox 427 2892 674 2961; x_wconf 89' lang='lat' dir='ltr'><strong>dissimi,</strong></span> <span class='ocrx_word' id='word_1_282' title='bbox 707 2894 1144 2963; x_wconf 84' lang='lat' dir='ltr'><strong>conjunguntur</strong></span> <span class='ocrx_word' id='word_1_283' title='bbox 1193 2894 1251 2944; x_wconf 91' lang='lat' dir='ltr'><strong>et</strong></span> <span class='ocrx_word' id='word_1_284' title='bbox 1300 2892 1623 2945; x_wconf 81' lang='lat' dir='ltr'><strong>conﬂuunt.</strong></span> <span class='ocrx_word' id='word_1_285' title='bbox 1656 2886 1942 2942; x_wconf 87' lang='lat' dir='ltr'><strong>Feruntur</strong></span> <span class='ocrx_word' id='word_1_286' title='bbox 1972 2904 2077 2942; x_wconf 85' lang='lat' dir='ltr'><strong>au-</strong></span> 
     </span>
    </p>
   </div>
   <div class='ocr_carea' id='block_1_47' title="bbox 420 2975 2069 3049">
    <p class='ocr_par' dir='ltr' id='par_1_47' title="bbox 420 2975 2069 3049">
     <span class='ocr_line' id='line_1_47' title="bbox 420 2975 2069 3049; baseline -0.003 -13"><span class='ocrx_word' id='word_1_287' title='bbox 420 2987 536 3038; x_wconf 90' lang='lat' dir='ltr'><strong>tem</strong></span> <span class='ocrx_word' id='word_1_288' title='bbox 571 2982 608 3036; x_wconf 93' lang='lat' dir='ltr'><strong>ii</strong></span> <span class='ocrx_word' id='word_1_289' title='bbox 641 2995 765 3036; x_wconf 90' lang='lat' dir='ltr'><strong>esse</strong></span> <span class='ocrx_word' id='word_1_290' title='bbox 801 2981 872 3035; x_wconf 89' lang='lat' dir='ltr'><strong>de</strong></span> <span class='ocrx_word' id='word_1_291' title='bbox 902 2979 1114 3049; x_wconf 89' lang='lat' dir='ltr'><strong>quibus</strong></span> <span class='ocrx_word' id='word_1_292' title='bbox 1147 2977 1377 3033; x_wconf 89' lang='lat' dir='ltr'><strong>Christo</strong></span> <span class='ocrx_word' id='word_1_293' title='bbox 1405 2976 1627 3030; x_wconf 91' lang='lat' dir='ltr'><strong>dictum</strong></span> <span class='ocrx_word' id='word_1_294' title='bbox 1653 2980 1737 3030; x_wconf 87' lang='lat' dir='ltr'><strong>est</strong></span> <span class='ocrx_word' id='word_1_295' title='bbox 1766 2992 1797 3030; x_wconf 91' lang='lat' dir='ltr'><strong>a</strong></span> <span class='ocrx_word' id='word_1_296' title='bbox 1822 2975 2069 3031; x_wconf 81' lang='lat' dir='ltr'><strong>Davide:</strong></span> 
     </span>
    </p>
   </div>
   <div class='ocr_carea' id='block_1_48' title="bbox 423 3063 2072 3139">
    <p class='ocr_par' dir='ltr' id='par_1_48' title="bbox 423 3063 2072 3139">
     <span class='ocr_line' id='line_1_48' title="bbox 423 3063 2072 3139; baseline -0.004 -13"><span class='ocrx_word' id='word_1_297' title='bbox 423 3075 506 3127; x_wconf 84' lang='lat' dir='ltr'><strong>Tu</strong></span> <span class='ocrx_word' id='word_1_298' title='bbox 554 3068 775 3125; x_wconf 73' lang='lat' dir='ltr'><strong>siccasti</strong></span> <span class='ocrx_word' id='word_1_299' title='bbox 805 3068 1007 3139; x_wconf 78' lang='lat' dir='ltr'><strong>ﬂuvios</strong></span> <span class='ocrx_word' id='word_1_300' title='bbox 1056 3066 1278 3120; x_wconf 78' lang='lat' dir='ltr'><strong>Elham.</strong></span> <span class='ocrx_word' id='word_1_301' title='bbox 1313 3065 1422 3121; x_wconf 83' lang='lat' dir='ltr'><strong>Sed</strong></span> <span class='ocrx_word' id='word_1_302' title='bbox 1468 3063 1638 3133; x_wconf 88' lang='lat' dir='ltr'><strong>plane</strong></span> <span class='ocrx_word' id='word_1_303' title='bbox 1669 3063 1887 3119; x_wconf 90' lang='lat' dir='ltr'><strong>inviam</strong></span> <span class='ocrx_word' id='word_1_304' title='bbox 1921 3063 2072 3120; x_wconf 83' lang='lat' dir='ltr'><strong>hanc</strong></span> 
     </span>
    </p>
   </div>
   <div class='ocr_carea' id='block_1_49' title="bbox 418 3151 2069 3216">
    <p class='ocr_par' dir='ltr' id='par_1_49' title="bbox 418 3151 2069 3216">
     <span class='ocr_line' id='line_1_49' title="bbox 418 3151 2069 3216; baseline -0.004 0"><span class='ocrx_word' id='word_1_305' title='bbox 418 3158 796 3216; x_wconf 80' lang='lat' dir='ltr'><strong>solitudinem</strong></span> <span class='ocrx_word' id='word_1_306' title='bbox 843 3158 1005 3214; x_wconf 87' lang='lat' dir='ltr'><strong>aditu</strong></span> <span class='ocrx_word' id='word_1_307' title='bbox 1043 3157 1281 3212; x_wconf 89' lang='lat' dir='ltr'><strong>omnino</strong></span> <span class='ocrx_word' id='word_1_308' title='bbox 1314 3153 1543 3210; x_wconf 84' lang='lat' dir='ltr'><strong>facilem</strong></span> <span class='ocrx_word' id='word_1_309' title='bbox 1578 3151 1913 3209; x_wconf 91' lang='lat' dir='ltr'><strong>hominibus</strong></span> <span class='ocrx_word' id='word_1_310' title='bbox 1947 3154 2069 3209; x_wconf 86' lang='lat' dir='ltr'><strong>red-</strong></span> 
     </span>
    </p>
   </div>
   <div class='ocr_carea' id='block_1_50' title="bbox 417 3242 2067 3320">
    <p class='ocr_par' dir='ltr' id='par_1_50' title="bbox 417 3242 2067 3320">
     <span class='ocr_line' id='line_1_50' title="bbox 417 3242 2067 3320; baseline -0.002 -16"><span class='ocrx_word' id='word_1_311' title='bbox 417 3248 587 3305; x_wconf 87' lang='lat' dir='ltr'><strong>debat</strong></span> <span class='ocrx_word' id='word_1_312' title='bbox 652 3264 827 3320; x_wconf 89' lang='lat' dir='ltr'><strong>quam</strong></span> <span class='ocrx_word' id='word_1_313' title='bbox 878 3247 936 3302; x_wconf 92' lang='lat' dir='ltr'><strong>in</strong></span> <span class='ocrx_word' id='word_1_314' title='bbox 988 3262 1121 3302; x_wconf 89' lang='lat' dir='ltr'><strong>eum</strong></span> <span class='ocrx_word' id='word_1_315' title='bbox 1169 3244 1461 3300; x_wconf 87' lang='lat' dir='ltr'><strong>habebant</strong></span> <span class='ocrx_word' id='word_1_316' title='bbox 1500 3242 1665 3307; x_wconf 83' lang='lat' dir='ltr'><strong>fides,</strong></span> <span class='ocrx_word' id='word_1_317' title='bbox 1718 3258 1814 3299; x_wconf 90' lang='lat' dir='ltr'><strong>seu</strong></span> <span class='ocrx_word' id='word_1_318' title='bbox 1878 3243 2067 3310; x_wconf 91' lang='lat' dir='ltr'><strong>potius</strong></span> 
     </span>
    </p>
   </div>
   <div class='ocr_carea' id='block_1_51' title="bbox 417 3332 2065 3407">
    <p class='ocr_par' dir='ltr' id='par_1_51' title="bbox 417 3332 2065 3407">
     <span class='ocr_line' id='line_1_51' title="bbox 417 3332 2065 3407; baseline -0.002 -14"><span class='ocrx_word' id='word_1_319' title='bbox 417 3338 746 3393; x_wconf 84' lang='lat' dir='ltr'><strong>divinarum</strong></span> <span class='ocrx_word' id='word_1_320' title='bbox 800 3336 957 3392; x_wconf 88' lang='lat' dir='ltr'><strong>illius</strong></span> <span class='ocrx_word' id='word_1_321' title='bbox 1004 3333 1329 3407; x_wconf 76' lang='lat' dir='ltr'><strong>gratiarum</strong></span> <span class='ocrx_word' id='word_1_322' title='bbox 1380 3332 1586 3403; x_wconf 86' lang='lat' dir='ltr'><strong>copia;</strong></span> <span class='ocrx_word' id='word_1_323' title='bbox 1619 3349 1746 3405; x_wconf 61' lang='lat' dir='ltr'><strong>qua</strong></span> <span class='ocrx_word' id='word_1_324' title='bbox 1795 3337 1855 3390; x_wconf 90' lang='lat' dir='ltr'><strong>et</strong></span> <span class='ocrx_word' id='word_1_325' title='bbox 1894 3333 2065 3390; x_wconf 82' lang='lat' dir='ltr'><strong>ﬁdem</strong></span> 
     </span>
    </p>
   </div>
   <div class='ocr_carea' id='block_1_52' title="bbox 416 3421 2066 3494">
    <p class='ocr_par' dir='ltr' id='par_1_52' title="bbox 416 3421 2066 3494">
     <span class='ocr_line' id='line_1_52' title="bbox 416 3421 2066 3494; baseline -0.002 -12"><span class='ocrx_word' id='word_1_326' title='bbox 416 3427 731 3484; x_wconf 85' lang='lat' dir='ltr'><strong>ferventius</strong></span> <span class='ocrx_word' id='word_1_327' title='bbox 779 3425 1083 3493; x_wconf 84' lang='lat' dir='ltr'><strong>excitabat,</strong></span> <span class='ocrx_word' id='word_1_328' title='bbox 1118 3427 1173 3481; x_wconf 91' lang='lat' dir='ltr'><strong>st</strong></span> <span class='ocrx_word' id='word_1_329' title='bbox 1218 3423 1278 3479; x_wconf 91' lang='lat' dir='ltr'><strong>in</strong></span> <span class='ocrx_word' id='word_1_330' title='bbox 1318 3421 1669 3479; x_wconf 89' lang='lat' dir='ltr'><strong>desiderium</strong></span> <span class='ocrx_word' id='word_1_331' title='bbox 1720 3422 1846 3494; x_wconf 88' lang='lat' dir='ltr'><strong>pias</strong></span> <span class='ocrx_word' id='word_1_332' title='bbox 1892 3422 2066 3479; x_wconf 90' lang='lat' dir='ltr'><strong>indu-</strong></span> 
     </span>
    </p>
   </div>
   <div class='ocr_carea' id='block_1_53' title="bbox 413 3511 2063 3583">
    <p class='ocr_par' dir='ltr' id='par_1_53' title="bbox 413 3511 2063 3583">
     <span class='ocr_line' id='line_1_53' title="bbox 413 3511 2063 3583; baseline -0.002 -12"><span class='ocrx_word' id='word_1_333' title='bbox 413 3515 580 3572; x_wconf 86' lang='lat' dir='ltr'><strong>cebat</strong></span> <span class='ocrx_word' id='word_1_334' title='bbox 639 3517 884 3571; x_wconf 89' lang='lat' dir='ltr'><strong>animas.</strong></span> <span class='ocrx_word' id='word_1_335' title='bbox 939 3514 1083 3569; x_wconf 90' lang='lat' dir='ltr'><strong>Cum</strong></span> <span class='ocrx_word' id='word_1_336' title='bbox 1136 3511 1294 3569; x_wconf 88' lang='lat' dir='ltr'><strong>enim</strong></span> <span class='ocrx_word' id='word_1_337' title='bbox 1343 3512 1619 3583; x_wconf 85' lang='lat' dir='ltr'><strong>Cyriacus</strong></span> <span class='ocrx_word' id='word_1_338' title='bbox 1667 3516 1890 3583; x_wconf 87' lang='lat' dir='ltr'><strong>septem</strong></span> <span class='ocrx_word' id='word_1_339' title='bbox 1943 3512 2063 3568; x_wconf 86' lang='lat' dir='ltr'><strong>illic</strong></span> 
     </span>
    </p>
   </div>
   <div class='ocr_carea' id='block_1_54' title="bbox 413 3600 2065 3676">
    <p class='ocr_par' dir='ltr' id='par_1_54' title="bbox 413 3600 2065 3676">
     <span class='ocr_line' id='line_1_54' title="bbox 413 3600 2065 3676; baseline -0.002 -14"><span class='ocrx_word' id='word_1_340' title='bbox 413 3621 600 3662; x_wconf 83' lang='lat' dir='ltr'><strong>annos</strong></span> <span class='ocrx_word' id='word_1_341' title='bbox 644 3604 1043 3676; x_wconf 83' lang='lat' dir='ltr'><strong>transegisset,</strong></span> <span class='ocrx_word' id='word_1_342' title='bbox 1089 3602 1346 3674; x_wconf 87' lang='lat' dir='ltr'><strong>(quando</strong></span> <span class='ocrx_word' id='word_1_343' title='bbox 1404 3617 1531 3673; x_wconf 63' lang='lat' dir='ltr'><strong>quae</strong></span> <span class='ocrx_word' id='word_1_344' title='bbox 1588 3600 1898 3674; x_wconf 88' lang='lat' dir='ltr'><strong>ingruebat</strong></span> <span class='ocrx_word' id='word_1_345' title='bbox 1943 3601 2065 3674; x_wconf 87' lang='lat' dir='ltr'><strong>[pe-</strong></span> 
     </span>
    </p>
   </div>
   <div class='ocr_carea' id='block_1_55' title="bbox 414 3689 2064 3767">
    <p class='ocr_par' dir='ltr' id='par_1_55' title="bbox 414 3689 2064 3767">
     <span class='ocr_line' id='line_1_55' title="bbox 414 3689 2064 3767; baseline -0.001 -18"><span class='ocrx_word' id='word_1_346' title='bbox 414 3693 547 3767; x_wconf 87' lang='lat' dir='ltr'><strong>stis]</strong></span> <span class='ocrx_word' id='word_1_347' title='bbox 597 3694 795 3751; x_wconf 89' lang='lat' dir='ltr'><strong>omnia</strong></span> <span class='ocrx_word' id='word_1_348' title='bbox 842 3691 1221 3749; x_wconf 88' lang='lat' dir='ltr'><strong>circumcirca</strong></span> <span class='ocrx_word' id='word_1_349' title='bbox 1247 3689 1584 3762; x_wconf 75' lang='lat' dir='ltr'><strong>{atﬂigebat,</strong></span> <span class='ocrx_word' id='word_1_350' title='bbox 1618 3690 1945 3763; x_wconf 87' lang='lat' dir='ltr'><strong>multosque</strong></span> <span class='ocrx_word' id='word_1_351' title='bbox 1993 3693 2064 3748; x_wconf 86' lang='lat' dir='ltr'><strong>de</strong></span> 
     </span>
    </p>
   </div>
   <div class='ocr_carea' id='block_1_56' title="bbox 419 3780 2063 3853">
    <p class='ocr_par' dir='ltr' id='par_1_56' title="bbox 419 3780 2063 3853">
     <span class='ocr_line' id='line_1_56' title="bbox 419 3780 2063 3853; baseline -0.002 -12"><span class='ocrx_word' id='word_1_352' title='bbox 419 3783 609 3841; x_wconf 90' lang='lat' dir='ltr'><strong>medio</strong></span> <span class='ocrx_word' id='word_1_353' title='bbox 680 3782 881 3839; x_wconf 81' lang='lat' dir='ltr'><strong>tollere</strong></span> <span class='ocrx_word' id='word_1_354' title='bbox 939 3798 1055 3838; x_wconf 94' lang='lat' dir='ltr'><strong>non</strong></span> <span class='ocrx_word' id='word_1_355' title='bbox 1122 3780 1568 3849; x_wconf 87' lang='lat' dir='ltr'><strong>intermittebat)</strong></span> <span class='ocrx_word' id='word_1_356' title='bbox 1607 3780 1879 3837; x_wconf 89' lang='lat' dir='ltr'><strong>timentes</strong></span> <span class='ocrx_word' id='word_1_357' title='bbox 1961 3780 2063 3853; x_wconf 90' lang='lat' dir='ltr'><strong>qui</strong></span> 
     </span>
    </p>
   </div>
   <div class='ocr_carea' id='block_1_57' title="bbox 411 3868 2060 3939">
    <p class='ocr_par' dir='ltr' id='par_1_57' title="bbox 411 3868 2060 3939">
     <span class='ocr_line' id='line_1_57' title="bbox 411 3868 2060 3939; baseline -0.002 -10"><span class='ocrx_word' id='word_1_358' title='bbox 411 3878 573 3930; x_wconf 88' lang='lat' dir='ltr'><strong>erant</strong></span> <span class='ocrx_word' id='word_1_359' title='bbox 624 3871 822 3927; x_wconf 57' lang='lat' dir='ltr'><strong>Laur:</strong></span> <span class='ocrx_word' id='word_1_360' title='bbox 870 3871 1053 3939; x_wconf 66' lang='lat' dir='ltr'><strong>Suom,</strong></span> <span class='ocrx_word' id='word_1_361' title='bbox 1103 3868 1163 3925; x_wconf 93' lang='lat' dir='ltr'><strong>in</strong></span> <span class='ocrx_word' id='word_1_362' title='bbox 1205 3868 1419 3924; x_wconf 90' lang='lat' dir='ltr'><strong>inviam</strong></span> <span class='ocrx_word' id='word_1_363' title='bbox 1468 3868 1621 3924; x_wconf 89' lang='lat' dir='ltr'><strong>hanc</strong></span> <span class='ocrx_word' id='word_1_364' title='bbox 1683 3868 2060 3926; x_wconf 83' lang='lat' dir='ltr'><strong>solitudinem</strong></span> 
     </span>
    </p>
   </div>
   <div class='ocr_carea' id='block_1_58' title="bbox 416 3957 2063 4031">
    <p class='ocr_par' dir='ltr' id='par_1_58' title="bbox 416 3957 2063 4031">
     <span class='ocr_line' id='line_1_58' title="bbox 416 3957 2063 4031; baseline -0.002 -13"><span class='ocrx_word' id='word_1_365' title='bbox 416 3961 765 4031; x_wconf 89' lang='lat' dir='ltr'><strong>ascendunt,</strong></span> <span class='ocrx_word' id='word_1_366' title='bbox 800 3965 1126 4031; x_wconf 83' lang='lat' dir='ltr'><strong>rogantque</strong></span> <span class='ocrx_word' id='word_1_367' title='bbox 1186 3961 1242 4014; x_wconf 90' lang='lat' dir='ltr'><strong>et</strong></span> <span class='ocrx_word' id='word_1_368' title='bbox 1289 3958 1597 4015; x_wconf 88' lang='lat' dir='ltr'><strong>obsecrant</strong></span> <span class='ocrx_word' id='word_1_369' title='bbox 1642 3957 1964 4030; x_wconf 82' lang='lat' dir='ltr'><strong>Cyriacum,</strong></span> <span class='ocrx_word' id='word_1_370' title='bbox 1998 3963 2063 4014; x_wconf 89' lang='lat' dir='ltr'><strong>ut</strong></span> 
     </span>
    </p>
   </div>
   <div class='ocr_carea' id='block_1_59' title="bbox 416 4044 2061 4115">
    <p class='ocr_par' dir='ltr' id='par_1_59' title="bbox 416 4044 2061 4115">
     <span class='ocr_line' id='line_1_59' title="bbox 416 4044 2061 4115; baseline -0.001 -12"><span class='ocrx_word' id='word_1_371' title='bbox 416 4048 628 4105; x_wconf 90' lang='lat' dir='ltr'><strong>iterum</strong></span> <span class='ocrx_word' id='word_1_372' title='bbox 672 4048 741 4103; x_wconf 88' lang='lat' dir='ltr'><strong>ad</strong></span> <span class='ocrx_word' id='word_1_373' title='bbox 786 4051 1035 4102; x_wconf 87' lang='lat' dir='ltr'><strong>Lauram</strong></span> <span class='ocrx_word' id='word_1_374' title='bbox 1070 4049 1434 4112; x_wconf 89' lang='lat' dir='ltr'><strong>revertatur;</strong></span> <span class='ocrx_word' id='word_1_375' title='bbox 1473 4060 1588 4115; x_wconf 89' lang='lat' dir='ltr'><strong>quo</strong></span> <span class='ocrx_word' id='word_1_376' title='bbox 1636 4044 1841 4099; x_wconf 84' lang='lat' dir='ltr'><strong>saltem</strong></span> <span class='ocrx_word' id='word_1_377' title='bbox 1874 4044 2061 4101; x_wconf 87' lang='lat' dir='ltr'><strong>eftica-</strong></span> 
     </span>
    </p>
   </div>
   <div class='ocr_carea' id='block_1_60' title="bbox 421 4133 2058 4208">
    <p class='ocr_par' dir='ltr' id='par_1_60' title="bbox 421 4133 2058 4208">
     <span class='ocr_line' id='line_1_60' title="bbox 421 4133 2058 4208; baseline -0.004 -13"><span class='ocrx_word' id='word_1_378' title='bbox 421 4137 728 4195; x_wconf 89' lang='lat' dir='ltr'><strong>cissimum</strong></span> <span class='ocrx_word' id='word_1_379' title='bbox 780 4137 1056 4193; x_wconf 86' lang='lat' dir='ltr'><strong>adversus</strong></span> <span class='ocrx_word' id='word_1_380' title='bbox 1105 4135 1379 4208; x_wconf 86' lang='lat' dir='ltr'><strong>[pestem]</strong></span> <span class='ocrx_word' id='word_1_381' title='bbox 1420 4133 1741 4190; x_wconf 90' lang='lat' dir='ltr'><strong>remedium</strong></span> <span class='ocrx_word' id='word_1_382' title='bbox 1786 4133 2058 4203; x_wconf 89' lang='lat' dir='ltr'><strong>habeant,</strong></span> 
     </span>
    </p>
   </div>
   <div class='ocr_carea' id='block_1_61' title="bbox 417 4224 950 4279">
    <p class='ocr_par' dir='ltr' id='par_1_61' title="bbox 417 4224 950 4279">
     <span class='ocr_line' id='line_1_61' title="bbox 417 4224 950 4279; baseline 0 0"><span class='ocrx_word' id='word_1_383' title='bbox 417 4224 579 4279; x_wconf 91' lang='lat' dir='ltr'><strong>illius</strong></span> <span class='ocrx_word' id='word_1_384' title='bbox 608 4224 950 4279; x_wconf 90' lang='lat' dir='ltr'><strong>adventum.</strong></span> 
     </span>
    </p>
   </div>
   <div class='ocr_carea' id='block_1_62' title="bbox 488 4311 2063 4385">
    <p class='ocr_par' dir='ltr' id='par_1_62' title="bbox 488 4311 2063 4385">
     <span class='ocr_line' id='line_1_62' title="bbox 488 4311 2063 4385; baseline -0.001 -15"><span class='ocrx_word' id='word_1_385' title='bbox 488 4313 624 4371; x_wconf 89' lang='lat' dir='ltr'><strong>Illos</strong></span> <span class='ocrx_word' id='word_1_386' title='bbox 657 4314 854 4385; x_wconf 87' lang='lat' dir='ltr'><strong>itaque</strong></span> <span class='ocrx_word' id='word_1_387' title='bbox 888 4314 1167 4371; x_wconf 89' lang='lat' dir='ltr'><strong>miserata</strong></span> <span class='ocrx_word' id='word_1_388' title='bbox 1198 4314 1349 4371; x_wconf 85' lang='lat' dir='ltr'><strong>bona</strong></span> <span class='ocrx_word' id='word_1_389' title='bbox 1378 4313 1477 4369; x_wconf 90' lang='lat' dir='ltr'><strong>illa</strong></span> <span class='ocrx_word' id='word_1_390' title='bbox 1507 4316 1563 4370; x_wconf 87' lang='lat' dir='ltr'><strong>et</strong></span> <span class='ocrx_word' id='word_1_391' title='bbox 1583 4311 1837 4371; x_wconf 89' lang='lat' dir='ltr'><strong>clemens</strong></span> <span class='ocrx_word' id='word_1_392' title='bbox 1868 4312 2063 4370; x_wconf 89' lang='lat' dir='ltr'><strong>anima</strong></span> 
     </span>
    </p>
   </div>
   <div class='ocr_carea' id='block_1_63' title="bbox 414 4401 2062 4475">
    <p class='ocr_par' dir='ltr' id='par_1_63' title="bbox 414 4401 2062 4475">
     <span class='ocr_line' id='line_1_63' title="bbox 414 4401 2062 4475; baseline 0 -18"><span class='ocrx_word' id='word_1_393' title='bbox 414 4402 627 4459; x_wconf 87' lang='lat' dir='ltr'><strong>iterum</strong></span> <span class='ocrx_word' id='word_1_394' title='bbox 662 4402 720 4459; x_wconf 93' lang='lat' dir='ltr'><strong>in</strong></span> <span class='ocrx_word' id='word_1_395' title='bbox 756 4402 1005 4458; x_wconf 88' lang='lat' dir='ltr'><strong>Lauram</strong></span> <span class='ocrx_word' id='word_1_396' title='bbox 1038 4402 1338 4459; x_wconf 89' lang='lat' dir='ltr'><strong>descendit</strong></span> <span class='ocrx_word' id='word_1_397' title='bbox 1368 4403 1500 4473; x_wconf 85' lang='grc'>(18).</span> <span class='ocrx_word' id='word_1_398' title='bbox 1533 4401 1787 4475; x_wconf 88' lang='lat' dir='ltr'><strong>Cumque</strong></span> <span class='ocrx_word' id='word_1_399' title='bbox 1818 4403 1886 4459; x_wconf 88' lang='lat' dir='ltr'><strong>ad</strong></span> <span class='ocrx_word' id='word_1_400' title='bbox 1911 4401 2062 4457; x_wconf 87' lang='lat' dir='ltr'><strong>beati</strong></span> 
     </span>
    </p>
   </div>
   <div class='ocr_carea' id='block_1_64' title="bbox 413 4489 2062 4563">
    <p class='ocr_par' dir='ltr' id='par_1_64' title="bbox 413 4489 2062 4563">
     <span class='ocr_line' id='line_1_64' title="bbox 413 4489 2062 4563; baseline -0.002 -14"><span class='ocrx_word' id='word_1_401' title='bbox 413 4489 747 4549; x_wconf 88' lang='lat' dir='ltr'><strong>Charitonis</strong></span> <span class='ocrx_word' id='word_1_402' title='bbox 817 4490 1094 4547; x_wconf 91' lang='lat' dir='ltr'><strong>cellulam</strong></span> <span class='ocrx_word' id='word_1_403' title='bbox 1148 4491 1421 4561; x_wconf 91' lang='lat' dir='ltr'><strong>quintum</strong></span> <span class='ocrx_word' id='word_1_404' title='bbox 1489 4490 1775 4563; x_wconf 83' lang='lat' dir='ltr'><strong>exegisset</strong></span> <span class='ocrx_word' id='word_1_405' title='bbox 1819 4506 2062 4560; x_wconf 91' lang='lat' dir='ltr'><strong>annum,</strong></span> 
     </span>
    </p>
   </div>
   <div class='ocr_carea' id='block_1_65' title="bbox 2097 3203 2147 3272">
    <p class='ocr_par' dir='ltr' id='par_1_65' title="bbox 2097 3203 2147 3272">
     <span class='ocr_line' id='line_1_65' title="bbox 2097 3203 2147 3272; baseline 0 0"><span class='ocrx_word' id='word_1_406' title='bbox 2097 3203 2147 3272; x_wconf 89' lang='lat' dir='ltr'>C</span> 
     </span>
    </p>
   </div>
   <div class='ocr_carea' id='block_1_66' title="bbox 2197 1979 3850 2065">
    <p class='ocr_par' dir='ltr' id='par_1_66' title="bbox 2197 1979 3850 2065">
     <span class='ocr_line' id='line_1_66' title="bbox 2197 1979 3850 2065; baseline 0.008 -32"><span class='ocrx_word' id='word_1_407' title='bbox 2197 1979 2289 2054; x_wconf 87' lang='grc' dir='ltr'>ρὸν</span> <span class='ocrx_word' id='word_1_408' title='bbox 2342 1979 2602 2057; x_wconf 79' lang='grc' dir='ltr'>ἐνοχλοίη</span> <span class='ocrx_word' id='word_1_409' title='bbox 2661 1982 2896 2057; x_wconf 72' lang='grc' dir='ltr'>πνεῦμα.</span> <span class='ocrx_word' id='word_1_410' title='bbox 2928 1984 3035 2041; x_wconf 76' lang='grc' dir='ltr'>εἷ’τε</span> <span class='ocrx_word' id='word_1_411' title='bbox 3090 1986 3253 2052; x_wconf 90' lang='grc' dir='ltr'>νόσος</span> <span class='ocrx_word' id='word_1_412' title='bbox 3280 1988 3432 2063; x_wconf 70' lang='grc' dir='ltr'>ἑτέρα</span> <span class='ocrx_word' id='word_1_413' title='bbox 3461 1990 3661 2060; x_wconf 73' lang='grc' dir='ltr'>πιέζοι,</span> <span class='ocrx_word' id='word_1_414' title='bbox 3707 1992 3850 2065; x_wconf 82' lang='grc' dir='ltr'>πρό-</span> 
     </span>
    </p>
   </div>
   <div class='ocr_carea' id='block_1_67' title="bbox 2198 2072 3849 2157">
    <p class='ocr_par' dir='ltr' id='par_1_67' title="bbox 2198 2072 3849 2157">
     <span class='ocr_line' id='line_1_67' title="bbox 2198 2072 3849 2157; baseline 0.006 -33"><span class='ocrx_word' id='word_1_415' title='bbox 2198 2080 2362 2157; x_wconf 62' lang='grc' dir='ltr'>θυμοι</span> <span class='ocrx_word' id='word_1_416' title='bbox 2392 2073 2529 2157; x_wconf 87' lang='grc' dir='ltr'>πρὸς</span> <span class='ocrx_word' id='word_1_417' title='bbox 2556 2074 2647 2128; x_wconf 83' lang='grc' dir='ltr'>τὸν</span> <span class='ocrx_word' id='word_1_418' title='bbox 2703 2072 2871 2150; x_wconf 78' lang='grc' dir='ltr'>ἄνδρα</span> <span class='ocrx_word' id='word_1_419' title='bbox 2916 2078 3095 2148; x_wconf 80' lang='grc' dir='ltr'>ὥσπερ</span> <span class='ocrx_word' id='word_1_420' title='bbox 3144 2075 3206 2132; x_wconf 78' lang='grc' dir='ltr'><strong>ἃν</strong></span> <span class='ocrx_word' id='word_1_421' title='bbox 3254 2077 3331 2141; x_wconf 77' lang='grc' dir='ltr'><strong>εἷς</strong></span> <span class='ocrx_word' id='word_1_422' title='bbox 3375 2078 3849 2157; x_wconf 72' lang='grc' dir='ltr'>ὁμολογουμένην</span> 
     </span>
    </p>
   </div>
   <div class='ocr_carea' id='block_1_68' title="bbox 2197 2154 3847 2243">
    <p class='ocr_par' dir='ltr' id='par_1_68' title="bbox 2197 2154 3847 2243">
     <span class='ocr_line' id='line_1_68' title="bbox 2197 2154 3847 2243; baseline 0.01 -31"><span class='ocrx_word' id='word_1_423' title='bbox 2197 2154 2341 2213; x_wconf 79' lang='grc' dir='ltr'>ἷάσιν</span> <span class='ocrx_word' id='word_1_424' title='bbox 2397 2156 2621 2237; x_wconf 79' lang='grc' dir='ltr'>ἔτρεχον</span> <span class='ocrx_word' id='word_1_425' title='bbox 2657 2182 2669 2196; x_wconf 87' lang='grc'><strong>·</strong></span> <span class='ocrx_word' id='word_1_426' title='bbox 2705 2163 2793 2218; x_wconf 86' lang='grc' dir='ltr'><strong>καὶ</strong></span> <span class='ocrx_word' id='word_1_427' title='bbox 2824 2166 2978 2227; x_wconf 81' lang='grc' dir='ltr'>κενὸς</span> <span class='ocrx_word' id='word_1_428' title='bbox 3025 2164 3224 2232; x_wconf 80' lang='grc' dir='ltr'>ἐκεῖθεν</span> <span class='ocrx_word' id='word_1_429' title='bbox 3270 2165 3447 2229; x_wconf 76' lang='grc' dir='ltr'>οόὂεὲς</span> <span class='ocrx_word' id='word_1_430' title='bbox 3512 2166 3847 2243; x_wconf 73' lang='grc' dir='ltr'>ἐπανῄεσαν.</span> 
     </span>
    </p>
   </div>
   <div class='ocr_carea' id='block_1_69' title="bbox 2196 2249 3848 2333">
    <p class='ocr_par' dir='ltr' id='par_1_69' title="bbox 2196 2249 3848 2333">
     <span class='ocr_line' id='line_1_69' title="bbox 2196 2249 3848 2333; baseline 0.005 -29"><span class='ocrx_word' id='word_1_431' title='bbox 2196 2250 2586 2326; x_wconf 78' lang='grc' dir='ltr'>Δυσχεραίνων</span> <span class='ocrx_word' id='word_1_432' title='bbox 2662 2249 2718 2308; x_wconf 71' lang='grc' dir='ltr'>δὲ</span> <span class='ocrx_word' id='word_1_433' title='bbox 2778 2259 2860 2326; x_wconf 82' lang='grc' dir='ltr'><strong>τῷ</strong></span> <span class='ocrx_word' id='word_1_434' title='bbox 2934 2253 3137 2326; x_wconf 71' lang='grc' dir='ltr'>πλήθει</span> <span class='ocrx_word' id='word_1_435' title='bbox 3204 2262 3311 2312; x_wconf 80' lang='grc' dir='ltr'><strong>τῶν</strong></span> <span class='ocrx_word' id='word_1_436' title='bbox 3358 2260 3699 2333; x_wconf 87' lang='grc' dir='ltr'>προσιόντων</span> <span class='ocrx_word' id='word_1_437' title='bbox 3754 2259 3848 2315; x_wconf 71' lang='grc' dir='ltr'><strong>καὶ</strong></span> 
     </span>
    </p>
   </div>
   <div class='ocr_carea' id='block_1_70' title="bbox 2193 2339 3850 2423">
    <p class='ocr_par' dir='ltr' id='par_1_70' title="bbox 2193 2339 3850 2423">
     <span class='ocr_line' id='line_1_70' title="bbox 2193 2339 3850 2423; baseline 0.006 -28"><span class='ocrx_word' id='word_1_438' title='bbox 2193 2339 2343 2403; x_wconf 72' lang='grc' dir='ltr'>αὖθις</span> <span class='ocrx_word' id='word_1_439' title='bbox 2420 2344 2447 2396; x_wconf 93' lang='lat'><strong>6</strong></span> <span class='ocrx_word' id='word_1_440' title='bbox 2507 2347 2650 2405; x_wconf 79' lang='grc' dir='ltr'>θεῖος</span> <span class='ocrx_word' id='word_1_441' title='bbox 2706 2344 2993 2418; x_wconf 82' lang='grc' dir='ltr'>Κυριακός,</span> <span class='ocrx_word' id='word_1_442' title='bbox 3056 2345 3135 2409; x_wconf 85' lang='grc' dir='ltr'>εἷς</span> <span class='ocrx_word' id='word_1_443' title='bbox 3213 2351 3375 2402; x_wconf 79' lang='grc' dir='ltr'>τοῦτο</span> <span class='ocrx_word' id='word_1_444' title='bbox 3467 2351 3567 2412; x_wconf 78' lang='grc' dir='ltr'><strong>τῆς</strong></span> <span class='ocrx_word' id='word_1_445' title='bbox 3629 2348 3850 2423; x_wconf 68' lang='grc' dir='ltr'>ἐρήμου</span> 
     </span>
    </p>
   </div>
   <div class='ocr_carea' id='block_1_71' title="bbox 2194 2429 3849 2511">
    <p class='ocr_par' dir='ltr' id='par_1_71' title="bbox 2194 2429 3849 2511">
     <span class='ocr_line' id='line_1_71' title="bbox 2194 2429 3849 2511; baseline 0.005 -26"><span class='ocrx_word' id='word_1_446' title='bbox 2194 2436 2375 2509; x_wconf 82' lang='grc' dir='ltr'>φοιτᾷ.</span> <span class='ocrx_word' id='word_1_447' title='bbox 2410 2430 2460 2485; x_wconf 81' lang='grc' dir='ltr'>ἐν</span> <span class='ocrx_word' id='word_1_448' title='bbox 2494 2429 2539 2503; x_wconf 85' lang='grc' dir='ltr'>ᾧ</span> <span class='ocrx_word' id='word_1_449' title='bbox 2578 2435 2687 2486; x_wconf 83' lang='grc' dir='ltr'>τῶν</span> <span class='ocrx_word' id='word_1_450' title='bbox 2727 2430 3103 2508; x_wconf 80' lang='grc' dir='ltr'>ἀναχωρητῶν</span> <span class='ocrx_word' id='word_1_451' title='bbox 3160 2433 3289 2492; x_wconf 64' lang='grc' dir='ltr'>οὐδὲ</span> <span class='ocrx_word' id='word_1_452' title='bbox 3342 2438 3421 2499; x_wconf 83' lang='grc' dir='ltr'>εἷς</span> <span class='ocrx_word' id='word_1_453' title='bbox 3478 2433 3603 2493; x_wconf 70' lang='grc' dir='ltr'>οὔτε</span> <span class='ocrx_word' id='word_1_454' title='bbox 3658 2438 3849 2511; x_wconf 84' lang='grc' dir='ltr'>μείνας</span> 
     </span>
    </p>
   </div>
   <div class='ocr_carea' id='block_1_72' title="bbox 2192 2519 3848 2602">
    <p class='ocr_par' dir='ltr' id='par_1_72' title="bbox 2192 2519 3848 2602">
     <span class='ocr_line' id='line_1_72' title="bbox 2192 2519 3848 2602; baseline 0.005 -26"><span class='ocrx_word' id='word_1_455' title='bbox 2192 2526 2279 2592; x_wconf 73' lang='grc' dir='ltr'><strong>ἦν,</strong></span> <span class='ocrx_word' id='word_1_456' title='bbox 2313 2520 2437 2577; x_wconf 74' lang='grc' dir='ltr'>οὔτε</span> <span class='ocrx_word' id='word_1_457' title='bbox 2470 2519 2700 2577; x_wconf 78' lang='grc' dir='ltr'>διελθὼν</span> <span class='ocrx_word' id='word_1_458' title='bbox 2729 2524 2951 2579; x_wconf 85' lang='grc' dir='ltr'>πώποτε</span> <span class='ocrx_word' id='word_1_459' title='bbox 2984 2542 2996 2557; x_wconf 92' lang='grc'><strong>·</strong></span> <span class='ocrx_word' id='word_1_460' title='bbox 3032 2526 3060 2579; x_wconf 95' lang='lat'><strong>6</strong></span> <span class='ocrx_word' id='word_1_461' title='bbox 3090 2525 3259 2587; x_wconf 83' lang='grc' dir='ltr'>τόπος</span> <span class='ocrx_word' id='word_1_462' title='bbox 3299 2525 3356 2583; x_wconf 69' lang='grc' dir='ltr'>δὲ</span> <span class='ocrx_word' id='word_1_463' title='bbox 3404 2526 3509 2600; x_wconf 81' lang='grc' dir='ltr'>ἄρα</span> <span class='ocrx_word' id='word_1_464' title='bbox 3554 2530 3848 2602; x_wconf 83' lang='grc' dir='ltr'>Σουσακὶμ</span> 
     </span>
    </p>
   </div>
   <div class='ocr_carea' id='block_1_73' title="bbox 2192 2611 3848 2689">
    <p class='ocr_par' dir='ltr' id='par_1_73' title="bbox 2192 2611 3848 2689">
     <span class='ocr_line' id='line_1_73' title="bbox 2192 2611 3848 2689; baseline 0.005 -23"><span class='ocrx_word' id='word_1_465' title='bbox 2192 2612 2528 2686; x_wconf 78' lang='grc' dir='ltr'>[Σουσακεῖμ</span> <span class='ocrx_word' id='word_1_466' title='bbox 2575 2614 2630 2684; x_wconf 84' lang='grc'>2]</span> <span class='ocrx_word' id='word_1_467' title='bbox 2688 2618 2806 2674; x_wconf 81' lang='grc' dir='ltr'>τοῖς</span> <span class='ocrx_word' id='word_1_468' title='bbox 2876 2611 3170 2688; x_wconf 70' lang='grc' dir='ltr'>ἐγχωρίοις</span> <span class='ocrx_word' id='word_1_469' title='bbox 3240 2613 3545 2689; x_wconf 84' lang='grc' dir='ltr'>ὦνόμαστο.</span> <span class='ocrx_word' id='word_1_470' title='bbox 3606 2620 3712 2676; x_wconf 80' lang='grc' dir='ltr'><strong>Καὶ</strong></span> <span class='ocrx_word' id='word_1_471' title='bbox 3790 2620 3848 2675; x_wconf 84' lang='grc' dir='ltr'>ἐν</span> 
     </span>
    </p>
   </div>
   <div class='ocr_carea' id='block_1_74' title="bbox 2189 2700 3846 2777">
    <p class='ocr_par' dir='ltr' id='par_1_74' title="bbox 2189 2700 3846 2777">
     <span class='ocr_line' id='line_1_74' title="bbox 2189 2700 3846 2777; baseline 0.005 -22"><span class='ocrx_word' id='word_1_472' title='bbox 2189 2700 2358 2773; x_wconf 83' lang='grc' dir='ltr'>αύτῷ,</span> <span class='ocrx_word' id='word_1_473' title='bbox 2391 2701 2507 2756; x_wconf 78' lang='grc' dir='ltr'>ὅτε</span> <span class='ocrx_word' id='word_1_474' title='bbox 2545 2703 2643 2769; x_wconf 70' lang='grc' dir='ltr'><strong>τῆς</strong></span> <span class='ocrx_word' id='word_1_475' title='bbox 2693 2700 2812 2764; x_wconf 74' lang='grc' dir='ltr'>νέας</span> <span class='ocrx_word' id='word_1_476' title='bbox 2872 2700 3075 2777; x_wconf 77' lang='grc' dir='ltr'>λαύρας</span> <span class='ocrx_word' id='word_1_477' title='bbox 3132 2705 3222 2758; x_wconf 84' lang='grc' dir='ltr'><strong>καὶ</strong></span> <span class='ocrx_word' id='word_1_478' title='bbox 3276 2706 3305 2760; x_wconf 89' lang='lat'><strong>6</strong></span> <span class='ocrx_word' id='word_1_479' title='bbox 3352 2712 3456 2775; x_wconf 78' lang='grc' dir='ltr'>τῆς</span> <span class='ocrx_word' id='word_1_480' title='bbox 3499 2711 3597 2761; x_wconf 74' lang='grc' dir='ltr'><strong>τοῦ</strong></span> <span class='ocrx_word' id='word_1_481' title='bbox 3655 2714 3846 2763; x_wconf 81' lang='grc' dir='ltr'>Σουκᾶ</span> 
     </span>
    </p>
   </div>
   <div class='ocr_carea' id='block_1_75' title="bbox 2187 2788 3840 2871">
    <p class='ocr_par' dir='ltr' id='par_1_75' title="bbox 2187 2788 3840 2871">
     <span class='ocr_line' id='line_1_75' title="bbox 2187 2788 3840 2871; baseline 0.004 -25"><span class='ocrx_word' id='word_1_482' title='bbox 2187 2793 2238 2846; x_wconf 69' lang='grc' dir='ltr'>οἱ</span> <span class='ocrx_word' id='word_1_483' title='bbox 2274 2791 2515 2864; x_wconf 80' lang='grc' dir='ltr'>ποταμοὶ</span> <span class='ocrx_word' id='word_1_484' title='bbox 2548 2791 2714 2865; x_wconf 76' lang='grc' dir='ltr'>ἄμφω</span> <span class='ocrx_word' id='word_1_485' title='bbox 2758 2788 3168 2865; x_wconf 74' lang='grc' dir='ltr'>συμϐάλλουσι,</span> <span class='ocrx_word' id='word_1_486' title='bbox 3204 2795 3495 2870; x_wconf 81' lang='grc' dir='ltr'>βαθύτατοι</span> <span class='ocrx_word' id='word_1_487' title='bbox 3543 2798 3620 2851; x_wconf 84' lang='grc' dir='ltr'>ὧν</span> <span class='ocrx_word' id='word_1_488' title='bbox 3677 2796 3840 2871; x_wconf 65' lang='grc' dir='ltr'>ἴσμεν</span> 
     </span>
    </p>
   </div>
   <div class='ocr_carea' id='block_1_76' title="bbox 2184 2880 3839 2961">
    <p class='ocr_par' dir='ltr' id='par_1_76' title="bbox 2184 2880 3839 2961">
     <span class='ocr_line' id='line_1_76' title="bbox 2184 2880 3839 2961; baseline 0.002 -24"><span class='ocrx_word' id='word_1_489' title='bbox 2184 2882 2273 2937; x_wconf 83' lang='grc' dir='ltr'><strong>καὶ</strong></span> <span class='ocrx_word' id='word_1_490' title='bbox 2329 2880 2571 2955; x_wconf 72' lang='grc' dir='ltr'>μέγιστοι</span> <span class='ocrx_word' id='word_1_491' title='bbox 2640 2880 2870 2957; x_wconf 77' lang='grc' dir='ltr'>ῥέοντες.</span> <span class='ocrx_word' id='word_1_492' title='bbox 2916 2884 3015 2937; x_wconf 81' lang='grc' dir='ltr'><strong>Καὶ</strong></span> <span class='ocrx_word' id='word_1_493' title='bbox 3082 2885 3312 2949; x_wconf 85' lang='grc' dir='ltr'>τούτους</span> <span class='ocrx_word' id='word_1_494' title='bbox 3373 2886 3529 2954; x_wconf 71' lang='grc' dir='ltr'>εἶναι,</span> <span class='ocrx_word' id='word_1_495' title='bbox 3572 2888 3700 2961; x_wconf 80' lang='grc' dir='ltr'>περὶ</span> <span class='ocrx_word' id='word_1_496' title='bbox 3761 2891 3839 2943; x_wconf 84' lang='grc' dir='ltr'>ὧν</span> 
     </span>
    </p>
   </div>
   <div class='ocr_carea' id='block_1_77' title="bbox 2182 2970 3839 3050">
    <p class='ocr_par' dir='ltr' id='par_1_77' title="bbox 2182 2970 3839 3050">
     <span class='ocr_line' id='line_1_77' title="bbox 2182 2970 3839 3050; baseline 0.005 -26"><span class='ocrx_word' id='word_1_497' title='bbox 2182 2972 2318 3045; x_wconf 89' lang='grc' dir='ltr'>πρὸς</span> <span class='ocrx_word' id='word_1_498' title='bbox 2383 2970 2474 3025; x_wconf 84' lang='grc' dir='ltr'><strong>τὸν</strong></span> <span class='ocrx_word' id='word_1_499' title='bbox 2531 2972 2762 3038; x_wconf 87' lang='grc' dir='ltr'>Χριστὸν</span> <span class='ocrx_word' id='word_1_500' title='bbox 2823 2971 3034 3046; x_wconf 68' lang='grc' dir='ltr'>εἴρηται</span> <span class='ocrx_word' id='word_1_501' title='bbox 3092 2977 3172 3045; x_wconf 81' lang='grc' dir='ltr'>τῷ</span> <span class='ocrx_word' id='word_1_502' title='bbox 3229 2973 3416 3046; x_wconf 72' lang='grc' dir='ltr'>Δαυῗδ,</span> <span class='ocrx_word' id='word_1_503' title='bbox 3451 2976 3527 3031; x_wconf 79' lang='grc' dir='ltr'><strong>Σὺ</strong></span> <span class='ocrx_word' id='word_1_504' title='bbox 3569 2975 3839 3050; x_wconf 72' lang='grc' dir='ltr'>ἐξήρανας</span> 
     </span>
    </p>
   </div>
   <div class='ocr_carea' id='block_1_78' title="bbox 2181 3058 3838 3141">
    <p class='ocr_par' dir='ltr' id='par_1_78' title="bbox 2181 3058 3838 3141">
     <span class='ocr_line' id='line_1_78' title="bbox 2181 3058 3838 3141; baseline 0.004 -26"><span class='ocrx_word' id='word_1_505' title='bbox 2181 3058 2465 3133; x_wconf 80' lang='grc' dir='ltr'>ποταμοὺς</span> <span class='ocrx_word' id='word_1_506' title='bbox 2546 3060 2744 3133; x_wconf 79' lang='grc' dir='ltr'>Ἠοάμ,</span> <span class='ocrx_word' id='word_1_507' title='bbox 2806 3059 3043 3136; x_wconf 72' lang='grc' dir='ltr'>λέγεται.</span> <span class='ocrx_word' id='word_1_508' title='bbox 3105 3061 3268 3121; x_wconf 84' lang='grc' dir='ltr'>’Δλλ’</span> <span class='ocrx_word' id='word_1_509' title='bbox 3334 3065 3532 3141; x_wconf 79' lang='grc' dir='ltr'>εὐχερῆ</span> <span class='ocrx_word' id='word_1_510' title='bbox 3616 3068 3838 3131; x_wconf 74' lang='grc' dir='ltr'>παντως</span> 
     </span>
    </p>
   </div>
   <div class='ocr_carea' id='block_1_79' title="bbox 2178 3147 3838 3228">
    <p class='ocr_par' dir='ltr' id='par_1_79' title="bbox 2178 3147 3838 3228">
     <span class='ocr_line' id='line_1_79' title="bbox 2178 3147 3838 3228; baseline 0.004 -24"><span class='ocrx_word' id='word_1_511' title='bbox 2178 3148 2488 3226; x_wconf 83' lang='grc' dir='ltr'>ἀνθρώποις</span> <span class='ocrx_word' id='word_1_512' title='bbox 2548 3148 2639 3205; x_wconf 82' lang='grc' dir='ltr'><strong>καὶ</strong></span> <span class='ocrx_word' id='word_1_513' title='bbox 2673 3147 2857 3223; x_wconf 80' lang='grc' dir='ltr'>ῥᾳδίαν</span> <span class='ocrx_word' id='word_1_514' title='bbox 2890 3152 2978 3206; x_wconf 84' lang='grc' dir='ltr'><strong>καὶ</strong></span> <span class='ocrx_word' id='word_1_515' title='bbox 3007 3154 3106 3222; x_wconf 79' lang='grc' dir='ltr'><strong>τήν</strong></span> <span class='ocrx_word' id='word_1_516' title='bbox 3167 3149 3368 3209; x_wconf 74' lang='grc' dir='ltr'>ἄϐατον</span> <span class='ocrx_word' id='word_1_517' title='bbox 3419 3152 3596 3226; x_wconf 76' lang='grc' dir='ltr'>δήπου</span> <span class='ocrx_word' id='word_1_518' title='bbox 3629 3159 3838 3228; x_wconf 85' lang='grc' dir='ltr'>ταύτην</span> 
     </span>
    </p>
   </div>
   <div class='ocr_carea' id='block_1_80' title="bbox 2177 3235 3834 3318">
    <p class='ocr_par' dir='ltr' id='par_1_80' title="bbox 2177 3235 3834 3318">
     <span class='ocr_line' id='line_1_80' title="bbox 2177 3235 3834 3318; baseline 0.006 -25"><span class='ocrx_word' id='word_1_519' title='bbox 2177 3235 2385 3314; x_wconf 81' lang='grc' dir='ltr'>ἔρημον</span> <span class='ocrx_word' id='word_1_520' title='bbox 2424 3240 2459 3308; x_wconf 81' lang='grc' dir='ltr'>ἡ</span> <span class='ocrx_word' id='word_1_521' title='bbox 2492 3239 2617 3314; x_wconf 88' lang='grc' dir='ltr'>περὶ</span> <span class='ocrx_word' id='word_1_522' title='bbox 2656 3239 2749 3294; x_wconf 88' lang='grc' dir='ltr'><strong>τὸν</strong></span> <span class='ocrx_word' id='word_1_523' title='bbox 2799 3237 2963 3317; x_wconf 73' lang='grc' dir='ltr'>ἄνδρα</span> <span class='ocrx_word' id='word_1_524' title='bbox 3000 3243 3183 3306; x_wconf 84' lang='grc' dir='ltr'>πίστις</span> <span class='ocrx_word' id='word_1_525' title='bbox 3223 3242 3394 3299; x_wconf 68' lang='grc' dir='ltr'>ἐποίει</span> <span class='ocrx_word' id='word_1_526' title='bbox 3428 3261 3443 3275; x_wconf 89' lang='grc'><strong>·</strong></span> <span class='ocrx_word' id='word_1_527' title='bbox 3495 3243 3716 3318; x_wconf 75' lang='grc' dir='ltr'>μᾶλλον</span> <span class='ocrx_word' id='word_1_528' title='bbox 3776 3245 3834 3303; x_wconf 73' lang='grc' dir='ltr'>δὲ</span> 
     </span>
    </p>
   </div>
   <div class='ocr_carea' id='block_1_81' title="bbox 2176 3327 3831 3411">
    <p class='ocr_par' dir='ltr' id='par_1_81' title="bbox 2176 3327 3831 3411">
     <span class='ocr_line' id='line_1_81' title="bbox 2176 3327 3831 3411; baseline 0.004 -29"><span class='ocrx_word' id='word_1_529' title='bbox 2176 3330 2210 3397; x_wconf 77' lang='grc' dir='ltr'>ἡ</span> <span class='ocrx_word' id='word_1_530' title='bbox 2268 3333 2377 3383; x_wconf 83' lang='grc' dir='ltr'>τῶν</span> <span class='ocrx_word' id='word_1_531' title='bbox 2425 3327 2626 3383; x_wconf 74' lang='grc' dir='ltr'>ἐκείνου</span> <span class='ocrx_word' id='word_1_532' title='bbox 2686 3328 2843 3394; x_wconf 88' lang='grc' dir='ltr'>θείων</span> <span class='ocrx_word' id='word_1_533' title='bbox 2917 3331 3162 3406; x_wconf 87' lang='grc' dir='ltr'>χαρίτων</span> <span class='ocrx_word' id='word_1_534' title='bbox 3228 3333 3508 3411; x_wconf 64' lang='grc' dir='ltr'>ἀφθονία·</span> <span class='ocrx_word' id='word_1_535' title='bbox 3556 3334 3681 3404; x_wconf 77' lang='grc' dir='ltr'>ἣτις</span> <span class='ocrx_word' id='word_1_536' title='bbox 3737 3336 3831 3391; x_wconf 80' lang='grc' dir='ltr'><strong>καὶ</strong></span> 
     </span>
    </p>
   </div>
   <div class='ocr_carea' id='block_1_82' title="bbox 2173 3417 3835 3495">
    <p class='ocr_par' dir='ltr' id='par_1_82' title="bbox 2173 3417 3835 3495">
     <span class='ocr_line' id='line_1_82' title="bbox 2173 3417 3835 3495; baseline 0.005 -23"><span class='ocrx_word' id='word_1_537' title='bbox 2173 3418 2274 3487; x_wconf 72' lang='grc' dir='ltr'>τήν</span> <span class='ocrx_word' id='word_1_538' title='bbox 2332 3417 2511 3473; x_wconf 87' lang='grc' dir='ltr'>πίστιν</span> <span class='ocrx_word' id='word_1_539' title='bbox 2588 3418 2913 3495; x_wconf 79' lang='grc' dir='ltr'>θερμότερον</span> <span class='ocrx_word' id='word_1_540' title='bbox 2974 3421 3225 3489; x_wconf 88' lang='grc' dir='ltr'>ἀνεκίνει,</span> <span class='ocrx_word' id='word_1_541' title='bbox 3280 3423 3372 3477; x_wconf 76' lang='grc' dir='ltr'><strong>καὶ</strong></span> <span class='ocrx_word' id='word_1_542' title='bbox 3427 3424 3523 3486; x_wconf 67' lang='grc' dir='ltr'><strong>τὰς</strong></span> <span class='ocrx_word' id='word_1_543' title='bbox 3583 3420 3835 3488; x_wconf 74' lang='grc' dir='ltr'>εὐσεϐεῖς</span> 
     </span>
    </p>
   </div>
   <div class='ocr_carea' id='block_1_83' title="bbox 2174 3506 3825 3589">
    <p class='ocr_par' dir='ltr' id='par_1_83' title="bbox 2174 3506 3825 3589">
     <span class='ocr_line' id='line_1_83' title="bbox 2174 3506 3825 3589; baseline 0.005 -28"><span class='ocrx_word' id='word_1_544' title='bbox 2174 3506 2358 3586; x_wconf 77' lang='grc' dir='ltr'>ψυχὰς</span> <span class='ocrx_word' id='word_1_545' title='bbox 2416 3507 2493 3573; x_wconf 83' lang='grc' dir='ltr'><strong>εἰς</strong></span> <span class='ocrx_word' id='word_1_546' title='bbox 2547 3509 2715 3573; x_wconf 83' lang='grc' dir='ltr'>πόθον</span> <span class='ocrx_word' id='word_1_547' title='bbox 2776 3508 3028 3582; x_wconf 73' lang='grc' dir='ltr'>ἐπήδετο.</span> <span class='ocrx_word' id='word_1_548' title='bbox 3062 3511 3232 3567; x_wconf 82' lang='grc' dir='ltr'><strong>Ἑπτά</strong></span> <span class='ocrx_word' id='word_1_549' title='bbox 3286 3512 3387 3589; x_wconf 85' lang='grc' dir='ltr'><strong>γάρ</strong></span> <span class='ocrx_word' id='word_1_550' title='bbox 3447 3512 3672 3569; x_wconf 69' lang='grc' dir='ltr'>ἐνταῦθα</span> <span class='ocrx_word' id='word_1_551' title='bbox 3729 3513 3825 3585; x_wconf 76' lang='grc' dir='ltr'>ἔτη</span> 
     </span>
    </p>
   </div>
   <div class='ocr_carea' id='block_1_84' title="bbox 2171 3598 3828 3680">
    <p class='ocr_par' dir='ltr' id='par_1_84' title="bbox 2171 3598 3828 3680">
     <span class='ocr_line' id='line_1_84' title="bbox 2171 3598 3828 3680; baseline 0.004 -26"><span class='ocrx_word' id='word_1_552' title='bbox 2171 3604 2268 3654; x_wconf 78' lang='grc' dir='ltr'><strong>τοῦ</strong></span> <span class='ocrx_word' id='word_1_553' title='bbox 2301 3605 2570 3675; x_wconf 76' lang='grc' dir='ltr'>Κυριακοῦ</span> <span class='ocrx_word' id='word_1_554' title='bbox 2601 3598 2977 3677; x_wconf 87' lang='grc' dir='ltr'>διαγαγόντος,</span> <span class='ocrx_word' id='word_1_555' title='bbox 3011 3602 3199 3674; x_wconf 73' lang='grc' dir='ltr'>ἐπειδὴ</span> <span class='ocrx_word' id='word_1_556' title='bbox 3261 3604 3460 3678; x_wconf 84' lang='grc' dir='ltr'>λοιμὸς</span> <span class='ocrx_word' id='word_1_557' title='bbox 3516 3604 3828 3680; x_wconf 68' lang='grc' dir='ltr'>ἐπισκήψας</span> 
     </span>
    </p>
   </div>
   <div class='ocr_carea' id='block_1_85' title="bbox 2170 3689 3829 3766">
    <p class='ocr_par' dir='ltr' id='par_1_85' title="bbox 2170 3689 3829 3766">
     <span class='ocr_line' id='line_1_85' title="bbox 2170 3689 3829 3766; baseline 0.004 -22"><span class='ocrx_word' id='word_1_558' title='bbox 2170 3689 2295 3745; x_wconf 86' lang='grc' dir='ltr'>τότε</span> <span class='ocrx_word' id='word_1_559' title='bbox 2348 3695 2527 3752; x_wconf 78' lang='grc' dir='ltr'>κακῶς</span> <span class='ocrx_word' id='word_1_560' title='bbox 2585 3691 2652 3746; x_wconf 78' lang='grc' dir='ltr'><strong>τά</strong></span> <span class='ocrx_word' id='word_1_561' title='bbox 2710 3692 2865 3766; x_wconf 71' lang='grc' dir='ltr'>πέριξ</span> <span class='ocrx_word' id='word_1_562' title='bbox 2942 3694 3117 3748; x_wconf 83' lang='grc' dir='ltr'>πάντα</span> <span class='ocrx_word' id='word_1_563' title='bbox 3178 3692 3374 3763; x_wconf 75' lang='grc' dir='ltr'>ἐποίει,</span> <span class='ocrx_word' id='word_1_564' title='bbox 3426 3693 3517 3749; x_wconf 80' lang='grc' dir='ltr'><strong>καὶ</strong></span> <span class='ocrx_word' id='word_1_565' title='bbox 3573 3693 3829 3758; x_wconf 70' lang='grc' dir='ltr'>πολλοὺς</span> 
     </span>
    </p>
   </div>
   <div class='ocr_carea' id='block_1_86' title="bbox 2172 3779 3824 3857">
    <p class='ocr_par' dir='ltr' id='par_1_86' title="bbox 2172 3779 3824 3857">
     <span class='ocr_line' id='line_1_86' title="bbox 2172 3779 3824 3857; baseline 0.002 -22"><span class='ocrx_word' id='word_1_566' title='bbox 2172 3780 2407 3856; x_wconf 81' lang='grc' dir='ltr'>ἀναιρῶν</span> <span class='ocrx_word' id='word_1_567' title='bbox 2466 3780 2568 3835; x_wconf 80' lang='grc' dir='ltr'>οὐκ</span> <span class='ocrx_word' id='word_1_568' title='bbox 2622 3779 2760 3835; x_wconf 90' lang='grc' dir='ltr'>ἀνίει</span> <span class='ocrx_word' id='word_1_569' title='bbox 2802 3781 2971 3856; x_wconf 79' lang='grc' dir='ltr'>[ἀνῄει</span> <span class='ocrx_word' id='word_1_570' title='bbox 3019 3785 3096 3857; x_wconf 86' lang='grc'><strong>2],</strong></span> <span class='ocrx_word' id='word_1_571' title='bbox 3130 3781 3400 3845; x_wconf 83' lang='grc' dir='ltr'>δείσαντες</span> <span class='ocrx_word' id='word_1_572' title='bbox 3449 3786 3501 3838; x_wconf 69' lang='grc' dir='ltr'>οἱ</span> <span class='ocrx_word' id='word_1_573' title='bbox 3557 3790 3659 3855; x_wconf 74' lang='grc' dir='ltr'>τῆς</span> <span class='ocrx_word' id='word_1_574' title='bbox 3724 3789 3824 3841; x_wconf 75' lang='grc' dir='ltr'><strong>τοῦ</strong></span> 
     </span>
    </p>
   </div>
   <div class='ocr_carea' id='block_1_87' title="bbox 2174 3866 3828 3946">
    <p class='ocr_par' dir='ltr' id='par_1_87' title="bbox 2174 3866 3828 3946">
     <span class='ocr_line' id='line_1_87' title="bbox 2174 3866 3828 3946; baseline 0.003 -22"><span class='ocrx_word' id='word_1_575' title='bbox 2174 3874 2355 3925; x_wconf 84' lang='grc' dir='ltr'>Σουκᾶ</span> <span class='ocrx_word' id='word_1_576' title='bbox 2410 3867 2635 3946; x_wconf 78' lang='grc' dir='ltr'>λαύρας,</span> <span class='ocrx_word' id='word_1_577' title='bbox 2667 3866 3008 3927; x_wconf 74' lang='grc' dir='ltr'>ἐπιϐαίνουσι</span> <span class='ocrx_word' id='word_1_578' title='bbox 3065 3873 3157 3927; x_wconf 73' lang='grc' dir='ltr'><strong>καὶ</strong></span> <span class='ocrx_word' id='word_1_579' title='bbox 3203 3874 3305 3943; x_wconf 77' lang='grc' dir='ltr'>τῆς</span> <span class='ocrx_word' id='word_1_580' title='bbox 3353 3867 3557 3929; x_wconf 75' lang='grc' dir='ltr'>ἀϐάτου</span> <span class='ocrx_word' id='word_1_581' title='bbox 3615 3873 3828 3944; x_wconf 80' lang='grc' dir='ltr'>ταύτης</span> 
     </span>
    </p>
   </div>
   <div class='ocr_carea' id='block_1_88' title="bbox 2172 3958 3825 4038">
    <p class='ocr_par' dir='ltr' id='par_1_88' title="bbox 2172 3958 3825 4038">
     <span class='ocr_line' id='line_1_88' title="bbox 2172 3958 3825 4038; baseline 0.001 -23"><span class='ocrx_word' id='word_1_582' title='bbox 2172 3960 2383 4035; x_wconf 69' lang='grc' dir='ltr'>ἐρήμου</span> <span class='ocrx_word' id='word_1_583' title='bbox 2417 3980 2432 3995; x_wconf 80' lang='grc' dir='ltr'><strong><em>ο</em></strong></span> <span class='ocrx_word' id='word_1_584' title='bbox 2502 3962 2589 4015; x_wconf 88' lang='grc' dir='ltr'><strong>καὶ</strong></span> <span class='ocrx_word' id='word_1_585' title='bbox 2674 3958 2882 4016; x_wconf 80' lang='grc' dir='ltr'>δέονται</span> <span class='ocrx_word' id='word_1_586' title='bbox 2948 3967 3049 4017; x_wconf 80' lang='grc' dir='ltr'><strong>τοῦ</strong></span> <span class='ocrx_word' id='word_1_587' title='bbox 3120 3966 3417 4038; x_wconf 82' lang='grc' dir='ltr'>Κυριακοῦ,</span> <span class='ocrx_word' id='word_1_588' title='bbox 3475 3962 3565 4017; x_wconf 82' lang='grc' dir='ltr'><strong>καὶ</strong></span> <span class='ocrx_word' id='word_1_589' title='bbox 3624 3968 3825 4019; x_wconf 77' lang='grc' dir='ltr'>τοῦτον</span> 
     </span>
    </p>
   </div>
   <div class='ocr_carea' id='block_1_89' title="bbox 2172 4048 3822 4125">
    <p class='ocr_par' dir='ltr' id='par_1_89' title="bbox 2172 4048 3822 4125">
     <span class='ocr_line' id='line_1_89' title="bbox 2172 4048 3822 4125; baseline 0.002 -21"><span class='ocrx_word' id='word_1_590' title='bbox 2172 4048 2548 4121; x_wconf 73' lang='grc' dir='ltr'>ἐκλιπαροῦσι,</span> <span class='ocrx_word' id='word_1_591' title='bbox 2581 4053 2650 4123; x_wconf 81' lang='grc' dir='ltr'><strong>τῇ</strong></span> <span class='ocrx_word' id='word_1_592' title='bbox 2683 4049 2858 4124; x_wconf 79' lang='grc' dir='ltr'>λαύρα</span> <span class='ocrx_word' id='word_1_593' title='bbox 2888 4050 2977 4105; x_wconf 86' lang='grc' dir='ltr'><strong>καὶ</strong></span> <span class='ocrx_word' id='word_1_594' title='bbox 3026 4048 3182 4116; x_wconf 71' lang='grc' dir='ltr'>αὖθις</span> <span class='ocrx_word' id='word_1_595' title='bbox 3238 4049 3577 4125; x_wconf 73' lang='grc' dir='ltr'>ἐπιδημῆσαι</span> <span class='ocrx_word' id='word_1_596' title='bbox 3605 4072 3618 4085; x_wconf 90' lang='grc'><strong>·</strong></span> <span class='ocrx_word' id='word_1_597' title='bbox 3665 4052 3822 4116; x_wconf 78' lang='grc' dir='ltr'>ὅπως</span> 
     </span>
    </p>
   </div>
   <div class='ocr_carea' id='block_1_90' title="bbox 2169 4138 3821 4216">
    <p class='ocr_par' dir='ltr' id='par_1_90' title="bbox 2169 4138 3821 4216">
     <span class='ocr_line' id='line_1_90' title="bbox 2169 4138 3821 4216; baseline 0.002 -22"><span class='ocrx_word' id='word_1_598' title='bbox 2169 4140 2333 4194; x_wconf 73' lang='grc' dir='ltr'>τοῦτό</span> <span class='ocrx_word' id='word_1_599' title='bbox 2381 4140 2429 4214; x_wconf 85' lang='grc' dir='ltr'>γ’</span> <span class='ocrx_word' id='word_1_600' title='bbox 2461 4138 2555 4194; x_wconf 77' lang='grc' dir='ltr'>οὖν</span> <span class='ocrx_word' id='word_1_601' title='bbox 2606 4139 2782 4214; x_wconf 74' lang='grc' dir='ltr'>[γοῦν]</span> <span class='ocrx_word' id='word_1_602' title='bbox 2812 4139 3223 4215; x_wconf 84' lang='grc' dir='ltr'>ἀνυσιμώτατον</span> <span class='ocrx_word' id='word_1_603' title='bbox 3253 4142 3393 4196; x_wconf 86' lang='grc' dir='ltr'><strong>κατά</strong></span> <span class='ocrx_word' id='word_1_604' title='bbox 3444 4146 3542 4197; x_wconf 76' lang='grc' dir='ltr'><strong>τοῦ</strong></span> <span class='ocrx_word' id='word_1_605' title='bbox 3610 4141 3821 4216; x_wconf 75' lang='grc' dir='ltr'>λοιμοῦ</span> 
     </span>
    </p>
   </div>
   <div class='ocr_carea' id='block_1_91' title="bbox 2171 4225 3419 4305">
    <p class='ocr_par' dir='ltr' id='par_1_91' title="bbox 2171 4225 3419 4305">
     <span class='ocr_line' id='line_1_91' title="bbox 2171 4225 3419 4305; baseline 0.005 -23"><span class='ocrx_word' id='word_1_606' title='bbox 2171 4229 2456 4305; x_wconf 76' lang='grc' dir='ltr'>φάρμακον</span> <span class='ocrx_word' id='word_1_607' title='bbox 2492 4225 2699 4304; x_wconf 81' lang='grc' dir='ltr'>ἔχοιεν,</span> <span class='ocrx_word' id='word_1_608' title='bbox 2731 4231 2831 4299; x_wconf 85' lang='grc' dir='ltr'><strong>τήν</strong></span> <span class='ocrx_word' id='word_1_609' title='bbox 2860 4229 3067 4286; x_wconf 78' lang='grc' dir='ltr'>ἐκείνου</span> <span class='ocrx_word' id='word_1_610' title='bbox 3098 4227 3419 4305; x_wconf 70' lang='grc' dir='ltr'>ἐπιδημίαν.</span> 
     </span>
    </p>
   </div>
   <div class='ocr_carea' id='block_1_92' title="bbox 2242 4317 3824 4396">
    <p class='ocr_par' dir='ltr' id='par_1_92' title="bbox 2242 4317 3824 4396">
     <span class='ocr_line' id='line_1_92' title="bbox 2242 4317 3824 4396; baseline 0.003 -23"><span class='ocrx_word' id='word_1_611' title='bbox 2242 4317 2437 4374; x_wconf 82' lang='grc' dir='ltr'>Ἐλεον</span> <span class='ocrx_word' id='word_1_612' title='bbox 2466 4318 2647 4374; x_wconf 90' lang='grc' dir='ltr'>τοίνυν</span> <span class='ocrx_word' id='word_1_613' title='bbox 2684 4318 2859 4374; x_wconf 81' lang='grc' dir='ltr'>αὐτῶν</span> <span class='ocrx_word' id='word_1_614' title='bbox 2889 4317 3102 4395; x_wconf 70' lang='grc' dir='ltr'>[αὑτὸν]</span> <span class='ocrx_word' id='word_1_615' title='bbox 3150 4323 3184 4389; x_wconf 84' lang='grc' dir='ltr'>ἡ</span> <span class='ocrx_word' id='word_1_616' title='bbox 3242 4319 3416 4396; x_wconf 82' lang='grc' dir='ltr'>ἀγαθὴ</span> <span class='ocrx_word' id='word_1_617' title='bbox 3474 4320 3565 4376; x_wconf 76' lang='grc' dir='ltr'><strong>καὶ</strong></span> <span class='ocrx_word' id='word_1_618' title='bbox 3624 4319 3824 4395; x_wconf 75' lang='grc' dir='ltr'>φιλάνο</span> 
     </span>
    </p>
   </div>
   <div class='ocr_carea' id='block_1_93' title="bbox 2171 4402 3824 4485">
    <p class='ocr_par' dir='ltr' id='par_1_93' title="bbox 2171 4402 3824 4485">
     <span class='ocr_line' id='line_1_93' title="bbox 2171 4402 3824 4485; baseline 0.003 -23"><span class='ocrx_word' id='word_1_619' title='bbox 2171 4409 2389 4481; x_wconf 85' lang='grc' dir='ltr'>θρωπος</span> <span class='ocrx_word' id='word_1_620' title='bbox 2438 4406 2616 4479; x_wconf 81' lang='grc' dir='ltr'>ἐκείνη</span> <span class='ocrx_word' id='word_1_621' title='bbox 2673 4402 2922 4464; x_wconf 75' lang='grc' dir='ltr'>λαϐοῦσα</span> <span class='ocrx_word' id='word_1_622' title='bbox 2978 4410 3130 4485; x_wconf 84' lang='grc' dir='ltr'>ψυχὴ</span> <span class='ocrx_word' id='word_1_623' title='bbox 3198 4409 3404 4465; x_wconf 79' lang='grc' dir='ltr'>κάτεισί</span> <span class='ocrx_word' id='word_1_624' title='bbox 3461 4431 3520 4466; x_wconf 92' lang='grc' dir='ltr'><strong>τε</strong></span> <span class='ocrx_word' id='word_1_625' title='bbox 3597 4411 3675 4474; x_wconf 74' lang='grc' dir='ltr'><strong>εἰς</strong></span> <span class='ocrx_word' id='word_1_626' title='bbox 3717 4413 3824 4481; x_wconf 73' lang='grc' dir='ltr'>τὴν</span> 
     </span>
    </p>
   </div>
   <div class='ocr_carea' id='block_1_94' title="bbox 2176 4496 3825 4578">
    <p class='ocr_par' dir='ltr' id='par_1_94' title="bbox 2176 4496 3825 4578">
     <span class='ocr_line' id='line_1_94' title="bbox 2176 4496 3825 4578; baseline 0.004 -24"><span class='ocrx_word' id='word_1_627' title='bbox 2176 4496 2378 4575; x_wconf 86' lang='grc' dir='ltr'>λαύραν</span> <span class='ocrx_word' id='word_1_628' title='bbox 2408 4500 2574 4556; x_wconf 74' lang='grc' dir='ltr'>πάλιν</span> <span class='ocrx_word' id='word_1_629' title='bbox 2606 4519 2620 4533; x_wconf 72' lang='grc' dir='ltr'><strong><em>ο</em></strong></span> <span class='ocrx_word' id='word_1_630' title='bbox 2670 4499 2761 4555; x_wconf 85' lang='grc' dir='ltr'><strong>καὶ</strong></span> <span class='ocrx_word' id='word_1_631' title='bbox 2804 4500 2943 4575; x_wconf 83' lang='grc' dir='ltr'>πρὸς</span> <span class='ocrx_word' id='word_1_632' title='bbox 2979 4505 3058 4574; x_wconf 81' lang='grc' dir='ltr'>τῷ</span> <span class='ocrx_word' id='word_1_633' title='bbox 3097 4505 3194 4557; x_wconf 81' lang='grc' dir='ltr'><strong>τοῦ</strong></span> <span class='ocrx_word' id='word_1_634' title='bbox 3247 4501 3516 4578; x_wconf 79' lang='grc' dir='ltr'>μακαρίου</span> <span class='ocrx_word' id='word_1_635' title='bbox 3575 4502 3825 4578; x_wconf 86' lang='grc' dir='ltr'>Χαρίτω-</span> 
     </span>
    </p>
   </div>
   <div class='ocr_carea' id='block_1_95' title="bbox 412 4578 2072 4666">
    <p class='ocr_par' dir='ltr' id='par_1_95' title="bbox 412 4578 2063 4653">
     <span class='ocr_line' id='line_1_95' title="bbox 412 4578 2063 4653; baseline -0.001 -15"><span class='ocrx_word' id='word_1_636' title='bbox 412 4580 824 4638; x_wconf 86' lang='lat' dir='ltr'><strong>strenuissime</strong></span> <span class='ocrx_word' id='word_1_637' title='bbox 854 4596 954 4637; x_wconf 92' lang='lat' dir='ltr'><strong>eos</strong></span> <span class='ocrx_word' id='word_1_638' title='bbox 995 4578 1092 4652; x_wconf 90' lang='lat' dir='ltr'><strong>qui</strong></span> <span class='ocrx_word' id='word_1_639' title='bbox 1141 4595 1272 4637; x_wconf 91' lang='lat' dir='ltr'><strong>cum</strong></span> <span class='ocrx_word' id='word_1_640' title='bbox 1306 4580 1553 4653; x_wconf 89' lang='lat' dir='ltr'><strong>Origene</strong></span> <span class='ocrx_word' id='word_1_641' title='bbox 1583 4579 1934 4650; x_wconf 84' lang='lat' dir='ltr'><strong>sentiebant,</strong></span> <span class='ocrx_word' id='word_1_642' title='bbox 1967 4596 2063 4637; x_wconf 85' lang='lat' dir='ltr'><strong>ex-</strong></span> 
     </span>
    </p>
   </div>
   <div class='ocr_carea' id='block_1_96' title="bbox 2190 4578 3827 4666">
    <p class='ocr_par' dir='ltr' id='par_1_96' title="bbox 2190 4587 3827 4666">
     <span class='ocr_line' id='line_1_96' title="bbox 2190 4587 3827 4666; baseline 0.005 -26"><span class='ocrx_word' id='word_1_643' title='bbox 2190 4609 2265 4652; x_wconf 71' lang='grc' dir='ltr'>νος</span> <span class='ocrx_word' id='word_1_644' title='bbox 2295 4587 2505 4663; x_wconf 83' lang='grc' dir='ltr'>κελλίῳ</span> <span class='ocrx_word' id='word_1_645' title='bbox 2536 4589 2784 4663; x_wconf 75' lang='grc' dir='ltr'>πέμπτον</span> <span class='ocrx_word' id='word_1_646' title='bbox 2833 4588 3145 4645; x_wconf 76' lang='grc' dir='ltr'>διατελέσας</span> <span class='ocrx_word' id='word_1_647' title='bbox 3176 4590 3439 4662; x_wconf 74' lang='grc' dir='ltr'>ἐνιαυτὸν,</span> <span class='ocrx_word' id='word_1_648' title='bbox 3473 4588 3827 4666; x_wconf 85' lang='grc' dir='ltr'>ἀνδρειότατα</span> 
     </span>
    </p>
   </div>
   <div class='ocr_carea' id='block_1_97' title="bbox 411 4668 2065 4745">
    <p class='ocr_par' dir='ltr' id='par_1_97' title="bbox 411 4668 2065 4745">
     <span class='ocr_line' id='line_1_97' title="bbox 411 4668 2065 4745; baseline 0.001 -18"><span class='ocrx_word' id='word_1_649' title='bbox 411 4672 734 4745; x_wconf 89' lang='lat' dir='ltr'><strong>pugnabat.</strong></span> <span class='ocrx_word' id='word_1_650' title='bbox 768 4671 933 4727; x_wconf 92' lang='lat' dir='ltr'><strong>Tunc</strong></span> <span class='ocrx_word' id='word_1_651' title='bbox 988 4685 1222 4742; x_wconf 89' lang='lat' dir='ltr'><strong>quoque</strong></span> <span class='ocrx_word' id='word_1_652' title='bbox 1266 4670 1629 4727; x_wconf 89' lang='lat' dir='ltr'><strong>admirabilis</strong></span> <span class='ocrx_word' id='word_1_653' title='bbox 1668 4668 1937 4742; x_wconf 86' lang='lat' dir='ltr'><strong>Cyrillus,</strong></span> <span class='ocrx_word' id='word_1_654' title='bbox 1971 4675 2065 4742; x_wconf 91' lang='lat' dir='ltr'><strong>qui</strong></span> 
     </span>
    </p>
   </div>
   <div class='ocr_carea' id='block_1_98' title="bbox 411 4760 2062 4834">
    <p class='ocr_par' dir='ltr' id='par_1_98' title="bbox 411 4760 2062 4834">
     <span class='ocr_line' id='line_1_98' title="bbox 411 4760 2062 4834; baseline 0.001 -16"><span class='ocrx_word' id='word_1_655' title='bbox 411 4780 445 4818; x_wconf 89' lang='lat' dir='ltr'><strong>a</strong></span> <span class='ocrx_word' id='word_1_656' title='bbox 496 4761 697 4834; x_wconf 88' lang='lat' dir='ltr'><strong>magni</strong></span> <span class='ocrx_word' id='word_1_657' title='bbox 754 4760 1046 4833; x_wconf 83' lang='lat' dir='ltr'><strong>Euthymii</strong></span> <span class='ocrx_word' id='word_1_658' title='bbox 1078 4760 1148 4815; x_wconf 92' lang='lat' dir='ltr'><strong>ad</strong></span> <span class='ocrx_word' id='word_1_659' title='bbox 1193 4760 1341 4816; x_wconf 90' lang='lat' dir='ltr'><strong>beati</strong></span> <span class='ocrx_word' id='word_1_660' title='bbox 1375 4761 1542 4819; x_wconf 64' lang='lat' dir='ltr'><strong>Saba</strong></span> <span class='ocrx_word' id='word_1_661' title='bbox 1573 4762 1820 4819; x_wconf 85' lang='lat' dir='ltr'><strong>Lauram</strong></span> <span class='ocrx_word' id='word_1_662' title='bbox 1866 4779 2062 4820; x_wconf 89' lang='lat' dir='ltr'><strong>acces-</strong></span> 
     </span>
    </p>
   </div>
   <div class='ocr_carea' id='block_1_99' title="bbox 410 4850 2061 4932">
    <p class='ocr_par' dir='ltr' id='par_1_99' title="bbox 410 4850 2061 4932">
     <span class='ocr_line' id='line_1_99' title="bbox 410 4850 2061 4932; baseline 0.002 -21"><span class='ocrx_word' id='word_1_663' title='bbox 410 4858 568 4911; x_wconf 88' lang='lat' dir='ltr'><strong>serat</strong></span> <span class='ocrx_word' id='word_1_664' title='bbox 618 4857 683 4909; x_wconf 90' lang='lat' dir='ltr'><strong>ut</strong></span> <span class='ocrx_word' id='word_1_665' title='bbox 710 4852 996 4909; x_wconf 86' lang='lat' dir='ltr'><strong>Joannem</strong></span> <span class='ocrx_word' id='word_1_666' title='bbox 1028 4850 1427 4909; x_wconf 88' lang='lat' dir='ltr'><strong>Silentiarium</strong></span> <span class='ocrx_word' id='word_1_667' title='bbox 1458 4854 1789 4929; x_wconf 88' lang='lat' dir='ltr'><strong>episcopum</strong></span> <span class='ocrx_word' id='word_1_668' title='bbox 1819 4859 2061 4932; x_wconf 85' lang='lat' dir='ltr'><strong>videret,</strong></span> 
     </span>
    </p>
   </div>
   <div class='ocr_carea' id='block_1_100' title="bbox 412 4940 2061 5019">
    <p class='ocr_par' dir='ltr' id='par_1_100' title="bbox 412 4940 2061 5019">
     <span class='ocr_line' id='line_1_100' title="bbox 412 4940 2061 5019; baseline 0.004 -18"><span class='ocrx_word' id='word_1_669' title='bbox 412 4946 477 5001; x_wconf 84' lang='lat' dir='ltr'><strong>fit</strong></span> <span class='ocrx_word' id='word_1_670' title='bbox 498 4944 549 5001; x_wconf 92' lang='lat' dir='ltr'><strong>ei</strong></span> <span class='ocrx_word' id='word_1_671' title='bbox 575 4942 843 4998; x_wconf 87' lang='lat' dir='ltr'><strong>minister</strong></span> <span class='ocrx_word' id='word_1_672' title='bbox 864 4940 1187 4997; x_wconf 88' lang='lat' dir='ltr'><strong>litterarum</strong></span> <span class='ocrx_word' id='word_1_673' title='bbox 1207 4941 1279 4996; x_wconf 91' lang='lat' dir='ltr'><strong>ad</strong></span> <span class='ocrx_word' id='word_1_674' title='bbox 1305 4941 1535 4999; x_wconf 90' lang='lat' dir='ltr'><strong>beatum</strong></span> <span class='ocrx_word' id='word_1_675' title='bbox 1560 4945 1717 5003; x_wconf 91' lang='lat' dir='ltr'><strong>hunc</strong></span> <span class='ocrx_word' id='word_1_676' title='bbox 1741 4949 2061 5019; x_wconf 85' lang='lat' dir='ltr'><strong>Cyriacum.</strong></span> 
     </span>
    </p>
   </div>
   <div class='ocr_carea' id='block_1_101' title="bbox 412 5028 2060 5099">
    <p class='ocr_par' dir='ltr' id='par_1_101' title="bbox 412 5028 2060 5099">
     <span class='ocr_line' id='line_1_101' title="bbox 412 5028 2060 5099; baseline 0.006 -9"><span class='ocrx_word' id='word_1_677' title='bbox 412 5034 638 5090; x_wconf 66' lang='lat' dir='ltr'><strong>Littera:</strong></span> <span class='ocrx_word' id='word_1_678' title='bbox 672 5034 872 5087; x_wconf 91' lang='lat' dir='ltr'><strong>autem</strong></span> <span class='ocrx_word' id='word_1_679' title='bbox 904 5028 1123 5086; x_wconf 90' lang='lat' dir='ltr'><strong>bellum</strong></span> <span class='ocrx_word' id='word_1_680' title='bbox 1155 5030 1435 5089; x_wconf 90' lang='lat' dir='ltr'><strong>adversus</strong></span> <span class='ocrx_word' id='word_1_681' title='bbox 1477 5040 1736 5093; x_wconf 88' lang='lat' dir='ltr'><strong>sanctam</strong></span> <span class='ocrx_word' id='word_1_682' title='bbox 1769 5040 2060 5099; x_wconf 89' lang='lat' dir='ltr'><strong>civitatem</strong></span> 
     </span>
    </p>
   </div>
   <div class='ocr_carea' id='block_1_102' title="bbox 409 5120 2064 5197">
    <p class='ocr_par' dir='ltr' id='par_1_102' title="bbox 409 5120 2064 5197">
     <span class='ocr_line' id='line_1_102' title="bbox 409 5120 2064 5197; baseline 0.007 -17"><span class='ocrx_word' id='word_1_683' title='bbox 409 5123 759 5180; x_wconf 85' lang='lat' dir='ltr'><strong>suscitatum</strong></span> <span class='ocrx_word' id='word_1_684' title='bbox 813 5120 1249 5193; x_wconf 87' lang='lat' dir='ltr'><strong>significabant,</strong></span> <span class='ocrx_word' id='word_1_685' title='bbox 1281 5138 1533 5197; x_wconf 87' lang='lat' dir='ltr'><strong>eumque</strong></span> <span class='ocrx_word' id='word_1_686' title='bbox 1565 5127 1965 5193; x_wconf 89' lang='lat' dir='ltr'><strong>obsecrabant.</strong></span> <span class='ocrx_word' id='word_1_687' title='bbox 2000 5139 2064 5191; x_wconf 91' lang='lat' dir='ltr'><strong>ut</strong></span> 
     </span>
    </p>
   </div>
   <div class='ocr_carea' id='block_1_103' title="bbox 406 5210 2065 5286">
    <p class='ocr_par' dir='ltr' id='par_1_103' title="bbox 406 5210 2065 5286">
     <span class='ocr_line' id='line_1_103' title="bbox 406 5210 2065 5286; baseline 0.006 -17"><span class='ocrx_word' id='word_1_688' title='bbox 406 5217 592 5269; x_wconf 90' lang='lat' dir='ltr'><strong>Deum</strong></span> <span class='ocrx_word' id='word_1_689' title='bbox 654 5210 986 5282; x_wconf 89' lang='lat' dir='ltr'><strong>impensius</strong></span> <span class='ocrx_word' id='word_1_690' title='bbox 1034 5214 1251 5277; x_wconf 90' lang='lat' dir='ltr'><strong>oraret,</strong></span> <span class='ocrx_word' id='word_1_691' title='bbox 1281 5215 1347 5268; x_wconf 92' lang='lat' dir='ltr'><strong>ut</strong></span> <span class='ocrx_word' id='word_1_692' title='bbox 1403 5213 1503 5286; x_wconf 89' lang='lat' dir='ltr'><strong>qui</strong></span> <span class='ocrx_word' id='word_1_693' title='bbox 1562 5214 1617 5270; x_wconf 92' lang='lat' dir='ltr'><strong>in</strong></span> <span class='ocrx_word' id='word_1_694' title='bbox 1676 5220 1827 5275; x_wconf 83' lang='lat' dir='ltr'><strong>Nova</strong></span> <span class='ocrx_word' id='word_1_695' title='bbox 1876 5220 2065 5279; x_wconf 86' lang='lat' dir='ltr'><strong>Laura</strong></span> 
     </span>
    </p>
   </div>
   <div class='ocr_carea' id='block_1_104' title="bbox 409 5299 2064 5381">
    <p class='ocr_par' dir='ltr' id='par_1_104' title="bbox 409 5299 2064 5381">
     <span class='ocr_line' id='line_1_104' title="bbox 409 5299 2064 5381; baseline 0.007 -22"><span class='ocrx_word' id='word_1_696' title='bbox 409 5318 544 5359; x_wconf 89' lang='lat' dir='ltr'><strong>cum</strong></span> <span class='ocrx_word' id='word_1_697' title='bbox 588 5300 794 5358; x_wconf 82' lang='lat' dir='ltr'><strong>Nonno</strong></span> <span class='ocrx_word' id='word_1_698' title='bbox 844 5304 903 5357; x_wconf 85' lang='lat' dir='ltr'><strong>et</strong></span> <span class='ocrx_word' id='word_1_699' title='bbox 951 5299 1183 5357; x_wconf 88' lang='lat' dir='ltr'><strong>Leontio</strong></span> <span class='ocrx_word' id='word_1_700' title='bbox 1229 5316 1297 5358; x_wconf 87' lang='lat' dir='ltr'><strong>ex</strong></span> <span class='ocrx_word' id='word_1_701' title='bbox 1326 5302 1595 5376; x_wconf 88' lang='lat' dir='ltr'><strong>Origenis</strong></span> <span class='ocrx_word' id='word_1_702' title='bbox 1645 5307 1932 5381; x_wconf 88' lang='lat' dir='ltr'><strong>dogmatis</strong></span> <span class='ocrx_word' id='word_1_703' title='bbox 1963 5329 2064 5371; x_wconf 90' lang='lat' dir='ltr'><strong>so-</strong></span> 
     </span>
    </p>
   </div>
   <div class='ocr_carea' id='block_1_105' title="bbox 479 5485 1743 5562">
    <p class='ocr_par' dir='ltr' id='par_1_105' title="bbox 479 5485 1743 5562">
     <span class='ocr_line' id='line_1_105' title="bbox 479 5485 1743 5562; baseline 0.006 -22"><span class='ocrx_word' id='word_1_704' title='bbox 479 5488 597 5562; x_wconf 71' lang='grc'>(15)</span> <span class='ocrx_word' id='word_1_705' title='bbox 631 5487 772 5555; x_wconf 78' lang='lat' dir='ltr'><strong>Lege</strong></span> <span class='ocrx_word' id='word_1_706' title='bbox 810 5485 1167 5562; x_wconf 70' lang='grc' dir='ltr'>βαρυθυμίας,</span> <span class='ocrx_word' id='word_1_707' title='bbox 1198 5488 1547 5562; x_wconf 86' lang='grc' dir='ltr'>παραμυθίας</span> <span class='ocrx_word' id='word_1_708' title='bbox 1579 5495 1743 5551; x_wconf 84' lang='lat' dir='ltr'><strong>male.</strong></span> 
     </span>
    </p>
   </div>
   <div class='ocr_carea' id='block_1_106' title="bbox 484 5558 955 5631">
    <p class='ocr_par' dir='ltr' id='par_1_106' title="bbox 484 5558 955 5631">
     <span class='ocr_line' id='line_1_106' title="bbox 484 5558 955 5631; baseline -0.002 -15"><span class='ocrx_word' id='word_1_709' title='bbox 484 5558 601 5631; x_wconf 51' lang='grc'>(16⁷)</span> <span class='ocrx_word' id='word_1_710' title='bbox 633 5565 800 5615; x_wconf 83' lang='lat' dir='ltr'><strong>Anno</strong></span> <span class='ocrx_word' id='word_1_711' title='bbox 829 5558 955 5615; x_wconf 83' lang='lat'><strong>529.</strong></span> 
     </span>
    </p>
   </div>
   <div class='ocr_carea' id='block_1_107' title="bbox 485 5629 2064 5708">
    <p class='ocr_par' dir='ltr' id='par_1_107' title="bbox 485 5629 2064 5708">
     <span class='ocr_line' id='line_1_107' title="bbox 485 5629 2064 5708; baseline 0.008 -20"><span class='ocrx_word' id='word_1_712' title='bbox 485 5629 606 5708; x_wconf 89' lang='lat' dir='ltr'><strong>(l7)</strong></span> <span class='ocrx_word' id='word_1_713' title='bbox 636 5631 801 5689; x_wconf 86' lang='lat' dir='ltr'><strong>Venit</strong></span> <span class='ocrx_word' id='word_1_714' title='bbox 856 5631 916 5689; x_wconf 90' lang='lat' dir='ltr'><strong>in</strong></span> <span class='ocrx_word' id='word_1_715' title='bbox 961 5629 1223 5689; x_wconf 82' lang='lat' dir='ltr'><strong>Susacim</strong></span> <span class='ocrx_word' id='word_1_716' title='bbox 1286 5647 1423 5689; x_wconf 91' lang='lat' dir='ltr'><strong>ann.</strong></span> <span class='ocrx_word' id='word_1_717' title='bbox 1456 5633 1582 5691; x_wconf 79' lang='grc'><strong>534.</strong></span> <span class='ocrx_word' id='word_1_718' title='bbox 1653 5637 1751 5694; x_wconf 90' lang='lat' dir='ltr'><strong>ubi</strong></span> <span class='ocrx_word' id='word_1_719' title='bbox 1806 5648 2064 5703; x_wconf 88' lang='lat' dir='ltr'><strong>manet7</strong></span> 
     </span>
    </p>
   </div>
   <div class='ocr_carea' id='block_1_108' title="bbox 2175 4678 3826 4757">
    <p class='ocr_par' dir='ltr' id='par_1_108' title="bbox 2175 4678 3826 4757">
     <span class='ocr_line' id='line_1_108' title="bbox 2175 4678 3826 4757; baseline 0.004 -24"><span class='ocrx_word' id='word_1_720' title='bbox 2175 4679 2301 4741; x_wconf 75' lang='grc' dir='ltr'>τοὺς</span> <span class='ocrx_word' id='word_1_721' title='bbox 2348 4678 2416 4733; x_wconf 88' lang='grc' dir='ltr'><strong>τά</strong></span> <span class='ocrx_word' id='word_1_722' title='bbox 2454 4680 2765 4754; x_wconf 79' lang='grc' dir='ltr'>Ὠριγὲνους</span> <span class='ocrx_word' id='word_1_723' title='bbox 2824 4682 3155 4755; x_wconf 77' lang='grc' dir='ltr'>φρονοῦντας</span> <span class='ocrx_word' id='word_1_724' title='bbox 3212 4679 3634 4757; x_wconf 82' lang='grc' dir='ltr'>κατηγωνίζετο.</span> <span class='ocrx_word' id='word_1_725' title='bbox 3684 4684 3826 4740; x_wconf 55' lang='lat' dir='ltr'><strong>Tox:</strong></span> 
     </span>
    </p>
   </div>
   <div class='ocr_carea' id='block_1_109' title="bbox 2180 4765 3825 4846">
    <p class='ocr_par' dir='ltr' id='par_1_109' title="bbox 2180 4765 3825 4846">
     <span class='ocr_line' id='line_1_109' title="bbox 2180 4765 3825 4846; baseline 0.002 -23"><span class='ocrx_word' id='word_1_726' title='bbox 2180 4768 2277 4842; x_wconf 78' lang='grc' dir='ltr'>μὶν</span> <span class='ocrx_word' id='word_1_727' title='bbox 2311 4765 2377 4838; x_wconf 78' lang='grc' dir='ltr'>δὴ</span> <span class='ocrx_word' id='word_1_728' title='bbox 2411 4768 2500 4822; x_wconf 81' lang='grc' dir='ltr'><strong>καὶ</strong></span> <span class='ocrx_word' id='word_1_729' title='bbox 2533 4768 2561 4823; x_wconf 89' lang='grc' dir='ltr'>ὁ</span> <span class='ocrx_word' id='word_1_730' title='bbox 2594 4770 2896 4842; x_wconf 67' lang='grc' dir='ltr'>Θαυμάσιος</span> <span class='ocrx_word' id='word_1_731' title='bbox 2945 4767 3239 4840; x_wconf 79' lang='grc' dir='ltr'>Κύριλλος,</span> <span class='ocrx_word' id='word_1_732' title='bbox 3281 4769 3386 4825; x_wconf 85' lang='grc' dir='ltr'>ἀπὸ</span> <span class='ocrx_word' id='word_1_733' title='bbox 3432 4776 3533 4840; x_wconf 83' lang='grc' dir='ltr'><strong>τῆς</strong></span> <span class='ocrx_word' id='word_1_734' title='bbox 3581 4774 3680 4826; x_wconf 70' lang='grc' dir='ltr'>τοῖ’»</span> <span class='ocrx_word' id='word_1_735' title='bbox 3724 4794 3825 4846; x_wconf 79' lang='grc' dir='ltr'><strong>μι-</strong></span> 
     </span>
    </p>
   </div>
   <div class='ocr_carea' id='block_1_110' title="bbox 2174 4856 3827 4935">
    <p class='ocr_par' dir='ltr' id='par_1_110' title="bbox 2174 4856 3827 4935">
     <span class='ocr_line' id='line_1_110' title="bbox 2174 4856 3827 4935; baseline 0.003 -22"><span class='ocrx_word' id='word_1_736' title='bbox 2174 4856 2349 4935; x_wconf 78' lang='grc' dir='ltr'>γοὶλου</span> <span class='ocrx_word' id='word_1_737' title='bbox 2405 4858 2687 4931; x_wconf 83' lang='grc' dir='ltr'>Εὐθυμίου</span> <span class='ocrx_word' id='word_1_738' title='bbox 2748 4856 2972 4933; x_wconf 84' lang='grc' dir='ltr'>λαύρας,</span> <span class='ocrx_word' id='word_1_739' title='bbox 3034 4861 3101 4932; x_wconf 74' lang='grc' dir='ltr'><strong>τῇ</strong></span> <span class='ocrx_word' id='word_1_740' title='bbox 3151 4863 3247 4913; x_wconf 80' lang='grc' dir='ltr'><strong>τοῦ</strong></span> <span class='ocrx_word' id='word_1_741' title='bbox 3321 4859 3587 4935; x_wconf 81' lang='grc' dir='ltr'>μακαρίου</span> <span class='ocrx_word' id='word_1_742' title='bbox 3672 4858 3827 4918; x_wconf 77' lang='grc' dir='ltr'><strong>Σάόα</strong></span> 
     </span>
    </p>
   </div>
   <div class='ocr_carea' id='block_1_111' title="bbox 2177 4942 3829 5026">
    <p class='ocr_par' dir='ltr' id='par_1_111' title="bbox 2177 4942 3829 5026">
     <span class='ocr_line' id='line_1_111' title="bbox 2177 4942 3829 5026; baseline 0.003 -24"><span class='ocrx_word' id='word_1_743' title='bbox 2177 4942 2392 5023; x_wconf 74' lang='grc' dir='ltr'>[Σάϐϐα</span> <span class='ocrx_word' id='word_1_744' title='bbox 2439 4953 2491 5006; x_wconf 81' lang='lat' dir='ltr'><strong>et</strong></span> <span class='ocrx_word' id='word_1_745' title='bbox 2534 4949 2615 5005; x_wconf 80' lang='lat' dir='ltr'><strong>ita</strong></span> <span class='ocrx_word' id='word_1_746' title='bbox 2662 4949 2935 5021; x_wconf 77' lang='lat' dir='ltr'><strong>deinceps]</strong></span> <span class='ocrx_word' id='word_1_747' title='bbox 2964 4944 3323 5023; x_wconf 76' lang='grc' dir='ltr'>παραλαϐὼν,</span> <span class='ocrx_word' id='word_1_748' title='bbox 3352 4948 3431 5026; x_wconf 71' lang='grc' dir='ltr'><strong>ἐφ’</strong></span> <span class='ocrx_word' id='word_1_749' title='bbox 3461 4950 3507 5022; x_wconf 80' lang='grc' dir='ltr'>ᾧ</span> <span class='ocrx_word' id='word_1_750' title='bbox 3551 4952 3644 5005; x_wconf 85' lang='grc' dir='ltr'>τὸν</span> <span class='ocrx_word' id='word_1_751' title='bbox 3693 4953 3829 5020; x_wconf 73' lang='grc' dir='ltr'>ἠσυο</span> 
     </span>
    </p>
   </div>
   <div class='ocr_carea' id='block_1_112' title="bbox 2174 5034 3828 5114">
    <p class='ocr_par' dir='ltr' id='par_1_112' title="bbox 2174 5034 3828 5114">
     <span class='ocr_line' id='line_1_112' title="bbox 2174 5034 3828 5114; baseline 0.002 -23"><span class='ocrx_word' id='word_1_752' title='bbox 2174 5038 2389 5113; x_wconf 74' lang='grc' dir='ltr'>χαστήν</span> <span class='ocrx_word' id='word_1_753' title='bbox 2470 5035 2764 5093; x_wconf 79' lang='grc' dir='ltr'>ἐπίσκοπον</span> <span class='ocrx_word' id='word_1_754' title='bbox 2823 5037 3074 5108; x_wconf 80' lang='grc' dir='ltr'>Ἰωάννην</span> <span class='ocrx_word' id='word_1_755' title='bbox 3132 5034 3264 5105; x_wconf 63' lang='grc' dir='ltr'>ἴδοι,</span> <span class='ocrx_word' id='word_1_756' title='bbox 3326 5039 3599 5114; x_wconf 67' lang='grc' dir='ltr'>ὑπηρέτης</span> <span class='ocrx_word' id='word_1_757' title='bbox 3676 5039 3828 5113; x_wconf 77' lang='grc' dir='ltr'><strong>αύτῷ</strong></span> 
     </span>
    </p>
   </div>
   <div class='ocr_carea' id='block_1_113' title="bbox 2180 5127 3826 5203">
    <p class='ocr_par' dir='ltr' id='par_1_113' title="bbox 2180 5127 3826 5203">
     <span class='ocr_line' id='line_1_113' title="bbox 2180 5127 3826 5203; baseline 0.002 -23"><span class='ocrx_word' id='word_1_758' title='bbox 2180 5128 2531 5202; x_wconf 72' lang='grc' dir='ltr'>γραμμάτων</span> <span class='ocrx_word' id='word_1_759' title='bbox 2587 5127 2726 5201; x_wconf 87' lang='grc' dir='ltr'>πρὸς</span> <span class='ocrx_word' id='word_1_760' title='bbox 2808 5127 2899 5182; x_wconf 90' lang='grc' dir='ltr'><strong>τὸν</strong></span> <span class='ocrx_word' id='word_1_761' title='bbox 2976 5128 3241 5203; x_wconf 78' lang='grc' dir='ltr'>μακάριον</span> <span class='ocrx_word' id='word_1_762' title='bbox 3307 5131 3495 5183; x_wconf 76' lang='grc' dir='ltr'>τοῦτον</span> <span class='ocrx_word' id='word_1_763' title='bbox 3555 5130 3826 5203; x_wconf 67' lang='grc' dir='ltr'>κυριακὸν</span> 
     </span>
    </p>
   </div>
   <div class='ocr_carea' id='block_1_114' title="bbox 2180 5214 3825 5295">
    <p class='ocr_par' dir='ltr' id='par_1_114' title="bbox 2180 5214 3825 5295">
     <span class='ocr_line' id='line_1_114' title="bbox 2180 5214 3825 5295; baseline 0.002 -24"><span class='ocrx_word' id='word_1_764' title='bbox 2180 5217 2515 5293; x_wconf 84' lang='grc' dir='ltr'>γίνεται.Τά</span> <span class='ocrx_word' id='word_1_765' title='bbox 2580 5214 2640 5272; x_wconf 69' lang='grc' dir='ltr'>δὲ</span> <span class='ocrx_word' id='word_1_766' title='bbox 2698 5218 2997 5292; x_wconf 77' lang='grc' dir='ltr'>γράμματα</span> <span class='ocrx_word' id='word_1_767' title='bbox 3054 5217 3144 5274; x_wconf 90' lang='grc' dir='ltr'><strong>τόν</strong></span> <span class='ocrx_word' id='word_1_768' title='bbox 3201 5238 3260 5274; x_wconf 81' lang='grc' dir='ltr'><strong>τε</strong></span> <span class='ocrx_word' id='word_1_769' title='bbox 3327 5220 3462 5275; x_wconf 86' lang='grc' dir='ltr'><strong>κατά</strong></span> <span class='ocrx_word' id='word_1_770' title='bbox 3515 5221 3615 5291; x_wconf 77' lang='grc' dir='ltr'>τὴν</span> <span class='ocrx_word' id='word_1_771' title='bbox 3667 5221 3825 5295; x_wconf 81' lang='grc' dir='ltr'>ἁγίαν</span> 
     </span>
    </p>
   </div>
   <div class='ocr_carea' id='block_1_115' title="bbox 2181 5302 3828 5382">
    <p class='ocr_par' dir='ltr' id='par_1_115' title="bbox 2181 5302 3828 5382">
     <span class='ocr_line' id='line_1_115' title="bbox 2181 5302 3828 5382; baseline 0.002 -20"><span class='ocrx_word' id='word_1_772' title='bbox 2181 5305 2350 5362; x_wconf 90' lang='grc' dir='ltr'>πόλιν</span> <span class='ocrx_word' id='word_1_773' title='bbox 2382 5304 2831 5381; x_wconf 71' lang='grc' dir='ltr'>ἀναρριπισθέντα</span> <span class='ocrx_word' id='word_1_774' title='bbox 2876 5302 3079 5379; x_wconf 69' lang='grc' dir='ltr'>ἐδήλου</span> <span class='ocrx_word' id='word_1_775' title='bbox 3126 5305 3397 5382; x_wconf 82' lang='grc' dir='ltr'>πόλεμον,</span> <span class='ocrx_word' id='word_1_776' title='bbox 3444 5308 3535 5365; x_wconf 84' lang='grc' dir='ltr'><strong>καὶ</strong></span> <span class='ocrx_word' id='word_1_777' title='bbox 3576 5309 3828 5365; x_wconf 65' lang='grc' dir='ltr'>ἱκέτευον</span> 
     </span>
    </p>
   </div>
   <div class='ocr_carea' id='block_1_116' title="bbox 2175 5513 2381 5554">
    <p class='ocr_par' dir='ltr' id='par_1_116' title="bbox 2175 5513 2381 5554">
     <span class='ocr_line' id='line_1_116' title="bbox 2175 5513 2381 5554; baseline 0 -2"><span class='ocrx_word' id='word_1_778' title='bbox 2175 5513 2381 5554; x_wconf 70' lang='grc'><strong>8111108.</strong></span> 
     </span>
    </p>
   </div>
   <div class='ocr_carea' id='block_1_117' title="bbox 2253 5569 2723 5641">
    <p class='ocr_par' dir='ltr' id='par_1_117' title="bbox 2253 5569 2723 5641">
     <span class='ocr_line' id='line_1_117' title="bbox 2253 5569 2723 5641; baseline 0.006 -18"><span class='ocrx_word' id='word_1_779' title='bbox 2253 5570 2369 5641; x_wconf 92' lang='grc'>(18)</span> <span class='ocrx_word' id='word_1_780' title='bbox 2400 5572 2568 5626; x_wconf 82' lang='lat' dir='ltr'><strong>Anno</strong></span> <span class='ocrx_word' id='word_1_781' title='bbox 2597 5569 2723 5626; x_wconf 69' lang='grc'>541.</span> 
     </span>
    </p>
   </div>
  </div>
