4042 6222
456 340 574 399 935

1755 326 2036 392 MENSIS
2084 323 2566 387 SEPTEMBER.

3719 335 3820 397 936

454 517 551 559 eos
582 500 640 556 in
672 496 864 555 inutili
894 494 1027 565 hac,
1076 511 1200 568 quas
1244 493 1588 564 destruitur,
1638 490 1928 566 sapientia
1958 506 2096 548 con-

2210 484 2335 543 ἀλλ’
2366 485 2441 547 εἷς
2488 485 2588 556 τὴν
2634 485 3091 562 καταργουμὲνην
3149 485 3354 557 ταύτην
3414 485 3597 569 σοφίαν
3649 490 3826 549 ἀναλω-

456 587 881 661 sumpserunt?
902 585 1279 653 Respondeas
1303 584 1505 639 beatus
1526 582 1823 654 Cyriacus,
1843 580 2104 653 Namque

454 681 817 743 evanuerunt,
852 677 1063 748 inquit,
1096 676 1157 728 in
1194 672 1629 746 cogitationibus
1677 673 1811 737 suis,
1861 675 1913 726 ct
1954 670 2099 727 insi-

453 768 615 839 piens
643 783 736 823 cor
770 781 959 821 eorum
1007 764 1352 819 obscuratum
1383 768 1457 818 est
1491 778 1504 815 :
1563 760 1798 816 dicentes
1846 761 1996 815 enim
2046 776 2104 816 se

451 873 569 915 esse
616 855 911 927 sapientes,
943 853 1103 909 stulti
1130 854 1268 920 facti
1295 853 1440 906 sunt.
1492 850 1734 908 Nonnus
1766 853 1963 905 autem
1997 848 2103 904 ho-

452 963 581 1003 rum
614 944 902 1000 malorum
936 940 1296 997 fuitinitium
1330 957 1343 995 :
1378 939 1477 1010 qui
1506 955 1639 994 cum
1674 954 1791 993 non
1823 938 2099 1009 ignavum

452 1036 526 1091 ad
575 1034 696 1089 haec
728 1030 1146 1088 administrum
1197 1028 1514 1084 invenisset
1547 1028 1846 1083 Leontium
1882 1028 2101 1098 Byzan-

453 1124 666 1188 tinum,
720 1124 850 1193 post
899 1118 1052 1174 beati
1109 1117 1299 1172 Patris
1348 1115 1526 1171 nostri
1569 1115 1734 1170 Sabm
1773 1130 2099 1182 excessum,

452 1212 729 1268 continuo
789 1214 1006 1264 tetrum
1050 1206 1207 1261 hunc
1265 1205 1530 1259 morbum
1579 1204 1639 1258 in
1698 1202 2100 1275 compluribus

452 1299 722 1358 Ecclesiae
752 1298 894 1353 locis
925 1296 1077 1352 clam
1117 1293 1544 1350 disseminavit.
1576 1293 1646 1348 Et
1676 1291 1932 1364 primum
1965 1290 2100 1362 qui-

452 1391 585 1447 dem
617 1405 714 1445 eos
756 1387 857 1460 qui
886 1387 943 1441 in
996 1385 1155 1441 Nova
1184 1385 1370 1439 Laura
1409 1388 1577 1438 erant
1634 1382 1949 1449 doctiores,
2008 1379 2097 1435 vel

451 1487 513 1535 ut
568 1477 765 1534 verius
815 1477 1029 1544 dicam,
1079 1472 1453 1540 indoctiores,
1515 1471 1575 1527 in
1640 1486 1805 1526 suam
1869 1469 2099 1526 induxit

448 1566 736 1623 haeresim.
787 1564 1007 1621 Deinde
1039 1578 1152 1619 non
1196 1562 1477 1618 hactenus
1525 1558 1830 1616 constitit:
1890 1559 1992 1615 sed
2035 1562 2097 1614 ut

447 1657 698 1714 aliorum
755 1670 988 1727 quoque
1026 1650 1363 1709 solitudinis
1393 1650 1877 1706 monasteriorum
1920 1648 2096 1719 pluri-

449 1748 565 1804 mis
623 1748 772 1803 hanc
828 1748 1049 1816 pestem
1122 1741 1605 1806 communicaret,
1665 1739 1915 1811 plurima
1972 1755 2093 1794 rem

450 1836 843 1893 sollicitudine
892 1834 1129 1906 dignam
1186 1832 1451 1887 ducebat.
1500 1829 1714 1886 Deinde
1745 1833 1805 1884 ut
1836 1843 1927 1884 me
1958 1843 2096 1899 quo-

448 1941 564 1999 que
612 1924 898 1981 humilem
965 1927 1023 1978 et
1069 1922 1365 1993 abiectum
1406 1919 1533 1975 suis
1581 1917 2096 1997 comprehenderet

444 2015 697 2088 laqueis,
733 2030 911 2085 quam
952 2028 1069 2068 non
1124 2010 1391 2065 adhibuit
1442 2008 1874 2064 contentionem
1904 2007 1933 2061 ?
1961 2007 2096 2073 Sed,

446 2109 513 2159 ut
564 2120 696 2158 cum
734 2101 931 2157 divino
990 2098 1167 2155 David
1208 2097 1434 2167 loquar,
1477 2098 1711 2166 seipsam
1752 2095 1958 2166 fefellit
1987 2096 2099 2150 ini-

444 2194 648 2264 quitas,
680 2200 733 2248 et
774 2190 972 2245 divina
1013 2187 1165 2243 mihi
1194 2186 1467 2258 apparuit
1496 2185 1664 2253 visio,
1699 2184 1943 2241 haeresis
1975 2184 2102 2254 ejus

449 2297 679 2337 omnum
738 2282 1005 2334 accurate
1098 2276 1431 2333 ostendens.
1503 2278 1699 2346 Neque
1775 2290 1881 2346 ego
1943 2273 2101 2330 solus

455 2368 643 2440 ipsius
700 2364 1125 2438 improbitatem
1161 2362 1289 2431 vici,
1340 2362 1439 2418 sed
1497 2362 1536 2417 ii
1593 2362 1764 2417 etiam
1806 2361 1905 2433 qui
1937 2365 2102 2417 erant

449 2460 776 2515 conventus
833 2455 1019 2521 Sucae,
1080 2469 1183 2526 per
1240 2456 1505 2508 nostrum
1560 2450 1895 2519 consilium,
1940 2450 2100 2506 illius

453 2545 689 2603 malitias
748 2544 975 2600 fortiter
1020 2541 1379 2610 restiterunt,
1411 2546 1469 2597 et
1522 2539 1919 2597 fraudulentos
1972 2538 2101 2596 illos

454 2653 665 2704 mores,
712 2640 769 2693 et
806 2634 1110 2707 ingenium
1169 2634 1240 2690 ad
1302 2632 1525 2689 malum
1570 2632 1756 2689 solere
1795 2646 2098 2705 superave-

448 2732 607 2784 runt.

518 2816 805 2883 Quoniam
854 2823 1042 2871 autem
1097 2818 1219 2871 tam
1278 2816 1477 2884 aperte
1523 2826 1878 2883 congressus
1906 2810 2098 2868 victus

448 2911 557 2977 est,
600 2905 711 2961 alia
760 2904 979 2961 ratione
1028 2906 1380 2959 conventum
1430 2916 1542 2956 sum
1593 2900 1863 2971 potestati
1916 2901 2097 2971 subji-

451 3012 580 3052 cere
620 2994 990 3050 machinatus
1011 2997 1118 3048 est.
1152 2993 1219 3047 Et
1250 2992 1482 3047 Petrum
1513 2991 1824 3061 quemdam
1857 2989 2100 3045 Alexan-

450 3084 708 3153 drinum,
742 3082 842 3154 qui
883 3082 941 3137 in
983 3098 1136 3149 eum,
1185 3085 1243 3136 et
1292 3081 1351 3135 in
1393 3082 1552 3150 pravi
1587 3079 1774 3151 ipsius
1806 3080 2098 3151 dogmatis

2126 1879 2227 1991 Bt

2218 593 2351 644 σαν;
2389 576 2450 633 Ὀ
2511 577 2779 651 μακάριος
2837 571 3132 632 ὑπολαϐὼν
3166 580 3458 652 Κυριακὸς,
3501 605 3528 631 ‹‹
3559 580 3828 652 Ἐματαιώ-

2218 678 2385 737 θησαν
2447 665 2571 743 γὰρ,
2617 668 2804 745 φησὶν,
2838 664 2891 721 ἐν
2931 672 3047 728 τοῖς
3097 664 3477 742 διαλογισμοῖς
3527 670 3711 740 αὐτῶν,
3752 670 3826 726 καὶ

2215 759 2251 825 ἡ
2331 754 2585 817 ἀσύνετος
2659 756 2836 811 αὐτῶν
2921 754 3207 827 ἔσκοτίσθη
3283 756 3499 833 καρδίω
3567 760 3827 834 φάσκοντες

2218 846 2353 901 εἶναι
2404 845 2585 923 σοφοὶ,
2636 844 3047 920 ἐμωράνθησαν.
3093 870 3120 898 ››
3172 848 3379 913 Νόννος
3427 845 3485 903 δὲ
3532 853 3638 904 τῶν
3674 856 3825 905 κακῶν

2216 933 2441 1009 ἄπαρχὴ
2498 934 2730 990 τούτων’
2793 934 2853 999 ὅς
2910 935 3183 1013 ὑπουργὸν
3217 937 3315 992 οὐκ
3344 938 3542 1012 ἀγεννῆ
3568 938 3632 995 τὰ
3680 945 3830 995 10:16-

2216 1045 2301 1092 τα,
2360 1025 2613 1080 Λεόντιον
2671 1025 2921 1099 εὑρηκὼς
2972 1025 3065 1079 τὸν
3123 1024 3184 1080 ἐκ
3242 1026 3555 1099 Βυζαντίου,
3590 1027 3712 1101 μετὰ
3742 1031 3823 1099 τήν

2212 1117 2307 1168 τοῦ
2366 1113 2636 1187 μακαρίου
2696 1116 2904 1187 Πατρὸς
2956 1116 3117 1185 ἡμῶν
3178 1109 3354 1189 [Σάϐα
3382 1117 3439 1189 2]
3487 1115 3751 1186 τελευτὴν,
3774 1119 3825 1172 τὸ

2209 1203 2376 1258 κακὸν
2419 1203 2574 1266 εὐθὺς
2617 1203 2957 1279 ἀρρώστημα
3011 1204 3195 1271 τοῦτο,
3246 1201 3545 1284 πολλαχοῦ
3598 1212 3690 1274 τῆς
3729 1207 3827 1264 Ἐκ-

2210 1290 2441 1361 κλησίας
2499 1292 2807 1366 ὑπέσπειρε.
2855 1291 2959 1348 Καὶ
3012 1296 3207 1365 πρῶτα
3262 1294 3355 1366 μὲν
3411 1294 3539 1356 τοὺς
3571 1293 3621 1348 ἐν
3657 1298 3719 1367 τῇ
3751 1296 3826 1365 vi;

2209 1380 2393 1455 Λαύρᾳ
2446 1380 2837 1456 λογιωτὲρους,
2908 1380 3293 1457 ἀλογωτὲρους
3338 1379 3396 1438 δὲ
3454 1381 3619 1439 εἰπεῖν
3663 1382 3828 1454 ἀληθέι

2209 1490 2422 1545 στερον,
2454 1474 2522 1544 τῇ
2568 1470 2742 1543 οἰκείᾳ
2794 1472 3105 1548 ὑπηγάγετο
3156 1471 3377 1547 αἱρέσει.
3402 1472 3537 1529 Εἶτα
3579 1473 3639 1529 οὐ
3688 1475 3825 1548 μέχρι

2204 1558 2413 1615 τούτων
2458 1555 2608 1630 ἔκη’
2665 1558 2792 1615 ἀλλ’
2824 1559 2973 1623 ὅπως
3023 1559 3114 1615 καὶ
3143 1566 3254 1616 τῶν
3286 1560 3477 1616 ἄλλων
3507 1563 3604 1631 τῆς
3647 1560 3823 1637 ἐρήμου

2212 1650 2590 1723 μοναστηρίων
2637 1648 2873 1714 πολλοῖς
2910 1657 3010 1720 τῆς
3064 1650 3323 1719 τοιαύτης
3374 1649 3587 1723 μεταδῷ
3651 1650 3823 1723 λύμης,

2207 1738 2430 1808 πολλῆς
2486 1737 2647 1808 ἠξίου
2692 1740 2754 1794 τὸ
2803 1746 3028 1815 πρᾶγμα
3076 1737 3392 1817 φροντίδος,
3448 1742 3667 1798 Ἔπειτα
3710 1739 3824 1796 ὥστε

2204 1828 2294 1883 καὶ
2349 1828 2440 1883 τὸν
2489 1829 2737 1883 ταπεινὸν
2792 1828 2890 1901 ἐμὲ
2944 1832 3013 1903 τῇ
3075 1830 3268 1885 ἑαυτοῦ
3335 1825 3629 1885 συλλαϐεῖν
3696 1832 3819 1903 πάγῃ

2233 1915 2380 1992 πᾶλῃ
2414 1921 2489 1990 1),
2546 1917 2664 1973 τίνα
2723 1917 2821 1973 οὐκ
2887 1917 3235 1995 εἰσηνέγκατο
3300 1920 3402 1989 τήν
3473 1918 3824 1999 φιλονὲικίαν;

2208 2006 2373 2063 Ἀλλ’
2429 2006 2688 2080 ἐψεύσατο
2750 2010 2785 2076 ἢ
2854 2005 3034 2062 ἀδικία
3089 2007 3311 2078 ἑαυτὴν,
3375 2011 3511 2065 κατὰ
3572 2011 3655 2064 τὸν
3706 2011 3823 2064 θεῖον

2207 2097 2369 2173 φάναι
2429 2093 2591 2151 Δαυΐδ
2626 2112 2639 2127 ⁸
2688 2095 2779 2151 καί
2832 2117 2926 2169 μοι
2968 2091 3090 2169 ὄψις
3142 2095 3314 2173 ἐφάνη
3361 2096 3496 2166 θεία,
3520 2099 3609 2153 τὸν
3649 2097 3819 2153 ἐκείνου

2207 2190 2307 2253 τῆς
2355 2184 2614 2258 αἱρέσεως
2670 2180 2938 2259 βὸρϐορον
2982 2179 3221 2259 ἀκριϐῶς
3280 2182 3686 2261 παραδεικνῦσᾶ,
3739 2186 3817 2240 Καὶ

2208 2274 2311 2329 οὐκ
2367 2274 2477 2349 ἐγὼ
2553 2281 2657 2344 τῆς
2731 2273 2893 2329 αὑτοῦ
2951 2274 3117 2347 μόνος
3181 2273 3459 2348 ἐκράτησα
3513 2274 3817 2350 κακουργίας,

2206 2364 2354 2421 ἀλλὰ
2383 2365 2471 2420 καὶ
2519 2366 2571 2419 οἱ
2608 2368 2708 2435 τῆς
2765 2363 2860 2421 τοῖ’»
2901 2371 3085 2420 Σουκᾶ
3133 2362 3405 2439 συνοδίας,
3445 2366 3533 2420 καὶ
3580 2364 3715 2422 οὗτοι
3748 2363 3817 2419 διὰ

2207 2464 2309 2527 τῆς
2349 2457 2620 2532 ἢμετὲρας
2672 2452 3036 2529 συμϐουλίας,
3085 2458 3352 2532 γενναίως
3398 2459 3533 2532 πρὸς
3577 2460 3668 2527 τήν
3705 2454 3818 2512 ὲκεί-

2206 2568 2302 2601 νου
2386 2547 2709 2621 πανουργίαν
2778 2540 3030 2617 ἔστησαν,
3098 2547 3187 2601 καὶ
3254 2551 3366 2603 τῶν
3428 2544 3658 2620 δολερῶν
3706 2546 3813 2601 ἰθῶν

2208 2636 2568 2706 ἐκείνων,καί
2624 2643 2724 2706 τῆς
2781 2636 2905 2714 περὶ
2961 2638 3024 2693 τὸ
3080 2638 3241 2692 κακὸν
3303 2639 3637 2715 εὐμηχανίας
3686 2656 3813 2711 περι-

2208 2726 2475 2803 εγὲνοντο.

2282 2816 2432 2874 Ἐπεὶ
2473 2814 2529 2872 δὲ
2586 2815 2730 2872 οὕτω
2780 2820 3020 2893 φανερῶς
3075 2812 3413 2891 προσϐαλὼν
3462 2818 3683 2887 ἡττήθη,
3721 2812 3811 2869 trt-

2209 2925 2317 2980 ρως
2372 2906 2810 2977 ὑποποιήσασθαι
2880 2907 2979 2974 τὴν
3046 2905 3300 2961 συνοδίαν
3360 2906 3683 2983 ἐμηχανᾶτο.
3734 2900 3811 2960 Καὶ

2204 3016 2322 3050 τινα
2378 2996 2581 3071 Πέτρον
2625 2993 3001 3069 Ἀλεξανδρέα,
3064 2994 3374 3073 ἐπιῤῥεπῶς
3428 2999 3561 3070 πρὸς
3608 2994 3747 3049 αὐτὸν
3771 2991 3811 3060 ἐξ

2206 3084 2444 3163 ἀρχαίου
2489 3085 2579 3139 καὶ
2618 3086 2718 3152 τήν
2773 3083 3066 3155 κακόδοξον
3118 3085 3327 3162 αἶ’ρεσιν
3358 3085 3572 3163 ἔχοντα,
3603 3083 3809 3163 ἐφίστησι

454 3171 743 3238 haeresim,
772 3171 898 3241 jam
924 3188 957 3226 a
991 3169 1270 3241 principio
1302 3173 1424 3225 erat
1468 3184 1815 3240 propensus,
1859 3168 2097 3240 praeﬁcit

2210 3179 2274 3248 τῇ
2334 3171 2577 3246 συνοδίᾳ⁶
2621 3172 2673 3230 εἷ’
2735 3196 2852 3237 πως
2912 3173 3058 3230 ἀλλὰ
3086 3175 3257 3250 ταύτῃ
3299 3178 3349 3251 γ’
3381 3174 3474 3230 οὖν
3505 3171 3813 3250 ἠρέμαξπρός

448 3260 761 3319 conventui
802 3274 816 3315 :
869 3258 918 3315 si
969 3274 1084 3331 quo
1146 3258 1316 3315 modo
1369 3257 1475 3312 hac
1523 3261 1678 3312 certe
1722 3257 1943 3313 ratione
1993 3272 2090 3312 eos

2210 3263 2490 3318 κοινωνίαν
2550 3262 2746 3326 αὐτοὺς
2833 3249 3433 3343 ἐφελκύσεταιξΦιλεῖ
3484 3249 3582 3340 γὰρ
3642 3262 3709 3324 ὡς
3759 3257 3811 3313 τὰ

448 3350 728 3423 paulatim
761 3349 831 3405 ad
857 3347 1332 3405 communionem
1357 3346 1689 3403 attraheret.
1710 3347 1919 3402 Amant
1940 3345 2097 3402 enim

450 3439 843 3512 utplurimum
876 3436 1125 3510 principi
1149 3436 1520 3505 conformari,
1547 3435 1647 3509 qui
1669 3436 1779 3493 sub
1809 3437 1938 3507 ejus
1958 3440 2099 3492 sunt

446 3533 745 3602 potestate.
804 3527 916 3584 Sed
980 3526 1273 3583 nesciebat
1331 3527 1572 3597 stultus,
1614 3542 1679 3582 se
1733 3525 2097 3596 deprehensa

450 3619 677 3675 facilem
734 3621 790 3674 et
821 3608 1079 3687 apertam
1122 3631 1313 3671 escam
1374 3631 1716 3688 proponere.
1762 3614 1906 3672 Nam
1960 3630 2096 3672 cum

448 3710 728 3765 consueta
759 3705 919 3763 illius
959 3705 1214 3778 pravitas
1246 3706 1553 3761 conventui
1604 3703 1903 3777 paululum
1934 3704 2099 3761 inno-

447 3798 678 3864 tuisset,
714 3796 981 3867 protinus
1004 3795 1099 3853 ille
1124 3800 1283 3853 totus
1313 3801 1639 3852 commotus
1672 3798 1901 3852 Petrum
1938 3793 2098 3867 pellit

447 3887 805 3959 prafeclura.

467 3986 476 3993 ‘
518 3976 734 4032 Deinde
766 3990 971 4031 rursus
1030 3973 1273 4030 Nonnus
1315 3974 1545 4029 Petrum
1579 3973 1761 4029 alium
1792 3989 1823 4029 e
1879 3974 2098 4031 Graecia

448 4066 780 4135 oriendum,
816 4064 917 4137 qui
948 4080 983 4119 a
1012 4063 1207 4137 priore
1236 4062 1378 4118 nihil
1404 4064 1727 4132 differebat,
1759 4064 2095 4134 praefectum

450 4157 536 4213 eis
594 4154 896 4210 constituit
951 4155 1277 4209 conventus
1336 4157 1531 4209 autem
1574 4168 1881 4225 expressos
1938 4154 1998 4209 in
2028 4169 2094 4208 eo

452 4244 656 4301 videns
685 4244 811 4314 ejus
851 4242 951 4315 qui
1002 4246 1392 4314 prmeesserst,
1435 4242 1673 4299 malitiae
1710 4242 2094 4311 characteres,

450 4333 719 4404 protinus
767 4348 900 4387 eum
938 4348 1169 4403 quoque
1207 4330 1447 4403 expellit
1483 4348 1503 4387 :
1533 4336 1590 4388 et
1636 4332 1694 4387 in
1749 4330 1897 4387 beati
1936 4330 2095 4387 Saba;

452 4424 697 4479 Lauram
757 4420 1021 4487 veniens,
1081 4422 1416 4493 praefectum
1466 4421 1674 4492 accipit
1729 4420 2092 4490 Cassianum,

447 4527 658 4585 genere
712 4509 1274 4585 Scythopolitanum,
1326 4510 1606 4581 religione
1665 4509 2096 4581 fidelissimum,

2205 3351 2392 3407 πολλὰ
2445 3357 2523 3425 τῷ
2580 3350 2809 3427 ἄρχοντι
2864 3358 3325 3430 συμμορφοῦσθαι
3382 3356 3445 3410 τὸ
3502 3353 3807 3428 ὑποχείριον.

2206 3438 2362 3498 Ἀλλ’
2425 3442 2615 3518 ἠγνόει
2673 3443 2702 3497 ὁ
2771 3439 3002 3513 μάταιος
3062 3441 3377 3522 εὐφώρατον
3426 3442 3514 3499 καὶ
3563 3437 3807 3517 καταφανὶς

2203 3531 2481 3605 προτιθεὶς
2523 3527 2736 3605 δὲλεαρ.
2798 3532 3003 3607 Μικρὸν
3072 3532 3172 3606 γὰρ
3224 3539 3329 3601 τῆς
3388 3534 3639 3603 συνήθους
3686 3527 3806 3584 ἐκεί-

2202 3640 2295 3674 νου
2352 3620 2543 3683 κακίας
2597 3624 2666 3693 τῇ
2734 3618 2955 3692 συνοδίᾳ
3015 3621 3402 3698 ὑποφανείσης,
3455 3624 3489 3691 ἡ
3539 3618 3593 3676 δὲ
3652 3615 3807 3673 αὐτίκα

2203 3715 2486 3777 κινηθεῖσα
2540 3714 2707 3784 πᾶσα,
2754 3711 2846 3766 τὸν
2912 3709 3119 3787 Πέτρον
3176 3711 3477 3777 ἀπωθεῖται
3538 3714 3630 3775 τῆς
3694 3724 3805 3780 προ·

2206 3800 2451 3863 στασίας.

2277 3987 2413 4043 Εἶτα
2468 3984 2559 4040 καὶ
2616 3984 2783 4041 πάλιν
2839 3986 3053 4062 οἱπερὶ
3103 3985 3329 4059 Νόννον,
3371 3987 3566 4063 Πέτρον
3591 3982 3687 4040 ἀπὸ
3726 3984 3805 4047 τῆς

2202 4073 2471 4138 Ἑλλάδος
2526 4072 2733 4149 ἕτερον,
2792 4080 2870 4148 τῷ
2924 4077 3178 4152 προτέρῳ
3220 4077 3357 4133 κατᾶ
3408 4075 3570 4150 μηδεν
3612 4070 3805 4129 ἀδιάοοσ

2208 4184 2322 4240 ρον,
2369 4164 2679 4239 ἡγούμενον
2739 4166 2927 4226 αὐτοῖς
2971 4165 3264 4240 ἐφιστᾶσιν.
3318 4166 3464 4237 Αὕτη
3514 4163 3569 4221 δὶ
3604 4154 3804 4238 ἀκριϐεῖς

2203 4254 2299 4307 κάν
2331 4249 2510 4325 τδύτῳ
2564 4259 2667 4322 τῆς
2717 4256 2815 4308 τοῦ
2873 4249 3253 4329 προλαϐόντος
3294 4254 3483 4316 κακίας
3522 4250 3695 4307 ἰδοῦσα
3720 4244 3806 4317 [tv-

2209 4338 2395 4397 ιδοῦσα
2422 4344 2478 4416 2]
2522 4341 2652 4403 τοὺς
2709 4349 3060 4418 χαρακτῆρας
3123 4344 3471 4422 παραχρῆμά
3523 4362 3578 4397 τε
3626 4337 3704 4394 καὶ
3738 4333 3808 4422 a9.

2202 4430 2295 4486 τὸν
2367 4426 2699 4486 ἀποϐάλλει’
2739 4417 2848 4486 καὶ
2911 4430 2986 4493 εἰς
3050 4433 3151 4502 τήν
3204 4417 3330 4488 τοϐ⁷
3368 4432 3624 4506 μακαρίου
3684 4417 3808 4481 Σάϐα

2205 4519 2420 4597 Λαύραν
2475 4518 2728 4587 ἐλθοὺσα,
2774 4520 3083 4597 ἡγούμενον
3135 4516 3404 4594 λαμϐάνει
3457 4518 3715 4583 Κασιανὸν,
3756 4510 3805 4565 τὸ

445 4606 502 4659 et
532 4601 731 4657 virtuti
775 4618 841 4657 ac
887 4600 1161 4657 doctrinas
1194 4600 1565 4655 innutritum.
1598 4599 1810 4671 Sicque
1839 4600 1935 4655 vix
1962 4603 2091 4655 tan-

2210 4608 2360 4685 γὲνος
2416 4608 2856 4681 Σκυθοπολίτην,
2908 4611 2971 4665 τὸ
3042 4606 3202 4673 σέϐας
3258 4611 3597 4679 πιστότατον,
3669 4602 3803 4679 αρετῇ

446 4692 578 4748 dem
612 4691 905 4765 potuimus
932 4689 1313 4762 multiplicem
1344 4693 1401 4745 et
1430 4693 1845 4744 exaestuantem
1886 4704 2089 4746 eorum

448 4781 549 4855 qui
600 4780 864 4853 Origenis
907 4779 1111 4835 morbo
1160 4777 1523 4844 laborabant,
1556 4776 1874 4849 reprimere
1913 4781 1972 4833 et
2001 4793 2091 4832 ar-

449 4888 579 4928 cere
609 4870 915 4943 impetum.
957 4868 1088 4924 Haec
1132 4883 1265 4923 cum
1313 4866 1504 4923 dulcis
1534 4866 1634 4923 illa
1663 4866 1867 4938 lingua
1898 4882 2094 4923 recen-

449 4964 683 5032 suisset,
713 4962 814 5019 ubi
838 4960 1123 5019 intellexit
1151 4960 1429 5033 Cyrillum
1460 4976 1589 5017 esse
1618 4959 1953 5017 monasterii
1976 4976 2097 5016 ma-

448 5054 547 5125 gni
590 5052 908 5125 Euthymii,
950 5066 1082 5107 cum
1112 5065 1323 5123 magno
1364 5050 1629 5122 protinus
1659 5049 1894 5123 gaudio.
1929 5050 2093 5121 Ecce,

444 5143 663 5215 inquit,
696 5142 916 5209 Frater,
949 5144 1011 5196 tu
1052 5140 1317 5210 ejusdem
1349 5155 1411 5195 es
1451 5142 1620 5209 atque
1664 5155 1789 5211 ego,
1823 5139 2093 5197 cmnobii.

450 5226 751 5303 Cmpitque
783 5229 1042 5286 oratione
1073 5228 1339 5301 persequi
1387 5244 1481 5284 res
1534 5232 1727 5300 gestas
1758 5234 2094 5285 sanctorum

449 5320 747 5391 Euthymii
779 5324 835 5376 et
864 5319 1049 5376 Ssbae.
1071 5318 1174 5374 Ille
1200 5321 1395 5374 autem
1418 5333 1548 5373 cum
1574 5334 1673 5374 ess
1703 5318 1773 5374 ab
1806 5318 1912 5374 hoc
1930 5318 2097 5373 beato

454 5410 689 5483 Cyriaco
748 5410 1056 5483 perspicue
1117 5408 1440 5479 didicisset,
1474 5408 1823 5480 conscripsit
1869 5406 2099 5477 singula

452 5501 516 5555 in
542 5497 615 5555 iis
642 5516 787 5571 quos
819 5500 889 5554 de
919 5500 1065 5570 ipsis
1087 5497 1314 5570 scripsit
1336 5498 1499 5554 libris
1532 5514 1547 5555 :
1582 5504 1643 5555 ut
1665 5497 1824 5553 illinc
1856 5495 2099 5568 quilibet

453 5588 679 5645 discere
720 5590 924 5660 potest,
966 5590 1015 5643 si
1060 5603 1171 5642 non
1229 5586 1643 5657 perfunctorie,
1702 5585 1800 5641 sed
1830 5587 2098 5640 accurate

451 5695 517 5735 ea
537 5677 708 5749 legat.

2200 4701 2287 4756 καὶ
2339 4698 2517 4777 λόγῳ,
2591 4699 2911 4779 σύντροφον.
2970 4700 3077 4757 Καὶ
3129 4700 3301 4776 ταύτῃ
3348 4698 3507 4773 μόλις
3547 4693 3804 4775 ἰσχύσαμεν

2200 4791 2299 4859 τήν
2352 4792 2558 4866 [φυγεῖν
2589 4791 2713 4859 τήν,
2771 4798 2899 4859 etc.,
2936 4791 3008 4865 1],
3039 4788 3259 4860 πολλὴν
3307 4795 3415 4847 τῶν
3449 4788 3514 4845 τὰ
3540 4784 3801 4866 Ὠριγίνους

2202 4864 2501 4934 νοσούντων
2580 4878 2757 4952 ὁρμὴν
2835 4864 3037 4953 [ὁρμὴν
3099 4881 3174 4953 1],
3234 4876 3682 4955 [ὼακρούσασθαῃ
3731 4864 3802 4921 καὶ

2202 4966 2551 5024 καταστεῖλαι
2608 4966 3045 5046 φλεγμαίνουσαν
3107 4971 3186 5043 2].
3245 4971 3426 5027 Ταῦτα
3501 4969 3535 5035 ἡ
3611 4960 3802 5039 γλυκεῖα

2204 5056 2382 5126 ἐκείνη
2432 5045 2654 5131 γλῶσσα
2707 5054 3071 5128 διεξελθοῦσα,
3104 5058 3177 5120 ὡς
3224 5058 3313 5113 καὶ
3343 5062 3441 5125 τῆς
3468 5059 3561 5110 τοὺ
3592 5045 3800 5127 μεγάλου

2207 5152 2386 5220 μονῆς
2444 5144 2724 5218 Εὑθυμίου
2786 5146 2947 5219 μάθοι
2995 5146 3086 5202 τὸν
3148 5144 3422 5221 Κύριλλον
3488 5142 3634 5208 εἶναι,
3690 5132 3801 5221 (ut?

2202 5217 2557 5309 περιχαρείας
2599 5217 2796 5301 εὐθὺς,
2862 5230 2999 5290 Ἰδοὺ
3080 5233 3170 5288 καὶ
3234 5217 3698 5308 ’συγκοινοϐιώτης
3762 5217 3806 5309 fl

2208 5305 2575 5398 pot,”9'nciv,
2626 5319 2847 5400 ἀδελφέ.
2894 5321 2998 5379 Καὶ
3042 5305 3419 5380 διαλαϐὼντᾶ
3462 5318 3578 5394 περὶ
3619 5319 3715 5371 τῶν
3757 5305 3800 5363 ἓν

2206 5413 2389 5491 ἅγίοις
2445 5411 2726 5486 Εὑθυμίου
2801 5408 3044 5488 διηγεῖτο
3099 5412 3189 5468 καὶ
3250 5407 3419 5471 Σαϐα.
3507 5406 3601 5465 Καὶ
3661 5402 3798 5491 ταῦτα

2204 5500 2410 5563 ἰκιῖνος
2471 5502 2573 5555 ὑπὸ
2632 5504 2729 5557 τοῦ
2789 5502 3058 5575 μακαρίου
3112 5502 3306 5557 τούτου
3356 5499 3611 5573 Κυριακοὺ
3648 5489 3799 5565 σαφῶς

2207 5587 2478 5667 διδαχεὶς,
2542 5587 2592 5644 ἐν
2653 5594 2767 5652 τοῖς
2808 5587 2983 5645 αὑτῶν
3037 5586 3235 5647 ἕκαστα
3281 5588 3463 5664 λὸγοις
3524 5580 3794 5667 ἀνέγραψεγῖ

2210 5682 2285 5743 ὡς
2317 5675 2458 5736 ἔστιν
2502 5679 2700 5735 ἐκεῖθεν
2765 5681 2974 5753 μαθεῖν,
3010 5678 3055 5734 εἳ
3102 5702 3185 5743 τις
3236 5682 3305 5753 μή
3365 5676 3648 5753 παρέργως,
3691 5661 3795 5720 ἀλλ’

2210 5764 2450 5845 ἀκριϐῶς
2480 5768 2614 5824 αὐτὰ
2644 5767 2977 5848 ἐπιλέγοιτο.
