4042 6222
453 280 570 342 939

1744 268 2023 330 MENSIS
2068 266 2553 332 SEPTEMBEB.

3711 283 3815 342 910
3972 180 3973 259 ί

520 442 758 497 Sanctus
803 438 997 493 autem
1048 434 1145 492 hic
1190 433 1463 507 Cyriacus
1492 431 1686 488 adhuc
1715 430 1776 487 in
1825 430 2092 487 Susacim

2279 430 2341 489 Ὀ
2403 428 2462 486 δὲ
2516 433 2669 508 ἅγιος
2715 434 2875 493 οὗτος
2933 435 3200 512 Κυριακός
3270 442 3351 513 τῷ
3424 442 3693 515 Σουηκὶμ
3750 440 3818 499 ἔτι

451 544 814 605 permanens,
841 541 975 582 cum
1008 540 1225 597 aquam
1275 538 1343 579 ex
1392 520 1653 577 fontibus
1698 536 1813 576 non
1861 520 2098 575 haberet

451 623 590 693 (quo
614 634 749 675 cum
780 617 907 689 ipse
955 622 1233 682 uteretur,
1267 620 1391 667 tum
1440 613 1616 668 etiam
1652 610 1808 666 olera
1843 608 2095 681 rigaret),

453 724 581 766 eam
632 723 759 779 qua
810 706 869 759 in
928 708 1221 775 petrarum
1268 700 1735 758 concavitatibus
1782 713 2094 770 congrega-

452 801 627 856 batur
672 795 1047 861 exhauriens,
1078 797 1275 848 aestate
1307 791 1407 847 illa
1448 791 1517 845 ad
1552 788 1851 845 meridiem
1886 788 2095 860 irriga-

454 890 574 955 bat,
627 902 732 941 nec
781 884 1039 955 amplius
1095 882 1255 937 sitire
1311 879 1558 935 sinebat.
1604 878 1890 948 Tempore
1937 876 2095 932 enim

456 976 719 1033 autumni
753 976 1071 1044 tempestas
1101 972 1223 1042 ipsa
1246 986 1314 1027 ea
1345 968 1487 1024 satis
1518 967 1866 1038 abundeque
1897 965 2098 1036 irriga-

455 1069 575 1123 bat.
630 1067 772 1121 Cum
823 1068 1019 1119 autem
1078 1077 1292 1133 magna
1339 1058 1576 1114 siccitas
1625 1058 1942 1129 aliquando
1999 1071 2099 1126 per

455 1160 715 1211 aestatem
747 1151 1111 1222 contigisset,
1146 1155 1202 1205 et
1234 1165 1360 1221 quas
1392 1153 1527 1202 sunt
1558 1148 1617 1201 in
1650 1146 1830 1218 petris
1878 1161 2094 1201 conca-

456 1247 666 1303 vitates
701 1260 772 1302 ne
800 1241 1112 1313 vestigium
1146 1239 1379 1310 quidem
1430 1237 1713 1292 haberent
1759 1252 1945 1307 aquai,
1976 1234 2095 1298 ille,

452 1335 638 1392 oculis
668 1334 726 1389 in
767 1332 974 1389 ccelum
1023 1328 1291 1389 sublatis.
1340 1326 1484 1398 petit
1521 1342 1554 1381 a
1603 1330 1714 1381 Deo
1762 1341 1996 1395 aquam.
2030 1325 2099 1380 Et

453 1441 585 1482 ecce
614 1423 918 1495 repentina
947 1420 1215 1493 quedam
1247 1417 1433 1474 nubes
1463 1430 1640 1487 super
1658 1422 1827 1487 caput
1848 1414 2097 1470 conden-

456 1520 579 1571 sata
609 1512 800 1585 erupit
829 1511 889 1566 in
940 1508 1217 1581 pluviam,
1251 1508 1493 1577 ejusque
1544 1504 1782 1578 hydrias
1820 1508 1875 1560 et
1906 1507 2095 1575 petra-

456 1620 586 1661 rum
639 1617 891 1660 concava
940 1596 1140 1655 omnia
1185 1596 1449 1667 implevit
1496 1611 1510 1650 :
1579 1610 1759 1666 eaque
1801 1596 1859 1649 et
1914 1591 2096 1648 sancti

456 1694 610 1763 usui,
642 1695 699 1748 et
743 1690 966 1745 olerum
996 1685 1322 1758 irrigatioui
1369 1684 1467 1740 diu
1519 1683 1890 1754 multumque
1919 1680 2096 1738 suffe-

455 1784 553 1838 cit.
598 1779 702 1837 Hic
750 1779 895 1834 illud
947 1776 1088 1833 mihi
1148 1775 1304 1831 venit
1346 1775 1405 1830 in
1446 1780 1721 1840 mentem,
1769 1772 1946 1843 quod,
1986 1770 2095 1827 etsi

453 1870 775 1930 narrationi
807 1870 879 1925 de
908 1870 1110 1924 sancto
1142 1881 1258 1920 non
1289 1864 1553 1931 cohaeret,
1597 1879 1711 1919 non
1745 1861 2097 1918 mediocrem

451 1968 667 2030 tamen,
701 1958 749 2015 si
780 1959 1026 2025 dicatur,
1061 1955 1261 2012 afferet
1290 1953 1625 2012 utilitatem.

528 2142 592 2197 In
636 2138 1015 2196 solitudinem
1059 2135 1377 2208 aliquando
1424 2134 1677 2190 venienti
1705 2133 1884 2204 hujus
1914 2133 2101 2190 sancti

457 2228 766 2302 discipulo,
802 2244 919 2282 una
948 2242 1081 2281 cum
1114 2223 1510 2294 condiscipulo
1541 2225 1886 2290 Paramono,
1920 2240 2102 2294 appa-

463 2324 551 2375 ret
582 2320 732 2373 circa
765 2315 1015 2388 myricas
1038 2318 1319 2384 agrestes,
1349 2318 1510 2367 stans
1532 2313 1823 2384 quoddam
1847 2312 2104 2368 hominis

461 2408 681 2464 idolon.
746 2405 856 2473 Illi,
905 2404 963 2459 id
1023 2404 1167 2475 quod
1227 2403 1573 2458 cernebatur
1624 2418 1693 2458 ex
1746 2402 2106 2458 anachoretis

462 2512 647 2553 unum
692 2510 821 2551 esse
869 2493 1269 2550 existimantes
1298 2492 1489 2563 (multi
1521 2494 1677 2547 enim
1729 2492 1783 2546 id
1828 2490 2109 2564 temporis

460 2584 835 2643 solitudinem
867 2582 1019 2639 hanc
1050 2581 1438 2652 habitabant),
1471 2582 1541 2636 ad
1576 2597 1710 2637 eum
1744 2582 1941 2637 statim
1974 2584 2110 2638 sunt

462 2673 745 2733 conversi.
796 2674 1059 2744 Cumque
1107 2670 1233 2741 jam
1290 2686 1469 2743 prope
1527 2672 1823 2737 adessent,
1854 2678 1909 2726 et
1968 2688 2107 2727 nus-

462 2784 640 2840 quam
690 2769 844 2822 esset
891 2764 1042 2836 quod
1075 2766 1447 2835 apparuerat,
1493 2761 1578 2817 illi
1625 2767 1847 2829 contra,
1888 2761 2109 2818 malum

463 2856 815 2912 arbitrantes
845 2869 972 2909 esse
1019 2852 1318 2923 spiritum,
1364 2851 1657 2922 apprecati
1706 2858 1858 2916 sunt,
1892 2855 1948 2907 et
1978 2867 2109 2922 pre-

463 2945 703 3013 cationi,
726 2946 936 3010 Amen,
960 2941 1409 3012 subiungentes,
1440 2940 1553 2995 huc
1577 2944 1634 2995 ct
1660 2940 1801 2996 illuc
1823 2944 2112 3011 spectant,

467 3039 526 3089 et
556 3033 836 3104 spelaeum
870 3029 1166 3102 quoddam
1197 3029 1342 3099 ipsis
1372 3029 1819 3084 subterraneum
1852 3033 2114 3099 apparet.

2205 520 2556 606 παραμένων,
2595 519 2785 592 ἒπειδή
2837 520 2984 601 ὕδωρ
3024 524 3174 599 αῦτῷ
3217 527 3275 582 ἐκ
3321 532 3518 603 πηγῶν
3567 527 3626 583 οῦ
3662 537 3817 606 παρῆν

2206 605 2364 680 (ὥστε
2403 610 2545 682 ὁμοῦ
2578 611 2673 683 μὲν
2702 611 2859 667 αὐτὸν
2895 620 3156 688 χρῆσθαι,
3187 616 3327 690 ὁμοῦ
3380 617 3437 673 δὲ
3492 616 3579 671 καὶ
3624 618 3686 673 τὰ
3732 605 3819 675 λά-

2207 718 2345 774 χανα
2411 696 2632 773 ὖρδειν),
2658 704 2721 756 τὸ
2779 700 2831 756 ἐν
2886 708 3002 766 τοῖς
3059 709 3168 760 τῶν
3236 711 3449 781 πετρῶν
3508 705 3818 782 κοιλώμασιν

2206 785 2660 865 ἐπισυναγόμενον
2718 789 3007 864 ἐξαντλῶυ,
3066 791 3279 864 ἐπότιζέ
3353 816 3412 850 τε
3470 806 3646 872 θιρους
3706 798 3821 853 αὐτὰ

2205 878 2339 933 κατᾶ
2382 876 2756 955 μεσημϐρίαν,
2802 882 2891 937 καὶ
2948 882 3128 940 οὐκέτι
3169 881 3328 960 διψᾷν
3388 887 3696 961 συνεχώρει.
3732 888 3818 943 Τὸν

2205 968 2309 1041 γὰρ
2359 968 2480 1043 περῖ
2520 970 2582 1023 τὸ
2626 971 2947 1045 μετόπωρον
2994 972 3212 1049 χρόνον,
3252 971 3416 1050 ἧρδεν
3463 974 3597 1031 αὖτᾶ
3649 977 3817 1038 ἱκανῶς

2205 1060 2239 1126 ἡ
2284 1057 2416 1133 ὥρα.
2453 1058 2690 1133 Αὐχμοῦ
2723 1057 2779 1115 δέ
2808 1080 2940 1115 ποτε
2977 1063 3115 1117 κατὰ
3154 1064 3306 1137 θὲρος
3358 1063 3573 1119 πολλοῦ
3621 1067 3818 1141 γεγονός

2203 1168 2315 1214 τος,
2368 1148 2457 1203 καὶ
2525 1149 2705 1204 αὐτῶν
2769 1154 2875 1204 τῶν
2918 1148 2969 1205 ἒν
3028 1156 3152 1215 ταῖς
3209 1152 3435 1227 πέτραις
3480 1152 3817 1226 κοιλωμάτων

2204 1235 2331 1292 03δέ
2382 1235 2539 1313 ἴχνος
2581 1238 2818 1314 ἐχόντων
2875 1238 3093 1313 ὕδατος,
3123 1243 3190 1297 τὰ
3243 1242 3471 1317 ὄμματα
3531 1243 3721 1305 ἐκεῖνος
3754 1245 3816 1307 εἰς

2206 1325 2466 1401 οὐρανοὺς
2515 1327 2789 1403 ἀνασχὼν,
2824 1328 2963 1384 αίτεῖ
3017 1332 3163 1404 παρὰ
3207 1335 3305 1386 τοῦ
3356 1336 3493 1387 Θεοῦ
3549 1330 3817 1403 ὕδωρ-Καὶ

2204 1414 2401 1489 ἀθρόον
2449 1436 2501 1471 τι
2552 1415 2708 1496 νέφος
2760 1418 2891 1493 ὑπὲρ
2938 1418 3183 1490 κεφαλῆς
3228 1422 3520 1497 παχυνθὶν,
3572 1420 3644 1484 είς
3692 1422 3815 1477 ὑετὸν

2204 1502 2403 1581 ἐρῥαὶγη
2439 1524 2451 1537 ⁸
2498 1506 2587 1560 καὶ
2643 1507 2737 1569 τὰς
2789 1505 2978 1581 ὑδρίας
3036 1508 3222 1581 αὐτοῦ,
3253 1510 3347 1565 καὶ
3403 1512 3472 1566 τὰ
3517 1509 3677 1566 κοῖλα
3728 1515 3818 1566 τῶν

2204 1599 2415 1669 πετρῶν
2449 1593 2737 1671 ἐπλήρωσε
2765 1597 2968 1653 πάντα’
3001 1599 3089 1655 καὶ
3122 1604 3190 1673 τῇ
3225 1620 3282 1654 τε
3326 1604 3427 1655 τοῦ
3467 1598 3616 1656 ὁσίου
3659 1599 3812 1675 χρείᾳ,

2203 1687 2272 1758 τῇ
2328 1704 2387 1739 τε
2440 1686 2547 1740 τῶν
2605 1684 2862 1762 λαχάνων
2918 1684 3127 1764 ἀρδείᾳ,
3178 1688 3346 1764 μέχρι
3405 1688 3621 1746 πολλοῦ
3681 1692 3813 1761 τρῦτο

2206 1770 2519 1849 ἐπήρκεσεν.
2556 1776 2761 1831 Ἐκεῖνο
2812 1772 2869 1831 δὲ
2929 1795 2997 1850 με
3046 1780 3128 1851 [in
3184 1779 3373 1836 codice
3423 1783 3457 1834 2
3499 1779 3719 1836 deletum
3751 1782 3813 1834 est

2209 1864 2297 1936 με]
2341 1862 2630 1938 γενόμενον
2679 1864 2905 1920 ἐνταῦθα
2946 1862 3269 1942 ἒίσὲρχεται,
3320 1867 3456 1941 ὅπερ
3513 1866 3557 1921 εί
3611 1866 3693 1920 καὶ
3746 1866 3807 1938 μή

2204 1958 2305 2021 τῆς
2353 1956 2449 2007 τοῦ
2501 1951 2659 2030 ἁγίου
2698 1948 2881 2030 ἔχεται
2939 1952 3271 2033 διηγήσεως,
3323 1954 3452 2011 ἀλλ’
3501 1954 3563 2011 οὗ
3620 1952 3807 2030 μετρίαν

2211 2037 2345 2096 οἷ’σει
2378 2040 2572 2118 λεχθὲν
2604 2042 2693 2097 καὶ
2725 2042 2854 2099 αὐτὸ
2884 2046 2983 2115 τὴν
3017 2043 3310 2121 ὠφέλειαν.

2284 2131 2541 2207 Παριόντι
2587 2132 2723 2188 κατὰ
2770 2134 2870 2203 τήν
2926 2132 3135 2210 ἔρημον
3185 2139 3265 2208 τῷ
3301 2137 3520 2210 μαθητῇ
3588 2154 3707 2191 πατε
3746 2132 3822 2189 τοῦ

2211 2220 2373 2296 ἁγίου
2416 2220 2615 2277 τούτου
2659 2222 2792 2296 μετὰ
2835 2223 2947 2298 [καὶ
2998 2226 3052 2298 2]
3098 2228 3200 2279 τοῦ
3249 2228 3623 2303 ωμφοιτητοῦ
3675 2227 3823 2295 Παρα-

2218 2311 2411 2379 μόνου,
2471 2310 2808 2388 ἐπιφαίνεταί
2872 2334 2927 2367 τι
2992 2313 3117 2386 περὶ
3196 2315 3402 2389 μυρίκη
3458 2311 3612 2388 ἀγρίᾳ
3667 2310 3819 2375 ἑστὼς,

2213 2400 2500 2475 ἀνθρώπου
2544 2399 2802 2459 εἴδωλον.
2834 2402 2901 2460 Oi.
2936 2399 3014 2472 δὲ,
3048 2407 3156 2458 τῶν
3212 2403 3590 2479 ἂναχωρητῶν
3614 2400 3822 2476 [ἄναχωο

2217 2494 2377 2564 ριτῶν
2416 2492 2466 2565 1]
2524 2487 2617 2546 ἕνα
2663 2492 2726 2546 τὸ
2778 2492 3105 2569 φαινόμενον
3158 2492 3438 2564 οἰηθέντες
3496 2488 3707 2566 (πολλοί
3742 2486 3820 2563 γὰρ

2214 2580 2314 2648 τήν
2349 2571 2555 2652 ἔρημον
2584 2581 2786 2650 ταύτην
2823 2581 2885 2636 τὸ
2914 2585 3213 2652 τηνικαῦτα
3250 2579 3460 2654 ᾤκουν)
3505 2580 3635 2655 πρὸς
3690 2575 3817 2632 αὐτὸν

2220 2666 2414 2729 εὐθέως
2464 2667 2785 2744 ἐτράποντο.
2838 2671 2989 2726 Ἐπεὶ
3042 2666 3100 2725 δὲ
3148 2667 3390 2741 πλησίον
3435 2669 3567 2739 ἦσαν
3616 2663 3711 2736 ἤδη
3749 2661 3819 2717 καὶ

2218 2757 2280 2811 τὸ
2322 2758 2477 2831 φανὲν
2529 2756 2796 2831 οὐδαμοῦ,
2830 2753 3069 2832 ἔμπαλιν
3117 2758 3321 2815 ἒκεῖνοι
3367 2759 3599 2833 πονηρὸν
3646 2756 3820 2826 πνεῦμα

2221 2845 2545 2921 νομίσαντες
2616 2848 2774 2920 εἶναι,
2833 2848 3211 2924 προσηύξαντο
3245 2870 3258 2885 ·
3317 2851 3405 2905 καὶ
3465 2853 3532 2922 τῇ
3588 2843 3710 2920 εἰ»χῇ
3751 2838 3817 2909 τό,

2223 2937 2426 3009 Ἀμὴν,
2478 2936 2811 3006 ἐπειπόντες,
2858 2940 3027 3013 ὁρῶσι
3071 2936 3203 3012 τῇδε
3255 2939 3473 2994 κάκεῖσε
3505 2956 3517 2970 ⁵
3570 2935 3650 2989 καὶ
3704 2932 3817 2998 σπή-

2226 3025 2379 3081 λαιόν
2436 3048 2488 3080 τι
2563 3028 2749 3091 αὐτοῖς
2808 3028 3054 3103 ὑπόγεων
3119 3028 3498 3105 ὑποφαίνεται.
3544 3027 3699 3096 Ὅπερ
3745 3040 3817 3087 ση-

465 3122 628 3187 Quod
706 3120 941 3191 signum
1022 3133 1228 3173 rursus
1296 3117 1591 3172 dexterum
1639 3117 1994 3187 judicantes,
2059 3123 2102 3173 e1

2230 3120 2381 3189 μεῖον
2411 3115 2563 3178 αὖθις
2603 3117 2878 3192 κρίναντες
2948 3115 3142 3187 δεξιὸν,
3174 3120 3265 3172 καί
3324 3139 3447 3175 τινα
3510 3113 3687 3172 δοῦλον
3740 3111 3815 3162 τοῦ

468 3209 783 3283 quemdam
820 3206 919 3262 Dei
967 3222 1199 3262 servum
1252 3221 1401 3272 esse,
1433 3221 1568 3260 eum
1601 3206 1702 3277 qui
1742 3211 2113 3278 apparuerat,

2226 3210 2360 3261 Θεοῦ
2416 3207 2510 3261 τὸν
2563 3206 2795 3286 φανέντα
2859 3207 3014 3278 εἶναι,
3084 3208 3174 3264 καὶ
3234 3208 3313 3271 είς
3395 3206 3522 3263 αὐτὸ
3574 3196 3813 3259 καταδῦναι

468 3317 535 3357 ac
567 3300 627 3355 in
657 3297 804 3353 illud
856 3312 918 3353 se
969 3293 1319 3363 occuluisse,
1351 3302 1524 3366 atque
1553 3294 1615 3351 in
1662 3311 1729 3352 eo
1778 3295 2102 3353 delitescere

2228 3291 2623 3365 ὑπολαϐόντες,
2672 3295 2928 3373 εὐλογίας
2974 3298 3164 3361 αὐτοῖς
3216 3296 3533 3372 μεταδοῦναι
3577 3291 3657 3349 καὶ
3697 3287 3813 3361 εἰρή-

471 3392 769 3462 putantes,
802 3390 1007 3458 rogant
1034 3389 1097 3440 ut
1127 3383 1591 3441 benedictionem
1640 3384 1784 3458 ipsis
1826 3385 2118 3457 impertiat
2225 3404 2323 3455 νης
2351 3384 2560 3455 ἠξίουν.

472 3483 529 3536 et
560 3492 783 3549 pacem.

542 3568 804 3624 Tandem
854 3564 1167 3639 aliquando
1238 3582 1347 3621 vox
1406 3564 1758 3621 intrinsecus
1805 3566 2006 3622 sonuit
2049 3577 2118 3623 ex

1080 3654 1227 3721 Quid
1279 3671 1368 3711 me
1424 3654 1656 3711 vultis?
1713 3671 1842 3710 sum
1901 3655 2102 3712 etenim

2226 3661 2377 3734 χῆθη
2412 3662 2463 3734 1]
2494 3658 2555 3715 ἐκ
2600 3664 2696 3715 τοῦ
2741 3660 3019 3732 σπηλαίου
3054 3682 3067 3697 ⁸
3100 3654 3167 3719 Τί
3212 3660 3401 3718 θέλετε
3447 3660 3533 3717 ἀπ’
3562 3658 3714 3731 ἐμοῦ;
3740 3650 3806 3705 7t-

469 3746 707 3804 femina.
744 3746 879 3815 Sed,
912 3746 1032 3809 Quo
1076 3744 1509 3816 proﬁciscimini
1531 3744 1559 3799 ‘I
1587 3746 1825 3817 rogavit.
1861 3747 1947 3801 Ad
1978 3763 2115 3802 ana-

468 3837 788 3905 choretam,
820 3836 1113 3907 inquiunt,
1147 3834 1472 3907 Cyriacum.
1507 3835 1617 3892 Sed
1666 3835 1758 3891 dic
1790 3836 1978 3901 nobis,
2013 3836 2114 3908 qui

461 3940 693 3991 vocere,
726 3928 783 3980 et
821 3941 934 3995 qua
979 3924 1200 3979 ratione
1251 3923 1344 3977 hic
1374 3938 1458 3991 es,
1489 3929 1545 3979 et
1588 3925 1966 3994 quamobrem
2002 3926 2113 3982 huc

472 3656 704 3730 spelzeo,
756 3656 955 3712 dicens
1004 3670 1018 3710 :

462 4014 810 4071 accessisti?
843 4012 947 4068 illa
977 4029 1132 4080 vero,
1179 4016 1345 4067 Nunc
1392 4012 1627 4085 quidem
1676 4014 1849 4082 abite,
1880 4014 2108 4086 inquit;

468 4104 851 4159 redeuntibus
898 4106 1091 4157 autem
1151 4117 1373 4167 rursus,
1425 4102 1636 4156 dicam.
1670 4102 1813 4157 Cum
1858 4119 1992 4175 ergo
2025 4103 2109 4159 illi

455 4190 789 4263 impensius
844 4191 1153 4259 instarent,
1202 4194 1259 4245 et
1307 4205 1380 4245 ne
1428 4190 1713 4246 tantillum
1760 4192 1998 4263 quidem
2048 4208 2110 4249 se

455 4280 833 4336 abscessuros
874 4279 1156 4345 dicerent,
1190 4280 1249 4335 ni
1298 4280 1457 4350 prius
1501 4296 1629 4352 quin
1679 4281 1903 4337 beatam
1948 4282 2107 4338 illam

458 4369 823 4441 spectabant,
876 4368 1492 4424 audiissent:Nomen
1540 4369 1776 4441 quidem
1832 4370 1975 4428 mihi
2019 4376 2108 4430 est

457 4456 662 4529 Maria,
697 4457 927 4532 inquit;
951 4474 1084 4514 cum
1117 4463 1312 4513 autem
1345 4473 1535 4514 essem
1570 4460 1834 4532 psaltria,
1861 4463 1982 4519 scio
2017 4478 2106 4518 me

454 4546 653 4602 multis
703 4545 965 4601 scandali
1006 4546 1368 4602 occasionem
1411 4546 1746 4617 praebuisse.
1778 4548 1959 4605 Deum
1992 4550 2106 4606 ita-

456 4652 570 4708 que
626 4636 845 4709 rogavi,
895 4651 1147 4707 eumque
1206 4635 1545 4707 suppliciter
1588 4638 1909 4709 obsecravi,
1955 4644 2019 4696 ut
2066 4656 2101 4696 a

454 4725 593 4781 mali
644 4724 867 4797 laqueis
940 4723 1241 4780 liberarer.
1291 4724 1617 4798 Aliquando
1684 4736 1877 4784 autem
1927 4731 2101 4787 corde

454 4815 726 4881 contrita,
801 4818 857 4870 et
930 4813 1129 4869 anima
1202 4814 1397 4871 divino
1468 4815 1603 4888 igne
1676 4833 1979 4888 succensa,
2038 4820 2096 4876 in

443 4909 719 4960 sanctum
772 4902 925 4958 Siloe
974 4903 1298 4960 descendi:
1349 4919 1603 4975 cumque
1656 4904 1765 4961 hoc
1791 4923 1891 4963 vas
1946 4925 2099 4980 aqua

449 4993 785 5066 implessem
837 4992 1018 5064 (quod
1050 4993 1205 5065 apud
1257 5009 1348 5049 me
1398 4994 1589 5049 adhuc
1631 5000 1845 5062 manet,
1879 4996 2097 5069 lupinis

2298 3568 2431 3643 Ὀψὶ
2487 3574 2618 3647 γοῦν
2676 3590 2809 3626 ποτε
2862 3571 3012 3649 φωνὴ
3064 3565 3277 3627 ἔνδοθεν
3359 3570 3611 3649 ὑπηχῆοη
3678 3558 3810 3639 [citur

2221 3769 2410 3822 γουσα,
2470 3751 2602 3824 γυνὴ
2697 3750 2798 3826 γάρ
2874 3750 3010 3823 εἶμι.
3073 3749 3269 3820 Ἀλλὰ,
3343 3754 3454 3809 Ηοῦ
3533 3743 3804 3819 πορεύεσθεί

2221 3836 2406 3911 ἤρετο.
2450 3840 2517 3896 Οἱ
2559 3836 2636 3896 δὲ.
2669 3841 2812 3913 Πρὸς
2840 3840 2935 3895 τὸν
2984 3839 3380 3915 ἀναχωρητὴν,
3412 3836 3619 3919 ἔφησαν·
3651 3838 3803 3919 xu”.

2221 3927 2337 3985 γόν.
2382 3926 2535 3984 Ἀλλ’
2579 3927 2698 3983 εἷπε
2727 3930 2886 4002 ἡμῖν,
2926 3928 3052 3998 ἥτις
3089 3926 3260 4002 καλῇ,
3299 3929 3392 3985 καὶ
3432 3917 3570 3988 ὅπως
3622 3917 3804 3978 tantum!

2223 4016 2287 4085 εἴ,
2340 4018 2430 4071 καὶ
2479 4016 2561 4097 ἐφ’
2608 4018 2654 4090 ᾧ
2710 4017 3112 4094 παραγίγοτπς.
3155 4018 3215 4075 Ἥ
3273 4015 3355 4088 δὲ,
3405 4021 3507 4076 Νῦν
3581 4013 3662 4087 μὲν
3726 4006 3805 4097 ξιπ-

2219 4104 2392 4181 άγετε,
2424 4093 2528 4181 ἔφη
2578 4093 2903 4177 ἰπανήκουσι
2953 4105 3009 4162 δὲ
3057 4105 3234 4179 αὖθις,
3275 4106 3405 4184 ἐρῶ.
3454 4107 3539 4167 Ὠς
3594 4098 3672 4156 οὖν
3729 4093 3804 4149 ἐπα

2220 4195 2425 4251 ἐκειντο
2452 4195 2624 4253 πλόον
2667 4196 2841 4263 οῦτοι,
2880 4199 2971 4252 καὶ
3004 4196 3184 4253 οὐκέτι
3228 4195 3353 4270 [οὖα
3382 4190 3455 4251 ἔτι
3489 4193 3539 4265 1]
3566 4185 3677 4245 οὐδὲ
3702 4184 3807 4238 ἄπο·

2218 4286 2508 4355 στήσεσθαι
2545 4286 2734 4360 μικρὸν
2784 4282 2977 4365 ἔλεγον
3028 4287 3104 4359 μὴ
3154 4287 3421 4362 πρότερον
3465 4284 3527 4337 τα
3569 4275 3687 4334 κατᾶ
3723 4271 3800 4337 τήν

2221 4375 2484 4450 μακαρίαν
2536 4374 2744 4446 ἐκείνην
2794 4376 3141 4446 ἂκούσαντες,
3175 4377 3387 4449 Ὀνομα
3433 4374 3523 4447 μὶν
3564 4367 3657 4443 ἐγὼ
3705 4366 3801 4416 Μα-

2221 4465 2304 4539 ρία
2338 4484 2350 4497 ⁶
2382 4464 2647 4540 γενομένη
2682 4463 2738 4521 δὶ
2769 4464 3028 4541 ψάλτριαι,
3070 4460 3196 4541 ἔφη,
3237 4464 3471 4525 πολλοῖς
3520 4456 3625 4515 οἶδα
3668 4469 3799 4541 mm:

2218 4553 2389 4611 δᾶλου
2436 4557 2705 4633 πρόφασιν
2752 4559 3130 4635 παρασχοῦσα.
3183 4551 3450 4629 Ἐδεόμην
3519 4545 3679 4604 τοίνυν
3724 4536 3798 4592 τοῧ

2209 4650 2363 4710 Θεοῦ,
2406 4645 2495 4699 καὶ
2548 4643 2782 4700 ἱκέτευον
2824 4645 3012 4717 αὐτὸν,
3047 4643 3306 4719 ῥυσθῆναί
3361 4662 3427 4716 με
3469 4642 3568 4695 τῶν
3608 4635 3691 4719 τοῦ
3724 4633 3796 4680 πό*

2206 4739 2375 4807 νηροῦ
2405 4732 2672 4810 παγίδων.
2717 4735 2819 4793 Καί
2866 4714 3007 4791 ποτε⁷
3047 4714 3150 4804 τὴν
3206 4714 3428 4809 καρδίαν
3486 4714 3793 4810 συντριϐεῖσςιι

2353 4802 2505 4899 πυρὶ.
2536 4824 2664 4897 θείῳ
2708 4825 2806 4893 τήν
2864 4824 3051 4903 ψυχὴν
3109 4802 3569 4898 διαθερμανθεῖσα,
3606 4809 3673 4869 εἷς

2207 4915 2361 4989 ἅγιον
2406 4911 2641 4987 Σιλωὰμ
2672 4912 2946 4979 κατῆλθον
2979 4933 2993 4946 ·
3026 4913 3115 4969 καὶ
3150 4912 3213 4969 τὸ
3264 4916 3450 4973 σκεῦος
3492 4907 3637 4960 τοῦτο
3659 4888 3793 4989 sibi:

2207 4973 2340 5059 asiae:
2398 4973 2612 5064 ὕδατος.
2653 5004 2705 5075 (ὅ
2761 5003 2889 5076 παρ’
2954 5001 3077 5075 ἐμοὶ
3133 5002 3225 5057 καὶ
3284 5002 3359 5064 εἰς
3395 4993 3468 5053 ἔτι
3528 4973 3790 5076 μὲνεῴκῗι

2207 5093 2404 5167 θέρμια
2457 5092 2509 5147 ἐν
2568 5065 2671 5166 τῇῑ
2707 5065 2923 5161 σπυρίδι
2977 5065 3245 5159 λαϐοῦσα,
3291 5088 3503 5146 ἐνταῦθα
3542 5065 3792 5167 παρεγεῖτξῖ

2382 5181 2489 5240 Καὶ
2518 5150 2725 5237 τούτων
2778 5150 2930 5237 οῦδὲν
2970 5180 3047 5244 εἰς
3088 5150 3245 5258 δεῦρᾷ
3290 5171 3635 5258 ἠλαττονήθη.

2207 5242 2335 5328 οὐδὲ
2386 5268 2669 5345 ἄνθρωπον
2722 5269 2771 5341 ἐξ
2832 5242 3042 5327 ἐκείνου
3085 5242 3249 5341 εἶδέν,
3309 5242 3428 5324 οὐδὶ
3474 5258 3543 5319 εἷς
3602 5242 3787 5323 ὁμιλίαν

440 5082 500 5139 in
552 5088 758 5157 sporta
796 5084 1071 5154 acceptis,
1128 5083 1244 5139 huc
1293 5084 1533 5140 accessi.
1566 5084 1725 5140 Nihil
1772 5092 1967 5143 autem
2003 5089 2097 5145 ho-

445 5188 579 5229 rum
630 5190 814 5246 usque
861 5173 923 5229 in
974 5172 1319 5229 hodiernum
1374 5173 1528 5231 diem
1578 5179 1669 5231 est
1716 5176 2092 5237 diminutum.

439 5262 551 5318 Sed
584 5278 770 5335 neque
800 5278 869 5320 ex
908 5263 1009 5319 illo
1064 5269 1324 5336 tempore
1377 5263 1675 5323 hominem
1709 5265 1826 5323 vidi
1861 5284 1874 5324 :
1908 5284 2097 5342 neque

447 5552 731 5617 coenobio,
773 5554 871 5610 sed
921 5568 1218 5629 nunquam
1255 5574 1387 5614 cum
1423 5557 1541 5615 illo.
1578 5559 1710 5618 Ideo
1758 5560 1957 5619 minus
2002 5561 2102 5621 ben

444 5626 686 5686 crnobr’o
710 5626 942 5683 sodalis.

2213 5565 2439 5623 vertisse
2486 5566 2717 5626 videtur
2766 5568 3051 5647 interpres
3097 5568 3247 5643 apud
3301 5560 3518 5624 Barium
3549 5568 3560 5608 :
3588 5533 3783 5606 limi”
