4042 6222
351 302 462 366 941

345 466 473 533 τινὶ,
521 463 646 522 οὑδὶ
693 467 767 529 εἷς
818 466 1016 545 λόγους
1070 472 1260 539 ἦλθον.
1321 473 1478 530 Ἀλλ’
1537 474 1693 532 ἄπιτε
1758 483 1849 534 νὺν
1913 483 2002 536 καὶ

349 555 528 627 ὑμεῖς,
596 558 685 611 καὶ
748 558 1162 637 ἀναστρέφοντες
1244 561 1600 638 ἐπισκέψασθέ
1654 566 1994 644 [ἐπισκέψατί

351 647 401 718 ι]
437 666 524 718 με.

413 734 636 792 Τούτων
687 734 891 795 ἑκεῖνου
941 740 1286 810 ἀκούσαντες,
1342 745 1720 821 ὑποχωροῦσι,
1780 750 1869 804 καὶ
1921 751 1994 812 ὡς

336 825 430 879 τὸν
503 825 764 900 μακάριον
834 826 1087 892 ἐλθόντες
1183 833 1470 907 Κυριακὸν,
1558 837 1989 914 ἀπαγγέλλουσιν

337 913 482 986 αὑτῷ
513 913 704 970 πάντα.
738 917 799 972 Ὀ
851 914 907 971 δὶ
955 917 1226 993 ἐθαύμασέ
1267 942 1345 992 τε,
1398 923 1471 984 ὡς
1521 925 1688 997 εἰκός,
1729 929 1816 981 καὶ
1867 930 1993 984 ἐπι-

340 1000 631 1075 σκέψασθαι
679 1001 847 1057 πάλιν
904 1006 1074 1074 αὑτὴν
1133 1005 1464 1080 ἐπανήκουσι
1517 1019 1633 1076 τοῖς
1695 1023 1988 1088 μαθηταῖς,

333 1090 424 1145 καὶ
465 1090 624 1154 αὐτὸς
674 1091 1016 1163 ἐπισκήπτει.
1075 1097 1150 1152 Τὸ
1220 1099 1494 1170 σπήλαιον
1559 1103 1738 1158 τοίνυν
1799 1104 1848 1160 ἐν
1924 1112 1984 1181 τῇ

334 1179 583 1255 ἐπανόδῳ
639 1181 1055 1254 καταλαϐόντες,
1123 1191 1213 1243 καὶ
1279 1193 1376 1260 τὴν
1447 1192 1654 1250 εἴσοδον
1724 1201 1858 1254 κατὰ
1923 1203 1986 1257 τὸ

332 1272 560 1342 σύνηθες
628 1275 911 1346 κόψαντες,
979 1276 1094 1332 ἐπεὶ
1161 1273 1371 1334 ἔνδοθεν
1441 1276 1614 1355 [ἔνδον
1685 1290 1735 1361 1]
1798 1291 1982 1352 αὐτοῖς

327 1360 653 1436 ἀπεκρίνατο
695 1361 819 1418 οὐδὲ
869 1367 969 1432 εἷς,
1021 1365 1384 1442 παρελθόντες
1442 1371 1590 1438 ε’ίσω,
1641 1377 1979 1450 εὑρίσκουσιν

323 1450 491 1519 αὐτην
530 1450 636 1522 ἢδη
686 1452 1090 1526 τελειωθεῖσαν,
1139 1458 1227 1512 καὶ
1275 1460 1336 1514 τὸ
1387 1466 1546 1534 σῶμα
1592 1467 1779 1539 νεκρὸν
1836 1471 1985 1544 παρά

321 1541 402 1612 τῷ
443 1539 699 1614 σπηλαίῳ
737 1544 1009 1615 κείμενον.
1069 1545 1417 1611 Ἀνελθόντες
1468 1552 1561 1606 οὖν
1611 1555 1686 1616 εἰς
1744 1558 1842 1626 τήν
1883 1564 1979 1614 τοῦ

328 1633 509 1684 Σουκᾶ
548 1627 776 1706 λαύραν,
817 1632 905 1687 καὶ
949 1635 1086 1689 ὅσων
1134 1637 1202 1704 ἦν
1251 1639 1436 1702 αὑτοῖς
1483 1643 1620 1716 πρὸς
1665 1647 1763 1712 τήν
1800 1650 1975 1724 ταφὴν

323 1718 485 1793 χρεία
525 1715 804 1790 λαϐόντες,
855 1715 1107 1797 ἔρχονται
1165 1728 1302 1800 πρὸς
1362 1731 1424 1784 τὸ
1465 1715 1737 1801 σπήλαιον
1800 1737 1974 1801 ποῦθιςο

319 1809 410 1862 καὶ
439 1807 752 1872 τελέσαντες
802 1809 888 1865 ἐπὶ
931 1816 1000 1885 τῇ
1054 1817 1292 1889 μακαρίᾳ
1337 1817 1403 1872 τά
1451 1819 1698 1892 εἰωθότα,
1747 1826 1844 1894 τήν
1895 1827 1974 1880 οἰ-

317 1897 437 1952 κίαν
494 1896 632 1972 αὐτῇ
680 1901 849 1978 τάφον
887 1905 1127 1970 ποιοῦσι,
1168 1905 1303 1980 πρὸς
1369 1907 1515 1981 αὑτῷ
1570 1915 1648 1983 τῷ
1715 1912 2009 1989 σπηλαίῳ’

321 1986 383 2041 τὸ
415 1986 668 2062 λείψανον
700 1990 1079 2064 καταθέμενοι.

390 2073 545 2132 Ἀλλ’
576 2076 801 2144 ἐνταῦθα
837 2082 930 2154 μὲν
985 2084 1134 2156 ἡμᾶς
1185 2085 1248 2140 τὸ
1309 2091 1411 2140 τοῦ
1477 2086 1824 2164 διηγήματος
1893 2093 1972 2164 ἐξ·

323 2165 559 2240 ἤνεγκεν,
611 2163 832 2234 ἥδιστόν
883 2190 941 2224 τε
981 2171 1122 2242 ὁμοῦ
1166 2174 1255 2227 καὶ
1305 2174 1610 2251 ὠφέλιμον.
1661 2181 1970 2238 Ἐπανιτέον

319 2249 376 2307 δὲ
408 2253 572 2307 πάλιν
634 2254 752 2311 ὅθεν
803 2255 1087 2330 ἐξέϐημεν.
1150 2261 1381 2338 Ὄγδοον
1442 2266 1623 2321 τοίνυν
1672 2269 1864 2325 τοὺτον
1918 2272 1968 2328 ἐν

318 2347 398 2413 τῷ
428 2346 711 2418 Σουσακίμ
744 2346 1009 2418 ἐνιαυτὸν,
1045 2351 1224 2423 ὥσπερ
1274 2350 1506 2431 ἔφημεν,
1562 2363 1657 2414 τοῦ
1704 2364 1970 2435 μακαρίου

318 2437 588 2505 κυριακοῦ
657 2433 998 2510 διηνυκότος,
1071 2441 1122 2494 οἱ
1175 2448 1274 2510 τῆς
1340 2450 1438 2499 τοῦ
1501 2453 1676 2502 Σουκᾶ
1743 2449 1966 2525 λαύρας,

322 2521 457 2594 μετά
524 2524 623 2592 τὴν
690 2523 899 2581 τελείαν
966 2534 1073 2583 τῶν
1127 2531 1196 2584 τὰ
1262 2531 1562 2607 Ὠριγὲνους
1640 2534 1970 2608 δοξαζόντων

320 2609 664 2688 ἀπαλλαγὴν,
707 2613 877 2670 ἐκεῖσε
925 2617 1012 2672 καὶ
1053 2619 1208 2682 αὖθις
1257 2623 1559 2696 γενόμενοι,
1618 2626 1696 2689 εἷς
1752 2630 1815 2683 τὸ
1872 2636 1968 2684 τοῦ

316 2699 562 2776 μεγάλου
605 2702 921 2778 Χαρίτωνος
974 2707 1245 2777 σπήλαιον
1296 2712 1455 2766 αὐτὸν
1515 2714 1735 2791 ἤγαγον.
1782 2720 1857 2776 Οὗ
1899 2717 1965 2790 δὴ

319 2789 468 2844 καὶὸ
520 2795 818 2865 θαυμάσιος
870 2795 1144 2871 Κύριλλος
1200 2797 1513 2874 παρέϐαλλε
1561 2789 1828 2886 συνεχῶς,
1879 2789 1964 2866 καί

317 2877 536 2948 πολλὴν
565 2884 710 2956 παρά
740 2889 837 2939 τοῦ
885 2886 1038 2961 ἁγίου
1090 2887 1285 2944 τούτου
1316 2893 1415 2960 τήν
1455 2900 1555 2962 τῆς
1603 2895 1800 2970 ἀρετῆς
1848 2898 1964 2954 ἐπί-

316 2965 464 3024 δοσιν
504 2973 594 3027 καὶ
645 2975 742 3043 τὴν
803 2975 1068 3054 ὠφέλειαν
1133 2978 1457 3056 ἐκαρποῦτο.
1506 2986 1665 3062 Ὑπὲρ
1717 2989 1784 3044 τά
1831 2992 1963 3046 ἑπτὰ

309 3055 365 3114 δὲ
394 3058 504 3132 ἤδη
559 3063 648 3118 καὶ
696 3067 762 3119 τὰ
812 3066 998 3122 ἑκατὸν
1032 3069 1059 3123 ὁ
1092 3072 1356 3144 Κυριακὸς
1407 3068 1499 3144 ἔτη
1543 3071 1696 3131 ἐϐίω
1749 3079 1824 3142 ὡς
1872 3082 1960 3136 καὶ

306 3146 398 3204 ἀπ’
441 3152 619 3208 αὐτῶν
670 3151 848 3223 δήπου
904 3161 1010 3212 τῶν
1082 3158 1286 3216 ἐκείνου
1351 3162 1644 3237 περιόδων,
1702 3169 1790 3223 καὶ
1846 3175 1954 3225 τῶν

305 3235 596 3314 διατριϐῶν
646 3245 1082 3320 μεμαρτύρηται.
1142 3248 1393 3326 Ἀφίκετο
1423 3235 1532 3325 μὲν
1570 3235 1670 3330 γάρ
1720 3256 1794 3319 είς
1851 3261 1949 3326 τήν

302 3329 456 3402 ἁγίαν
515 3329 697 3402 πόλιν,
765 3333 904 3411 ἀμφὶ
971 3337 1037 3391 τὰ
1106 3337 1474 3396 ὀκτωκαίδεκά
1538 3329 1642 3399 που
1713 3346 1950 3420 μάλιστα

301 3413 416 3488 ἔτη·
449 3417 595 3475 ἆννὲα
625 3418 682 3476 δὲ
719 3423 865 3497 παρά
905 3429 983 3496 τῷ
1032 3423 1083 3479 ἐν
1133 3427 1308 3502 ἁγίοις
1359 3433 1646 3507 Γερασίμῳ
1697 3413 1944 3509 διέμεινε’

300 3503 518 3564 δὲκατόν
550 3529 608 3564 τε
637 3507 744 3581 ἤδη
779 3509 1023 3586 [δέκατον
1053 3512 1161 3587 ἤδη
1200 3520 1256 3590 1]
1281 3503 1515 3595 πρὸςντῇ
1545 3503 1642 3579 τοὺ
1699 3503 1945 3602 μεγάλου

297 3598 573 3669 Εὑθυμίου
642 3605 788 3674 μονῇ
849 3599 1115 3660 διετέλεσε
1182 3609 1405 3682 χρόνον·
1473 3614 1561 3667 καὶ
1640 3613 1790 3671 ἐννέα
1855 3619 1944 3672 καὶ

298 3686 587 3759 τριάκοντα
655 3689 758 3743 ὑπὸ
824 3694 892 3763 τῇ
960 3699 1056 3748 τεῦ
1122 3702 1304 3751 Σουκᾶ
1370 3697 1546 3774 λαὺρᾳ
1611 3699 1942 3774 διηκονεῖτο.

295 3771 547 3845 Πέμπτον
577 3788 632 3829 τε
677 3775 825 3848 αὑτῷ
872 3776 924 3832 ἐν
969 3785 1037 3854 τῇ
1095 3785 1194 3836 τοῦ
1237 3771 1492 3862 Νατουφά
1527 3771 1732 3864 νέρήμιρ
1790 3791 1943 3846 σκίλ-

293 3861 418 3925 λαις
449 3866 768 3938 τρεφομένῳ
797 3867 1097 3938 περιῆλθον
1155 3869 1293 3935 ἔτος·
1355 3861 1444 3930 καὶ
1500 3861 1733 3934 τοσαῦτα
1781 3881 1945 3937 πάλιν

295 3950 345 4005 ἐν
374 3955 454 4024 τῷ
488 3957 578 4008 τοῦ
608 3949 806 4009 Ῥουϐἆ
834 3953 1014 4032 ἕτερα.
1066 3962 1195 4035 Περὶ
1248 3963 1343 4034 μὶν
1390 3963 1486 4019 οὖν
1531 3973 1612 4040 τῷ
1662 3969 1945 4043 Σουσακῖμ

289 4033 525 4112 ’ἕϐδομον
573 4039 814 4099 ἐνιαυτὸν
870 4051 1048 4118 μεῖναι
1097 4033 1403 4124 ἱστόρηταν
1446 4033 1672 4132 περὶ-δὲ
1718 4063 1798 4130 τῷ
1843 4033 1941 4114 τοὺ

291 4127 343 4182 ἰν
403 4128 576 4204 ἁγίοις
636 4132 946 4209 Χαρίτωνος
1016 4137 1298 4212 σπηλαίῳ,
1385 4145 1655 4216 πέμπτον·
1720 4149 1810 4202 καὶ
1875 4149 1940 4204 αὗ

292 4220 378 4292 [in
416 4221 598 4279 codice
640 4226 677 4278 2
724 4223 973 4282 deletum
1018 4233 1097 4313 est
1144 4230 1233 4304 αὑ]
1282 4229 1449 4286 πάλιν
1498 4233 1551 4290 ἐν
1609 4241 1687 4308 τῷ
1743 4241 1862 4313 [τοῦ
1887 4240 1941 4313 1]

290 4309 572 4383 Τουσακὶμ
616 4309 835 4387 ὄγδοον.
892 4311 1083 4387 Ἀνέϐη
1149 4317 1331 4408 μέντοι
1383 4325 1487 4398 πρὸ
1542 4323 1637 4381 δύο
1687 4309 1838 4404 [δὺον
1890 4309 1941 4408 if]

287 4397 388 4464 τής
419 4399 676 4468 τελευτῆς
712 4402 950 4476 χρόνων,
990 4404 1080 4461 καὶ
1124 4407 1276 4473 αὖθις
1316 4412 1462 4486 παρά
1506 4415 1568 4470 τὸ
1616 4418 1715 4491 [τῷ
1748 4424 1798 4496 1]
1845 4429 1941 4480 τοῦ

287 4483 608 4558 Χαρίτωνος
695 4487 968 4558 σπήλαιον
1035 4493 1316 4569 [σπηλαίῳ
1369 4483 1441 4575 1⁷].
1525 4483 1632 4566 Εἲς-
1671 4483 1835 4564 τοῦτο
1885 4509 1941 4567 δὲ

1726 318 1912 380 VITA
1958 320 2018 379 S.
2066 322 2400 391 CYRIACI.

3647 366 3765 426 912

2033 485 2173 557 Ain
2207 487 2454 561 alicujus
2504 510 2886 568 congressum
2948 506 3425 588 colloquiumque
3465 523 3616 579 veni.
3652 526 3760 585 Vos

2111 573 2289 645 igitur
2320 596 2478 638 nunc
2506 585 2760 656 abits,et
2781 600 3132 653 revertentes
3165 573 3396 663 invisite
3423 625 3535 666 me.

2179 758 2291 824 Illi,
2315 760 2407 818 his
2437 765 2674 837 auditis,
2716 775 2994 832 recedunt
3028 797 3041 834 :
3070 786 3125 836 et
3154 785 3225 840 ab
3276 789 3510 851 beatum
3542 797 3752 867 Cyria-

2104 864 2236 904 cum
2269 853 2563 910 venientes
2595 861 2790 914 omnia
2817 863 2928 933 ipsi
2962 875 3322 932 renuntiant.
3359 880 3480 950 Ille,
3516 891 3578 940 ut
3608 905 3750 945 con-

2102 943 2447 997 sentaneum
2525 951 2668 1014 erat,
2733 953 2978 1010 miratus
3045 966 3132 1016 est
3197 979 3270 1031 et,
3330 979 3750 1036 revertentibus

2101 1029 2428 1100 discipulis,
2479 1039 2542 1089 ut
2590 1053 2718 1094 eam
2761 1059 2966 1101 rursus
3030 1050 3282 1110 invisent
3316 1065 3575 1120 mandat.
3610 1068 3749 1140 Spe-

2101 1113 2260 1140 ,__-___
2415 1139 2420 1140 γ
2562 1127 2571 1136 .

2097 1113 2267 1174 Ῑωυω
2319 1121 2513 1194 itaque
2559 1127 2617 1181 in
2652 1130 2837 1188 reditu
2872 1141 3046 1205 nacti,
3090 1113 3534 1220 aditumque-de
3591 1113 3748 1216 mgis

2098 1205 2420 1282 pulsantes,
2453 1230 2582 1269 cum
2608 1216 2770 1275 intus
2798 1238 2965 1281 nemo
2998 1245 3149 1286 unus
3175 1234 3316 1305 ipsis
3350 1245 3745 1319 responderet,

2098 1293 2378 1319 ,ηυξ-η
2425 1301 2435 1319 ,
2497 1303 2508 1313 .
2675 1307 2687 1319 .
2785 1318 2788 1319 ,

3197 1293 3213 1305 .
3387 1293 3745 1319 *‘r"""""'!

2094 1293 2437 1368 introgressi
2494 1303 2797 1364 inveniunt
2847 1329 2963 1369 eam
3006 1319 3131 1387 jam
3193 1324 3307 1381 vita
3357 1329 3641 1403 functam,
3690 1343 3749 1394 et

2093 1398 2305 1455 corpus
2355 1392 2619 1448 exanime
2662 1396 2719 1450 in
2776 1402 3048 1470 spelunca
3073 1410 3300 1478 jacens.
3344 1421 3741 1484 Ascendentes

2093 1471 2274 1543 igitur
2313 1476 2371 1532 in
2423 1485 2588 1537 Sucze
2629 1483 2877 1556 lauram,
2906 1499 2962 1548 et
3001 1500 3198 1556 omnia
3238 1506 3448 1573 quibus
3490 1513 3634 1583 ipsis
3667 1519 3738 1572 ad

2154 2098 2264 2156 Sed
2308 2101 2420 2159 huc
2449 2106 2681 2174 quidem
2718 2128 2821 2168 nos
2847 2119 3102 2175 narratio
3144 2124 3382 2182 deduxit
3414 2131 3728 2198 jucundis-

2081 2186 2416 2259 simajuxta
2444 2197 2622 2266 atque
2654 2199 2835 2257 utilis.
2870 2204 3088 2262 Rursus
3121 2216 3314 2269 autem
3363 2186 3726 2280 redeundum

2080 2287 2165 2334 est
2194 2283 2351 2339 unde
2383 2285 2625 2358 digressi
2643 2307 2868 2352 sumus.
2891 2297 3033 2354 Cum
3067 2301 3248 2372 igitur
3278 2312 3544 2367 octavum
3572 2314 3728 2371 hunc

2081 2368 2138 2424 in
2198 2371 2460 2432 Susacim
2522 2397 2764 2451 annum,
2818 2391 2880 2441 ut
2938 2368 3214 2464 diximus,
3269 2397 3470 2456 beatus
3529 2368 3726 2475 Cyri-a-

2077 2472 2180 2514 cus
2238 2464 2600 2534 confecisset,
2627 2471 2728 2541 qui
2780 2481 2947 2531 erant
2977 2478 3152 2536 lauris
3211 2485 3394 2554 Suce,
3433 2501 3555 2561 post
3600 2511 3724 2564 per—

2079 2547 2280 2604 lectam
2317 2551 2718 2615 liberationem
2751 2563 2822 2617 ab
2855 2565 2927 2619 iis
2960 2569 3056 2638 qui
3081 2570 3347 2644 Origenis
3371 2584 3719 2640 sententiam

2078 2637 2377 2706 tenebant,
2412 2659 2544 2698 cum
2581 2646 2720 2702 illuc
2766 2661 3409 2734 rursusaccessissent,
3445 2667 3632 2738 ipsum
3657 2672 3721 2729 in

2077 2727 2268 2793 magni
2327 2729 2659 2790 Charitonis
2704 2738 2976 2806 spelaeum
3024 2727 3562 2825 deduxerunt'(2.2).
3597 2727 3719 2823 Quo

2075 2813 2252 2869 etiam
2314 2818 2648 2892 frequenter
2695 2830 3001 2886 accedebat
3051 2837 3410 2898 admirabilis
3436 2813 3717 2920 ‘Cy’rillvusv,

2073 2907 2129 2958 et
2153 2920 2422 2978 magnum
2453 2912 2524 2966 ab
2558 2913 2664 2970 hoc
2696 2926 2896 2976 sancto
2936 2925 3172 2981 virtutis
3197 2929 3623 2992 incrementum
3657 2947 3715 2995 et

2071 2995 2528 3058 emolumentum
2573 3006 2944 3078 percipiebat.
2978 3013 3105 3070 Jam
3140 3024 3334 3076 autem
3369 3041 3546 3096 super
3576 3046 3713 3086 cen-

2070 3084 2193 3139 tum
2248 3093 2301 3141 et
2349 3098 2568 3160 septem
2602 3111 2786 3153 annos
2840 3101 3055 3159 vixerat
3112 3107 3386 3176 Cyriacus
3431 3131 3443 3169 :
3485 3118 3576 3171 cui
3631 3121 3714 3175 rei

2069 3171 2403 3232 testimonio
2461 3185 2600 3236 sunt
2649 3181 2758 3240 illm
2809 3187 2946 3258 ipsas
3001 3194 3128 3263 ejus
3180 3197 3424 3256 diversis
3457 3203 3516 3258 in
3569 3205 3710 3264 locis

2066 3262 2401 3320 mansiones
2451 3272 2507 3323 et
2555 3270 2713 3328 obita
2769 3275 2996 3335 itinera.
3035 3262 3288 3341 Devenit
3339 3307 3592 3364 namque
3650 3297 3709 3353 in

2059 3353 2324 3405 sanctam
2375 3352 2686 3427 civitatem,
2720 3361 2950 3421 circiter
2999 3371 3198 3428 decem
3240 3383 3294 3430 et
3342 3384 3470 3434 octo
3519 3399 3703 3442 annos

2057 3529 2378 3593 permansit
2410 3545 2423 3585 :
2459 3533 2866 3611 decimumque
2903 3543 3024 3613 jam
3064 3552 3217 3619 apud
3249 3555 3438 3626 Magni
3473 3529 3699 3631 Euthy;

2059 3613 2158 3669 mii
2194 3621 2612 3678 monasterium
2654 3631 2900 3685 confecit
2923 3651 3167 3707 annum,
3200 3645 3256 3695 et
3289 3645 3696 3717 undequadra-

2053 3703 2218 3774 ginta
2276 3707 2335 3762 in
2397 3710 2555 3766 Sucaa
2609 3712 2774 3771 laura
2818 3721 3195 3782 ministravit.
3231 3731 3497 3803 Quinque
3557 3741 3697 3795 anni

2053 3797 2479 3868 praeterierunt,
2514 3803 2648 3858 dum
2709 3805 2766 3861 in
2816 3809 3093 3883 Natuphm
3139 3797 3455 3878 solitudine
3514 3828 3700 3884 scillis

2054 3882 2326 3952 aleretur,
2386 3891 2741 3965 totidemque
2814 3882 3018 3956 rursus
3074 3904 3172 3961 alii
3231 3908 3290 3964 in
3369 3911 3562 3970 Ruba.
3632 3917 3697 3974 In

2053 3971 2319 4030 Susacim
2354 3981 2549 4034 autem
2608 3983 2922 4054 septimum
2973 3993 3258 4050 mansisse
3308 4015 3528 4056 annum
3571 4005 3697 4074 jam

2053 4063 2302 4120 relatum
2350 4071 2480 4125 est:
2527 4070 2585 4126 in
2620 4077 2803 4130 sancti
2845 4083 3038 4136 autem
3088 4083 3416 4145 Charitonis
3462 4063 3696 4165 spelieo,

2051 4155 2348 4226 quintum;
2399 4164 2456 4215 et
2485 4177 2684 4220 rursus
2716 4165 2773 4221 in
2817 4169 3104 4242 Susacim,
3137 4183 3426 4236 octavum.
3457 4183 3699 4244 Duobus

2052 4248 2204 4300 certe
2258 4254 2389 4303 ante
2446 4250 2663 4309 exitum
2732 4257 2920 4325 annis,
2981 4278 3181 4320 rursus
3236 4269 3304 4324 ad
3367 4271 3700 4333 Charitonis

2051 4334 2325 4404 spelaeum
2387 4342 2666 4398 ascendit.
2721 4345 2990 4409 Quamvis
3034 4358 3225 4412 autem
3282 4360 3352 4414 ad
3402 4361 3459 4416 in
3510 4367 3696 4423 alatis

2051 4425 2430 4494 pervenisset,
2461 4435 2518 4485 et
2539 4447 2836 4492 summam
2868 4438 2949 4494 ita
2980 4443 3223 4514 adeptus
3253 4459 3404 4504 esset
3434 4461 3701 4511 senectu-

2049 4519 2189 4579 tem,
2224 4513 2605 4575 nihilominus
2653 4525 2871 4592 tamen,
2907 4545 2977 4584 ne
3021 4513 3309 4591 tantillum
3353 4538 3588 4608 quidem
3621 4545 3695 4601 de

286 4570 441 4644 ὅμως
479 4573 700 4644 ἡλικίας
742 4576 942 4649 ἐλθὼν,
1000 4582 1090 4636 καὶ
1142 4585 1416 4659 βαθύτατα
1464 4592 1608 4648 οὓτω
1659 4600 1958 4673 γηράσας]

291 4658 412 4687 -.Σὲὶ
449 4662 610 4687 Ω-η-Ᾱ
719 4673 740 4683 -ν
932 4669 944 4684 ι
1059 4672 1070 4686 ε
1185 4684 1195 4687 _
1247 4675 1257 4687 ι
1422 4677 1443 4687 ..
1765 4686 1768 4687 ,

2176 4570 2188 4579 1
2386 4570 2396 4571 ,
2439 4570 2603 4575 τίμὴ-
2659 4570 2871 4592 -.....-..,
2907 4570 2977 4584 ..ν
3023 4570 3309 4591 ιιιυιιιιυιυ
3353 4570 3588 4608 quxuclu
3621 4570 3685 4601 ut:

2076 4601 2293 4658 tatione
2324 4605 2394 4660 ad
2445 4607 2672 4665 divinos
2715 4612 2980 4685 hymnos,
3030 4623 3086 4674 et
3129 4621 3452 4682 ministerio
3484 4646 3685 4687 eorum

288 4658 414 4716 οὑδὶ
448 4662 626 4740 βραχὺ
675 4673 775 4735 τῆς
824 4669 947 4742 περὶ
991 4658 1354 4738 τοὺςνθείους
1422 4677 1626 4752 ὕμνους
1672 4658 1938 4760 στάσεως,

286 4749 514 4820 καὶτῆς
573 4750 843 4819 διακονίας
896 4762 1002 4813 τῶν
1058 4760 1206 4834 αὑτῷ
1262 4763 1731 4840 παραϐαλλόντων
1786 4778 1936 4854 ὑφεῖ-

283 4858 367 4896 το.
421 4838 582 4898 ’Δλλ’
643 4843 755 4916 ὅσῳ
795 4849 1067 4923 κατεγήρα
1112 4855 1180 4925 τῇ
1229 4838 1448 4929 ἡλικίᾳ,
1497 4860 1743 4936 τοσούτῳ
1800 4838 1936 4938 μᾶλα

283 4927 381 4982 λον
449 4927 676 5008 ὶσφρίγα
740 4936 829 4989 καὶ
928 4937 1278 5014 ὑπερήκμαζε
1343 4927 1415 5018 τῇν
1479 4927 1934 5024 προθυμί’ᾳ,’καί

284 5017 609 5095 θερμότερον
673 5027 780 5077 τῶν
847 5025 1004 5082 θείων
1072 5028 1300 5106 ἀγώνων
1388 5017 1475 5091 καὶ
1522 5017 1930 5120 ’γενναίότερον

279 5106 504 5175 ἥπτετο.

349 5197 450 5256 Ἠν
483 5195 540 5255 δὶ
587 5200 866 5279 μειλίχιος
917 5207 1016 5293 μὶν
1051 5209 1104 5293 ,ὁ
1162 5209 1298 5287 ἀνήρ
1341 5214 1431 5269 καὶ
1480 5215 1670 5293 ἱλαρὸς
1709 5222 1796 5277 καὶ
1849 5225 1928 5280 εὑ·-

281 5283 558 5356 πρόσιτος,
609 5287 859 5363 εὐμήκης
912 5291 970 5348 δὲ
1016 5292 1150 5350 ’ἰδεῖν
1197 5283 1286 5353 καὶ
1338 5283 1664 5373 ἀνεστηκὼς·
1722 5307 1813 5363 τόν
1866 5331 1926 5366 τε

280 5371 483 5448 αὐχένα
521 5376 670 5452 όρθό,
702 5373 782 5434 ἔτι
823 5382 912 5438 καὶ
962 5383 1295 5457 ὑπονεᾶζων,
1345 5389 1434 5445 καὶ
1485 5389 1610 5448 οὑδὶ
1638 5396 1700 5450 τὸ
1747 5399 1922 5474 παρά-

275 5481 377 5514 παν
418 5468 514 5518 τοῦ
575 5467 760 5542 γήρως
813 5470 1150 5546 ἡττώμενος,
1211 5472 1592 5544 διδασκαλικὸς
1650 5484 1741 5538 τὸν
1797 5490 1918 5543 τοό-

347 5633 459 5702 (22)
483 5636 648 5692 Anno
679 5637 802 5693 555.

2049 4691 2152 4762 qui
2205 4693 2275 4747 ad
2317 4693 2510 4765 ipsum
2543 4701 2915 4774 accedebant,
2949 4709 3299 4769 remittebat.
3331 4717 3438 4770 Sed
3473 4726 3691 4788 quanto

2046 4783 2170 4835 erat
2199 4785 2364 4839 atate
2396 4788 2738 4857 provectior,
2770 4795 2932 4850 tanto
2984 4800 3166 4869 magis
3205 4801 3401 4857 animo
3434 4783 3686 4877 valebat,

2045 4869 2101 4923 et
2150 4866 2375 4941 vigebat
2403 4874 2583 4930 animi
2640 4877 2958 4952 alacritate,
2984 4866 3296 4962 acriusque
3352 4908 3417 4949 ac
3484 4866 3691 4955 fortius

2045 4955 2240 5012 divina
2270 4959 2456 5018 inibat
2486 4967 2826 5026 certamina.

2111 5145 2246 5199 Erat
2278 5153 2471 5203 autem
2494 5149 2581 5205 vir
2610 5152 2769 5210 mitis
2795 5159 2851 5211 et
2882 5156 3108 5228 hilaris,
3142 5166 3198 5218 et
3231 5164 3416 5222 facilis
3448 5167 3519 5223 ad
3552 5184 3686 5226 eum

2036 5233 2268 5302 patebat
2310 5235 2502 5293 aditus
2535 5255 2549 5294 :
2599 5245 2825 5299 statura
2854 5263 3120 5317 procerus
3151 5258 3206 5307 et
3243 5260 3470 5312 erectus
3505 5274 3516 5310 :
3550 5258 3672 5314 col-

2032 5317 2206 5392 loque
2236 5321 2425 5379 adhuc
2473 5333 2651 5398 recto,
2691 5331 3059 5401 juventutem
3091 5342 3525 5411 quodammodo
3560 5364 3675 5418 pris

2030 5424 2089 5464 se
2138 5410 2350 5476 ferens,
2384 5419 2440 5470 et
2480 5417 2629 5473 nihil
2677 5423 2916 5479 omnino
2957 5433 3254 5487 senectute
3298 5433 3520 5495 fractus
3568 5452 3675 5504 aut

2028 5497 2366 5558 debilitatus
2395 5519 2408 5558 :
2439 5507 2701 5565 moribus
2732 5512 2800 5566 ad
2824 5513 3146 5577 docendum
3161 5497 3662 5607 accommodatus,
