4042 6222
321 278 440 339 943

1612 278 1891 339 MENSIS
1935 279 2423 340 SEPTEMBER.

3614 268 3737 330 9“

321 439 601 512 religione
676 437 927 495 maxime
1000 437 1381 495 orlbodoxus.
1432 437 1572 493 Cum
1651 436 1845 509 itaque
1904 439 1963 494 in

2085 459 2204 506 πον,
2236 437 2297 493 τὸ
2350 432 2509 501 σέϐας
2558 431 3007 509 ὀρθοδοξότατος.
3062 430 3348 503 Ἀσθενείᾳ
3393 428 3577 485 τοίνυν
3627 428 3744 483 σώ-

322 529 580 596 corporis
619 528 1019 583 inﬁrmitatem
1064 527 1391 593 incidisset,
1434 532 1656 581 natura:
1697 527 1963 583 debitum

320 618 645 685 exsolvens,
678 619 952 687 spiritum
995 616 1105 687 ipsi
1172 618 1310 671 .Iesu
1375 632 1546 685 quem
1597 617 1969 672 desiderabat

324 707 622 763 commisit
676 706 812 777 (33).
847 706 914 760 Et
969 720 1127 761 nunc
1174 710 1263 760 est
1292 704 1349 759 in
1410 705 1600 775 quiete
1640 705 1966 776 justorum,

326 797 386 853 in
437 795 742 868 splendore
794 798 1153 866 angelorum,
1187 811 1255 850 ea
1311 795 1511 849 videns
1550 811 1682 866 quae
1738 810 1973 865 semper

325 885 713 951 desiderabat,
746 890 803 941 et
833 891 1021 940 totum
1067 890 1285 940 sanctae
1321 884 1623 940 Trinitatis
1682 884 1969 956 fulgorem

324 978 382 1032 in
424 993 481 1031 se
541 976 828 1046 recipiens
865 992 877 1029 :
929 975 989 1029 in
1022 975 1147 1043 ipso
1196 973 1430 1029 Christo
1466 974 1708 1029 Domino
1751 978 1970 1041 nostro,

323 1078 456 1118 cum
490 1078 603 1132 quo
648 1061 802 1116 Patri
835 1060 1105 1131 principii
1139 1059 1379 1129 experti,
1414 1065 1470 1113 et
1498 1060 1799 1115 sanctifico
1824 1059 1970 1113 vivi-

326 1151 549 1222 ﬁcoque
615 1149 855 1223 Spiritui
899 1147 1103 1221 gloria,
1135 1147 1469 1218 imperium,
1505 1147 1694 1203 honor
1732 1152 1792 1204 et
1830 1148 1970 1204 ado-

326 1240 475 1297 ratio
541 1255 699 1296 nunc
756 1244 815 1296 et
844 1253 1077 1310 semper
1130 1242 1187 1294 et
1242 1237 1301 1293 in
1350 1237 1557 1293 saecula
1604 1236 1971 1294 seculorum.

326 1333 537 1386 Amen.

401 1497 514 1570 (23)
545 1498 712 1554 Anno
744 1498 869 1553 557.

2081 532 2253 601 ματος
2319 526 2651 599 περιπεσὼν,
2718 524 2808 580 καὶ
2902 525 2965 579 τὸ
3029 531 3131 592 τῆς
3198 522 3411 597 φύσεως
3476 517 3744 577 ἀποτίσας

2078 618 2270 696 χρέος,
2337 618 2399 671 τὸ
2466 620 2680 687 πνεῦμα
2735 618 2817 687 τῷ
2857 611 3186 686 ποθουμένῳ
3254 612 3436 679 Ἰησοῦ
3502 607 3744 683 παρατί-

2078 709 2245 761 θεται.
2288 706 2384 762 Καὶ
2440 709 2527 758 νῦν
2572 703 2713 759 ἐστιν
2753 703 2804 758 ἐν
2851 706 2920 768 τῆ
2966 699 3262 757 ἀναπαύσει
3317 702 3427 756 τῶν
3492 694 3743 753 δικαίων

2080 793 2133 850 ἐν
2160 798 2229 867 τῇ
2270 794 2623 869 λαμπρότητι
2662 798 2770 848 τῶν
2811 790 3084 869 ἀγγέλων,
3119 792 3252 863 ἅπερ
3292 787 3372 850 εἷς
3418 786 3503 842 ἀεὶ
3554 785 3745 840 ἐπόθει

2081 884 2240 959 ὁρῶν.
2284 883 2373 937 καὶ
2424 881 2561 954 ὅλην
2612 888 2713 952 τῆς
2772 880 2952 958 ἁγίας.
3012 876 3250 953 Τριάδος
3302 878 3402 945 τήν
3458 871 3746 947 ἔλλαμψιν

2082 969 2487 1049 εἰσδεχόμενος·
2558 970 2610 1025 ἐν
2683 970 2832 1043 αὐτῷ
2888 972 3110 1043 Χριστῷ
3164 970 3242 1038 τῷ
3311 965 3493 1040 Κυρίῳ
3555 964 3747 1036 ἡμῶν,

2088 1064 2202 1134 μεθ’
2238 1062 2298 1115 οὗ
2348 1065 2428 1131 τῷ
2476 1059 2703 1135 ἀνάρχῳ
2763 1058 2959 1132 Πατρὶ,
3026 1055 3118 1111 καὶ
3188 1059 3268 1127 τῷ
3335 1052 3585 1126 παναγίῳ
3648 1050 3748 1104 καὶ

2087 1153 2343 1221 ζωοποιῷ
2399 1149 2670 1221 Πνεύματι
2745 1145 2891 1217 δόξα,
2958 1143 3178 1219 κράτος,
3240 1144 3377 1217 τιμὴ
3419 1141 3511 1195 καὶ
3568 1159 3751 1213 προσ-

2084 1242 2309 1312 κύνησις
2339 1245 2429 1295 νῦν
2463 1241 2551 1295 καὶ
2595 1239 2700 1310 ἀεὶ,
2745 1240 2834 1294 καὶ
2880 1238 2957 1302 εἰς
3008 1238 3133 1299 τοὺς
3194 1234 3395 1296 αἰῶνας
3448 1236 3555 1288 τῶν
3607 1230 3751 1286 αἰώ-

2084 1353 2211 1388 νωνι
2247 1333 2305 1390 ’Δ
2318 1333 2449 1405 μήν.

327 1678 3747 1712 w

1135 1852 1544 1982 ΒΙΟΣ
1652 1848 1961 1979 ΚΑΙ
2076 1845 2947 1980 ΗΟΛΙΤΕΙΑ

1762 2081 1882 2138 ΚΑΙ
1920 2080 2317 2138 ΜΔΡΤΥΡΙΟΝ

658 2260 1132 2435 ΤΟΥ
1248 2256 1963 2433 ΑΓΙΟΥ

2077 2251 3414 2430 ΓΡΗΓΟΡΙΟΥ

1188 2559 1431 2654 ΤΗΣ
1518 2558 2104 2654 ΜΕΓΑΛΗΣ
2189 2552 2874 2651 ΑΡΜΕΝΙΑΣ.

790 2912 1077 3028 VITA
1155 2911 1303 3024 ET
1378 2908 2216 3027 CONVERSATIO
2294 2906 2442 3020 ET
2520 2902 3258 3019 MARTYRIUM

548 3144 1268 3315 SANCTI
1382 3140 2414 3309 MABTYBIS
2536 3135 3523 3305 GREGORII

1519 3424 1950 3515 MAGI‘UE
2006 3423 2553 3512 ABMENIZE-

327 3611 544 3677 (Textus
559 3607 777 3660 Graecus
813 3619 957 3658 nunc
987 3604 1221 3670 primum
1254 3598 1433 3667 prodit
1462 3612 1526 3650 ex
1571 3596 2085 3677 duobus’codicibgs
2105 3594 2527 3677 (mss.ulfari:s_.‘n.
2564 3592 2685 3644 1489
2720 3596 2771 3644 et
2805 3592 2925 3644 H92
2955 3591 3189 3652 notatis;
3239 3590 3417 3641 Latine
3449 3586 3615 3638 εάίάῖῑ
3645 3586 3756 3636 SO-

1596 3662 1708 3711 rius
1740 3660 1807 3710 ad
1839 3661 1979 3710 diem
2013 3657 2076 3708 30
2105 3657 2477 3723 Septembris.)

406 3977 451 4034 Ι.
475 3980 615 4031 Cum
638 3974 947 4029 Persarum
972 3965 1285 4035 imperium
1309 3962 1579 4020 rediisset
1608 3960 1678 4017 ad
1713 3957 1974 4024 Parthos,

2160 3956 2240 4013 A'.
2282 3957 2398 4023 Τῆς
2438 3956 2546 4010 τῶν
2598 3955 2815 4027 Περσῶν
2877 3950 3058 4027 ἀρχῆς
3106 3949 3181 4012 εἰς
3240 3948 3485 4021 Πάρθους
3546 3943 3753 4000 διαλυο

329 4070 388 4123 et
420 4064 764 4122 Parthorum
798 4055 1121 4115 dominatio
1155 4053 1227 4109 ad
1258 4058 1477 4107 tantam
1497 4052 1750 4106 venisset
1779 4053 1981 4120 poten-

329 4159 488 4224 tiam,
519 4162 583 4212 ut
634 4169 747 4209 non
782 4152 971 4207 solum
1023 4148 1374 4218 imperarent
1416 4143 1626 4209 Persis,
1657 4140 1758 4196 sed
1809 4141 1983 4196 etiam

329 4244 623 4305 Armeniis
653 4247 711 4298 et
742 4240 901 4297 Indis
934 4238 1034 4312 qui
1065 4237 1123 4292 in
1152 4234 1385 4291 Oriente
1414 4237 1552 4287 sunt
1585 4230 1783 4285 Persis
1811 4228 1986 4285 ﬁniti'

331 4338 434 4404 mi,
468 4338 746 4405 praterea
804 4333 999 4386 autem
1034 4326 1390 4395 Massagelas
1433 4335 1666 4392 quoque
1719 4318 1778 4373 in
1812 4334 1980 4374 suam

331 4424 697 4497 redegissent
719 4422 1088 4493 potestatem,
1111 4428 1358 4483 cumque
1380 4416 1671 4465 tantarum
1703 4422 1981 4463 curarum

332 4518 563 4590 pondus
593 4528 747 4568 unus
780 4526 894 4565 non
928 4509 1123 4577 posset
1143 4501 1452 4566 sustinere,
1472 4502 1723 4570 quatuor
1755 4499 1979 4562 fratres,

328 4585 526 4663 Parthi
551 4602 789 4675 quidem
814 4610 1043 4670 genere,
1069 4590 1355 4650 Arsacidae
1386 4593 1579 4643 autem
1612 4585 1979 4659 cognomine,

330 4695 699 4751 dominatum
732 4694 981 4760 quatuor
1002 4681 1262 4753 gentium
1292 4678 1362 4733 ad
1396 4692 1458 4732 se
1491 4676 1873 4731 transferunt.
1908 4677 1981 4729 Et

330 4784 558 4858 primus
585 4779 823 4852 quidem
856 4790 923 4830 ex
976 4768 1272 4835 fratribus,
1307 4780 1681 4822 communem
1725 4761 1976 4834 appella-

330 4851 549 4930 tionem
587 4851 646 4924 in
696 4864 992 4937 proprium
1039 4875 1249 4915 nomen
1282 4857 1391 4913 sibi
1425 4854 1751 4919 vindicans,
1780 4851 1977 4924 appel-

329 4964 561 5019 labatur
588 4956 919 5018 Arsacides,
946 4960 998 5007 et
1020 4949 1367 5005 Parthorum
1390 4944 1619 5001 tenebat
1642 4942 1975 5013 imperium,

327 5054 482 5109 sicut
511 5055 793 5118 tempore,
829 5043 904 5097 ita
938 5041 1113 5095 etiam
1147 5037 1380 5093 dotibus
1401 5040 1457 5089 et
1487 5031 1812 5090 commodis
1842 5030 1976 5086 aliis

331 5138 705 5198 antecellens.
740 5132 849 5198 Qui
915 5136 1111 5186 autem
1146 5127 1309 5182 illum
1343 5131 1429 5180 est
1459 5125 1829 5188 consecutus,
1865 5119 1977 5175 fuit

330 5242 428 5283 rex
450 5232 783 5280 Persarum.
799 5217 1027 5275 Tertius
1048 5219 1242 5272 autem
1263 5211 1675 5285 praedictorum
1702 5207 1971 5263 Indorum

327 5314 568 5373 sortitus
606 5315 696 5368 est
739 5308 1070 5380 imperium.
1105 5304 1303 5369 Quarti
1335 5306 1531 5357 autem
1567 5296 1841 5400 potestati
1874 5312 1970 5367 pa-
2005 5334 2056 5404 Ο

328 5406 531 5464 rebant
574 5401 934 5471 Massagetaa.
970 5397 1092 5455 Non
1140 5394 1249 5451 fuit
1289 5399 1482 5449 autem
1526 5388 1683 5445 brevi
1714 5392 1977 5458 tempore

325 5498 595 5554 dimensa
627 5490 871 5548 felicitas
900 5486 1221 5545 Arsacidis.
1255 5483 1459 5540 Postea
1488 5496 1619 5536 vero
1645 5494 1777 5534 eum
1813 5480 1974 5533 Arta-

327 5590 507 5645 banes
540 5584 695 5640 illius
743 5580 988 5650 Vularsi,
1022 5577 1121 5652 qui
1156 5578 1281 5633 erat
1307 5578 1363 5631 et
1393 5558 1519 5643 ipse
1546 5586 1614 5627 ex
1653 5567 1968 5634 Arsacidis,

327 5682 384 5736 et
415 5678 473 5734 in
506 5676 707 5734 Persas
739 5669 1036 5729 obtinebat
1068 5666 1401 5739 imperium,
1428 5663 1659 5718 vacaret
1682 5657 1972 5714 Chaldaeo-

2095 4044 2302 4115 θείσης,
2344 4044 2569 4109 καὶτῆς
2620 4045 2726 4097 τῶν
2780 4041 3007 4116 Πάρθων
3058 4036 3400 4114 ἐπικρατείας
3452 4035 3527 4098 εἷς
3575 4039 3751 4091 τοῦτο

2093 4122 2373 4203 δυνάμεως
2402 4129 2750 4209 [ἀφιγμένης,
2795 4130 2870 4194 ὡς
2917 4129 2994 4202 μὴ
3047 4128 3210 4202 μόνον
3251 4129 3470 4200 Περσῶν
3528 4125 3752 4200 ἄρχειν.

2092 4219 2239 4276 ἀλλὰ
2295 4220 2385 4275 καὶ
2444 4219 2741 4295 Ἀρμενίων
2810 4218 2901 4272 καὶ
2967 4214 3151 4276 Ἰνδῶν
3238 4215 3550 4290 προσοίκων
3624 4219 3751 4276 τοῖς

2092 4309 2174 4365 ἔπ’
2203 4308 2508 4380 ’Δνατολῆς
2541 4308 2788 4383 Πέρσαις·
2827 4305 2906 4363 ἔτι
2938 4304 2995 4363 δὲ
3036 4304 3126 4361 καὶ
3176 4303 3527 4379 Μασσαγέτας
3580 4302 3755 4377 μέρος

2089 4404 2365 4464 ποιεῖσθαι
2394 4405 2495 4468 τῆς
2529 4398 2791 4470 ἐξουσίας,
2823 4394 2940 4452 ἐπεῖ
2992 4395 3055 4451 τὸ
3108 4394 3272 4469 βάρος
3312 4397 3418 4448 τῶν
3464 4392 3750 4448 τοσούτων

2091 4486 2393 4568 φροντίδων
2463 4489 2540 4550 εἷς
2597 4484 2808 4562 ἀνέχειν
2878 4485 2987 4559 οὐχ
3053 4485 3171 4545 οἷός
3225 4503 3283 4537 τε
3346 4484 3431 4552 ἦν,
3489 4480 3751 4557 τέσσαρες

2089 4567 2317 4653 ἀδελφοὶ
2372 4577 2578 4653 Πάρθοι
2633 4576 2725 4650 μὶν
2786 4574 2846 4630 τὸ
2902 4574 3078 4648 γένος.
3139 4567 3455 4645 Ἀρσακίδαι
3524 4568 3582 4625 δὶ
3646 4572 3753 4639 τήν

2088 4667 2420 4741 ἐπωνυμίαν,
2503 4664 2927 4741 συμμερίζονται
3020 4662 3117 4724 τὰς
3210 4658 3550 4735 ἐπικρατείας
3634 4664 3751 4713 τῶν

2086 4759 2360 4831 τεσσάρων
2410 4755 2576 4811 ἐθνῶν
2627 4753 2701 4816 είς
2750 4751 2993 4815 ἑαυτούς.
3027 4751 3125 4807 Καὶ
3160 4750 3187 4805 ὁ
3231 4749 3326 4823 μὲν
3374 4752 3591 4825 πρῶτος
3637 4753 3754 4803 τῶν

2088 4845 2336 4923 ἀδελφῶν
2385 4846 2484 4915 τὴν
2533 4842 2722 4911 κοινὴν
2780 4839 2977 4903 κλῆσιν
3038 4836 3112 4901 εἷς
3164 4833 3335 4909 ὄνομα
3390 4832 3749 4907 ἐξιδιωσάμε-

2084 4957 2199 5005 νος,
2248 4930 2579 5010 Ἀρσακίδης
2623 4952 2681 4986 τε
2727 4928 3001 4996 ἐκαλεῖτο,
3048 4928 3136 4982 καὶ
3196 4932 3294 4995 τῆς
3352 4930 3459 4979 τῶν
3512 4923 3745 4998 Πάρθων

2082 5026 2266 5104 ἀρχῆς
2300 5026 2418 5100 εἶχε
2447 5022 2509 5078 τὸ
2541 5021 2761 5097 κράτος,
2795 5016 2977 5094 ὥσπερ
3005 5022 3085 5090 τῷ
3136 5014 3325 5104 χρόνῳ
3372 5017 3479 5068 τῶν
3530 5010 3748 5083 ἄλλων,

2084 5102 2228 5172 οὕτω
2262 5112 2327 5184 δὴ
2382 5112 2476 5167 κάν
2517 5117 2635 5172 τοῖς
2694 5108 2881 5169 ἃλλως
2940 5108 3191 5182 προέχων
3246 5102 3745 5174 πλεονεκτήμασιν.

2081 5207 2142 5263 Ὀ
2176 5201 2232 5259 δὲ
2282 5203 2397 5277 μετ’
2444 5199 2646 5257 ἐκεῖνον
2706 5203 2928 5274 Περσῶν
2988 5192 3354 5251 ἔϐατίὶευσεν.
3411 5193 3473 5250 Ὁ
3523 5190 3581 5247 δὲ
3627 5191 3750 5267 τρί-

2081 5314 2175 5357 τος
2241 5297 2349 5348 τῶν
2418 5288 2833 5367 προειρημένων
2904 5282 3114 5361 ἀνδρῶν
3193 5285 3293 5354 τήν
3375 5286 3484 5338 τῶν
3562 5278 3749 5338 Ἰνδῶν

2086 5382 2263 5458 ἀρχὴν
2297 5378 2621 5457 ἐκληροῦτο.
2672 5380 2767 5450 Τῷ
2817 5374 2875 5432 δὲ
2922 5395 3165 5451 τεταρτῳ
3210 5372 3559 5458 Μασσαγέται
3602 5373 3741 5440 ἦσαν

2080 5456 2524 5547 τὸγῦποχείριον.
2569 5467 2670 5525 Καὶ
2702 5466 2900 5544 χρόνος
2951 5463 3011 5520 οὗ
3068 5460 3278 5539 βραχὺς
3308 5460 3428 5547 ,τὴν
3478 5456 3745 5547 ιόδαιμο-

2080 5561 2194 5617 νίαν
2246 5544 2394 5622 τὸὲξ
2423 5554 2769 5634 Ἀρσακίδαις
2823 5554 3059 5628 ἆμέτρει·
3122 5544 3466 5622 Ἀρταϐάνης
3513 5546 3573 5604 δὶ
3610 5554 3745 5634 παῖς

2081 5649 2425 5727 Οὐαλτίρσσυ,
2494 5632 2821 5722 Ἄρσακίδης
2887 5664 2945 5699 τι
3012 5638 3083 5697 ὤν
3144 5641 3233 5695 καὶ
3297 5640 3522 5714 Πάρθῶν
3591 5632 3742 5716 ἔχων
