4042 6222
389 376 505 433 945

1406 376 1586 435 Vl'l‘A
1633 379 1695 434 S.
1744 373 2115 434 GHEGURII
2162 372 2781 433 lLLUMlNA'l‘OliIS

3677 372 3793 430 9i6

383 537 483 606 τήν
517 534 782 608 ἐξουσίαν,
823 537 945 611 περὶ
1001 537 1099 606 τὴν
1133 536 1536 611 ἀστροθεάμονα
1580 541 1690 591 τῶν
1740 533 2021 593 Χαλδαίωι

2148 553 2278 593 rum
2327 537 2649 609 sapientiae,
2704 552 2829 609 que
2888 540 3157 592 versatur
3202 535 3263 589 in
3309 537 3793 609 contemplandis

381 622 656 703 ἓσχόλαζε
714 623 932 703 σοφίαν,
989 623 1077 679 καί
1142 646 1195 680 τι
1253 622 1481 680 συνιδὼν
1540 624 1756 694 έκεῖθεν,
1822 630 1891 700 τῇ
1937 646 2030 699 γυ-

380 715 519 769 ναικί
579 713 717 769 κατὰ
763 716 863 783 τὴν
910 716 1112 784 σκηνὴν
1168 713 1548 791 συγκαθεύδων
1590 714 1649 769 ἄν
1707 716 1877 782 εἶπεν,
1932 714 2031 782 ὡς,

380 803 467 876 Ἐξ
500 800 574 857 ὧν
609 804 677 875 μὲ
707 799 1051 859 διδάσκουσιν
1086 804 1137 859 οἱ
1169 808 1278 859 τῶν
1328 804 1564 878 ὀιστέρων
1600 802 1820 880 δρόμοι,
1855 803 1906 859 εἷ’
1946 824 2027 865 τις

2148 626 2346 695 astris,
2365 631 2421 681 et
2441 643 2510 681 ex
2532 626 2648 682 illis
2671 625 2893 697 aliquid
2917 624 3444 692 animadvertisset,
3467 644 3599 683 cum
3618 642 3790 682 uxore

2149 716 2447 773 dormiens
2476 717 2535 771 in
2569 716 2964 781 tabernaculo,
2999 715 3047 771 ei
3089 715 3270 770 dixit:
3304 715 3383 769 Ex
3414 716 3505 782 iis,
3540 731 3667 787 quae
3701 732 3790 771 me

2148 808 2353 863 docent
2386 824 2595 863 cursus
2642 811 2957 871 astrorum,
2989 807 3039 861 si
3072 806 3199 877 quis
3249 806 3307 861 in
3340 809 3608 877 praesenti
3640 815 3787 863 tem-

380 892 735 949 έπανάστασιν
778 893 914 948 κατὰ
963 897 1059 947 τοῦ
1108 892 1314 949 οἰκείου
1366 890 1631 949 δεσπότου
1682 893 1732 949 ἐν
1770 899 1850 965 τῷ
1898 913 2021 967 παρ-

2148 912 2287 968 pore
2318 898 2632 952 meditetur
2662 896 3143 951 insurrectionem
3167 895 3444 951 adversus
3475 912 3649 951 suum
3682 896 3787 951 do-

380 981 495 1037 όντι
550 984 725 1055 καιρῷ
795 981 1163 1054 μελετήσειεν,
1223 980 1342 1055 οὐκ,
1398 984 1510 1059 ἒγω
1566 1004 1625 1059 γε
1684 985 1863 1056 οἶμαι,
1927 985 2025 1037 τοῦ

381 1074 585 1126 σκοποῦ
615 1069 814 1133 έκεῖνος
845 1070 935 1126 καὶ
965 1078 1064 1140 τῆς
1094 1070 1271 1145 ὁρμῆς
1302 1074 1675 1145 ψευσθήσεται.

452 1160 526 1215 Β’.
562 1159 659 1214 Καὶ
700 1165 869 1215 ταῦτα
928 1160 1117 1227 εἰπὼν,
1176 1159 1251 1222 είς
1307 1160 1467 1217 ὕπνον
1527 1160 1755 1235 ἐτράπη,
1816 1161 1920 1217 Μία
1978 1158 2035 1215 δὲ

377 1250 488 1302 τῶν
550 1248 1007 1323 ὑπηρετουμένων
1062 1252 1129 1323 τῇ
1191 1247 1459 1323 βασιλίδι,
1515 1254 1623 1305 τῶν
1691 1251 1826 1305 κατὰ
1880 1250 2033 1325 γένος

377 1334 649 1413 ἐπιφανῶν
699 1336 834 1407 αὕτη
894 1338 1135 1411 θυγάτηρ
1181 1338 1334 1408 οὖσα,
1386 1340 1624 1408 συνήθης
1676 1338 1741 1407 ἦν
1793 1338 1878 1393 έπὶ
1928 1360 2032 1393 σω-

379 1426 561 1499 μάτων
603 1422 798 1498 ὁμιλίᾳ
827 1426 931 1479 τινὶ
973 1430 1081 1481 τῶν
1132 1427 1226 1488 τὰς
1273 1430 1492 1501 πρώτας
1540 1426 1715 1502 ἀρχάς
1766 1424 2031 1482 διοικούν-

369 1535 500 1585 των,
548 1513 599 1585 έξ
647 1514 954 1583 Ἀσσυρίων
1006 1516 1104 1587 μὲν
1166 1514 1544 1589 καταγομένῳ,
1602 1515 1928 1587 καλουμένῳ
1972 1514 2029 1570 δὲ

376 1602 751 1678 Ἀρτασείρας.
830 1603 927 1665 Ὂς
994 1602 1267 1665 πολλάκις
1346 1605 1439 1677 μὶν
1506 1610 1600 1660 καῖ
1655 1606 1773 1669 καθ’
1839 1604 2025 1659 ἑαυτὸν

366 1690 631 1749 ἀνείλιττε
684 1692 785 1761 τὴν
814 1690 1123 1767 τυραννίδα,
1185 1695 1273 1748 καὶ
1337 1700 1455 1757 τοῖς
1520 1693 1866 1755 πιστοτάτοις
1914 1699 2023 1749 τῶν

369 1782 543 1858 φίλων
610 1782 1014 1855 μυστικώτερον
1084 1780 1387 1851 ἐκοινοῦτο,
1442 1783 1664 1860 ἀγαγεῖν
1721 1781 1777 1839 δὶ
1823 1782 2025 1854 ταύτην

2148 987 2397 1051 minum,
2429 986 2525 1041 ille
2556 984 2812 1058 quidem,
2856 989 2921 1039 ut
2950 984 3219 1055 arbitror,
3262 1001 3375 1041 non
3410 985 3789 1040 frustrabitur

2144 1091 2249 1131 suo
2280 1090 2457 1147 scopo
2487 1083 2539 1131 et
2570 1072 2876 1129 desiderio.

2219 1165 2287 1221 Il.
2322 1165 2451 1220 Haec
2473 1179 2604 1220 cum
2624 1162 2885 1231 dixisset,
2920 1178 3235 1219 conversus
3266 1171 3351 1219 est
3386 1162 3460 1219 ad
3490 1178 3783 1219 somnum.

2143 1256 2267 1312 Una
2310 1259 2503 1310 autem
2554 1270 2620 1309 ex
2666 1252 2739 1309 iis
2770 1268 2896 1323 quae
2946 1252 3273 1308 serviebant
3322 1253 3559 1325 regina),
3605 1268 3674 1307 ex
3714 1251 3786 1308 iis

2141 1350 2275 1402 nata
2302 1346 2397 1415 qui
2434 1348 2597 1398 erant
2640 1342 2852 1397 illustri
2892 1357 3124 1413 genere,
3159 1358 3495 1414 corpoream
3528 1340 3783 1395 habebat

2139 1435 2622 1492 consuetudinem
2656 1448 2787 1487 cum
2822 1433 3075 1503 quodam
3104 1448 3171 1487 ex
3200 1431 3271 1486 iis
3305 1434 3403 1501 qui
3437 1430 3655 1501 primos
3688 1446 3781 1499 ge-

2094 1574 2095 1577 η
2138 1526 2342 1581 rebant
2384 1524 2775 1594 magistratus,
2824 1520 2920 1591 qui
2952 1521 3235 1593 originem
3268 1522 3497 1591 quidem
3532 1520 3781 1573 ducebat

2137 1632 2204 1671 ex
2234 1612 2503 1685 Assyriis,
2546 1612 2859 1667 vocabatur
2906 1619 3098 1665 autem
3130 1611 3439 1665 Artasiras.
3488 1608 3591 1664 Hic
3627 1624 3777 1678 saepe

2136 1704 2369 1775 quidem
2402 1702 2555 1773 apud
2578 1717 2639 1756 se
2671 1700 2862 1755 animo
2896 1699 3284 1753 meditabatur
3313 1699 3699 1770 tyrannidem,
3723 1705 3778 1752 et

2133 1808 2267 1847 cum
2301 1791 2374 1846 iis
2406 1790 2505 1861 qui
2536 1805 2603 1845 ex
2643 1788 2851 1843 amicis
2882 1793 3046 1843 erant
3079 1787 3404 1842 fidelissimi
3438 1786 3579 1841 illud
3611 1802 3771 1840 arca-

368 1870 443 1932 εἰς
495 1868 655 1945 εργον
698 1865 1033 1927 ἀνεϐάλλετο
1082 1867 1238 1949 φόϐῳ
1289 1876 1367 1943 τῷ
1406 1879 1505 1941 τῆς
1556 1872 1880 1948 ἂποτυχίας·
1921 1879 2021 1940 τῆς

2134 1897 2274 1936 num
2326 1876 2836 1935 communicabat:
2880 1877 2933 1932 id
2968 1881 3159 1931 autem
3192 1879 3259 1930 ad
3293 1875 3554 1931 affectum
3587 1872 3772 1928 dedu-

370 1966 577 2030 σκηνῆς
607 1960 704 2015 οὗν
750 1960 888 2031 αὕτη
940 1959 1216 2036 λαθραίως
1252 1961 1641 2033 ὑπεξελθοῦσα,
1694 1961 1883 2035 μηνύει
1932 1963 2023 2017 τὸν

371 2048 628 2122 χρησμὸν
688 2049 863 2104 πάντα
910 2053 989 2121 τῷ
1048 2050 1391 2125 Ἀρτασείρᾳ,
1433 2050 1715 2127 παροξύνει
1772 2072 1829 2106 τε
1886 2050 2021 2124 πρὸς

372 2137 434 2193 τὸ
474 2133 633 2213 ἔργον
694 2138 783 2193 καὶ
832 2137 1035 2215 λόγους
1093 2139 1330 2208 ἀπαιτεῖ,
1381 2140 1455 2203 ὡς
1514 2141 1595 2212 ἄν,
1654 2140 1697 2194 εἰ
1757 2140 2020 2213 ἐγκρατὴς

369 2224 587 2303 γένηται
646 2233 747 2297 τῆς
800 2229 1024 2302 Πάρθων
1084 2228 1289 2303 ἀρχῆς,
1347 2229 1610 2284 κοινωνόν
1666 2229 1839 2298 αὐτὴν
1894 2225 2021 2306 έχοι

375 2315 497 2389 βίου
528 2315 746 2384 κὰἱτήν
799 2314 1077 2389 βασιλείαν
1128 2317 1263 2393 αὐτῇ
1335 2318 1563 2392 ὀνόματί
1621 2339 1679 2374 τε
1734 2318 1824 2373 καὶ
1882 2317 2020 2392 πρά-

368 2426 539 2481 γματι
580 2407 995 2480 συμμερίζοιτο.
1037 2412 1094 2465 '0
1139 2405 1196 2463 δὲ
1247 2408 1545 2481 προθύμως
1587 2407 1740 2482 ὤμνυ
1792 2428 1849 2463 τε
1895 2406 2021 2469 τοὺς

370 2495 660 2570 πατρῴους
692 2496 870 2563 θεοὺς,
920 2496 1010 2551 καὶ
1066 2498 1234 2571 πέρας
1284 2494 1663 2574 ἐπηγγέλλετο
1722 2491 1908 2553 λαϐεῖν
1956 2497 2025 2550 τὰ

368 2583 766 2658 ὀμωμοσμένα,
815 2586 977 2655 ίκατὰ
1024 2587 1123 2655 τήν
1183 2587 1361 2661 ἆρχὴν
1409 2584 1598 2641 αὑτίκα
1646 2592 1745 2655 τῆς
1791 2585 2025 2661 ἀναῤῥή-

369 2691 524 2734 σεως.
561 2673 665 2731 Καὶ
710 2678 880 2729 ταῦτα
924 2674 1260 2749 αἰτησαμένη
1301 2674 1391 2730 καὶ
1433 2677 1499 2731 τά
1547 2675 1711 2731 πιστά
1759 2670 2022 2743 λαϐοῦσα,

372 2761 505 2837 μετὰ
546 2759 787 2829 σπουδῆς
821 2761 973 2828 αὖθις
1028 2765 1128 2833 τὴν
1188 2764 1480 2840 βασιλικὴν
1522 2766 1746 2835 σκηνὴν,
1798 2761 2021 2832 πολλὴν

366 2851 465 2904 τοῦ
497 2846 680 2913 λαθεῖν
715 2848 1017 2923 ποιουμένη
1066 2851 1326 2927 πρόνοιαν
1371 2851 1689 2928 ἀποτρέχει’
1744 2848 1918 2925 ὄνομα
1967 2848 2025 2906 δὶ

371 2941 451 3011 τῷ
517 2938 722 3013 γυναίῳ
787 2938 1172 3017 Ἀρταδοῦκτα.
1238 2944 1301 3001 Ὀ
1369 2944 1461 2999 οῦν
1524 2943 1876 3019 Ἀρτασείρας
1947 2941 2022 3004 εἰς

373 3032 496 3084 νοῦν
529 3034 629 3099 τῆς
681 3032 935 3105 γυναικὸς
990 3032 1089 3100 τὴν
1135 3030 1395 3109 ἀγγελίαν
1453 3030 1788 3108 βαλόμενος,
1837 3030 2025 3094 δεινῶς

366 3121 447 3191 τῷ
476 3124 575 3187 τῆς
619 3119 800 3193 ἀρχῆς
844 3118 1105 3195 ἡλίσκετο
1154 3116 1340 3196 ἔρωτι,
1394 3121 1483 3177 καὶ
1528 3122 1842 3197 συναγαγών
1899 3122 2025 3183 τοὺς

371 3204 423 3262 έν
451 3205 596 3263 τέλει
628 3212 849 3282 Περσῶν
893 3229 952 3264 τε
998 3212 1089 3265 καὶ
1139 3210 1461 3287 ’Δσσυρίων,
1513 3212 1602 3273 οῖς
1662 3209 1896 3285 μάλιστα
1949 3211 2026 3273 ὡς

2130 1986 2257 2025 cere
2287 1968 2608 2036 differebat,
2641 1966 2795 2038 quod
2830 1966 3057 2021 timeret
3084 1980 3154 2020 ne
3185 1980 3274 2020 res
3308 1964 3661 2020 succederet.
3697 1966 3773 2017 Ea

2132 2072 2290 2130 ergo,
2313 2057 2463 2112 clam
2488 2072 2719 2125 egressa
2741 2071 2771 2109 e
2788 2054 3182 2117 tabernaculo,
3198 2058 3377 2109 totam
3403 2069 3522 2107 rem
3548 2051 3772 2107 indicat

2131 2146 2423 2211 Artasire,
2474 2150 2531 2200 et
2573 2145 2643 2200 ad
2696 2158 2841 2215 opus
2889 2142 3118 2208 excitat,
3172 2140 3529 2213 promissum
3580 2140 3652 2194 ab
3701 2154 3768 2194 eo

2132 2235 2389 2307 exigens,
2424 2243 2506 2299 ut,
2539 2233 2589 2289 si
2621 2232 2961 2289 Parthorum
2988 2231 3243 2303 potiatur
3272 2229 3533 2297 imperio,
3563 2244 3689 2284 eam
3714 2231 3771 2282 et

2130 2326 2263 2381 vitae
2297 2324 2506 2380 habeat
2536 2324 2780 2389 sociam,
2816 2325 2872 2377 et
2901 2338 3032 2377 cum
3067 2336 3130 2376 ea
3161 2334 3407 2392 regnum
3446 2323 3503 2373 et
3533 2317 3769 2372 nomine

2130 2421 2187 2472 et
2218 2429 2277 2470 re
2307 2414 2551 2469 dividat.
2586 2412 2686 2468 llle
2718 2418 2911 2467 autem
2958 2416 3219 2481 prompto
3268 2413 3325 2465 et
3354 2406 3533 2463 alacri
3571 2406 3770 2462 animo

2125 2504 2344 2575 juravit
2374 2504 2513 2558 deos
2552 2501 2802 2573 patrios:
2854 2505 2910 2555 et
2940 2517 3067 2570 qum
3113 2498 3330 2569 juravit
3360 2496 3656 2569 pollicitus
3685 2500 3774 2551 est

2132 2594 2307 2649 tinem
2343 2600 2667 2663 acceptura,
2700 2605 2835 2645 cum
2869 2589 3120 2658 primum
3155 2604 3253 2643 rex
3282 2587 3450 2642 luerit
3481 2586 3774 2641 renuntia-

2133 2688 2244 2737 tus.
2281 2680 2423 2735 Cum
2458 2680 2576 2735 haec
2612 2677 2895 2750 petiisset,
2927 2681 2984 2731 et
3026 2677 3199 2731 fidem
3233 2676 3304 2730 ab
3335 2691 3402 2729 eo
3434 2674 3773 2744 accepisset,

2133 2786 2375 2842 propere
2407 2768 2653 2825 recurrit
2684 2768 2741 2823 in
2783 2766 3006 2837 regium
3040 2763 3505 2828 tabernaculum,
3539 2767 3603 2817 ut
3633 2763 3775 2818 late-

2132 2863 2238 2926 ret,
2264 2858 2572 2930 diligenter
2596 2855 2921 2927 providens.
2948 2852 3175 2909 Mulieri
3198 2858 3391 2908 autem
3417 2867 3627 2906 nomen
3654 2858 3777 2905 erat

2132 2946 2473 3003 Artaducta.
2501 2945 2790 3001 Artasiras
2814 2957 2975 3015 ergo,
2999 2942 3260 2997 mulieris
3279 2942 3547 2996 nuntium
3573 2940 3771 2995 animo

2133 3037 2386 3109 agitans,
2418 3040 2622 3106 captus
2653 3044 2773 3090 erat
2794 3030 3121 3087 vehementi
3146 3030 3426 3102 regnandi
3453 3028 3769 3084 desiderio:

2132 3133 2185 3183 et
2227 3142 2359 3181 cum
2409 3124 2737 3195 collegisset
2782 3138 2851 3177 cx
2898 3120 3085 3177 Persis
3126 3124 3184 3174 et
3231 3118 3480 3189 Assyriis
3526 3134 3624 3172 eos
3672 3116 3773 3187 qui

2133 3215 2409 3287 gerebant
2451 3211 2851 3284 magistratus,
2891 3209 3125 3281 quibus,
3158 3212 3353 3278 utpote
3385 3205 3770 3271 ﬂdelissnmis,

368 3298 715 3353 πιστοτάτοις
774 3297 1004 3372 έθάρῥει,
1066 3299 1155 3354 καὶ
1233 3282 1486 3356 κατεῖπεν
1545 3298 1599 3354 ἐν
1659 3282 1775 3362 τοῖς
1837 3298 2021 3375 λόγοις

2135 3282 2465 3359 confidebat
2497 3282 2767 3364 maxime,
2819 3303 2875 3353 et
2905 3299 2965 3353 in
3007 3313 3116 3352 sua
3162 3294 3237 3351 ad
3276 3311 3373 3352 eos
3420 3293 3682 3350 oratione
3713 3292 3771 3347 in

366 3394 464 3458 τῆς
516 3388 745 3463 Πάρθων
796 3388 1133 3464 ἀλαζονείας,
1194 3392 1261 3446 τά
1319 3393 1486 3464 ὅμοια
1544 3386 2019 3465 συμϐουλεύοντας

366 3478 455 3533 καὶ
486 3476 681 3540 αὐτοὺς
730 3478 984 3552 εὑρίσκει·
1024 3480 1115 3535 καί
1163 3480 1267 3557 γὰρ
1318 3480 1562 3560 ηθχοντο
1610 3480 1874 3549 κάκεῖνοι,
1921 3487 2023 3551 τῆς

371 3566 465 3638 μὶν
502 3566 778 3641 Παρθικῆς
836 3565 1216 3643 ἀπαλλαγῆναι
1269 3567 1616 3643 τυραννίδος,
1672 3568 1722 3639 έε
1784 3567 2019 3642 αἵματος

368 3651 425 3709 δὶ
480 3653 690 3709 οἰκείου
745 3655 846 3723 τήν
905 3658 1123 3731 Περσῶν
1182 3654 1312 3713 ἰδεῖν
1372 3656 1613 3727 ἐξουσίαν
1672 3656 2019 3730 ἴθυνομένην.

368 3742 715 3820 Ψηφίζονται
743 3747 873 3817 γοῦν
925 3742 1107 3819 ὥσπερ
1152 3751 1252 3814 τῆς
1304 3742 1514 3819 βουλῆς
1564 3745 1832 3820 ἡγεμόνα,
1879 3744 2021 3800 οὕτω

366 3831 593 3887 καὶτῶν
652 3832 896 3905 πράξεων
956 3832 1140 3895 αὐτοῖς
1197 3835 1437 3910 γενέσθαι
1496 3834 1586 3889 τὸν
1644 3835 2019 3910 Ἂρτασείραν.

366 3923 454 3978 καὶ
502 3920 811 3996 πέμπουσιν
862 3921 1124 3999 ἀγγέλους
1176 3925 1311 3999 πρὸς
1362 3918 1717 3995 Ἀρταϐάνην,
1766 3924 2022 3994 έκστῆναι

366 4016 754 4087 παραινοῦντες
820 4019 920 4082 τῆς
992 4012 1270 4089 βασιλείας
1336 4013 1514 4089 χωρὶς
1606 4010 1865 4069 κινδύνων
1930 4014 2021 4069 καὶ

368 4106 476 4157 τῶν
506 4100 695 4158 ἄλλων
727 4102 786 4158 lx
814 4107 911 4158 τοῦ
955 4101 1208 4178 πολέμοῦ
1259 4100 1664 4177 συμϐαινόντων
1710 4108 1911 4162 κακῶν.
1960 4105 2021 4162 Ὀ

370 4188 427 4245 δέ
457 4191 593 4265 πρὸς
623 4191 687 4246 τὸ
747 4189 946 4247 οἰκεῖον
998 4192 1289 4269 ἀνενεγκὼν
1337 4194 1634 4266 μάντευμα,
1676 4193 1765 4248 καὶ
1817 4192 2019 4272 χρύνον

366 4280 465 4349 τήν
526 4278 771 4359 κεφαλὴν
830 4278 1131 4351 έπικλίνας,
1199 4281 1509 4356 ἀπράκτους
1569 4284 1663 4357 μὶν
1729 4281 1857 4344 τοὺς
1915 4284 2021 4337 ἀπ-

368 4366 734 4442 εσταλμένους
790 4366 1075 4443 ὶκπέμπει,
1143 4368 1431 4426 έπαπειλεῖ
1484 4368 1559 4442 δὲ,
1618 4374 1691 4434 ὡς
1751 4370 1795 4427 εἰ
1855 4370 2019 4427 πάλιν

368 4457 617 4512 τοιοῦτόν
677 4478 727 4512 τι
793 4457 1225 4535 ἀπαγγελοῦντες
1281 4458 1614 4529 έλεύσονται,
1696 4459 1787 4515 ἀπ’
1846 4459 2019 4515 αὐτῶν

372 4546 605 4619 πρώτων
650 4546 745 4609 τὰς
783 4553 885 4617 τῆς
946 4543 1153 4620 ὕϐρεως
1212 4550 1445 4622 λήψεται
1503 4545 1677 4612 δίκας.
1727 4550 1904 4619 Ζήκας
1956 4551 2022 4618 ἦν

366 4635 456 4690 καὶ
493 4636 723 4711 Καρίνας
752 4635 935 4699 αὑτοῖς
964 4637 1032 4693 τά
1062 4638 1322 4712 ὀνόματά.

439 4728 510 4784 Γ’.
573 4727 669 4782 Καὶ
723 4727 1152 4803 ὑποστρέψαντες
1206 4728 1647 4805 ἀπαγγέλλουσιν
1701 4730 2019 4806 Ἀρτασείρᾳ

366 4815 458 4871 καὶ
498 4820 618 4879 τοῖς
660 4814 903 4890 λοιποῖς,
957 4817 1057 4874 ὅσα
1087 4819 1114 4875 ὁ
1150 4818 1406 4894 βασιλεὺς
1454 4821 1572 4876 εἶπέ
1617 4839 1675 4875 τε
1718 4821 1804 4876 καὶ
1856 4822 2018 4891 ἠπει-

371 4905 599 4975 Λήσατο.
660 4905 792 4963 Εἶτα
849 4911 1224 4982 συγκροτεῖται
1263 4908 1350 4963 καὶ
1403 4909 1529 4983 παρ’
1597 4909 1872 4983 ἑκατέροις
1917 4908 2020 4965 πό-

368 4994 561 5070 λεμος.
622 4996 754 5071 Πρὶν
808 4998 845 5068 ἤ
904 4996 963 5054 δὶ
1020 4997 1349 5075 συρῥαγῆναι
1406 5004 1597 5056 τοῦτον
1676 5000 2018 5076 Ἀρτασείρας

366 5082 608 5160 πέμψας.
669 5084 787 5163 ἄγει
842 5089 941 5157 τήν
1002 5086 1397 5163 ’Λρταδούκτάν
1464 5090 1601 5166 πρὸς
1658 5090 1869 5161 ἑαυτὸν,
1926 5092 2013 5145 καὶ

365 5174 565 5245 ταύτην
600 5172 651 5230 έν
692 5175 1056 5252 ἴσχυρωτάτῳ
1094 5178 1338 5255 φρουρίῳ
1398 5179 1529 5252 μετὰ
1558 5186 1659 5248 τῆς
1696 5178 1878 5241 οὐσίας
1922 5178 2019 5234 αὖ·

368 5283 464 5318 του
519 5264 699 5335 πάσης
756 5265 1094 5338 καθίστησιν.
1154 5268 1244 5330 Ὠς
1302 5264 1358 5322 δὲ
1416 5267 1493 5330 εἷς
1561 5274 1753 5343 χεῖρας
1804 5273 1912 5324 τῶν
1958 5288 2017 5324 τε

368 5355 591 5428 Ηερσῶν
628 5354 857 5411 καὶτῶν
892 5358 1118 5431 Πάρθων
1168 5356 1223 5411 αἱ
1274 5353 1529 5429 δυνάμεις
1588 5358 1874 5427 ωνῆθὸον,
1922 5357 2014 5412 πί-

372 5462 569 5498 πτουσι
603 5443 699 5515 μὲν
747 5444 1081 5521 έκατέρωθεν
1131 5444 1403 5501 πλεῖστοι·
1455 5442 1729 5519 ἀπέϐλεψε
1776 5444 1833 5502 δὶ
1880 5448 2015 5521 πρὸς

366 5532 457 5586 τὸν
488 5532 834 5608 Ἀρτασείραν
876 5539 911 5604 ἡ
943 5533 1087 5605 νίκη.
1120 5533 1377 5609 Δευτέρας
1425 5533 1483 5591 δὶ
1534 5530 1819 5609 συμϐολῆς
1858 5557 2014 5611 γενο-

370 5618 555 5692 μένης,
619 5620 683 5676 τὸ
742 5623 837 5694 μὶν
899 5623 1164 5695 Παρθικὸν
1218 5626 1296 5697 τῷ
1362 5621 1618 5698 πολεμίῳ
1682 5626 2013 5700 κατακράτος

364 5706 685 5781 ἀνηλίσκετο
714 5709 875 5790 ξίφει,
907 5714 982 5777 εἰς
1015 5715 1198 5791 φυχὴν
1239 5710 1296 5771 δὶ
1344 5712 1432 5769 καὶ
1465 5714 1625 5777 αὐτὸς
1673 5710 2005 5789 Ἀρταϐάνης

2045 4654 2104 4722 D

2129 3392 2386 3447 medium
2408 3389 2744 3445 adduxisset
2762 3386 3101 3441 Parthorum
3123 3382 3535 3453 arrogantiam,
3554 3380 3775 3437 invenit

2126 3497 2223 3537 eos
2253 3494 2484 3552 quoque
2515 3476 2733 3533 similia
2750 3474 3139 3531 consulentes.
3165 3472 3391 3528 Etenim
3426 3471 3509 3527 illi
3541 3487 3772 3541 quoque

2126 3573 2410 3643 optabant
2444 3585 2477 3623 a
2515 3566 2784 3622 Parthica
2823 3564 3059 3636 quidem
3094 3562 3321 3617 liberari
3356 3562 3700 3633 tyrannide:
3737 3577 3769 3614 a

2126 3679 2227 3718 suo
2246 3666 2435 3716 autem
2457 3656 2740 3728 sanguine
2758 3656 2946 3709 videre
2966 3656 3085 3724 regi
3107 3652 3409 3707 Persarum
3430 3652 3766 3721 imperium.

2129 3753 2455 3807 Decernunt
2494 3750 2708 3818 itaque,
2742 3752 2804 3799 ut
2842 3743 3136 3814 quomodo
3183 3741 3433 3808 consilii,
3477 3741 3556 3794 ita
3588 3741 3765 3793 etiam

2126 3855 2321 3895 rerum
2353 3838 2611 3909 ipsarum
2659 3832 3044 3905 gerendarum
3078 3838 3225 3885 esset
3257 3830 3375 3883 dux
3412 3832 3466 3882 et
3501 3827 3770 3899 princeps

2127 3926 2451 3986 Artasiras:
2501 3933 2555 3981 et
2599 3924 2843 3979 mittunt
2881 3919 3118 3976 nuntios
3160 3918 3232 3974 ad
3264 3917 3642 3984 Artabanem,
3675 3932 3772 3971 ro-

2126 4027 2329 4092 gantes
2361 4020 2427 4071 ut
2454 4031 2485 4071 e
2532 4029 2709 4085 regno
2740 4011 3040 4067 excederet
3078 4008 3202 4064 sine
3234 4006 3512 4078 periculo,
3548 4010 3603 4060 et
3642 4005 3772 4059 aliis

2128 4106 2319 4174 malis,
2353 4121 2480 4177 quis
2510 4120 2541 4159 e
2590 4101 2741 4158 bello
2786 4099 3082 4155 eveniunt.
3137 4096 3237 4153 Ille
3285 4099 3479 4151 autem
3531 4109 3663 4149 cum
3698 4094 3766 4147 ad

2127 4214 2295 4255 suam
2317 4193 2730 4249 divinationem
2764 4194 2820 4244 et
2840 4193 3073 4259 tempus
3095 4194 3265 4258 caput
3289 4183 3643 4251 inclinasset,
3673 4198 3770 4238 eos

2128 4286 2361 4360 quidem
2394 4282 2495 4353 qui
2527 4280 2691 4335 missi
2726 4279 2950 4334 fuerant
2981 4275 3224 4331 dimittit
3255 4291 3316 4329 re
3344 4273 3595 4329 infecta:
3630 4288 3766 4342 prte-

2126 4381 2279 4432 terea
2304 4382 2496 4429 autem
2532 4370 2811 4433 minatur,
2836 4367 3013 4438 quod,
3047 4365 3094 4420 si
3127 4363 3241 4419 tale
3262 4363 3400 4435 quid
3431 4362 3693 4418 venerint
3714 4360 3765 4416 ei

2128 4481 2332 4521 rursus
2364 4458 2710 4524 nuntiaturi,
2740 4464 2928 4513 sumet
2953 4457 3207 4527 primum
3244 4469 3442 4524 poenas
3464 4454 3532 4507 de
3562 4467 3763 4508 eorum

2126 4552 2499 4612 contumelia.
2532 4554 2707 4606 Zecas
2736 4553 2793 4603 et
2819 4548 3069 4602 Carenas
3100 4549 3263 4600 erant
3284 4544 3369 4599 eis
3401 4543 3658 4598 nomina.

2202 4734 2297 4791 IIl.
2331 4731 2564 4789 Reversi
2600 4735 2797 4787 autem
2841 4726 3181 4785 renuntiant
3228 4721 3488 4781 Artasiree
3537 4724 3593 4777 et
3632 4718 3767 4775 reli-

2126 4823 2257 4897 quis
2288 4840 2356 4881 ca
2387 4839 2510 4895 quae
2544 4837 2641 4877 rex
2672 4820 2891 4876 dixerat
2921 4823 2980 4875 et
3010 4817 3268 4874 minatus
3301 4815 3510 4871 fuerat.
3548 4809 3766 4867 Deinde

2125 4912 2345 4971 bellum
2398 4913 2469 4968 ab
2518 4910 2636 4967 illis
2684 4912 3075 4980 comparatur.
3122 4906 3473 4975 Priusquam
3524 4915 3656 4957 vero
3705 4898 3763 4953 id

2124 5006 2472 5075 erumperet,
2506 5000 2665 5055 misit
2686 4998 2995 5061 Artasiras,
3030 4995 3130 5068 qui
3155 4993 3228 5049 ad
3248 5009 3311 5049 se
3333 4994 3570 5047 duceret
3600 4992 3766 5043 Arta-

2130 5091 2406 5146 ductam:
2450 5093 2507 5144 et
2545 5104 2669 5144 eam
2716 5088 2773 5141 in
2819 5084 3177 5140 validissimo
3217 5081 3455 5137 collocat
3498 5077 3765 5150 praesidio

2131 5194 2261 5233 cum
2300 5179 2573 5234 omnibus
2606 5177 2726 5232 suis
2760 5174 3154 5229 facultatibus.
3188 5171 3328 5226 Cum
3354 5176 3545 5225 autem
3573 5170 3769 5221 Perea-

2128 5284 2245 5323 rum
2298 5277 2349 5323 et
2411 5267 2753 5321 Parthorum
2806 5267 2984 5334 copiis
3046 5276 3255 5315 manus
3309 5258 3763 5319 conseruissent,

2127 5356 2403 5429 utrinque
2452 5356 2691 5426 quidem
2742 5358 2957 5408 cadunt
3000 5349 3271 5420 plurimi:
3322 5348 3393 5402 ad
3444 5346 3761 5401 Artasiram

2124 5453 2320 5503 autem
2352 5446 2576 5517 aspexit
2620 5443 2877 5498 victoria.
2911 5441 3177 5496 Secundo
3208 5446 3398 5493 autem
3449 5436 3764 5492 commisso

2131 5537 2347 5609 praelia,
2374 5534 2567 5590 Parthi
2600 5535 2827 5603 quidem
2857 5546 2955 5601 per
2974 5532 3091 5583 vim
3116 5530 3188 5584 ab
3212 5528 3406 5584 hostili
3438 5543 3577 5582 ense
3610 5527 3767 5580 fuere

2125 5624 2478 5696 consumpti,
2514 5626 2570 5679 in
2606 5623 2799 5695 fugam
2834 5629 3025 5676 autem
3061 5634 3261 5675 versus
3300 5618 3409 5673 fuit
3440 5618 3566 5689 ipse
3596 5620 3761 5673 Arta-

2129 5716 2331 5774 baues.
2365 5714 2505 5771 Cum
2537 5729 2599 5770 se
2630 5715 2823 5771 autem
2855 5726 3052 5767 rursus
3085 5707 3430 5781 collegisset,
3461 5710 3517 5764 et
3544 5704 3614 5764 ad
3648 5703 3767 5762 bel-
