4042 6222
309 323 430 381 947

1607 322 1890 383 MENSIS
1938 319 2419 381 SEPTEMBER.

3600 325 3727 381 958

304 486 426 540 lum
455 481 770 555 gerendum
806 497 1010 537 rursus
1033 479 1316 552 coegisset
1337 481 1556 552 capias,
1580 481 1777 537 animo
1810 498 1943 536 con-

2084 481 2276 558 χώρει.
2308 474 2622 536 Ἀναλαϐὼν
2672 478 2730 536 δὲ
2778 481 2941 538 πάλιν
2993 483 3204 560 ἑαυτον,
3256 484 3345 538 καὶ
3396 486 3730 559 συναγαγών

306 575 454 629 fidit.
505 573 782 628 Ceterum
834 574 1021 627 totum
1073 586 1294 626 annum
1349 569 1660 641 aliquando
1711 570 1949 640 quidem

307 665 499 722 Persis
557 670 761 721 contra
802 663 1067 730 Parthos,
1120 662 1434 732 aliquando
1481 667 1673 716 autem
1722 661 1952 717 Parthis

308 756 587 811 adversus
621 759 822 810 Persas
854 751 1298 808 ostendentibus
1321 753 1504 806 multa
1527 751 1779 807 audaciae
1812 751 1953 806 faci-

309 862 453 900 nora
483 849 539 900 et
569 842 701 898 belli
735 841 1126 914 experientiae,
1158 857 1289 896 cum
1327 844 1623 912 postremo
1652 842 1956 910 utriusque

309 933 493 1005 partis
526 933 678 988 acies
711 945 887 1001 prope
920 938 1136 993 essent,
1181 931 1348 984 aiunt
1391 931 1707 985 Artasiram
1740 929 1956 984 dixisse

308 1021 589 1078 Artabani
614 1021 755 1090 regi,
791 1035 860 1074 ne
891 1024 1103 1074 temere
1134 1019 1364 1090 faceret,
1398 1024 1454 1074 et
1483 1019 1748 1090 perderet
1778 1034 1956 1089 gene-

315 1129 377 1168 ra
420 1112 725 1166 Persarum
759 1113 815 1165 et
863 1107 1253 1163 Parthorum:
1306 1123 1555 1180 regnum
1598 1107 1754 1163 enim
1805 1106 1956 1164 nolle

312 1201 586 1271 deinceps
621 1214 855 1254 manere
888 1197 1040 1266 apud
1067 1197 1441 1266 Artabanem,
1473 1197 1577 1252 sed
1608 1197 1854 1252 transire
1885 1197 1956 1251 ad

311 1291 651 1345 Artasiram.
686 1288 770 1343 Tu
803 1295 1019 1354 autem,
1071 1286 1281 1356 inquit,
1326 1288 1371 1341 si
1405 1302 1496 1341 me
1536 1287 1766 1354 audias,
1797 1287 1957 1341 vives

311 1381 464 1434 citra
497 1378 678 1433 ullam
716 1376 1065 1431 molestiam.
1117 1376 1276 1432 Dabo
1308 1377 1463 1431 enim
1499 1376 1604 1430 tibi
1638 1376 1956 1446 regionem,

316 1485 444 1539 quae
476 1467 697 1523 affatim
730 1464 1124 1537 suppeditabit
1155 1467 1353 1520 omnia
1381 1482 1508 1537 qua!
1535 1466 1604 1520 ad
1636 1483 1804 1520 usum
1841 1482 1960 1536 per-

317 1559 525 1613 tinent.
561 1557 796 1627 Oportet
844 1561 1038 1611 autem
1089 1572 1204 1610 non
1253 1555 1366 1611 alio
1415 1572 1592 1626 quam
1639 1555 1827 1626 teipso
1875 1555 1956 1610 uti

320 1646 600 1716 magistro
632 1644 757 1714 ejus
790 1644 944 1714 quod
977 1648 1065 1698 est
1086 1642 1244 1712 utile,
1277 1648 1333 1699 et
1367 1644 1709 1699 meminisse
1733 1659 1961 1714 respon-

316 1735 368 1790 si
409 1735 560 1806 quod
599 1733 912 1805 aliquando
959 1734 1175 1804 reginae
1214 1734 1411 1789 dixisti
1455 1733 1514 1789 in
1559 1733 1958 1790 tabernaculo.

320 1824 432 1880 Sed
470 1824 588 1879 haec
620 1823 852 1894 quidem
885 1825 1198 1880 Artasiras.

391 1913 484 1967 IV.
517 1913 838 1968 Artabanes
860 1917 1054 1968 autem
1091 1913 1252 1984 prius
1276 1912 1563 1984 aspiciens
1586 1914 1655 1968 ad
1681 1912 1964 1984 quosdam

318 2018 457 2059 suos
489 2001 838 2058 familiares:
877 2003 1058 2067 Quam
1085 2001 1275 2072 gravis
1299 2020 1390 2058 res
1421 2011 1527 2073 est,
1561 2002 1770 2073 inquit,
1795 2002 1961 2057 femi—

320 2109 411 2147 na.
436 2094 613 2148 Amor
633 2093 887 2163 conjugii
913 2092 1102 2162 potius
1128 2093 1358 2153 laeserit,
1382 2092 1809 2164 quainjuverit.
1835 2092 1963 2145 Haec

318 2197 446 2237 cum
466 2182 899 2251 dixisset,jubet
916 2181 1160 2237 transire
1176 2183 1486 2252 quemdam
1508 2199 1574 2237 ex
1591 2181 1961 2248 satellitibus,

317 2276 375 2327 et
404 2272 732 2328 interficere
765 2272 1049 2342 reginam.
1089 2270 1468 2326 Existimabat
1497 2273 1652 2327 enim
1676 2287 1805 2326 eam
1838 2287 1965 2342 pro-

317 2361 538 2418 didisse
572 2365 878 2416 secretum.
923 2361 1249 2416 Conversus
1289 2366 1479 2417 autem
1516 2362 1588 2416 ad
1623 2361 1961 2426 Artasiram,

318 2452 623 2526 respondit
652 2466 781 2506 esse
813 2451 924 2506 sibi
948 2450 1119 2521 longe
1141 2450 1457 2521 optabilius
1483 2451 1649 2517 mori,
1674 2465 1846 2521 quam
1871 2451 1966 2504 Ar-

321 2544 537 2611 tasiras,
570 2541 672 2612 qui
720 2545 842 2595 erat
890 2556 1113 2606 servus,
1148 2555 1324 2611 regno
1355 2540 1579 2596 cedere.
1623 2538 1755 2602 Quae
1789 2538 1963 2592 simul

324 2638 496 2703 atque
528 2631 791 2696 dixisset,
823 2627 1029 2684 insane
1060 2637 1112 2683 et
1144 2627 1481 2685 bacchantis
1515 2644 1670 2684 more
1701 2627 1875 2683 irruit
1906 2628 1962 2682 in

321 2723 550 2788 Persas,
591 2724 646 2774 et
676 2736 743 2774 ex
791 2717 875 2773 eis
921 2718 1159 2789 quidem
1211 2717 1424 2773 multos
1472 2718 1716 2785 sauciat,
1768 2717 1964 2789 plures

324 2815 517 2865 autem
550 2808 795 2863 occidit:
829 2807 1028 2877 dirigit
1055 2823 1189 2861 vero
1220 2807 1393 2862 etiam
1425 2806 1653 2861 hastam
1686 2806 1965 2860 adversus

320 2897 656 2954 Artasiram.
693 2894 794 2950 Ille
827 2898 1016 2948 autem
1051 2894 1325 2964 (habebat
1355 2895 1510 2950 enim
1546 2909 1757 2948 manus
1785 2895 1965 2963 sagit-

321 2988 483 3041 tandi
519 2985 757 3056 peritas,
790 2987 847 3037 et
877 2999 1007 3052 quae
1030 2981 1137 3036 hac
1165 2983 1221 3036 in
1256 2998 1316 3037 re
1337 2998 1568 3051 semper
1599 2997 1810 3052 magna
1831 2997 1963 3036 cum

320 3076 493 3129 laude
540 3072 943 3139 versabantur)
997 3071 1193 3140 fugam
1230 3071 1466 3140 quidem
1511 3069 1768 3124 simulat.
1820 3069 1963 3124 Dum

320 3179 454 3217 eum
475 3166 667 3216 autem
690 3159 1079 3231 persequitur,
1103 3157 1888 3213 Artabanesimmittitlelum
1905 3159 1963 3214 in

2063 567 2285 642 δύναμιν
2357 570 2432 630 εἰς
2513 572 2574 626 τὸ
2640 571 2923 644 πολεμεῖν,
3018 572 3346 647 ἀνεθάρσησε
3429 573 3522 627 καί
3587 573 3728 628 ὅλον

2063 656 2318 726 ἰνιαυτὸν,
2373 663 2440 733 τῇ
2512 662 2604 733 μὶν
2675 662 2918 735 Ηερσῶν,
2984 666 3063 736 πῇ
3125 659 3183 716 δὲ
3243 664 3468 736 Πάρθων
3535 660 3734 716 πολλά

2063 747 2179 801 κατ’
2211 747 2478 819 ἀλλήλων
2509 745 2634 823 ἔργιι
2683 749 2902 822 τόλμης
2949 771 3006 805 τε
3054 754 3143 805 καί
3194 750 3476 824 ἐμπειρίας
3518 747 3738 805 ἐπιδει-

2064 834 2364 909 κνυμένων,
2395 835 2581 906 ἐπειδὴ
2615 838 2677 893 τὸ
2718 836 3032 893 τελευταῖον
3078 839 3132 893 αἱ
3181 840 3505 914 παρατάξεις
3556 837 3732 913 ἐγγὺς

2067 924 2322 1000 ἐκατέρου
2383 925 2580 1001 μέρους
2639 925 2907 1002 ἐγένοντο⁹
2966 929 3123 1004 φασὶν
3181 929 3532 1003 Ἀρτασείραν
3583 928 3734 1001 πρὸς

2069 1011 2402 1089 Ἀρταϐάνην
2454 1016 2625 1071 εἰπεῖν
2673 1017 2766 1072 τὸν
2830 1017 3081 1091 βασιλέα,
3145 1018 3222 1086 μὴ
3280 1021 3456 1090 μάτην
3512 1023 3734 1084 πονεῖν⁹

2066 1103 2155 1157 καὶ
2198 1103 2431 1181 φθείρειν
2479 1105 2546 1158 τά
2597 1109 2812 1178 Περσῶν
2855 1126 2914 1160 τε
2963 1106 3054 1160 καὶ
3114 1112 3340 1180 Παρθων
3409 1107 3562 1180 γένη·
3629 1107 3733 1175 τήν

2066 1194 2166 1267 γὰρ
2203 1191 2480 1267 βασιλείαν
2527 1193 2626 1248 ούκ
2671 1190 2980 1268 ’Λρταϐάνη
3034 1195 3229 1250 λοιπὸν
3288 1194 3490 1250 ἐθέλειν
3545 1215 3737 1269 παρα-

2073 1284 2275 1354 μένειν,
2338 1280 2466 1337 ἀλλ’
2535 1282 2612 1345 εἷς
2681 1284 3032 1358 Ἀρτασείραν
3107 1279 3473 1358 μεταϐαίνειν.
3532 1285 3610 1339 Σὺ
3677 1285 3740 1339 δὲ

2074 1372 2293 1446 βιώσεις
2322 1371 2568 1442 ἀλύπως,
2607 1373 2673 1441 ἢν
2703 1371 2827 1445 ἐμοὶ
2858 1375 3043 1444 πείθη,
3079 1372 3239 1429 δώσω
3269 1374 3370 1448 γάρ
3405 1395 3488 1429 σοι
3511 1375 3737 1449 χώραν,

2071 1458 2320 1534 δαψιλῶς
2383 1463 2451 1516 τὰ
2516 1463 2650 1536 πρὸς
2703 1463 2803 1532 τὴν
2870 1464 3059 1538 χρείαν
3118 1466 3294 1519 πάντα
3360 1464 3736 1539 παρέχουσαν

2072 1547 2154 1605 δεῖ
2185 1549 2240 1604 δὲ
2281 1551 2358 1622 μὴ
2392 1547 2717 1606 διδάσκαλον
2748 1550 2941 1620 ἄλλον,
2987 1549 3134 1608 ἀλλὰ
3183 1553 3399 1608 σεαυτὸν
3440 1556 3537 1607 τοῦ
3586 1573 3736 1624 συμ-

2071 1637 2329 1716 φέροντος
2360 1641 2649 1709 ποιεῖσθαι,
2680 1640 2771 1694 καὶ
2803 1644 2901 1696 τοῦ
2946 1646 3208 1720 χρησμοῦ
3262 1642 3625 1715 μνημονεύειν
3677 1641 3740 1695 ὃν

2071 1747 2203 1783 ποτε
2246 1729 2380 1782 κατὰ
2428 1729 2528 1798 τὴν
2578 1731 2785 1799 σκηνὴν
2839 1730 3049 1792 ἀνεῖπες
3107 1735 3176 1805 τῇ
3234 1728 3499 1806 βασιλίδι.
3550 1729 3740 1786 Ἀλλὰ

1994 1844 2047 1910 Β
2071 1820 2240 1910 ταῦτα
2264 1817 2367 1910 μὲν
2403 1819 2778 1910 ’.ξρτασείραᾳ

2147 1909 2219 1965 Δ’.
2263 1903 2599 1982 ’Δρταϐάνης
2659 1907 2716 1964 δὲ
2765 1910 2902 1985 πρός
2958 1931 3105 1972 τινας
3161 1916 3271 1967 τῶν
3335 1910 3552 1966 οῗκείων
3589 1913 3742 1984 πρό-

2073 2017 2233 2072 τερον
2257 1993 2590 2072 άποϐλίψας.
2625 2001 2715 2061 Ὠς
2748 1998 3018 2073 γαλεπὸν,
3051 2000 3174 2080 ἔφη,
3209 2002 3369 2076 γυνή,
3400 2002 3487 2056 καί
3519 2001 3580 2056 τὸ
3632 2003 3739 2069 τῆς

2077 2087 2333 2160 συζυγίας
2400 2085 2628 2164 φίλτρον
2695 2087 2924 2163 βλάψειε
3017 2089 3231 2162 μᾶλλον
3299 2090 3335 2158 ἢ
3403 2088 3738 2167 φφελήσειε.

2075 2179 2253 2232 Ταῦτα
2299 2175 2489 2244 εἰπὼν,
2532 2174 2582 2230 ἐν
2626 2177 2760 2252 ὀργῇ
2818 2177 2939 2233 τινὰ
2975 2183 3084 2232 τῶν
3148 2176 3464 2256 δορυφόρων
3520 2176 3742 2233 κελεύει

2077 2259 2335 2319 διαϐάντα
2400 2264 2612 2320 ἀνελεῖν
2664 2269 2762 2336 τήν
2832 2265 3109 2341 βασιλίδαο
3169 2269 3372 2339 ταύτην
3427 2268 3532 2344 γὰρ
3591 2267 3738 2339 ᾧετο

2076 2350 2334 2427 προδότιν
2394 2359 2492 2409 τοῦ
2542 2359 2804 2430 χρησμοῦ
2843 2359 3190 2432 γεγενῆσθαι.
3244 2357 3628 2435 Ἐπιστραφεὶς
3681 2355 3739 2410 δὲ

2076 2442 2212 2517 πρὸς
2270 2443 2640 2518 Ἀρτασείραν,
2691 2447 2866 2499 θανεῖν
2916 2444 3239 2519 ἀπεκρίνατο
3288 2443 3432 2500 πολὺ
3483 2443 3542 2500 ἄν
3589 2444 3740 2517 αὐτῷ

2082 2530 2293 2603 μᾶλλον
2334 2532 2691 2606 αἱρετώτερον
2723 2532 2832 2604 εἴη,
2865 2535 2898 2602 ἤ
2935 2533 3119 2607 δούλῳ
3148 2556 3209 2611 γε
3247 2531 3360 2590 ὄντι
3399 2539 3479 2607 τῷ
3531 2536 3736 2610 Ἀρτα-

2078 2619 2226 2691 σείρᾳ
2282 2628 2380 2690 τῆς
2439 2620 2720 2695 βασιλείας
2780 2630 3205 2698 παραχωρῆσαι.
3275 2624 3375 2681 Καὶ
3445 2619 3557 2696 ἅμα
3613 2629 3740 2685 τεῖς

2081 2706 2271 2785 λόγοις
2337 2711 2470 2765 κατὰ
2525 2715 2738 2786 Περσῶν
2807 2711 3018 2788 ἐφορμᾷ
3094 2708 3452 2788 παράϐακχόν
3519 2734 3572 2767 τι
3641 2713 3736 2766 καὶ

2083 2797 2330 2871 μανικόν.
2373 2802 2470 2854 Καὶ
2524 2798 2772 2862 πολλοὺς
2844 2802 2938 2874 μὶν
3006 2803 3186 2857 αὐτῶν
3263 2803 3573 2877 τιτρώσκει,
3644 2823 3739 2855 κα-

2078 2883 2344 2944 ταϐάλλει
2379 2885 2436 2942 δὲ
2467 2887 2712 2957 πλείους,
2749 2889 2914 2954 ἰθύνει
2952 2888 3009 2945 δὲ
3051 2893 3141 2945 καὶ
3192 2893 3325 2966 πρὸς
3380 2892 3472 2946 τὸν
3536 2895 3741 2965 Ἀρτα-

2080 2977 2256 3052 σείραν
2290 2979 2352 3033 τὸ
2385 2976 2535 3053 δόρυ.
2568 2981 2628 3037 Ὁ
2663 2978 2718 3034 δὲ
2750 2984 2966 3055 (χεῖρας
3007 2981 3111 3056 γὰρ
3161 2982 3283 3059 εἶχε
3327 2980 3562 3052 τοξεύειν
3598 2981 3736 3056 ἀγα.

2082 3068 2196 3137 θὰς,
2236 3068 2327 3122 καὶ
2380 3069 2501 3144 περὶ
2561 3072 2722 3124 τοῦτο
2782 3070 2838 3123 εὗ
2896 3069 3044 3142 μάλα
3101 3069 3410 3147 φιλοτίμως
3479 3069 3560 3124 ἀεὶ
3625 3089 3740 3124 πο·-

2080 3157 2366 3229 νουμένας)
2429 3157 2774 3234 ὑποκρίνεται
2837 3159 2930 3230 μὲν
2999 3161 3097 3227 τήν
3159 3161 3352 3238 φυγὴν,
3411 3159 3614 3232 πέμπει
3679 3157 3738 3214 δὲ

322 3215 525 3325 pectus
548 3215 779 3320 propter
798 3215 1183 3303 mammillam
1214 3250 1343 3318 ejus
1365 3247 1464 3318 qui
1488 3251 1966 3320 persequebatur.

2183 3215 2192 3229 ι
2331 3215 2362 3229 ἰ
2572 3215 2580 3234 ι
2837 3215 2847 3230 ι
3057 3215 3067 3227 '
3170 3215 3181 3238 ι
3244 3215 3255 3236 ι
3291 3215 3300 3228 ι
3339 3215 3351 3228 ι
3485 3215 3494 3232 ι

2084 3243 2415 3319 διωκόμενος
2440 3249 2501 3302 τὸ
2537 3246 2697 3323 βέλος
2725 3248 2862 3304 κατὰ
2889 3249 2956 3303 τὰ
2994 3248 3183 3323 στέρνα
3221 3249 3368 3324 παρᾶ
3415 3250 3507 3304 τὸν
3563 3251 3739 3322 μαζὸν

323 3343 485 3409 Quod
519 3357 676 3406 cum,
703 3340 775 3393 ob
801 3338 950 3394 vires
973 3340 1100 3408 ejus
1129 3338 1224 3408 qui
1253 3340 1442 3394 fuerat
1465 3339 1777 3409 jaculatus,
1805 3340 1976 3394 susti-

326 3431 449 3485 neri
484 3446 598 3484 non
633 3428 935 3498 potuisset,
981 3428 1198 3498 rumpit
1230 3427 1503 3483 Artabani
1540 3428 1836 3484 thoracem
1865 3443 1879 3482 :
1921 3437 1976 3483 et

327 3520 572 3587 trajecto
604 3523 854 3589 pectore,
898 3517 1109 3571 excidit
1140 3534 1168 3572 e
1199 3517 1394 3586 dorso,
1445 3523 1500 3573 et
1548 3523 1730 3573 morte
1777 3518 1972 3573 statim

331 3609 514 3664 afﬁcit
534 3609 911 3663 Artabanem.
937 3607 1065 3661 Mox
1092 3612 1284 3661 autem
1311 3608 1719 3662 convenientes
1743 3607 1893 3662 inter
1914 3623 1977 3662 se

331 3697 525 3752 Parthi
558 3701 614 3752 et
645 3696 849 3760 Persae,
885 3712 1078 3767 regem
1130 3697 1470 3753 renuntiant
1509 3696 1846 3760 Artasiram,
1879 3698 1976 3767 qui

338 3786 686 3842 ostendebat
732 3802 794 3841 se
833 3801 1107 3857 magnam
1159 3802 1358 3842 eorum
1405 3803 1603 3859 gerere
1650 3803 1872 3852 curam,
1925 3792 1980 3843 et

337 3893 453 3931 non
488 3891 719 3946 parvam
751 3891 875 3930 esse
896 3892 1064 3930 suam
1095 3876 1151 3929 in
1183 3892 1283 3931 eos
1310 3875 1757 3931 humanitatem.
1794 3877 1863 3931 Et
1885 3876 1978 3931 ille

337 3965 578 4036 quidem
603 3980 737 4018 cum
762 3964 845 4018 sic
877 3981 936 4019 se
965 3963 1224 4030 haberet,
1251 3966 1626 4020 Artaductam
1652 3964 1814 4020 ducit
1848 3982 1980 4020 uxo-

336 4071 482 4122 rem,
516 4069 688 4123 quam
719 4052 1354 4122 datumjujusrandum
1385 4053 1436 4108 ei
1467 4055 1628 4124 prius
1659 4054 1984 4124 desponde-

336 4147 465 4197 rat:
500 4147 556 4197 et
588 4157 715 4196 eam
740 4140 904 4210 eligit
935 4140 1214 4210 reginam.

409 4231 476 4285 V.
511 4235 732 4286 Cusaro
764 4235 958 4286 autem
1003 4230 1312 4286 Artabanis
1354 4231 1550 4300 frater,
1594 4231 1694 4302 qui
1735 4247 1980 4304 regnum

338 4336 564 4392 magnae
596 4319 897 4375 obtinebat
925 4320 1235 4386 Armeniae,
1283 4337 1416 4376 cum
1469 4321 1844 4377 intellexisset
1890 4337 1978 4390 ea,

338 4428 464 4481 quae
496 4413 830 4475 evenerant,
875 4415 931 4465 et
964 4411 1113 4481 quod
1148 4411 1219 4466 ad
1251 4411 1454 4466 Persas
1487 4412 1594 4467 fuit
1632 4411 1984 4467 translatum

337 4499 686 4554 Parthorum
722 4497 1057 4570 imperium,
1102 4516 1313 4571 magno
1345 4499 1540 4556 dolore
1583 4505 1671 4556 est
1704 4502 1980 4556 affectus:

2080 3341 2176 3390 τοῦ
2218 3332 2536 3406 διώκοντος,
2590 3336 2679 3392 καὶ
2735 3341 2804 3411 τῇ
2847 3337 3007 3412 ῥώμῃ
3057 3342 3154 3393 τοῦ
3207 3337 3468 3413 βαλόντος
3525 3338 3741 3392 ἀνυπό-

2085 3445 2273 3479 στατον
2313 3426 2552 3500 γεγονὸς,
2605 3426 2698 3481 τόν
2749 3448 2807 3482 τε
2857 3425 3076 3502 θώρακα
3123 3427 3347 3502 ῥήγνυσι
3387 3427 3484 3483 τοῦ
3536 3428 3744 3502 Ἀρτα-

2085 3509 2276 3582 ϐάνου,
2318 3514 2407 3568 καὶ
2457 3512 2710 3570 διελάσαν
2757 3515 2822 3569 τὰ
2860 3515 3073 3590 στέρνα,
3122 3521 3231 3571 τῶν
3281 3516 3468 3572 νώτων
3528 3513 3749 3571 διεκπί-

2084 3623 2226 3674 πτει,
2285 3602 2375 3657 καὶ
2434 3604 2622 3680 νεκρὸν
2683 3605 2877 3659 αὐτίκα
2934 3602 3160 3660 δεικνύει
3219 3606 3311 3661 τὸν
3370 3600 3742 3681 ’Δρταϐάνην.

2086 3691 2179 3753 Εἷς
2213 3689 2518 3768 ὁμολογίαν
2579 3689 2634 3747 δὲ
2672 3695 2734 3748 τὸ
2793 3695 3063 3768 Παρθικὸν
3119 3693 3275 3760 εὐθὺς
3323 3694 3412 3750 καὶ
3471 3697 3740 3769 Περσικὸν

2088 3778 2461 3850 συνελθόντες,
2559 3781 2903 3856 Ἀρτασείραν
3007 3784 3390 3858 ἀναγορεύουσι
3487 3781 3741 3858 βασιλέα,

2086 3867 2232 3924 πολὺ
2271 3871 2332 3925 τὸ
2362 3871 2497 3943 πρὸς
2527 3871 2693 3926 αὐτοῦ
2737 3869 3015 3928 δεικνύντα
3057 3871 3417 3946 κηδεμονικὸν
3467 3873 3554 3927 καί
3608 3872 3745 3945 φιλ-

2090 3961 2396 4034 άνθρωπον.
2433 3960 2531 4016 Καὶ
2563 3961 2591 4014 ὁ
2636 3962 2728 4034 μὲν
2775 3961 2946 4024 οὕτως
2996 3960 3141 4040 ἔχων
3189 3964 3289 4032 τὴν
3343 3959 3744 4038 ’Δρταδούκταν

2090 4046 2277 4127 ἄγεται
2336 4055 2582 4126 γυναῖκα,
2641 4049 2708 4121 ἤν
2760 4052 2910 4125 αύτῷ
2973 4054 3062 4108 καὶ
3129 4053 3394 4128 πρότερον
3464 4053 3516 4106 οἱ
3585 4051 3743 4126 ὅρκοι

2087 4143 2557 4217 κατηγγυήσαντο,
2589 4140 2679 4196 καὶ
2716 4139 2967 4217 βασιλίδα
2997 4141 3198 4212 ταύτην
3232 4146 3560 4217 χειροτονεῖ.

2165 4231 2237 4287 Ε’.
2283 4231 2540 4304 Κουσαρὼ
2568 4228 2626 4286 δὲ
2673 4231 2702 4285 ὁ
2751 4228 2987 4307 ἀδελφὸς
3046 4226 3377 4307 Ἀρταϐάνου
3426 4233 3524 4300 τὴν
3586 4231 3748 4304 βασι-

2093 4319 2240 4374 λείαν
2273 4316 2419 4395 ἔχων
2456 4327 2556 4389 τῆς
2602 4318 2850 4396 μεγάλης
2880 4321 3197 4394 Ἀρμενίας,
3238 4321 3303 4376 τὰ
3355 4319 3748 4395 συνενεχθέντα

2094 4409 2298 4483 μαθὼν,
2349 4411 2437 4463 καὶ
2478 4410 2552 4470 ὡς
2598 4412 2632 4479 ἡ
2667 4412 2892 4484 Πάρθων
2937 4409 3087 4485 ἀρχὴ
3147 4409 3432 4482 μετέπεσεν
3478 4409 3554 4473 εἷς
3601 4413 3748 4481 Πέρ-

2094 4520 2210 4567 σας,
2236 4498 2288 4553 ἐν
2321 4497 2534 4573 μεγάλῃ
2584 4497 2731 4573 λύπῃ
2791 4499 2939 4555 ταῦτ’
2999 4499 3260 4554 ἐποιεῖτο·
3318 4499 3409 4554 καὶ
3467 4501 3749 4570 στρατείαν

337 4595 393 4644 et
420 4588 606 4643 valido
639 4592 838 4643 coacto
889 4589 1146 4644 exercitu
1198 4605 1267 4642 ex
1316 4588 1557 4644 Albanis
1592 4594 1648 4645 et
1697 4591 1894 4659 lberis,
1928 4597 1969 4645 e1

2096 4587 2142 4657 ἐξ
2176 4583 2456 4644 Ἀλϐανῶν
2486 4608 2542 4642 τε
2572 4589 2662 4641 καὶ
2688 4585 2942 4663 Ἰϐήρων,
2993 4589 3128 4663 πρὸς
3179 4584 3256 4643 ἔτι
3308 4585 3365 4643 δὲ
3411 4588 3501 4642 καὶ
3549 4585 3748 4656 διαφόο

340 4683 619 4750 ρι’ῑειεεθε.
655 4694 723 4732 ex
755 4676 1001 4742 llunnis,
1035 4683 1154 4732 toto
1187 4695 1338 4732 anno
1371 4679 1730 4749 comparavit
1759 4696 1828 4733 ea
1858 4696 1986 4750 quas

339 4770 407 4821 ad
448 4766 664 4821 bellum
697 4766 1088 4836 pertinebant.
1117 4765 1384 4834 Magnam
1412 4774 1598 4820 autem
1636 4783 1869 4820 manum
1895 4783 1983 4822 se-

339 4873 471 4909 cum
508 4858 754 4921 ducens,
795 4856 1218 4924 expeditionem
1252 4854 1497 4924 suscipit
1529 4859 1731 4909 contra
1762 4853 1984 4922 Persas,

339 4954 391 4999 et
418 4946 607 5014 ipsum
637 4947 979 4998 Artasiram.
1006 4944 1321 5007 Quiautem
1348 4943 1648 4998 Persarum
1675 4944 1983 5014 imperium

340 5051 524 5104 nuper
553 5035 664 5089 sibi
698 5041 1010 5104 usurparat
1031 5033 1340 5098 Artasiras,
1364 5032 1451 5088 vel
1477 5034 1696 5087 invitus
1727 5034 1894 5087 struit
1929 5037 1988 5089 et

339 5123 533 5178 educit
565 5124 746 5178 aciem
781 5124 1062 5176 adversus
1097 5138 1286 5191 regem
1320 5121 1629 5177 Armenia.
1673 5122 1760 5177 Fit
1793 5131 1984 5179 autem

340 5213 399 5267 in
434 5212 629 5282 pra-lio
655 5228 867 5282 magna
897 5212 1080 5266 caades
1105 5213 1439 5267 Persarum.
1473 5213 1638 5282 Fugit
1661 5219 1852 5266 autem
1877 5219 1984 5268 Ar-

343 5301 572 5365 tasiras,
606 5311 659 5357 et
687 5304 881 5356 hostes
905 5302 1283 5372 insequentes
1315 5302 1578 5357 irruunt:
1604 5308 1660 5357 et
1700 5304 1987 5359 Persidem

341 5395 550 5459 tegunt
578 5391 920 5461 corporibus
961 5407 1163 5445 eorum
1209 5391 1310 5462 qui
1353 5391 1889 5448 interﬁciebantur:
1929 5396 1986 5447 et

338 5493 474 5534 cum
507 5478 724 5535 multos
755 5475 1044 5551 cepissent
1089 5480 1369 5552 captivos,
1413 5496 1548 5538 cum
1592 5496 1722 5552 rege
1753 5495 1859 5536 suo
1890 5497 1981 5538 re-

340 5570 521 5626 deunt
549 5568 609 5626 in
638 5568 993 5638 Armeniam,
1018 5569 1273 5627 dexteris
1303 5570 1533 5628 onustis
1563 5570 1795 5643 Opibus.
1817 5572 1982 5627 Anno

338 5667 534 5718 autem
563 5660 828 5734 sequenti
862 5676 1067 5718 rursus
1093 5660 1498 5719 Armeniorum
1528 5660 1649 5732 regi
1669 5660 1727 5717 in
1751 5660 1978 5732 Syriam

2097 4696 2203 4749 ρων
2238 4675 2448 4733 Οὕννων
2513 4675 2738 4752 ἰσχυρὰν
2794 4677 3130 4753 συναγείρας,
3185 4677 3267 4732 ἐπ’
3318 4675 3562 4732 ἐνιαυτὸν
3613 4674 3746 4731 ελον

2095 4765 2158 4818 τα
2188 4769 2285 4818 τοῦ
2316 4764 2564 4837 πολέμου
2596 4764 3027 4835 συνεσκευάζετο·
3067 4765 3288 4836 πολλὴν
3324 4763 3380 4820 δὶ
3411 4771 3572 4843 χεῖρα
3625 4767 3745 4838 μεθ’

2094 4855 2285 4909 ἑαυτοῦ
2343 4853 2514 4929 ἄγων,
2572 4853 2910 4930 ἐκστρατεύει
2967 4857 3101 4910 κατὰ
3157 4857 3378 4929 Ηερσῶν
3433 4855 3522 4909 καὶ
3574 4853 3745 4909 αὐτοῦ

2094 4944 2434 5016 Ἀρτασείρα.
2487 4945 2644 5000 Καὶὸ
2674 4945 2772 5012 τήν
2825 4945 3045 5018 Περσῶν
3100 4942 3379 5018 βασιλείαν
3427 4943 3549 5018 ἄρτι
3587 4963 3748 5016 περι-

2093 5028 2437 5107 ϐεϐλημένος
2468 5035 2842 5108 Ἀρτασείρας,
2894 5033 3411 5108 ἀντιπαρατάσσεται
3462 5033 3553 5087 καὶ
3601 5030 3748 5086 ἄκων

2091 5122 2170 5193 τῷ
2201 5120 2416 5195 βασιλεῖ
2445 5122 2757 5199 Ἀρμενίας.
2807 5121 2912 5179 Καὶ
2962 5122 3167 5198 γίνεται
3218 5123 3353 5178 κατὰ
3399 5124 3499 5192 τήν
3554 5125 3742 5197 μάχην

2093 5210 2268 5274 πολὺς
2309 5215 2407 5267 τοῦ
2461 5215 2726 5287 Περσικοῦ
2784 5212 2969 5288 φόνος.
3030 5215 3224 5289 Φεύγει
3285 5209 3343 5267 δὶ
3399 5212 3487 5267 καὶ
3549 5213 3750 5285 Ἀρτα-

2093 5301 2294 5375 σείρας,
2325 5303 2416 5356 καὶ
2449 5301 2829 5358 ἐπελαύνουσιν
2881 5302 2932 5356 ol
2981 5298 3267 5375 πολέμιοι,
3313 5302 3402 5357 καὶ
3449 5302 3552 5370 τήν
3604 5304 3746 5378 Περ-

2093 5387 2216 5445 σίδα
2271 5397 2372 5466 γῆν
2424 5397 2543 5456 τοῖς
2598 5393 2815 5465 σώμασι
2853 5395 2961 5446 τῶν
3028 5388 3442 5467 ἀναιρουμένων
3496 5409 3742 5446 κατακα-

2095 5477 2382 5553 λύπτουσι,
2431 5481 2524 5536 καὶ
2577 5479 2827 5544 πολλοὺς
2893 5475 3276 5553 δορυαλώτους
3337 5473 3596 5544 λαϐόντε-ς
3651 5481 3744 5536 καὶ

2091 5566 2239 5624 λείαν
2269 5567 2489 5640 πολλὴν
2517 5569 2824 5644 ἐλάσαντες,
2875 5567 2950 5632 είς
2996 5570 3095 5639 τήν
3145 5569 3433 5644 ’Δρμινίαν
3484 5571 3596 5643 ἅμα
3653 5575 3733 5643 τῷ

2092 5657 2310 5733 βασίλεῖ
2357 5662 2437 5734 τῷ
2492 5655 2615 5736 ἰδίῳ
2661 5659 2885 5726 πλούτῳ
2945 5659 3258 5734 βριθούσαις
3317 5656 3515 5733 δεξιαῖς
3567 5659 3729 5715 ἔπαν-
