4106 6200
330 285 448 348 949

1333 280 1519 341 VITA
1564 282 1628 339 S.
1677 278 2043 339 GREGOHII
2090 280 2743 349 lLLUMlNATURlS.

3622 277 3742 337 950

328 448 550 515 ἡκουσι.
589 444 703 499 Τοῦ
744 438 801 496 δὶ
848 436 1239 514 ἐπιγενομένου
1271 437 1515 493 ἐνιαυτοῦ
1562 438 1652 493 καὶ
1696 436 1846 499 αὖθις
1895 442 1976 510 τῷ

2100 440 2322 497 lacisnti
2376 439 2757 505 incursiones,
2802 454 2947 511 gens
3013 441 3437 497 Saracenorum
3479 441 3635 497 venit
3682 442 3740 496 in

330 530 617 607 Ἀρμενίας
652 529 871 605 βασιλεῖ
909 524 1297 602 ωτατρὲχοντι
1335 529 1435 596 τήν
1488 528 1709 601 Συρίαν,
1748 527 1809 581 τὸ
1862 533 1978 582 Σα-

331 624 580 697 ρακηνῶν
657 616 808 682 ἔθνος
884 617 960 679 εἰς
1046 616 1366 692 συμμαχίαν
1442 617 1840 690 προστίθενται,
1889 617 1979 672 καὶ

332 710 669 783 ληϊσάμενος
714 710 814 776 τήν
856 710 1072 781 Περσῶν
1121 726 1179 761 τε
1227 707 1319 761 καὶ
1357 706 1655 781 ’Δσσυρίων
1687 714 1789 779 γῆν
1834 726 1844 738 ·
1888 706 1976 761 καὶ

329 800 399 855 τα
447 796 499 853 ἰν
540 797 679 869 αὐτῇ
726 796 898 850 πάντα
937 794 1259 864 σκυλεύσας,
1304 795 1439 867 μετᾶ
1494 801 1593 864 τῆς
1642 792 1765 864 ἴσης
1824 793 1980 863 νίκης

335 887 411 949 εἷς
474 888 573 957 τήν
621 884 760 941 ίδίαν
813 885 994 960 ἀρχὴν
1049 884 1305 955 ίπανήκει
1375 884 1566 951 πάλιν,
1616 885 1705 940 καὶ
1764 882 1979 943 τούτοις

336 984 452 1040 τοὶς
510 976 894 1050 κατορθώμασι
956 974 1047 1029 καὶ
1102 980 1222 1036 ταῖς
1273 972 1658 1048 ἀνδραγαθίαις
1707 973 1983 1045 θαυμαζό-

340 1089 497 1143 μενος
541 1068 637 1142 μὶν
674 1067 778 1123 ὑπὸ
814 1071 924 1121 τῶν
967 1063 1303 1140 συμμάχων,
1343 1062 1742 1133 καταπλήττων
1769 1060 1826 1118 δὲ
1853 1061 1980 1125 τοὺς

334 1157 665 1230 πολεμίους,
722 1153 811 1211 ἰπὶ
861 1152 989 1210 δέκα
1027 1151 1326 1210 διετὲλεσεν
1373 1148 1490 1223 ἔτη.
1523 1154 1617 1209 Διὸ
1655 1153 1744 1207 καὶ
1790 1153 1817 1207 ὁ
1871 1156 1979 1207 τῶν

338 1248 557 1319 Περσῶν
601 1240 877 1318 βασιλεὺς,
922 1242 1067 1315 λύπη
1114 1242 1209 1314 μὲν
1258 1240 1635 1315 ὰπαρακλήτῳ
1692 1238 1981 1315 ἐχόμενος,

334 1334 541 1407 ἀπορίᾳ
588 1330 645 1387 δὲ
699 1336 797 1387 τοῦ
868 1334 921 1385 τί
987 1328 1047 1385 ἂν
1102 1332 1320 1405 πράξειε
1366 1332 1466 1399 τήν
1542 1330 1722 1399 λύπην
1785 1326 1982 1399 αὔξων,

333 1425 462 1486 τοὺς
505 1424 609 1478 ὑπὸ
641 1427 805 1497 χεῖρα
836 1420 1172 1497 συναγαγὼν,
1215 1418 1607 1495 συμϐουλεύειν
1649 1417 1822 1475 ἐδεῖτο
1866 1424 1985 1481 πῶς

336 1513 398 1570 ἂν
431 1509 808 1569 ἀποδύσωνται
851 1512 944 1585 μὲν
990 1511 1090 1579 τὴν
1140 1507 1382 1583 ἀδοξίαν,
1422 1508 1738 1566 ἀπολίπωσι
1784 1507 1840 1563 δὲ
1886 1506 1984 1561 αύ-

336 1602 466 1666 τοὺς
510 1603 566 1657 αἱ
618 1601 793 1656 κοιναὶ
839 1600 929 1656 καὶ
988 1599 1333 1674 πολύτροποι
1386 1598 1681 1675 συμφοραί.
1746 1598 1847 1654 Καὶ
1904 1601 1985 1668 τῷ

336 1692 564 1768 γνώμην
625 1690 984 1764 εἰσενεγκόντι
1048 1688 1307 1760 τοιαύτην
1379 1690 1478 1757 τήν
1542 1686 1791 1761 δευτὲραν
1852 1686 1987 1759 μετά

342 1777 571 1856 βασιλέα
597 1779 767 1852 τιμήν
796 1778 1011 1848 τίθησιν
1060 1776 1249 1841 ἆθλον.
1283 1778 1450 1835 ’Δνάκ
1501 1774 1559 1832 δὲ
1603 1798 1688 1840 τις
1728 1777 1985 1847 Κουσαρὼ

336 1868 474 1925 κατὰ
532 1867 690 1944 γὲνος
755 1871 837 1939 τῷ
893 1873 993 1937 τῆς
1044 1864 1334 1941 Ἀρμενίας
1404 1866 1623 1941 βασιλεῖ
1670 1866 1985 1940 προσήκων,

342 1959 573 2019 ἀναστὰς
649 1954 711 2013 ἐκ
802 1954 904 2011 τοῦ
977 1953 1274 2032 συλλόγου,
1331 1956 1577 2031 γενναῖόν
1651 1976 1704 2010 τι
1771 1952 1987 2029 δράσειν

346 2049 635 2125 ὑπέσχετο,
669 2046 737 2104 δι’
781 2047 844 2103 οὗ
890 2048 958 2103 τὰ
1007 2046 1305 2122 πράγματά
1360 2067 1418 2102 τε
1457 2047 1595 2123 πρὸς
1647 2048 1709 2101 τὸ
1768 2044 1988 2120 ἄμεινον

340 2140 752 2214 ἀνενεχθήσεται
812 2138 1070 2212 Πέρσαις,
1127 2136 1216 2192 καὶ
1277 2134 1427 2200 δίκας
1498 2135 1628 2199 τοὺς
1712 2136 1991 2198 ἐναντίους

342 2229 740 2305 εἰσπράξονται.

410 2319 477 2382 ς’.
531 2317 634 2375 Καὶ
719 2312 1022 2373 ὑπολαϐὼν
1090 2316 1467 2392 Ἀρτασείρας,
1523 2321 1595 2372 Ἡ
1675 2318 1753 2388 μὴ
1820 2319 1988 2370 ταῦτα

334 2405 801 2483 καταπραξαμένῳ
849 2406 940 2460 καὶ
982 2403 1229 2480 διάδημα
1272 2411 1342 2481 τῇ
1384 2404 1597 2483 κεφαλῇ
1645 2407 1989 2480 παραχρῆμα

337 2496 622 2571 περιθήσω
678 2515 788 2567 σοι,
818 2492 947 2571 ἔφη,
1005 2496 1093 2550 καὶ
1158 2492 1406 2570 δεύτερον
1477 2494 1570 2567 μὶν
1625 2500 1724 2563 τῆς
1772 2496 1989 2566 Περσῶν

338 2582 683 2657 ἀποδείξαιμι
732 2581 1036 2658 βασιλείας,
1088 2581 1363 2658 βασιλείαν
1420 2603 1481 2658 γε
1528 2583 1638 2654 μὴν
1694 2583 1791 2651 τήν
1844 2587 1991 2654 Παρ-

340 2672 499 2740 θικὴν
541 2667 841 2749 ἔγχειρίσω
874 2691 983 2727 σοι.
1015 2671 1079 2729 Ὀ
1132 2668 1191 2725 δὶ
1244 2670 1312 2725 τά
1372 2671 1491 2725 καθ’
1539 2669 1728 2725 ἑαυτὸν
1783 2669 1878 2742 μὲν
1935 2666 1987 2723 ἐν

339 2757 535 2833 ἀδήλῳ
563 2765 774 2824 κεῖσθαι
835 2763 915 2831 τῷ
970 2758 1161 2834 πὲρατι
1210 2757 1312 2838 ἔφη
1350 2778 1362 2793 ⁸
1402 2758 1541 2820 τέως
1579 2778 1642 2833 γε
1685 2758 1793 2831 μὴν
1841 2756 1895 2812 εἶ’
1936 2777 1987 2811 τι

341 2847 408 2919 δὴ
458 2848 549 2904 καὶ
594 2854 707 2904 τῶν
746 2846 1033 2920 ἀδοκήτων
1092 2848 1241 2921 αὐτῷ
1290 2843 1703 2921 ωμόαίη,τοῖς
1762 2845 1991 2902 ὑπολει-

346 2939 717 3015 φθησομὲνοις
752 2942 851 2994 τοῦ
880 2939 1067 3014 γὲνους
1112 2939 1188 3011 μή
1231 2935 1528 3016 ἀχάριστον
1584 2936 1824 3010 γενέσθαι
1894 2936 1985 2991 τὸν

343 3026 687 3102 Ἀρτασείραν
724 3026 904 3098 ἠξίου,
937 3024 1084 3082 ἀλλὰ
1150 3024 1628 3101 διαμνημονεύσας
1690 3025 1784 3098 μὶν
1844 3024 1990 3096 αὐτῷ

340 3122 441 3185 τῆς
485 3115 618 3192 ὑπὲρ
650 3116 812 3172 αὐτοῦ
842 3114 1170 3190 προθυμίας,
1203 3115 1432 3191 χάριτας
1486 3114 1544 3171 δὲ
1580 3116 1798 3179 τούτοις
1857 3115 1989 3188 ὑπὲρ

341 3202 513 3274 αὐτῆς
569 3201 889 3260 ἀποδοῦναι.
951 3206 1133 3261 Ταῦτα
1208 3205 1401 3271 εἰπὼν,
1460 3206 1550 3259 τὸν
1629 3200 1863 3277 ἀδελφόν
1928 3223 1987 3258 τε

342 3295 589 3371 συνεργὸν
648 3290 1094 3370 παραλαμϐύνει,
1134 3296 1221 3350 καὶ
1279 3296 1332 3350 ἰν
1388 3293 1704 3367 αύτομόλου
1735 3296 1985 3368 σχήματι

340 3384 581 3461 γυναιξὶν
642 3385 755 3458 ἅμα
822 3384 913 3440 καὶ
968 3383 1210 3447 παιδίοις
1250 3386 1336 3440 καὶ
1388 3384 1508 3457 ὅλῳ
1551 3382 1689 3457 οἷ’κῳ
1732 3384 1821 3439 καὶ
1872 3388 1988 3445 τοῖς

341 3473 567 3536 οἰκείοις
598 3478 728 3529 πᾶσι
779 3478 857 3546 τῷ
895 3481 995 3544 τῆς
1039 3473 1330 3548 Ἀρμενίας
1376 3478 1700 3552 προσχωρεῖ
1751 3470 1988 3548 βασιλεῖ,

340 3562 431 3619 καὶ
462 3564 521 3623 ὅς
569 3567 639 3636 τῇ
671 3583 731 3618 τε
770 3560 918 3638 ἄλλῃ
951 3563 1148 3625 αὐτοὺς
1190 3560 1517 3641 ὑποδέχεται
1556 3561 1867 3639 φιλοτιμίᾳ,
1897 3560 1989 3616 καὶ

342 3650 539 3724 δεξιῶς
585 3653 652 3709 τὰ
712 3654 948 3727 μάλιστα
1014 3658 1429 3724 κατασπάζεται.
1474 3656 1540 3713 Ol
1592 3652 1649 3709 δὶ
1706 3653 1987 3725 θωπείαις,

342 3742 504 3798 αὐτὸν
571 3741 892 3806 ὑπελθόντες
939 3740 1068 3800 ὅλον
1120 3744 1467 3813 οίκειοῦνται,
1507 3742 1597 3799 καὶ
1652 3741 1805 3798 οὐδὲν
1861 3742 1991 3798 ὕπο-

340 3852 476 3889 πτον
531 3831 617 3887 ἰπ’
655 3831 825 3901 αὐτῆς
886 3834 1037 3906 ἒχειν
1097 3834 1587 3905 παρασκευάζουσι,
1637 3832 1727 3886 καὶ
1770 3830 1991 3905 μάλισθ’

338 3921 422 3977 ὅτι
486 3920 728 3995 γυναιξὶν
785 3922 897 3995 ἅμα
964 3922 1055 3977 καὶ
1104 3927 1222 3985 τοῖς
1307 3920 1595 3999 φιλτάτοις
1660 3921 1796 3989 ἦσαν
1862 3924 1989 3994 παρ’

340 4012 542 4067 ικεῖνον
577 4011 1056 4085 αὐτομολήσαντες
1091 4030 1106 4047 ·
1168 4011 1365 4085 ἀμέλει
1406 4012 1495 4067 καὶ
1548 4012 1717 4084 τιμήν
1764 4012 1792 4065 ὁ
1821 4011 1993 4066 Ἀνάκ

340 4100 590 4175 δευτὲραν
639 4103 743 4171 τήν
818 4101 952 4174 μετὰ
1017 4101 1247 4176 βασιλέα
1306 4096 1599 4174 λαμϐάνει.
1651 4101 1708 4154 Ὀ
1752 4100 1846 4173 μὲν
1895 4099 1987 4156 οὖν

339 4192 557 4269 χειμὼν
589 4188 642 4245 ἔν
683 4189 873 4265 πολλῇ
914 4189 1043 4253 τοὺς
1088 4191 1410 4266 Ἀρμενίους
1452 4188 1737 4246 διανέπαυε
1774 4194 1841 4265 τῇ
1884 4192 1987 4265 ῥᾳ-

343 4281 546 4354 στώνῃ.
585 4282 676 4335 καὶ
706 4280 770 4335 τὸ
802 4273 894 4354 ἔαρ
930 4281 1121 4345 αὐτοῖς
1157 4280 1579 4356 παραπλησίους
1620 4280 1672 4335 ἄν
1721 4284 1790 4353 τῇ
1842 4279 1992 4350 οἷκίᾳ

338 4371 436 4430 τὰς
465 4368 665 4440 ἡδονάς
710 4369 1023 4446 ἐχαρίζετο,
1062 4375 1158 4427 τοῦ
1207 4368 1267 4427 δὶ
1302 4368 1493 4445 θέρους
1533 4372 1561 4425 ὁ
1611 4370 1765 4431 νότος
1813 4370 1991 4424 πνὲων

343 4459 566 4533 θερμὸς,
602 4464 872 4531 μετοικεῖν
904 4459 998 4515 τὸν
1036 4456 1265 4535 βασιλέα
1313 4458 1401 4514 ἰπὶ
1448 4460 1517 4514 τὰ
1557 4456 1791 4534 Ἀραρὰτ
1837 4458 1995 4531 ἀνάγ-

2092 530 2413 586 auxilium:
2440 529 2771 601 praediaque
2794 529 2942 585 actis
2958 530 3027 585 de
3052 530 3290 586 Perside
3319 536 3375 586 et
3405 533 3663 603 Assyria,
3687 536 3746 587 et

2091 621 2317 675 cunctis
2348 637 2477 691 qua:
2517 625 2683 675 erant
2716 619 2775 673 in
2834 619 2916 675 eis
2956 618 3243 691 spoliatis,
3275 637 3374 675 rex
3434 620 3558 689 ipse
3606 637 3741 676 cum

2092 709 2214 780 pari
2249 709 2483 766 victoria
2513 711 2582 765 ad
2609 726 2779 765 suum
2808 725 3053 780 regnum
3079 710 3390 764 revertitur.
3414 709 3514 764 His
3547 715 3741 764 autem

2091 799 2268 855 rebus
2300 800 2529 855 fortiter
2559 806 2613 853 et
2656 798 2926 868 praclare
2966 798 3163 870 gestis,
3198 798 3576 853 admirationi
3607 799 3748 869 qui-

2090 890 2220 944 dem
2244 889 2443 956 sociis,
2474 890 2673 943 terrori
2698 894 2895 943 autem
2920 888 3186 943 hostibus
3208 887 3317 941 fuit
3338 888 3537 943 decem
3558 902 3743 942 annos

2091 980 2421 1047 perpetuos.
2454 976 2843 1042 Quamobrem
2878 992 2972 1031 rex
3006 991 3238 1046 quoque
3270 975 3574 1029 Persarum
3606 991 3739 1028 cum

2092 1063 2499 1120 inconsolabili
2532 1064 2731 1119 dolore
2752 1070 3083 1135 angeretur,
3105 1068 3389 1120 cresceret
3420 1067 3613 1119 autem
3643 1062 3738 1117 doc

2092 1152 2198 1218 lor,
2230 1154 2387 1225 quod
2430 1153 2683 1209 nesciret
2712 1154 2852 1224 quid
2903 1161 3115 1223 ageret,
3147 1153 3218 1208 iis
3249 1153 3609 1225 congregatis
3640 1150 3743 1222 qui

2092 1248 2259 1298 erant
2316 1243 2378 1298 in
2434 1244 2562 1313 ejus
2620 1248 2928 1313 potestate,
2962 1242 3184 1314 rogavit
3242 1252 3302 1297 ut
3349 1242 3743 1309 consulerent,

2091 1332 2366 1404 quoniam
2400 1333 2640 1403 quidem
2692 1332 2864 1389 modo
2898 1340 3129 1404 possent
3188 1337 3522 1405 susceptam
3557 1330 3747 1386 delere

2092 1421 2504 1492 ignominiam,
2537 1426 2834 1477 cessarent
2863 1426 3056 1477 autem
3093 1438 3433 1476 communes
3462 1429 3516 1475 et
3546 1419 3742 1475 multi-

2095 1511 2276 1583 plices
2321 1511 2705 1568 calamitates.
2764 1510 2827 1565 Ei
2877 1516 3070 1566 autem
3105 1512 3205 1582 qui
3266 1511 3439 1566 talem
3500 1510 3747 1565 dixisset

2095 1599 2476 1667 sententiam,
2514 1600 2840 1656 secundum
2876 1605 3005 1671 post
3042 1616 3237 1671 regem
3276 1601 3579 1666 honorem,
3615 1614 3745 1671 pro-

2099 1691 2261 1762 ponit
2285 1691 2344 1745 in
2378 1690 2710 1762 praemium.
2744 1694 2902 1746 Anac
2926 1695 3119 1746 autem
3139 1690 3398 1761 quidem,
3422 1690 3519 1760 qui
3540 1705 3751 1761 genere

2102 1782 2389 1837 attinebat
2420 1781 2491 1835 ad
2526 1781 2769 1836 Cursaro
2803 1797 2999 1852 regem
3031 1781 3335 1847 Armeniae,
3370 1796 3400 1835 e
3430 1784 3579 1834 coetu
3619 1795 3750 1833 sur-

2098 1886 2263 1941 gens,
2307 1870 2604 1942 pollicitus
2635 1878 2721 1925 est
2752 1886 2814 1926 se
2859 1869 3195 1941 praeclarum
3226 1868 3527 1940 quidpiam
3562 1868 3748 1922 tactu-

2098 1975 2251 2029 rum,
2286 1975 2386 2031 per
2412 1960 2567 2031 quod
2611 1964 2669 2015 et
2724 1975 2814 2015 res
2846 1960 3039 2016 Persis
3068 1959 3297 2015 felicius
3345 1956 3744 2026 succederent,

2098 2056 2151 2104 et
2183 2064 2386 2120 panes
2417 2054 2718 2105 sumerent
2747 2049 2818 2104 de
2849 2048 3137 2104 hostibus.

2170 2322 2263 2376 Vl.
2322 2321 2633 2393 Excipiens
2666 2325 2861 2378 autem
2891 2323 3181 2380 Artasiras
3216 2339 3229 2378 :
3264 2326 3504 2393 Revera,
3528 2322 3739 2394 inquit,

2097 2411 2148 2467 si
2181 2411 2303 2466 haec
2334 2412 2559 2477 feceris,
2594 2412 2862 2483 protinus
2894 2412 3195 2484 imponam
3228 2417 3331 2468 tuo
3353 2414 3530 2485 capiti
3555 2414 3748 2470 diade-

2099 2516 2215 2565 ma,
2249 2504 2306 2555 et
2334 2504 2390 2555 te
2429 2500 2679 2555 efficiam
2712 2500 2950 2571 quidem
2988 2502 3315 2556 secundum
3359 2502 3521 2573 regni
3553 2506 3749 2558 Persa-

2099 2604 2253 2655 rum,
2285 2588 2506 2643 tradam
2565 2592 2757 2643 autem
2801 2588 2905 2643 tibi
2947 2604 3185 2660 regnum
3240 2589 3597 2645 Parthicum.
3647 2591 3747 2645 llle

2100 2686 2316 2742 autem,
2348 2677 2502 2748 quod
2536 2678 2605 2731 ad
2667 2692 2729 2733 se
2769 2677 3004 2748 quidem
3035 2678 3262 2747 attinet,
3292 2678 3433 2733 dicit
3464 2678 3749 2735 incertum

2099 2781 2228 2822 esse
2260 2765 2428 2821 finem
2462 2780 2477 2819 :
2513 2764 2559 2820 si
2593 2765 2733 2836 quid
2756 2780 2892 2821 vero
2924 2765 3160 2821 interim
3180 2766 3228 2821 ei
3264 2766 3520 2823 evenerit
3551 2775 3754 2837 praeter

2100 2855 2461 2927 opinionem,
2493 2856 2714 2925 rogavit
2732 2856 3075 2920 Artasiram,
3109 2871 3179 2911 ne
3209 2861 3366 2911 esset
3395 2856 3658 2925 ingratus
3679 2857 3751 2912 iis

2100 2945 2201 3016 qui
2236 2946 2628 3000 remanserint
2686 2961 2753 3000 ex
2801 2960 3011 3017 genere
3045 2960 3059 3000 :
3096 2945 3192 3000 sed
3252 2960 3479 3000 memor
3517 2946 3746 3016 quidem

2100 3038 2257 3089 esset
2286 3035 2417 3103 ejus
2458 3050 2559 3104 pro
2593 3034 2721 3104 ipso
2768 3034 3017 3105 prompti
3053 3038 3111 3088 et
3140 3033 3351 3089 alacris
3382 3034 3564 3089 animi
3597 3051 3609 3089 :
3645 3052 3746 3105 pro

2098 3140 2164 3180 eo
2212 3130 2436 3191 autem,
2486 3124 2569 3179 eis
2610 3124 2849 3179 referret
2879 3123 3119 3195 gratias.
3152 3122 3280 3179 Haec
3311 3140 3443 3179 cum
3477 3124 3744 3190 dixisset,

2018 3187 2069 3256 Ο
2099 3216 2333 3271 fratrem
2372 3187 2623 3270 assumit
2669 3187 3031 3285 adjutorem:
3079 3220 3136 3271 et
3165 3215 3356 3285 specie
3403 3187 3741 3287 transfugae,

2096 3321 2231 3360 cum
2263 3303 2613 3359 mulieribus
2644 3304 2823 3358 simul
2846 3308 2901 3360 et
2930 3304 3278 3370 infantibus,
3311 3307 3367 3359 et
3394 3308 3516 3359 tota
3546 3305 3742 3370 domo,

2096 3392 2486 3463 omnibusque
2506 3392 2865 3459 domesticis,
2888 3392 3106 3446 accedit
3128 3393 3199 3446 ad
3222 3407 3413 3462 regem
3436 3392 3743 3448 Armeniae.

2099 3481 2200 3538 llle
2225 3486 2421 3537 autem
2462 3485 2519 3537 et
2558 3480 2673 3535 alio
2713 3496 2812 3535 eos
2863 3480 3079 3535 honore
3109 3480 3341 3551 accipit,
3382 3484 3439 3535 et
3494 3480 3746 3551 benigne

2096 3571 2414 3627 admodum
2443 3586 2542 3625 eos
2572 3569 2807 3623 salutat.
2844 3568 2927 3623 llli
2963 3574 3185 3636 autem,
3218 3585 3281 3623 se
3314 3568 3611 3623 blanditiis
3633 3570 3747 3638 ipsi

2097 3660 2478 3725 insinuantes,
2510 3674 2644 3715 eum
2682 3658 2935 3713 reddunt
2962 3659 3203 3713 omnino
3233 3658 3344 3712 sibi
3376 3656 3744 3722 familiarem,

2098 3753 2155 3804 et
2185 3748 2466 3814 efficiunt,
2496 3751 2561 3801 ut
2599 3763 2698 3801 eos
2731 3746 2875 3801 nihil
2910 3745 3149 3801 haberet
3178 3751 3501 3815 suspectos,
3533 3750 3590 3799 et
3622 3761 3744 3799 ma-

2096 3838 2251 3893 xime
2282 3837 2432 3908 quod
2493 3835 2671 3891 simul
2721 3852 2851 3890 cum
2903 3836 3205 3901 uxoribus,
3238 3840 3297 3890 et
3340 3834 3411 3888 iis
3447 3851 3573 3905 quae
3606 3838 3747 3888 sunt

2096 3926 2461 3993 charissima,
2504 3928 2571 3979 ad
2607 3924 2773 3978 illum
2829 3925 3303 3995 transfugissent.
3358 3924 3559 3993 Itaque
3588 3924 3745 3977 Anac

2098 4016 2417 4073 secundum
2439 4014 2715 4069 honorem
2741 4022 2861 4085 post
2883 4030 3073 4084 regem
3092 4014 3320 4083 accipit.
3346 4019 3532 4081 Atque
3551 4012 3743 4067 hieme

2097 4106 2332 4176 quidem
2382 4103 2638 4158 Armenii
2688 4104 2747 4157 in
2780 4120 3011 4158 summo
3042 4104 3383 4173 quieverunt
3428 4103 3545 4157 otio
3582 4120 3594 4157 :
3645 4117 3743 4155 ver

2098 4210 2329 4266 quoque
2349 4193 2432 4249 eis
2456 4192 2669 4247 multas
2694 4191 3017 4262 voluptates
3041 4192 3098 4245 in
3124 4208 3229 4246 sua
3253 4192 3437 4262 patria
3460 4191 3747 4263 largieba-

2100 4291 2189 4339 tur
2216 4299 2229 4337 :
2263 4286 2457 4337 testate
2478 4288 2669 4337 autem
2701 4286 2920 4347 auster,
2952 4279 3138 4337 calido
3161 4284 3295 4335 ﬂatu
3328 4281 3583 4353 spirans,
3610 4296 3741 4336 coe-

2098 4374 2183 4444 git
2210 4387 2403 4443 regem
2436 4371 2683 4443 migrare
2702 4372 2758 4427 in
2791 4372 2995 4426 Ararat
3023 4370 3200 4425 simul
3232 4386 3361 4425 cum
3397 4369 3746 4442 magistrati-

2100 4463 2211 4517 bus
2244 4460 2342 4517 ubi
2373 4460 2662 4532 degebant
2688 4464 2969 4532 tanquam
2998 4460 3056 4515 in
3088 4476 3263 4517 verna
3292 4462 3591 4532 temperie.
3628 4460 3746 4515 Rex

338 4552 469 4634 καζε
519 4549 656 4621 μετὰ
711 4552 820 4603 τῶν
892 4547 947 4604 ἂν
1024 4546 1195 4616 τέλει,
1256 4550 1395 4604 ὅπου
1469 4548 1560 4604 καὶ
1626 4547 1763 4603 κατὰ
1837 4548 1987 4621 θὲρος

2102 4551 2196 4607 hic
2227 4565 2468 4607 versans
2500 4550 2839 4607 movebatur
2878 4566 3085 4605 rursus
3118 4552 3397 4607 adversus
3422 4550 3745 4607 Persidem.

340 4632 525 4710 ὥσπερ
554 4634 606 4690 ἂν
654 4635 855 4711 ὶαρινῷ
897 4635 1095 4693 θάλπει
1137 4637 1227 4692 καὶ
1277 4637 1443 4713 ψύχει
1491 4635 1703 4712 διῆγον.
1738 4638 1987 4700 Ἐνταῦθα

2102 4643 2259 4697 Anao
2289 4644 2483 4696 autem
2517 4640 2852 4695 recordatus
2876 4639 3289 4710 jurisjurandi,
3322 4639 3475 4710 quod
3509 4640 3747 4694 dederat

342 4717 636 4799 διατρίϐων
674 4726 703 4779 ὁ
767 4724 1024 4799 βασιλεὺς
1088 4725 1227 4781 κατὰ
1285 4732 1387 4795 τῆς
1442 4723 1709 4800 Ηερσῖδος
1765 4724 1993 4780 ἐκινεῖτο

341 4810 531 4867 πάλιν.
573 4812 636 4870 Ὀ
681 4809 740 4867 δὲ
781 4811 947 4871 ’Λνάκ
1000 4819 1108 4870 τῶν
1172 4834 1231 4869 τε
1286 4817 1383 4869 τοῦ
1432 4813 1754 4887 Ἀρτασείρα
1813 4814 1989 4885 ὅρκων

342 4899 421 4961 εἰς
491 4903 714 4974 μνήμην
765 4901 939 4967 ἐλθὼν
979 4902 1068 4959 καὶ
1134 4907 1214 4975 τῷ
1268 4908 1375 4958 τῶν
1406 4900 1625 4978 δωρεῶν
1670 4902 1991 4980 ἀναφλεγεὶς

339 4983 526 5065 ἔρωτι,
562 4987 999 5063 ΐδιολογίσασθαι
1029 4996 1110 5064 τῷ
1172 4991 1398 5068 βασιλαῖ
1426 4991 1712 5069 Ἀρμενίας
1769 4993 1882 5065 ἅμα
1910 4996 1989 5064 τῷ

336 5075 561 5156 ἀδελφῷ
608 5081 1100 5157 προφασισάμενοι,
1147 5083 1447 5157 ἀναγκαίων
1516 5087 1677 5137 τινῶν
1731 5081 1988 5157 πραγμά-

333 5187 443 5222 των
506 5166 777 5242 πέρι,καὶ
832 5171 991 5242 μόνοι
1057 5171 1195 5245 πρὸς
1263 5171 1427 5244 μόνον
1488 5169 1839 5240 εἰσελθόντες,
1884 5191 1990 5244 μα-

2106 4730 2398 4798 Artasiraa,
2420 4735 2479 4785 et
2500 4729 2785 4785 donorum
2810 4744 3089 4784 accensus
3106 4728 3444 4800 cupiditate,
3472 4744 3531 4784 se
3553 4743 3745 4797 regem

2099 4820 2388 4875 Armenis
2445 4834 2712 4874 seorsum
2744 4817 2891 4874 velle
2929 4817 3146 4889 alioqui
3184 4816 3358 4872 simul
3391 4832 3515 4872 cum
3570 4816 3746 4871 fratre

2099 4913 2415 4980 praetexens
2437 4908 2508 4962 de
2533 4907 2710 4961 rebus
2740 4906 3105 4973 necessariis,
3138 4923 3271 4961 cum
3304 4906 3411 4961 soli
3446 4906 3515 4960 ad
3549 4904 3742 4960 solum

2098 5003 2292 5053 essent
2348 4996 2623 5067 ingressi,
2657 4996 2846 5066 ipsum
2897 4994 3107 5050 tollunt
3138 4996 3208 5050 de
3240 4995 3466 5050 medio:
3503 4998 3560 5048 et
3590 4993 3744 5047 fama

2099 5085 2381 5141 exercitui
2424 5086 2639 5139 caedem
2690 5085 3101 5148 annuntiante,
3144 5083 3240 5138 isti
3288 5086 3743 5137 conscendentes

2096 5191 2300 5245 equos,
2330 5176 2468 5228 totis
2492 5174 2713 5227 viribus
2746 5173 2993 5243 fugiunt.

334 5255 562 5330 γαίραις
590 5256 753 5313 αύτὸν
786 5258 1091 5333 ἀνάιροῦσι,
1139 5261 1228 5315 καὶ
1278 5268 1379 5331 τῆς
1412 5265 1603 5339 φήμης
1641 5265 1719 5317 τῶ
1768 5259 2118 5336 στρατοπέδῳ
2169 5261 2485 5335 μηνυούσης
2531 5261 2623 5315 τὸν
2670 5260 2853 5329 φόνον,
2882 5266 2999 5321 τοῖς
3037 5258 3231 5320 ’ίπποις
3277 5253 3555 5321 ὶπιὸάντες
3596 5258 3747 5313 οὗτοι

340 5343 633 5419 φεύγουσιν
662 5345 986 5423 ἀνακράτος.

412 5434 486 5491 Ζ’.
527 5433 595 5491 Ol
654 5442 785 5513 γοῦν
842 5442 1113 5517 σατράπαι
1159 5444 1260 5506 τῆς
1305 5440 1591 5515 Ἀρμενίας
1649 5439 1849 5517 λόχοις
1905 5441 1997 5497 καὶ

344 5522 618 5600 λοχαγοῖς
684 5532 793 5584 τῶν
850 5526 1103 5603 διεξόδων
1176 5532 1274 5592 τὰς
1336 5528 1563 5593 πλείους
1630 5528 1995 5611 διειληφότες,

348 5611 789 5688 προκαταλαϐεῖν
836 5618 1013 5677 αὐτῶν
1071 5621 1171 5691 τὴν
1218 5620 1396 5697 φυγὴν
1452 5618 1512 5675 lx
1558 5620 1754 5682 παντὸς
1794 5622 1997 5697 τρόπον

2178 5443 2299 5501 Vll.
2334 5445 2589 5517 Satrapm
2627 5451 2821 5500 autem
2863 5441 3151 5499 Armenia
3183 5457 3316 5499 cum
3352 5439 3667 5511 manipulis
3698 5446 3754 5495 et

2110 5533 2371 5591 militum
2396 5533 2736 5591 ductoribus
2750 5531 3036 5605 plurimos
3052 5532 3437 5605 occupassent
3448 5530 3748 5598 transitus,

2109 5623 2168 5679 in
2202 5624 2397 5682 animo
2428 5623 2720 5681 habebant
2767 5621 3041 5680 omnibus
3080 5619 3271 5678 modis
3319 5621 3516 5693 fugam
3548 5633 3749 5676 eorum
