  <div class='ocr_page' id='page_1' title='image "/cluster/home/n/w/nwhite01/storage/ocr_20150623/115/hvd.32044073502262/481.png"; bbox 0 0 4042 6222; ppageno 0'>
   <div class='ocr_carea' id='block_1_1' title="bbox 359 271 3768 345">
    <p class='ocr_par' dir='ltr' id='par_1_1' title="bbox 359 271 3768 345">
     <span class='ocr_line' id='line_1_1' title="bbox 359 271 3768 345; baseline -0.001 -9"><span class='ocrx_word' id='word_1_1' title='bbox 359 275 476 339; x_wconf 74' lang='lat'><strong>95!</strong></span> <span class='ocrx_word' id='word_1_2' title='bbox 1652 274 1936 345; x_wconf 83' lang='lat' dir='ltr'><strong>MBNSIS</strong></span> <span class='ocrx_word' id='word_1_3' title='bbox 1983 271 2289 335; x_wconf 86' lang='lat' dir='ltr'><strong>SEPTEM</strong></span> <span class='ocrx_word' id='word_1_4' title='bbox 2303 271 2475 335; x_wconf 78' lang='lat' dir='ltr'><strong>BER.</strong></span> <span class='ocrx_word' id='word_1_5' title='bbox 3653 272 3768 333; x_wconf 76' lang='lat'><strong>952</strong></span> 
     </span>
    </p>
   </div>
   <div class='ocr_carea' id='block_1_2' title="bbox 363 430 2035 507">
    <p class='ocr_par' dir='ltr' id='par_1_2' title="bbox 363 434 2001 501">
     <span class='ocr_line' id='line_1_2' title="bbox 363 434 2001 501; baseline -0.001 -9"><span class='ocrx_word' id='word_1_6' title='bbox 363 438 699 501; x_wconf 66' lang='lat' dir='ltr'><strong>praevenire.</strong></span> <span class='ocrx_word' id='word_1_7' title='bbox 728 434 1009 500; x_wconf 89' lang='lat' dir='ltr'><strong>Quocirca</strong></span> <span class='ocrx_word' id='word_1_8' title='bbox 1039 450 1141 490; x_wconf 87' lang='lat' dir='ltr'><strong>nec</strong></span> <span class='ocrx_word' id='word_1_9' title='bbox 1167 434 1251 489; x_wconf 91' lang='lat' dir='ltr'><strong>eis</strong></span> <span class='ocrx_word' id='word_1_10' title='bbox 1276 434 1491 490; x_wconf 75' lang='lat' dir='ltr'><strong>frustra</strong></span> <span class='ocrx_word' id='word_1_11' title='bbox 1519 434 1695 489; x_wconf 85' lang='lat' dir='ltr'><strong>cessit</strong></span> <span class='ocrx_word' id='word_1_12' title='bbox 1724 435 2001 491; x_wconf 86' lang='lat' dir='ltr'><strong>studium.</strong></span> 
     </span>
    </p>
   </div>
   <div class='ocr_carea' id='block_1_3' title="bbox 2147 430 3769 507">
    <p class='ocr_par' dir='ltr' id='par_1_3' title="bbox 2156 430 3769 507">
     <span class='ocr_line' id='line_1_3' title="bbox 2156 430 3769 507; baseline -0.001 -21"><span class='ocrx_word' id='word_1_13' title='bbox 2156 437 2423 488; x_wconf 78' lang='grc' dir='ltr'>ιενοοῢντο</span> <span class='ocrx_word' id='word_1_14' title='bbox 2457 454 2470 466; x_wconf 73' lang='grc' dir='ltr'>ο</span> <span class='ocrx_word' id='word_1_15' title='bbox 2505 432 2621 488; x_wconf 78' lang='grc' dir='ltr'>ὅθεν</span> <span class='ocrx_word' id='word_1_16' title='bbox 2656 431 2790 488; x_wconf 73' lang='grc' dir='ltr'>οὐδὲ</span> <span class='ocrx_word' id='word_1_17' title='bbox 2824 430 2901 497; x_wconf 82' lang='grc' dir='ltr'><strong>είς</strong></span> <span class='ocrx_word' id='word_1_18' title='bbox 2952 431 3125 506; x_wconf 80' lang='grc' dir='ltr'>μάτην</span> <span class='ocrx_word' id='word_1_19' title='bbox 3183 431 3368 493; x_wconf 81' lang='grc' dir='ltr'>αὐτοῖς</span> <span class='ocrx_word' id='word_1_20' title='bbox 3420 430 3704 507; x_wconf 69' lang='grc' dir='ltr'>ἐχώρησεν</span> <span class='ocrx_word' id='word_1_21' title='bbox 3738 436 3769 501; x_wconf 74' lang='grc' dir='ltr'><strong>ἡ</strong></span> 
     </span>
    </p>
   </div>
   <div class='ocr_carea' id='block_1_4' title="bbox 360 520 2035 602">
    <p class='ocr_par' dir='ltr' id='par_1_4' title="bbox 360 524 2016 595">
     <span class='ocr_line' id='line_1_4' title="bbox 360 524 2016 595; baseline -0.003 -11"><span class='ocrx_word' id='word_1_22' title='bbox 360 528 511 583; x_wconf 87' lang='lat' dir='ltr'><strong>Cum</strong></span> <span class='ocrx_word' id='word_1_23' title='bbox 543 545 643 584; x_wconf 89' lang='lat' dir='ltr'><strong>eos</strong></span> <span class='ocrx_word' id='word_1_24' title='bbox 674 526 828 582; x_wconf 90' lang='lat' dir='ltr'><strong>enim</strong></span> <span class='ocrx_word' id='word_1_25' title='bbox 864 525 1146 591; x_wconf 73' lang='lat' dir='ltr'><strong>fugientes</strong></span> <span class='ocrx_word' id='word_1_26' title='bbox 1177 524 1235 578; x_wconf 92' lang='lat' dir='ltr'><strong>in</strong></span> <span class='ocrx_word' id='word_1_27' title='bbox 1283 524 1474 580; x_wconf 89' lang='lat' dir='ltr'><strong>medio</strong></span> <span class='ocrx_word' id='word_1_28' title='bbox 1528 524 1781 595; x_wconf 88' lang='lat' dir='ltr'><strong>quodam</strong></span> <span class='ocrx_word' id='word_1_29' title='bbox 1842 528 2016 594; x_wconf 89' lang='lat' dir='ltr'><strong>ponte</strong></span> 
     </span>
    </p>
   </div>
   <div class='ocr_carea' id='block_1_5' title="bbox 2147 520 3778 602">
    <p class='ocr_par' dir='ltr' id='par_1_5' title="bbox 2147 520 3778 602">
     <span class='ocr_line' id='line_1_5' title="bbox 2147 520 3778 602; baseline 0 -27"><span class='ocrx_word' id='word_1_30' title='bbox 2147 520 2362 593; x_wconf 68' lang='grc' dir='ltr'>ιπουδὴ,</span> <span class='ocrx_word' id='word_1_31' title='bbox 2393 521 2545 579; x_wconf 84' lang='grc' dir='ltr'><strong>ἀλλά</strong></span> <span class='ocrx_word' id='word_1_32' title='bbox 2580 524 2877 602; x_wconf 76' lang='grc' dir='ltr'>φεύγοντας</span> <span class='ocrx_word' id='word_1_33' title='bbox 2908 522 3137 587; x_wconf 76' lang='grc' dir='ltr'>τούτους</span> <span class='ocrx_word' id='word_1_34' title='bbox 3172 522 3312 579; x_wconf 75' lang='grc' dir='ltr'>κατὰ</span> <span class='ocrx_word' id='word_1_35' title='bbox 3361 521 3604 599; x_wconf 82' lang='grc' dir='ltr'>γέφυράν</span> <span class='ocrx_word' id='word_1_36' title='bbox 3660 542 3778 576; x_wconf 83' lang='grc' dir='ltr'>τινα</span> 
     </span>
    </p>
   </div>
   <div class='ocr_carea' id='block_1_6' title="bbox 362 606 2035 691">
    <p class='ocr_par' dir='ltr' id='par_1_6' title="bbox 362 613 2013 687">
     <span class='ocr_line' id='line_1_6' title="bbox 362 613 2013 687; baseline -0.002 -16"><span class='ocrx_word' id='word_1_37' title='bbox 362 615 834 687; x_wconf 81' lang='lat' dir='ltr'><strong>intercepissent,</strong></span> <span class='ocrx_word' id='word_1_38' title='bbox 869 615 926 669; x_wconf 92' lang='lat' dir='ltr'><strong>in</strong></span> <span class='ocrx_word' id='word_1_39' title='bbox 954 613 1126 669; x_wconf 85' lang='lat' dir='ltr'><strong>ﬂuvio</strong></span> <span class='ocrx_word' id='word_1_40' title='bbox 1158 613 1616 669; x_wconf 88' lang='lat' dir='ltr'><strong>submerserunt.</strong></span> <span class='ocrx_word' id='word_1_41' title='bbox 1661 613 1881 669; x_wconf 86' lang='lat' dir='ltr'><strong>Etcum</strong></span> <span class='ocrx_word' id='word_1_42' title='bbox 1916 628 2013 667; x_wconf 91' lang='lat' dir='ltr'><strong>re-</strong></span> 
     </span>
    </p>
   </div>
   <div class='ocr_carea' id='block_1_7' title="bbox 2147 606 3777 691">
    <p class='ocr_par' dir='ltr' id='par_1_7' title="bbox 2147 606 3777 691">
     <span class='ocr_line' id='line_1_7' title="bbox 2147 606 3777 691; baseline 0.001 -26"><span class='ocrx_word' id='word_1_43' title='bbox 2147 612 2295 681; x_wconf 80' lang='grc' dir='ltr'>ιὲσην</span> <span class='ocrx_word' id='word_1_44' title='bbox 2327 608 2716 674; x_wconf 80' lang='grc' dir='ltr'>ἀπολαϐόντες.</span> <span class='ocrx_word' id='word_1_45' title='bbox 2753 606 3130 691; x_wconf 77' lang='grc' dir='ltr'>ὑποϐρυχίους</span> <span class='ocrx_word' id='word_1_46' title='bbox 3176 616 3257 683; x_wconf 82' lang='grc' dir='ltr'>τῷ</span> <span class='ocrx_word' id='word_1_47' title='bbox 3297 615 3536 684; x_wconf 76' lang='grc' dir='ltr'>ποταμῷ</span> <span class='ocrx_word' id='word_1_48' title='bbox 3566 606 3777 666; x_wconf 78' lang='grc' dir='ltr'>ἔδοσαν.</span> 
     </span>
    </p>
   </div>
   <div class='ocr_carea' id='block_1_8' title="bbox 367 697 2035 775">
    <p class='ocr_par' dir='ltr' id='par_1_8' title="bbox 367 702 2015 775">
     <span class='ocr_line' id='line_1_8' title="bbox 367 702 2015 775; baseline -0.002 -17"><span class='ocrx_word' id='word_1_49' title='bbox 367 708 525 761; x_wconf 89' lang='lat' dir='ltr'><strong>versi</strong></span> <span class='ocrx_word' id='word_1_50' title='bbox 556 709 750 761; x_wconf 84' lang='lat' dir='ltr'><strong>essent</strong></span> <span class='ocrx_word' id='word_1_51' title='bbox 781 707 1197 775; x_wconf 79' lang='lat' dir='ltr'><strong>persecutores,</strong></span> <span class='ocrx_word' id='word_1_52' title='bbox 1230 702 1416 772; x_wconf 89' lang='lat' dir='ltr'><strong>ipsius</strong></span> <span class='ocrx_word' id='word_1_53' title='bbox 1440 705 1590 757; x_wconf 81' lang='lat' dir='ltr'><strong>Anac</strong></span> <span class='ocrx_word' id='word_1_54' title='bbox 1613 706 1671 756; x_wconf 92' lang='lat' dir='ltr'><strong>et</strong></span> <span class='ocrx_word' id='word_1_55' title='bbox 1702 702 1895 755; x_wconf 82' lang='lat' dir='ltr'><strong>fratris</strong></span> <span class='ocrx_word' id='word_1_56' title='bbox 1926 702 2015 755; x_wconf 87' lang='lat' dir='ltr'><strong>in-</strong></span> 
     </span>
    </p>
   </div>
   <div class='ocr_carea' id='block_1_9' title="bbox 2147 697 3780 775">
    <p class='ocr_par' dir='ltr' id='par_1_9' title="bbox 2147 697 3780 774">
     <span class='ocr_line' id='line_1_9' title="bbox 2147 697 3780 774; baseline -0.002 -19"><span class='ocrx_word' id='word_1_57' title='bbox 2147 699 2228 755; x_wconf 73' lang='grc' dir='ltr'><strong>(ὶα</strong></span> <span class='ocrx_word' id='word_1_58' title='bbox 2303 705 2410 755; x_wconf 84' lang='grc' dir='ltr'><strong>τῶν</strong></span> <span class='ocrx_word' id='word_1_59' title='bbox 2490 697 2800 756; x_wconf 81' lang='grc' dir='ltr'><strong>διωκόντων</strong></span> <span class='ocrx_word' id='word_1_60' title='bbox 2883 700 3337 774; x_wconf 70' lang='grc' dir='ltr'><strong>ὑποστρεψάντων</strong></span> <span class='ocrx_word' id='word_1_61' title='bbox 3406 699 3613 773; x_wconf 85' lang='grc' dir='ltr'>γίνεται</span> <span class='ocrx_word' id='word_1_62' title='bbox 3680 705 3780 767; x_wconf 82' lang='grc' dir='ltr'><strong>τῆς</strong></span> 
     </span>
    </p>
   </div>
   <div class='ocr_carea' id='block_1_10' title="bbox 368 790 2016 863">
    <p class='ocr_par' dir='ltr' id='par_1_10' title="bbox 368 790 2016 863">
     <span class='ocr_line' id='line_1_10' title="bbox 368 790 2016 863; baseline -0.003 -13"><span class='ocrx_word' id='word_1_63' title='bbox 368 796 652 850; x_wconf 82' lang='lat' dir='ltr'><strong>terﬁcitur</strong></span> <span class='ocrx_word' id='word_1_64' title='bbox 683 793 873 849; x_wconf 90' lang='lat' dir='ltr'><strong>omnis</strong></span> <span class='ocrx_word' id='word_1_65' title='bbox 903 792 1217 863; x_wconf 80' lang='lat' dir='ltr'><strong>generatio,</strong></span> <span class='ocrx_word' id='word_1_66' title='bbox 1244 806 1375 846; x_wconf 91' lang='lat' dir='ltr'><strong>cum</strong></span> <span class='ocrx_word' id='word_1_67' title='bbox 1407 807 1580 860; x_wconf 85' lang='lat' dir='ltr'><strong>agens</strong></span> <span class='ocrx_word' id='word_1_68' title='bbox 1610 790 1884 862; x_wconf 83' lang='lat' dir='ltr'><strong>spiritum</strong></span> <span class='ocrx_word' id='word_1_69' title='bbox 1919 807 2016 845; x_wconf 82' lang='lat' dir='ltr'><strong>rex</strong></span> 
     </span>
    </p>
   </div>
   <div class='ocr_carea' id='block_1_11' title="bbox 368 881 2011 950">
    <p class='ocr_par' dir='ltr' id='par_1_11' title="bbox 368 881 2011 950">
     <span class='ocr_line' id='line_1_11' title="bbox 368 881 2011 950; baseline -0.001 -13"><span class='ocrx_word' id='word_1_70' title='bbox 368 882 781 938; x_wconf 83' lang='lat' dir='ltr'><strong>Armeniorum</strong></span> <span class='ocrx_word' id='word_1_71' title='bbox 813 881 921 937; x_wconf 90' lang='lat' dir='ltr'><strong>hoc</strong></span> <span class='ocrx_word' id='word_1_72' title='bbox 970 886 1291 935; x_wconf 89' lang='lat' dir='ltr'><strong>extremum</strong></span> <span class='ocrx_word' id='word_1_73' title='bbox 1340 881 1694 945; x_wconf 82' lang='lat' dir='ltr'><strong>mandasset,</strong></span> <span class='ocrx_word' id='word_1_74' title='bbox 1729 884 1794 934; x_wconf 89' lang='lat' dir='ltr'><strong>ut</strong></span> <span class='ocrx_word' id='word_1_75' title='bbox 1823 895 2011 950; x_wconf 89' lang='lat' dir='ltr'><strong>genus</strong></span> 
     </span>
    </p>
   </div>
   <div class='ocr_carea' id='block_1_12' title="bbox 373 968 2013 1041">
    <p class='ocr_par' dir='ltr' id='par_1_12' title="bbox 373 968 2013 1041">
     <span class='ocr_line' id='line_1_12' title="bbox 373 968 2013 1041; baseline -0.002 -15"><span class='ocrx_word' id='word_1_76' title='bbox 373 987 576 1027; x_wconf 86' lang='lat' dir='ltr'><strong>eorum</strong></span> <span class='ocrx_word' id='word_1_77' title='bbox 610 970 711 1041; x_wconf 90' lang='lat' dir='ltr'><strong>qui</strong></span> <span class='ocrx_word' id='word_1_78' title='bbox 741 970 935 1040; x_wconf 91' lang='lat' dir='ltr'><strong>ipsum</strong></span> <span class='ocrx_word' id='word_1_79' title='bbox 982 968 1399 1024; x_wconf 84' lang='lat' dir='ltr'><strong>interemerant</strong></span> <span class='ocrx_word' id='word_1_80' title='bbox 1439 968 1703 1024; x_wconf 85' lang='lat' dir='ltr'><strong>funditus</strong></span> <span class='ocrx_word' id='word_1_81' title='bbox 1729 968 2013 1023; x_wconf 86' lang='lat' dir='ltr'><strong>interiret.</strong></span> 
     </span>
    </p>
   </div>
   <div class='ocr_carea' id='block_1_13' title="bbox 2123 789 3783 866">
    <p class='ocr_par' dir='ltr' id='par_1_13' title="bbox 2123 789 3783 866">
     <span class='ocr_line' id='line_1_13' title="bbox 2123 789 3783 866; baseline -0.001 -22"><span class='ocrx_word' id='word_1_82' title='bbox 2123 795 2308 866; x_wconf 79' lang='grc' dir='ltr'>γενεᾶς</span> <span class='ocrx_word' id='word_1_83' title='bbox 2368 790 2527 865; x_wconf 89' lang='grc' dir='ltr'>φόνος</span> <span class='ocrx_word' id='word_1_84' title='bbox 2573 790 2811 863; x_wconf 83' lang='grc' dir='ltr'>ἀπάσης,</span> <span class='ocrx_word' id='word_1_85' title='bbox 2852 790 3020 847; x_wconf 81' lang='grc' dir='ltr'>αὐτοῦ</span> <span class='ocrx_word' id='word_1_86' title='bbox 3074 810 3134 846; x_wconf 85' lang='grc' dir='ltr'><strong>τε</strong></span> <span class='ocrx_word' id='word_1_87' title='bbox 3188 794 3288 846; x_wconf 76' lang='grc' dir='ltr'><strong>τοῦ</strong></span> <span class='ocrx_word' id='word_1_88' title='bbox 3316 790 3487 847; x_wconf 82' lang='grc' dir='ltr'>’Λνάκ</span> <span class='ocrx_word' id='word_1_89' title='bbox 3532 789 3628 844; x_wconf 80' lang='grc' dir='ltr'><strong>καὶ</strong></span> <span class='ocrx_word' id='word_1_90' title='bbox 3686 794 3783 843; x_wconf 74' lang='grc' dir='ltr'>τοῦ</span> 
     </span>
    </p>
   </div>
   <div class='ocr_carea' id='block_1_14' title="bbox 2124 877 3785 957">
    <p class='ocr_par' dir='ltr' id='par_1_14' title="bbox 2124 877 3785 957">
     <span class='ocr_line' id='line_1_14' title="bbox 2124 877 3785 957; baseline -0.002 -22"><span class='ocrx_word' id='word_1_91' title='bbox 2124 877 2384 957; x_wconf 78' lang='grc' dir='ltr'>ἀδελφοῦ,</span> <span class='ocrx_word' id='word_1_92' title='bbox 2439 879 2751 936; x_wconf 86' lang='grc' dir='ltr'>τελευταῖον</span> <span class='ocrx_word' id='word_1_93' title='bbox 2801 885 2965 937; x_wconf 81' lang='grc' dir='ltr'>τοῦτο</span> <span class='ocrx_word' id='word_1_94' title='bbox 3013 878 3144 944; x_wconf 81' lang='grc' dir='ltr'>ἔπος</span> <span class='ocrx_word' id='word_1_95' title='bbox 3179 883 3277 935; x_wconf 78' lang='grc' dir='ltr'><strong>τοῦ</strong></span> <span class='ocrx_word' id='word_1_96' title='bbox 3320 879 3623 955; x_wconf 73' lang='grc' dir='ltr'><strong>Ἀρμενίων</strong></span> <span class='ocrx_word' id='word_1_97' title='bbox 3686 879 3785 954; x_wconf 68' lang='grc' dir='ltr'>βαι</span> 
     </span>
    </p>
   </div>
   <div class='ocr_carea' id='block_1_15' title="bbox 2125 967 3785 1045">
    <p class='ocr_par' dir='ltr' id='par_1_15' title="bbox 2125 967 3785 1045">
     <span class='ocr_line' id='line_1_15' title="bbox 2125 967 3785 1045; baseline -0.001 -22"><span class='ocrx_word' id='word_1_98' title='bbox 2125 967 2324 1030; x_wconf 77' lang='grc' dir='ltr'>σιλὲως</span> <span class='ocrx_word' id='word_1_99' title='bbox 2371 969 2423 1023; x_wconf 92' lang='grc' dir='ltr'><strong>ἐν</strong></span> <span class='ocrx_word' id='word_1_100' title='bbox 2467 968 2727 1045; x_wconf 79' lang='grc' dir='ltr'>ἐσχάταις</span> <span class='ocrx_word' id='word_1_101' title='bbox 2777 974 2969 1031; x_wconf 82' lang='grc' dir='ltr'>πνοαῖς</span> <span class='ocrx_word' id='word_1_102' title='bbox 3028 967 3453 1042; x_wconf 66' lang='grc' dir='ltr'><strong>ἐπισκήψαντος,</strong></span> <span class='ocrx_word' id='word_1_103' title='bbox 3497 968 3600 1036; x_wconf 76' lang='grc' dir='ltr'>τὴν</span> <span class='ocrx_word' id='word_1_104' title='bbox 3641 988 3785 1021; x_wconf 84' lang='grc' dir='ltr'>παν-</span> 
     </span>
    </p>
   </div>
   <div class='ocr_carea' id='block_1_16' title="bbox 374 1055 2035 1133">
    <p class='ocr_par' dir='ltr' id='par_1_16' title="bbox 374 1055 2018 1129">
     <span class='ocr_line' id='line_1_16' title="bbox 374 1055 2018 1129; baseline -0.002 -14"><span class='ocrx_word' id='word_1_105' title='bbox 374 1060 446 1115; x_wconf 89' lang='lat' dir='ltr'><strong>Et</strong></span> <span class='ocrx_word' id='word_1_106' title='bbox 474 1058 555 1115; x_wconf 88' lang='lat' dir='ltr'><strong>sic</strong></span> <span class='ocrx_word' id='word_1_107' title='bbox 598 1058 829 1129; x_wconf 91' lang='lat' dir='ltr'><strong>quidem</strong></span> <span class='ocrx_word' id='word_1_108' title='bbox 868 1058 1160 1128; x_wconf 88' lang='lat' dir='ltr'><strong>perierunt</strong></span> <span class='ocrx_word' id='word_1_109' title='bbox 1188 1072 1413 1123; x_wconf 88' lang='lat' dir='ltr'><strong>omnes,</strong></span> <span class='ocrx_word' id='word_1_110' title='bbox 1446 1063 1655 1129; x_wconf 87' lang='lat' dir='ltr'><strong>praeter</strong></span> <span class='ocrx_word' id='word_1_111' title='bbox 1683 1057 1831 1113; x_wconf 89' lang='lat' dir='ltr'><strong>duos</strong></span> <span class='ocrx_word' id='word_1_112' title='bbox 1863 1055 2018 1111; x_wconf 82' lang='lat' dir='ltr'><strong>filios</strong></span> 
     </span>
    </p>
   </div>
   <div class='ocr_carea' id='block_1_17' title="bbox 2147 1055 3787 1133">
    <p class='ocr_par' dir='ltr' id='par_1_17' title="bbox 2147 1056 3787 1133">
     <span class='ocr_line' id='line_1_17' title="bbox 2147 1056 3787 1133; baseline -0.001 -21"><span class='ocrx_word' id='word_1_113' title='bbox 2147 1058 2261 1127; x_wconf 79' lang='grc' dir='ltr'><strong>τελῆ</strong></span> <span class='ocrx_word' id='word_1_114' title='bbox 2287 1062 2385 1113; x_wconf 82' lang='grc' dir='ltr'>τοῦ</span> <span class='ocrx_word' id='word_1_115' title='bbox 2415 1059 2609 1133; x_wconf 80' lang='grc' dir='ltr'>γένους</span> <span class='ocrx_word' id='word_1_116' title='bbox 2636 1064 2744 1114; x_wconf 90' lang='grc' dir='ltr'><strong>τῶν</strong></span> <span class='ocrx_word' id='word_1_117' title='bbox 2781 1057 3084 1114; x_wconf 76' lang='grc' dir='ltr'>ἀνελόντων</span> <span class='ocrx_word' id='word_1_118' title='bbox 3131 1056 3433 1114; x_wconf 87' lang='grc' dir='ltr'>ἀπώλειαν.</span> <span class='ocrx_word' id='word_1_119' title='bbox 3469 1057 3572 1113; x_wconf 80' lang='grc' dir='ltr'><strong>Καὶ</strong></span> <span class='ocrx_word' id='word_1_120' title='bbox 3633 1056 3787 1111; x_wconf 68' lang='grc' dir='ltr'>οὕτω</span> 
     </span>
    </p>
   </div>
   <div class='ocr_carea' id='block_1_18' title="bbox 375 1144 2035 1219">
    <p class='ocr_par' dir='ltr' id='par_1_18' title="bbox 375 1144 2018 1217">
     <span class='ocr_line' id='line_1_18' title="bbox 375 1144 2018 1217; baseline -0.004 -13"><span class='ocrx_word' id='word_1_121' title='bbox 375 1152 534 1204; x_wconf 87' lang='lat' dir='ltr'><strong>Anac</strong></span> <span class='ocrx_word' id='word_1_122' title='bbox 565 1162 779 1217; x_wconf 85' lang='lat' dir='ltr'><strong>eosque</strong></span> <span class='ocrx_word' id='word_1_123' title='bbox 814 1144 977 1200; x_wconf 86' lang='lat' dir='ltr'><strong>valde</strong></span> <span class='ocrx_word' id='word_1_124' title='bbox 1000 1146 1269 1215; x_wconf 86' lang='lat' dir='ltr'><strong>infantes,</strong></span> <span class='ocrx_word' id='word_1_125' title='bbox 1300 1151 1358 1200; x_wconf 90' lang='lat' dir='ltr'><strong>et</strong></span> <span class='ocrx_word' id='word_1_126' title='bbox 1386 1146 1484 1216; x_wconf 89' lang='lat' dir='ltr'><strong>qui</strong></span> <span class='ocrx_word' id='word_1_127' title='bbox 1515 1149 1681 1200; x_wconf 90' lang='lat' dir='ltr'><strong>erant</strong></span> <span class='ocrx_word' id='word_1_128' title='bbox 1705 1144 1897 1200; x_wconf 84' lang='lat' dir='ltr'><strong>adhuc</strong></span> <span class='ocrx_word' id='word_1_129' title='bbox 1928 1145 2018 1198; x_wconf 86' lang='lat' dir='ltr'><strong>in-</strong></span> 
     </span>
    </p>
   </div>
   <div class='ocr_carea' id='block_1_19' title="bbox 2147 1144 3788 1219">
    <p class='ocr_par' dir='ltr' id='par_1_19' title="bbox 2147 1144 3788 1219">
     <span class='ocr_line' id='line_1_19' title="bbox 2147 1144 3788 1219; baseline 0 -18"><span class='ocrx_word' id='word_1_130' title='bbox 2147 1147 2224 1201; x_wconf 75' lang='grc' dir='ltr'><strong>ιέν</strong></span> <span class='ocrx_word' id='word_1_131' title='bbox 2274 1144 2566 1203; x_wconf 86' lang='grc' dir='ltr'>ἀπώλοντο</span> <span class='ocrx_word' id='word_1_132' title='bbox 2615 1149 2833 1219; x_wconf 77' lang='grc' dir='ltr'>πάντες,</span> <span class='ocrx_word' id='word_1_133' title='bbox 2892 1145 3041 1215; x_wconf 73' lang='grc' dir='ltr'>πλὴν</span> <span class='ocrx_word' id='word_1_134' title='bbox 3105 1145 3201 1202; x_wconf 76' lang='grc' dir='ltr'>δύο</span> <span class='ocrx_word' id='word_1_135' title='bbox 3240 1152 3401 1202; x_wconf 87' lang='grc' dir='ltr'>τινῶν</span> <span class='ocrx_word' id='word_1_136' title='bbox 3442 1149 3539 1201; x_wconf 80' lang='grc' dir='ltr'>τοῦ</span> <span class='ocrx_word' id='word_1_137' title='bbox 3611 1146 3788 1201; x_wconf 62' lang='grc' dir='ltr'>Ἀνὰιι</span> 
     </span>
    </p>
   </div>
   <div class='ocr_carea' id='block_1_20' title="bbox 374 1233 2035 1311">
    <p class='ocr_par' dir='ltr' id='par_1_20' title="bbox 374 1234 2021 1303">
     <span class='ocr_line' id='line_1_20' title="bbox 374 1234 2021 1303; baseline -0.001 -10"><span class='ocrx_word' id='word_1_138' title='bbox 374 1237 558 1294; x_wconf 88' lang='lat' dir='ltr'><strong>voluti</strong></span> <span class='ocrx_word' id='word_1_139' title='bbox 597 1236 811 1303; x_wconf 79' lang='lat' dir='ltr'><strong>fasciis,</strong></span> <span class='ocrx_word' id='word_1_140' title='bbox 844 1241 901 1291; x_wconf 91' lang='lat' dir='ltr'><strong>et</strong></span> <span class='ocrx_word' id='word_1_141' title='bbox 938 1234 1250 1293; x_wconf 87' lang='lat' dir='ltr'><strong>lactabant.</strong></span> <span class='ocrx_word' id='word_1_142' title='bbox 1303 1237 1457 1302; x_wconf 87' lang='lat' dir='ltr'><strong>Quos</strong></span> <span class='ocrx_word' id='word_1_143' title='bbox 1503 1253 1634 1291; x_wconf 91' lang='lat' dir='ltr'><strong>cum</strong></span> <span class='ocrx_word' id='word_1_144' title='bbox 1688 1236 2021 1292; x_wconf 88' lang='lat' dir='ltr'><strong>seduxisset</strong></span> 
     </span>
    </p>
   </div>
   <div class='ocr_carea' id='block_1_21' title="bbox 2147 1233 3787 1311">
    <p class='ocr_par' dir='ltr' id='par_1_21' title="bbox 2147 1233 3787 1311">
     <span class='ocr_line' id='line_1_21' title="bbox 2147 1233 3787 1311; baseline -0.001 -21"><span class='ocrx_word' id='word_1_145' title='bbox 2147 1233 2361 1303; x_wconf 66' lang='grc' dir='ltr'>παίδων,</span> <span class='ocrx_word' id='word_1_146' title='bbox 2390 1236 2482 1291; x_wconf 86' lang='grc' dir='ltr'><strong>καὶ</strong></span> <span class='ocrx_word' id='word_1_147' title='bbox 2534 1237 2743 1292; x_wconf 79' lang='grc' dir='ltr'>τούτων</span> <span class='ocrx_word' id='word_1_148' title='bbox 2790 1234 2998 1311; x_wconf 81' lang='grc' dir='ltr'>κομιδῇ</span> <span class='ocrx_word' id='word_1_149' title='bbox 3044 1235 3255 1305; x_wconf 80' lang='grc' dir='ltr'>νηπίων</span> <span class='ocrx_word' id='word_1_150' title='bbox 3308 1236 3397 1290; x_wconf 76' lang='grc' dir='ltr'><strong>καὶ</strong></span> <span class='ocrx_word' id='word_1_151' title='bbox 3440 1233 3495 1289; x_wconf 76' lang='grc' dir='ltr'><strong>ἐν</strong></span> <span class='ocrx_word' id='word_1_152' title='bbox 3535 1238 3787 1310; x_wconf 76' lang='grc' dir='ltr'>σπαργά-</span> 
     </span>
    </p>
   </div>
   <div class='ocr_carea' id='block_1_22' title="bbox 376 1319 2035 1401">
    <p class='ocr_par' dir='ltr' id='par_1_22' title="bbox 376 1327 2018 1401">
     <span class='ocr_line' id='line_1_22' title="bbox 376 1327 2018 1401; baseline -0.002 -17"><span class='ocrx_word' id='word_1_153' title='bbox 376 1329 618 1401; x_wconf 90' lang='lat' dir='ltr'><strong>quidam</strong></span> <span class='ocrx_word' id='word_1_154' title='bbox 644 1345 711 1384; x_wconf 88' lang='lat' dir='ltr'><strong>ex</strong></span> <span class='ocrx_word' id='word_1_155' title='bbox 734 1330 803 1383; x_wconf 92' lang='lat' dir='ltr'><strong>iis</strong></span> <span class='ocrx_word' id='word_1_156' title='bbox 827 1327 927 1399; x_wconf 89' lang='lat' dir='ltr'><strong>qui</strong></span> <span class='ocrx_word' id='word_1_157' title='bbox 948 1328 1018 1381; x_wconf 92' lang='lat' dir='ltr'><strong>ad</strong></span> <span class='ocrx_word' id='word_1_158' title='bbox 1043 1344 1175 1383; x_wconf 91' lang='lat' dir='ltr'><strong>eum</strong></span> <span class='ocrx_word' id='word_1_159' title='bbox 1199 1328 1743 1396; x_wconf 86' lang='lat' dir='ltr'><strong>attinebant,unum</strong></span> <span class='ocrx_word' id='word_1_160' title='bbox 1778 1329 2018 1399; x_wconf 90' lang='lat' dir='ltr'><strong>quidem</strong></span> 
     </span>
    </p>
   </div>
   <div class='ocr_carea' id='block_1_23' title="bbox 2147 1319 3789 1401">
    <p class='ocr_par' dir='ltr' id='par_1_23' title="bbox 2147 1319 3789 1401">
     <span class='ocr_line' id='line_1_23' title="bbox 2147 1319 3789 1401; baseline -0.001 -22"><span class='ocrx_word' id='word_1_161' title='bbox 2147 1345 2237 1387; x_wconf 72' lang='grc' dir='ltr'>νοις</span> <span class='ocrx_word' id='word_1_162' title='bbox 2286 1319 2364 1379; x_wconf 82' lang='grc' dir='ltr'><strong>ἔτι</strong></span> <span class='ocrx_word' id='word_1_163' title='bbox 2411 1324 2502 1379; x_wconf 84' lang='grc' dir='ltr'><strong>καὶ</strong></span> <span class='ocrx_word' id='word_1_164' title='bbox 2558 1325 2783 1401; x_wconf 77' lang='grc' dir='ltr'>γαλαξιν</span> <span class='ocrx_word' id='word_1_165' title='bbox 2839 1322 3028 1395; x_wconf 77' lang='grc' dir='ltr'>ὄντων,</span> <span class='ocrx_word' id='word_1_166' title='bbox 3077 1322 3171 1387; x_wconf 74' lang='grc' dir='ltr'><strong>οὓς</strong></span> <span class='ocrx_word' id='word_1_167' title='bbox 3226 1328 3335 1380; x_wconf 89' lang='grc' dir='ltr'><strong>τῶν</strong></span> <span class='ocrx_word' id='word_1_168' title='bbox 3389 1324 3789 1399; x_wconf 72' lang='grc' dir='ltr'>προσηκόντων</span> 
     </span>
    </p>
   </div>
   <div class='ocr_carea' id='block_1_24' title="bbox 376 1411 2035 1490">
    <p class='ocr_par' dir='ltr' id='par_1_24' title="bbox 376 1416 2022 1489">
     <span class='ocr_line' id='line_1_24' title="bbox 376 1416 2022 1489; baseline -0.001 -15"><span class='ocrx_word' id='word_1_169' title='bbox 376 1418 648 1489; x_wconf 88' lang='lat' dir='ltr'><strong>deposuit</strong></span> <span class='ocrx_word' id='word_1_170' title='bbox 678 1417 737 1472; x_wconf 93' lang='lat' dir='ltr'><strong>in</strong></span> <span class='ocrx_word' id='word_1_171' title='bbox 764 1416 1023 1487; x_wconf 88' lang='lat' dir='ltr'><strong>partibus</strong></span> <span class='ocrx_word' id='word_1_172' title='bbox 1044 1416 1318 1485; x_wconf 88' lang='lat' dir='ltr'><strong>Persidis,</strong></span> <span class='ocrx_word' id='word_1_173' title='bbox 1342 1420 1590 1473; x_wconf 88' lang='lat' dir='ltr'><strong>alterum</strong></span> <span class='ocrx_word' id='word_1_174' title='bbox 1614 1424 1808 1472; x_wconf 90' lang='lat' dir='ltr'><strong>autem</strong></span> <span class='ocrx_word' id='word_1_175' title='bbox 1834 1417 1891 1471; x_wconf 89' lang='lat' dir='ltr'><strong>in</strong></span> <span class='ocrx_word' id='word_1_176' title='bbox 1914 1417 2022 1472; x_wconf 84' lang='lat' dir='ltr'><strong>Ro-</strong></span> 
     </span>
    </p>
   </div>
   <div class='ocr_carea' id='block_1_25' title="bbox 2147 1411 3793 1490">
    <p class='ocr_par' dir='ltr' id='par_1_25' title="bbox 2147 1411 3793 1490">
     <span class='ocr_line' id='line_1_25' title="bbox 2147 1411 3793 1490; baseline 0.001 -23"><span class='ocrx_word' id='word_1_177' title='bbox 2147 1434 2208 1475; x_wconf 79' lang='grc' dir='ltr'>τις</span> <span class='ocrx_word' id='word_1_178' title='bbox 2258 1411 2620 1490; x_wconf 73' lang='grc' dir='ltr'>ὑφελόμενος,</span> <span class='ocrx_word' id='word_1_179' title='bbox 2655 1416 2746 1469; x_wconf 84' lang='grc' dir='ltr'>τὸν</span> <span class='ocrx_word' id='word_1_180' title='bbox 2796 1416 2889 1486; x_wconf 78' lang='grc' dir='ltr'>μὶν</span> <span class='ocrx_word' id='word_1_181' title='bbox 2932 1415 2985 1469; x_wconf 89' lang='grc' dir='ltr'><strong>ἐν</strong></span> <span class='ocrx_word' id='word_1_182' title='bbox 3041 1420 3158 1477; x_wconf 92' lang='grc' dir='ltr'>τοῖς</span> <span class='ocrx_word' id='word_1_183' title='bbox 3211 1421 3315 1483; x_wconf 81' lang='grc' dir='ltr'><strong>τῆς</strong></span> <span class='ocrx_word' id='word_1_184' title='bbox 3368 1412 3635 1484; x_wconf 83' lang='grc' dir='ltr'>Περσίδος</span> <span class='ocrx_word' id='word_1_185' title='bbox 3685 1416 3793 1487; x_wconf 81' lang='grc' dir='ltr'>μέ-</span> 
     </span>
    </p>
   </div>
   <div class='ocr_carea' id='block_1_26' title="bbox 377 1502 2035 1579">
    <p class='ocr_par' dir='ltr' id='par_1_26' title="bbox 377 1505 2022 1577">
     <span class='ocr_line' id='line_1_26' title="bbox 377 1505 2022 1577; baseline -0.001 -14"><span class='ocrx_word' id='word_1_186' title='bbox 377 1524 551 1563; x_wconf 88' lang='lat' dir='ltr'><strong>mana</strong></span> <span class='ocrx_word' id='word_1_187' title='bbox 580 1507 817 1561; x_wconf 90' lang='lat' dir='ltr'><strong>ditione.</strong></span> <span class='ocrx_word' id='word_1_188' title='bbox 856 1507 908 1560; x_wconf 90' lang='lat' dir='ltr'><strong>ls</strong></span> <span class='ocrx_word' id='word_1_189' title='bbox 932 1506 1033 1560; x_wconf 84' lang='lat' dir='ltr'><strong>fuit</strong></span> <span class='ocrx_word' id='word_1_190' title='bbox 1067 1505 1396 1577; x_wconf 85' lang='lat' dir='ltr'><strong>Gregorius,</strong></span> <span class='ocrx_word' id='word_1_191' title='bbox 1420 1507 1590 1577; x_wconf 87' lang='lat' dir='ltr'><strong>cujus</strong></span> <span class='ocrx_word' id='word_1_192' title='bbox 1622 1506 1895 1575; x_wconf 70' lang='lat' dir='ltr'><strong>praeclara</strong></span> <span class='ocrx_word' id='word_1_193' title='bbox 1918 1522 2022 1577; x_wconf 92' lang='lat' dir='ltr'><strong>pro</strong></span> 
     </span>
    </p>
   </div>
   <div class='ocr_carea' id='block_1_27' title="bbox 2147 1502 3791 1579">
    <p class='ocr_par' dir='ltr' id='par_1_27' title="bbox 2147 1502 3791 1579">
     <span class='ocr_line' id='line_1_27' title="bbox 2147 1502 3791 1579; baseline 0.002 -22"><span class='ocrx_word' id='word_1_194' title='bbox 2147 1524 2268 1570; x_wconf 87' lang='grc' dir='ltr'>›εσι,</span> <span class='ocrx_word' id='word_1_195' title='bbox 2303 1505 2395 1559; x_wconf 86' lang='grc' dir='ltr'><strong>τὸν</strong></span> <span class='ocrx_word' id='word_1_196' title='bbox 2443 1502 2501 1559; x_wconf 73' lang='grc' dir='ltr'>δὲ</span> <span class='ocrx_word' id='word_1_197' title='bbox 2553 1504 2607 1560; x_wconf 90' lang='grc' dir='ltr'><strong>ἐν</strong></span> <span class='ocrx_word' id='word_1_198' title='bbox 2654 1508 2723 1578; x_wconf 81' lang='grc' dir='ltr'>τῇ</span> <span class='ocrx_word' id='word_1_199' title='bbox 2775 1506 3062 1579; x_wconf 79' lang='grc' dir='ltr'><strong>Ῥωμαϊκῇ</strong></span> <span class='ocrx_word' id='word_1_200' title='bbox 3114 1503 3393 1574; x_wconf 70' lang='grc' dir='ltr'><strong>ὑπεξέθετο</strong></span> <span class='ocrx_word' id='word_1_201' title='bbox 3441 1503 3791 1577; x_wconf 76' lang='grc' dir='ltr'><strong>ἐπικρατείᾳ.</strong></span> 
     </span>
    </p>
   </div>
   <div class='ocr_carea' id='block_1_28' title="bbox 380 1591 2035 1669">
    <p class='ocr_par' dir='ltr' id='par_1_28' title="bbox 380 1594 2021 1669">
     <span class='ocr_line' id='line_1_28' title="bbox 380 1594 2021 1669; baseline 0 -20"><span class='ocrx_word' id='word_1_202' title='bbox 380 1597 587 1669; x_wconf 86' lang='lat' dir='ltr'><strong>pietate</strong></span> <span class='ocrx_word' id='word_1_203' title='bbox 617 1594 933 1650; x_wconf 87' lang='lat' dir='ltr'><strong>certamina</strong></span> <span class='ocrx_word' id='word_1_204' title='bbox 962 1609 1197 1665; x_wconf 87' lang='lat' dir='ltr'><strong>agressa</strong></span> <span class='ocrx_word' id='word_1_205' title='bbox 1228 1601 1318 1651; x_wconf 90' lang='lat' dir='ltr'><strong>est</strong></span> <span class='ocrx_word' id='word_1_206' title='bbox 1356 1596 1428 1651; x_wconf 91' lang='lat' dir='ltr'><strong>ab</strong></span> <span class='ocrx_word' id='word_1_207' title='bbox 1459 1595 1625 1651; x_wconf 91' lang='lat' dir='ltr'><strong>initio</strong></span> <span class='ocrx_word' id='word_1_208' title='bbox 1671 1594 1862 1651; x_wconf 85' lang='lat' dir='ltr'><strong>dicere</strong></span> <span class='ocrx_word' id='word_1_209' title='bbox 1892 1612 2021 1651; x_wconf 87' lang='lat' dir='ltr'><strong>ora-</strong></span> 
     </span>
    </p>
   </div>
   <div class='ocr_carea' id='block_1_29' title="bbox 2147 1591 3793 1669">
    <p class='ocr_par' dir='ltr' id='par_1_29' title="bbox 2147 1591 3793 1668">
     <span class='ocr_line' id='line_1_29' title="bbox 2147 1591 3793 1668; baseline 0.002 -22"><span class='ocrx_word' id='word_1_210' title='bbox 2147 1592 2437 1668; x_wconf 60' lang='grc' dir='ltr'>ῗρηγόριος</span> <span class='ocrx_word' id='word_1_211' title='bbox 2469 1594 2498 1648; x_wconf 99' lang='lat'><strong>6</strong></span> <span class='ocrx_word' id='word_1_212' title='bbox 2530 1596 2676 1657; x_wconf 88' lang='grc' dir='ltr'>θεῖος</span> <span class='ocrx_word' id='word_1_213' title='bbox 2718 1595 2877 1657; x_wconf 81' lang='grc' dir='ltr'>οὗτος</span> <span class='ocrx_word' id='word_1_214' title='bbox 2904 1595 2993 1664; x_wconf 83' lang='grc' dir='ltr'>ἦν,</span> <span class='ocrx_word' id='word_1_215' title='bbox 3025 1595 3088 1650; x_wconf 79' lang='grc' dir='ltr'>οὗ</span> <span class='ocrx_word' id='word_1_216' title='bbox 3128 1594 3257 1656; x_wconf 85' lang='grc' dir='ltr'>τοὺς</span> <span class='ocrx_word' id='word_1_217' title='bbox 3306 1591 3601 1668; x_wconf 74' lang='grc' dir='ltr'>λαμπροὺς</span> <span class='ocrx_word' id='word_1_218' title='bbox 3654 1594 3793 1668; x_wconf 67' lang='grc' dir='ltr'>ὑπὲρ</span> 
     </span>
    </p>
   </div>
   <div class='ocr_carea' id='block_1_30' title="bbox 378 1676 2035 1761">
    <p class='ocr_par' dir='ltr' id='par_1_30' title="bbox 378 1684 2022 1755">
     <span class='ocr_line' id='line_1_30' title="bbox 378 1684 2022 1755; baseline -0.002 -14"><span class='ocrx_word' id='word_1_219' title='bbox 378 1686 481 1742; x_wconf 87' lang='lat' dir='ltr'><strong>tio.</strong></span> <span class='ocrx_word' id='word_1_220' title='bbox 517 1684 668 1755; x_wconf 83' lang='lat' dir='ltr'><strong>Rege</strong></span> <span class='ocrx_word' id='word_1_221' title='bbox 690 1692 878 1739; x_wconf 85' lang='lat' dir='ltr'><strong>autem</strong></span> <span class='ocrx_word' id='word_1_222' title='bbox 902 1684 1310 1739; x_wconf 86' lang='lat' dir='ltr'><strong>Armeniorum</strong></span> <span class='ocrx_word' id='word_1_223' title='bbox 1341 1699 1407 1739; x_wconf 93' lang='lat' dir='ltr'><strong>eo</strong></span> <span class='ocrx_word' id='word_1_224' title='bbox 1440 1685 1609 1739; x_wconf 92' lang='lat' dir='ltr'><strong>modo</strong></span> <span class='ocrx_word' id='word_1_225' title='bbox 1630 1701 1745 1755; x_wconf 90' lang='lat' dir='ltr'><strong>quo</strong></span> <span class='ocrx_word' id='word_1_226' title='bbox 1768 1684 2022 1739; x_wconf 81' lang='lat' dir='ltr'><strong>diximus</strong></span> 
     </span>
    </p>
   </div>
   <div class='ocr_carea' id='block_1_31' title="bbox 2147 1676 3795 1761">
    <p class='ocr_par' dir='ltr' id='par_1_31' title="bbox 2147 1676 3795 1761">
     <span class='ocr_line' id='line_1_31' title="bbox 2147 1676 3795 1761; baseline 0.001 -26"><span class='ocrx_word' id='word_1_227' title='bbox 2147 1676 2403 1744; x_wconf 66' lang='grc' dir='ltr'>ιύσεόείας</span> <span class='ocrx_word' id='word_1_228' title='bbox 2441 1682 2661 1758; x_wconf 87' lang='grc' dir='ltr'>ἀγῶνας</span> <span class='ocrx_word' id='word_1_229' title='bbox 2694 1684 2722 1739; x_wconf 90' lang='lat'><strong>6</strong></span> <span class='ocrx_word' id='word_1_230' title='bbox 2773 1682 2938 1759; x_wconf 85' lang='grc' dir='ltr'>λόγος</span> <span class='ocrx_word' id='word_1_231' title='bbox 2986 1684 3246 1761; x_wconf 79' lang='grc' dir='ltr'>ἀπαρχῆς</span> <span class='ocrx_word' id='word_1_232' title='bbox 3287 1681 3456 1738; x_wconf 73' lang='grc' dir='ltr'>εἷπεῖν</span> <span class='ocrx_word' id='word_1_233' title='bbox 3502 1680 3795 1756; x_wconf 80' lang='grc' dir='ltr'>ὥρμηται.</span> 
     </span>
    </p>
   </div>
   <div class='ocr_carea' id='block_1_32' title="bbox 381 1768 2035 1869">
    <p class='ocr_par' dir='ltr' id='par_1_32' title="bbox 381 1772 2025 1843">
     <span class='ocr_line' id='line_1_32' title="bbox 381 1772 2025 1843; baseline -0.002 -11"><span class='ocrx_word' id='word_1_234' title='bbox 381 1775 705 1842; x_wconf 89' lang='lat' dir='ltr'><strong>interfecto,</strong></span> <span class='ocrx_word' id='word_1_235' title='bbox 740 1772 892 1829; x_wconf 89' lang='lat' dir='ltr'><strong>felici</strong></span> <span class='ocrx_word' id='word_1_236' title='bbox 923 1774 1001 1828; x_wconf 87' lang='lat' dir='ltr'><strong>rei</strong></span> <span class='ocrx_word' id='word_1_237' title='bbox 1050 1788 1324 1830; x_wconf 88' lang='lat' dir='ltr'><strong>successu</strong></span> <span class='ocrx_word' id='word_1_238' title='bbox 1365 1781 1555 1831; x_wconf 84' lang='lat' dir='ltr'><strong>motus</strong></span> <span class='ocrx_word' id='word_1_239' title='bbox 1596 1775 1790 1843; x_wconf 86' lang='lat' dir='ltr'><strong>Persa,</strong></span> <span class='ocrx_word' id='word_1_240' title='bbox 1834 1778 2025 1831; x_wconf 86' lang='lat' dir='ltr'><strong>movet</strong></span> 
     </span>
    </p>
   </div>
   <div class='ocr_carea' id='block_1_33' title="bbox 2147 1768 3797 1869">
    <p class='ocr_par' dir='ltr' id='par_1_33' title="bbox 2147 1768 3797 1848">
     <span class='ocr_line' id='line_1_33' title="bbox 2147 1768 3797 1848; baseline 0.001 -24"><span class='ocrx_word' id='word_1_241' title='bbox 2147 1772 2241 1827; x_wconf 79' lang='grc' dir='ltr'><strong>Γοῢ</strong></span> <span class='ocrx_word' id='word_1_242' title='bbox 2272 1768 2331 1825; x_wconf 78' lang='grc' dir='ltr'>δὶ</span> <span class='ocrx_word' id='word_1_243' title='bbox 2362 1771 2665 1845; x_wconf 84' lang='grc' dir='ltr'>Ἀρμενίων</span> <span class='ocrx_word' id='word_1_244' title='bbox 2699 1770 2973 1847; x_wconf 84' lang='grc' dir='ltr'>βασιλέως</span> <span class='ocrx_word' id='word_1_245' title='bbox 3021 1774 3080 1827; x_wconf 84' lang='grc' dir='ltr'>ὃν</span> <span class='ocrx_word' id='word_1_246' title='bbox 3130 1772 3345 1848; x_wconf 69' lang='grc' dir='ltr'>εἴρηται</span> <span class='ocrx_word' id='word_1_247' title='bbox 3390 1771 3599 1845; x_wconf 85' lang='grc' dir='ltr'>τρόπον</span> <span class='ocrx_word' id='word_1_248' title='bbox 3655 1772 3797 1846; x_wconf 73' lang='grc' dir='ltr'>ἀνῃ-</span> 
     </span>
    </p>
   </div>
   <div class='ocr_carea' id='block_1_34' title="bbox 380 1863 2023 1922">
    <p class='ocr_par' dir='ltr' id='par_1_34' title="bbox 380 1863 2023 1922">
     <span class='ocr_line' id='line_1_34' title="bbox 380 1863 2023 1922; baseline -0.002 0"><span class='ocrx_word' id='word_1_249' title='bbox 380 1866 694 1922; x_wconf 86' lang='lat' dir='ltr'><strong>exercitum</strong></span> <span class='ocrx_word' id='word_1_250' title='bbox 728 1863 1004 1918; x_wconf 88' lang='lat' dir='ltr'><strong>adversus</strong></span> <span class='ocrx_word' id='word_1_251' title='bbox 1044 1864 1416 1920; x_wconf 87' lang='lat' dir='ltr'><strong>conturbatos</strong></span> <span class='ocrx_word' id='word_1_252' title='bbox 1447 1866 1732 1919; x_wconf 83' lang='lat' dir='ltr'><strong>Armenes</strong></span> <span class='ocrx_word' id='word_1_253' title='bbox 1767 1881 1780 1920; x_wconf 92' lang='lat'><strong>:</strong></span> <span class='ocrx_word' id='word_1_254' title='bbox 1814 1870 1873 1919; x_wconf 92' lang='lat' dir='ltr'><strong>et</strong></span> <span class='ocrx_word' id='word_1_255' title='bbox 1903 1880 2023 1919; x_wconf 90' lang='lat' dir='ltr'><strong>ma-</strong></span> 
     </span>
    </p>
   </div>
   <div class='ocr_carea' id='block_1_35' title="bbox 378 1951 2024 2025">
    <p class='ocr_par' dir='ltr' id='par_1_35' title="bbox 378 1951 2024 2025">
     <span class='ocr_line' id='line_1_35' title="bbox 378 1951 2024 2025; baseline -0.001 -17"><span class='ocrx_word' id='word_1_256' title='bbox 378 1970 493 2025; x_wconf 89' lang='lat' dir='ltr'><strong>gna</strong></span> <span class='ocrx_word' id='word_1_257' title='bbox 522 1958 650 2009; x_wconf 88' lang='lat' dir='ltr'><strong>acta</strong></span> <span class='ocrx_word' id='word_1_258' title='bbox 692 1952 901 2022; x_wconf 60' lang='lat' dir='ltr'><strong>prada,</strong></span> <span class='ocrx_word' id='word_1_259' title='bbox 946 1956 1004 2007; x_wconf 88' lang='lat' dir='ltr'><strong>et</strong></span> <span class='ocrx_word' id='word_1_260' title='bbox 1039 1951 1241 2008; x_wconf 90' lang='lat' dir='ltr'><strong>multis</strong></span> <span class='ocrx_word' id='word_1_261' title='bbox 1272 1952 1538 2008; x_wconf 87' lang='lat' dir='ltr'><strong>abductis</strong></span> <span class='ocrx_word' id='word_1_262' title='bbox 1581 1952 1845 2023; x_wconf 88' lang='lat' dir='ltr'><strong>captivis,</strong></span> <span class='ocrx_word' id='word_1_263' title='bbox 1878 1969 2024 2023; x_wconf 68' lang='lat' dir='ltr'><strong>pre-</strong></span> 
     </span>
    </p>
   </div>
   <div class='ocr_carea' id='block_1_36' title="bbox 383 2040 2025 2110">
    <p class='ocr_par' dir='ltr' id='par_1_36' title="bbox 383 2040 2025 2110">
     <span class='ocr_line' id='line_1_36' title="bbox 383 2040 2025 2110; baseline -0.002 -12"><span class='ocrx_word' id='word_1_264' title='bbox 383 2042 539 2099; x_wconf 85' lang='lat' dir='ltr'><strong>clare</strong></span> <span class='ocrx_word' id='word_1_265' title='bbox 596 2058 800 2096; x_wconf 90' lang='lat' dir='ltr'><strong>rursus</strong></span> <span class='ocrx_word' id='word_1_266' title='bbox 861 2041 917 2095; x_wconf 93' lang='lat' dir='ltr'><strong>in</strong></span> <span class='ocrx_word' id='word_1_267' title='bbox 978 2056 1144 2095; x_wconf 87' lang='lat' dir='ltr'><strong>suam</strong></span> <span class='ocrx_word' id='word_1_268' title='bbox 1191 2043 1496 2097; x_wconf 80' lang='lat' dir='ltr'><strong>revertitur</strong></span> <span class='ocrx_word' id='word_1_269' title='bbox 1534 2040 1847 2110; x_wconf 82' lang='lat' dir='ltr'><strong>regionem.</strong></span> <span class='ocrx_word' id='word_1_270' title='bbox 1880 2045 2025 2096; x_wconf 89' lang='lat' dir='ltr'><strong>Cum</strong></span> 
     </span>
    </p>
   </div>
   <div class='ocr_carea' id='block_1_37' title="bbox 383 2128 2027 2201">
    <p class='ocr_par' dir='ltr' id='par_1_37' title="bbox 383 2128 2027 2201">
     <span class='ocr_line' id='line_1_37' title="bbox 383 2128 2027 2201; baseline -0.001 -14"><span class='ocrx_word' id='word_1_271' title='bbox 383 2138 575 2187; x_wconf 89' lang='lat' dir='ltr'><strong>autem</strong></span> <span class='ocrx_word' id='word_1_272' title='bbox 609 2129 1095 2186; x_wconf 80' lang='lat' dir='ltr'><strong>invenissetinter</strong></span> <span class='ocrx_word' id='word_1_273' title='bbox 1125 2131 1383 2201; x_wconf 88' lang='lat' dir='ltr'><strong>captivos</strong></span> <span class='ocrx_word' id='word_1_274' title='bbox 1415 2147 1598 2186; x_wconf 92' lang='lat' dir='ltr'><strong>unum</strong></span> <span class='ocrx_word' id='word_1_275' title='bbox 1629 2147 1697 2186; x_wconf 88' lang='lat' dir='ltr'><strong>ex</strong></span> <span class='ocrx_word' id='word_1_276' title='bbox 1729 2128 1863 2186; x_wconf 84' lang='lat' dir='ltr'><strong>filiis</strong></span> <span class='ocrx_word' id='word_1_277' title='bbox 1884 2130 2027 2185; x_wconf 76' lang='lat' dir='ltr'><strong>Cur-</strong></span> 
     </span>
    </p>
   </div>
   <div class='ocr_carea' id='block_1_38' title="bbox 383 2219 2025 2294">
    <p class='ocr_par' dir='ltr' id='par_1_38' title="bbox 383 2219 2025 2294">
     <span class='ocr_line' id='line_1_38' title="bbox 383 2219 2025 2294; baseline 0.001 -17"><span class='ocrx_word' id='word_1_278' title='bbox 383 2237 539 2287; x_wconf 93' lang='lat' dir='ltr'><strong>saro,</strong></span> <span class='ocrx_word' id='word_1_279' title='bbox 573 2220 808 2276; x_wconf 89' lang='lat' dir='ltr'><strong>nomine</strong></span> <span class='ocrx_word' id='word_1_280' title='bbox 837 2219 1184 2289; x_wconf 83' lang='lat' dir='ltr'><strong>Teridatem,</strong></span> <span class='ocrx_word' id='word_1_281' title='bbox 1220 2237 1353 2277; x_wconf 90' lang='lat' dir='ltr'><strong>eum</strong></span> <span class='ocrx_word' id='word_1_282' title='bbox 1388 2220 1623 2294; x_wconf 89' lang='lat' dir='ltr'><strong>quidem</strong></span> <span class='ocrx_word' id='word_1_283' title='bbox 1658 2237 1773 2277; x_wconf 90' lang='lat' dir='ltr'><strong>non</strong></span> <span class='ocrx_word' id='word_1_284' title='bbox 1804 2221 2025 2279; x_wconf 83' lang='lat' dir='ltr'><strong>interfl-</strong></span> 
     </span>
    </p>
   </div>
   <div class='ocr_carea' id='block_1_39' title="bbox 381 2310 2026 2383">
    <p class='ocr_par' dir='ltr' id='par_1_39' title="bbox 381 2310 2026 2383">
     <span class='ocr_line' id='line_1_39' title="bbox 381 2310 2026 2383; baseline -0.001 -14"><span class='ocrx_word' id='word_1_285' title='bbox 381 2312 463 2369; x_wconf 90' lang='lat' dir='ltr'><strong>cit</strong></span> <span class='ocrx_word' id='word_1_286' title='bbox 492 2315 726 2383; x_wconf 90' lang='lat' dir='ltr'><strong>propter</strong></span> <span class='ocrx_word' id='word_1_287' title='bbox 743 2314 999 2365; x_wconf 89' lang='lat' dir='ltr'><strong>teneram</strong></span> <span class='ocrx_word' id='word_1_288' title='bbox 1029 2310 1217 2366; x_wconf 87' lang='lat' dir='ltr'><strong>adhuc</strong></span> <span class='ocrx_word' id='word_1_289' title='bbox 1245 2317 1470 2368; x_wconf 61' lang='lat' dir='ltr'><strong>(etatem</strong></span> <span class='ocrx_word' id='word_1_290' title='bbox 1499 2326 1513 2365; x_wconf 90' lang='lat'><strong>:</strong></span> <span class='ocrx_word' id='word_1_291' title='bbox 1549 2310 1723 2366; x_wconf 85' lang='lat' dir='ltr'><strong>mittit</strong></span> <span class='ocrx_word' id='word_1_292' title='bbox 1754 2315 1949 2367; x_wconf 89' lang='lat' dir='ltr'><strong>autem</strong></span> <span class='ocrx_word' id='word_1_293' title='bbox 1967 2313 2026 2369; x_wconf 90' lang='lat' dir='ltr'><strong>in</strong></span> 
     </span>
    </p>
   </div>
   <div class='ocr_carea' id='block_1_40' title="bbox 381 2395 2027 2470">
    <p class='ocr_par' dir='ltr' id='par_1_40' title="bbox 381 2395 2027 2470">
     <span class='ocr_line' id='line_1_40' title="bbox 381 2395 2027 2470; baseline 0.001 -17"><span class='ocrx_word' id='word_1_294' title='bbox 381 2396 648 2453; x_wconf 74' lang='lat' dir='ltr'><strong>exsilium</strong></span> <span class='ocrx_word' id='word_1_295' title='bbox 681 2395 740 2452; x_wconf 90' lang='lat' dir='ltr'><strong>in</strong></span> <span class='ocrx_word' id='word_1_296' title='bbox 775 2395 1165 2453; x_wconf 82' lang='lat' dir='ltr'><strong>Romanorum</strong></span> <span class='ocrx_word' id='word_1_297' title='bbox 1198 2399 1513 2470; x_wconf 84' lang='lat' dir='ltr'><strong>regionem.</strong></span> <span class='ocrx_word' id='word_1_298' title='bbox 1546 2398 1644 2453; x_wconf 83' lang='lat' dir='ltr'><strong>Hic</strong></span> <span class='ocrx_word' id='word_1_299' title='bbox 1672 2402 1758 2453; x_wconf 82' lang='lat' dir='ltr'><strong>est</strong></span> <span class='ocrx_word' id='word_1_300' title='bbox 1796 2398 2027 2454; x_wconf 90' lang='lat' dir='ltr'><strong>Terida-</strong></span> 
     </span>
    </p>
   </div>
   <div class='ocr_carea' id='block_1_41' title="bbox 382 2487 2028 2562">
    <p class='ocr_par' dir='ltr' id='par_1_41' title="bbox 382 2487 2028 2562">
     <span class='ocr_line' id='line_1_41' title="bbox 382 2487 2028 2562; baseline 0 -18"><span class='ocrx_word' id='word_1_301' title='bbox 382 2493 490 2555; x_wconf 88' lang='lat' dir='ltr'><strong>tes,</strong></span> <span class='ocrx_word' id='word_1_302' title='bbox 524 2488 624 2559; x_wconf 89' lang='lat' dir='ltr'><strong>qui</strong></span> <span class='ocrx_word' id='word_1_303' title='bbox 679 2501 926 2558; x_wconf 86' lang='lat' dir='ltr'><strong>regnum</strong></span> <span class='ocrx_word' id='word_1_304' title='bbox 975 2487 1385 2549; x_wconf 84' lang='lat' dir='ltr'><strong>Armeniorum</strong></span> <span class='ocrx_word' id='word_1_305' title='bbox 1427 2487 1731 2562; x_wconf 89' lang='lat' dir='ltr'><strong>posteriori</strong></span> <span class='ocrx_word' id='word_1_306' title='bbox 1771 2491 2028 2560; x_wconf 89' lang='lat' dir='ltr'><strong>tempore</strong></span> 
     </span>
    </p>
   </div>
   <div class='ocr_carea' id='block_1_42' title="bbox 386 2575 2026 2651">
    <p class='ocr_par' dir='ltr' id='par_1_42' title="bbox 386 2575 2026 2651">
     <span class='ocr_line' id='line_1_42' title="bbox 386 2575 2026 2651; baseline -0.001 -16"><span class='ocrx_word' id='word_1_307' title='bbox 386 2578 648 2635; x_wconf 86' lang='lat' dir='ltr'><strong>Romano</strong></span> <span class='ocrx_word' id='word_1_308' title='bbox 681 2575 899 2632; x_wconf 88' lang='lat' dir='ltr'><strong>auxilio</strong></span> <span class='ocrx_word' id='word_1_309' title='bbox 949 2576 1257 2648; x_wconf 87' lang='lat' dir='ltr'><strong>acquisivit</strong></span> <span class='ocrx_word' id='word_1_310' title='bbox 1286 2584 1345 2635; x_wconf 87' lang='lat' dir='ltr'><strong>et</strong></span> <span class='ocrx_word' id='word_1_311' title='bbox 1384 2577 1624 2651; x_wconf 88' lang='lat' dir='ltr'><strong>accepit,</strong></span> <span class='ocrx_word' id='word_1_312' title='bbox 1656 2582 1712 2633; x_wconf 91' lang='lat' dir='ltr'><strong>et</strong></span> <span class='ocrx_word' id='word_1_313' title='bbox 1752 2593 2026 2650; x_wconf 90' lang='lat' dir='ltr'><strong>magnum</strong></span> 
     </span>
    </p>
   </div>
   <div class='ocr_carea' id='block_1_43' title="bbox 2134 1860 3796 1939">
    <p class='ocr_par' dir='ltr' id='par_1_43' title="bbox 2134 1860 3796 1939">
     <span class='ocr_line' id='line_1_43' title="bbox 2134 1860 3796 1939; baseline 0.001 -24"><span class='ocrx_word' id='word_1_314' title='bbox 2134 1860 2397 1934; x_wconf 81' lang='grc' dir='ltr'>ρημένου,</span> <span class='ocrx_word' id='word_1_315' title='bbox 2448 1866 2528 1934; x_wconf 80' lang='grc' dir='ltr'>τῷ</span> <span class='ocrx_word' id='word_1_316' title='bbox 2565 1862 2909 1938; x_wconf 78' lang='grc' dir='ltr'>εὐτυχήματι</span> <span class='ocrx_word' id='word_1_317' title='bbox 2972 1861 3223 1939; x_wconf 79' lang='grc' dir='ltr'>ἐπαρθεὶς</span> <span class='ocrx_word' id='word_1_318' title='bbox 3274 1863 3303 1917; x_wconf 97' lang='lat'><strong>6</strong></span> <span class='ocrx_word' id='word_1_319' title='bbox 3350 1862 3586 1938; x_wconf 85' lang='grc' dir='ltr'>Πέρσης,</span> <span class='ocrx_word' id='word_1_320' title='bbox 3632 1883 3796 1919; x_wconf 75' lang='grc' dir='ltr'>τεταο</span> 
     </span>
    </p>
   </div>
   <div class='ocr_carea' id='block_1_44' title="bbox 2136 1949 3793 2027">
    <p class='ocr_par' dir='ltr' id='par_1_44' title="bbox 2136 1949 3793 2027">
     <span class='ocr_line' id='line_1_44' title="bbox 2136 1949 3793 2027; baseline 0.002 -23"><span class='ocrx_word' id='word_1_321' title='bbox 2136 1949 2430 2025; x_wconf 82' lang='grc' dir='ltr'>ραγμένοις</span> <span class='ocrx_word' id='word_1_322' title='bbox 2470 1950 2843 2025; x_wconf 81' lang='grc' dir='ltr'>ἐπιστρατεύει</span> <span class='ocrx_word' id='word_1_323' title='bbox 2891 1957 3009 2015; x_wconf 90' lang='grc' dir='ltr'>τοῖς</span> <span class='ocrx_word' id='word_1_324' title='bbox 3050 1951 3381 2027; x_wconf 78' lang='grc' dir='ltr'>Ἀρμενίοις,</span> <span class='ocrx_word' id='word_1_325' title='bbox 3421 1954 3508 2007; x_wconf 82' lang='grc' dir='ltr'><strong>καὶ</strong></span> <span class='ocrx_word' id='word_1_326' title='bbox 3562 1950 3793 2021; x_wconf 72' lang='grc' dir='ltr'>πολλὴν</span> 
     </span>
    </p>
   </div>
   <div class='ocr_carea' id='block_1_45' title="bbox 2134 2035 3796 2117">
    <p class='ocr_par' dir='ltr' id='par_1_45' title="bbox 2134 2035 3796 2117">
     <span class='ocr_line' id='line_1_45' title="bbox 2134 2035 3796 2117; baseline 0.002 -25"><span class='ocrx_word' id='word_1_327' title='bbox 2134 2035 2574 2113; x_wconf 80' lang='grc' dir='ltr'>περιϐαλόμενος</span> <span class='ocrx_word' id='word_1_328' title='bbox 2616 2041 2767 2097; x_wconf 79' lang='grc' dir='ltr'>λείαν</span> <span class='ocrx_word' id='word_1_329' title='bbox 2796 2041 2888 2097; x_wconf 86' lang='grc' dir='ltr'><strong>καὶ</strong></span> <span class='ocrx_word' id='word_1_330' title='bbox 2928 2039 3311 2117; x_wconf 82' lang='grc' dir='ltr'>δορυαλώτους</span> <span class='ocrx_word' id='word_1_331' title='bbox 3360 2040 3445 2097; x_wconf 81' lang='grc' dir='ltr'>ὅτι</span> <span class='ocrx_word' id='word_1_332' title='bbox 3493 2041 3796 2105; x_wconf 74' lang='grc' dir='ltr'>πλείστους</span> 
     </span>
    </p>
   </div>
   <div class='ocr_carea' id='block_1_46' title="bbox 2136 2122 3795 2205">
    <p class='ocr_par' dir='ltr' id='par_1_46' title="bbox 2136 2122 3795 2205">
     <span class='ocr_line' id='line_1_46' title="bbox 2136 2122 3795 2205; baseline 0.005 -25"><span class='ocrx_word' id='word_1_333' title='bbox 2136 2122 2345 2198; x_wconf 78' lang='grc' dir='ltr'>λαϐὼν,</span> <span class='ocrx_word' id='word_1_334' title='bbox 2400 2129 2477 2193; x_wconf 82' lang='grc' dir='ltr'>εἷς</span> <span class='ocrx_word' id='word_1_335' title='bbox 2552 2134 2652 2200; x_wconf 77' lang='grc' dir='ltr'><strong>τήν</strong></span> <span class='ocrx_word' id='word_1_336' title='bbox 2719 2130 2919 2187; x_wconf 84' lang='grc' dir='ltr'>οίκείαν</span> <span class='ocrx_word' id='word_1_337' title='bbox 2975 2130 3247 2205; x_wconf 76' lang='grc' dir='ltr'>λαμπρῶς</span> <span class='ocrx_word' id='word_1_338' title='bbox 3297 2130 3559 2202; x_wconf 77' lang='grc' dir='ltr'>ἐπανῆκεν</span> <span class='ocrx_word' id='word_1_339' title='bbox 3611 2129 3795 2196; x_wconf 70' lang='grc' dir='ltr'>αὖθις.</span> 
     </span>
    </p>
   </div>
   <div class='ocr_carea' id='block_1_47' title="bbox 2136 2216 3796 2297">
    <p class='ocr_par' dir='ltr' id='par_1_47' title="bbox 2136 2216 3796 2297">
     <span class='ocr_line' id='line_1_47' title="bbox 2136 2216 3796 2297; baseline 0.001 -22"><span class='ocrx_word' id='word_1_340' title='bbox 2136 2217 2324 2291; x_wconf 82' lang='grc' dir='ltr'>Εὐρὼν</span> <span class='ocrx_word' id='word_1_341' title='bbox 2364 2216 2423 2274; x_wconf 72' lang='grc' dir='ltr'>δὲ</span> <span class='ocrx_word' id='word_1_342' title='bbox 2471 2218 2524 2274; x_wconf 83' lang='grc' dir='ltr'><strong>ἐν</strong></span> <span class='ocrx_word' id='word_1_343' title='bbox 2573 2226 2694 2283; x_wconf 90' lang='grc' dir='ltr'>τοῖς</span> <span class='ocrx_word' id='word_1_344' title='bbox 2735 2219 3118 2297; x_wconf 85' lang='grc' dir='ltr'>αίχμαλώνοις</span> <span class='ocrx_word' id='word_1_345' title='bbox 3159 2217 3253 2276; x_wconf 65' lang='grc' dir='ltr'><strong>ἕνα</strong></span> <span class='ocrx_word' id='word_1_346' title='bbox 3297 2225 3403 2277; x_wconf 87' lang='grc' dir='ltr'><strong>τῶν</strong></span> <span class='ocrx_word' id='word_1_347' title='bbox 3456 2222 3591 2275; x_wconf 74' lang='grc' dir='ltr'>υἱῶν</span> <span class='ocrx_word' id='word_1_348' title='bbox 3646 2224 3796 2278; x_wconf 79' lang='grc' dir='ltr'><strong>Κου-</strong></span> 
     </span>
    </p>
   </div>
   <div class='ocr_carea' id='block_1_48' title="bbox 2136 2305 3795 2384">
    <p class='ocr_par' dir='ltr' id='par_1_48' title="bbox 2136 2305 3795 2384">
     <span class='ocr_line' id='line_1_48' title="bbox 2136 2305 3795 2384; baseline 0.002 -23"><span class='ocrx_word' id='word_1_349' title='bbox 2136 2308 2284 2382; x_wconf 90' lang='grc' dir='ltr'>σαρὼ</span> <span class='ocrx_word' id='word_1_350' title='bbox 2326 2305 2639 2382; x_wconf 80' lang='grc' dir='ltr'>Τηριδάτην</span> <span class='ocrx_word' id='word_1_351' title='bbox 2680 2308 2877 2383; x_wconf 74' lang='grc' dir='ltr'>ὄνομα,</span> <span class='ocrx_word' id='word_1_352' title='bbox 2928 2310 3032 2366; x_wconf 79' lang='grc' dir='ltr'>οὐκ</span> <span class='ocrx_word' id='word_1_353' title='bbox 3067 2310 3280 2384; x_wconf 86' lang='grc' dir='ltr'>ἀναιρεῖ</span> <span class='ocrx_word' id='word_1_354' title='bbox 3328 2310 3425 2384; x_wconf 80' lang='grc' dir='ltr'>μὶν</span> <span class='ocrx_word' id='word_1_355' title='bbox 3476 2309 3643 2366; x_wconf 83' lang='grc' dir='ltr'>αὑτὸν</span> <span class='ocrx_word' id='word_1_356' title='bbox 3704 2308 3795 2365; x_wconf 65' lang='grc' dir='ltr'><strong>διὰ</strong></span> 
     </span>
    </p>
   </div>
   <div class='ocr_carea' id='block_1_49' title="bbox 2133 2396 3794 2477">
    <p class='ocr_par' dir='ltr' id='par_1_49' title="bbox 2133 2396 3794 2477">
     <span class='ocr_line' id='line_1_49' title="bbox 2133 2396 3794 2477; baseline 0.002 -25"><span class='ocrx_word' id='word_1_357' title='bbox 2133 2397 2195 2452; x_wconf 83' lang='grc' dir='ltr'>τὸ</span> <span class='ocrx_word' id='word_1_358' title='bbox 2225 2397 2519 2470; x_wconf 84' lang='grc' dir='ltr'>Ῥωμαίων</span> <span class='ocrx_word' id='word_1_359' title='bbox 2568 2399 2676 2470; x_wconf 79' lang='grc' dir='ltr'><strong>ἤθη</strong></span> <span class='ocrx_word' id='word_1_360' title='bbox 2728 2396 3041 2477; x_wconf 79' lang='grc' dir='ltr'>φυγαδεύει.</span> <span class='ocrx_word' id='word_1_361' title='bbox 3078 2400 3253 2458; x_wconf 78' lang='grc' dir='ltr'>Οὗτός</span> <span class='ocrx_word' id='word_1_362' title='bbox 3308 2399 3419 2455; x_wconf 80' lang='grc' dir='ltr'>ἐστι</span> <span class='ocrx_word' id='word_1_363' title='bbox 3466 2397 3794 2474; x_wconf 79' lang='grc' dir='ltr'>Τηριδάτης</span> 
     </span>
    </p>
   </div>
   <div class='ocr_carea' id='block_1_50' title="bbox 2137 2488 3793 2568">
    <p class='ocr_par' dir='ltr' id='par_1_50' title="bbox 2137 2488 3793 2568">
     <span class='ocr_line' id='line_1_50' title="bbox 2137 2488 3793 2568; baseline 0.002 -27"><span class='ocrx_word' id='word_1_364' title='bbox 2137 2489 2165 2543; x_wconf 95' lang='lat'><strong>6</strong></span> <span class='ocrx_word' id='word_1_365' title='bbox 2190 2488 2279 2542; x_wconf 82' lang='grc' dir='ltr'><strong>καὶ</strong></span> <span class='ocrx_word' id='word_1_366' title='bbox 2310 2491 2410 2557; x_wconf 71' lang='grc' dir='ltr'><strong>τὴν</strong></span> <span class='ocrx_word' id='word_1_367' title='bbox 2441 2489 2744 2565; x_wconf 82' lang='grc' dir='ltr'>’Δρμενίων</span> <span class='ocrx_word' id='word_1_368' title='bbox 2784 2492 2963 2566; x_wconf 72' lang='grc' dir='ltr'>ἀρχὴν</span> <span class='ocrx_word' id='word_1_369' title='bbox 3001 2489 3191 2568; x_wconf 85' lang='grc' dir='ltr'>χρόνῳ</span> <span class='ocrx_word' id='word_1_370' title='bbox 3244 2490 3465 2566; x_wconf 79' lang='grc' dir='ltr'>ὕττερον</span> <span class='ocrx_word' id='word_1_371' title='bbox 3495 2492 3793 2565; x_wconf 77' lang='grc' dir='ltr'>Ῥωμαϊκῇ</span> 
     </span>
    </p>
   </div>
   <div class='ocr_carea' id='block_1_51' title="bbox 2136 2576 3795 2659">
    <p class='ocr_par' dir='ltr' id='par_1_51' title="bbox 2136 2576 3795 2659">
     <span class='ocr_line' id='line_1_51' title="bbox 2136 2576 3795 2659; baseline 0.002 -27"><span class='ocrx_word' id='word_1_372' title='bbox 2136 2579 2429 2654; x_wconf 81' lang='grc' dir='ltr'>συμμαχίᾳ</span> <span class='ocrx_word' id='word_1_373' title='bbox 2458 2580 2548 2635; x_wconf 83' lang='grc' dir='ltr'><strong>καὶ</strong></span> <span class='ocrx_word' id='word_1_374' title='bbox 2597 2582 2767 2659; x_wconf 77' lang='grc' dir='ltr'>ψήφῳ</span> <span class='ocrx_word' id='word_1_375' title='bbox 2804 2580 3278 2653; x_wconf 81' lang='grc' dir='ltr'>κατακτησάμενος</span> <span class='ocrx_word' id='word_1_376' title='bbox 3326 2582 3413 2637; x_wconf 83' lang='grc' dir='ltr'><strong>καὶ</strong></span> <span class='ocrx_word' id='word_1_377' title='bbox 3467 2576 3795 2653; x_wconf 70' lang='grc' dir='ltr'>ὑπολαϐὼν,</span> 
     </span>
    </p>
   </div>
   <div class='ocr_carea' id='block_1_52' title="bbox 380 2666 2035 2746">
    <p class='ocr_par' dir='ltr' id='par_1_52' title="bbox 380 2666 2032 2741">
     <span class='ocr_line' id='line_1_52' title="bbox 380 2666 2032 2741; baseline 0 -17"><span class='ocrx_word' id='word_1_378' title='bbox 380 2669 727 2741; x_wconf 87' lang='lat' dir='ltr'><strong>Gregorium</strong></span> <span class='ocrx_word' id='word_1_379' title='bbox 762 2666 1071 2724; x_wconf 85' lang='lat' dir='ltr'><strong>tormentis</strong></span> <span class='ocrx_word' id='word_1_380' title='bbox 1103 2666 1353 2738; x_wconf 86' lang='lat' dir='ltr'><strong>subjecit</strong></span> <span class='ocrx_word' id='word_1_381' title='bbox 1382 2667 1904 2724; x_wconf 88' lang='lat' dir='ltr'><strong>innumerabilibus</strong></span> <span class='ocrx_word' id='word_1_382' title='bbox 1937 2673 2032 2724; x_wconf 83' lang='lat' dir='ltr'><strong>:et</strong></span> 
     </span>
    </p>
   </div>
   <div class='ocr_carea' id='block_1_53' title="bbox 2147 2666 3799 2746">
    <p class='ocr_par' dir='ltr' id='par_1_53' title="bbox 2147 2667 3799 2746">
     <span class='ocr_line' id='line_1_53' title="bbox 2147 2667 3799 2746; baseline 0.004 -25"><span class='ocrx_word' id='word_1_383' title='bbox 2147 2668 2227 2721; x_wconf 68' lang='lat' dir='ltr'><strong>mi</strong></span> <span class='ocrx_word' id='word_1_384' title='bbox 2268 2667 2360 2723; x_wconf 87' lang='grc' dir='ltr'><strong>τὸν</strong></span> <span class='ocrx_word' id='word_1_385' title='bbox 2412 2669 2579 2743; x_wconf 84' lang='grc' dir='ltr'>μέγαν</span> <span class='ocrx_word' id='word_1_386' title='bbox 2631 2670 2940 2746; x_wconf 88' lang='grc' dir='ltr'>Γρηγόριον</span> <span class='ocrx_word' id='word_1_387' title='bbox 2990 2671 3243 2745; x_wconf 77' lang='grc' dir='ltr'>βασάνοις</span> <span class='ocrx_word' id='word_1_388' title='bbox 3290 2670 3596 2743; x_wconf 76' lang='grc' dir='ltr'>ἀμυθήτοις</span> <span class='ocrx_word' id='word_1_389' title='bbox 3648 2672 3799 2727; x_wconf 82' lang='grc' dir='ltr'>ὑπο-</span> 
     </span>
    </p>
   </div>
   <div class='ocr_carea' id='block_1_54' title="bbox 382 2752 2035 2833">
    <p class='ocr_par' dir='ltr' id='par_1_54' title="bbox 382 2756 2029 2831">
     <span class='ocr_line' id='line_1_54' title="bbox 382 2756 2029 2831; baseline -0.001 -16"><span class='ocrx_word' id='word_1_390' title='bbox 382 2758 482 2831; x_wconf 90' lang='lat' dir='ltr'><strong>qui</strong></span> <span class='ocrx_word' id='word_1_391' title='bbox 503 2775 617 2815; x_wconf 91' lang='lat' dir='ltr'><strong>non</strong></span> <span class='ocrx_word' id='word_1_392' title='bbox 640 2756 831 2815; x_wconf 84' lang='lat' dir='ltr'><strong>solum</strong></span> <span class='ocrx_word' id='word_1_393' title='bbox 853 2772 987 2812; x_wconf 90' lang='lat' dir='ltr'><strong>eum</strong></span> <span class='ocrx_word' id='word_1_394' title='bbox 1012 2756 1247 2811; x_wconf 86' lang='lat' dir='ltr'><strong>abduxit</strong></span> <span class='ocrx_word' id='word_1_395' title='bbox 1274 2775 1307 2813; x_wconf 91' lang='lat' dir='ltr'><strong>a</strong></span> <span class='ocrx_word' id='word_1_396' title='bbox 1325 2758 1553 2827; x_wconf 87' lang='lat' dir='ltr'><strong>pietate,</strong></span> <span class='ocrx_word' id='word_1_397' title='bbox 1570 2758 1669 2812; x_wconf 90' lang='lat' dir='ltr'><strong>sed</strong></span> <span class='ocrx_word' id='word_1_398' title='bbox 1689 2756 1813 2827; x_wconf 88' lang='lat' dir='ltr'><strong>ipse</strong></span> <span class='ocrx_word' id='word_1_399' title='bbox 1837 2759 2029 2826; x_wconf 87' lang='lat' dir='ltr'><strong>potius</strong></span> 
     </span>
    </p>
   </div>
   <div class='ocr_carea' id='block_1_55' title="bbox 2147 2752 3803 2833">
    <p class='ocr_par' dir='ltr' id='par_1_55' title="bbox 2147 2752 3803 2833">
     <span class='ocr_line' id='line_1_55' title="bbox 2147 2752 3803 2833; baseline 0.002 -21"><span class='ocrx_word' id='word_1_400' title='bbox 2147 2752 2348 2828; x_wconf 74' lang='grc' dir='ltr'>λαϐὼν,</span> <span class='ocrx_word' id='word_1_401' title='bbox 2380 2758 2471 2813; x_wconf 82' lang='grc' dir='ltr'><strong>καί</strong></span> <span class='ocrx_word' id='word_1_402' title='bbox 2499 2760 2574 2830; x_wconf 83' lang='grc' dir='ltr'>μή</span> <span class='ocrx_word' id='word_1_403' title='bbox 2612 2758 2779 2833; x_wconf 91' lang='grc' dir='ltr'>μόνον</span> <span class='ocrx_word' id='word_1_404' title='bbox 2834 2762 2911 2833; x_wconf 74' lang='grc' dir='ltr'>μὴ</span> <span class='ocrx_word' id='word_1_405' title='bbox 2936 2786 2939 2787; x_wconf 50' lang='grc' dir='ltr'><strong>ν</strong></span> <span class='ocrx_word' id='word_1_406' title='bbox 2962 2761 3276 2831; x_wconf 74' lang='grc' dir='ltr'>ἀποστήσας</span> <span class='ocrx_word' id='word_1_407' title='bbox 3314 2765 3508 2815; x_wconf 79' lang='grc' dir='ltr'>τοῦτον</span> <span class='ocrx_word' id='word_1_408' title='bbox 3552 2767 3656 2829; x_wconf 79' lang='grc' dir='ltr'>τῆς</span> <span class='ocrx_word' id='word_1_409' title='bbox 3707 2761 3803 2816; x_wconf 77' lang='grc' dir='ltr'><strong>εὗ-</strong></span> 
     </span>
    </p>
   </div>
   <div class='ocr_carea' id='block_1_56' title="bbox 384 2843 2035 2927">
    <p class='ocr_par' dir='ltr' id='par_1_56' title="bbox 384 2844 2030 2919">
     <span class='ocr_line' id='line_1_56' title="bbox 384 2844 2030 2919; baseline -0.002 -15"><span class='ocrx_word' id='word_1_410' title='bbox 384 2850 511 2919; x_wconf 82' lang='lat' dir='ltr'><strong>ejus</strong></span> <span class='ocrx_word' id='word_1_411' title='bbox 533 2844 864 2903; x_wconf 87' lang='lat' dir='ltr'><strong>admirabili</strong></span> <span class='ocrx_word' id='word_1_412' title='bbox 886 2846 1216 2901; x_wconf 86' lang='lat' dir='ltr'><strong>constantia</strong></span> <span class='ocrx_word' id='word_1_413' title='bbox 1245 2850 1303 2900; x_wconf 90' lang='lat' dir='ltr'><strong>et</strong></span> <span class='ocrx_word' id='word_1_414' title='bbox 1330 2846 1497 2918; x_wconf 86' lang='lat' dir='ltr'><strong>plaga</strong></span> <span class='ocrx_word' id='word_1_415' title='bbox 1519 2847 1768 2916; x_wconf 90' lang='lat' dir='ltr'><strong>desuper</strong></span> <span class='ocrx_word' id='word_1_416' title='bbox 1798 2847 2030 2902; x_wconf 87' lang='lat' dir='ltr'><strong>immis-</strong></span> 
     </span>
    </p>
   </div>
   <div class='ocr_carea' id='block_1_57' title="bbox 2147 2843 3804 2927">
    <p class='ocr_par' dir='ltr' id='par_1_57' title="bbox 2147 2843 3804 2927">
     <span class='ocr_line' id='line_1_57' title="bbox 2147 2843 3804 2927; baseline 0.003 -27"><span class='ocrx_word' id='word_1_417' title='bbox 2147 2843 2370 2917; x_wconf 79' lang='grc' dir='ltr'>σεϐείας,</span> <span class='ocrx_word' id='word_1_418' title='bbox 2424 2845 2569 2903; x_wconf 79' lang='grc' dir='ltr'>ἂλλά</span> <span class='ocrx_word' id='word_1_419' title='bbox 2627 2849 2717 2903; x_wconf 83' lang='grc' dir='ltr'><strong>καὶ</strong></span> <span class='ocrx_word' id='word_1_420' title='bbox 2777 2848 2938 2912; x_wconf 84' lang='grc' dir='ltr'>αὐτὸς</span> <span class='ocrx_word' id='word_1_421' title='bbox 2998 2848 3177 2920; x_wconf 73' lang='grc' dir='ltr'>δήπου</span> <span class='ocrx_word' id='word_1_422' title='bbox 3232 2853 3301 2925; x_wconf 82' lang='grc' dir='ltr'>τῇ</span> <span class='ocrx_word' id='word_1_423' title='bbox 3346 2870 3404 2905; x_wconf 92' lang='grc' dir='ltr'>τε</span> <span class='ocrx_word' id='word_1_424' title='bbox 3456 2854 3557 2906; x_wconf 78' lang='grc' dir='ltr'><strong>τοῦ</strong></span> <span class='ocrx_word' id='word_1_425' title='bbox 3597 2848 3804 2927; x_wconf 76' lang='grc' dir='ltr'>ἀνδρὸς</span> 
     </span>
    </p>
   </div>
   <div class='ocr_carea' id='block_1_58' title="bbox 384 2932 2035 3015">
    <p class='ocr_par' dir='ltr' id='par_1_58' title="bbox 384 2932 2031 3000">
     <span class='ocr_line' id='line_1_58' title="bbox 384 2932 2031 3000; baseline -0.002 -7"><span class='ocrx_word' id='word_1_426' title='bbox 384 2955 451 2993; x_wconf 90' lang='lat' dir='ltr'><strong>sa</strong></span> <span class='ocrx_word' id='word_1_427' title='bbox 470 2954 505 2993; x_wconf 89' lang='lat' dir='ltr'><strong>a</strong></span> <span class='ocrx_word' id='word_1_428' title='bbox 535 2938 732 2992; x_wconf 89' lang='lat' dir='ltr'><strong>divina</strong></span> <span class='ocrx_word' id='word_1_429' title='bbox 762 2934 1150 3000; x_wconf 87' lang='lat' dir='ltr'><strong>Providentia,</strong></span> <span class='ocrx_word' id='word_1_430' title='bbox 1173 2932 1244 2987; x_wconf 89' lang='lat' dir='ltr'><strong>ad</strong></span> <span class='ocrx_word' id='word_1_431' title='bbox 1272 2933 1429 2989; x_wconf 85' lang='lat' dir='ltr'><strong>illius</strong></span> <span class='ocrx_word' id='word_1_432' title='bbox 1460 2934 1627 2989; x_wconf 81' lang='lat' dir='ltr'><strong>fidem</strong></span> <span class='ocrx_word' id='word_1_433' title='bbox 1652 2933 1762 2988; x_wconf 88' lang='lat' dir='ltr'><strong>fuit</strong></span> <span class='ocrx_word' id='word_1_434' title='bbox 1790 2948 2031 2990; x_wconf 87' lang='lat' dir='ltr'><strong>conver-</strong></span> 
     </span>
    </p>
   </div>
   <div class='ocr_carea' id='block_1_59' title="bbox 2147 2932 3806 3015">
    <p class='ocr_par' dir='ltr' id='par_1_59' title="bbox 2147 2936 3806 3015">
     <span class='ocr_line' id='line_1_59' title="bbox 2147 2936 3806 3015; baseline 0.002 -24"><span class='ocrx_word' id='word_1_435' title='bbox 2147 2938 2406 3013; x_wconf 82' lang='grc' dir='ltr'>ὑπερφυεῖ</span> <span class='ocrx_word' id='word_1_436' title='bbox 2455 2939 2733 3012; x_wconf 84' lang='grc' dir='ltr'>καρτερίᾳ,</span> <span class='ocrx_word' id='word_1_437' title='bbox 2764 2938 2856 2993; x_wconf 87' lang='grc' dir='ltr'><strong>καὶ</strong></span> <span class='ocrx_word' id='word_1_438' title='bbox 2905 2942 2974 3013; x_wconf 81' lang='grc' dir='ltr'>τῇ</span> <span class='ocrx_word' id='word_1_439' title='bbox 3023 2936 3231 3001; x_wconf 85' lang='grc' dir='ltr'>ἐκθείας</span> <span class='ocrx_word' id='word_1_440' title='bbox 3279 2940 3541 3015; x_wconf 84' lang='grc' dir='ltr'>προνοίας</span> <span class='ocrx_word' id='word_1_441' title='bbox 3589 2939 3806 3004; x_wconf 77' lang='grc' dir='ltr'>ἄνωθεν</span> 
     </span>
    </p>
   </div>
   <div class='ocr_carea' id='block_1_60' title="bbox 388 3020 2035 3101">
    <p class='ocr_par' dir='ltr' id='par_1_60' title="bbox 388 3020 2031 3093">
     <span class='ocr_line' id='line_1_60' title="bbox 388 3020 2031 3093; baseline -0.001 -11"><span class='ocrx_word' id='word_1_442' title='bbox 388 3042 512 3082; x_wconf 89' lang='lat' dir='ltr'><strong>sus.</strong></span> <span class='ocrx_word' id='word_1_443' title='bbox 537 3025 647 3081; x_wconf 88' lang='lat' dir='ltr'><strong>Sed</strong></span> <span class='ocrx_word' id='word_1_444' title='bbox 680 3024 804 3078; x_wconf 68' lang='lat' dir='ltr'><strong>haec</strong></span> <span class='ocrx_word' id='word_1_445' title='bbox 836 3022 1071 3090; x_wconf 89' lang='lat' dir='ltr'><strong>quidem</strong></span> <span class='ocrx_word' id='word_1_446' title='bbox 1105 3020 1444 3093; x_wconf 86' lang='lat' dir='ltr'><strong>singulatim</strong></span> <span class='ocrx_word' id='word_1_447' title='bbox 1494 3022 1813 3093; x_wconf 89' lang='lat' dir='ltr'><strong>procedens</strong></span> <span class='ocrx_word' id='word_1_448' title='bbox 1843 3023 2031 3080; x_wconf 89' lang='lat' dir='ltr'><strong>decla-</strong></span> 
     </span>
    </p>
   </div>
   <div class='ocr_carea' id='block_1_61' title="bbox 2147 3020 3808 3101">
    <p class='ocr_par' dir='ltr' id='par_1_61' title="bbox 2147 3023 3808 3101">
     <span class='ocr_line' id='line_1_61' title="bbox 2147 3023 3808 3101; baseline 0.004 -23"><span class='ocrx_word' id='word_1_449' title='bbox 2147 3024 2391 3099; x_wconf 80' lang='grc' dir='ltr'>μάστιγι,</span> <span class='ocrx_word' id='word_1_450' title='bbox 2424 3026 2561 3099; x_wconf 88' lang='grc' dir='ltr'>πρὸς</span> <span class='ocrx_word' id='word_1_451' title='bbox 2601 3026 2699 3094; x_wconf 76' lang='grc' dir='ltr'><strong>τήν</strong></span> <span class='ocrx_word' id='word_1_452' title='bbox 2733 3024 2934 3081; x_wconf 88' lang='grc' dir='ltr'>ἐκείνου</span> <span class='ocrx_word' id='word_1_453' title='bbox 2984 3025 3166 3081; x_wconf 89' lang='grc' dir='ltr'>πίστιν</span> <span class='ocrx_word' id='word_1_454' title='bbox 3220 3023 3571 3101; x_wconf 78' lang='grc' dir='ltr'>μεταϐαλών.</span> <span class='ocrx_word' id='word_1_455' title='bbox 3613 3026 3808 3085; x_wconf 83' lang='grc' dir='ltr'>Ἀλλά</span> 
     </span>
    </p>
   </div>
   <div class='ocr_carea' id='block_1_62' title="bbox 384 3104 2035 3241">
    <p class='ocr_par' dir='ltr' id='par_1_62' title="bbox 384 3112 774 3170">
     <span class='ocr_line' id='line_1_62' title="bbox 384 3112 774 3170; baseline -0.005 -1"><span class='ocrx_word' id='word_1_456' title='bbox 384 3113 537 3170; x_wconf 89' lang='lat' dir='ltr'><strong>rabit</strong></span> <span class='ocrx_word' id='word_1_457' title='bbox 566 3112 774 3169; x_wconf 87' lang='lat' dir='ltr'><strong>oratio.</strong></span> 
     </span>
    </p>
   </div>
   <div class='ocr_carea' id='block_1_63' title="bbox 2147 3104 3608 3241">
    <p class='ocr_par' dir='ltr' id='par_1_63' title="bbox 2147 3104 3608 3182">
     <span class='ocr_line' id='line_1_63' title="bbox 2147 3104 3608 3182; baseline 0.003 -24"><span class='ocrx_word' id='word_1_458' title='bbox 2147 3104 2306 3159; x_wconf 75' lang='grc' dir='ltr'>ταῦτα</span> <span class='ocrx_word' id='word_1_459' title='bbox 2337 3106 2432 3178; x_wconf 74' lang='grc' dir='ltr'><strong>μὶν</strong></span> <span class='ocrx_word' id='word_1_460' title='bbox 2460 3105 2598 3161; x_wconf 81' lang='grc' dir='ltr'>κατὰ</span> <span class='ocrx_word' id='word_1_461' title='bbox 2630 3106 2793 3182; x_wconf 86' lang='grc' dir='ltr'>μέρος</span> <span class='ocrx_word' id='word_1_462' title='bbox 2824 3106 3036 3182; x_wconf 82' lang='grc' dir='ltr'>προϊὼν</span> <span class='ocrx_word' id='word_1_463' title='bbox 3068 3108 3097 3163; x_wconf 90' lang='lat'><strong>6</strong></span> <span class='ocrx_word' id='word_1_464' title='bbox 3129 3105 3298 3182; x_wconf 88' lang='grc' dir='ltr'>λόγος</span> <span class='ocrx_word' id='word_1_465' title='bbox 3342 3104 3608 3178; x_wconf 84' lang='grc' dir='ltr'>δηλώσει.</span> 
     </span>
    </p>
   </div>
   <div class='ocr_carea' id='block_1_64' title="bbox 456 3289 2031 3364">
    <p class='ocr_par' dir='ltr' id='par_1_64' title="bbox 456 3289 2031 3364">
     <span class='ocr_line' id='line_1_64' title="bbox 456 3289 2031 3364; baseline 0.002 -16"><span class='ocrx_word' id='word_1_466' title='bbox 456 3292 600 3348; x_wconf 85' lang='lat' dir='ltr'><strong>VIII.</strong></span> <span class='ocrx_word' id='word_1_467' title='bbox 621 3289 919 3347; x_wconf 75' lang='lat' dir='ltr'><strong>Artasiras</strong></span> <span class='ocrx_word' id='word_1_468' title='bbox 936 3290 1133 3364; x_wconf 89' lang='lat' dir='ltr'><strong>igitur,</strong></span> <span class='ocrx_word' id='word_1_469' title='bbox 1158 3290 1258 3364; x_wconf 89' lang='lat' dir='ltr'><strong>qui</strong></span> <span class='ocrx_word' id='word_1_470' title='bbox 1280 3294 1419 3349; x_wconf 88' lang='lat' dir='ltr'><strong>tunc</strong></span> <span class='ocrx_word' id='word_1_471' title='bbox 1440 3296 1565 3349; x_wconf 88' lang='lat' dir='ltr'><strong>erat</strong></span> <span class='ocrx_word' id='word_1_472' title='bbox 1582 3308 1678 3348; x_wconf 90' lang='lat' dir='ltr'><strong>rex</strong></span> <span class='ocrx_word' id='word_1_473' title='bbox 1700 3293 2031 3364; x_wconf 86' lang='lat' dir='ltr'><strong>Persarum,</strong></span> 
     </span>
    </p>
   </div>
   <div class='ocr_carea' id='block_1_65' title="bbox 2213 3286 3801 3365">
    <p class='ocr_par' dir='ltr' id='par_1_65' title="bbox 2213 3286 3801 3365">
     <span class='ocr_line' id='line_1_65' title="bbox 2213 3286 3801 3365; baseline -0.001 -18"><span class='ocrx_word' id='word_1_474' title='bbox 2213 3291 2290 3347; x_wconf 84' lang='lat' dir='ltr'><strong>H&#39;.</strong></span> <span class='ocrx_word' id='word_1_475' title='bbox 2343 3290 2688 3364; x_wconf 83' lang='grc' dir='ltr'>Ἀρτασείρας</span> <span class='ocrx_word' id='word_1_476' title='bbox 2736 3286 2784 3345; x_wconf 83' lang='grc' dir='ltr'>δ’</span> <span class='ocrx_word' id='word_1_477' title='bbox 2839 3287 2930 3345; x_wconf 73' lang='grc' dir='ltr'>οὖν</span> <span class='ocrx_word' id='word_1_478' title='bbox 2979 3290 3103 3346; x_wconf 91' lang='grc' dir='ltr'>τότε</span> <span class='ocrx_word' id='word_1_479' title='bbox 3151 3290 3179 3344; x_wconf 90' lang='lat'><strong>6</strong></span> <span class='ocrx_word' id='word_1_480' title='bbox 3225 3294 3332 3346; x_wconf 88' lang='grc' dir='ltr'><strong>τῶν</strong></span> <span class='ocrx_word' id='word_1_481' title='bbox 3364 3292 3589 3365; x_wconf 77' lang='grc' dir='ltr'>Περσῶν</span> <span class='ocrx_word' id='word_1_482' title='bbox 3632 3291 3801 3365; x_wconf 81' lang='grc' dir='ltr'>βασι-</span> 
     </span>
    </p>
   </div>
   <div class='ocr_carea' id='block_1_66' title="bbox 386 3379 2030 3454">
    <p class='ocr_par' dir='ltr' id='par_1_66' title="bbox 386 3379 2030 3454">
     <span class='ocr_line' id='line_1_66' title="bbox 386 3379 2030 3454; baseline 0.002 -17"><span class='ocrx_word' id='word_1_483' title='bbox 386 3390 607 3454; x_wconf 87' lang='lat' dir='ltr'><strong>partem</strong></span> <span class='ocrx_word' id='word_1_484' title='bbox 643 3381 736 3439; x_wconf 83' lang='lat' dir='ltr'><strong>sui</strong></span> <span class='ocrx_word' id='word_1_485' title='bbox 772 3379 1001 3451; x_wconf 87' lang='lat' dir='ltr'><strong>imperii</strong></span> <span class='ocrx_word' id='word_1_486' title='bbox 1032 3382 1222 3454; x_wconf 89' lang='lat' dir='ltr'><strong>ipsam</strong></span> <span class='ocrx_word' id='word_1_487' title='bbox 1262 3398 1491 3454; x_wconf 88' lang='lat' dir='ltr'><strong>quoque</strong></span> <span class='ocrx_word' id='word_1_488' title='bbox 1522 3382 1652 3438; x_wconf 91' lang='lat' dir='ltr'><strong>fecit</strong></span> <span class='ocrx_word' id='word_1_489' title='bbox 1679 3385 2030 3441; x_wconf 83' lang='lat' dir='ltr'><strong>Armeniam.</strong></span> 
     </span>
    </p>
   </div>
   <div class='ocr_carea' id='block_1_67' title="bbox 2141 3377 3804 3456">
    <p class='ocr_par' dir='ltr' id='par_1_67' title="bbox 2141 3377 3804 3456">
     <span class='ocr_line' id='line_1_67' title="bbox 2141 3377 3804 3456; baseline 0.001 -21"><span class='ocrx_word' id='word_1_490' title='bbox 2141 3377 2268 3442; x_wconf 80' lang='grc' dir='ltr'><strong>λεὺς</strong></span> <span class='ocrx_word' id='word_1_491' title='bbox 2320 3380 2481 3453; x_wconf 85' lang='grc' dir='ltr'>μέρος</span> <span class='ocrx_word' id='word_1_492' title='bbox 2529 3386 2629 3451; x_wconf 84' lang='grc' dir='ltr'><strong>τῆς</strong></span> <span class='ocrx_word' id='word_1_493' title='bbox 2677 3377 2814 3442; x_wconf 78' lang='grc' dir='ltr'>ἰδίας</span> <span class='ocrx_word' id='word_1_494' title='bbox 2859 3380 3039 3456; x_wconf 85' lang='grc' dir='ltr'>ἀρχῆς</span> <span class='ocrx_word' id='word_1_495' title='bbox 3086 3380 3178 3436; x_wconf 80' lang='grc' dir='ltr'><strong>καὶ</strong></span> <span class='ocrx_word' id='word_1_496' title='bbox 3212 3381 3311 3450; x_wconf 79' lang='grc' dir='ltr'><strong>τήν</strong></span> <span class='ocrx_word' id='word_1_497' title='bbox 3348 3381 3643 3456; x_wconf 80' lang='grc' dir='ltr'>’Λρμενίαν</span> <span class='ocrx_word' id='word_1_498' title='bbox 3696 3381 3804 3437; x_wconf 61' lang='grc' dir='ltr'><strong>αὖ.</strong></span> 
     </span>
    </p>
   </div>
   <div class='ocr_carea' id='block_1_68' title="bbox 388 3466 2035 3544">
    <p class='ocr_par' dir='ltr' id='par_1_68' title="bbox 388 3472 2033 3544">
     <span class='ocr_line' id='line_1_68' title="bbox 388 3472 2033 3544; baseline 0.002 -18"><span class='ocrx_word' id='word_1_499' title='bbox 388 3472 700 3544; x_wconf 87' lang='lat' dir='ltr'><strong>Gregorius</strong></span> <span class='ocrx_word' id='word_1_500' title='bbox 732 3484 930 3528; x_wconf 87' lang='lat' dir='ltr'><strong>autem</strong></span> <span class='ocrx_word' id='word_1_501' title='bbox 965 3473 1121 3529; x_wconf 83' lang='lat' dir='ltr'><strong>filius</strong></span> <span class='ocrx_word' id='word_1_502' title='bbox 1152 3476 1327 3540; x_wconf 77' lang='lat' dir='ltr'><strong>Anac,</strong></span> <span class='ocrx_word' id='word_1_503' title='bbox 1360 3480 1423 3528; x_wconf 91' lang='lat' dir='ltr'><strong>ut</strong></span> <span class='ocrx_word' id='word_1_504' title='bbox 1452 3473 1727 3539; x_wconf 84' lang='lat' dir='ltr'><strong>diximus,</strong></span> <span class='ocrx_word' id='word_1_505' title='bbox 1760 3477 1857 3544; x_wconf 89' lang='lat' dir='ltr'><strong>qui</strong></span> <span class='ocrx_word' id='word_1_506' title='bbox 1887 3473 2033 3530; x_wconf 88' lang='lat' dir='ltr'><strong>Cur-</strong></span> 
     </span>
    </p>
   </div>
   <div class='ocr_carea' id='block_1_69' title="bbox 2147 3466 3805 3544">
    <p class='ocr_par' dir='ltr' id='par_1_69' title="bbox 2147 3466 3805 3540">
     <span class='ocr_line' id='line_1_69' title="bbox 2147 3466 3805 3540; baseline 0 -15"><span class='ocrx_word' id='word_1_507' title='bbox 2147 3471 2239 3538; x_wconf 74' lang='grc' dir='ltr'><strong>τὴν</strong></span> <span class='ocrx_word' id='word_1_508' title='bbox 2272 3467 2591 3540; x_wconf 72' lang='grc' dir='ltr'>ἐποιήσατο.</span> <span class='ocrx_word' id='word_1_509' title='bbox 2622 3471 2681 3527; x_wconf 86' lang='grc' dir='ltr'>Ὀ</span> <span class='ocrx_word' id='word_1_510' title='bbox 2729 3466 2787 3524; x_wconf 73' lang='grc' dir='ltr'>δὶ</span> <span class='ocrx_word' id='word_1_511' title='bbox 2830 3472 2932 3525; x_wconf 82' lang='grc' dir='ltr'>τοῦ</span> <span class='ocrx_word' id='word_1_512' title='bbox 2962 3468 3121 3527; x_wconf 83' lang='grc' dir='ltr'>Ἀνάκ</span> <span class='ocrx_word' id='word_1_513' title='bbox 3168 3474 3296 3532; x_wconf 85' lang='grc' dir='ltr'>παῖς</span> <span class='ocrx_word' id='word_1_514' title='bbox 3355 3473 3454 3525; x_wconf 75' lang='grc' dir='ltr'><strong>τοῦ</strong></span> <span class='ocrx_word' id='word_1_515' title='bbox 3509 3470 3603 3525; x_wconf 86' lang='grc' dir='ltr'><strong>τὸν</strong></span> <span class='ocrx_word' id='word_1_516' title='bbox 3656 3472 3805 3528; x_wconf 56' lang='lat' dir='ltr'><strong>Keue</strong></span> 
     </span>
    </p>
   </div>
   <div class='ocr_carea' id='block_1_70' title="bbox 389 3556 2035 3639">
    <p class='ocr_par' dir='ltr' id='par_1_70' title="bbox 389 3562 2035 3636">
     <span class='ocr_line' id='line_1_70' title="bbox 389 3562 2035 3636; baseline 0.002 -18"><span class='ocrx_word' id='word_1_517' title='bbox 389 3579 523 3619; x_wconf 84' lang='lat' dir='ltr'><strong>saro</strong></span> <span class='ocrx_word' id='word_1_518' title='bbox 563 3562 946 3631; x_wconf 87' lang='lat' dir='ltr'><strong>ieterfecerat,</strong></span> <span class='ocrx_word' id='word_1_519' title='bbox 992 3566 1211 3636; x_wconf 89' lang='lat' dir='ltr'><strong>degens</strong></span> <span class='ocrx_word' id='word_1_520' title='bbox 1242 3562 1301 3618; x_wconf 88' lang='lat' dir='ltr'><strong>in</strong></span> <span class='ocrx_word' id='word_1_521' title='bbox 1335 3564 1561 3618; x_wconf 82' lang='lat' dir='ltr'><strong>civitate</strong></span> <span class='ocrx_word' id='word_1_522' title='bbox 1591 3564 1860 3620; x_wconf 67' lang='lat' dir='ltr'><strong>Caesarea:</strong></span> <span class='ocrx_word' id='word_1_523' title='bbox 1890 3565 2035 3636; x_wconf 87' lang='lat' dir='ltr'><strong>Cap-</strong></span> 
     </span>
    </p>
   </div>
   <div class='ocr_carea' id='block_1_71' title="bbox 2147 3556 3798 3639">
    <p class='ocr_par' dir='ltr' id='par_1_71' title="bbox 2147 3556 3798 3639">
     <span class='ocr_line' id='line_1_71' title="bbox 2147 3556 3798 3639; baseline 0.001 -25"><span class='ocrx_word' id='word_1_524' title='bbox 2147 3559 2293 3633; x_wconf 88' lang='grc' dir='ltr'>σαρὼ</span> <span class='ocrx_word' id='word_1_525' title='bbox 2322 3558 2603 3621; x_wconf 84' lang='grc' dir='ltr'>ἀνελόντος</span> <span class='ocrx_word' id='word_1_526' title='bbox 2636 3560 2747 3633; x_wconf 74' lang='grc' dir='ltr'><strong>ἅμα</strong></span> <span class='ocrx_word' id='word_1_527' title='bbox 2770 3561 2868 3633; x_wconf 83' lang='grc' dir='ltr'><strong>τῷ</strong></span> <span class='ocrx_word' id='word_1_528' title='bbox 2915 3556 3137 3639; x_wconf 79' lang='grc' dir='ltr'>ἀδελφῷ</span> <span class='ocrx_word' id='word_1_529' title='bbox 3185 3558 3478 3634; x_wconf 82' lang='grc' dir='ltr'>Γρηγορίῳ</span> <span class='ocrx_word' id='word_1_530' title='bbox 3526 3557 3579 3613; x_wconf 83' lang='grc' dir='ltr'><strong>ἐν</strong></span> <span class='ocrx_word' id='word_1_531' title='bbox 3624 3558 3798 3615; x_wconf 87' lang='grc' dir='ltr'>πόλει</span> 
     </span>
    </p>
   </div>
   <div class='ocr_carea' id='block_1_72' title="bbox 392 3644 2035 3725">
    <p class='ocr_par' dir='ltr' id='par_1_72' title="bbox 392 3651 2035 3725">
     <span class='ocr_line' id='line_1_72' title="bbox 392 3651 2035 3725; baseline 0.001 -17"><span class='ocrx_word' id='word_1_532' title='bbox 392 3654 668 3725; x_wconf 73' lang='lat' dir='ltr'><strong>padocias,</strong></span> <span class='ocrx_word' id='word_1_533' title='bbox 710 3657 765 3708; x_wconf 90' lang='lat' dir='ltr'><strong>et</strong></span> <span class='ocrx_word' id='word_1_534' title='bbox 802 3651 977 3707; x_wconf 90' lang='lat' dir='ltr'><strong>aliam</strong></span> <span class='ocrx_word' id='word_1_535' title='bbox 1024 3653 1233 3709; x_wconf 89' lang='lat' dir='ltr'><strong>didicit</strong></span> <span class='ocrx_word' id='word_1_536' title='bbox 1269 3652 1618 3720; x_wconf 90' lang='lat' dir='ltr'><strong>doctrinam,</strong></span> <span class='ocrx_word' id='word_1_537' title='bbox 1649 3658 1706 3709; x_wconf 90' lang='lat' dir='ltr'><strong>et</strong></span> <span class='ocrx_word' id='word_1_538' title='bbox 1751 3654 1809 3709; x_wconf 92' lang='lat' dir='ltr'><strong>in</strong></span> <span class='ocrx_word' id='word_1_539' title='bbox 1861 3654 2035 3711; x_wconf 86' lang='lat' dir='ltr'><strong>rebus</strong></span> 
     </span>
    </p>
   </div>
   <div class='ocr_carea' id='block_1_73' title="bbox 2147 3644 3803 3725">
    <p class='ocr_par' dir='ltr' id='par_1_73' title="bbox 2147 3644 3803 3724">
     <span class='ocr_line' id='line_1_73' title="bbox 2147 3644 3803 3724; baseline 0 -19"><span class='ocrx_word' id='word_1_540' title='bbox 2147 3649 2468 3724; x_wconf 87' lang='grc' dir='ltr'>Καισαρείας</span> <span class='ocrx_word' id='word_1_541' title='bbox 2530 3656 2630 3719; x_wconf 80' lang='grc' dir='ltr'>τῆς</span> <span class='ocrx_word' id='word_1_542' title='bbox 2693 3645 3084 3711; x_wconf 85' lang='grc' dir='ltr'>Καππαδοκίας</span> <span class='ocrx_word' id='word_1_543' title='bbox 3143 3645 3369 3722; x_wconf 76' lang='grc' dir='ltr'>διάγων,</span> <span class='ocrx_word' id='word_1_544' title='bbox 3426 3644 3676 3703; x_wconf 82' lang='grc' dir='ltr'>παιδείαν</span> <span class='ocrx_word' id='word_1_545' title='bbox 3739 3670 3803 3705; x_wconf 85' lang='grc' dir='ltr'><strong>τε</strong></span> 
     </span>
    </p>
   </div>
   <div class='ocr_carea' id='block_1_74' title="bbox 390 3736 2035 3815">
    <p class='ocr_par' dir='ltr' id='par_1_74' title="bbox 390 3741 2035 3815">
     <span class='ocr_line' id='line_1_74' title="bbox 390 3741 2035 3815; baseline 0.003 -19"><span class='ocrx_word' id='word_1_546' title='bbox 390 3741 737 3800; x_wconf 85' lang='lat' dir='ltr'><strong>Christianis</strong></span> <span class='ocrx_word' id='word_1_547' title='bbox 798 3741 1105 3815; x_wconf 87' lang='lat' dir='ltr'><strong>diligenter</strong></span> <span class='ocrx_word' id='word_1_548' title='bbox 1164 3742 1272 3798; x_wconf 87' lang='lat' dir='ltr'><strong>fuit</strong></span> <span class='ocrx_word' id='word_1_549' title='bbox 1327 3744 1693 3799; x_wconf 83' lang='lat' dir='ltr'><strong>exercitatus.</strong></span> <span class='ocrx_word' id='word_1_550' title='bbox 1741 3744 2035 3801; x_wconf 87' lang='lat' dir='ltr'><strong>Teridates</strong></span> 
     </span>
    </p>
   </div>
   <div class='ocr_carea' id='block_1_75' title="bbox 2147 3736 3801 3815">
    <p class='ocr_par' dir='ltr' id='par_1_75' title="bbox 2147 3736 3801 3815">
     <span class='ocr_line' id='line_1_75' title="bbox 2147 3736 3801 3815; baseline -0.001 -20"><span class='ocrx_word' id='word_1_551' title='bbox 2147 3741 2243 3809; x_wconf 74' lang='grc' dir='ltr'>τήν</span> <span class='ocrx_word' id='word_1_552' title='bbox 2278 3736 2457 3809; x_wconf 77' lang='grc' dir='ltr'>ἄλλην</span> <span class='ocrx_word' id='word_1_553' title='bbox 2505 3736 2783 3811; x_wconf 75' lang='grc' dir='ltr'>ἐμάνθανε,</span> <span class='ocrx_word' id='word_1_554' title='bbox 2813 3737 2902 3793; x_wconf 82' lang='grc' dir='ltr'><strong>καὶ</strong></span> <span class='ocrx_word' id='word_1_555' title='bbox 2959 3737 3026 3793; x_wconf 79' lang='grc' dir='ltr'>τὰ</span> <span class='ocrx_word' id='word_1_556' title='bbox 3072 3739 3411 3811; x_wconf 82' lang='grc' dir='ltr'>Χριστιανῶν</span> <span class='ocrx_word' id='word_1_557' title='bbox 3470 3736 3801 3815; x_wconf 79' lang='grc' dir='ltr'>φιλοπόνως</span> 
     </span>
    </p>
   </div>
   <div class='ocr_carea' id='block_1_76' title="bbox 392 3824 2035 3904">
    <p class='ocr_par' dir='ltr' id='par_1_76' title="bbox 392 3830 2035 3904">
     <span class='ocr_line' id='line_1_76' title="bbox 392 3830 2035 3904; baseline 0.001 -17"><span class='ocrx_word' id='word_1_558' title='bbox 392 3832 657 3903; x_wconf 83' lang='lat' dir='ltr'><strong>proinde,</strong></span> <span class='ocrx_word' id='word_1_559' title='bbox 690 3832 792 3903; x_wconf 88' lang='lat' dir='ltr'><strong>qui</strong></span> <span class='ocrx_word' id='word_1_560' title='bbox 823 3838 947 3888; x_wconf 86' lang='lat' dir='ltr'><strong>erat</strong></span> <span class='ocrx_word' id='word_1_561' title='bbox 968 3849 1036 3889; x_wconf 86' lang='lat' dir='ltr'><strong>ex</strong></span> <span class='ocrx_word' id='word_1_562' title='bbox 1064 3832 1351 3904; x_wconf 87' lang='lat' dir='ltr'><strong>sanguine</strong></span> <span class='ocrx_word' id='word_1_563' title='bbox 1382 3830 1562 3903; x_wconf 87' lang='lat' dir='ltr'><strong>regio,</strong></span> <span class='ocrx_word' id='word_1_564' title='bbox 1596 3834 1951 3889; x_wconf 86' lang='lat' dir='ltr'><strong>referebatur</strong></span> <span class='ocrx_word' id='word_1_565' title='bbox 1978 3834 2035 3889; x_wconf 91' lang='lat' dir='ltr'><strong>in</strong></span> 
     </span>
    </p>
   </div>
   <div class='ocr_carea' id='block_1_77' title="bbox 2147 3824 3804 3904">
    <p class='ocr_par' dir='ltr' id='par_1_77' title="bbox 2147 3824 3804 3903">
     <span class='ocr_line' id='line_1_77' title="bbox 2147 3824 3804 3903; baseline 0 -20"><span class='ocrx_word' id='word_1_566' title='bbox 2147 3830 2389 3897; x_wconf 70' lang='grc' dir='ltr'>ἠσκεῖτο.</span> <span class='ocrx_word' id='word_1_567' title='bbox 2423 3826 2739 3902; x_wconf 83' lang='grc' dir='ltr'>Τηριδάτης</span> <span class='ocrx_word' id='word_1_568' title='bbox 2767 3828 2945 3883; x_wconf 88' lang='grc' dir='ltr'>τοίνυν</span> <span class='ocrx_word' id='word_1_569' title='bbox 2975 3829 3064 3882; x_wconf 81' lang='grc' dir='ltr'>οἶα</span> <span class='ocrx_word' id='word_1_570' title='bbox 3093 3824 3160 3897; x_wconf 76' lang='grc' dir='ltr'>δὴ</span> <span class='ocrx_word' id='word_1_571' title='bbox 3217 3827 3507 3903; x_wconf 78' lang='grc' dir='ltr'>βασιλικοῦ</span> <span class='ocrx_word' id='word_1_572' title='bbox 3560 3826 3804 3900; x_wconf 70' lang='grc' dir='ltr'>α’ίματος</span> 
     </span>
    </p>
   </div>
   <div class='ocr_carea' id='block_1_78' title="bbox 386 3915 2035 3993">
    <p class='ocr_par' dir='ltr' id='par_1_78' title="bbox 386 3920 2035 3993">
     <span class='ocr_line' id='line_1_78' title="bbox 386 3920 2035 3993; baseline 0.001 -17"><span class='ocrx_word' id='word_1_573' title='bbox 386 3938 461 3976; x_wconf 92' lang='lat' dir='ltr'><strong>nu</strong></span> <span class='ocrx_word' id='word_1_574' title='bbox 475 3938 698 3978; x_wconf 89' lang='lat' dir='ltr'><strong>merum</strong></span> <span class='ocrx_word' id='word_1_575' title='bbox 717 3921 1111 3978; x_wconf 84' lang='lat' dir='ltr'><strong>Romanorum</strong></span> <span class='ocrx_word' id='word_1_576' title='bbox 1135 3920 1610 3992; x_wconf 87' lang='lat' dir='ltr'><strong>magistratuum.</strong></span> <span class='ocrx_word' id='word_1_577' title='bbox 1627 3920 1748 3977; x_wconf 86' lang='lat' dir='ltr'><strong>Non</strong></span> <span class='ocrx_word' id='word_1_578' title='bbox 1766 3922 2035 3993; x_wconf 88' lang='lat' dir='ltr'><strong>ignorans</strong></span> 
     </span>
    </p>
   </div>
   <div class='ocr_carea' id='block_1_79' title="bbox 2147 3915 3805 3993">
    <p class='ocr_par' dir='ltr' id='par_1_79' title="bbox 2149 3915 3805 3991">
     <span class='ocr_line' id='line_1_79' title="bbox 2149 3915 3805 3991; baseline 0.001 -20"><span class='ocrx_word' id='word_1_579' title='bbox 2149 3915 2224 3971; x_wconf 82' lang='grc' dir='ltr'>ὢν</span> <span class='ocrx_word' id='word_1_580' title='bbox 2295 3923 2409 3979; x_wconf 90' lang='grc' dir='ltr'>τοῖς</span> <span class='ocrx_word' id='word_1_581' title='bbox 2486 3916 2537 3973; x_wconf 84' lang='grc' dir='ltr'><strong>ἐν</strong></span> <span class='ocrx_word' id='word_1_582' title='bbox 2610 3915 2755 3973; x_wconf 79' lang='grc' dir='ltr'>τέλει</span> <span class='ocrx_word' id='word_1_583' title='bbox 2832 3923 3220 3991; x_wconf 82' lang='grc' dir='ltr'>συνηριθμεῖτο</span> <span class='ocrx_word' id='word_1_584' title='bbox 3293 3916 3603 3990; x_wconf 82' lang='grc' dir='ltr'>Ῥωμαίων.</span> <span class='ocrx_word' id='word_1_585' title='bbox 3682 3917 3805 3977; x_wconf 81' lang='grc' dir='ltr'>Οὐκ</span> 
     </span>
    </p>
   </div>
   <div class='ocr_carea' id='block_1_80' title="bbox 385 4009 2044 4082">
    <p class='ocr_par' dir='ltr' id='par_1_80' title="bbox 385 4009 2044 4082">
     <span class='ocr_line' id='line_1_80' title="bbox 385 4009 2044 4082; baseline 0.001 -18"><span class='ocrx_word' id='word_1_586' title='bbox 385 4016 580 4066; x_wconf 89' lang='lat' dir='ltr'><strong>autem</strong></span> <span class='ocrx_word' id='word_1_587' title='bbox 627 4009 947 4082; x_wconf 85' lang='lat' dir='ltr'><strong>Gregorius</strong></span> <span class='ocrx_word' id='word_1_588' title='bbox 976 4015 1034 4067; x_wconf 90' lang='lat' dir='ltr'><strong>et</strong></span> <span class='ocrx_word' id='word_1_589' title='bbox 1073 4026 1197 4079; x_wconf 67' lang='lat' dir='ltr'><strong>quas</strong></span> <span class='ocrx_word' id='word_1_590' title='bbox 1239 4009 1369 4064; x_wconf 88' lang='lat' dir='ltr'><strong>fecit</strong></span> <span class='ocrx_word' id='word_1_591' title='bbox 1413 4009 1542 4080; x_wconf 87' lang='lat' dir='ltr'><strong>ejus</strong></span> <span class='ocrx_word' id='word_1_592' title='bbox 1586 4015 1745 4080; x_wconf 89' lang='lat' dir='ltr'><strong>pater</strong></span> <span class='ocrx_word' id='word_1_593' title='bbox 1775 4012 1957 4081; x_wconf 86' lang='lat' dir='ltr'><strong>Anac,</strong></span> <span class='ocrx_word' id='word_1_594' title='bbox 1986 4016 2044 4066; x_wconf 86' lang='lat' dir='ltr'><strong>et</strong></span> 
     </span>
    </p>
   </div>
   <div class='ocr_carea' id='block_1_81' title="bbox 388 4099 2040 4170">
    <p class='ocr_par' dir='ltr' id='par_1_81' title="bbox 388 4099 2040 4170">
     <span class='ocr_line' id='line_1_81' title="bbox 388 4099 2040 4170; baseline 0.001 -16"><span class='ocrx_word' id='word_1_595' title='bbox 388 4114 514 4169; x_wconf 62' lang='lat' dir='ltr'><strong>quas</strong></span> <span class='ocrx_word' id='word_1_596' title='bbox 550 4101 621 4156; x_wconf 89' lang='lat' dir='ltr'><strong>ab</strong></span> <span class='ocrx_word' id='word_1_597' title='bbox 653 4101 783 4170; x_wconf 91' lang='lat' dir='ltr'><strong>ipso</strong></span> <span class='ocrx_word' id='word_1_598' title='bbox 816 4116 1027 4170; x_wconf 89' lang='lat' dir='ltr'><strong>passus</strong></span> <span class='ocrx_word' id='word_1_599' title='bbox 1057 4103 1147 4154; x_wconf 89' lang='lat' dir='ltr'><strong>est</strong></span> <span class='ocrx_word' id='word_1_600' title='bbox 1190 4104 1354 4168; x_wconf 89' lang='lat' dir='ltr'><strong>pater</strong></span> <span class='ocrx_word' id='word_1_601' title='bbox 1391 4099 1698 4165; x_wconf 83' lang='lat' dir='ltr'><strong>&#39;l‘eridatis,</strong></span> <span class='ocrx_word' id='word_1_602' title='bbox 1732 4116 1798 4155; x_wconf 92' lang='lat' dir='ltr'><strong>ea</strong></span> <span class='ocrx_word' id='word_1_603' title='bbox 1844 4105 2040 4156; x_wconf 89' lang='lat' dir='ltr'><strong>tamen</strong></span> 
     </span>
    </p>
   </div>
   <div class='ocr_carea' id='block_1_82' title="bbox 388 4187 2040 4259">
    <p class='ocr_par' dir='ltr' id='par_1_82' title="bbox 388 4187 2040 4259">
     <span class='ocr_line' id='line_1_82' title="bbox 388 4187 2040 4259; baseline 0.001 -17"><span class='ocrx_word' id='word_1_604' title='bbox 388 4193 613 4243; x_wconf 89' lang='lat' dir='ltr'><strong>secreta</strong></span> <span class='ocrx_word' id='word_1_605' title='bbox 636 4189 789 4259; x_wconf 89' lang='lat' dir='ltr'><strong>apud</strong></span> <span class='ocrx_word' id='word_1_606' title='bbox 819 4205 882 4244; x_wconf 90' lang='lat' dir='ltr'><strong>se</strong></span> <span class='ocrx_word' id='word_1_607' title='bbox 911 4194 1140 4253; x_wconf 88' lang='lat' dir='ltr'><strong>tenens,</strong></span> <span class='ocrx_word' id='word_1_608' title='bbox 1164 4187 1385 4243; x_wconf 88' lang='lat' dir='ltr'><strong>accedit</strong></span> <span class='ocrx_word' id='word_1_609' title='bbox 1415 4190 1484 4242; x_wconf 83' lang='lat' dir='ltr'><strong>ad</strong></span> <span class='ocrx_word' id='word_1_610' title='bbox 1506 4188 1853 4255; x_wconf 89' lang='lat' dir='ltr'><strong>Teridatem,</strong></span> <span class='ocrx_word' id='word_1_611' title='bbox 1886 4206 1948 4245; x_wconf 90' lang='lat' dir='ltr'><strong>se</strong></span> <span class='ocrx_word' id='word_1_612' title='bbox 1969 4190 2040 4244; x_wconf 89' lang='lat' dir='ltr'><strong>ad</strong></span> 
     </span>
    </p>
   </div>
   <div class='ocr_carea' id='block_1_83' title="bbox 388 4275 2041 4348">
    <p class='ocr_par' dir='ltr' id='par_1_83' title="bbox 388 4275 2041 4348">
     <span class='ocr_line' id='line_1_83' title="bbox 388 4275 2041 4348; baseline 0.003 -19"><span class='ocrx_word' id='word_1_613' title='bbox 388 4275 783 4332; x_wconf 87' lang='lat' dir='ltr'><strong>voluntarium</strong></span> <span class='ocrx_word' id='word_1_614' title='bbox 805 4278 1183 4348; x_wconf 86' lang='lat' dir='ltr'><strong>ejustradens</strong></span> <span class='ocrx_word' id='word_1_615' title='bbox 1208 4276 1845 4344; x_wconf 87' lang='lat' dir='ltr'><strong>ministerium,etcilra</strong></span> <span class='ocrx_word' id='word_1_616' title='bbox 1863 4277 2041 4334; x_wconf 85' lang='lat' dir='ltr'><strong>ullam</strong></span> 
     </span>
    </p>
   </div>
   <div class='ocr_carea' id='block_1_84' title="bbox 397 4365 2041 4424">
    <p class='ocr_par' dir='ltr' id='par_1_84' title="bbox 397 4365 2041 4424">
     <span class='ocr_line' id='line_1_84' title="bbox 397 4365 2041 4424; baseline 0.003 -6"><span class='ocrx_word' id='word_1_617' title='bbox 397 4367 823 4420; x_wconf 82' lang='lat' dir='ltr'><strong>excusationem</strong></span> <span class='ocrx_word' id='word_1_618' title='bbox 875 4366 1124 4420; x_wconf 84' lang='lat' dir='ltr'><strong>Teridati</strong></span> <span class='ocrx_word' id='word_1_619' title='bbox 1174 4366 1232 4420; x_wconf 91' lang='lat' dir='ltr'><strong>in</strong></span> <span class='ocrx_word' id='word_1_620' title='bbox 1273 4365 1550 4420; x_wconf 89' lang='lat' dir='ltr'><strong>omnibus</strong></span> <span class='ocrx_word' id='word_1_621' title='bbox 1600 4365 1828 4421; x_wconf 83' lang='lat' dir='ltr'><strong>fidelem</strong></span> <span class='ocrx_word' id='word_1_622' title='bbox 1874 4384 2041 4424; x_wconf 90' lang='lat' dir='ltr'><strong>suam</strong></span> 
     </span>
    </p>
   </div>
   <div class='ocr_carea' id='block_1_85' title="bbox 396 4454 2041 4526">
    <p class='ocr_par' dir='ltr' id='par_1_85' title="bbox 396 4454 2041 4526">
     <span class='ocr_line' id='line_1_85' title="bbox 396 4454 2041 4526; baseline 0.004 -19"><span class='ocrx_word' id='word_1_623' title='bbox 396 4455 687 4523; x_wconf 82' lang='lat' dir='ltr'><strong>praebebat</strong></span> <span class='ocrx_word' id='word_1_624' title='bbox 706 4470 965 4525; x_wconf 89' lang='lat' dir='ltr'><strong>operam.</strong></span> <span class='ocrx_word' id='word_1_625' title='bbox 986 4454 1130 4509; x_wconf 90' lang='lat' dir='ltr'><strong>Cum</strong></span> <span class='ocrx_word' id='word_1_626' title='bbox 1154 4461 1347 4509; x_wconf 87' lang='lat' dir='ltr'><strong>autem</strong></span> <span class='ocrx_word' id='word_1_627' title='bbox 1369 4454 1683 4523; x_wconf 84' lang='lat' dir='ltr'><strong>accepisset</strong></span> <span class='ocrx_word' id='word_1_628' title='bbox 1703 4454 2041 4526; x_wconf 88' lang='lat' dir='ltr'><strong>Gregorium</strong></span> 
     </span>
    </p>
   </div>
   <div class='ocr_carea' id='block_1_86' title="bbox 2150 4006 3808 4083">
    <p class='ocr_par' dir='ltr' id='par_1_86' title="bbox 2150 4006 3808 4083">
     <span class='ocr_line' id='line_1_86' title="bbox 2150 4006 3808 4083; baseline 0.001 -22"><span class='ocrx_word' id='word_1_629' title='bbox 2150 4009 2354 4083; x_wconf 79' lang='grc' dir='ltr'>ἀγνοῶν</span> <span class='ocrx_word' id='word_1_630' title='bbox 2385 4007 2474 4062; x_wconf 80' lang='grc' dir='ltr'><strong>οὖν</strong></span> <span class='ocrx_word' id='word_1_631' title='bbox 2508 4008 2536 4062; x_wconf 92' lang='lat'><strong>6</strong></span> <span class='ocrx_word' id='word_1_632' title='bbox 2570 4008 2872 4083; x_wconf 84' lang='grc' dir='ltr'>Γρηγόριος</span> <span class='ocrx_word' id='word_1_633' title='bbox 2922 4008 2955 4060; x_wconf 74' lang='grc' dir='ltr'>ἅ</span> <span class='ocrx_word' id='word_1_634' title='bbox 2995 4027 3055 4062; x_wconf 90' lang='grc' dir='ltr'><strong>τε</strong></span> <span class='ocrx_word' id='word_1_635' title='bbox 3104 4008 3133 4061; x_wconf 91' lang='lat'><strong>6</strong></span> <span class='ocrx_word' id='word_1_636' title='bbox 3173 4006 3370 4062; x_wconf 79' lang='grc' dir='ltr'>τούτου</span> <span class='ocrx_word' id='word_1_637' title='bbox 3419 4007 3601 4075; x_wconf 75' lang='grc' dir='ltr'>πατὴρ</span> <span class='ocrx_word' id='word_1_638' title='bbox 3633 4007 3808 4063; x_wconf 75' lang='grc' dir='ltr'><strong>’Λνᾶκ</strong></span> 
     </span>
    </p>
   </div>
   <div class='ocr_carea' id='block_1_87' title="bbox 2151 4084 3791 4164">
    <p class='ocr_par' dir='ltr' id='par_1_87' title="bbox 2151 4084 3791 4164">
     <span class='ocr_line' id='line_1_87' title="bbox 2151 4084 3791 4164; baseline 0.001 -21"><span class='ocrx_word' id='word_1_639' title='bbox 2151 4086 2468 4164; x_wconf 74' lang='grc' dir='ltr'>διεπράξατο</span> <span class='ocrx_word' id='word_1_640' title='bbox 2517 4090 2604 4143; x_wconf 82' lang='grc' dir='ltr'><strong>καὶ</strong></span> <span class='ocrx_word' id='word_1_641' title='bbox 2656 4088 2689 4143; x_wconf 77' lang='grc' dir='ltr'>ἆ</span> <span class='ocrx_word' id='word_1_642' title='bbox 2718 4090 2746 4143; x_wconf 90' lang='lat'><strong>6</strong></span> <span class='ocrx_word' id='word_1_643' title='bbox 2778 4084 3092 4162; x_wconf 76' lang='grc' dir='ltr'>Τηριδάτου</span> <span class='ocrx_word' id='word_1_644' title='bbox 3131 4090 3258 4162; x_wconf 85' lang='grc' dir='ltr'>παρ’</span> <span class='ocrx_word' id='word_1_645' title='bbox 3301 4088 3470 4143; x_wconf 81' lang='grc' dir='ltr'>αὐτοῦ</span> <span class='ocrx_word' id='word_1_646' title='bbox 3519 4089 3791 4144; x_wconf 77' lang='grc' dir='ltr'>πέπονθεν</span> 
     </span>
    </p>
   </div>
   <div class='ocr_carea' id='block_1_88' title="bbox 2151 4177 3810 4256">
    <p class='ocr_par' dir='ltr' id='par_1_88' title="bbox 2151 4177 3810 4256">
     <span class='ocr_line' id='line_1_88' title="bbox 2151 4177 3810 4256; baseline -0.001 -22"><span class='ocrx_word' id='word_1_647' title='bbox 2151 4179 2418 4256; x_wconf 81' lang='grc' dir='ltr'>ἀνὲκφορα</span> <span class='ocrx_word' id='word_1_648' title='bbox 2465 4179 2523 4233; x_wconf 70' lang='grc' dir='ltr'><strong>ὀὶ</strong></span> <span class='ocrx_word' id='word_1_649' title='bbox 2577 4178 2731 4250; x_wconf 83' lang='grc' dir='ltr'>ὅμως</span> <span class='ocrx_word' id='word_1_650' title='bbox 2787 4178 2914 4249; x_wconf 90' lang='grc' dir='ltr'>παρ’</span> <span class='ocrx_word' id='word_1_651' title='bbox 2972 4178 3148 4250; x_wconf 79' lang='grc' dir='ltr'>ἐαυτῷ</span> <span class='ocrx_word' id='word_1_652' title='bbox 3209 4179 3481 4253; x_wconf 78' lang='grc' dir='ltr'>κατέχων,</span> <span class='ocrx_word' id='word_1_653' title='bbox 3548 4177 3810 4251; x_wconf 76' lang='grc' dir='ltr'>πρόσεισι</span> 
     </span>
    </p>
   </div>
   <div class='ocr_carea' id='block_1_89' title="bbox 2150 4264 3807 4343">
    <p class='ocr_par' dir='ltr' id='par_1_89' title="bbox 2150 4264 3807 4343">
     <span class='ocr_line' id='line_1_89' title="bbox 2150 4264 3807 4343; baseline -0.001 -19"><span class='ocrx_word' id='word_1_654' title='bbox 2150 4273 2230 4341; x_wconf 83' lang='grc' dir='ltr'><strong>τῷ</strong></span> <span class='ocrx_word' id='word_1_655' title='bbox 2286 4265 2564 4341; x_wconf 76' lang='grc' dir='ltr'>Τηριδάτῃ</span> <span class='ocrx_word' id='word_1_656' title='bbox 2619 4266 2697 4329; x_wconf 81' lang='grc' dir='ltr'><strong>είς</strong></span> <span class='ocrx_word' id='word_1_657' title='bbox 2743 4265 2989 4322; x_wconf 74' lang='grc' dir='ltr'>ἑκούσιον</span> <span class='ocrx_word' id='word_1_658' title='bbox 3046 4267 3235 4323; x_wconf 79' lang='grc' dir='ltr'>ἐαυτὸν</span> <span class='ocrx_word' id='word_1_659' title='bbox 3284 4266 3580 4341; x_wconf 85' lang='grc' dir='ltr'>ὑπηρεσίαν</span> <span class='ocrx_word' id='word_1_660' title='bbox 3611 4264 3807 4343; x_wconf 74' lang='grc' dir='ltr'>ἐγχειο</span> 
     </span>
    </p>
   </div>
   <div class='ocr_carea' id='block_1_90' title="bbox 2154 4354 3803 4434">
    <p class='ocr_par' dir='ltr' id='par_1_90' title="bbox 2154 4354 3803 4434">
     <span class='ocr_line' id='line_1_90' title="bbox 2154 4354 3803 4434; baseline 0 -23"><span class='ocrx_word' id='word_1_661' title='bbox 2154 4356 2339 4433; x_wconf 81' lang='grc' dir='ltr'>ρίζων,</span> <span class='ocrx_word' id='word_1_662' title='bbox 2370 4359 2459 4413; x_wconf 84' lang='grc' dir='ltr'>καὶ</span> <span class='ocrx_word' id='word_1_663' title='bbox 2508 4360 2573 4427; x_wconf 75' lang='grc' dir='ltr'>ἧν</span> <span class='ocrx_word' id='word_1_664' title='bbox 2633 4358 3035 4434; x_wconf 79' lang='grc' dir='ltr'>ἀπροφάσιστον</span> <span class='ocrx_word' id='word_1_665' title='bbox 3091 4356 3143 4412; x_wconf 91' lang='grc' dir='ltr'><strong>ἐν</strong></span> <span class='ocrx_word' id='word_1_666' title='bbox 3197 4361 3327 4413; x_wconf 84' lang='grc' dir='ltr'>πᾶσι</span> <span class='ocrx_word' id='word_1_667' title='bbox 3376 4362 3457 4429; x_wconf 78' lang='grc' dir='ltr'>τῷ</span> <span class='ocrx_word' id='word_1_668' title='bbox 3510 4354 3803 4431; x_wconf 76' lang='grc' dir='ltr'>Τηριδάτῃ</span> 
     </span>
    </p>
   </div>
   <div class='ocr_carea' id='block_1_91' title="bbox 2152 4442 3813 4521">
    <p class='ocr_par' dir='ltr' id='par_1_91' title="bbox 2152 4442 3813 4521">
     <span class='ocr_line' id='line_1_91' title="bbox 2152 4442 3813 4521; baseline 0 -20"><span class='ocrx_word' id='word_1_669' title='bbox 2152 4445 2241 4501; x_wconf 88' lang='grc' dir='ltr'>καί</span> <span class='ocrx_word' id='word_1_670' title='bbox 2288 4448 2487 4517; x_wconf 77' lang='grc' dir='ltr'>πιστὴν</span> <span class='ocrx_word' id='word_1_671' title='bbox 2542 4443 2840 4509; x_wconf 75' lang='grc' dir='ltr'>ἀποδιδοὺς</span> <span class='ocrx_word' id='word_1_672' title='bbox 2891 4445 3212 4521; x_wconf 68' lang='grc' dir='ltr'>ὑπηρεσίαν.</span> <span class='ocrx_word' id='word_1_673' title='bbox 3244 4446 3447 4502; x_wconf 76' lang='grc' dir='ltr'>Μαθὼν</span> <span class='ocrx_word' id='word_1_674' title='bbox 3496 4442 3553 4501; x_wconf 72' lang='grc' dir='ltr'>δὶ</span> <span class='ocrx_word' id='word_1_675' title='bbox 3595 4446 3683 4502; x_wconf 82' lang='grc' dir='ltr'><strong>ὅτι</strong></span> <span class='ocrx_word' id='word_1_676' title='bbox 3739 4448 3813 4502; x_wconf 80' lang='grc' dir='ltr'><strong>τά</strong></span> 
     </span>
    </p>
   </div>
   <div class='ocr_carea' id='block_1_92' title="bbox 396 4533 2035 4615">
    <p class='ocr_par' dir='ltr' id='par_1_92' title="bbox 396 4541 2035 4614">
     <span class='ocr_line' id='line_1_92' title="bbox 396 4541 2035 4614; baseline 0.003 -17"><span class='ocrx_word' id='word_1_677' title='bbox 396 4541 778 4600; x_wconf 83' lang='lat' dir='ltr'><strong>Christianam</strong></span> <span class='ocrx_word' id='word_1_678' title='bbox 808 4549 1002 4599; x_wconf 89' lang='lat' dir='ltr'><strong>tenere</strong></span> <span class='ocrx_word' id='word_1_679' title='bbox 1046 4543 1407 4614; x_wconf 91' lang='lat' dir='ltr'><strong>religionem,</strong></span> <span class='ocrx_word' id='word_1_680' title='bbox 1442 4558 1589 4614; x_wconf 72' lang='lat' dir='ltr'><strong>egre</strong></span> <span class='ocrx_word' id='word_1_681' title='bbox 1636 4542 1855 4600; x_wconf 87' lang='lat' dir='ltr'><strong>ferebat</strong></span> <span class='ocrx_word' id='word_1_682' title='bbox 1885 4546 2035 4602; x_wconf 88' lang='lat' dir='ltr'><strong>Teri-</strong></span> 
     </span>
    </p>
   </div>
   <div class='ocr_carea' id='block_1_93' title="bbox 2147 4533 3813 4615">
    <p class='ocr_par' dir='ltr' id='par_1_93' title="bbox 2152 4533 3813 4615">
     <span class='ocr_line' id='line_1_93' title="bbox 2152 4533 3813 4615; baseline -0.001 -23"><span class='ocrx_word' id='word_1_683' title='bbox 2152 4537 2484 4610; x_wconf 88' lang='grc' dir='ltr'>Χριστιανῶν</span> <span class='ocrx_word' id='word_1_684' title='bbox 2564 4536 2813 4606; x_wconf 77' lang='grc' dir='ltr'>θησκεύει</span> <span class='ocrx_word' id='word_1_685' title='bbox 2898 4536 3225 4612; x_wconf 80' lang='grc' dir='ltr'>Γρηγόριος,</span> <span class='ocrx_word' id='word_1_686' title='bbox 3305 4533 3654 4615; x_wconf 77' lang='grc' dir='ltr'>ἐδυσχέραινέ</span> <span class='ocrx_word' id='word_1_687' title='bbox 3750 4556 3813 4591; x_wconf 82' lang='grc' dir='ltr'>τε</span> 
     </span>
    </p>
   </div>
   <div class='ocr_carea' id='block_1_94' title="bbox 397 4630 2042 4703">
    <p class='ocr_par' dir='ltr' id='par_1_94' title="bbox 397 4630 2042 4703">
     <span class='ocr_line' id='line_1_94' title="bbox 397 4630 2042 4703; baseline 0.004 -18"><span class='ocrx_word' id='word_1_688' title='bbox 397 4630 582 4698; x_wconf 87' lang='lat' dir='ltr'><strong>dates,</strong></span> <span class='ocrx_word' id='word_1_689' title='bbox 641 4632 767 4703; x_wconf 89' lang='lat' dir='ltr'><strong>qui,</strong></span> <span class='ocrx_word' id='word_1_690' title='bbox 808 4632 915 4687; x_wconf 88' lang='lat' dir='ltr'><strong>etsi</strong></span> <span class='ocrx_word' id='word_1_691' title='bbox 973 4630 1297 4702; x_wconf 83' lang='lat' dir='ltr'><strong>proficeret,</strong></span> <span class='ocrx_word' id='word_1_692' title='bbox 1353 4647 1469 4687; x_wconf 89' lang='lat' dir='ltr'><strong>non</strong></span> <span class='ocrx_word' id='word_1_693' title='bbox 1526 4631 1796 4688; x_wconf 91' lang='lat' dir='ltr'><strong>cessabat</strong></span> <span class='ocrx_word' id='word_1_694' title='bbox 1846 4638 2042 4692; x_wconf 90' lang='lat' dir='ltr'><strong>tamen</strong></span> 
     </span>
    </p>
   </div>
   <div class='ocr_carea' id='block_1_95' title="bbox 398 4716 2038 4790">
    <p class='ocr_par' dir='ltr' id='par_1_95' title="bbox 398 4716 2038 4790">
     <span class='ocr_line' id='line_1_95' title="bbox 398 4716 2038 4790; baseline 0.004 -18"><span class='ocrx_word' id='word_1_695' title='bbox 398 4733 532 4774; x_wconf 91' lang='lat' dir='ltr'><strong>eum</strong></span> <span class='ocrx_word' id='word_1_696' title='bbox 555 4719 875 4790; x_wconf 82' lang='lat' dir='ltr'><strong>increpare.</strong></span> <span class='ocrx_word' id='word_1_697' title='bbox 902 4718 1097 4775; x_wconf 88' lang='lat' dir='ltr'><strong>Gotthi</strong></span> <span class='ocrx_word' id='word_1_698' title='bbox 1120 4734 1253 4774; x_wconf 91' lang='lat' dir='ltr'><strong>vero</strong></span> <span class='ocrx_word' id='word_1_699' title='bbox 1285 4716 1383 4774; x_wconf 91' lang='lat' dir='ltr'><strong>illo</strong></span> <span class='ocrx_word' id='word_1_700' title='bbox 1415 4726 1667 4790; x_wconf 88' lang='lat' dir='ltr'><strong>tempore</strong></span> <span class='ocrx_word' id='word_1_701' title='bbox 1690 4720 2038 4790; x_wconf 80' lang='lat' dir='ltr'><strong>papulaban-</strong></span> 
     </span>
    </p>
   </div>
   <div class='ocr_carea' id='block_1_96' title="bbox 399 4808 2040 4885">
    <p class='ocr_par' dir='ltr' id='par_1_96' title="bbox 399 4808 2040 4885">
     <span class='ocr_line' id='line_1_96' title="bbox 399 4808 2040 4885; baseline 0.004 -23"><span class='ocrx_word' id='word_1_702' title='bbox 399 4813 491 4863; x_wconf 89' lang='lat' dir='ltr'><strong>tur</strong></span> <span class='ocrx_word' id='word_1_703' title='bbox 528 4813 586 4864; x_wconf 91' lang='lat' dir='ltr'><strong>et</strong></span> <span class='ocrx_word' id='word_1_704' title='bbox 618 4809 917 4865; x_wconf 82' lang='lat' dir='ltr'><strong>vastabant</strong></span> <span class='ocrx_word' id='word_1_705' title='bbox 951 4824 1119 4878; x_wconf 80' lang='lat' dir='ltr'><strong>agros</strong></span> <span class='ocrx_word' id='word_1_706' title='bbox 1155 4808 1421 4865; x_wconf 68' lang='lat' dir='ltr'><strong>Romanis</strong></span> <span class='ocrx_word' id='word_1_707' title='bbox 1462 4810 1732 4881; x_wconf 88' lang='lat' dir='ltr'><strong>regionis.</strong></span> <span class='ocrx_word' id='word_1_708' title='bbox 1757 4808 1919 4868; x_wconf 86' lang='lat' dir='ltr'><strong>Unde</strong></span> <span class='ocrx_word' id='word_1_709' title='bbox 1941 4814 2040 4885; x_wconf 90' lang='lat' dir='ltr'><strong>qui</strong></span> 
     </span>
    </p>
   </div>
   <div class='ocr_carea' id='block_1_97' title="bbox 403 4898 2043 4974">
    <p class='ocr_par' dir='ltr' id='par_1_97' title="bbox 403 4898 2043 4974">
     <span class='ocr_line' id='line_1_97' title="bbox 403 4898 2043 4974; baseline 0.005 -22"><span class='ocrx_word' id='word_1_710' title='bbox 403 4904 539 4953; x_wconf 90' lang='lat' dir='ltr'><strong>tunc</strong></span> <span class='ocrx_word' id='word_1_711' title='bbox 592 4898 921 4955; x_wconf 79' lang='lat' dir='ltr'><strong>Romanum</strong></span> <span class='ocrx_word' id='word_1_712' title='bbox 952 4898 1253 4953; x_wconf 90' lang='lat' dir='ltr'><strong>obtinebat</strong></span> <span class='ocrx_word' id='word_1_713' title='bbox 1280 4898 1590 4970; x_wconf 91' lang='lat' dir='ltr'><strong>imperium</strong></span> <span class='ocrx_word' id='word_1_714' title='bbox 1641 4904 1888 4957; x_wconf 88' lang='lat' dir='ltr'><strong>surrexit</strong></span> <span class='ocrx_word' id='word_1_715' title='bbox 1918 4903 2043 4974; x_wconf 89' lang='lat' dir='ltr'><strong>ipse</strong></span> 
     </span>
    </p>
   </div>
   <div class='ocr_carea' id='block_1_98' title="bbox 400 4986 2045 5061">
    <p class='ocr_par' dir='ltr' id='par_1_98' title="bbox 400 4986 2045 5061">
     <span class='ocr_line' id='line_1_98' title="bbox 400 4986 2045 5061; baseline 0.004 -18"><span class='ocrx_word' id='word_1_716' title='bbox 400 5002 629 5058; x_wconf 88' lang='lat' dir='ltr'><strong>quoque</strong></span> <span class='ocrx_word' id='word_1_717' title='bbox 659 4987 794 5043; x_wconf 89' lang='lat' dir='ltr'><strong>totis</strong></span> <span class='ocrx_word' id='word_1_718' title='bbox 851 4986 1072 5041; x_wconf 88' lang='lat' dir='ltr'><strong>viribus</strong></span> <span class='ocrx_word' id='word_1_719' title='bbox 1106 5002 1119 5041; x_wconf 91' lang='lat'><strong>:</strong></span> <span class='ocrx_word' id='word_1_720' title='bbox 1153 4992 1210 5043; x_wconf 89' lang='lat' dir='ltr'><strong>et</strong></span> <span class='ocrx_word' id='word_1_721' title='bbox 1266 5003 1393 5059; x_wconf 69' lang='lat' dir='ltr'><strong>quae</strong></span> <span class='ocrx_word' id='word_1_722' title='bbox 1443 4991 1509 5043; x_wconf 88' lang='lat' dir='ltr'><strong>ad</strong></span> <span class='ocrx_word' id='word_1_723' title='bbox 1546 4989 1759 5044; x_wconf 90' lang='lat' dir='ltr'><strong>bellum</strong></span> <span class='ocrx_word' id='word_1_724' title='bbox 1790 4992 2045 5061; x_wconf 87' lang='lat' dir='ltr'><strong>pertine-</strong></span> 
     </span>
    </p>
   </div>
   <div class='ocr_carea' id='block_1_99' title="bbox 402 5075 2046 5152">
    <p class='ocr_par' dir='ltr' id='par_1_99' title="bbox 402 5075 2046 5152">
     <span class='ocr_line' id='line_1_99' title="bbox 402 5075 2046 5152; baseline 0.005 -23"><span class='ocrx_word' id='word_1_725' title='bbox 402 5076 542 5130; x_wconf 89' lang='lat' dir='ltr'><strong>bant</strong></span> <span class='ocrx_word' id='word_1_726' title='bbox 574 5076 836 5148; x_wconf 88' lang='lat' dir='ltr'><strong>parabat,</strong></span> <span class='ocrx_word' id='word_1_727' title='bbox 888 5091 1104 5146; x_wconf 88' lang='lat' dir='ltr'><strong>eosque</strong></span> <span class='ocrx_word' id='word_1_728' title='bbox 1156 5075 1405 5132; x_wconf 87' lang='lat' dir='ltr'><strong>advocat</strong></span> <span class='ocrx_word' id='word_1_729' title='bbox 1456 5077 1553 5149; x_wconf 90' lang='lat' dir='ltr'><strong>qui</strong></span> <span class='ocrx_word' id='word_1_730' title='bbox 1595 5080 1722 5148; x_wconf 88' lang='lat' dir='ltr'><strong>ejus</strong></span> <span class='ocrx_word' id='word_1_731' title='bbox 1770 5082 2046 5152; x_wconf 88' lang='lat' dir='ltr'><strong>parebant</strong></span> 
     </span>
    </p>
   </div>
   <div class='ocr_carea' id='block_1_100' title="bbox 406 5164 2046 5230">
    <p class='ocr_par' dir='ltr' id='par_1_100' title="bbox 406 5164 2046 5230">
     <span class='ocr_line' id='line_1_100' title="bbox 406 5164 2046 5230; baseline 0.007 -11"><span class='ocrx_word' id='word_1_732' title='bbox 406 5166 649 5230; x_wconf 87' lang='lat' dir='ltr'><strong>ditione,</strong></span> <span class='ocrx_word' id='word_1_733' title='bbox 681 5181 748 5219; x_wconf 91' lang='lat' dir='ltr'><strong>ac</strong></span> <span class='ocrx_word' id='word_1_734' title='bbox 780 5180 841 5219; x_wconf 91' lang='lat' dir='ltr'><strong>se</strong></span> <span class='ocrx_word' id='word_1_735' title='bbox 897 5164 1135 5220; x_wconf 86' lang='lat' dir='ltr'><strong>omnino</strong></span> <span class='ocrx_word' id='word_1_736' title='bbox 1186 5167 1508 5221; x_wconf 86' lang='lat' dir='ltr'><strong>instruebat</strong></span> <span class='ocrx_word' id='word_1_737' title='bbox 1565 5169 1636 5223; x_wconf 88' lang='lat' dir='ltr'><strong>ad</strong></span> <span class='ocrx_word' id='word_1_738' title='bbox 1678 5168 2046 5230; x_wconf 81' lang='lat' dir='ltr'><strong>ulciscendas</strong></span> 
     </span>
    </p>
   </div>
   <div class='ocr_carea' id='block_1_101' title="bbox 404 5252 2047 5324">
    <p class='ocr_par' dir='ltr' id='par_1_101' title="bbox 404 5252 2047 5324">
     <span class='ocr_line' id='line_1_101' title="bbox 404 5252 2047 5324; baseline 0.005 -15"><span class='ocrx_word' id='word_1_739' title='bbox 404 5253 666 5309; x_wconf 89' lang='lat' dir='ltr'><strong>Gottbos.</strong></span> <span class='ocrx_word' id='word_1_740' title='bbox 728 5253 867 5307; x_wconf 92' lang='lat' dir='ltr'><strong>Cum</strong></span> <span class='ocrx_word' id='word_1_741' title='bbox 930 5252 1124 5324; x_wconf 88' lang='lat' dir='ltr'><strong>itaque</strong></span> <span class='ocrx_word' id='word_1_742' title='bbox 1196 5254 1346 5310; x_wconf 86' lang='lat' dir='ltr'><strong>alter</strong></span> <span class='ocrx_word' id='word_1_743' title='bbox 1399 5272 1464 5311; x_wconf 88' lang='lat' dir='ltr'><strong>ex</strong></span> <span class='ocrx_word' id='word_1_744' title='bbox 1525 5257 1766 5315; x_wconf 90' lang='lat' dir='ltr'><strong>adverso</strong></span> <span class='ocrx_word' id='word_1_745' title='bbox 1811 5261 2047 5317; x_wconf 86' lang='lat' dir='ltr'><strong>alterius</strong></span> 
     </span>
    </p>
   </div>
   <div class='ocr_carea' id='block_1_102' title="bbox 406 5340 2048 5420">
    <p class='ocr_par' dir='ltr' id='par_1_102' title="bbox 406 5340 2048 5420">
     <span class='ocr_line' id='line_1_102' title="bbox 406 5340 2048 5420; baseline 0.007 -25"><span class='ocrx_word' id='word_1_746' title='bbox 406 5340 804 5395; x_wconf 85' lang='lat' dir='ltr'><strong>castrametati</strong></span> <span class='ocrx_word' id='word_1_747' title='bbox 862 5348 1076 5407; x_wconf 86' lang='lat' dir='ltr'><strong>essent,</strong></span> <span class='ocrx_word' id='word_1_748' title='bbox 1140 5350 1196 5400; x_wconf 90' lang='lat' dir='ltr'><strong>et</strong></span> <span class='ocrx_word' id='word_1_749' title='bbox 1232 5345 1415 5401; x_wconf 88' lang='lat' dir='ltr'><strong>aciem</strong></span> <span class='ocrx_word' id='word_1_750' title='bbox 1462 5348 1694 5420; x_wconf 87' lang='lat' dir='ltr'><strong>utrique</strong></span> <span class='ocrx_word' id='word_1_751' title='bbox 1740 5348 2048 5407; x_wconf 84' lang='lat' dir='ltr'><strong>instruxis-</strong></span> 
     </span>
    </p>
   </div>
   <div class='ocr_carea' id='block_1_103' title="bbox 407 5434 2051 5503">
    <p class='ocr_par' dir='ltr' id='par_1_103' title="bbox 407 5434 2051 5503">
     <span class='ocr_line' id='line_1_103' title="bbox 407 5434 2051 5503; baseline 0.007 -19"><span class='ocrx_word' id='word_1_752' title='bbox 407 5434 558 5496; x_wconf 84' lang='lat' dir='ltr'><strong>sent,</strong></span> <span class='ocrx_word' id='word_1_753' title='bbox 590 5435 646 5485; x_wconf 91' lang='lat' dir='ltr'><strong>et</strong></span> <span class='ocrx_word' id='word_1_754' title='bbox 675 5447 885 5487; x_wconf 88' lang='lat' dir='ltr'><strong>manus</strong></span> <span class='ocrx_word' id='word_1_755' title='bbox 922 5449 1052 5488; x_wconf 89' lang='lat' dir='ltr'><strong>mox</strong></span> <span class='ocrx_word' id='word_1_756' title='bbox 1081 5440 1274 5490; x_wconf 90' lang='lat' dir='ltr'><strong>essent</strong></span> <span class='ocrx_word' id='word_1_757' title='bbox 1295 5438 1641 5503; x_wconf 90' lang='lat' dir='ltr'><strong>conserturi,</strong></span> <span class='ocrx_word' id='word_1_758' title='bbox 1671 5440 1786 5495; x_wconf 84' lang='lat' dir='ltr'><strong>dux</strong></span> <span class='ocrx_word' id='word_1_759' title='bbox 1815 5440 2051 5496; x_wconf 88' lang='lat' dir='ltr'><strong>Gottbo-</strong></span> 
     </span>
    </p>
   </div>
   <div class='ocr_carea' id='block_1_104' title="bbox 406 5522 2052 5603">
    <p class='ocr_par' dir='ltr' id='par_1_104' title="bbox 406 5522 2052 5603">
     <span class='ocr_line' id='line_1_104' title="bbox 406 5522 2052 5603; baseline 0.005 -25"><span class='ocrx_word' id='word_1_760' title='bbox 406 5536 541 5578; x_wconf 89' lang='lat' dir='ltr'><strong>rum</strong></span> <span class='ocrx_word' id='word_1_761' title='bbox 581 5522 914 5593; x_wconf 88' lang='lat' dir='ltr'><strong>provocavit</strong></span> <span class='ocrx_word' id='word_1_762' title='bbox 969 5539 1165 5596; x_wconf 86' lang='lat' dir='ltr'><strong>regem</strong></span> <span class='ocrx_word' id='word_1_763' title='bbox 1205 5528 1598 5583; x_wconf 79' lang='lat' dir='ltr'><strong>Romanorum</strong></span> <span class='ocrx_word' id='word_1_764' title='bbox 1632 5528 1702 5583; x_wconf 85' lang='lat' dir='ltr'><strong>ad</strong></span> <span class='ocrx_word' id='word_1_765' title='bbox 1755 5529 2052 5603; x_wconf 87' lang='lat' dir='ltr'><strong>singulare</strong></span> 
     </span>
    </p>
   </div>
   <div class='ocr_carea' id='block_1_105' title="bbox 406 5609 2050 5687">
    <p class='ocr_par' dir='ltr' id='par_1_105' title="bbox 406 5609 2050 5687">
     <span class='ocr_line' id='line_1_105' title="bbox 406 5609 2050 5687; baseline 0.003 -17"><span class='ocrx_word' id='word_1_766' title='bbox 406 5615 722 5670; x_wconf 86' lang='lat' dir='ltr'><strong>certamen.</strong></span> <span class='ocrx_word' id='word_1_767' title='bbox 748 5609 849 5669; x_wconf 87' lang='lat' dir='ltr'><strong>Ille</strong></span> <span class='ocrx_word' id='word_1_768' title='bbox 879 5615 1077 5669; x_wconf 78' lang='lat' dir='ltr'><strong>autem</strong></span> <span class='ocrx_word' id='word_1_769' title='bbox 1107 5615 1320 5686; x_wconf 85' lang='lat' dir='ltr'><strong>(neque</strong></span> <span class='ocrx_word' id='word_1_770' title='bbox 1349 5614 1501 5671; x_wconf 81' lang='lat' dir='ltr'><strong>enim</strong></span> <span class='ocrx_word' id='word_1_771' title='bbox 1524 5620 1748 5687; x_wconf 87' lang='lat' dir='ltr'><strong>poterat</strong></span> <span class='ocrx_word' id='word_1_772' title='bbox 1776 5620 1899 5675; x_wconf 89' lang='lat' dir='ltr'><strong>suis</strong></span> <span class='ocrx_word' id='word_1_773' title='bbox 1932 5635 2050 5675; x_wconf 89' lang='lat' dir='ltr'><strong>ma-</strong></span> 
     </span>
    </p>
   </div>
   <div class='ocr_carea' id='block_1_106' title="bbox 2153 4621 3812 4701">
    <p class='ocr_par' dir='ltr' id='par_1_106' title="bbox 2153 4621 3812 4701">
     <span class='ocr_line' id='line_1_106' title="bbox 2153 4621 3812 4701; baseline -0.002 -19"><span class='ocrx_word' id='word_1_774' title='bbox 2153 4626 2312 4688; x_wconf 86' lang='grc' dir='ltr'>οὗτος</span> <span class='ocrx_word' id='word_1_775' title='bbox 2355 4626 2383 4680; x_wconf 93' lang='lat'><strong>6</strong></span> <span class='ocrx_word' id='word_1_776' title='bbox 2428 4621 2742 4701; x_wconf 83' lang='grc' dir='ltr'>Τηριδάτης</span> <span class='ocrx_word' id='word_1_777' title='bbox 2794 4624 2886 4680; x_wconf 83' lang='grc' dir='ltr'><strong>καὶ</strong></span> <span class='ocrx_word' id='word_1_778' title='bbox 2936 4624 2979 4679; x_wconf 84' lang='grc' dir='ltr'><strong>εί</strong></span> <span class='ocrx_word' id='word_1_779' title='bbox 3033 4622 3204 4699; x_wconf 76' lang='grc' dir='ltr'>μηδὶν</span> <span class='ocrx_word' id='word_1_780' title='bbox 3260 4623 3443 4697; x_wconf 77' lang='grc' dir='ltr'>ἤνυεν,</span> <span class='ocrx_word' id='word_1_781' title='bbox 3475 4626 3630 4697; x_wconf 82' lang='grc' dir='ltr'>ὅμως</span> <span class='ocrx_word' id='word_1_782' title='bbox 3690 4626 3812 4679; x_wconf 77' lang='grc' dir='ltr'>ἐπι-</span> 
     </span>
    </p>
   </div>
   <div class='ocr_carea' id='block_1_107' title="bbox 2149 4711 3808 4790">
    <p class='ocr_par' dir='ltr' id='par_1_107' title="bbox 2149 4711 3808 4790">
     <span class='ocr_line' id='line_1_107' title="bbox 2149 4711 3808 4790; baseline -0.001 -19"><span class='ocrx_word' id='word_1_783' title='bbox 2149 4720 2325 4789; x_wconf 83' lang='grc' dir='ltr'>τιμῶν</span> <span class='ocrx_word' id='word_1_784' title='bbox 2386 4716 2485 4771; x_wconf 81' lang='grc' dir='ltr'>οὐκ</span> <span class='ocrx_word' id='word_1_785' title='bbox 2542 4714 2699 4772; x_wconf 86' lang='grc' dir='ltr'>ἀνίει.</span> <span class='ocrx_word' id='word_1_786' title='bbox 2736 4715 2928 4779; x_wconf 88' lang='grc' dir='ltr'>Γότθοι</span> <span class='ocrx_word' id='word_1_787' title='bbox 2986 4711 3044 4769; x_wconf 78' lang='grc' dir='ltr'>δὲ</span> <span class='ocrx_word' id='word_1_788' title='bbox 3098 4715 3218 4769; x_wconf 83' lang='grc' dir='ltr'>κατ’</span> <span class='ocrx_word' id='word_1_789' title='bbox 3265 4712 3441 4769; x_wconf 83' lang='grc' dir='ltr'>ἐκεῖνο</span> <span class='ocrx_word' id='word_1_790' title='bbox 3488 4717 3685 4790; x_wconf 78' lang='grc' dir='ltr'>καιροῦ</span> <span class='ocrx_word' id='word_1_791' title='bbox 3736 4716 3808 4769; x_wconf 75' lang='grc' dir='ltr'><strong>τά</strong></span> 
     </span>
    </p>
   </div>
   <div class='ocr_carea' id='block_1_108' title="bbox 2149 4796 3803 4885">
    <p class='ocr_par' dir='ltr' id='par_1_108' title="bbox 2149 4796 3803 4885">
     <span class='ocr_line' id='line_1_108' title="bbox 2149 4796 3803 4885; baseline -0.002 -23"><span class='ocrx_word' id='word_1_792' title='bbox 2149 4796 2440 4879; x_wconf 81' lang='grc' dir='ltr'>Ῥωμαίων</span> <span class='ocrx_word' id='word_1_793' title='bbox 2482 4804 2663 4885; x_wconf 87' lang='grc' dir='ltr'>χωρία</span> <span class='ocrx_word' id='word_1_794' title='bbox 2692 4800 2886 4879; x_wconf 73' lang='grc' dir='ltr'>ἐδῄουν</span> <span class='ocrx_word' id='word_1_795' title='bbox 2924 4824 2983 4860; x_wconf 87' lang='grc' dir='ltr'><strong>τε</strong></span> <span class='ocrx_word' id='word_1_796' title='bbox 3029 4804 3120 4859; x_wconf 82' lang='grc' dir='ltr'><strong>καὶ</strong></span> <span class='ocrx_word' id='word_1_797' title='bbox 3166 4800 3655 4878; x_wconf 80' lang='grc' dir='ltr'>ἠνδραποδίζοντο.</span> <span class='ocrx_word' id='word_1_798' title='bbox 3693 4805 3803 4860; x_wconf 84' lang='grc' dir='ltr'>Καὶ</span> 
     </span>
    </p>
   </div>
   <div class='ocr_carea' id='block_1_109' title="bbox 2154 4890 3802 4969">
    <p class='ocr_par' dir='ltr' id='par_1_109' title="bbox 2154 4890 3802 4969">
     <span class='ocr_line' id='line_1_109' title="bbox 2154 4890 3802 4969; baseline 0.001 -20"><span class='ocrx_word' id='word_1_799' title='bbox 2154 4895 2183 4949; x_wconf 90' lang='lat'><strong>6</strong></span> <span class='ocrx_word' id='word_1_800' title='bbox 2238 4894 2536 4969; x_wconf 87' lang='grc' dir='ltr'>Ῥωμαίαις</span> <span class='ocrx_word' id='word_1_801' title='bbox 2586 4893 2643 4950; x_wconf 74' lang='grc' dir='ltr'>δὲ</span> <span class='ocrx_word' id='word_1_802' title='bbox 2690 4896 2813 4951; x_wconf 86' lang='grc' dir='ltr'>τότε</span> <span class='ocrx_word' id='word_1_803' title='bbox 2868 4896 2966 4963; x_wconf 80' lang='grc' dir='ltr'><strong>τήν</strong></span> <span class='ocrx_word' id='word_1_804' title='bbox 3025 4892 3305 4969; x_wconf 88' lang='grc' dir='ltr'>βασιλείαν</span> <span class='ocrx_word' id='word_1_805' title='bbox 3374 4891 3596 4964; x_wconf 88' lang='grc' dir='ltr'>διέπων,</span> <span class='ocrx_word' id='word_1_806' title='bbox 3646 4890 3802 4950; x_wconf 79' lang='grc' dir='ltr'>διαν-</span> 
     </span>
    </p>
   </div>
   <div class='ocr_carea' id='block_1_110' title="bbox 2159 4976 3812 5053">
    <p class='ocr_par' dir='ltr' id='par_1_110' title="bbox 2159 4976 3812 5053">
     <span class='ocr_line' id='line_1_110' title="bbox 2159 4976 3812 5053; baseline 0 -13"><span class='ocrx_word' id='word_1_807' title='bbox 2159 4986 2339 5040; x_wconf 85' lang='grc' dir='ltr'>ίστατο</span> <span class='ocrx_word' id='word_1_808' title='bbox 2385 4983 2475 5039; x_wconf 81' lang='grc' dir='ltr'><strong>καὶ</strong></span> <span class='ocrx_word' id='word_1_809' title='bbox 2526 4983 2685 5047; x_wconf 76' lang='grc' dir='ltr'>αὐτὸς</span> <span class='ocrx_word' id='word_1_810' title='bbox 2744 4984 2900 5039; x_wconf 85' lang='grc' dir='ltr'>παντὶ</span> <span class='ocrx_word' id='word_1_811' title='bbox 2941 4982 3134 5053; x_wconf 75' lang='grc' dir='ltr'>σθένει,</span> <span class='ocrx_word' id='word_1_812' title='bbox 3163 4983 3257 5038; x_wconf 86' lang='grc' dir='ltr'><strong>καὶ</strong></span> <span class='ocrx_word' id='word_1_813' title='bbox 3303 4984 3371 5039; x_wconf 84' lang='grc' dir='ltr'>τὰ</span> <span class='ocrx_word' id='word_1_814' title='bbox 3424 4976 3505 5046; x_wconf 51' lang='grc' dir='ltr'><strong>ἐίς</strong></span> <span class='ocrx_word' id='word_1_815' title='bbox 3555 4983 3647 5038; x_wconf 84' lang='grc' dir='ltr'><strong>τὸν</strong></span> <span class='ocrx_word' id='word_1_816' title='bbox 3699 4985 3812 5040; x_wconf 81' lang='grc' dir='ltr'>πό·-</span> 
     </span>
    </p>
   </div>
   <div class='ocr_carea' id='block_1_111' title="bbox 2156 5071 3807 5149">
    <p class='ocr_par' dir='ltr' id='par_1_111' title="bbox 2156 5071 3807 5149">
     <span class='ocr_line' id='line_1_111' title="bbox 2156 5071 3807 5149; baseline -0.001 -20"><span class='ocrx_word' id='word_1_817' title='bbox 2156 5071 2325 5149; x_wconf 87' lang='grc' dir='ltr'>λεμον</span> <span class='ocrx_word' id='word_1_818' title='bbox 2373 5074 2506 5148; x_wconf 83' lang='grc' dir='ltr'>μετὰ</span> <span class='ocrx_word' id='word_1_819' title='bbox 2550 5077 2659 5129; x_wconf 90' lang='grc' dir='ltr'><strong>τῶν</strong></span> <span class='ocrx_word' id='word_1_820' title='bbox 2709 5073 2811 5127; x_wconf 86' lang='grc' dir='ltr'>ὑπὸ</span> <span class='ocrx_word' id='word_1_821' title='bbox 2861 5078 3023 5148; x_wconf 85' lang='grc' dir='ltr'>χεῖρα</span> <span class='ocrx_word' id='word_1_822' title='bbox 3083 5071 3471 5147; x_wconf 76' lang='grc' dir='ltr'>ηὑτρεπίζετο,</span> <span class='ocrx_word' id='word_1_823' title='bbox 3517 5071 3609 5127; x_wconf 86' lang='grc' dir='ltr'><strong>καὶ</strong></span> <span class='ocrx_word' id='word_1_824' title='bbox 3659 5073 3807 5145; x_wconf 85' lang='grc' dir='ltr'>ἀμυ-</span> 
     </span>
    </p>
   </div>
   <div class='ocr_carea' id='block_1_112' title="bbox 2155 5162 3806 5239">
    <p class='ocr_par' dir='ltr' id='par_1_112' title="bbox 2155 5162 3806 5239">
     <span class='ocr_line' id='line_1_112' title="bbox 2155 5162 3806 5239; baseline 0 -20"><span class='ocrx_word' id='word_1_825' title='bbox 2155 5169 2361 5228; x_wconf 87' lang='grc' dir='ltr'>νεῖσθαι</span> <span class='ocrx_word' id='word_1_826' title='bbox 2395 5164 2624 5221; x_wconf 72' lang='grc' dir='ltr'>Γότθους</span> <span class='ocrx_word' id='word_1_827' title='bbox 2656 5164 3089 5233; x_wconf 79' lang='grc' dir='ltr'>συσεσκευάζετο.</span> <span class='ocrx_word' id='word_1_828' title='bbox 3122 5164 3313 5229; x_wconf 76' lang='grc' dir='ltr'>Ἔνθεν</span> <span class='ocrx_word' id='word_1_829' title='bbox 3338 5184 3424 5219; x_wconf 86' lang='grc' dir='ltr'><strong>τοι</strong></span> <span class='ocrx_word' id='word_1_830' title='bbox 3470 5162 3583 5218; x_wconf 82' lang='grc' dir='ltr'>ἀντὶ</span> <span class='ocrx_word' id='word_1_831' title='bbox 3633 5183 3806 5239; x_wconf 77' lang='grc' dir='ltr'>στρα-</span> 
     </span>
    </p>
   </div>
   <div class='ocr_carea' id='block_1_113' title="bbox 2156 5250 3808 5327">
    <p class='ocr_par' dir='ltr' id='par_1_113' title="bbox 2156 5250 3808 5327">
     <span class='ocr_line' id='line_1_113' title="bbox 2156 5250 3808 5327; baseline -0.001 -17"><span class='ocrx_word' id='word_1_832' title='bbox 2156 5250 2632 5327; x_wconf 82' lang='grc' dir='ltr'>τοπεδευσαμένων</span> <span class='ocrx_word' id='word_1_833' title='bbox 2686 5251 2745 5307; x_wconf 85' lang='grc' dir='ltr'><strong>ἐκ</strong></span> <span class='ocrx_word' id='word_1_834' title='bbox 2798 5257 2894 5308; x_wconf 79' lang='grc' dir='ltr'>τοῦ</span> <span class='ocrx_word' id='word_1_835' title='bbox 2950 5252 3190 5309; x_wconf 88' lang='grc' dir='ltr'>ἐναντίου</span> <span class='ocrx_word' id='word_1_836' title='bbox 3230 5250 3528 5325; x_wconf 81' lang='grc' dir='ltr'>ἀλλήλοις,</span> <span class='ocrx_word' id='word_1_837' title='bbox 3566 5252 3660 5309; x_wconf 81' lang='grc' dir='ltr'><strong>καὶ</strong></span> <span class='ocrx_word' id='word_1_838' title='bbox 3700 5255 3808 5324; x_wconf 74' lang='grc' dir='ltr'><strong>τήν</strong></span> 
     </span>
    </p>
   </div>
   <div class='ocr_carea' id='block_1_114' title="bbox 2157 5339 3805 5418">
    <p class='ocr_par' dir='ltr' id='par_1_114' title="bbox 2157 5339 3805 5418">
     <span class='ocr_line' id='line_1_114' title="bbox 2157 5339 3805 5418; baseline -0.001 -19"><span class='ocrx_word' id='word_1_839' title='bbox 2157 5344 2406 5418; x_wconf 74' lang='grc' dir='ltr'>στρατιὰν</span> <span class='ocrx_word' id='word_1_840' title='bbox 2489 5340 2739 5417; x_wconf 73' lang='grc' dir='ltr'>ἑκατέραν</span> <span class='ocrx_word' id='word_1_841' title='bbox 2816 5339 3200 5417; x_wconf 75' lang='grc' dir='ltr'>διαταξαντων,</span> <span class='ocrx_word' id='word_1_842' title='bbox 3274 5341 3366 5399; x_wconf 79' lang='grc' dir='ltr'><strong>καὶ</strong></span> <span class='ocrx_word' id='word_1_843' title='bbox 3450 5341 3525 5405; x_wconf 83' lang='grc' dir='ltr'>εἷς</span> <span class='ocrx_word' id='word_1_844' title='bbox 3607 5348 3805 5417; x_wconf 84' lang='grc' dir='ltr'>χεῖρας</span> 
     </span>
    </p>
   </div>
   <div class='ocr_carea' id='block_1_115' title="bbox 2158 5430 3808 5507">
    <p class='ocr_par' dir='ltr' id='par_1_115' title="bbox 2158 5430 3808 5507">
     <span class='ocr_line' id='line_1_115' title="bbox 2158 5430 3808 5507; baseline -0.001 -18"><span class='ocrx_word' id='word_1_845' title='bbox 2158 5434 2282 5490; x_wconf 76' lang='grc' dir='ltr'>ὅσον</span> <span class='ocrx_word' id='word_1_846' title='bbox 2342 5430 2557 5489; x_wconf 80' lang='grc' dir='ltr'>οὐδέπω</span> <span class='ocrx_word' id='word_1_847' title='bbox 2615 5431 2832 5502; x_wconf 73' lang='grc' dir='ltr'>ἰόντων,</span> <span class='ocrx_word' id='word_1_848' title='bbox 2894 5432 2922 5488; x_wconf 85' lang='lat'><strong>6</strong></span> <span class='ocrx_word' id='word_1_849' title='bbox 2978 5437 3085 5489; x_wconf 86' lang='grc' dir='ltr'><strong>τῶν</strong></span> <span class='ocrx_word' id='word_1_850' title='bbox 3141 5431 3350 5488; x_wconf 88' lang='grc' dir='ltr'>Γότθων</span> <span class='ocrx_word' id='word_1_851' title='bbox 3408 5432 3661 5507; x_wconf 85' lang='grc' dir='ltr'>ἀρχηγὸς</span> <span class='ocrx_word' id='word_1_852' title='bbox 3724 5433 3808 5495; x_wconf 73' lang='grc' dir='ltr'>εἷς</span> 
     </span>
    </p>
   </div>
   <div class='ocr_carea' id='block_1_116' title="bbox 2162 5519 3806 5600">
    <p class='ocr_par' dir='ltr' id='par_1_116' title="bbox 2162 5519 3806 5600">
     <span class='ocr_line' id='line_1_116' title="bbox 2162 5519 3806 5600; baseline -0.002 -21"><span class='ocrx_word' id='word_1_853' title='bbox 2162 5521 2514 5600; x_wconf 87' lang='grc' dir='ltr'>μονομαχίαν</span> <span class='ocrx_word' id='word_1_854' title='bbox 2551 5520 2910 5598; x_wconf 86' lang='grc' dir='ltr'>προεκαλεῖτο</span> <span class='ocrx_word' id='word_1_855' title='bbox 2960 5520 3052 5579; x_wconf 75' lang='grc' dir='ltr'>τὸν</span> <span class='ocrx_word' id='word_1_856' title='bbox 3106 5519 3335 5598; x_wconf 78' lang='grc' dir='ltr'>βασιλέα</span> <span class='ocrx_word' id='word_1_857' title='bbox 3380 5519 3701 5595; x_wconf 85' lang='grc' dir='ltr'>Ῥωμαίων.</span> <span class='ocrx_word' id='word_1_858' title='bbox 3741 5521 3806 5581; x_wconf 78' lang='grc' dir='ltr'>Ὀ</span> 
     </span>
    </p>
   </div>
   <div class='ocr_carea' id='block_1_117' title="bbox 2159 5604 3807 5689">
    <p class='ocr_par' dir='ltr' id='par_1_117' title="bbox 2159 5604 3807 5689">
     <span class='ocr_line' id='line_1_117' title="bbox 2159 5604 3807 5689; baseline -0.002 -19"><span class='ocrx_word' id='word_1_859' title='bbox 2159 5611 2217 5670; x_wconf 70' lang='grc' dir='ltr'><strong>δέ</strong></span> <span class='ocrx_word' id='word_1_860' title='bbox 2263 5613 2350 5689; x_wconf 81' lang='grc' dir='ltr'><strong>(οὐ</strong></span> <span class='ocrx_word' id='word_1_861' title='bbox 2399 5614 2498 5689; x_wconf 69' lang='grc' dir='ltr'><strong>γὰρ</strong></span> <span class='ocrx_word' id='word_1_862' title='bbox 2548 5611 2664 5674; x_wconf 79' lang='grc' dir='ltr'>οἷός</span> <span class='ocrx_word' id='word_1_863' title='bbox 2714 5632 2773 5668; x_wconf 85' lang='grc' dir='ltr'>τε</span> <span class='ocrx_word' id='word_1_864' title='bbox 2827 5610 2893 5682; x_wconf 77' lang='grc' dir='ltr'>ἦν</span> <span class='ocrx_word' id='word_1_865' title='bbox 2949 5612 3135 5688; x_wconf 75' lang='grc' dir='ltr'>χερσίν</span> <span class='ocrx_word' id='word_1_866' title='bbox 3186 5609 3409 5672; x_wconf 71' lang='grc' dir='ltr'>οἰκείαις</span> <span class='ocrx_word' id='word_1_867' title='bbox 3474 5604 3807 5671; x_wconf 75' lang='grc' dir='ltr'>καταϐαλεῖν</span> 
     </span>
    </p>
   </div>
  </div>
