4042 6222
331 354 446 417 953

1326 366 1505 427 νιΤΑ
1554 369 1617 429 S.
1667 364 2033 431 GREGORII
2080 368 2721 431 ILLUMJNATORIS.

3615 366 3732 427 954

323 519 417 573 τὸν
466 518 811 606 άντίπαλον),
842 523 925 585 τίς
974 523 1033 578 ἂν
1075 525 1277 580 ἐκεῖνον
1320 526 1633 604 υποκριθεῖς
1680 533 1759 603 τῷ
1790 530 1967 603 Γότθῳ

2091 532 2263 589 nibus
2286 536 2649 606 prosternere
2671 529 3094 598 adversarium)
3118 530 3431 601 quaerebat,
3456 531 3732 602 quisnam

323 604 675 684 προσϐάλλοι
706 609 768 666 ἐκ
803 615 911 667 τῶν
941 615 1066 689 παρ’
1082 616 1259 688 ἔαυτῷ
1283 614 1557 689 ἐπεζήτει.

398 790 473 850 6'.
543 794 880 857 Δικιννιανὸς
938 792 996 851 δὲ
1049 818 1132 860 τις
1184 798 1322 875 ἀνὴρ
1368 804 1475 856 τῶν
1516 802 1572 857 ἓν
1621 804 1976 880 στρατηγίαις

326 878 724 954 ἐξεταζομένων
770 884 834 938 τὸ
898 890 1194 955 τηνικαῦτα
1246 888 1459 967 θαρρεῖν
1522 878 1853 949 ὑποτίθεταί
1895 899 1975 967 τῷ

331 967 583 1042 βασιλεῖ’
637 971 771 1027 εἶναι
824 973 931 1048 γὰρ
982 974 1155 1031 πάλαι
1195 978 1303 1032 τῶν
1345 981 1472 1053 παρ’
1502 981 1647 1054 αὐτῷ
1688 1003 1973 1059 στρατευο-

333 1056 503 1148 μὲνων
552 1062 692 1132 τινὰ,
751 1060 1063 1138 Τηριδάτην
1122 1065 1326 1122 ἐκεῖνον
1372 1068 1463 1123 τὸν
1524 1070 1600 1133 εἷς
1646 1074 1708 1127 τὸ
1755 1056 1975 1148 βασιλι-

325 1146 419 1235 κὸν
473 1155 573 1217 τῆς
609 1150 891 1225 Ἀρμενίας
948 1152 1279 1232 ἀναφέροντα
1329 1158 1488 1231 αἷμα,
1529 1156 1697 1235 ἄνδρα
1751 1146 1973 1235 δυνάμει

324 1234 416 1290 καὶ
457 1238 644 1311 χερσὶν
672 1237 917 1315 ἄμαχον,
957 1242 1045 1296 καὶ
1084 1242 1305 1315 πολλὴν
1335 1244 1386 1301 ἐν
1432 1234 1668 1311 πολλοῖς
1700 1234 1975 1306 δεδωκότα

325 1328 514 1400 πεῖραν
549 1333 648 1396 τῆς
699 1329 863 1384 αὐτοῦ
912 1332 1314 1407 γενναιότητος.
1351 1335 1525 1400 Οὗτος
1566 1340 1652 1393 καὶ
1704 1343 1796 1394 νῦν
1828 1343 1975 1416 παρὰ

322 1416 405 1485 τῷ
451 1413 704 1489 παλατῖῳ
752 1414 1018 1494 διαορίϐει
1058 1422 1239 1500 φησίν.
1282 1425 1507 1502 Ἀγεται
1562 1429 1689 1504 γοῦν
1736 1413 1974 1503 Τηριδάο

465 1504 542 1596 είς
584 1505 772 1596 μέσον,
802 1508 890 1562 καὶ
938 1511 1041 1579 τήν
1095 1512 1388 1587 βασιλικῆν
1439 1515 1586 1589 αὐτῷ
1634 1519 1970 1596 περιτίθησιν

320 1591 350 1645 6
384 1590 649 1683 βασιλεὺς
679 1594 1005 1674 ἁλουργίδα,
1044 1600 1135 1655 καὶ
1194 1602 1260 1657 τὰ
1307 1608 1406 1678 τῇς
1439 1606 1619 1681 ἀρχῆς
1672 1590 1973 1683 παράσημα

319 1682 511 1752 πάντα,
543 1684 617 1746 ὡς
666 1684 726 1740 ἃν
771 1683 961 1760 δοκοίη
999 1690 1089 1745 καὶ
1126 1690 1381 1768 βασιλεὺς
1427 1696 1583 1767 εἶναι,
1612 1699 1640 1753 6
1670 1682 1768 1768 τὴν
1804 1722 1970 1772 μονο-

325 1772 531 1847 μαχίαν
602 1774 740 1849 πρὸς
808 1777 900 1831 τὸν
984 1776 1258 1855 βάρϐαρον
1322 1785 1730 1859 ἀναιρούμενος.
1798 1795 1969 1844 Κατα-

2086 637 2155 678 ex
2210 621 2337 678 suis
2375 637 2438 677 se
2487 620 2651 677 illum
2700 634 2829 677 esse
2858 617 3145 675 simulans
3175 635 3311 675 cum
3343 620 3550 676 Gottho
3581 634 3726 676 con-

2087 714 2450 786 grederetur.

2158 802 2248 858 IX.
2285 802 2614 859 Licinianus
2664 806 2861 859 autem
2908 802 2994 857 vir
3041 801 3279 873 quidam
3312 816 3381 857 ex
3417 801 3509 870 iis,
3542 800 3638 870 qui
3668 800 3729 856 in

2085 892 2368 948 ducendis
2413 891 2763 949 exercitibus
2810 896 2952 948 tunc
3001 895 3166 946 erant
3210 889 3452 961 pulchre
3497 888 3729 957 versati,

2078 981 2246 1053 jubet
2292 981 2705 1053 imperatorem
2758 981 2909 1037 bono
2958 996 3081 1037 esse
3130 980 3363 1035 animo:
3406 993 3534 1035 esse
3573 977 3729 1033 enim

2084 1085 2267 1126 unum
2301 1088 2371 1128 ex
2421 1071 2493 1127 iis
2525 1073 2625 1142 qui
2658 1072 2811 1143 apud
2845 1070 3039 1143 ipsum
3090 1069 3364 1134 militant,
3396 1066 3726 1124 Teridatem

2083 1159 2305 1217 scilicet
2327 1160 2512 1232 illum,
2528 1162 2624 1232 qui
2650 1162 2823 1216 refert
2837 1176 3022 1233 genus
3042 1159 3112 1215 ad
3140 1158 3361 1230 regium
3378 1156 3724 1229 sanguinem

2082 1249 2389 1319 Armenia,
2422 1251 2632 1317 virum,
2668 1250 2767 1322 qui
2809 1249 3034 1305 viribus
3063 1253 3119 1305 et
3148 1249 3327 1304 armis
3355 1251 3441 1302 est
3476 1246 3723 1317 inexpu-

2082 1337 2354 1409 gnabilis,
2385 1343 2443 1395 et
2488 1339 2588 1410 qui
2621 1339 2679 1394 in
2714 1339 2918 1394 multis
2950 1353 3066 1393 suae
3098 1336 3335 1392 virtutis
3365 1335 3525 1392 dedit
3554 1349 3727 1404 expe-

2083 1428 2369 1484 rientiam.
2440 1430 2495 1484 Is
2562 1445 2717 1484 nunc
2770 1444 3023 1499 quoque,
3084 1428 3295 1498 inquit,
3355 1429 3619 1480 versatur
3667 1423 3727 1479 in

2082 1515 2352 1573 exercitu.
2404 1517 2467 1572 In
2518 1518 2774 1573 medium
2817 1517 3013 1588 itaque
3053 1517 3289 1572 ducitur
3319 1514 3641 1580 Teridates,
3673 1515 3730 1568 et

2081 1621 2212 1662 eum
2252 1606 2629 1677 imperatoria
2661 1605 2846 1662 induit
2877 1607 3192 1678 imperator
3208 1622 3484 1678 purpura,
3517 1608 3574 1659 et
3598 1618 3724 1658 om-

2082 1694 2259 1751 nibus
2310 1694 2645 1768 insignibus
2695 1695 2947 1767 imperii,
2983 1698 3043 1750 ut
3090 1694 3379 1750 videretur
3424 1694 3549 1763 ipse
3598 1707 3725 1747 esse

2079 1782 2411 1855 imperator,
2478 1784 2578 1857 qui
2635 1785 2917 1841 adversus
2983 1783 3298 1839 barbarum
3367 1780 3726 1852 suscipiebat

324 1860 677 1974 qtévteclobv
729 1864 1059 1974 εἰςΜμάχην
1089 1868 1120 1923 ὅ
1172 1871 1369 1974 τειτὸν
1411 1872 1635 1948 βασιλέα
1681 1876 1966 1950 Ῥωμαίων

2081 1872 2377 1974 singulare
2404 1878 2716 1930 certamen.
2751 1874 2894 1929 Cum
2922 1874 2993 1929 ad
3028 1888 3285 1946 pugnam
3316 1887 3449 1942 ergo
3492 1886 3719 1941 proces-

322 1948 752 2025 ὖποκρινόμενος
810 1953 1152 2028 Τηριδάτης,
1179 1958 1269 2013 καὶ
1312 1960 1471 2024 αὐτὸς
1528 1963 1555 2017 ὁ
1594 1967 1701 2019 τῶν
1754 1948 1969 2022 Γότθων

323 2036 597 2129 άρχηγὸς,
655 2043 801 2117 παρὰ
848 2050 1106 2101 τοσοῦτον
1176 2047 1485 2123 Τηριδάτης
1550 2051 1814 2129 ἐκράτησε
1873 2061 1970 2111 τοῦ

327 2121 623 2213 βαρϐάρου,
675 2129 751 2193 ὡς
830 2130 966 2205 μηδὲ
1039 2135 1188 2213 ξίφος
1260 2121 1343 2192 ἐπ’
1424 2121 1621 2195 αὑτὸν.
1669 2121 1970 2200 σπάσασθαι

319 2212 459 2288 μηδὲ
517 2214 648 2292 δόρυ
713 2227 954 2292 κινῆσαι,
995 2212 1125 2280 ἀλλ’
1185 2226 1419 2300 ἁρπάσαι
1478 2251 1538 2285 τε
1601 2228 1793 2287 τοῦτον
1850 2240 1970 2297 ταῖς

315 2303 473 2379 χερσὶ
534 2304 680 2382 ῥᾷον,
728 2311 821 2364 καὶ
879 2312 1029 2385 αὖτῷ
1093 2314 1311 2390 βασιλεῖ
1375 2328 1717 2391 παραστῆσαι
1771 2326 1969 2392 ζῶντα.

312 2392 498 2486 ἒΕνθεν
545 2415 629 2450 τοι
690 2395 819 2454 οὐδὲ
884 2400 1110 2472 ἀναξίων
1177 2406 1305 2481 παρ’
1335 2405 1502 2462 αὖτοῦ
1560 2410 1815 2486 τυγχάνει
1862 2416 1970 2468 τῶν

313 2478 521 2573 ἄθλων.
552 2485 811 2559 Χρήμασι
831 2508 889 2544 τε
919 2490 1022 2565 γάρ
1054 2490 1215 2548 αὐτὸν
1245 2478 1967 2573 φιλοφρονεῖται-πολλοῖς,

312 2572 404 2660 καί
460 2574 772 2650 πορφυρίδα
828 2574 1176 2653 περιϐάλλει,
1235 2584 1323 2638 καὶ
1389 2584 1661 2660 βασιλικῷ
1716 2592 1814 2659 τήν
1874 2572 1965 2645 ne?

315 2659 495 2755 φαλην
539 2660 838 2755 ἐπικοσμεῖ
895 2664 1216 2742 διαδήματι,
1265 2674 1357 2727 καὶ
1418 2673 1494 2737 εἷς
1550 2678 1652 2746 τήν
1708 2681 1964 2755 πατρῴαν

315 2750 495 2825 ἀρχὴν
526 2750 923 2826 ἀποκαθίστησι
968 2758 1061 2813 τὸν
1098 2757 1430 2835 Τηριδάτην.
1466 2766 1544 2821 Τὸ
1607 2766 1790 2839 μέντνι
1819 2750 1969 2824 ”Γοτ-

315 2840 486 2931 θικδν,
524 2843 853 2922 Ιπαραλόγου
892 2855 993 2918 τῆς
1052 2851 1229 2926 τύχης
1288 2854 1432 2909 οὕτω
1479 2854 1847 2931 πειραθέντες,
1877 2860 1966 2915 καὶ

314 2928 696 3024 συλληφθέντα
742 2935 835 2991 τὸν
886 2937 1133 3016 ἀρχηγὸν
1175 2940 1235 2997 ἐκ
1280 2947 1377 2998 τοῦ
1426 2928 1698 3024 αἰφνιδίου
1741 2946 1965 3022 ἰδόντες,

313 3015 656 3078 διεσκέδασιό
710 3044 769 3079 τε
829 3027 966 3082 ἅπαν
1024 3015 1113 3083 καὶ
1167 3028 1353 3106 ὀλίγοι
1411 3015 1549 3107 πρός
1602 3037 1704 3106 τήν
1762 3015 1964 3093 οἷκείαν

311 3107 598 3200 ἐπανῆκον,
644 3119 745 3181 τῆς
798 3121 1081 3192 συμφορᾶς
1132 3119 1381 3196 ἄγγελοι.
1432 3126 1502 3180 "0
1548 3144 1609 3200 γε
1662 3128 1771 3199 μὴν
1830 3129 1964 3182 Ῥω·

314 3198 493 3291 μαίων
546 3201 799 3291 βασιλεὺς
850 3206 984 3277 μετᾶ
1042 3206 1312 3284 λαμπρῶν
1373 3198 1671 3287 τροπαίων
1710 3213 1966 3291 εὐδιαμο-

311 3283 537 3339 νὲστατα
565 3286 857 3363 ἂνεξεόγνυ.

384 3372 441 3432 Γ.
472 3373 786 3464 Τηριδάτης
827 3376 884 3434 δὲ
920 3382 983 3436 τὸ
1028 3382 1154 3452 ἒζῆς
1203 3386 1491 3460 Ἀρμενίας
1536 3388 1838 3464 βασιλεύων
1868 3400 1967 3464 τῆς

311 3463 580 3552 πατρῴας
630 3465 844 3538 μᾶλλον
894 3468 1073 3546 εἷ’χετε
1136 3463 1586 3552 δεισιδαιμονίας,
1656 3479 1854 3545 ἄλλοις
1908 3504 1967 3540 τε

313 3549 457 3645 θύειν
516 3550 772 3645 εἲδώλοις
821 3558 913 3615 καὶ
967 3559 1033 3631 δὴ
1066 3565 1156 3617 καὶ
1216 3549 1522 3643 Ἀφτὲμιδι,
1569 3549 1650 3639 ’ἢν
1709 3569 1868 3645 ἐτίμα
1909 3594 1967 3628 τε

311 3637 678 3737 διαφερόντως
711 3649 825 3737 ,καὶ
885 3649 1053 3727 φίλην
1113 3637 1301 3729 ἡγεῖτο
1350 3637 1491 3715 θεόν.
1524 3637 1823 3717 Ἐϐούλετο
1869 3664 1963 3737 μὶν

311 3728 403 3784 οὗν
449 3738 548 3801 τῆς
597 3735 781 3827 θυσίας
830 3747 1110 3797 κοινωνεῖν
1160 3745 1312 3817 αὐτῷ
1343 3747 1431 3800 καὶ
1460 3748 1553 3802 τὸν
1585 3749 1729 3825 ἱερὸν
1762 3728 1971 3827 Γρηνγό-

310 3837 446 3907 ριον.
506 3820 647 3896 Τῇδε
705 3827 809 3901 γάρ
866 3832 944 3900 τῷ
995 3830 1272 3907 Τηριδάτῃ
1323 3836 1413 3889 καὶ
1471 3820 1964 3901 αὐτὸς-εἵπετοξδο

312 3902 370 3962 Si
551 3911 827 4002 ἠνείχετο.
861 3902 1174 3993 Τηριδάτης
1206 3902 1386 3978 τοίνυν
1429 3923 1651 3995 πολλὴν
1686 3927 1831 4002 αὐτῷ
1862 3936 1965 3999 τῆς

309 4013 369 4048 τι
416 3994 597 4068 ἄλλης
632 4000 948 4076 ὑπηρεσίας,
978 4006 1067 4061 καὶ
1101 4006 1167 4079 δὴ
1222 4010 1312 4064 καὶ
1359 4018 1459 4082 τῆς
1489 3994 1619 4067 τῶν
1648 3994 1815 4069 ὅλων.
1852 3994 1966 4073 κο-ι-

308 4086 515 4183 νωνίας
556 4088 720 4164 χὰριν
772 4091 1086 4171 ὁμολογῶν.
1137 4098 1200 4155 Ὀ
1249 4099 1431 4172 μέντοι
1462 4104 1605 4165 Θεῖος
1637 4105 1962 4183 Γρηγόριος·

306 4172 404 4269 τάς
444 4174 576 4269 ΔμὶνΔ
623 4183 956 4269 σωματικάς,
1016 4186 1171 4262 φησί,
1252 4187 1613 4267 λειτουργίας,
1681 4172 1831 4249 bss-zz.
1884 4198 1959 4269 μὴ

553 4261 969 4344 διαφθείρουσιν,
1031 4261 1219 4348 εὐνοίᾳ
1273 4279 1363 4333 καὶ
1417 4261 1575 4358 φιλίᾳ
1604 4261 1724 4338 τῶν
1766 4261 1965 4340 δεσποέ

306 4355 416 4446 των
467 4353 495 4408 6
526 4357 711 4446 κοινὸς
750 4360 899 4431 ἡμὰς
949 4359 1220 4436 δεσπότης
1274 4353 1656 4443 ὑπηρετεῖσθαι
1699 4370 1961 4446 διδάσκει,

308 4442 398 4497 καὶ
455 4444 594 4519 πρὸς
634 4452 843 4539 ’ταῦτας
899 4452 961 4507 οὐ
1021 4457 1299 4528 Δεσπότης
1358 4442 1441 4515 σοι
1507 4463 1631 4518 οὒτε
1686 4442 1965 4539 ἀσχολίαν

308 4536 809 4626 ¹Ξτροεφσισισάμεθα,
854 4538 978 4597 οὕτε
1044 4542 1304 4619 ῥᾳθύμως
1363 4536 1803 4626 ὑπηρετήσαμεν,
1864 4555 1964 4609 ὅσα

311 4617 402 4718 δὶμ
423 4623 562 4718 πρὸς
617 4627 789 4698 αὐτὴν
848 4631 999 4709 φὲρει
1045 4617 1150 4688 τὸν
1187 4617 1830 4718 κίνδυνον-’τήν
1871 4645 1961 4699 καὶ

308 4714 406 4765 τοῦ
463 4710 805 4793 δημιουργοῦ
860 4720 1052 4798 πόῤῥῳ
1108 4731 1275 4798 ποιεῖ,
1306 4727 1520 4783 τούτων
1567 4731 1671 4786 οὐκ
1711 4710 1775 4785 ἐν
1807 4733 1963 4789 61:8-

309 4798 674 4894 παιδευμένος
724 4805 890 4883 ἑτέρῳ
948 4820 1279 4884 κοινωνῆσαι
1339 4816 1658 4894 ἀνάσχοιτο,
1716 4823 1813 4876 κᾶν
1882 4819 1963 4878 δε-

309 4890 515 4985 σπότης
572 4894 600 4948 6
658 4892 749 4950 ἐπὶ
806 4902 975 4955 ταῦτα
1024 4902 1360 4978 παρακαλῶν
1400 4890 1516 4979 εἴη,
1541 4909 1638 4964 κᾶν
1680 4909 1959 4985 βασιλεὺς,

306 4980 404 5034 κᾶν
454 4980 498 5035 εί
556 4984 647 5038 καὶ
712 4991 812 5055 τῆς
855 4992 1000 5059 ζωῆς
1056 4990 1225 5063 αὐτῆς
1262 4993 1472 5069 κύριος.
1533 4980 1715 5054 Ταῦτα
1770 4980 1960 5070 ἐπειδή

311 5070 518 5163 μακρδν
575 5071 819 5163 ἀπότεινε
878 5074 1045 5155 λόγον
1106 5081 1134 5135 6
1192 5082 1339 5157 ἱερὸς
1408 5085 1735 5162 Γρηγόριος,
1786 5093 1963 5163 θυμοῦ

307 5176 387 5247 τε,
449 5159 916 5237 ὗπιρερίμπλατο.
970 5167 1311 5243 Τηριδάτης,
1394 5173 1486 5228 καὶ
1540 5159 1791 5247 δξύτατα
1846 5159 1964 5234 κατ’

312 5245 477 5343 αξιτοῦ
527 5249 815 5343 Δἐκινεῖτο,
901 5256 991 5311 καὶ
1062 5255 1267 5315 δέδεται
1359 5262 1453 5337 μὶν
1548 5245 1701 5329 εὐθὺς
1758 5267 1787 5321 6
1842 5287 1966 5343 γεν-

306 5333 468 5430 νάδας
522 5337 575 5410 ἐξ
641 5342 825 5398 αὐτῶν
883 5346 1169 5422 ἀγκώνωνο
1238 5333 1415 5406 ὀπίσω
1466 5354 1545 5409 τὼ
1600 5360 1773 5430 χεῖρε.
1834 5333 1966 5413 έῖτα

309 5425 473 5521 ξύλον
538 5435 619 5504 τῷ
676 5433 905 5507 στόματι
962 5437 1159 5493 τούτου
1204 5434 1560 5517 ἐμϐαλόντες,
1603 5425 1738 5500 ⁷κατ’
1797 5444 1963 5521 ἄκραν

310 5516 603 5610 άπόστασιν
656 5524 760 5595 τὴν
817 5524 925 5582 ἄνω
972 5532 1072 5595 τῆς
1126 5532 1278 5587 κάτω
1333 5532 1518 5610 γίνυος
1571 5516 1965 5605 διιστῶσι,καὶ

315 5606 535 5702 βώλους
578 5610 668 5667 ἐπὶ
711 5617 819 5670 τῶν
852 5612 1020 5691 ὤμων
1064 5617 1213 5694 αὐτῷ
1241 5606 1357 5677 τοῦ*
1397 5625 1546 5700 παρὰ
1597 5632 1715 5689 τοῖς
1764 5627 1967 5702 Ἀρμεο

308 5695 445 5761 νίοις
538 5702 770 5775 όρυκτοῦ
888 5703 1326 5784 ἐπιφορτίζουςιν
1416 5695 1639 5776 ἃλατος.
1737 5695 1966 5771 νετὲιίτα

1993 4680 2052 4746 D

2079 1960 2313 2031 sissent,
2364 1966 2420 2018 et
2467 1964 2565 2035 qui
2608 1962 3005 2020 Romanorum
3048 1963 3253 2033 agebat
3309 1961 3719 2031 imperatorem

2075 2051 2367 2107 Teridates
2399 2056 2458 2107 et
2497 2053 2623 2123 ipse
2671 2054 2789 2107 dux
2818 2051 3187 2116 Gotthorum,
3221 2065 3406 2121 usque
3444 2048 3585 2104 adeo
3617 2064 3721 2102 su-

2079 2140 2301 2213 peravit
2328 2141 2625 2197 Teridates
2656 2142 2995 2210 barbarum,
3022 2145 3087 2195 ut
3117 2156 3224 2196 nec
3253 2155 3453 2195 ensem
3486 2137 3723 2209 quidem

2079 2232 2140 2287 in
2189 2231 2385 2303 ipsum
2436 2230 2756 2297 strinxerit,
2790 2246 2978 2302 neque
3024 2229 3256 2285 hastam
3297 2228 3574 2284 vibrarit:
3620 2227 3724 2282 sed

2080 2334 2214 2375 eum
2257 2335 2431 2376 manu
2480 2318 2648 2375 facile
2692 2322 2973 2391 rapuerit,
3005 2322 3063 2373 et
3108 2317 3304 2372 vivum
3363 2313 3595 2370 duxerit
3650 2312 3723 2369 ad

2080 2408 2275 2480 ipsum
2310 2409 2743 2481 imperatorem.
2774 2412 2897 2476 Quo
2930 2408 3100 2472 facto,
3134 2421 3248 2461 non
3279 2404 3520 2475 indigna
3549 2401 3620 2458 ab
3653 2416 3722 2457 eo

2080 2498 2462 2570 consequitur
2508 2498 2768 2570 praemia.
2814 2496 2959 2551 Nam
3000 2500 3057 2551 et
3106 2494 3358 2565 benigne
3387 2492 3436 2548 ei
3470 2492 3719 2547 multum

2079 2586 2323 2657 largitur
2362 2587 2619 2659 pecunias
2650 2590 2706 2641 et
2752 2584 2943 2639 induit
2972 2599 3105 2638 eum
3150 2597 3428 2652 purpura,
3459 2584 3517 2636 et
3546 2583 3724 2652 caput

2079 2678 2208 2747 ejus
2257 2677 2415 2748 regio
2461 2684 2627 2731 ornat
2659 2674 3010 2738 diademate,
3045 2676 3102 2727 et
3133 2688 3246 2727 non
3282 2671 3466 2725 multo
3499 2674 3632 2740 post
3662 2668 3724 2724 in

2079 2772 2389 2840 paternum
2450 2764 2765 2835 imperium
2824 2760 3083 2818 restituit
3134 2758 3475 2815 Teridatem.
3529 2756 3725 2812 Gotthi

2077 2860 2271 2912 autem
2321 2870 2452 2910 cum
2484 2853 2567 2909 sic
2599 2858 2805 2924 praeter
2833 2850 3133 2923 rationem
3165 2848 3470 2904 adversam
3502 2846 3725 2902 sensis-

2078 2948 2213 3001 sent
2260 2945 2574 3013 fortunam,
2605 2947 2662 2999 et
2708 2942 2916 2997 ducem
2951 2954 3125 2995 suum
3175 2941 3411 3008 repente
3441 2935 3727 2991 vidissent

2077 3035 2586 3107 comprehensum,
2621 3032 2873 3102 dispersi
2904 3034 3044 3087 sunt
3072 3044 3297 3099 omnes,
3328 3032 3386 3083 et
3436 3025 3605 3099 pauci
3632 3041 3722 3082 re-

2075 3124 2306 3181 dierunt
2343 3124 2402 3180 in
2442 3124 2681 3180 domum
2712 3136 2879 3177 suam
2913 3117 3105 3175 nuntii
3144 3116 3495 3174 calamitatis
3529 3114 3721 3185 Impe-

2076 3217 2237 3270 rator
2275 3218 2469 3270 autem
2529 3213 2919 3268 Romanorum
2968 3223 3103 3264 cum
3152 3204 3447 3278 praeclaris
3493 3202 3721 3275 tropaeis

2000 3282 2050 3350 Ο
2081 3302 2254 3358 rediit
2282 3301 2641 3359 felicissime.

2149 3391 2216 3448 X.
2245 3390 2545 3447 Teridates
2565 3394 2778 3457 autem,
2807 3388 3079 3459 deinceps
3101 3400 3343 3458 regnum
3366 3383 3425 3439 in
3448 3380 3725 3437 Armenia

2079 3481 2373 3550 obtinens,
2407 3480 2607 3550 patria
2654 3482 2780 3535 erat
2808 3477 3043 3533 deditus
3077 3474 3233 3530 falsae
3265 3472 3551 3545 religioni,
3586 3485 3722 3527 cum

2076 3570 2209 3626 aliis
2249 3568 2589 3627 sacrificans
2639 3565 2989 3632 simulacris,
3017 3570 3143 3620 tum
3196 3563 3449 3620 maxime
3496 3562 3713 3625 Dianae,

2077 3675 2255 3732 quam
2288 3668 2341 3716 et
2371 3675 2602 3715 summo
2626 3657 2844 3714 honore
2875 3654 3181 3721 alliciebat,
3200 3658 3256 3709 et
3282 3654 3525 3707 amicam
3550 3650 3717 3705 deam

2074 3747 2463 3805 existimabat.
2505 3752 2697 3818 Atque
2734 3747 3172 3801 sacrosanctum
3216 3739 3454 3812 quidem
3496 3737 3721 3794 volebat

2076 3837 2417 3909 Gregorium
2442 3852 2568 3893 esse
2589 3834 2811 3891 socium
2836 3830 3107 3888 sacrificii
3132 3846 3149 3899 ;
3182 3845 3315 3884 nam
3342 3828 3465 3898 ipse
3487 3840 3720 3897 quoque

2076 3926 2405 3984 Teridatem
2436 3942 2501 3983 eo
2540 3929 2666 3982 erat
2705 3927 2959 3979 secutus.
3006 3920 3106 3975 llle
3152 3922 3347 3974 autem
3388 3916 3443 3970 id
3478 3916 3721 3970 minime

2078 4016 2417 4085 patiebatur.
2450 4015 2742 4071 Teridates
2770 4027 2928 4084 ergo,
2960 4008 3062 4081 qui
3092 4012 3149 4064 et
3188 4023 3291 4080 pro
3325 4004 3437 4060 alio
3466 4002 3723 4059 ministe-

2077 4107 2184 4176 rio,
2244 4112 2303 4163 et
2356 4122 2459 4178 pro
2510 4104 2917 4161 universorum
2985 4096 3519 4155 communicatione
3574 4092 3719 4149 seei

2077 4195 2331 4252 multum
2350 4196 2557 4252 debere
2579 4191 2887 4258 fatebatur,
2898 4187 3144 4261 jubebat
3164 4202 3238 4242 ne
3261 4185 3319 4240 in
3344 4182 3627 4256 religione
3645 4180 3717 4237 ab

2074 4302 2142 4342 eo
2170 4286 2540 4356 discreparet.
2592 4281 2829 4338 Divinas
2876 4284 3070 4335 autem
3122 4275 3479 4348 Gregorius:
3512 4273 3720 4344 Corpo-

2076 4375 2219 4431 ralia
2247 4374 2507 4446 quidem,
2536 4371 2750 4443 inquit,
2785 4366 3109 4425 ministeria
3140 4382 3265 4436 quae
3307 4380 3421 4421 non
3454 4378 3716 4419 corrum-

2075 4467 2224 4535 punt
2251 4464 2539 4529 animum,
2573 4458 2849 4517 benevole
2877 4462 2935 4514 et
2966 4456 3171 4523 amice,
3202 4454 3455 4510 dominis
3484 4469 3518 4508 a
3548 4452 3716 4508 nobis

2075 4552 2335 4610 exhiberi
2367 4553 2532 4609 docet
2561 4567 2666 4607 nos
2698 4547 3028 4606 communis
3060 4545 3355 4611 Dominus,
3390 4558 3577 4614 neque
3600 4556 3717 4614 quo

2079 4644 2276 4701 minus
2324 4659 2392 4700 ea
2417 4656 2886 4714 exsequeremur,
2934 4638 3041 4694 tibi
3082 4651 3339 4710 unquam
3372 4633 3536 4689 illum
3571 4648 3716 4703 pras-

2076 4734 2376 4791 texuimus
2398 4733 2694 4805 negotium
2727 4743 2913 4802 neque
2937 4728 3299 4799 negligenter
3318 4720 3715 4778 inserviimus.

2076 4824 2443 4895 Quaecunque
2463 4825 2651 4877 autem
2673 4820 2862 4892 ipsam
2883 4818 3141 4873 animam
3161 4813 3463 4871 adducunt
3484 4810 3542 4865 in
3572 4808 3716 4882 peri-

2076 4911 2299 4979 culum,
2331 4917 2387 4968 et
2416 4909 2617 4983 procul
2656 4908 2956 4963 abducunt
2992 4906 3063 4961 ab
3112 4903 3320 4975 cpiflce
3364 4914 3566 4956 eorum
3615 4897 3715 4968 qui

2076 5005 2162 5056 est
2189 5001 2475 5070 eruditus,
2507 5012 2880 5070 nequaquam
2910 4992 3255 5051 sustinuerit
3283 4990 3431 5046 inire
3452 5003 3582 5044 cum
3606 4985 3719 5043 alio

2075 5071 2571 5158 communionem,
2630 5085 2862 5143 etiamsi
2926 5084 3263 5155 imperator,
3317 5077 3549 5135 etiamsi
3617 5074 3719 5146 qui

2076 5178 2253 5234 vitam
2301 5178 2476 5235 habet
2512 5177 2571 5232 in
2618 5177 2919 5248 potestate,
2944 5174 3169 5243 jubeat.
3224 5171 3370 5225 Cum
3418 5168 3541 5223 hac
3591 5167 3718 5221 fuse

2078 5272 2485 5323 sacrosanctus
2515 5265 2755 5322 dixisset
2784 5263 3112 5334 Gregorius,
3144 5261 3231 5317 ira
3269 5275 3448 5330 supra
3478 5256 3716 5312 modum

2078 5357 2334 5430 repletus
2386 5362 2478 5414 est
2523 5356 2841 5424 Teridates,
2873 5360 2930 5410 et
2978 5351 3259 5409 acerrime
3312 5348 3373 5404 in
3421 5362 3555 5404 eum
3610 5345 3719 5401 fuit

2080 5453 2445 5502 commotus:
2471 5452 2526 5501 et
2554 5444 2786 5499 vinctus
2818 5442 3055 5515 quidem
3090 5438 3196 5495 fuit
3224 5437 3420 5494 statim
3449 5436 3540 5491 vir
3568 5450 3716 5507 pre-

2080 5538 2297 5594 clarus.
2329 5534 2546 5592 Deinde
2576 5548 2711 5590 cum
2754 5532 2980 5605 lignum
3028 5530 3115 5588 ori
3153 5529 3277 5599 ejus
3306 5524 3716 5591 immisissent,

2080 5639 2258 5698 quam
2290 5623 2540 5680 maximo
2577 5625 2828 5695 possunt
2857 5618 3069 5691 spatio,
3105 5618 3462 5691 superiorem
3495 5622 3715 5688 partem

2079 5715 2427 5786 disiungunt
2475 5711 2548 5768 ab
2587 5709 2869 5779 inferiori,
2904 5712 2961 5765 et
3006 5708 3132 5779 ejus
3160 5705 3439 5764 humeros
3478 5710 3718 5763 onerant
