4106 6200
429 309 543 368 955

1714 308 2003 371 MENSIS
2051 304 2538 371 SEPTEMBER.

3722 312 3839 368 936

424 470 611 541 glebis
640 470 805 535 salis,
834 470 936 541 qui
966 474 1057 526 est
1081 470 1235 542 apud
1259 470 1567 525 Armenios
1590 468 1826 526 fossilis.
1860 468 2072 525 Deinde

2185 467 2443 543 ,οχρίνους
2493 473 2589 524 τοῦ
2649 470 2799 543 ἰεροῦ
2854 465 3173 539 ἐκδήσαντες
3225 469 3481 541 σώματος
3528 470 3620 523 καὶ
3651 473 3847 522 τοῦτον

427 557 667 614 funibus
698 563 1071 615 sacrosancto
1091 557 1316 629 corpori
1338 558 1613 630 alligatis,
1638 574 1768 614 cum
1791 574 1923 614 eum
1949 557 2071 613 sub-

426 646 566 704 lime
611 647 1009 716 sustulissent,
1060 651 1211 705 totos
1263 652 1485 719 spetem
1519 646 1642 703 dies
1682 646 1733 702 ei
1774 646 1885 703 hoc
1913 663 2071 703 acer-

425 735 563 793 bum
598 739 921 808 producunt
950 737 1328 810 supplicium.
1360 738 1493 793 Post
1530 736 1847 808 septimum
1880 743 2069 792 autem

424 842 561 882 cum
618 843 717 884 rex
759 826 927 883 illum
982 827 1119 884 hinc
1165 826 1519 895 deduxisset,
1556 826 1954 899 interrogavit,
1998 843 2071 882 an

425 914 731 972 didicisset
761 915 820 971 id
861 917 1015 987 quod
1047 920 1135 972 est
1165 915 1396 981 melius,
1418 919 1477 971 et
1499 915 1748 987 priorem
1783 919 2074 971 mutasset

425 1003 782 1074 Opinionem,
798 1009 856 1061 et
876 1004 990 1062 diis
1008 1006 1309 1061 statuisset
1327 1005 1533 1061 oti‘erre
1555 1004 1924 1060 sacriﬁcium.
1939 1003 2074 1059 Cum

427 1097 617 1149 autem
648 1094 791 1149 vidit
821 1109 953 1150 eum
997 1095 1184 1167 magis
1234 1094 1423 1150 zelum
1466 1093 1777 1164 spirantem
1809 1109 1911 1164 pro
1951 1093 2073 1164 pie-

427 1186 569 1249 tate,
597 1183 695 1237 dat
720 1199 849 1240 eum
886 1184 1159 1239 secundis
1200 1184 1523 1252 tormentis,
1559 1182 1856 1255 prioribus
1896 1182 2073 1238 mini-

404 1287 523 1326 -me
554 1270 1053 1328 clementioribus.
1096 1273 1407 1345 Suspendit
1439 1288 1571 1328 eum
1606 1272 1965 1345 praecipitem
2007 1289 2075 1328 ex

430 1361 607 1417 altero
666 1362 812 1433 pede
856 1361 1194 1434 appendens
1230 1379 1243 1418 :
1275 1366 1334 1417 st
1383 1378 1489 1419 nec
1542 1378 1609 1419 eo
1668 1362 1781 1417 fuit
1834 1362 2071 1434 quidem

431 1452 877 1519 contentus,sed
912 1452 1085 1507 etiam
1119 1450 1317 1508 decem
1351 1452 1604 1518 lictores,
1636 1451 1823 1524 virgas
1852 1452 2073 1507 haben-

430 1548 515 1596 tes
546 1541 606 1596 in
634 1542 928 1607 manibus,
957 1542 1110 1598 circa
1139 1558 1270 1598 eum
1303 1543 1510 1599 statuit
1541 1560 1553 1597 :
1597 1548 1655 1599 et
1686 1543 1823 1599 timo
1854 1543 2075 1599 inferne

431 1630 749 1697 substrato,
781 1630 976 1703 ignem
1010 1632 1068 1687 in
1099 1648 1233 1687 eum
1265 1632 1549 1701 immittit,
1582 1634 1722 1689 adeo
1754 1636 1818 1687 ut
1858 1637 2077 1704 martyr

432 1716 606 1772 simul
637 1721 691 1773 el
721 1719 900 1788 virgis
921 1719 1342 1789 verberaretur,
1365 1726 1423 1775 et
1443 1719 1687 1775 fetidum
1722 1719 1951 1776 fumum
1977 1737 2075 1775 na-

431 1806 595 1861 ribus
625 1807 916 1878 exciperet
946 1825 960 1863 :
995 1817 1056 1864 ut
1098 1809 1342 1866 densum
1391 1814 1448 1867 et
1478 1811 1818 1867 continuum
1850 1809 2075 1866 anheli-

433 1898 582 1961 tum,
615 1911 787 1967 quem
837 1897 1133 1954 effundere
1180 1899 1494 1971 cogebatur
1546 1916 1579 1955 a
1628 1900 1837 1971 plagis,
1880 1900 2081 1956 fumus

435 1984 743 2055 impediret
786 1990 844 2040 et
882 1986 1228 2057 Obstrueret,
1262 2005 1333 2043 ns
1378 1989 1700 2044 concedens
1746 1989 1983 2059 quidem
2019 1993 2082 2045 ut

434 2074 701 2145 spiraret,
724 2076 820 2131 sed
846 2076 1210 2148 fulginosum
1233 2076 1400 2133 illum
1429 2078 1552 2134 fimi
1583 2093 1855 2150 vaporem
1874 2077 1932 2133 in
1957 2078 2080 2148 ejus

434 2162 662 2219 viscera
689 2164 1036 2220 immittens.
1067 2166 1197 2221 Scio
1228 2166 1315 2221 vel
1363 2167 1436 2223 ad
1467 2166 1655 2223 solum
1688 2167 1953 2223 auditum
1983 2184 2082 2224 eos

437 2251 539 2323 qui
568 2252 786 2308 adsunt
814 2251 1123 2325 caligasse.
1159 2253 1259 2310 Ille
1287 2262 1477 2311 autem
1501 2271 1614 2311 non
1638 2254 1824 2312 solum
1856 2256 2083 2312 fortiter

434 2341 678 2407 ferebat,
710 2341 810 2397 sed
843 2342 1021 2397 etiam
1055 2341 1301 2400 Domino
1327 2360 1572 2417 magnas
1603 2345 1813 2416 agebat
1837 2345 2077 2417 gratias,

392 2432 395 2433 ⁷
434 2433 655 2486 etcum
688 2430 759 2487 iis
790 2430 891 2501 qui
931 2431 1174 2487 aderant
1205 2432 1389 2489 multa
1430 2434 1503 2490 de
1556 2434 1668 2491 Deo
1706 2432 2078 2505 loquebatur,

434 2522 494 2574 et
536 2519 621 2576 eis
668 2520 1009 2576 ostendebat
1060 2521 1357 2591 pietatem,
1390 2522 1622 2579 etiamsi
1671 2540 1785 2580 non
1833 2524 2079 2594 perfecte

434 2608 855 2679 intelligebant,
888 2610 1042 2681 quod
1075 2610 1295 2667 scilicet
1327 2612 1479 2668 Deus
1515 2614 1573 2668 in
1607 2612 1891 2685 principio
1921 2629 2082 2669 crea-

432 2701 516 2756 vit
570 2698 783 2755 ccslum
841 2704 899 2755 et
945 2705 1188 2769 terram,
1226 2702 1614 2774 formavitque
1662 2702 1980 2770 hominem,
2022 2707 2081 2759 et

434 2789 634 2861 posuit
653 2805 784 2845 eum
808 2789 867 2844 in
893 2791 1184 2862 paradiso,
1217 2807 1283 2847 ex
1307 2808 1420 2861 quo
1444 2793 1945 2864 postea,expulsus
1973 2792 2082 2847 fuit

433 2882 671 2949 propter
701 2878 961 2933 mandati
993 2880 1540 2950 transgressionem.
1565 2879 1783 2936 Deinde
1812 2880 2081 2935 meminit

436 2965 855 3032 molestiarum,
889 2981 1016 3036 qua
1048 2971 1362 3038 postquam
1392 2966 1463 3023 ab
1486 2967 1602 3023 illis
1626 2968 1882 3039 paradisi
1913 2967 2080 3024 bonis

433 3054 875 3118 excidissemus,
910 3070 1016 3109 nos
1066 3054 1280 3109 misere
1327 3055 1445 3127 (hei
1476 3056 1620 3112 mihi
1655 3055 1692 3127 ι)
1720 3056 2076 3115 invaserunt.

441 3141 573 3197 Post
602 3139 726 3197 haec
749 3140 1050 3211 subjunxit
1071 3141 1172 3198 Dei
1195 3143 1254 3198 in
1280 3159 1384 3199 nos
1405 3143 1850 3216 benignitatem,
1873 3162 2076 3217 quem-

2187 556 2634 633 μετεωρίσαντες,
2694 557 2772 621 εἷς
2838 556 2973 613 ἔπτὰ
3027 556 3166 621 ὅλας
3222 556 3431 633 ἡμέρας
3488 558 3589 628 τήν
3646 556 3847 632 πικράν

2186 647 2390 716 ταύτην
2450 644 2599 718 αὕτῷ
2650 648 3034 718 παρατείνουσι
3084 648 3377 721 τιμωρίαν.
3420 646 3568 703 Μετᾶ
3625 644 3685 702 δὲ
3741 649 3847 714 τήν

2182 730 2426 809 ἑϐδόμην
2490 736 2813 812 καταγαγὼν
2861 736 3023 792 αὐτὸν
3072 736 3271 792 ἐκεῖθεν
3306 738 3334 792 ὁ
3378 735 3661 811 βασιλεὺς,
3693 735 3854 791 ἐπυν-

2184 824 2371 889 θάνετο
2430 825 2476 879 si
2528 824 2591 880 τὸ
2654 824 2868 897 βέλτιον
2923 827 3274 899 μεταμαθὼν,
3314 832 3414 895 τῆς
3461 826 3735 901 προτέρας
3787 845 3850 879 τε

2185 908 2449 986 μετέϐαλε
2507 911 2690 985 δόξης,
2720 914 2809 970 καὶ
2865 919 2985 979 τοῖς
3042 917 3186 976 θεοῖς
3237 911 3377 991 ἔγνω
3437 914 3624 980 θυσίαν
3666 934 3846 987 προσ-

2183 1008 2435 1077 ενεγκεῖν.
2492 1000 2711 1074 Ἐπειδή
2773 1001 2830 1058 δὲ
2888 1002 3063 1074 ζήλου
3117 1003 3331 1077 μᾶλλον
3392 1005 3526 1079 ὑπὲρ
3565 999 3847 1064 εὐσεϐείας

2183 1090 2412 1147 πνέοντα
2460 1089 2591 1161 εἶδε,
2634 1090 2907 1164 δευτέραις
2942 1093 3101 1148 αὐτὸν
3154 1090 3345 1148 δίδωσι
3390 1094 3665 1167 βασάνοις,
3730 1115 3844 1165 μη·

2186 1177 2271 1235 δέν
2324 1202 2377 1236 τι
2449 1185 2556 1236 τῶν
2614 1183 2895 1257 προτέρων
2974 1182 3534 1261 φιλανθρωποτέραις.
3594 1182 3845 1255 Κρεμάν·

2185 1290 2304 1324 νυσι
2352 1274 2481 1345 γοῦν
2543 1271 2704 1326 αὐτὸν
2762 1271 2898 1326 κατᾶ
2957 1271 3222 1349 κεφαλῆς,
3272 1270 3501 1345 θατέρου
3549 1276 3665 1326 τοῖν
3738 1291 3842 1324 πο·

2185 1356 2303 1413 δοῖν
2338 1358 2650 1433 ἐξαρτήσας·
2682 1360 2774 1416 καὶ
2819 1359 2945 1416 οὐδὲ
2988 1363 3153 1436 μέχρι
3182 1362 3380 1417 τούτου
3417 1360 3659 1430 Ἱσταται,
3689 1358 3842 1415 ἀλλὰ

2183 1447 2273 1503 καὶ
2368 1446 2493 1503 δέκα
2575 1447 2812 1522 δημίους
2890 1445 3123 1525 ῥάϐδους
3195 1447 3284 1505 διά
3357 1453 3563 1525 χειρῶν
3641 1446 3846 1523 ἄνδρας

2185 1534 2411 1612 ἔχοντας
2466 1538 2625 1593 αὐτὸν
2702 1540 3037 1615 περιὶστησι,
3123 1540 3212 1595 καὶ
3293 1540 3499 1613 κόπρον
3598 1540 3845 1594 κάτωθεν

2188 1626 2567 1701 ὑποστρώσας,
2668 1631 2776 1703 πῦρ
2875 1630 2991 1684 κατ’
3094 1628 3263 1699 αὐτῆς
3364 1623 3658 1701 ἐμϐάλλει,
3769 1628 3847 1690 ὡς

2186 1715 2329 1787 ὁμοῦ
2395 1736 2452 1771 τε
2486 1721 2606 1779 ταῖς
2664 1712 2888 1793 ῥάϐδοις
2960 1718 3054 1773 τὸν
3116 1720 3364 1794 μάρτυρα
3429 1717 3703 1784 παίεσθαι,
3755 1718 3850 1771 καὶ

2188 1805 2278 1859 τὸν
2319 1802 2536 1876 δυσώδη
2586 1806 2787 1861 καπνὸν
2840 1806 2975 1861 κατὰ
3003 1810 3114 1863 τῶν
3148 1807 3309 1883 ῥινῶν
3359 1803 3749 1881 ὑποδέχεσθαι,
3776 1804 3851 1859 ἵν’

2192 1893 2237 1948 is
2264 1894 2355 1948 καὶ
2396 1891 2526 1949 δασὺ
2554 1895 2619 1950 τὸ
2659 1894 2836 1969 ἆσθμα
2883 1895 2975 1950 καὶ
3022 1897 3243 1971 συνεχὲς
3296 1895 3553 1971 προχέειν
3587 1895 3693 1951 ὑπὸ
3731 1899 3846 1950 τῶν

2187 1980 2421 2059 πληγῶν
2480 1983 2858 2059 ἀναγκάζοιτο,
2928 1984 3056 2042 ἀλλ’
3122 1987 3151 2041 ὁ
3215 1986 3416 2046 καπνὸς
3492 1985 3849 2062 ἀποτειχιζοι

2187 2076 2349 2127 τοῦτο
2397 2072 2487 2128 καὶ
2544 2072 2903 2150 ἀποφράττω,
2941 2072 3083 2146 μηδὲ
3140 2076 3385 2130 ἀναπνεῖν
3434 2075 3525 2129 τὸν
3577 2073 3707 2148 ἀέρα
3737 2093 3845 2128 πα-

2192 2166 2485 2237 ραχωρῶν,
2549 2161 2695 2217 ἀλλὰ
2749 2164 2813 2218 τὸ
2863 2160 3161 2239 λιγνυῶδες
3219 2163 3393 2219 ἐκεῖνο
3450 2168 3551 2232 τῆς
3608 2162 3846 2238 κόπρου,

2196 2250 2333 2305 κατά
2386 2255 2495 2305 τῶν
2563 2250 2895 2330 σπλάγχνων
2964 2251 3113 2324 αὖτῷ
3170 2252 3392 2317 καθιείς.
3446 2249 3568 2310 Οἶδ’
3627 2253 3713 2308 δτι
3760 2254 3854 2307 καί

2188 2337 2324 2412 πρὸς
2397 2340 2498 2407 τήν
2570 2337 2740 2408 ἀκοὴν
2805 2340 2856 2394 οἱ
2932 2341 3190 2411 παρόντες
3259 2338 3619 2416 ίλιγγιάσάτε.
3688 2339 3853 2397 Ἀλλ’

2188 2424 2393 2490 ἐκεῖνος
2455 2427 2517 2483 οὗ
2584 2428 2847 2504 γενναίως
2905 2425 3059 2507 ἔφερε
3092 2429 3279 2503 μόνον,
3322 2429 3467 2485 ἀλλὰ
3495 2429 3587 2485 καὶ
3616 2426 3848 2498 πολλὴν

2188 2520 2269 2589 τῷ
2335 2516 2579 2591 Δεσπότῃ
2638 2520 2738 2588 τήν
2789 2518 3133 2594 εὐχαριστίαν
3191 2519 3487 2593 ἀνέπεμπε,
3548 2517 3742 2574 πολλὰ
3788 2538 3849 2573 τε

2188 2606 2313 2681 περὶ
2372 2612 2508 2662 Θεοῦ
2562 2612 2679 2663 τοῖς
2735 2611 2997 2682 παροῦσιν
3060 2607 3375 2686 ἐφθέγγετο,
3412 2609 3504 2664 καὶ
3558 2608 3660 2677 τὴν
3692 2607 3847 2664 εὐσέ-

2188 2692 2337 2752 ϐειαν
2396 2695 2582 2758 αὐτοῖς
2630 2694 2969 2772 παρεδείκνυ,
3027 2696 3074 2752 εἷ
3123 2697 3215 2752 καὶ
3283 2698 3359 2771 μὴ
3410 2695 3609 2759 τελέως
3669 2696 3846 2751 συνίεο

2190 2805 2307 2853 σαν,
2337 2782 2419 2862 ἔφ’
2450 2786 2537 2849 οἷς
2580 2786 2671 2840 καὶ
2720 2786 2810 2842 τὸν
2862 2790 3078 2861 πρῶτον
3123 2786 3407 2860 ἄνθρωπον
3453 2786 3847 2859 κατῳκτίζετο,

2189 2870 2278 2929 διὰ
2325 2876 2423 2945 τήν
2485 2872 2738 2945 ἐντολὴν,
2771 2873 2864 2931 διά
2907 2877 2977 2945 τὴ
3017 2870 3341 2950 παράϐασιν,
3375 2872 3465 2930 διὰ
3498 2877 3599 2944 τήν
3654 2874 3745 2930 ἐπὶ
3774 2878 3847 2949 τῇ

2188 2959 2488 3037 παραϐάσει
2554 2968 2652 3020 τοῦ
2728 2965 3042 3031 πλάσαντος
3112 2962 3429 3036 καταδίκην.
3518 2964 3626 3023 Εἶθ’
3694 2964 3847 3035 ἑξῆς,

2185 3055 2252 3108 τά
2308 3053 2476 3129 ἄγαθᾶ
2526 3056 2913 3130 ἀπηριθμεῖτο,
2969 3056 3045 3110 ὦν
3102 3056 3457 3127 ἀθετήσαντες
3523 3056 3622 3124 τὴν
3686 3054 3853 3111 ἐντο-

2190 3141 2293 3212 λὴν
2366 3144 2588 3206 ἑαυτοὺς
2656 3144 3076 3218 ἀπεκλείσαμεν,
3152 3146 3243 3199 καὶ
3311 3142 3467 3207 αὖθις
3564 3143 3852 3219 ἐμέμνητο

433 3230 742 3287 admodum
772 3230 1041 3289 videlicet
1056 3249 1257 3290 curam
1280 3250 1486 3306 gerens
1507 3212 1717 3292 nostra
1748 3212 1978 3305 salutis,
2006 3237 2072 3293 ad

2187 3232 2275 3287 καὶ
2334 3236 2439 3287 τῶν
2492 3234 2780 3307 λυπηρῶν,
2834 3233 2933 3289 ὅσα
3003 3234 3138 3308 μετᾶ
3201 3236 3299 3305 τὴν
3379 3237 3596 3291 ἐκείνων
3650 3235 3855 3290 ἀποτυο

432 3337 540 3376 nos
571 3319 734 3376 misit
765 3320 1028 3377 doctores
1074 3330 1128 3378 et
1174 3322 1509 3395 prophetas,
1542 3324 1643 3397 qui
1683 3326 2079 3398 praedicabant

436 3409 731 3483 Unigeniti
762 3411 958 3469 carnis
978 3414 1435 3486 susceptionem,
1452 3423 1505 3471 et
1527 3421 1787 3484 cunctas,
1809 3433 1938 3489 qua
1972 3433 2073 3489 pro

432 3499 603 3555 nobis
622 3499 870 3572 ingratis
883 3501 955 3557 ab
976 3517 1041 3558 eo
1060 3508 1344 3576 susceptis
1369 3505 1622 3576 fuerunt,
1648 3506 2070 3579 perpessiones,

432 3587 727 3660 colaphos,
760 3606 1014 3659 crucem,
1046 3591 1330 3660 lanceam,
1362 3594 1746 3653 voluntariam
1803 3601 2070 3667 mortem,

430 3678 559 3750 ejus
606 3679 1110 3750 resurrectionem,
1141 3687 1402 3739 nostram
1444 3684 1883 3751 correctionem,
1915 3702 2071 3742 revo-

427 3768 714 3824 cationsm
774 3769 844 3825 ad
891 3769 1145 3841 primum
1196 3772 1413 3828 bonum
1456 3773 1729 3830 reditum.
1771 3775 2068 3831 Postremo

424 3857 673 3913 docebat
703 3860 745 3925 ί,
780 3858 936 3928 quod
988 3860 1199 3931 dignos
1247 3861 1461 3933 excipit
1488 3878 1737 3934 regnum
1768 3864 2065 3932 cmlorum,

426 3949 485 4001 et
515 3946 670 4016 quod
722 3945 895 4003 malis
932 3952 1283 4005 tormentum
1316 3954 1401 4006 est
1431 3960 1719 4021 paratum,
1758 3952 1935 4023 ignis,
1968 3952 2065 4023 qui

428 4049 544 4089 non
603 4035 1044 4108 exstinguitur:
1085 4039 1358 4107 tenebrm,
1393 4056 1518 4110 qua:
1568 4057 1683 4097 non
1735 4041 2061 4097 desinunt:

424 4122 634 4178 vermis
666 4124 1032 4194 immortalis,
1055 4132 1112 4183 et
1132 4129 1517 4200 quodcunque
1539 4130 1694 4186 aliud
1712 4129 2063 4203 supplicium

423 4210 535 4266 sibi
570 4213 1043 4283 recondiderunt,
1077 4216 1177 4288 qui
1208 4222 1347 4273 sunt
1376 4219 1521 4273 servi
1554 4219 1798 4291 peccati.

2187 3323 2335 3398 χίαν,
2379 3321 2437 3379 οἷ’
2480 3325 2613 3395 μοῖί
2672 3319 2970 3380 κατέλαϐεν
3017 3324 3227 3387 ἀθλίως
3287 3327 3437 3398 ἡμᾶς
3490 3323 3579 3381 ἐπὶ
3626 3324 3850 3387 τούτοις

2186 3414 2251 3467 τὰ
2285 3420 2385 3483 τῆς
2432 3411 2845 3490 φιλανθρωπίας
2884 3414 3180 3492 ἐπήγαγεν,
3214 3414 3363 3478 ὅπως
3410 3423 3513 3485 τῆς
3570 3415 3849 3489 ἡμετέρας

2182 3504 2476 3578 φροντίξων
2548 3505 2575 3557 ὁ
2657 3505 3003 3579 Δημιουργὸς
3093 3506 3389 3581 σωτηρίας.
3474 3502 3845 3568 διδασκάλους

2179 3594 2319 3665 ἡμῖν
2373 3590 2662 3649 ἀπέστειλε
2731 3594 2821 3649 καὶ
2870 3596 3156 3671 προφήτας
3202 3596 3301 3665 τὴν
3344 3598 3440 3650 τοῦ
3483 3596 3841 3669 Μονογενοῦς

2178 3680 2540 3756 κηρύττοντας
2622 3683 2917 3757 σάρκωσιν,
3002 3681 3186 3739 ἔπειτα
3267 3684 3357 3738 καὶ
3434 3686 3534 3753 τήν
3619 3683 3833 3738 ἐκείνου

2179 3767 2405 3825 κάθοδον
2464 3770 2555 3825 καὶ
2610 3770 2678 3825 τά
2734 3770 2867 3845 ὑπὲρ
2933 3772 3092 3844 ἡμῶν
3135 3774 3243 3825 τῶν
3289 3770 3599 3846 ἀχαρίστων
3648 3770 3833 3841 πάθή-

2183 3880 2346 3932 ματα,
2401 3859 2468 3915 τὸ.
2516 3859 2849 3936 ῥαπίσματα,
2892 3860 2983 3914 τὸν
3036 3861 3284 3934 σταυρὸν,
3332 3860 3431 3930 τὴν
3461 3858 3704 3935 λόγχην,
3738 3858 3838 3914 τὸν

2178 3948 2424 4003 ἑκούσιον
2484 3949 2732 4017 θάνατον,
2791 3944 2950 4010 τέλος
3015 3950 3115 4018 τὴν
3197 3947 3564 4022 ἐπανόρθωσιν
3643 3950 3839 4019 ἡμῶν,

2177 4040 2275 4108 τήν
2326 4036 2643 4107 ἀνάκλησιν,
2704 4038 2805 4106 τὴν
2864 4036 2937 4097 είς
2990 4037 3053 4092 τὸ
3082 4042 3300 4113 πρῶτον
3340 4036 3536 4114 ἀγαθὸν
3569 4032 3840 4091 επανοδον

2180 4126 2316 4199 μετὰ
2377 4130 2545 4180 ταῦτα
2616 4126 2716 4194 τὴν
2784 4123 3153 4201 ἐκδεχομένην
3239 4126 3368 4190 τοὺς
3453 4126 3633 4197 ἀξίους
3715 4129 3829 4180 τῶν

2176 4215 2415 4288 οὐρανῶν
2486 4212 2786 4289 βασιλείαν,
2852 4216 2951 4283 τήν
3015 4214 3376 4289 ἀποκειμένην
3420 4221 3538 4280 τοῖς
3600 4214 3843 4291 φαύλοις

427 4296 683 4372 βάσανον,
748 4302 809 4355 τὸ
878 4303 955 4375 μὴ
1016 4299 1366 4378 σϐεννύμενον
1434 4310 1562 4380 πῦρ,
1637 4308 1699 4363 τὸ
1770 4307 1846 4380 μὴ
1915 4306 2088 4384 λῆγον
2154 4306 2366 4375 σκότος,
2398 4304 2492 4360 τὸν
2529 4304 2789 4360 ἀθάνατον
2858 4302 3143 4376 σκώληκα,
3210 4305 3298 4361 καὶ
3368 4307 3499 4375 ὅσην
3566 4303 3749 4375 ἄλλην
3782 4307 3838 4360 οἱ

418 4394 520 4457 τῆς
554 4389 821 4465 ἁμαρτίας
851 4389 1038 4450 δοῦλοι
1070 4393 1296 4452 κόλασιν
1324 4397 1534 4459 δαυτοῖς
1566 4396 1940 4473 ἐθησαύρισαν.

494 4483 598 4541 XI.
628 4482 759 4542 Haec
789 4501 922 4542 cum
956 4487 1352 4558 disseruisset,
1384 4491 1734 4563 firmamque
1764 4496 1823 4548 st
1861 4490 2067 4549 immo~

2248 4488 2355 4542 IA'.
2420 4490 2595 4543 Ταῦτα
2651 4482 2962 4557 διεξελθὼν,
3019 4486 3110 4541 καὶ
3175 4485 3566 4561 ἀπερίτρεπτον
3652 4486 3836 4558 ἑαυτῷ

420 4569 601 4653 bilem
634 4572 744 4629 sibi
777 4580 1046 4645 precatus
1076 4586 1222 4634 esset
1245 4579 1690 4644 confessionem.
1715 4580 1811 4637 ille
1833 4581 2065 4653 quidem

422 4651 595 4710 tinem
642 4656 922 4726 imposuit
958 4660 1297 4731 precationi.
1330 4661 1574 4725 Quidam
1621 4667 1818 4719 autem
1848 4651 1914 4719 ex
1961 4664 2067 4719 cir-

420 4744 875 4815 cumstautibus,
916 4762 1051 4803 cum
1085 4764 1212 4820 quas
1256 4748 1354 4805 ille
1384 4750 1611 4806 dixerat
1638 4751 1870 4823 scriptis
1901 4766 2063 4807 man-

419 4830 680 4899 dassent,
712 4834 783 4889 ad
817 4849 1012 4907 regem
1044 4851 1112 4892 ea
1156 4838 1357 4893 statim
1389 4839 1668 4897 referunt.
1701 4843 1890 4911 Atque
1926 4841 2061 4896 Gre-

417 4920 580 4990 gorio
612 4920 849 4993 quidem
883 4922 1027 4996 pede
1057 4941 1369 4995 suspenso,
1393 4944 1625 4983 rursum
1650 4932 1919 5000 peractus
1939 4932 2065 4985 erat

416 5013 639 5080 septem
692 5010 916 5068 dierum
965 5029 1196 5071 cursus.
1230 5014 1332 5072 Ille
1380 5032 1511 5073 cum
1560 5033 1693 5074 eum
1726 5035 1933 5075 rursus
1964 5019 2063 5075 de-

416 5096 702 5170 duxisset,
734 5098 1102 5160 existimabat
1129 5120 1261 5161 eum
1294 5121 1419 5162 esse
1449 5122 1814 5179 persuasum,
1846 5111 2059 5164 victum

415 5202 451 5243 a
480 5186 789 5261 supplicio.
822 5190 962 5247 Cum
997 5198 1192 5250 autem
1223 5192 1461 5251 vidisset
1491 5211 1622 5253 sum
1656 5198 1985 5269 promptius
2006 5203 2062 5255 et

416 5275 713 5335 alacriuse
728 5280 844 5337 vita
868 5281 1478 5356 discessurum,quam
1494 5286 1723 5343 afidsin
1738 5287 2059 5355 Christum,

2178 4573 2535 4648 ἐπευξάμενος
2592 4574 2684 4629 καὶ
2752 4572 2948 4643 ἀκλινῆ
2983 4576 3083 4644 τὴν
3114 4574 3442 4651 ὁμολογίαν,
3472 4576 3501 4630 ὁ
3535 4574 3630 4648 μὶν
3669 4573 3834 4638 τέλος

2174 4663 2407 4733 ἐπέθηκε
2462 4666 2531 4737 τῇ
2583 4664 2723 4739 εὐχῇ
2750 4684 2764 4698 ·
2792 4668 2899 4718 τῶν
2942 4660 2999 4719 δί
3040 4666 3415 4740 περιεστώτων
3446 4664 3607 4733 τινες,
3638 4668 3828 4742 γραφῇ

2170 4752 2238 4807 τὰ
2288 4752 2377 4807 ὑπ’
2430 4751 2637 4808 ἐκείνου
2700 4750 2965 4827 εἰρημένα
3023 4748 3401 4825 διαλαϐόντες,
3467 4753 3829 4830 ἀναφέρουσιν

2173 4840 2327 4903 εὐθὺς
2385 4842 2459 4905 ὡς
2506 4843 2595 4897 τὸν
2651 4840 2901 4917 βασιλέα.
2958 4845 3049 4915 Τῷ
3106 4844 3202 4915 μὶν
3239 4841 3334 4899 οὖν
3392 4844 3686 4920 Γρηγορίῳ
3722 4847 3826 4900 τοῦ

2171 4927 2339 4991 ποδὸς
2386 4929 2791 5006 ἀπῃωρημένῳ,
2836 4925 3075 5004 ἕϐδομος
3111 4934 3335 5005 ἡμερῶν
3367 4932 3598 5009 ἀριθμὸς
3626 4932 3821 5001 ἠνύετο

2169 5017 2355 5076 πάλιν.
2412 5022 2471 5077 Ὀ
2530 5017 2588 5075 δὲ
2634 5019 2724 5075 καὶ
2781 5017 2935 5083 αὖθις
2990 5021 3327 5098 καταγαγὼν,
3384 5026 3668 5086 πεπεῖσθαι
3722 5022 3820 5094 μὶν

2171 5107 2331 5163 αὐτὸν
2382 5105 2519 5179 ᾤετο
2564 5116 2665 5179 τῆς
2714 5106 2993 5172 κολάσεως
3032 5112 3354 5180 ἡττηθέντα*
3384 5107 3573 5178 ἐπειδὴ
3622 5107 3680 5165 δὲ
3709 5109 3823 5167 εἶδε

2168 5198 2454 5271 πρόθυμον
2506 5199 2633 5253 ὄντα
2689 5205 2789 5268 τῆς
2849 5200 3036 5274 ψυχῆς
3078 5200 3376 5269 ἀποστῆναι
3409 5198 3623 5273 μᾶλλον
3655 5199 3690 5269 ἢ
3720 5206 3823 5270 τῆς

2168 5284 2245 5348 εἷς
2307 5287 2547 5361 Χριστὸν
2595 5286 2851 5360 πίστεως,
2907 5286 3202 5365 βαρύτερον
3240 5289 3641 5365 ἀνταγωνιστὴν
3692 5289 3821 5344 δαυ-

414 5379 485 5455 se
512 5366 835 5436 graviorem
860 5370 1095 5444 martyri
1119 5376 1280 5443 parat
1311 5374 1728 5444 adversarium,
1753 5391 1816 5432 se
1836 5376 2061 5434 confert

2182 5374 2259 5430 τὸν
2314 5376 2707 5448 παρασκευάζει
2758 5383 2844 5451 τῷ
2903 5379 3157 5455 μάρτυρι,
3212 5380 3301 5436 καὶ
3379 5378 3520 5453 πρὸς
3611 5378 3815 5453 ἐτέρων

416 5451 488 5509 ad
533 5452 651 5511 alia
692 5459 1073 5531 excogitanda
1118 5465 1433 5535 tormenta,
1473 5464 1686 5536 quibus
1726 5480 1843 5523 non
1873 5463 2061 5537 possit

2182 5458 2413 5521 Ξασάνων
2462 5465 2703 5541 ἐπινοίας
2749 5451 2947 5545 χωρεῖ,
2983 5451 3253 5542 ὀὐδεμίαν
3307 5451 3619 5545 ὑπερϐολὴν
3677 5451 3816 5525 ἀπο-

487 5641 502 5677 ¹
543 5637 722 5698 Marc.
757 5656 835 5713 xx,
862 5642 954 5699 43.
