4106 6200
233 353 346 411 9ὄ7

1245 349 1430 413 νΙΤΑ
1477 349 1542 410 S.
1590 337 1955 407 GREGOBII
2002 339 2642 410 ILLUMINATORlS.

3530 351 3646 409 959

231 510 496 573 λιπούσαις
550 509 843 583 ὠμότητος
879 527 889 540 ·
917 509 1007 565 καὶ
1039 510 1214 565 σανίσι
1240 510 1304 565 τὰ
1336 509 1657 580 ἀντικνήμια
1685 502 1881 561 τούτου

2011 520 2122 562 esse
2153 505 2374 580 aliquid
2424 509 2753 567 crudelius:
2790 518 3007 568 etcum
3060 511 3278 567 tabulis
3330 511 3648 568 anteriores

228 595 570 676 περιλαϐὼν,
628 600 747 655 εἶτα
799 597 1005 674 σχοίνῳ
1032 598 1227 661 ταύτας
1284 597 1527 675 ἰσχυρῶς
1575 594 1887 671 διασφίγξας

232 689 408 755 οὸτως
458 688 717 760 ἐκπιέζει,
776 690 853 752 ὡς
911 688 1001 744 καὶ
1052 688 1227 744 αὐτῶν
1285 686 1351 760 δὴ
1410 709 1515 743 που
1546 691 1652 742 τῶν
1711 682 1889 758 ἄκρων

233 784 333 836 τοῦ
386 776 558 841 ποδὸς
623 776 908 834 δακτύλων
961 773 1223 852 σταγόνας
1272 774 1504 850 α’ίματος
1563 773 1886 843 ἀποστάξαι.

236 867 372 942 Ὀψὲ
456 867 634 923 τοίνυν
720 873 819 937 τῆς
898 867 1188 928 κακώσεως
1256 864 1463 935 ἐκείνης
1528 863 1656 927 τοὺς
1716 859 1888 923 πόδας

236 956 535 1032 ἐξαγαγὼν,
594 953 850 1029 σιδηροῦς
907 956 1043 1011 κατᾶ
1070 960 1177 1011 τῶν
1224 952 1519 1028 πελμάτων
1553 952 1889 1026 ἐμπήγνυσιν

236 1043 415 1116 ἥλους
468 1046 557 1101 καὶ
613 1048 829 1124 τρέχειν
856 1047 947 1102 τὸν
991 1043 1238 1117 ἀθλητὴν
1267 1045 1568 1119 ἀναγκάζει,
1600 1040 1801 1114 πολλῷ
1827 1040 1889 1096 τὸ

241 1133 595 1208 ὑποκείμενον
629 1132 823 1214 ἔδαφος
852 1135 1043 1208 αἱματι
1094 1134 1367 1210 ῥαίνοντα,
1400 1134 1518 1211 Ἐφ’
1548 1133 1593 1203 ᾧ
1643 1132 1733 1187 καὶ
1790 1128 1892 1185 ἀλ-

236 1228 536 1302 γυνόμενος
592 1225 799 1305 σφόδρα
850 1228 949 1296 τὴν
997 1226 1222 1303 καρδίαν
1282 1228 1310 1281 6
1372 1226 1575 1300 μάρτυς
1628 1224 1893 1296 (καὶπῶς

238 1316 344 1393 γὰρ
375 1317 436 1373 ἂν
471 1320 548 1391 μὴ
608 1317 912 1393 ἀλγοῦντος
969 1318 996 1372 6
1051 1316 1221 1380 πόθος
1268 1319 1296 1373 ὁ
1327 1317 1460 1391 πρὸς
1495 1313 1722 1390 Χριστὸν
1755 1310 1891 1368 ἐδεῖ-

236 1408 473 1480 κνυτος).
506 1432 535 1460 ιι
587 1406 954 1481 Πορευόμενοι
1002 1405 1346 1482 ἐπορεύοντο,
1374 1402 1526 1477 ἔλεγε
1554 1402 1645 1460 καὶ
1676 1401 1893 1458 ἔκλαιον

240 1494 545 1572 βάλλοντες
600 1500 668 1552 τά
726 1499 1011 1573 σπίρματα
1067 1498 1265 1553 αὐτῶν
1300 1496 1594 1572 ἐρχόμενοι
1644 1491 1701 1548 δὲ
1729 1495 1895 1563 ἢξου-

240 1606 323 1642 σιν
381 1586 433 1642 ἐν
487 1586 808 1665 ἀγαλλιάσει
859 1586 1104 1663 αἴροντες
1161 1589 1228 1642 τὰ
1284 1584 1566 1663 δράγματα
1620 1584 1819 1643 αὐτῶν.
1864 1606 1892 1635 ››

241 1678 425 1735 Ταῦτα
482 1677 512 1731 6
573 1678 668 1749 μὶν
727 1674 905 1747 ἡδέως
966 1674 1299 1751 ὑπέψαλλεν.
1355 1676 1419 1733 Ὀ
1468 1673 1526 1730 δὲ
1580 1670 1893 1750 Τηριδάττ,ς

241 1763 523 1842 ὠμότερον
581 1764 738 1821 αὐτὸν
805 1770 922 1827 τοῖς
977 1769 1332 1840 περιεστῶσιν
1392 1764 1607 1819 ἐκέλευε
1664 1761 1842 1817 παίειν
1877 1777 1892 1793 '

1998 596 2156 652 tibiae
2194 602 2389 669 partes
2441 600 2991 671 comprehendisset,
3023 604 3081 656 et
3109 600 3319 657 deinde
3365 618 3464 656 eas
3512 602 3647 655 fune

1999 686 2464 756 constrinxisset,
2488 689 2572 744 sic
2603 689 2892 761 exprimit,
2918 698 2975 743 ut
3005 706 3072 745 ex
3103 689 3244 761 ipsis
3275 688 3451 744 etiam
3485 705 3647 744 sum-

2002 774 2112 831 mis
2137 777 2347 848 pedum
2368 776 2569 850 digitis
2591 784 2769 849 gutta
2786 778 3095 851 sanguinis
3114 777 3486 833 distillarent.
3504 778 3647 834 Cum

2000 881 2137 939 ergo
2165 866 2259 922 vix
2288 869 2521 924 tandem
2554 869 2731 940 pedes
2763 870 3063 924 eduxisset
3092 884 3161 923 ex
3185 866 3285 924 illa
3311 866 3648 934 afﬂictione,

2000 954 2061 1011 in
2120 955 2338 1028 plantis
2397 959 2561 1029 pedis
2618 960 2834 1014 ferreos
2892 958 3083 1029 infigit
3129 956 3347 1024 clavos,
3393 964 3447 1011 et
3495 955 3650 1024 cogit

2001 1046 2281 1102 athletam
2308 1063 2559 1114 currere,
2586 1047 2771 1103 multo
2793 1049 3077 1119 sanguine
3100 1046 3291 1103 solum
3315 1046 3645 1115 subiectum

2000 1142 2422 1209 aspergentem.
2449 1138 2836 1203 Quamobrem
2870 1153 3150 1209 magnum
3183 1136 3355 1193 corde
3386 1135 3648 1190 dolorem

2003 1227 2263 1282 sentiens
2322 1231 2543 1299 martyr
2599 1227 2913 1299 (quomodo
2980 1228 3160 1293 enim,
3221 1225 3334 1281 nisi
3392 1224 3648 1281 dolorem

2004 1315 2263 1382 sentiret,
2309 1317 2707 1372 ostenderetur
2762 1318 2887 1387 ejus
2947 1316 3004 1371 in
3064 1315 3356 1371 Christum
3414 1313 3647 1369 deside-

2005 1405 2157 1461 rium
2178 1406 2228 1477 ?)
2253 1422 2266 1459 :
2293 1426 2323 1456 ιι
2346 1406 2557 1461 Euntes
2589 1406 2772 1473 ibant,
2797 1406 3043 1473 dicebat,
3067 1411 3124 1462 et
3155 1405 3393 1470 ﬂebant,
3418 1403 3649 1459 mitten-

2004 1500 2091 1551 tes
2137 1494 2360 1550 semina
2406 1510 2549 1551 sua:
2580 1495 2877 1551 venientes
2916 1501 3111 1551 autem
3160 1494 3391 1551 venient
3438 1494 3498 1549 in
3547 1508 3652 1549 ex-

2005 1583 2337 1654 sultatione,
2354 1584 2617 1641 tollentes
2639 1584 2968 1657 manipulos
2988 1583 3180 1641 suos”.
3208 1607 3236 1635 ››
3264 1586 3391 1640 Haec
3407 1587 3651 1639 sanctus

2006 1674 2240 1746 quidem
2266 1674 2553 1745 psallebat
2572 1677 2845 1732 suaviter.
2871 1676 3172 1733 Teridates
3192 1682 3385 1732 autem
3415 1673 3654 1745 jubebat

2006 1765 2527 1821 circumstantibus
2584 1765 2753 1823 ferire
2811 1766 3139 1823 crudelius:
3173 1766 3267 1834 Ut,
3319 1766 3533 1838 inquit,
3592 1764 3653 1818 in

234 1854 351 1924 ἵνα,
382 1857 570 1934 φησὶν,
601 1856 653 1911 ἐν
699 1852 866 1931 ὀδύνῃ
900 1854 1110 1913 πλείονι
1142 1857 1232 1911 καὶ
1270 1855 1541 1929 κλαυθμῷ
1582 1856 1618 1923 ἡ
1658 1850 1897 1927 προσδο-

2011 1854 2215 1925 majori
2245 1854 2443 1911 dolore
2473 1858 2529 1911 et
2558 1855 2693 1911 ﬂetu
2728 1856 2799 1911 ad
2830 1871 2963 1911 eum
2999 1855 3310 1929 perveniat,
3335 1871 3462 1927 qua
3485 1853 3555 1909 ab
3586 1867 3654 1907 eo

237 1943 465 2019 κωμένη
523 1945 716 2001 τοῦτον
774 1943 949 2015 ἡδονή
1008 1939 1334 2001 καταλάϐοι·
1366 1942 1503 2001 Ἀλλ
1555 1943 1646 1998 καὶ
1676 1945 1903 1997 τοιαῦτα

240 2033 472 2109 πάσχων
525 2034 601 2097 ὡς
670 2035 763 2090 καὶ
829 2033 1129 2109 κορεννύειν
1194 2040 1313 2097 τοῖς
1389 2033 1576 2089 πάθεσι
1650 2031 1740 2087 καὶ
1815 2052 1907 2105 μι-

244 2122 481 2179 σούντων
540 2124 723 2200 ψυχᾶς
773 2124 926 2198 ὅμως
990 2121 1345 2198 ἀνδρειότατα
1395 2119 1484 2177 διὰ
1514 2121 1750 2197 Χριστὸς
1783 2118 1910 2196 ἔφε-

248 2236 359 2293 ρεν.

320 2306 417 2364 ΙΒ’.
492 2303 617 2362 Ἐπὶ
672 2303 893 2367 τούτοις
953 2305 1217 2361 ἁπλοῦσιν
1272 2305 1434 2360 αὐτὸν
1513 2302 1703 2359 ὕπτιον
1775 2303 1909 2357 κατὰ

242 2398 344 2451 τοῦ
399 2391 659 2473 ἐδάφους,
720 2399 883 2451 τοῦτο
938 2394 1295 2458 κελεύσαντος
1353 2398 1448 2450 τοῦ
1504 2394 1786 2468 τυράννου·
1819 2391 1910 2447 καὶ

243 2485 347 2555 τὴν
416 2485 512 2558 μὶν
582 2483 825 2562 κεφαλὴν
898 2490 1196 2558 τεκτονικῷ
1277 2506 1386 2540 τινι
1480 2477 1915 2545 ἐναπολαϐόντες

251 2574 495 2649 ὀργάνῳ,
546 2572 881 2649 ἰσχυρότατα
926 2573 1253 2644 ἐκπιὲζουσι,
1284 2577 1354 2647 τῇ
1407 2572 1509 2649 ῥινὶ
1554 2569 1614 2627 δὲ
1657 2569 1915 2627 αὐλῖσκον

253 2660 715 2737 ἐναρμοσάμενοι,
777 2662 959 2735 νίτρον
1009 2664 1100 2718 καὶ
1162 2661 1299 2724 ἅλας
1366 2656 1473 2734 ὄξει
1522 2658 1911 2734 κεκραμένους,

256 2752 377 2806 κατ’
432 2750 630 2814 αὐτοὺς
687 2751 874 2825 ἠρέμα
932 2751 1209 2827 ἐγχέουσι,
1267 2749 1360 2805 καὶ
1446 2751 1547 2820 τήν
1607 2746 1916 2825 δριμύτητα

255 2839 393 2914 πρός
422 2860 481 2896 τε
537 2841 604 2896 τὰ
644 2847 746 2910 τῆς
785 2840 1030 2917 κεφαλῆς
1069 2840 1414 2913 κοιλώματαῖ
1455 2839 1547 2894 καὶ
1587 2839 1715 2911 παρ’
1756 2837 1916 2892 αὐτὸν

258 2927 619 3002 εἰσπέμπουσι
677 2930 769 2985 τὸν
829 2928 1150 3007 ἐγκέφαλον.
1187 2930 1461 2993 Ἐντεῦθεν
1522 2924 1702 3000 ἓτερον
1768 2925 1915 2999 αύτῷ

250 3018 545 3081 κακώσεως
592 3019 795 3093 τρόπον
847 3016 1149 3089 ἐπινοοῦσι,
1200 3019 1291 3073 καὶ
1348 3019 1448 3088 τὴν
1501 3016 1718 3072 ἐκείνων
1765 3014 1914 3087 ὠμό-

262 3108 548 3179 τητα,καὶ
597 3109 697 3178 τήν
734 3112 831 3165 τοῦ
886 3108 1154 3184 μάρτυρος
1220 3105 1439 3184 ἀνδρίαν
1496 3106 1685 3178 ἐπίσης
1744 3105 1907 3184 ἄμφω

2011 1947 2394 2015 exspectatur,
2424 1942 2715 2016 voluptas.
2740 1946 2850 2001 Sed
2883 1945 3017 2001 licet
3046 1949 3129 2000 tot
3157 1949 3215 2000 et
3243 1950 3405 2000 tanta
3436 1947 3657 2015 patere-

2011 2036 2129 2102 tur,
2155 2036 2217 2088 ut
2235 2032 2359 2088 suis
2391 2033 2865 2105 perpessionibus
2895 2049 3093 2090 eorum
3123 2033 3316 2101 etiam,
3338 2032 3439 2103 qui
3460 2032 3655 2103 ipsum

2013 2121 2146 2179 odio
2170 2121 2481 2190 habebant,
2506 2123 2733 2179 animos
2753 2123 3007 2194 satiaret,
3033 2123 3352 2179 fortissime
3373 2127 3569 2178 tamen
3591 2136 3659 2175 ea

2017 2211 2240 2268 ferebat
2268 2215 2502 2283 propter
2530 2212 2848 2269 Christum.

2086 2298 2213 2355 XII.
2248 2299 2384 2356 Post
2425 2299 2547 2356 haec
2590 2316 2725 2357 eum
2775 2300 2929 2357 humi
2987 2301 3258 2374 supinum
3317 2298 3661 2366 extendunt,

2017 2405 2151 2444 cum
2184 2388 2292 2445 hoc
2316 2389 2597 2460 iussisset
2624 2395 2944 2463 tyrannus:
2970 2396 3026 2447 et
3054 2407 3187 2447 cum
3218 2394 3395 2462 caput
3424 2387 3661 2461 quidem

2020 2477 2213 2533 fabrili
2245 2479 2499 2549 quodam
2544 2480 2985 2552 intercepissent
3031 2481 3445 2545 instrumento,
3475 2476 3663 2549 expri-

2022 2571 2193 2622 munt
2221 2567 2599 2624 validissime.
2623 2570 2764 2624 Cum
2800 2586 2941 2625 naso
2970 2575 3164 2624 autem
3201 2569 3459 2624 fistulam
3486 2566 3666 2638 appli-

2020 2660 2271 2727 cassent,
2295 2657 2515 2713 nitrum
2546 2662 2602 2713 et
2632 2658 2813 2713 salem
2848 2658 3093 2713 mistum
3125 2663 3308 2725 aceto,
3334 2656 3394 2712 in
3415 2672 3542 2713 eam
3574 2654 3667 2709 in-

2020 2746 2299 2815 fundunt,
2351 2750 2410 2802 et
2468 2763 2696 2802 acorem
2754 2746 2829 2802 ad
2888 2747 3176 2819 profunda
3231 2746 3441 2818 capitis
3488 2751 3546 2800 et
3593 2745 3664 2799 ad

2022 2835 2218 2906 ipsum
2241 2835 2653 2891 transmittunt
2673 2837 3000 2892 cerebrum.
3030 2836 3247 2891 Deinde
3276 2836 3398 2905 ejus
3419 2833 3665 2889 vexandi

2021 2922 2203 2980 alium
2250 2940 2483 2996 quoque
2537 2925 2775 2981 modum
2825 2925 3175 2997 excogitant,
3205 2924 3304 2995 qui
3337 2929 3395 2979 et
3434 2922 3667 2977 illorum

2021 3012 2424 3071 crudelitatem
2485 3020 2543 3071 et
2593 3014 2864 3087 martyris
2913 3015 3097 3071 animi
3146 3013 3546 3069 fortitudinem
3600 3026 3669 3066 ex

2028 3119 2193 3175 aaquo
2245 3104 2600 3161 ostendebat.
2632 3104 2776 3160 Nam
2808 3121 2936 3161 cum
2976 3104 3267 3161 calathum
3314 3101 3668 3169 attulissent,

264 3191 579 3253 δεικνύοντα
625 3196 872 3254 Θύλακον
920 3197 1024 3275 γὰρ
1073 3197 1375 3274 ἐνεγκόντες
1422 3197 1710 3272 καμιναίας
1759 3194 1898 3265 πλη-

316 3290 344 3302 ..
530 3286 640 3303 .-.ς
856 3287 870 3303 ι
1000 3288 1027 3303 .,
1195 3290 1207 3303 .
1597 3289 1611 3303 .
1703 3286 1717 3303 .
1797 3286 1809 3303 .

2025 3192 2243 3250 camini
2264 3210 2397 3249 eum
2418 3194 2663 3265 implent
2684 3193 2949 3267 fuligine,
2972 3198 3029 3251 et
3048 3193 3107 3249 in
3130 3210 3263 3250 enm
3286 3190 3668 3262 martyricum

2021 3282 2159 3303 :11--J
2202 3287 2365 3303 _-__Aa
2402 3283 2723 3303 :_‘A_2.xu_a
2788 3288 2833 3303 Δι
2868 3282 3002 3303 ξμ,.ε
3043 3281 3176 3303 _-II-
3218 3281 3501 3303 -_I_.I____.
3542 3279 3635 3303 ,113

251 3290 433 3359 ροῦσιν
494 3286 753 3360 αἰθάλης,
782 3287 872 3344 καὶ
929 3288 1093 3344 τοῦτο
1148 3290 1248 3358 τὴν
1312 3289 1652 3364 μαρτυρικήν
1698 3286 1898 3357 ἐκείνηι

2020 3282 2161 3338 illud
2195 3287 2372 3354 caput
2401 3283 2747 3345 immittunt.
2781 3288 2838 3339 et
2860 3282 3006 3354 justi
3036 3281 3182 3339 collo
3213 3281 3507 3338 calathum
3540 3279 3668 3335 alli-

250 3370 599 3448 ἐμϐάλλουσι
648 3375 914 3455 κεφαλὴν,
946 3378 1038 3433 καὶ
1093 3383 1173 3451 τῷ
1225 3384 1323 3434 τοῦ
1376 3376 1588 3435 δικαίου
1633 3376 1909 3453 τραχήλῳ

246 3463 344 3520 τὸν
375 3465 611 3530 θύλακον
663 3464 979 3538 ἀποδέουσι,
1009 3468 1096 3524 καὶ
1149 3468 1225 3530 εἷς
1263 3463 1423 3539 ἕκτην
1477 3469 1641 3524 αὐτὸν
1692 3464 1905 3542 ἡμέραν

246 3557 315 3627 τῇ
375 3554 599 3629 χαλεπῇ
645 3556 815 3631 ταύτῃ
878 3555 1095 3631 βασάνῳ
1156 3557 1434 3627 πιέζεσθαι
1494 3554 1904 3615 καταλείπουσι.

248 3645 334 3716 Τῇ
366 3638 579 3716 ἐϐδόμῃ
611 3644 791 3700 τοίνυν
841 3647 1332 3720 μεταπεμψάμενος
1372 3646 1532 3703 αὐτὸν
1582 3646 1903 3723 Τηριδάτης

252 3732 389 3804 μετά
420 3736 519 3788 τοῦ
551 3736 818 3805 συνήθους
853 3743 1132 3811 μυκτῆρος
1162 3736 1252 3792 καὶ
1282 3743 1385 3806 τῆς
1434 3736 1602 3815 φίλης
1664 3738 1895 3811 μωκίας·

247 3818 418 3876 Πόθεν
446 3823 607 3893 ἡμῖν,
639 3822 685 3877 ὦ
716 3823 897 3895 οὗτος,
926 3829 1016 3880 νῦν
1060 3824 1345 3897 ἐπανῆκες,
1377 3825 1503 3903 ἔφη,
1537 3828 1640 3897 ἇρᾶ
1685 3848 1746 3903 γε
1795 3828 1900 3883 ἀπὸ

245 3913 350 3977 τῆς
390 3906 670 3983 βασιλείας
717 3910 808 3966 καὶ
856 3917 964 3967 τῶν
1016 3913 1227 3990 ἀγαθῶν
1283 3913 1522 3982 ἐκείνων,
1555 3914 1588 3967 ἃ
1636 3913 1902 3990 πρότερον

247 3996 351 4053 ὑπὸ
408 3997 609 4055 πλατεῖ
663 4003 743 4072 τῷ
793 4000 1020 4075 στόματι
1083 4000 1338 4076 διεξῄεις,
1370 4004 1461 4059 καὶ
1519 4004 1594 4057 ὧν
1654 4003 1899 4058 ἀπολαύ-

243 4097 428 4151 σεσθαι
475 4085 835 4164 προσεδόκας.
870 4091 970 4146 Καὶ
1028 4091 1058 4145 6
1104 4096 1343 4166 γενναῖος
1371 4090 1855 4166 ίᾶπαῤῥησιάστως
1882 4112 1896 4126 ⁸

243 4172 431 4242 Οὔπω,
464 4176 629 4254 φησὶν
656 4178 722 4251 ,ὦ
785 4176 1030 4251 βασιλεῦ,
1064 4181 1204 4252 πρὸς
1243 4181 1346 4249 τὴν
1391 4180 1630 4257 ὂίῤῥητον
1690 4179 1899 4253 ἐκείνην

249 4261 595 4338 εὐδαιμονίαν
643 4263 1067 4342 ἆποδεδήμηκα.
1102 4270 1220 4326 Ἔτι
1272 4268 1375 4346 γὰρ
1433 4272 1496 4325 τὸ
1559 4272 1694 4347 βαρὺ
1733 4275 1897 4327 τοῦτο

240 4350 559 4428 περίκειμαι
588 4359 686 4411 τοῦ
717 4356 971 4431 σώματος
1000 4360 1246 4436 φορτίον.
1278 4357 1434 4417 Ἀλλ’
1466 4358 1581 4416 ἐπεὶ
1629 4360 1893 4417 τοιούτων

241 4439 378 4517 ὒπέρ
430 4441 529 4499 τοῦ
586 4444 722 4520 ἐμοῦ
779 4446 1056 4503 Λεσπότου
1109 4448 1379 4522 ήξίωμαι,
1436 4448 1551 4523 ἥξω
1604 4450 1742 4523 μετᾶ
1797 4458 1900 4521 τὴς

238 4529 446 4589 ἐκείνου
485 4530 651 4607 δόξης
713 4538 907 4613 μικρὸν
965 4537 1207 4613 ὕστερον,
1240 4526 1358 4595 κὸτε
1412 4540 1591 4615 γυμνὰ
1656 4541 1752 4613 μὲν
1805 4543 1896 4597 καὶ

235 4620 723 4697 τετραχηλισμένα
773 4629 853 4696 τῷ
908 4624 1119 4682 ἐκείνου
1198 4629 1409 4703 βήματι
1486 4631 1892 4704 παραστήσεται

237 4709 433 4781 πάντα,
477 4714 745 4768 καθιεῖται
802 4711 860 4769 δὲ
918 4713 1081 4778 αὐτὸς
1130 4718 1160 4771 6
1216 4720 1315 4772 τοῦ
1367 4720 1503 4773 Θεοῦ
1553 4717 1729 4793 Λόγος
1771 4738 1896 4794 κρι-

239 4798 394 4861 τικὸς
448 4797 799 4872 ἐνθυμήσεων
857 4804 945 4859 καὶ
1006 4802 1228 4860 ἐννοιῶν
1288 4805 1535 4881 καρδίας,
1576 4804 1894 4881 διικνούμε-

237 4906 329 4947 νος
376 4885 510 4963 ἄχρι
562 4895 833 4965 μερισμοῦ
863 4895 1047 4968 ψυχῆς
1102 4896 1193 4949 καὶ
1254 4895 1457 4951 ὀστέων
1497 4896 1590 4951 καὶ
1648 4896 1894 4970 μυελῶν,

235 4976 325 5031 καὶ
356 4975 531 5051 νέμων
564 4980 775 5054 ἑκάστῳ
820 4983 887 5037 τὰ
930 4984 1050 5039 κατ’
1078 4984 1249 5053 ἀξίαν,
1280 4984 1463 5058 ἡνίκα,
1495 4988 1623 5065 φεῦί
1667 4987 1783 5050 οἷός
1834 5008 1892 5042 σε

234 5071 617 5139 περιστήσεται
639 5067 909 5141 κίνδυνος,
942 5069 1093 5143 οἵαν,
1122 5071 1299 5145 ἄθλιε,
1328 5076 1428 5145 τήν
1476 5077 1754 5152 τιμωρίαν
1791 5097 1889 5132 κα-

232 5157 560 5231 τακριθησῃ.
592 5160 769 5215 Ταῦτα
816 5157 905 5214 ἐπὶ
960 5159 1129 5216 πλέον
1186 5159 1428 5236 ἐκμαίνει
1482 5164 1574 5219 τὸν
1638 5164 1890 5239 βασιλέα,

232 5242 321 5333 καὶ
355 5242 546 5300 αὐτίκα
584 5242 755 5309 δεθείς
783 5246 911 5311 τοὺς
941 5245 1114 5312 πόδας
1167 5251 1196 5304 ὁ
1259 5252 1489 5326 μάρτυς,
1539 5254 1678 5309 κατὰ
1732 5275 1891 5333 κεφα-

234 5326 345 5400 λῆς
382 5332 698 5407 ἀναρτᾶται,
728 5335 818 5393 καὶ
861 5334 1009 5413 ὕδωρ
1037 5336 1185 5394 πολὺ
1217 5335 1308 5395 διὰ
1352 5348 1454 5411 τῆς
1486 5340 1691 5397 ἐκείνου
1724 5326 1891 5419 ἕδρας

229 5418 429 5483 ἐνιᾶσιν
487 5423 565 5487 εἰς
616 5426 719 5498 τὴν
775 5429 1031 5508 wedge,
1083 5428 1314 5488 κόλασιν
1398 5432 1515 5507 ἅμα
1572 5436 1738 5491 τοῦτο
1796 5437 1887 5492 καὶ

302 5667 326 5706 ⁸
353 5667 510 5729 Psal.
537 5683 703 5744 ων,
730 5672 786 5731 5.

2020 3378 2182 3446 gant,
2215 3377 2272 3430 et
2300 3389 2401 3429 sex
2431 3373 2555 3430 dies
2584 3389 2719 3430 eum
2764 3373 3104 3445 relinquunt
3152 3373 3337 3444 premi
3370 3372 3480 3428 hoc
3510 3368 3669 3442 gravi

2020 3470 2327 3520 tormento.
2360 3463 2616 3535 Septimo
2647 3467 2841 3519 autem
2873 3464 2966 3518 die
2998 3478 3130 3518 cum
3163 3478 3294 3518 eum
3327 3459 3671 3517 accersivis—

2018 3560 2104 3607 set
2133 3550 2457 3619 Teridates,
2489 3567 2625 3607 cum
2675 3558 2960 3607 consueta
3006 3551 3487 3617 subsannatione,
3520 3554 3579 3605 et
3615 3549 3670 3604 ei

2018 3645 2183 3713 grata
2229 3640 2533 3697 irrisione:
2585 3639 2912 3708 Undenam,
2965 3640 3179 3711 inquit,
3232 3656 3386 3695 nunc
3437 3640 3507 3695 ad
3558 3654 3664 3693 nos

2015 3730 2169 3787 redis
2189 3731 2217 3787 ?
2244 3731 2338 3787 An
2370 3748 2405 3787 a
2435 3747 2615 3804 regno
2644 3735 2702 3787 et
2730 3748 2764 3787 a
2791 3730 2959 3786 bonis
2989 3729 3128 3797 illis,
3162 3746 3289 3800 quas
3322 3727 3484 3800 prius
3529 3744 3667 3799 pro-

2014 3821 2128 3876 lixe
2184 3820 2651 3893 persequebaris,
2701 3824 2761 3876 et
2820 3836 2944 3891 quas
2996 3819 3371 3890 exspectabas
3427 3822 3485 3872 te
3541 3833 3666 3873 esse

2013 3908 2477 3981 perceptarum?
2534 3909 2861 3966 Generosus
2927 3913 3124 3964 autem
3186 3907 3284 3964 ille
3359 3906 3540 3962 libere
3606 3917 3665 3968 et

2011 4015 2228 4071 magna
2273 4015 2409 4055 cum
2466 3999 2718 4056 fiducia:
2750 3997 3047 4063 Nondum,
3097 3997 3308 4069 inquit,
3338 4013 3370 4052 ο
3414 4013 3534 4063 rex,
3587 3996 3660 4051 ad

2010 4086 2173 4144 illam
2216 4088 2573 4145 inetl‘abilem
2621 4088 2866 4160 migravi
2917 4087 3269 4144 felicitatem.
3320 4087 3455 4142 Sum
3504 4086 3661 4141 enim

2011 4177 2204 4234 adhuc
2252 4177 2584 4250 implicatus
2633 4179 2792 4250 gravi
2842 4178 2952 4233 hoc
2999 4193 3171 4233 onere
3220 4178 3500 4249 corporis.
3549 4176 3661 4231 Sed

2008 4268 2287 4340 quoniam
2308 4268 2398 4324 his
2420 4284 2547 4324 sum
2572 4284 2673 4339 pro
2696 4267 2942 4323 Domino
2963 4284 3091 4324 meo
3108 4266 3408 4339 dignatus,
3430 4266 3661 4322 veniam

2010 4358 2183 4435 paulo
2214 4367 2344 4432 post
2372 4373 2506 4414 cum
2538 4356 2697 4413 illius
2721 4357 2923 4428 gloria,
2959 4358 3192 4428 quando
3232 4357 3391 4413 nuda
3420 4356 3659 4428 quidem

2007 4456 2067 4507 et
2098 4452 2301 4522 aperta
2329 4446 2616 4503 sistentur
2662 4445 2859 4502 omnia
2891 4450 3025 4502 ante
3055 4445 3216 4502 illius
3256 4445 3532 4503 tribunal.
3562 4450 3659 4503 8e-

2010 4540 2173 4597 debit
2201 4542 2400 4595 autem
2427 4537 2619 4609 ipsum
2653 4536 2754 4593 Dei
2783 4535 3040 4593 Verbum
3066 4537 3251 4608 judex
3284 4553 3399 4594 non
3431 4540 3659 4591 tantum

2009 4630 2322 4696 factorum,
2347 4626 2449 4683 sed
2482 4630 2537 4683 et
2567 4625 2744 4681 animi
2777 4625 3245 4697 conceptionum,
3269 4629 3326 4682 et
3353 4625 3660 4697 cogitatio-

2009 4734 2155 4774 num
2188 4716 2376 4774 cordis
2407 4719 2717 4787 penetrans
2750 4731 2936 4785 usque
2958 4716 3030 4771 ad
3058 4714 3402 4770 divisionem
3425 4714 3657 4782 animas,

2008 4813 2065 4865 et
2112 4807 2363 4871 ossium,
2395 4809 2453 4861 et
2496 4803 2906 4869 medullarum,
2935 4807 2993 4860 et
3032 4804 3348 4876 unicuique
3394 4803 3657 4859 tribuens

2009 4914 2112 4969 pro
2144 4896 2391 4953 meritis.
2425 4896 2547 4959 Quo
2579 4899 2861 4964 tempore,
2896 4893 2989 4949 hei
3035 4894 3215 4950 mihi!
3252 4893 3424 4965 quale
3454 4899 3510 4948 te
3539 4894 3655 4947 cir-

2006 4986 2314 5043 cumsistat
2369 4981 2733 5056 periculum!
2785 4981 2967 5053 quali,
3013 4998 3046 5038 ο
3091 4982 3309 5049 infelix,
3366 4982 3656 5054 snpplicio

2006 5073 2422 5133 damnaberisl
2476 5073 2605 5127 Haec
2652 5087 2845 5144 regem
2897 5072 3055 5127 cient
3102 5072 3304 5141 majori
3348 5073 3564 5141 furore,
3602 5077 3662 5128 et

2004 5167 2198 5224 statim
2230 5161 2474 5235 pedibus
2503 5161 2737 5216 vinctus
2781 5164 3021 5231 martyr,
3057 5176 3306 5233 praeceps
3354 5160 3661 5233 suspendi-

2004 5261 2120 5323 tur,
2147 5260 2203 5309 et
2224 5268 2326 5325 per
2348 5250 2693 5322 posteriores
2726 5253 2925 5321 partes
2958 5249 3206 5305 multum
3240 5265 3403 5321 aqua:
3436 5250 3656 5306 immit-

2004 5350 2139 5401 tunt
2163 5343 2223 5398 in
2245 5344 2533 5409 ventrem,
2562 5338 2666 5395 hoc
2688 5336 2867 5393 simul
2891 5355 2993 5410 pro
3015 5337 3305 5411 supplicio
3324 5344 3381 5396 et
3403 5338 3656 5398 ludibrio

2002 5436 2287 5493 habentes
2341 5427 2629 5488 scelerati.
2689 5426 2901 5485 Nullus
2953 5427 3111 5485 enim
3175 5429 3365 5501 pudor
3436 5430 3658 5489 talibus
