4042 6222
481 309 599 371 959

1773 313 2060 374 MENSIS
2107 313 2596 374 SEPTEMBER.

3776 315 3884 372 960

479 475 681 543 oculis,
717 490 965 547 quorum
1011 474 1224 531 animae
1266 484 1430 531 erant
1458 473 1640 547 plenas
1671 475 1914 534 libidine
1942 483 1996 533 et
2025 494 2122 533 ne-

2247 475 2447 552 γελωτα
2503 480 2783 539 ποιοῦντες
2840 476 2891 531 οἱ
2942 476 3249 551 ἀλιτήριοι.
3309 474 3554 549 Οὐδεμία
3630 476 3733 551 γὰρ
3802 477 3884 528 αἱ·

483 565 689 637 quitia.

550 744 708 802 XIII.
744 746 885 801 Cum
918 748 1113 802 autem
1145 744 1304 802 illinc
1335 746 1541 803 fuisset
1570 748 1885 816 demissus,
1909 762 2005 803 rex
2038 762 2130 803 co-

483 835 732 891 nabatur
762 852 967 891 rursus
999 837 1385 906 persuadere:
1420 840 1497 905 et,
1531 836 1670 893 Pare
1700 837 1867 904 mihi,
1899 836 2129 893 dicebat

482 924 559 992 ei,
589 928 646 979 et
693 924 805 981 diis
856 924 1128 981 maximis
1183 924 1468 981 sacrifica.
1522 925 1671 983 Nam
1720 925 1938 997 alioqui
1979 923 2130 980 male

484 1013 717 1086 peribis,
744 1014 886 1069 mihi
919 1014 1151 1070 charam
1178 1015 1315 1085 juro
1346 1032 1545 1072 eorum
1581 1016 1919 1087 potentiam.
1945 1015 2128 1071 Sacri-

486 1103 689 1172 ficabo,
706 1104 808 1159 sed
830 1103 1113 1161 Salvatori
1135 1119 1263 1160 meo
1277 1106 1517 1161 omnino
1538 1104 1891 1161 sacrificium
1915 1104 2128 1173 laudis,

484 1210 736 1266 magnus
766 1194 906 1250 dixit
932 1194 1266 1267 Gregorius.
1286 1195 1419 1259 Quae
1441 1200 1633 1251 autem
1658 1212 1835 1252 sensu
1857 1200 1915 1251 et
1936 1198 2130 1251 mente

486 1290 705 1356 carent,
756 1288 811 1340 et
860 1292 995 1341 sunt
1045 1284 1283 1341 omnino
1337 1284 1599 1340 inanima
1629 1290 1686 1341 et
1726 1287 1923 1354 surda,
1954 1288 2127 1355 absit,

486 1375 713 1433 Christe
746 1376 859 1430 Rex
907 1391 1095 1442 meus,
1128 1383 1191 1430 ut
1245 1375 1461 1431 honore
1511 1375 1631 1432 ullo
1680 1380 1780 1432 aut
1826 1378 1998 1433 verbo
2049 1378 2132 1432 di-

486 1481 649 1537 gncr,
693 1464 923 1521 etiamsi
973 1463 1142 1535 plura
1200 1464 1343 1519 mihi
1391 1468 1445 1521 et
1492 1464 1756 1535 graviora
1806 1464 2132 1521 inferantur

485 1552 790 1624 supplicia.
827 1552 925 1608 His
956 1553 1431 1624 disrumpebatur
1453 1553 1768 1622 Teridates,
1800 1560 1857 1609 et
1888 1554 2132 1609 suffoca-

485 1644 677 1699 batur.
709 1643 909 1714 Itaque
936 1658 1069 1697 cum
1119 1646 1391 1697 sanctum
1438 1660 1647 1699 rursus
1695 1644 2127 1714 suspendisset,

486 1731 721 1803 ungulis
767 1730 1005 1802 quidem
1058 1730 1255 1787 ferreis
1298 1729 1551 1786 laniabat
1600 1733 1727 1803 ejus
1773 1732 1977 1800 latera,
2028 1731 2129 1804 qui

2239 564 2413 640 σχὺνη
2462 566 2735 631 τοιούτοις
2764 560 3003 641 ὄμμασιν
3046 567 3119 621 ὧν
3152 566 3205 621 οἱ
3234 565 3411 644 ψυχαὶ
3457 564 3694 639 πλήρεις
3750 564 3885 632 ἦσαν

2238 652 2529 709 ἀκολασίας
2559 674 2617 709 τε
2645 656 2733 710 καὶ
2766 655 3131 733 φαυλότητος.

2310 743 2400 799 Η’⁶
2436 740 2655 813 Ἐπειδή
2727 741 2782 799 δὲ
2841 744 3039 809 ἐκεῖθεν
3098 743 3447 820 κατενεχθεὶς
3495 745 3587 817 ἦν,
3628 742 3807 799 πάλιν
3862 746 3886 796 6

2242 831 2498 908 βασιλεὺς
2546 834 2796 910 ἐπειρᾶτο
2846 834 3071 905 πείθειν,
3121 837 3232 902 καὶ,
3284 835 3536 901 Πεισθητί
3582 856 3701 908 μοι,
3756 834 3889 907 πρὸς

2238 924 2423 996 αὐτὸν,
2473 919 2650 1001 ἔλεγε,
2682 926 2768 979 καὶ
2818 930 2934 984 τοῖς
2985 924 3262 998 μεγίστοις
3312 923 3472 988 θῦσον
3524 928 3691 987 θεοῖς.
3735 922 3888 979 Ἐπεέ

2237 1018 2418 1075 κακῶς
2476 1012 2680 1088 ἂπολῇ,
2738 1017 2838 1084 τὴν
2893 1012 3060 1092 φίλην
3118 1012 3293 1069 αὐτῶν
3352 1009 3560 1085 ὄμνυμι
3632 1008 3890 1084 δύναμιν.

2240 1102 2417 1169 Θόσω,
2449 1101 2596 1157 ἀλλά
2642 1107 2723 1175 τῷ
2772 1104 2879 1174 θεῷ
2920 1122 3022 1176 μου
3067 1103 3286 1165 πάντως
3316 1102 3504 1156 θυσίαν
3568 1099 3890 1160 αἰνέσεωςὲ

2243 1193 2410 1268 μὲγας
2468 1191 2568 1262 ἔφη
2631 1192 2953 1267 Γρηγόριος.
3012 1192 3326 1263 Αίσθήσεως
3382 1188 3441 1245 δὲ
3514 1190 3603 1245 καὶ
3680 1195 3891 1266 φρενῶν

2239 1276 2419 1354 ἔρημα
2476 1281 2566 1336 καὶ
2613 1282 2675 1336 τὸ
2724 1280 2853 1336 ὅλον
2898 1280 3085 1356 ἄψυχα
3139 1280 3231 1335 καὶ
3284 1282 3464 1355 κωφὰ,
3516 1281 3593 1352 μή
3652 1279 3887 1353 γένοιτο,

2240 1371 2434 1445 Χριστὶ
2466 1371 2492 1425 6
2526 1369 2655 1444 ἐμὸς
2694 1368 2967 1445 βασιλεὺς,
3004 1367 3140 1444 μηδὲ
3166 1376 3335 1443 τιμῆς
3392 1390 3537 1431 τινος
3597 1366 3747 1443 μῃδὶ
3797 1369 3891 1442 .51;-

2241 1480 2409 1533 ματας
2467 1461 2716 1530 ἀξιῶσαι,
2762 1458 2859 1514 κᾶν
2916 1458 2996 1515 ἔτι
3051 1457 3279 1524 πλείους
3337 1458 3461 1533 ἐμοὶ
3507 1458 3598 1514 καὶ
3660 1458 3890 1534 βαρ-ἓτε-

2241 1569 2328 1623 ραι
2385 1548 2638 1610 κολάσεις
2705 1546 3019 1625 ἐπάγονται.
3079 1547 3441 1624 Διεῤῥήγνυτο
3495 1547 3682 1603 τοίνυν
3754 1549 3888 1621 πρὸς

2235 1644 2400 1696 ταῦτα
2431 1640 2459 1694 6
2489 1636 2796 1712 Τηριδάτης
2836 1638 2926 1693 καὶ
2956 1639 3281 1717 ἆπεπνίγετο
3327 1644 3406 1711 τῷ
3445 1641 3622 1712 θυμῷ.
3660 1636 3883 1710 Ἀμὲλει

2235 1730 2326 1786 καὶ
2383 1730 2472 1784 τὸν
2521 1729 2671 1804 ἅγιον
2737 1729 3054 1805 ἁμαρτήσας
3111 1726 3296 1798 πάλιν,
3332 1727 3478 1800 ὄνυξι
3525 1729 3619 1802 μὶν
3657 1725 3885 1801 σιδήρου

484 1829 602 1877 erat
634 1821 783 1877 ferro
815 1821 1017 1892 quovis
1048 1821 1267 1889 durior,
1303 1821 1444 1876 adeo
1478 1825 1540 1875 ut
1561 1822 1690 1892 ipsa
1721 1836 1947 1892 quoque
1978 1826 2131 1877 terra

2247 1817 2495 1889 Βιέξαινεν
2563 1817 2727 1873 αὐτοῦ
2790 1818 2884 1881 τᾶς
2959 1819 3223 1893 πλευρὰς,
3291 1819 3319 1873 ὁ
3380 1814 3607 1892 σιδήρου
3686 1817 3886 1877 παντὸς

486 1909 895 1981 inquinaretur
926 1908 1181 1966 fontibus
1214 1910 1540 1979 sanguinis.
1564 1912 1709 1967 Cum
1736 1916 1929 1966 autem
1956 1911 2131 1966 disse-

488 2003 699 2069 casset,
732 2004 789 2055 et
820 2000 1139 2071 profundos
1170 1998 1366 2054 sulcos
1401 1999 1458 2054 in
1491 1999 1576 2055 eis
1608 1999 1931 2066 incidisset,
1958 1998 2137 2055 muri-

489 2105 585 2144 ces
644 2089 855 2145 ferreos
916 2088 1078 2144 humi
1130 2088 1357 2144 sternit.
1392 2088 1613 2144 Deinde
1672 2090 1863 2145 nudus
1921 2088 1992 2153 is,
2034 2088 2134 2159 qui

493 2183 681 2234 totum
715 2178 1014 2234 Christum
1065 2178 1353 2246 induerat,
1382 2196 1561 2251 super
1589 2177 1748 2251 ipsos
1772 2179 2131 2235 trahebatur.

494 2267 721 2324 Interim
749 2276 936 2324 autem
970 2270 1106 2323 dum
1139 2267 1413 2324 lictorum
1448 2286 1658 2324 manus
1688 2284 1822 2325 eum
1855 2268 1984 2340 pilis
2014 2272 2133 2323 tra-

493 2357 713 2413 hebant
742 2358 1142 2428 acerbissime,
1178 2357 1275 2414 ille
1305 2357 1542 2430 quidem
1596 2358 1827 2431 proprio
1858 2357 2137 2431 irrigatus

494 2447 799 2518 sanguine,
834 2448 1019 2518 magis
1051 2447 1296 2504 ﬂorebat
1325 2453 1381 2503 et
1409 2447 1793 2519 germinabat,
1825 2464 1940 2503 non
1967 2463 2138 2503 secus

493 2541 666 2608 atque
697 2552 990 2608 generosas
1041 2537 1271 2610 plantae,
1305 2541 1362 2593 et
1394 2538 1583 2593 fructu
1614 2537 1745 2593 fidei
1777 2536 2135 2593 abundabat.

494 2626 597 2683 Ille
627 2631 845 2691 autem,
876 2626 985 2683 Ubi
1015 2633 1126 2696 est,
1168 2627 1384 2699 inquit,
1412 2626 1569 2683 Deus
1598 2630 1757 2695 tuus,
1787 2627 2043 2697 Gregori,
2077 2629 2137 2684 in

492 2735 667 2792 quem
718 2721 1015 2792 sperasti?
1044 2719 1248 2776 Veniat
1296 2737 1454 2776 nunc
1501 2724 1559 2776 et
1588 2736 1620 2776 e
1649 2720 1795 2777 meis
1826 2723 1882 2775 te
1930 2718 2141 2790 eripiat

492 2808 786 2865 manibus.
817 2811 1004 2881 Atque
1032 2808 1129 2865 ille
1161 2809 1396 2881 quidem
1429 2825 1562 2864 cum
1595 2810 1677 2864 sic
1707 2808 1907 2865 omnia
1939 2824 2138 2879 perva-

489 2896 667 2954 sisset
715 2897 1000 2970 supplicia
1028 2901 1085 2953 et
1115 2897 1481 2965 afﬂictiones,
1513 2902 1570 2953 et
1598 2913 1695 2953 eas
1721 2896 1951 2953 tulisset
1999 2896 2138 2953 faci-

486 2985 623 3052 lius,
657 3002 834 3058 quam
885 2985 983 3041 alii
1040 2987 1391 3058 voluptates,
1436 2990 1494 3042 et
1536 2985 1808 3041 omnibus
1864 2984 2142 3041 evasisset

488 3073 791 3145 superior:
825 3090 1030 3131 rursus
1061 3074 1119 3130 in
1150 3090 1439 3131 carcerem
1473 3073 1804 3144 conjicitur.

558 3253 705 3311 XIV.
737 3255 1016 3328 Sequenti
1064 3263 1257 3313 autem
1288 3257 1381 3313 die
1422 3273 1555 3314 cum
1600 3273 1734 3313 eum
1786 3273 1991 3314 rursus
2041 3273 2133 3313 ac-

494 3344 769 3402 cersisset
810 3345 1129 3414 Teridates,
1169 3350 1228 3403 et
1272 3346 1513 3404 vidisset
1567 3363 1700 3403 eum
1758 3352 1947 3403 astare
2003 3363 2135 3404 cum

495 3438 770 3507 prompto
801 3439 858 3491 et
885 3433 1064 3491 alacri
1120 3434 1334 3505 animo,
1386 3445 1441 3493 et
1488 3452 1621 3492 cum
1681 3453 1821 3493 sano
1878 3452 2139 3505 corpore,

490 3521 668 3594 idque
698 3539 829 3579 cum
862 3540 995 3581 caro
1025 3523 1231 3581 fuisset
1259 3528 1430 3581 antea
1460 3536 1810 3600 consumpta
1832 3526 2139 3584 tormentis

491 3613 646 3684 apud
678 3628 741 3669 se
770 3611 1001 3684 quidem
1032 3614 1376 3684 mirabatur,
1409 3620 1465 3671 et
1494 3615 1818 3684 dubitabat,
1851 3616 1990 3689 quin
2025 3632 2141 3672 non

491 3700 671 3757 simul
724 3717 853 3758 cum
911 3702 1187 3760 carnibus
1244 3721 1377 3761 eum
1435 3705 1738 3763 defecisset
1812 3704 2137 3776 respiratio.

491 3791 702 3863 Vipera
731 3797 924 3849 autem
959 3810 1074 3850 non
1106 3794 1427 3865 expellebat
1453 3812 1758 3865 venenum,
1794 3813 1980 3869 neque
2012 3813 2144 3869 par-

491 3884 605 3940 dus
635 3882 879 3939 exuebat
906 3883 1249 3940 varietates:
1282 3886 1383 3942 sed
1425 3886 1619 3943 adhuc
1666 3886 1819 3944 idem
1870 3887 2144 3942 manebat

495 3971 815 4038 Teridates,
858 3979 913 4027 et
960 3970 1021 4026 in
1071 3976 1383 4044 martyrem
1445 3976 1709 4030 eamdem
1768 3975 2145 4031 conservabat

493 4060 774 4117 saavitiam
825 4064 881 4117 et
923 4059 1439 4119 inhumanitatem.
1480 4064 1624 4119 Cum
1682 4078 1820 4135 ergo
1874 4079 2009 4118 eum
2059 4062 2143 4119 sic

492 4149 733 4206 vidisset
782 4150 1075 4217 affectum,
1109 4166 1180 4206 ne
1212 4151 1295 4207 sic
1336 4152 1573 4224 quidem
1624 4153 1971 4224 desperabat
2016 4154 2142 4225 ejus

492 4238 871 4295 mutationem
902 4254 915 4293 :
949 4238 1051 4295 sed
1082 4240 1471 4297 contendebat
1500 4241 1720 4297 stultus
1750 4241 1979 4299 vincere
2011 4243 2141 4299 ani-

495 4343 649 4383 mam
681 4327 1157 4401 insuperabilem.
1179 4329 1342 4387 Unde
1372 4331 1543 4387 etiam
1577 4348 1709 4387 cum
1744 4331 1945 4388 ferreis
1976 4332 2143 4389 tibia-

494 4415 649 4472 libus
683 4416 849 4474 heata
870 4419 999 4490 ejus
1028 4418 1313 4476 induisset
1341 4437 1551 4491 genua,
1575 4430 1629 4477 et
1651 4421 1877 4489 cuneis,
1903 4422 2006 4495 qui
2030 4421 2141 4494 ipsi

495 4522 727 4579 quoque
753 4513 921 4565 erant
953 4509 1144 4578 ferrei,
1167 4526 1235 4567 ea
1256 4512 1709 4583 transadegisset
1730 4529 1797 4569 ac
1820 4512 2140 4580 fibulasset,

2159 1866 2215 1932 B

2239 1909 2628 1983 σκληρότερος,
2672 1907 2745 1968 ὡς
2797 1906 2888 1962 καὶ
2943 1906 3111 1976 αὐτὴν
3160 1904 3226 1978 δή
3276 1928 3381 1962 που
3437 1907 3537 1974 τὴν
3601 1910 3712 1979 γῆν
3774 1911 3886 1965 toi:

2238 2003 2490 2073 κρουνοῖς
2538 2002 2645 2053 τῶν
2698 1998 2941 2069 αἱμάτων
2989 1995 3334 2069 μολύνεσθαι.
3369 1996 3644 2069 Διακόψας
3691 1992 3755 2050 δὶ
3802 1994 3885 2048 καὶ

2241 2087 2458 2162 βαθείας
2516 2085 2702 2147 αὐταῖς
2752 2084 2991 2159 ἒντεμὼν
3041 2081 3280 2147 αὔλακας
3329 2079 3620 2160 τριϐόλους
3655 2081 3883 2155 σιδηρεῖς

2242 2174 2643 2251 ὑποστρώννυσι
2686 2175 2821 2230 κατᾶ
2857 2179 2954 2229 τοῦ
3001 2172 3252 2252 ἐδάφους,
3304 2174 3414 2229 εἶτα
3460 2173 3671 2248 γυμνὸς
3724 2174 3754 2228 6
3802 2172 3886 2226 τὸν

2240 2267 2475 2341 Χριστὸν
2534 2263 2664 2319 ὅλον
2723 2260 3071 2337 ἐνδεδυμένος
3108 2262 3203 2338 Ιέπ⁹
3259 2263 3440 2318 αὐτῶν
3500 2260 3742 2317 ε’ίλκετο.
3802 2262 3886 2316 'Ev

2241 2356 2353 2427 ὅσῳ
2385 2352 2442 2409 δὲ
2470 2354 2629 2410 αὐτὸν
2659 2355 2713 2409 αἱ
2741 2358 2848 2409 τῶν
2896 2351 3113 2427 δημίων
3165 2358 3346 2429 χεῖρες
3400 2353 3713 2427 πικρότατα
3760 2349 3887 2405 κατά

2238 2449 2347 2499 τῶν
2404 2439 2679 2518 τριϐόλων
2740 2442 2946 2513 εἷλκον,
2978 2443 3006 2498 6
3070 2442 3165 2514 μὶν
3222 2448 3303 2515 τῷ
3351 2441 3537 2514 οἰκείῳ
3587 2437 3887 2516 ἀρδόμενος

2241 2531 2456 2607 α’ίματι,
2506 2534 2657 2602 ἤνθει
2719 2531 2932 2605 μᾶλλον
2986 2532 3121 2587 κατὰ
3176 2531 3244 2587 τὰ
3294 2529 3479 2606 εὐγενῆ
3538 2534 3647 2585 τῶν
3714 2533 3889 2607 φυτῶν

2241 2625 2331 2681 καὶ
2379 2622 2665 2692 ἀνέθαλλε,
2695 2624 2782 2679 καὶ
2830 2627 2910 2694 τῷ
2955 2629 3058 2692 τῆς
3105 2623 3342 2684 πίστεως
3380 2625 3579 2696 καρπῷ
3633 2619 3891 2675 ἐπλεονε-

2244 2720 2346 2785 ζεν.
2381 2715 2443 2772 Ὀ
2501 2712 2558 2769 δὲ
2597 2718 2708 2769 llo?)
2758 2711 2899 2768 ἔστὶν
2949 2714 2978 2766 6
3019 2712 3148 2773 Θεός
3196 2731 3311 2767 σου.
3356 2711 3651 2785 Γρηγόριε,
3706 2708 3791 2787 ἐφ’
3840 2709 3893 2762 6v

2241 2802 2521 2874 ἤλπισας;
2568 2801 2805 2861 Ἐλθέτω
2861 2805 2953 2855 νῦν
3010 2802 3101 2856 καὶ
3157 2805 3265 2855 τῶν
3336 2798 3484 2873 ἐμῶν
3530 2819 3589 2854 σε
3636 2798 3891 2872 ῥυσάσθω

2245 2896 2470 2968 χειρῶν.
2502 2892 2564 2950 Ὀ
2614 2892 2709 2965 μὶν
2765 2888 2855 2947 οὖν
2904 2889 3049 2946 οὕτω
3099 2887 3187 2945 διὰ
3236 2893 3420 2945 πασῶν
3480 2888 3655 2943 ἐλθὼν
3718 2908 3893 2961 τιμωο

2244 2987 2374 3058 ριῶν
2427 2982 2518 3038 καὶ
2574 2984 2887 3054 κακώσεων,
2938 2981 3028 3037 καὶ
3105 2982 3233 3055 ῥᾷον
3310 2978 3543 3056 ἐνεγκὼν
3617 2978 3822 3039 ταύτας
3863 2977 3892 3044 ἦ

2240 3072 2335 3136 τὰς
2383 3070 2583 3143 ἡδονὰς
2632 3069 2833 3147 ἕτεροι,
2863 3072 2954 3127 καὶ
3001 3071 3175 3132 πάσας
3206 3067 3447 3143 ἐλέγξας,
3477 3066 3634 3131 αὖθις
3662 3072 3738 3141 τῇ
3788 3065 3889 3142 εἶρα

2243 3166 2347 3238 κτῇ
2381 3160 2613 3221 δίδοται.

2318 3259 2415 3311 1Δ’.
2458 3256 2576 3323 Τῆς
2634 3249 2692 3308 δὲ
2747 3252 3009 3324 ἐπιούσης
3088 3249 3429 3325 μετάκλητον
3504 3247 3665 3304 αὐτὸν
3731 3246 3891 3303 πάλιν

2247 3342 2619 3417 ποιησάμενος
2668 3338 3007 3417 Τηριδάτης,
3038 3341 3113 3403 ὡς
3161 3338 3255 3395 σὺν
3294 3337 3573 3414 προθυμίᾳ
3620 3336 3715 3391 καὶ
3768 3339 3893 3411 μετᾶ

2250 3434 2507 3506 σώματος
2567 3432 2755 3503 ὑγιοῦς
2813 3431 3159 3506 παραστάντα
3217 3425 3349 3497 εἶδε,
3405 3427 3494 3481 καὶ
3554 3430 3727 3481 ταῦτα
3782 3433 3894 3487 ταῖς

2254 3524 2504 3599 βασάνοις
2562 3520 2710 3593 αὐτῷ
2763 3519 2860 3586 τῆς
2925 3519 3120 3595 σαρκὸς
3177 3517 3681 3592 προαναλωθείσης,
3744 3518 3895 3582 604:6-

2255 3616 2389 3685 μαζε
2449 3610 2543 3685 μὶν
2602 3607 2685 3687 ἐφ’
2740 3609 2937 3665 ἑαυτοῦ
3011 3610 3100 3663 καὶ
3160 3606 3499 3678 διηπορεῖτο,
3556 3604 3711 3667 ὅπως
3771 3606 3891 3680 οὖχί

2250 3701 2341 3757 καὶ
2396 3702 2459 3756 τὸ
2516 3702 2763 3756 ἀναπνεῖν
2822 3698 2984 3754 αὐτὸν
3046 3697 3180 3772 μετὰ
3233 3701 3342 3752 τῶν
3380 3700 3591 3769 σαρκῶν
3620 3692 3888 3751 ἐπιλίποι.

2248 3792 2311 3848 Ἢ
2362 3785 2481 3867 ἔχις
2540 3788 2597 3845 δὶ
2644 3790 2734 3845 τὸν
2786 3788 2868 3844 ἲὸν
2920 3788 3019 3844 οὐκ
3066 3787 3359 3854 ἀπωθεῖτο,
3392 3782 3518 3840 οὐδὶ
3553 3786 3589 3853 ἡ
3624 3782 3888 3860 πάρδαλις

2250 3878 2513 3936 ἀπεδόετο
2543 3880 2609 3934 τὰ
2640 3878 2983 3952 ποικίλματα
3016 3897 3028 3910 ’
3062 3875 3192 3932 ἀλλ’
3221 3877 3249 3931 6
3294 3874 3455 3937 αὐτὸς
3508 3871 3665 3947 ἔμενε
3714 3876 3887 3947 Τηρι-

2251 3967 2417 4041 δάτης
2446 3968 2543 4035 ἔτι,
2575 3969 2666 4024 καὶ
2722 3970 2822 4037 τήν
2880 3967 3049 4036 αὑτήν
3098 3966 3360 4040 ὠμότητα
3406 3961 3485 4037 τῷ
3531 3962 3765 4037 μάρτυρι
3805 3963 3887 4017 καὶ

2248 4061 2347 4130 τήν
2381 4059 2771 4134 ἀπανθρωπίαν
2812 4056 3017 4132 ἐτήρει.
3050 4055 3209 4114 Οὕτω
3257 4058 3438 4110 τοίνυν
3483 4052 3646 4107 αὐτὸν
3692 4048 3889 4126 ἔχοντα

2252 4146 2403 4218 ἰδὼν,
2435 4145 2562 4203 οὐδὲ
2618 4147 2769 4204 οὕτω
2825 4148 2926 4215 τήν
2988 4140 3298 4220 μεταϐολὴν
3361 4140 3719 4218 ἀπηγόρευεν,
3770 4139 3889 4195 ἀλλ’

2250 4236 2571 4316 ἐφιλονείκει
2633 4237 2662 4292 6
2722 4235 3262 4310 μάταιος,κρείττων
3318 4230 3563 4307 γενέσθαι
3619 4236 3723 4316 τῆς
3770 4230 3887 4299 ἄητ-

2248 4315 2417 4397 τῆτου
2447 4328 2661 4401 ψυχῆς.
2708 4327 2866 4383 Ὅθεν
2915 4324 3005 4379 καὶ
3056 4320 3285 4396 σιδηρᾶς
3329 4315 3731 4395 περικνημῖδας
3779 4324 3883 4379 τοῖς

2254 4414 2539 4491 μακαρίοις
2588 4415 2754 4470 αὐτοῦ
2806 4413 3021 4491 γόνασιν
3071 4406 3353 4486 ἐμϐαλὼν,
3402 4410 3492 4464 καὶ
3551 4407 3883 4486 στρηνίσκοις,

2250 4503 2479 4580 σιδήρου
2536 4504 2626 4560 καὶ
2686 4504 2869 4566 αὐτοῖς
2929 4501 3048 4557 οὖσι
3106 4499 3501 4576 διαπερονήσας
3548 4496 3773 4568 ταύτας,
3801 4496 3885 4552 καὶ

490 4604 545 4652 et
605 4600 914 4671 martyrem
971 4597 1394 4670 suspendisset,
1445 4602 1563 4655 tres
1618 4604 1771 4656 totos
1827 4602 1949 4657 dies
2006 4618 2137 4659 eum

2247 4599 2338 4655 τὸν
2401 4596 2648 4672 μάρτυρα
2703 4594 3004 4670 κρεμάσας,
3035 4591 3114 4654 εἷς
3171 4596 3319 4666 τρεῖς
3368 4589 3499 4650 ὅλας
3527 4587 3740 4663 ἡμέρας
3798 4607 3887 4661 με·

488 4686 681 4743 tenuit
710 4685 1047 4743 sublimem.
1071 4686 1173 4744 Ille
1202 4692 1396 4744 autem
1426 4692 1657 4746 tantum
1690 4689 1907 4758 aberat,
1939 4694 2003 4745 ut
2032 4689 2141 4747 hoc

489 4776 749 4834 cruciatu
801 4793 971 4834 secus
1020 4794 1197 4849 quam
1247 4794 1591 4849 generosum
1641 4779 1939 4837 hominem
1978 4781 2141 4837 decet

490 4864 842 4933 afﬁceretur,
875 4874 975 4923 aut
1022 4866 1457 4940 obloqueretur,
1491 4872 1557 4925 ut
1587 4874 1643 4926 et
1673 4869 1803 4941 ipsa
1850 4869 2141 4927 videretur

490 4958 681 5015 ridere
714 4965 1023 5029 tormenta,
1057 4966 1111 5015 et
1142 4975 1241 5016 eos
1270 4960 1369 5031 qui
1399 4959 1530 5033 ipsa
1559 4960 1895 5031 efferebant,
1928 4961 1976 5017 si
2006 4976 2138 5033 spe-

489 5052 689 5104 rarent
745 5048 885 5116 fore,
945 5054 1007 5102 ut
1064 5047 1222 5105 illius
1298 5049 1628 5107 ﬁrmitatem
1681 5051 1740 5106 in
1793 5050 2140 5107 contrariam

493 5141 793 5193 mutarent
831 5138 1197 5194 sententiam.
1234 5138 1508 5197 Pendenti
1541 5138 1923 5213 itaquajusto
1949 5159 1962 5198 :
1986 5139 2139 5196 Non-

496 5226 636 5282 dum
681 5224 938 5287 sensisti.
972 5226 1205 5298 Gregori
1256 5228 1451 5301 inquit
1496 5229 1807 5297 Teridates,
1846 5239 1897 5286 te
1926 5231 2144 5285 frustra

495 5315 557 5371 in
588 5322 706 5372 Deo
734 5319 837 5372 tuo
868 5316 1228 5373 conﬁdisse?
1247 5323 1347 5375 aut
1367 5318 1586 5391 alioqui
1618 5319 1785 5376 nobis
1811 5320 2069 5388 ostende,
2095 5316 2144 5372 si

494 5404 635 5476 quid
668 5404 800 5462 boni
823 5420 891 5463 ex
913 5422 1015 5479 spe
1039 5407 1096 5463 in
1120 5406 1286 5464 illum
1310 5424 1371 5465 es
1394 5414 1757 5466 consecutus.
1786 5408 1882 5465 Ille
1914 5414 2107 5465 autem
2129 5424 2143 5464 :

489 5495 561 5550 At
588 5498 650 5549 tu
680 5494 825 5568 ipse,
858 5495 1068 5568 inquit,
1102 5512 1164 5553 es
1194 5496 1502 5569 insipiens,
1533 5501 1589 5553 et
1622 5503 1675 5554 te
1719 5498 1888 5570 plane
1937 5496 2148 5553 stolide

494 5586 549 5638 et
580 5587 847 5641 amanter
875 5585 1045 5655 geris,
1080 5584 1181 5657 qui
1213 5586 1485 5641 adversus
1514 5589 1569 5641 te
1601 5586 1779 5642 infers
1811 5590 1929 5641 tam
1981 5600 2148 5658 grave

486 5674 807 5750 judicium,
831 5678 889 5732 et
908 5675 1100 5747 ignem
1133 5674 1413 5749 gehenne
1448 5675 1506 5731 in
1539 5679 1704 5733 tuum
1740 5680 1914 5751 caput
1944 5690 2149 5747 congep

2245 4688 2449 4763 τέωρον
2480 4686 2637 4742 αὐτὸν
2672 4685 2842 4759 εἶχεν.
2866 4684 2928 4741 Ὁ
2960 4679 3019 4738 δὲ
3064 4684 3325 4737 τοσοῦτον
3383 4678 3579 4753 ἀπεῖχε
3633 4680 3734 4732 τοῦ
3789 4681 3884 4731 τῶν

2244 4761 2475 4855 ἀγεννῶν
2519 4796 2571 4832 τι
2623 4776 2759 4849 πρὸς
2802 4775 2901 4844 τήν
2944 4772 3203 4843 τοιαύτην
3266 4773 3456 4834 παθεῖν
3515 4761 3816 4837 ἐπιϐουλήν
3851 4767 3879 4835 ἦ

2242 4869 2331 4924 καὶ
2394 4865 2744 4944 φθέγξασθαι,
2804 4861 2918 4935 ὅσῳ
2973 4861 3065 4917 καὶ
3120 4857 3421 4937 καταγελᾷν
3482 4857 3640 4929 ἐῴκει
3716 4855 3879 4913 αὐτῶν

2242 4975 2301 5010 τε
2356 4958 2463 5011 τῶν
2524 4952 2771 5029 βασάνων
2808 4952 2896 5007 καὶ
2926 4954 3038 5007 τῶν
3067 4948 3379 5025 ἐπαγόντων
3411 4945 3595 5015 αὐτὰς,
3630 4944 3683 4999 εἴ
3708 4945 3881 5000 τοιοῦο

2245 5064 2362 5106 τοις
2420 5042 2661 5112 ἤλπισαν
2717 5042 2816 5110 τὴν
2865 5037 3073 5096 ἐκείνου
3122 5036 3453 5114 περῥότητα
3513 5031 3885 5107 μεταπείσειν·

2253 5132 2585 5208 Κρεμαμένῳ
2612 5130 2793 5187 τοίνυν
2835 5133 2913 5202 τῷ
2960 5148 3213 5206 γενναιῳ,
3243 5123 3412 5185 Οὔπω
3460 5120 3649 5199 ᾔσθου,
3688 5122 3882 5197 Γρηγό·

2252 5244 2355 5300 ριε,
2387 5223 2521 5300 φησί
2552 5219 2888 5299 Τηριδάτης,
2925 5221 3100 5294 μάτην
3148 5218 3236 5274 ἐπὶ
3281 5222 3362 5290 τῷ
3413 5219 3494 5289 σῷ
3539 5218 3659 5287 Θεῷ
3708 5232 3881 5268 πεποι-

2253 5312 2393 5383 θώςς
2419 5314 2454 5384 ἢ
2489 5312 2639 5369 ἀλλὰ
2670 5310 2841 5385 δεῖξον
2869 5313 3005 5385 ἡμῖν
3040 5307 3143 5366 εἴτι
3184 5307 3427 5383 χρηστὸν
3475 5311 3576 5373 τῆς
3624 5300 3710 5359 ἐπ’
3738 5300 3882 5358 αὐτὸν

2254 5400 2476 5465 ἐλπίδος
2507 5399 2836 5464 άπέλαυσας.
2872 5402 2932 5458 Ὀ
2982 5397 3039 5455 δὶ
3071 5416 3085 5432 ⁸
3138 5396 3384 5459 Μάταιος
3435 5393 3597 5455 αὐτὸς
3646 5392 3710 5461 εἴ,
3743 5393 3885 5457 εὐθὺς

2254 5490 2607 5565 ἀπεκρίνατο,
2666 5490 2755 5546 καὶ
2814 5489 2952 5566 πέρα
3007 5488 3099 5544 καὶ
3166 5485 3334 5555 αὐτῆς
3391 5481 3750 5558 ματαιότητος
3801 5480 3881 5535 καὶ

2255 5581 2518 5647 ἀπονοίας
2546 5580 2614 5637 τὰ
2643 5581 2711 5637 σᾶ
2758 5584 2931 5657 κρῖμα
2973 5576 3220 5658 χαλεπὸν
3267 5576 3413 5632 οὕτω
3459 5572 3594 5629 κατᾶ
3634 5575 3729 5627 σοῦ
3776 5571 3883 5627 ἐπι-

2259 5672 2513 5752 φέροντα,
2545 5674 2632 5728 καὶ
2684 5671 2748 5729 τὸ
2796 5676 2896 5741 τῆς
2952 5667 3171 5746 γεέννης
3212 5667 3350 5725 κατᾶ
3379 5671 3477 5736 τῆς
3509 5669 3608 5734 σῆς
3655 5659 3881 5740 κεφαλῆς
