4042 6222
151 325 279 387 961
1175 319 1361 383 VITA
1410 320 1475 381 S.
1520 315 1891 379 GREGORII
1937 318 2575 384 ILLUMINATORIS.

3463 330 3582 394 962

154 482 578 559 ἑπισωρεύοντα
629 486 758 557 πῦρ.
820 479 962 555 Ἐγὼ
1016 476 1073 537 δὶ
1110 480 1343 546 πέποιθα
1385 477 1474 535 ἐπὶ
1523 484 1602 552 τῷ
1650 478 1830 556 Κυρίῳ

1974 482 2046 539 is.
2083 484 2197 555 Ego
2248 487 2443 540 autem
2494 485 2725 543 confido
2775 485 2834 543 in
2877 488 3121 547 Domino
3164 509 3315 565 meo,
3349 496 3449 569 qui
3493 502 3583 555 est

162 595 303 650 μου,
357 574 418 637 ’ὀς
464 573 823 645 ἆντιΛήπτωρ
877 591 982 643 μου
1040 569 1152 626 έστὶ
1216 571 1303 626 καὶ
1361 573 1645 647 καταφυγή
1701 591 1830 644 μου,

1969 588 2109 629 neus
2140 574 2433 639 defensor,
2479 582 2533 630 et
2590 575 2877 647 refugium
2913 595 3103 636 meum
3138 598 3152 637 :
3185 587 3243 638 et
3274 583 3333 638 in
3378 584 3571 656 ipsum

158 666 263 724 καὶ
297 664 380 720 ἐπ’
411 663 562 736 αύτῷ
592 661 825 733 ἤλπισα.
849 664 971 719 Τῶν
1025 659 1083 716 δέ
1134 662 1279 735 παρᾶ
1328 664 1424 715 σοῦ
1467 680 1561 732 μοι
1611 657 1831 714 διασπα-

165 748 528 831 ρασσομένων
585 756 797 826 σαρκῶν
856 749 1017 825 ὀλίγη
1077 769 1322 829 φροντις.
1381 750 1529 821 Ὃσῳ
1578 748 1681 824 γὰρ
1739 748 1832 803 τὸν

166 842 283 915 ἔξω
321 846 484 915 ἡμῶΑ
534 841 843 917 φθείρεσθαι
890 838 1199 913 ἄνθρωπον,
1249 838 1495 910 τοσούτῳ
1544 838 1635 893 τὸν
1690 836 1836 893 ἔσω-

170 946 269 998 θεν
337 934 773 1002 ἀνακαινοῦσθαι,
839 928 929 983 καὶ
988 926 1352 1000 διδασκόμεθα
1425 927 1513 984 καὶ
1580 926 1836 983 πιστεύο-

232 1044 310 1079 εν.

185 1046 361 1168 μεῖίῖ.
430 1107 611 1182 Θυμὸς
676 1106 766 1163 ἐπὶ
803 1106 1019 1167 τούτοις
1087 1100 1354 1179 λαμϐάνει
1420 1106 1512 1160 τὸν
1586 1102 1836 1179 βασιλέα,

179 1200 279 1257 καὶ
308 1200 502 1275 πικρὸν
534 1202 612 1270 τῷ
645 1198 875 1273 μάρτυρι
909 1194 1123 1253 ἑνιδών.
1155 1192 1406 1263 Ἐπειδὴ,
1445 1194 1602 1265 φησὶ,
1634 1196 1696 1249 σὺ
1742 1196 1836 1268 μὲν

178 1290 614 1358 ἆνακαινίζεσθαι
673 1287 849 1354 εἶπας,
906 1288 1055 1359 ἡμᾶς
1104 1281 1162 1340 δὲ
1209 1284 1341 1361 πυρὶ
1387 1279 1628 1357 ἀσϐέστῳ
1679 1280 1839 1355 δοθή-

176 1390 368 1444 σεσθαι
401 1376 716 1448 ἠπειλήσω,
762 1374 891 1431 ἀλλ’
938 1373 1043 1450 ἰγώ
1096 1395 1152 1429 σε
1198 1373 1334 1435 τέως
1376 1378 1459 1446 τῷ
1501 1368 1840 1447 σϐεννυμένῳ

176 1467 368 1540 τούτῳ
442 1463 645 1537 διδάξω
704 1466 783 1539 μὴ
858 1464 1002 1519 οὕτω
1068 1467 1312 1539 φανερῶς
1402 1466 1500 1518 τοῦ
1566 1461 1837 1535 ἡμετέρου

180 1558 422 1633 κράτους
504 1551 1043 1624 καταυθαδιάζεσθαι.
1104 1551 1206 1609 Καὶ
1280 1550 1473 1608 αὐτίκα
1560 1548 1839 1625 μόλυϐδον

182 1643 399 1703 κελεύει
432 1640 628 1715 λέϐητι
671 1638 1019 1718 έμϐληθέντα
1075 1642 1315 1717 ἰσχυρῶς
1354 1660 1414 1696 τε
1444 1638 1574 1716 ἄγαν
1623 1639 1841 1717 παφλά-

185 1758 301 1808 σαι,
338 1736 430 1791 καὶ
486 1735 622 1792 ὅλου
689 1735 1202 1809 καταχυθῆναιτοῦ
1270 1733 1566 1808 μάρτυρος.
1617 1732 1690 1787 Τὸ
1744 1733 1841 1805 μὲν

189 1825 259 1897 δὴ
302 1826 377 1888 ὡς
418 1822 667 1881 ἐκέλευσε
711 1824 947 1901 γέγονεν.
980 1824 1040 1880 Ὁ
1079 1820 1136 1878 δὲ
1184 1821 1358 1884 οὕτως
1403 1822 1518 1897 εἶχε
1555 1821 1842 1897 γενναίως,

190 1914 378 1991 ὥσπερ
453 1911 647 1970 ὕδατος
724 1911 871 1986 αὒτῷ
944 1915 1161 1988 ψυχροῦ
1224 1907 1657 1986 καταχεομένου.
1745 1912 1845 1965 Καὶ

190 2009 359 2061 τοῦτο
398 2002 594 2074 δῆλου,
664 2002 713 2073 ἐξ
780 2004 853 2057 ὢν
918 2003 1264 2080 φανερώτατα
1330 2002 1425 2073 μὶν
1486 2001 1586 2068 τήν
1646 1998 1848 2055 ἐκείνου

196 2093 412 2169 ἤλεγχε
440 2091 650 2164 πλάνην
692 2092 820 2166 παρ’
849 2091 1010 2146 αὐτὸν
1049 2091 1142 2145 τὸν
1194 2096 1295 2160 τῆς
1344 2087 1578 2165 βασάνου
1634 2088 1846 2164 καιρόν·

198 2182 760 2260 πεπαῤῥησιασμένως
826 2177 884 2236 δὲ
938 2185 1056 2244 τοῖς
1108 2184 1342 2255 παροῦσι
1398 2180 1489 2234 τὸν
1547 2184 1647 2248 τῆς
1700 2177 1849 2234 εύσε-

200 2270 353 2336 ϐείας
384 2271 625 2329 ὑπέτεινε
680 2271 875 2347 λόγον’
927 2271 1011 2325 οἷς
1062 2267 1128 2340 δή
1189 2290 1293 2325 που
1344 2268 1431 2324 καὶ
1479 2266 1853 2345 ὑπερεκπλητ-

195 2365 428 2437 τόμενος
461 2363 490 2417 ὁ
538 2362 853 2437 Ἀρμένιος,
901 2355 1231 2429 ἐσπούδαζεν
1283 2359 1343 2414 ὲκ
1394 2358 1595 2420 παντὸς
1642 2359 1849 2432 τρόπου

195 2452 456 2528 κερδῆσαι
508 2452 600 2507 τὸν
658 2447 848 2527 ἄνδρα,
904 2449 995 2505 καὶ
1062 2448 1105 2503 εἰ
1170 2452 1369 2503 τούτου
1426 2447 1718 2522 ἀποτύχοι,
1786 2447 1853 2501 τὰ

197 2541 403 2619 ἔσχατα
434 2546 783 2614 ζημιωθῆναι
820 2537 883 2594 τδ
915 2536 1211 2609 ὲλληνικὸν
1260 2536 1419 2609 ᾤετο.
1469 2534 1850 2591 Ὑποσκελίσαι

196 2634 377 2689 τοίνυν
457 2632 622 2693 αὐτὸς
729 2627 1067 2705 βουλόμενος
1143 2626 1235 2682 καὶ
1310 2632 1410 2696 τῆς
1487 2624 1849 2701 στερρότητος

197 2724 407 2795 ἐκείνης
463 2722 554 2778 καὶ
612 2727 713 2791 τῆς
770 2719 1075 2795 προθυμίας
1121 2716 1368 2789 έλκῦσαι,
1416 2715 1727 2779 κολακείαις
1792 2738 1849 2771 τε

198 2814 360 2870 αὐτὸν
437 2808 769 2887 ὑποδραμεῖν
848 2806 1188 2883 διεσκέψατο,
1250 2808 1339 2863 καὶ
1417 2805 1683 2876 πλούτου,
1761 2808 1849 2861 καὶ

201 2902 443 2974 ἡδονῶν,
502 2903 594 2957 καὶ
649 2906 841 2974 τιμῆς,
900 2900 987 2955 καὶ
1049 2900 1265 2975 ἀγαθῶν
1322 2901 1428 2952 τῶν
1471 2895 1658 2951 ἄλλων
1720 2897 1850 2951 ὁποι

203 2995 421 3071 σχέσεσι
452 2988 723 3048 δελεάσαι.
775 2987 955 3047 Ἀλλά
1007 2988 1202 3062 μεταξύ
1252 3007 1337 3049 τις
1392 2990 1499 3041 τῶν
1543 2990 1852 3061 σατραπῶν·

205 3082 308 3139 ούκ
344 3074 514 3151 ἔξεστι
545 3084 643 3154 ζῇν
683 3077 843 3134 αὐτὸν
876 3074 1000 3134 οὐδὲ
1028 3076 1245 3134 τουτονὶ
1294 3077 1387 3131 τὸν
1436 3075 1597 3145 ἥλιον
1629 3077 1782 3151 ὁρᾷν,
1814 3073 1858 3129 ὦ

208 3166 455 3247 βασιλεῖ’),
532 3166 761 3243 λαμπρᾷ
827 3166 915 3223 καὶ
982 3166 1327 3243 γεγωνοτέρᾳ
1390 3168 1458 3239 τῇ
1520 3172 1672 3239 φωνῆ
1734 3164 1857 3220 ἀνα-

1941 662 2184 731 speravi.
2214 662 2348 725 Quaa
2396 670 2588 717 autem
2639 664 2782 719 mihi
2815 681 2847 720 a
2903 671 2959 721 te
3009 668 3303 726 laniantur
3350 688 3576 743 carnes,

1943 765 2149 819 parum
2200 759 2336 806 sunt
2381 750 2525 807 mihi
2575 769 2745 810 cum.
2778 754 3071 818 Quantum
3103 758 3256 814 enim
3310 767 3583 821 externus

1946 847 2141 894 noster
2170 841 2568 911 corrumpitur
2597 841 2791 909 homo,
2826 848 3057 902 tantum
3080 847 3379 906 internum
3420 869 3585 909 reno-

1947 927 2066 983 vari
2096 936 2151 983 et
2178 929 2457 985 docemur
2486 930 2507 965 ²
2537 935 2594 985 et
2631 932 2951 991 credimus.

2018 1017 2143 1073 XV.
2177 1018 2257 1072 Ex
2306 1016 2398 1073 his
2439 1017 2523 1075 ira
2570 1020 2809 1076 incessit
2848 1038 3063 1095 regem,
3094 1030 3149 1081 et
3184 1029 3389 1085 acerbe
3438 1046 3598 1087 mar-

1953 1112 2131 1180 tyrem
2153 1108 2387 1163 intuens
2412 1110 2978 1184 :Quoniam,inquit,
2995 1118 3058 1170 tu
3075 1116 3306 1185 quidem
3324 1119 3521 1176 dixisti
3543 1129 3596 1177 te

1949 1197 2235 1265 renovari,
2269 1214 2375 1253 nos
2405 1201 2599 1253 autem
2624 1198 2882 1257 minatus
2913 1218 2973 1258 es
2993 1219 3120 1261 esse
3143 1207 3451 1264 tradendos
3474 1209 3599 1282 igni
3633 1278 3641 1282 g

1953 1286 2049 1358 qui
2085 1303 2198 1342 non
2224 1290 2414 1359 potest
2444 1287 2760 1361 exstingui,
2791 1306 2898 1364 ego
2930 1291 3165 1350 interim
3200 1295 3327 1367 hoc,
3362 1299 3460 1370 qui
3491 1315 3599 1356 εις

1952 1374 2296 1447 stinguitur,
2328 1378 2383 1433 te
2418 1375 2655 1443 docebo,
2690 1394 2763 1435 ne
2807 1378 2889 1436 eis
2928 1390 3049 1437 tam
3100 1392 3294 1455 aperte
3336 1385 3598 1445 insolens

1952 1462 2013 1519 in
2043 1471 2303 1520 nostram
2336 1465 2676 1535 potentiam.
2709 1466 2780 1522 Et
2808 1468 3255 1541 protinusjubet
3284 1475 3593 1545 plumbum

1950 1551 2011 1608 in
2043 1550 2288 1609 lebetem
2316 1553 2623 1624 injectum,
2657 1554 2821 1612 valde
2850 1558 3082 1615 incendi
3116 1577 3183 1618 ac
3207 1562 3514 1635 liquefieri,
3546 1571 3604 1623 et

1954 1646 2142 1699 totum
2176 1642 2233 1698 in
2284 1648 2596 1716 martyrem
2636 1645 2818 1717 injici.
2854 1649 3042 1721 Atque
3099 1650 3209 1707 hoc
3238 1654 3473 1724 quidem
3514 1656 3600 1712 sic

1958 1732 2177 1787 factum
2228 1735 2337 1801 est,
2371 1737 2438 1787 ut
2470 1733 2674 1804 jussit.
2711 1734 2809 1791 Ille
2864 1741 3061 1794 autem
3095 1756 3208 1796 non
3264 1742 3455 1799 minus
3489 1744 3602 1800 fuit

1953 1821 2087 1877 forti
2147 1826 2203 1879 et
2250 1837 2528 1894 generoso
2566 1824 2786 1893 animo,
2818 1840 2993 1898 quam
3043 1828 3092 1884 si
3143 1846 3294 1901 aqua
3353 1832 3411 1887 in
3464 1849 3598 1890 eum

1955 1910 2368 1967 effunderetur.
2402 1911 2521 1968 Hoc
2570 1916 2765 1970 autem
2813 1915 2923 1971 fuit
2958 1932 3027 1973 ex
3057 1933 3122 1974 eo
3155 1918 3410 1989 evidens,
3443 1923 3603 1993 quod

1956 2000 2078 2072 ipse
2099 2001 2464 2072 apertissime
2496 2002 2732 2075 quidem
2765 2003 2923 2061 illius
2950 2008 3228 2078 arguebat
3256 2025 3511 2067 errorem
3540 2012 3601 2068 in

1958 2089 2085 2162 ipso
2107 2093 2365 2162 tempore
2385 2092 2661 2147 tormenti
2685 2108 2699 2148 :
2729 2092 2910 2150 libere
2934 2101 3128 2152 autem
3160 2101 3217 2153 et
3245 2100 3605 2157 confidenter

1960 2177 2033 2234 iis
2064 2178 2163 2250 qui
2194 2178 2439 2234 aderant
2468 2181 2812 2252 suggerebat
2839 2184 3079 2240 verbum
3105 2185 3356 2257 pietatis.
3382 2189 3607 2255 Quibus

1961 2266 2200 2337 quidem
2229 2266 2567 2323 mirandum
2599 2268 2658 2325 in
2689 2270 2930 2327 modum
2956 2272 3392 2344 obstupefactus
3420 2279 3610 2334 Armeo

1962 2358 2119 2426 nius,
2143 2358 2415 2414 studebat
2443 2374 2577 2415 eum
2601 2360 2842 2417 omnino
2863 2360 3240 2434 lucrifacere;
3266 2382 3403 2422 nam
3427 2367 3477 2423 si
3499 2366 3611 2424 hoc

1962 2464 2077 2505 non
2127 2452 2318 2519 posset
2363 2449 2612 2520 assequi,
2648 2451 2897 2521 putabat
2942 2453 3204 2522 gentium
3265 2454 3608 2528 religionem

1964 2552 2242 2609 magnum
2284 2552 2414 2593 esse
2460 2538 2745 2593 damnum
2786 2545 3179 2611 accepturam.
3213 2541 3429 2601 Volens
3472 2561 3611 2616 ergo

1964 2642 2095 2682 eum
2115 2624 2512 2698 supplantare,
2546 2629 2604 2683 et
2634 2628 2923 2683 abducere
2952 2628 3023 2683 ab
3061 2629 3160 2684 illa
3189 2629 3527 2688 inﬁrmitate
3556 2638 3616 2689 et

1966 2713 2315 2780 constantia,
2338 2720 2727 2787 promptaque
2756 2718 2813 2771 et
2842 2714 3018 2772 alacri
3052 2717 3231 2773 animi
3264 2720 3481 2788 studio,
3513 2737 3613 2778 co-

1965 2803 2168 2875 gitavit
2212 2818 2346 2859 eum
2378 2801 2645 2875 pellicere
2678 2802 2980 2862 blanditiis
3011 2809 3066 2862 et
3099 2807 3613 2881 assentationibus,

1966 2892 2440 2964 divitiarumque,
2475 2892 2858 2964 voluptatum,
2892 2893 3129 2952 honoris
3161 2900 3218 2952 et
3238 2895 3487 2954 aliorum
3520 2900 3617 2956 bo-

1967 2997 2176 3038 norum
2208 2980 2515 3052 promissis
2545 2981 2827 3039 inescare.
2859 2982 2970 3039 Sed
3012 2983 3245 3041 interim
3279 2986 3517 3057 quidam
3550 3005 3619 3045 ex

1969 3074 2268 3145 satrapis:
2313 3077 2437 3131 Non
2477 3073 2613 3130 licet
2662 3075 2715 3131 ei
2753 3074 2965 3145 vivere,
2999 3091 3188 3148 neque
3228 3077 3383 3134 hunc
3431 3078 3616 3136 solem

1971 3168 2246 3240 aspicere,
2277 3185 2311 3225 ο
2371 3184 2490 3236 rex,
2522 3168 2678 3225 clara
2716 3173 2774 3225 et
2834 3168 2953 3225 alta
2992 3186 3128 3226 voce
3178 3170 3456 3244 loquitur,
3480 3190 3614 3229 cum

206 3238 516 3337 ξρθέγγεται,
547 3238 718 3312 παῖδα
766 3255 894 3311 ὄντα
934 3238 1031 3311 toi”)
1060 3238 1305 3330 ’Πάρθου
1364 3238 1541 3323 Ἀνᾶκ,
1602 3253 1659 3315 ὃς
1708 3250 1853 3325 δόλῳ

1973 3238 2053 3313 sit
2080 3257 2237 3312 ﬁlius
2286 3257 2482 3313 Parthi
2510 3259 2690 3325 Anac,
2719 3257 2820 3330 qui
2853 3257 2985 3315 dolo
3030 3238 3448 3331 patrem—tuum
3475 3264 3614 3318 Cur-

204 3368 265 3404 τε
298 3348 394 3403 τὸν
451 3347 541 3402 σὸν
596 3346 803 3421 πατέρα
871 3345 1135 3420 Κουσαρὼ
1194 3341 1391 3414 ἀνεῖλε,
1458 3341 1666 3415 καὶτῷ
1725 3348 1859 3417 Περ-

208 3441 314 3494 σῶν
362 3437 605 3511 τυράννῷ
671 3434 1039 3511 αἱχμάλωτον
1095 3438 1267 3489 πᾶσαν
1323 3435 1691 3503 κατεστήσατο
1757 3434 1857 3502 τὴν

210 3529 303 3603 Ἀρ
312 3525 514 3600 μενίαν,

280 3618 373 3680 1ςῖ
450 3615 669 3674 Τούτων
753 3613 1051 3670 ἀκούσαντα
1116 3609 1421 3687 Τηριδάτην
1495 3609 1732 3687 σφοδρός
1805 3632 1862 3667 τε

217 3706 349 3781 ὑπὲρ
377 3710 476 3761 τοῦ
531 3705 737 3779 πατρὸς
798 3702 970 3759 εἰσέδυ
1031 3701 1222 3773 ζῆλος·
1282 3702 1373 3756 καὶ
1431 3700 1587 3761 εὐθὺς
1643 3700 1859 3756 πάντων

214 3796 285 3849 ὧν
314 3793 396 3872 ἐφ’
435 3795 628 3849 ἑαυτοῦ
673 3792 953 3849 ἐσκοπεῖτο
1000 3789 1177 3862 λήσην
1227 3787 1319 3845 διὰ
1363 3791 1424 3845 τὸ
1474 3795 1725 3865 πατρῷον
1774 3792 1861 3844 αἴ-

216 3906 289 3957 μα
353 3879 563 3953 λαϐὼν,
616 3882 825 3939 κελεύει
894 3881 1108 3947 δεθέντα
1174 3884 1265 3937 τὸν
1332 3882 1511 3956 ἅγιον,
1571 3879 1856 3955 τράχηλον

211 3973 299 4029 καὶ
342 3979 533 4053 χεῖρας
574 3975 686 4048 ἅμα
715 3973 805 4028 καὶ
854 3970 1025 4036 πόδας
1080 3976 1158 4043 τῷ
1206 3971 1352 4047 παρᾶ
1393 3973 1462 4044 τῇ
1515 3969 1673 4025 πόλει
1735 3970 1864 4044 Ἀρ-

210 4064 341 4134 ταξᾷ
372 4062 561 4136 λάκκῳ
611 4059 854 4132 δοθῆναι.
916 4062 979 4120 Ὀ
1052 4059 1110 4116 δὲ
1184 4060 1251 4130 ἦν
1320 4061 1348 4115 ὁ
1414 4057 1618 4123 λάκκος
1683 4060 1863 4126 οὗτος,

214 4158 443 4229 πρᾶγμα
498 4153 589 4208 καὶ
647 4152 876 4208 ἀκοῦσαι
918 4146 1093 4228 φόϐου
1142 4151 1359 4224 μεστὸν,
1429 4148 1663 4220 σεσηπὸς
1733 4148 1865 4225 βόρ-

216 4238 383 4319 ϐορος
416 4242 481 4297 τὰ
528 4237 701 4312 ἔνδον,
760 4242 850 4298 καὶ
904 4237 1117 4297 ἰοϐόλοι
1181 4238 1332 4317 ὄφεις
1398 4239 1490 4294 καὶ
1556 4236 1866 4308 σκώληκες,

213 4333 303 4388 καὶ
366 4334 578 4388 πάντων
645 4332 744 4387 ὅσα
816 4332 954 4387 κατὰ
1026 4336 1133 4408 γῆς
1202 4330 1379 4405 ἓρπει,
1457 4322 1733 4403 διατριϐή,
1810 4327 1869 4383 ἐκ

213 4421 429 4479 πολλοῦ
479 4426 595 4484 τοῖς
640 4419 948 4495 Ἀρμενίοις
991 4418 1065 4481 εἷς
1114 4417 1355 4474 ἐπίνοιαν
1401 4412 1635 4497 φοϐερᾶς
1685 4414 1864 4471 κολά-

215 4532 349 4573 σεως
408 4509 866 4586 διορωρυγμένος.
926 4509 1013 4564 καὶ
1062 4504 1278 4568 οὐδενὸς
1327 4506 1434 4581 πρὸ
1488 4508 1585 4560 τοῦ
1641 4506 1864 4560 πώποτε

1968 3363 2097 3403 saro
2129 3346 2513 3413 interfecit,et
2544 3349 2851 3404 Persarum
2876 3353 3120 3420 tyranno
3143 3353 3315 3406 totam
3335 3350 3618 3423 captivam

1972 3437 2229 3494 reddidit
2258 3436 2621 3493 Armeniam.

2041 3616 2181 3674 XVI.
2205 3616 2334 3672 Hac
2366 3632 2500 3672 cum
2520 3614 2801 3673 audiisset
2820 3617 3139 3687 Teridates,
3165 3635 3299 3676 eum
3326 3637 3429 3691 pro
3452 3626 3616 3693 patre

1970 3705 2147 3762 subiit
2186 3704 2496 3761 vehemens
2545 3705 2703 3761 zelus
2752 3721 2764 3761 ε
2815 3711 2872 3762 et
2904 3708 3102 3762 statim
3158 3709 3447 3777 omnium,
3488 3727 3618 3781 qua

1969 3795 2120 3868 apud
2158 3811 2220 3851 se
2249 3794 2565 3867 cogitabat,
2599 3810 2734 3850 eum
2776 3798 2949 3868 coepit
2988 3795 3201 3853 oblivio
3248 3803 3486 3869 propter
3516 3815 3619 3871 pa-

1970 3886 2199 3937 ternum
2229 3880 2597 3953 sanguinem.
2628 3881 2805 3936 Jubet
2842 3886 3036 3936 autem
3069 3887 3337 3940 sanctum
3368 3883 3615 3957 ligatum

1974 3970 2144 4035 collo,
2173 3968 2346 4025 simul
2378 3973 2437 4026 et
2468 3969 2742 4026 manibus
2764 3974 2820 4025 et
2841 3969 3299 4042 pedibus,dejici
3322 3972 3379 4026 in
3405 3972 3619 4041 lacum,

1976 4061 2078 4133 qui
2108 4068 2195 4118 est
2253 4061 2310 4116 in
2342 4059 2574 4116 civitate
2606 4063 2854 4116 Artaxat.
2896 4059 3032 4115 Erat
3081 4064 3272 4116 autem
3308 4061 3402 4118 hic
3458 4061 3621 4119 lacus

1976 4166 2069 4207 res
2100 4149 2186 4205 vel
2218 4150 2341 4207 solo
2375 4148 2573 4206 auditu
2617 4150 2890 4206 terribilis
2928 4167 2941 4206 :
2976 4150 3360 4222 putrefactum
3393 4168 3623 4210 ccenum

1978 4238 2232 4295 habebat
2260 4239 2635 4306 intrinsecus,
2656 4246 2708 4295 et
2738 4244 3052 4295 venenatos
3084 4248 3380 4311 serpentes
3411 4247 3469 4297 et
3499 4259 3624 4299 ver-

1979 4346 2123 4397 mes,
2155 4333 2212 4387 et
2241 4335 2365 4386 erat
2413 4330 2809 4387 habitaculum
2841 4329 3102 4387 omnium
3135 4348 3260 4402 quas
3291 4338 3535 4404 serpunt
3564 4333 3624 4389 in

1976 4422 2171 4491 terris,
2196 4421 2321 4491 jam
2352 4419 2491 4476 olim
2515 4419 2588 4476 ab
2605 4419 2896 4476 Armeniis
2917 4420 3162 4477 effossus
3188 4422 3259 4477 ad
3291 4423 3629 4495 excogitan-

1980 4511 2122 4565 dum
2176 4509 2439 4566 terribile
2476 4510 2852 4581 supplicium.
2884 4509 3249 4582 Quapropter
3289 4527 3359 4567 οι
3416 4512 3485 4568 iis
3524 4513 3625 4584 qui

214 4605 321 4658 τῶν
367 4599 417 4655 έν
477 4599 628 4671 αύτῷ
687 4596 1025 4674 βληθέντων,
1084 4596 1190 4671 ούχ
1221 4594 1367 4658 ὅπως
1428 4593 1527 4649 οὐκ
1575 4590 1853 4651 ἀναδύντος

1979 4598 2037 4653 in
2070 4613 2204 4653 eum
2237 4605 2404 4654 antea
2426 4596 2627 4667 injecti
2658 4597 2912 4666 fuerant,
2944 4614 3061 4654 non
3094 4599 3267 4655 modo
3310 4615 3427 4655 non
3464 4599 3630 4655 illinc

216 4690 437 4757 έκεὶθεν,
504 4685 636 4743 ἀλλ’
718 4684 844 4742 ούδὶ
908 4685 986 4749 εἷς
1050 4685 1259 4759 ἡμέραν
1333 4683 1469 4753 ὅλην
1522 4683 1866 4757 ἀρκέσαντος.

216 4780 310 4851 Τῷ
337 4779 575 4849 τοιούτῳ
601 4775 782 4833 τοίνυν
812 4774 1000 4848 λάκκῳ
1050 4776 1183 4847 μετᾶ
1237 4772 1333 4835 τὰς
1380 4770 1596 4835 πολλὰς
1638 4771 1868 4834 ἐκνείνας

218 4868 308 4923 καὶ
374 4861 821 4941 ἂνυπερϐλήτους
877 4865 1075 4941 κατάγε
1137 4865 1229 4920 τὸν
1292 4869 1394 4932 τῆς
1452 4861 1640 4922 κακίας
1700 4861 1868 4937 λόγον

221 4951 517 5017 ἐπιϐουλὰς
598 4956 626 5009 ὁ
701 4955 847 5029 ἱερὸς
924 4951 1307 5031 ἐναπορῥιιρεῖς
1382 4952 1705 5025 Γρηγόριος,
1782 4949 1867 5005 ἐπὶ

219 5044 475 5117 τέσσαρας
508 5042 672 5105 ὅλους
720 5043 856 5118 πρὸς
902 5046 1017 5105 τοῖς
1060 5039 1186 5096 δέκα
1239 5042 1474 5116 χρόνους
1522 5041 1590 5111 τῇ
1636 5037 1870 5103 ἐντεῦθεν

222 5132 603 5201 ἐπολιορκεῖτο
658 5132 912 5191 κακώσει.
982 5132 1121 5199 Γυνή
1168 5128 1225 5185 δέ
1269 5151 1353 5192 τις
1412 5128 1646 5205 συζύγου
1694 5147 1871 5204 κεχη-

222 5224 464 5299 ρωμένη,
509 5223 656 5299 παρᾶ
700 5226 781 5294 τῷ
822 5222 1056 5296 Ἀρταξᾷ
1103 5219 1346 5295 φρουρίῳ
1398 5218 1641 5288 οἰκοῦσα,
1693 5218 1871 5292 ὅψεως

223 5313 358 5388 αὐτῇ
434 5313 578 5377 θείας
652 5308 778 5388 ὅναρ
855 5311 1226 5390 ἐπιφανείσης,
1305 5309 1469 5385 ἄρτου
1541 5329 1595 5364 τι
1668 5308 1873 5385 τρύφος

222 5402 447 5473 ἑκάστης
494 5400 706 5478 ἡμέρας
764 5401 839 5462 εἰς
886 5401 979 5456 τὸν
1037 5400 1235 5456 λάκκον
1290 5399 1459 5476 ἠφίει·
1514 5399 1647 5473 ὅπερ
1693 5398 1868 5477 τροφή

221 5496 299 5565 τῷ
406 5491 658 5567 μακαρίῳ
756 5492 1062 5565 γινόμενον,
1165 5483 1504 5563 ἀνελάμϐανε
1594 5508 1652 5542 τε
1724 5486 1872 5560 αύτῷ

266 5650 320 5704 ⁷⁸
350 5666 399 5726 ΙΙ
429 5666 556 5724 Cor.
591 5684 741 5727 χιιι.
778 5668 863 5723 16.

1981 4688 2139 4746 ullus
2170 4688 2425 4758 emersit,
2458 4688 2559 4745 sed
2592 4702 2697 4743 nec
2728 4692 2846 4745 toto
2877 4689 3113 4761 quidem
3146 4690 3241 4748 die
3277 4690 3487 4747 durare
3528 4706 3628 4761 po-

1979 4778 2110 4834 tuit.
2145 4779 2208 4834 In
2240 4777 2399 4834 hunc
2431 4794 2566 4851 ergo
2595 4777 2809 4848 lacum,
2837 4784 2970 4851 post
2990 4779 3206 4836 multos
3236 4779 3366 4836 illos
3384 4783 3441 4837 et
3462 4779 3631 4836 insu-

1987 4865 2294 4940 perabiles,
2309 4868 2460 4940 quod
2476 4867 2680 4923 attinet
2697 4868 2767 4922 ad
2784 4868 2901 4923 vitii
2920 4868 3226 4934 rationem,
3241 4868 3519 4936 insultus,
3532 4885 3631 4924 sa-

1983 4956 2581 5028 crosanctusinjectus
2621 4957 2953 5027 Gregorius,
2986 4961 3231 5028 quatuor
3248 4956 3435 5014 decim
3466 4960 3623 5012 totos

1982 5061 2165 5101 annos
2222 5045 2566 5118 nimia,quaa
2609 5043 2771 5101 illinc
2817 5045 3133 5113 oriebatur,
3152 5045 3531 5103 obsidebatur
3551 5045 3634 5102 af-

1983 5133 2254 5189 ﬂictione.
2278 5135 2551 5199 Quaedam
2584 5138 2780 5190 autem
2826 5134 3038 5190 mulier
3084 5134 3319 5190 viduata
3357 5134 3629 5206 conjuge,

1984 5240 2109 5295 qua
2139 5222 2441 5279 habitabat
2489 5222 2549 5278 in
2599 5222 2865 5293 praesidio
2895 5225 3153 5293 Artaxat,
3184 5240 3320 5279 cum
3350 5223 3403 5279 ei
3445 5240 3628 5296 appa-

1983 5313 2195 5369 ruisset
2225 5312 2390 5379 visio,
2413 5312 2649 5384 aliquod
2673 5314 2919 5369 frustum
2943 5313 3111 5385 panis
3134 5311 3395 5384 quotidie
3414 5311 3474 5369 in
3493 5328 3628 5369 eum

1981 5402 2356 5459 immittebat.
2389 5402 2551 5469 Quod
2585 5402 2816 5475 quidem
2845 5417 2981 5458 cum
3006 5407 3163 5459 esset
3184 5403 3348 5459 beato
3374 5402 3624 5459 alimen-

1981 5495 2129 5561 tum,
2164 5491 2457 5550 recreabat
2484 5492 2537 5551 ei
2567 5508 2798 5566 corpus,
2830 5491 2986 5567 quod
3019 5492 3402 5562 laboraverat,
3427 5505 3479 5549 et
3505 5508 3623 5551 non
