4106 6200
444 276 556 337 963

1732 270 2016 331 MENSIS
2065 264 2558 328 SEPTEMBEB.

3728 268 3850 328 964

441 436 670 493 sinebat
697 450 832 492 eum
863 433 1102 491 omnino
1135 432 1400 491 deﬁcere.
1432 431 1541 490 Sed
1573 431 1867 489 narranda
1899 428 2082 486 multa

2198 446 2503 496 πεπονηκος
2535 428 2596 482 τὸ
2645 433 2824 502 σῶμα,
2880 425 2967 484 καῖ
3037 428 3224 483 τέΑεον
3280 422 3518 483 ἐκλιπεῖν
3576 427 3678 482 οὐκ
3737 425 3852 482 εἶά.

441 526 680 598 reliquit
715 523 1064 594 oratio,cum
1092 540 1165 579 ne
1194 521 1491 578 tantillum
1521 521 1694 579 vellet
1724 519 2019 576 discedere
2050 534 2085 573 a

442 616 549 672 viri
584 618 882 671 memoria.
924 612 1103 670 Nobis
1135 613 1315 685 igitur
1358 612 1764 667 revertendum
1797 615 1886 666 est
1914 609 1984 664 ad
2019 625 2084 664 ea

445 723 571 780 qum
604 707 875 774 deinceps
905 708 1234 774 sequuntur
1260 702 1318 756 in
1353 701 1622 758 historia.

515 795 689 852 XVII.
725 794 1020 850 Teridates
1079 809 1214 864 ergo
1261 792 1575 848 arbitratus
1644 807 1706 847 se
1762 788 2084 846 inevitabili

444 886 613 941 morti
648 884 880 939 dedisse
923 885 1176 953 justum,
1209 898 1342 937 cum
1376 887 1530 937 esset
1573 881 1774 952 utique
1805 880 1994 934 hiems
2027 883 2084 935 et

443 975 650 1047 frigus,
685 974 807 1044 ipse
842 971 1062 1028 accedit
1108 971 1180 1025 ad
1230 973 1444 1041 regiam
1496 970 1885 1026 Armenicam.
1919 969 2082 1023 Illinc

444 1070 634 1122 autem
685 1062 1106 1134 expeditionem
1157 1061 1400 1132 suscipit
1442 1061 1711 1115 adversus
1761 1061 1992 1126 Persas,
2026 1063 2084 1113 et

444 1169 642 1208 eorum
675 1150 1065 1222 populabatur
1095 1151 1387 1219 regionem
1427 1166 1438 1202 :
1472 1153 1529 1203 et
1563 1147 1788 1217 trajecit
1817 1149 1875 1201 in
1907 1149 2081 1218 Assy-

444 1245 614 1308 riam,
646 1249 700 1296 et
738 1239 876 1294 vicit
908 1255 1172 1311 pugnans
1213 1238 1500 1309 singulari
1533 1238 1868 1304 certamine,
1901 1242 1955 1290 et
1984 1251 2084 1290 ce-

444 1331 618 1388 Iebris
661 1337 780 1385 erat
813 1333 1041 1399 propter
1073 1343 1161 1382 res
1192 1327 1264 1382 ab
1307 1343 1372 1382 eo
1405 1333 1598 1399 gestas
1626 1332 1778 1382 recte
1809 1331 1865 1381 et
1904 1325 2082 1380 felici-

445 1427 550 1477 ter.
584 1419 1096 1475 Verumenimvero
1141 1417 1284 1483 Jovi,
1319 1417 1515 1472 Diana
1546 1421 1602 1471 et
1652 1415 1878 1472 Ilerculi
1927 1415 2086 1470 attri-

445 1511 662 1567 buebat
693 1509 1014 1564 victoriam.
1036 1507 1233 1578 Neque
1255 1523 1388 1562 vero
1413 1507 1470 1560 in
1495 1505 1610 1560 illis
1629 1503 1888 1560 colendis
1910 1520 2083 1560 suum

446 1603 672 1654 tantum
732 1596 986 1668 ponebat
1041 1594 1326 1659 studium,
1397 1594 1494 1648 sed
1553 1592 1728 1648 etiam
1810 1593 2086 1646 adversus

444 1687 805 1744 Christianos
863 1686 1024 1756 ipsos
1081 1689 1136 1739 et
1191 1683 1554 1754 impietatem
1612 1681 1982 1738 vehementer
2029 1684 2086 1735 et

448 1779 650 1834 insane
679 1776 956 1848 spirabat.
989 1775 1067 1830 Eo
1099 1779 1292 1830 autem
1323 1778 1605 1845 tempore,
1630 1773 1782 1843 quod
1807 1772 2080 1826 interces-

445 1869 541 1934 sit,
575 1866 676 1938 qui
708 1867 1031 1922 Romanam
1056 1879 1370 1934 purpuram
1395 1878 1508 1918 non
1534 1860 2079 1926 feliciterinduerat,

444 1956 834 2014 Diocletianus
866 1969 1101 2010 uxorem
1135 1955 1342 2008 ducere
1371 1952 1621 2018 volebat,
1653 1954 1709 2006 et
1738 1949 2088 2021 procurabat

445 2045 557 2102 sibi
591 2044 1055 2101 matrimonium.
1087 2046 1228 2098 Cum
1262 2045 1457 2097 autem
1489 2041 1642 2109 apud
1667 2039 1860 2110 ipsum
1892 2042 2086 2093 essent

447 2151 651 2194 omnes
691 2145 885 2205 patres
912 2134 1012 2205 qui
1045 2132 1279 2189 alebant
1310 2131 1581 2202 virgines,
1624 2134 1700 2198 et,
1739 2133 1800 2184 ut
1838 2129 1889 2183 ei
1921 2144 2082 2183 suam

448 2225 850 2296 desponderet,
911 2238 1180 2292 unusque
1226 2219 1389 2276 valde
1448 2219 1772 2286 moliretur,
1839 2215 1936 2273 ille
1997 2216 2085 2272 his

445 2318 718 2374 omnibus
742 2314 1069 2387 praeteritis,
1085 2319 1393 2384 postquam
1420 2310 1478 2365 in
1511 2311 1762 2381 quadam
1782 2324 1850 2363 ex
1871 2307 1943 2363 iis
1961 2323 2084 2376 quae

445 2409 573 2476 ejus
604 2405 882 2477 parebant
912 2402 1152 2474 imperio
1183 2400 1518 2456 civitatibus
1549 2397 1833 2454 intellexit
1863 2400 2086 2451 sancta-

447 2512 578 2552 rum
638 2493 926 2564 virginum
985 2491 1230 2547 chorum
1289 2489 1539 2545 exerceri
1588 2488 1647 2542 in
1707 2485 2083 2551 monasterio,

448 2585 660 2658 quibus
691 2586 936 2654 prmerat
973 2580 1207 2651 quidem
1241 2579 1458 2634 Gaiana
1493 2594 1505 2632 :
1541 2579 1695 2632 inter
1723 2576 1856 2631 illas
1888 2579 2083 2630 autem

449 2690 620 2730 unam
655 2688 800 2736 esse,
826 2669 1144 2742 Ripsimem
1179 2673 1463 2732 vocatam,
1494 2672 1552 2721 et
1579 2666 1648 2721 ad
1685 2666 1814 2736 ipsa
1843 2663 2086 2728 Gaiana,

447 2780 576 2820 cum
605 2763 786 2816 ambae
804 2766 999 2816 essent
1017 2757 1324 2813 Christiani
1350 2756 1580 2828 generis
1601 2759 1656 2811 et
1674 2754 1993 2821 sanguinis,
2027 2752 2084 2807 in

448 2853 660 2925 pietate
689 2851 992 2906 educatam
1027 2852 1200 2918 atque
1230 2847 1686 2916 eruditam,quze
1718 2843 1870 2898 sicut
1895 2843 2086 2913 specie

447 2942 704 3006 virtutis,
739 2939 820 2993 ita
866 2938 1040 2992 etiam
1076 2934 1511 3006 pulchritudine
1542 2933 1802 3002 corporis
1832 2936 1954 2985 erat
1984 2930 2089 2985 ad-

451 3031 692 3085 modum
727 3026 972 3096 insignis
1009 3041 1020 3078 :
1054 3025 1140 3077 vel
1173 3023 1298 3092 ipsa
1328 3023 1457 3090 ejus
1488 3021 1738 3090 imagine
1778 3021 2091 3090 imperator

451 3132 752 3184 accensus,
785 3129 959 3184 quam
991 3113 1059 3166 ad
1098 3127 1231 3167 eum
1282 3110 1569 3180 depictam
1604 3109 1845 3180 quidam
1904 3108 2091 3180 pictor

2195 513 2368 573 ’Λλλᾶ
2398 517 2701 594 προφθάνει
2742 520 2842 588 τήν
2894 516 3218 582 ἀκολουθίαν
3271 518 3299 572 ὀ
3340 514 3532 592 λόγος,
3589 518 3668 589 μή
3723 517 3857 571 ἄπο·

2196 608 2382 674 στῆναι
2417 603 2560 676 μηδὲ
2603 608 2779 681 βραχὺ
2827 612 2929 677 τῆς
2975 611 3070 661 τοῦ
3119 603 3312 679 ἀνδρὸς
3351 607 3577 678 μνήμης
3624 602 3850 665 ἐθέλων.

2194 695 2340 766 Ημῖν
2371 691 2428 749 δέ
2453 696 2588 771 πρὸς
2617 696 2683 750 τὰ
2723 697 2843 765 ἑξῆς
2873 694 3146 750 ἐπανιτέον
3173 703 3275 764 τῆς
3305 695 3565 769 ἱστορίας.

2267 785 2360 842 1Ζ’.
2403 783 2717 859 Τηριδάτης
2791 786 2972 840 τοίνυν
3051 784 3257 857 θανάτῳ
3347 782 3682 860 παραδοῦναι
3758 785 3852 840 τὸν

2193 870 2399 928 δίκαιον
2429 873 2648 950 ἀφύκτῳ
2674 875 2920 947 νομίσας,
2973 879 3252 950 χειμῶνος
3310 871 3375 943 δή
3432 894 3536 928 που
3596 894 3853 928 συνιστα-

2198 960 2361 1036 μένου
2408 964 2494 1017 καὶ
2559 962 2926 1038 διαψύχοντος
2968 963 3130 1024 αὐτος
3187 961 3272 1016 ἐπὶ
3339 967 3444 1017 τῶν
3503 964 3853 1037 Ἀρμενεκὼν

2197 1052 2486 1127 βασιλείων
2547 1053 2766 1126 παρῄει.
2824 1055 3061 1116 Ἐκεῖθεν
3121 1049 3177 1106 δέ
3225 1050 3311 1106 ἐπὶ
3363 1050 3563 1125 Πέρσας
3621 1051 3852 1126 ἐκστρα-

2190 1146 2351 1210 τεύει,
2386 1147 2474 1201 καὶ
2507 1149 2606 1216 τήν
2637 1167 2696 1202 τε
2745 1149 2931 1221 χώραν
2983 1147 3160 1200 αὐτῶν
3209 1147 3523 1221 κατέτρεχε,
3579 1148 3670 1201 καὶ
3712 1147 3856 1221 πρὸς

2191 1238 2288 1304 τὴν
2349 1237 2647 1310 Ἀσσυρίων
2719 1232 2972 1306 διέϐαινε,
3043 1237 3134 1290 καὶ
3205 1241 3541 1310 μονομαχῶν
3615 1236 3852 1310 ἐκράτει,

2192 1324 2482 1386 καὶπολὺς
2535 1327 2599 1394 ἦν
2659 1331 2774 1387 τοῖς
2844 1325 3189 1399 εὐτυχήμασι
3263 1324 3350 1379 καί
3399 1331 3520 1387 ταῖς
3588 1323 3858 1400 ἀνδρα-(ας

2195 1418 2358 1478 θίαις.
2396 1417 2546 1485 Πλὴν
2605 1417 2752 1472 ἀλλὰ
2811 1418 2893 1472 Διὶ
2955 1418 3045 1471 καὶ
3106 1414 3385 1490 Ἀρτέμιδι
3438 1417 3528 1472 καὶ
3586 1418 3857 1492 Ἡρακλεῖ

2191 1505 2257 1560 τὰ
2286 1512 2386 1574 τῆς
2434 1505 2588 1576 νίκης
2637 1506 2896 1564 ἀνετίθει.
2965 1505 3186 1577 ’Δμέλει
3241 1505 3331 1560 καῖ
3384 1503 3511 1561 οὐδὲ
3565 1508 3691 1580 περὶ
3752 1510 3852 1575 τήν

2193 1593 2409 1648 ἐκείνων
2473 1597 2637 1667 μόνον
2698 1595 2941 1649 ἐπονεῖτο
2999 1596 3307 1668 θεραπείαν,
3367 1593 3514 1650 ἀλλὰ
3563 1596 3653 1650 καὶ
3713 1597 3853 1650 κατα

2195 1686 2530 1758 Χριστιανῶν
2588 1684 2760 1738 αὐτῶν
2819 1683 2908 1739 καὶ
2965 1687 3063 1748 τῆς
3120 1679 3391 1746 εὓσεόείας
3451 1682 3626 1738 δεινὸν
3699 1685 3850 1740 ἔπνει

2194 1771 2283 1826 καὶ
2319 1775 2565 1845 μανικόν.
2598 1775 2702 1830 Τὸν
2747 1771 2804 1827 δέ
2854 1772 3052 1844 μεταξὺ
3109 1773 3302 1827 τούτον
3349 1772 3546 1849 χρὸνον
3593 1776 3693 1844 τήν
3754 1776 3856 1849 βα-

2192 1859 2410 1932 σιλικήν
2465 1859 2758 1937 ἁλουργίδα
2811 1862 3100 1935 Ῥωμαίων
3169 1861 3268 1917 οὐκ
3338 1862 3582 1938 εὐτυχῶς
3627 1860 3855 1938 περιϐα.

2194 1949 2428 2024 λὸμενος
2484 1952 2872 2020 Διοκλητιανὸς
2924 1952 3154 2028 γυναῖκά
3208 1972 3267 2006 τε
3314 1950 3607 2029 ἀγαγέσθαι
3655 1953 3852 2024 ἤθελε,

2192 2040 2280 2094 καὶ
2339 2038 2663 2110 ἐσπούδαζεν
2717 2041 2891 2112 ἑαυτῷ
2929 2042 3022 2095 τὸν
3081 2041 3282 2116 γάμον.
3335 2041 3436 2098 Καὶ
3498 2039 3564 2110 ὂή
3627 2043 3851 2098 πάντων

2193 2130 2311 2184 ὅσοι
2343 2127 2638 2204 παρθένους
2689 2126 2909 2208 ἔτρεφον
2961 2131 3184 2206 πατέρες
3233 2133 3357 2205 παρ’
3407 2133 3572 2186 αὐτὸν
3621 2132 3850 2202 ἰόντων,

2191 2222 2276 2275 κσὶ
2315 2219 2466 2282 ὅπως
2507 2221 2684 2293 τούτῳ
2725 2224 2827 2290 τὴν
2876 2222 3068 2276 ἑαυτοῦ
3114 2218 3338 2283 ἕκαστος
3390 2221 3646 2297 ἐγγυήσοι
3697 2222 3848 2278 πολ-

2194 2309 2299 2377 λῆς
2331 2311 2612 2383 μηχανῆς,
2642 2308 2961 2384 γενομένης,
2993 2311 3167 2371 πάσας
3199 2309 3399 2372 ἐκεῖνος
3446 2309 3846 2385 παραδραμὼν,

2193 2397 2378 2467 ἐπειδὴ
2439 2401 2584 2473 παρά
2650 2421 2756 2454 τινι
2823 2404 2928 2454 τῖυν
2995 2399 3084 2454 ὕπ’
3147 2399 3310 2455 αὐτὸν
3379 2400 3593 2456 πόλεων
3675 2403 3852 2476 ἁγίων

2192 2489 2466 2564 παρθένων
2533 2489 2701 2563 χορὸν
2761 2487 2812 2543 ἐν
2872 2489 3220 2563 μοναστηρίῳ
3301 2491 3574 2545 ἀσκεῖσθαι
3651 2490 3844 2564 μάθοι,

2193 2577 2268 2630 ὧν
2308 2577 2503 2646 Γαίἀνή
2560 2577 2652 2648 μὲν
2701 2579 3072 2648 προειστήκει,
3241 2575 3297 2633 δέ
3351 2579 3439 2633 ὑπ’
3487 2579 3656 2648 αὐτῆς
3706 2601 3847 2654 τρα-

2191 2667 2349 2742 φείσῃ
2381 2666 2470 2720 καὶ
2502 2663 2847 2740 παιδευθείσῃ
2889 2666 3120 2740 Ῥιψίμη
3153 2665 3330 2739 ὄνομα
3377 2669 3464 2736 ἦν,
3513 2671 3846 2743 Χριστιανοῦ

2193 2760 2288 2830 μὶν
2330 2756 2561 2832 α’ίματος
2608 2757 2774 2835 ἄμφω
2823 2759 2912 2813 καὶ
2941 2759 3146 2835 γένους,
3193 2761 3227 2829 ἡ
3264 2757 3319 2814 δὲ
3367 2761 3618 2834 Ῥιψίμη,
3657 2761 3848 2836 ὥσπερ

2191 2847 2386 2921 ἀρετὴς
2417 2846 2554 2922 ὥρᾳ,
2587 2846 2729 2902 οὕτω
2763 2847 2827 2917 δὴ
2855 2849 2942 2902 γαὶ
2974 2849 3229 2917 σώματος
3261 2847 3457 2904 κάλλει
3491 2846 3848 2919 διαϐεϐόητο.

2196 2934 2421 3004 Ἐπειδή
2452 2937 2634 2990 τοίνυν
2664 2938 2730 2992 τὰ
2759 2936 2894 2991 κατὰ
2933 2945 3034 3006 την
3066 2939 3330 3010 Ῥιψίμην
3381 2937 3632 3008 ἐπύθετο,
3675 2939 3856 3004 illo;

2196 3046 2254 3080 τε
2309 3027 2396 3080 καὶ
2456 3029 2566 3080 τῶν
2640 3025 2935 3103 ζωγράφων
3002 3027 3150 3087 τινὸς
3225 3026 3373 3099 αὐτῷ
3432 3025 3856 3102 διαγράψαντος,

2198 3117 2260 3169 τὸ
2292 3121 2392 3182 τῆς
2423 3114 2684 3188 Ῥιψίμης
2737 3112 2900 3181 εἶδος,
2940 3114 3029 3169 καὶ
3061 3115 3165 3190 γὰρ
3193 3117 3282 3170 καὶ
3315 3118 3350 3185 ἡ
3384 3116 3542 3170 εἰκὼν
3587 3115 3857 3192 ἆνέφλεγε

451 3177 751 3270 attulerat,
776 3177 961 3274 ipsam
1009 3201 1239 3255 amabat
1289 3177 1821 3268 vehementissime,
1852 3177 1922 3254 et-
1953 3198 2089 3253 alie—

2201 3205 2263 3258 τὸ
2303 3205 2467 3278 μέρος
2515 3205 2694 3272 αὐτὸν,
2745 3205 3049 3277 θερμότατα
3093 3225 3150 3259 τε
3196 3203 3364 3274 αὐτῆς
3416 3202 3542 3280 ἤρα.
3597 3208 3696 3263 Καὶ
3746 3207 3854 3262 ὑπὸ

453 3295 663 3353 ctionis
684 3298 859 3350 oestro
892 3292 1287 3347 concitabatur
1320 3294 1594 3362 :eratque
1625 3288 1720 3343 ille
1741 3305 1906 3344 amor
1936 3305 2094 3344 mera

452 3383 684 3442 insania
713 3388 769 3439 et
828 3380 996 3453 plane
1038 3380 1248 3436 rabies.
1283 3383 1350 3434 Et
1387 3378 1486 3435 ille
1525 3377 1763 3450 quidem
1811 3377 1910 3433 diu
1961 3382 2094 3434 ante

452 3474 687 3546 parabat
733 3470 992 3542 nuptias,
1022 3473 1078 3525 et
1126 3468 1335 3523 festum
1405 3467 1752 3539 praedicabat
1813 3483 1827 3522 :
1887 3470 1944 3521 et
1994 3481 2094 3522 eos

452 3562 868 3635 congregabat,
895 3559 994 3631 qui
1022 3557 1262 3614 erantin
1296 3557 1519 3629 nuptiis
1550 3558 1601 3612 ei
1632 3557 1963 3612 inservituri
1992 3573 2005 3611 :
2039 3559 2095 3610 et

450 3655 520 3710 ad
556 3652 873 3724 Ripsimem
934 3648 1096 3704 misit
1133 3647 1487 3714 adulatores,
1520 3649 1620 3718 qui
1669 3647 1740 3701 de
1770 3645 1989 3717 nuptiis
2042 3645 2093 3701 ei

453 3740 868 3814 signiﬁcarent,
901 3741 958 3793 et
1008 3737 1347 3792 nuntiarent
1375 3751 1472 3792 eas
1513 3735 1634 3805 jam
1666 3749 1794 3791 esse
1841 3740 2093 3806 paratas,

453 3832 609 3904 quod
641 3832 710 3887 ad
741 3831 937 3901 ipsum
971 3828 1207 3900 quidem
1229 3826 1533 3883 attinebat.

523 4009 725 4065 XVIII.
755 4007 858 4065 Illa
887 4010 1082 4062 autem
1116 4005 1275 4076 (quid
1316 4004 1470 4061 enim
1506 4021 1604 4076 per
1632 4005 1821 4075 ipsam
1853 4003 2093 4075 virgini-

452 4105 628 4155 tatem
658 4098 727 4153 ad
761 4097 885 4152 haec
916 4093 1188 4164 cogitarit
1218 4097 1319 4148 aut
1349 4093 1560 4148 dixerit
1588 4093 1768 4163 virgo,
1799 4108 1928 4163 quae
1968 4093 2093 4161 jam

453 4187 591 4244 olim
648 4186 1076 4243 cohabitantem
1138 4182 1312 4255 elegit
1359 4181 1801 4251 continentiam,
1850 4185 1907 4237 et
1954 4180 2097 4236 solis

452 4280 595 4336 vivit
624 4277 1041 4349 leguminibus,
1073 4280 1132 4333 et
1161 4281 1314 4332 totas
1347 4279 1550 4330 noctes
1580 4278 1845 4330 versatur
1873 4273 1930 4329 in
1965 4290 2094 4328 ora-

455 4371 632 4438 tione,
657 4373 714 4424 et
747 4366 1116 4423 necinterdiu
1142 4365 1377 4421 desistit
1398 4364 1470 4420 ab
1489 4363 1714 4436 hymnis
1736 4363 1794 4419 in
1814 4363 2058 4432 Deum?)
2080 4380 2094 4418 :

455 4459 579 4516 Non
604 4462 659 4513 te
689 4456 1137 4527 tallam,sponse
1165 4454 1413 4519 Christe,
1444 4453 1626 4509 dixit:
1661 4469 1776 4510 non
1797 4458 1858 4509 te
1887 4453 2096 4523 probro

454 4565 520 4604 ac
552 4547 832 4602 dedecore
870 4525 1144 4610 afﬁciam,
1178 4559 1211 4599 ο
1269 4544 1445 4598 chara
1490 4542 1793 4612 virginitas
1827 4558 1841 4595 :
1875 4558 1988 4596 non
2038 4548 2092 4597 te
2125 4525 2180 4592 D

455 4637 720 4711 prodam,
754 4639 941 4690 mater
988 4632 1361 4690 continentia.
1397 4632 1596 4704 Itaque
1626 4630 1762 4699 Deo,
1794 4630 1898 4703 qui
1936 4631 2098 4686 solus

456 4730 684 4800 poterat
713 4725 765 4780 ei
815 4723 950 4779 dare
1009 4721 1280 4789 salutem,
1331 4721 1598 4792 adjutore
1654 4719 1938 4784 invocato,
1980 4736 2095 4776 non

455 4815 820 4884 necessariis,
879 4830 992 4869 non
1049 4811 1273 4878 amicis,
1315 4827 1431 4867 non
1485 4809 1848 4883 parentibus,
1907 4826 2096 4882 neque

458 4905 593 4962 ullis
625 4903 755 4961 aliis
776 4907 900 4960 erat
929 4901 1168 4958 omnino
1201 4900 1440 4958 munita.
1478 4901 1553 4956 De
1607 4898 1720 4955 alio
1749 4899 1949 4970 itaque
1982 4898 2098 4953 ini-

455 4994 672 5066 grando
703 4991 900 5048 statim
925 4989 1215 5047 consultat
1244 4993 1300 5045 ct
1328 4988 1573 5045 comites
1603 4987 1786 5044 bonas
1815 4987 1958 5043 alias
2006 4987 2093 5042 in-

455 5084 613 5139 venit
657 5081 933 5155 virgines,
965 5097 1093 5153 qua
1129 5083 1294 5136 erant
1322 5078 1373 5133 ei
1403 5082 1462 5134 et
1488 5076 1617 5133 vitae
1651 5081 1708 5132 et
1743 5075 1970 5132 virtutis
2002 5093 2095 5132 so-

457 5173 580 5241 ciae,
611 5172 902 5245 imprimis
941 5179 1135 5227 autem
1177 5168 1508 5241 profectam
1549 5166 1845 5223 Gaianam.
1882 5167 1948 5222 Et
1981 5182 2092 5222 non

457 5262 823 5327 dubitarunt,
857 5261 1084 5318 etiamsi
1121 5275 1235 5331 pris
1267 5255 1450 5314 multa
1479 5256 1674 5313 inedia
1698 5256 1816 5326 jam
1851 5255 2096 5311 defecis-

459 5355 609 5417 sent,
634 5351 1154 5422 peregrinationem
1175 5347 1494 5420 suscipere,
1515 5346 1615 5403 sed
1637 5345 1789 5400 sicut
1811 5361 2097 5416 passeres,

459 5455 592 5496 cum
651 5454 719 5494 ea
766 5439 1184 5512 transmigrant
1239 5437 1299 5493 in
1342 5437 1646 5492 barbaram
1697 5433 2096 5491 Armeniorum

461 5525 774 5597 regionem.
804 5529 903 5584 Eas
934 5529 1089 5584 enim
1111 5527 1388 5584 incitabat
1417 5527 1590 5581 etiam
1622 5524 1691 5580 ad
1727 5523 2094 5594 migrandum

463 5621 815 5694 praceptum
848 5615 1239 5684 Dominicum,
1273 5617 1472 5672 dicens
1508 5631 1519 5669 :
1548 5637 1572 5662 ‹‹
1602 5614 1654 5670 Si
1689 5613 1974 5686 persecuti
1999 5628 2095 5668 vos

2199 3298 2295 3350 τοῦ
2327 3295 2499 3348 πόθου
2549 3289 2911 3367 διοιπροῦτο,
2959 3295 3048 3348 καὶ
3102 3294 3317 3366 μανίᾳὸ
3347 3291 3485 3369 ἔρως
3533 3296 3624 3350 καὶ
3676 3295 3851 3369 λύσσῃ

2197 3377 2545 3455 ἧνᾶκριϐήςο
2605 3382 2692 3435 καὶ
2735 3382 2763 3436 ὁ
2815 3383 2909 3454 μέν
2965 3379 3030 3450 δὴ
3090 3383 3154 3437 τὰ
3211 3382 3463 3461 γαμηλια
3519 3385 3849 3458 ηὐτρεπιζεν

2197 3470 2256 3524 ἐκ
2284 3469 2499 3525 πολλοῦ
2533 3472 2618 3525 καὶ
2653 3472 2752 3539 τὴν
2787 3469 2978 3543 ἐορτὴν
3038 3470 3314 3544 ἐκήρυττε,
3361 3475 3489 3534 τοὺς
3536 3475 3627 3528 τὸν
3671 3495 3852 3550 γαμον

2195 3582 2254 3616 τε
2301 3562 2476 3615 αὐτῶν
2537 3557 3029 3635 διακονησομὲιους
3095 3568 3315 3636 συνῆγε,
3393 3563 3481 3616 καὶ
3547 3563 3684 3635 πρὸς
3751 3565 3854 3630 τήν

2197 3649 2455 3723 Ῥιψίμην
2519 3650 2646 3711 τοὺς
2713 3649 2953 3710 κολακας
3013 3649 3243 3723 ἔπεμπε,
3298 3652 3388 3706 καὶ
3452 3651 3652 3726 λόγους
3715 3651 3855 3723 αὖτῇ

2197 3740 2322 3813 περί
2375 3738 2567 3812 γάμων
2618 3746 2890 3815 προσῆγε,
2951 3741 3038 3794 καὶ
3104 3739 3381 3795 ὑπετίθετο
3449 3740 3861 3814 ὲμπαράσκευον

2202 3825 2309 3898 ἤδη
2342 3828 2408 3883 τὰ
2435 3829 2571 3901 πρὸς
2599 3827 2813 3898 αὐτοὺς,
2849 3829 3005 3885 εἶναι.

2203 4083 2215 4098 τ
2271 4011 2377 4066 IH'.
2411 4010 2474 4065 Ἠ
2507 4005 2562 4062 δὲ
2599 4007 2674 4080 (τί
2717 4010 2817 4084 γὰρ
2873 4007 2933 4062 ἄν
2991 4009 3128 4084 πρὸς
3175 4017 3275 4077 τῆς
3325 4011 3638 4085 παρθενείας
3687 4012 3864 4081 αὐτῆς

2199 4096 2448 4168 εννοήσοι
2513 4101 2650 4173 πρὸς
2698 4102 2864 4154 ταῦτα
2900 4096 2928 4167 ἤ
2961 4097 3245 4178 φθίλξαιτο
3293 4101 3327 4168 ἡ
3381 4099 3625 4156 σύνοικον
3678 4101 3858 4157 πάλαι

2198 4188 2297 4253 τὴν
2375 4185 2683 4260 ἐγκράτειαν
2759 4183 2992 4258 ἑλομένη
3072 4188 3354 4260 παρθένος,
3433 4187 3520 4242 καὶ
3597 4188 3857 4261 ὀσπρίοις

2199 4271 2457 4342 ἂποζῶσα
2490 4274 2696 4347 μόνοις,
2721 4275 2810 4328 καὶ
2841 4273 3036 4334 νύκτας
3084 4273 3218 4336 ὁλας
3259 4278 3327 4348 τῇ
3381 4274 3513 4350 φίλῃ
3562 4282 3854 4352 προσευχῇ

2202 4363 2459 4438 σύρουσα,
2490 4362 2580 4416 καὶ
2613 4360 2753 4436 μηδὲ
2786 4362 2995 4437 ἡμέρας
3055 4368 3161 4418 τῶν
3219 4363 3296 4426 εἷς
3347 4364 3412 4420 τὸ
3459 4370 3613 4420 Θεῖον
3670 4364 3856 4438 ὕμνων

2203 4453 2540 4527 ἀφισταμένη
2579 4472 2591 4520 ;
2625 4451 2696 4507 Οὒ
2727 4453 2999 4526 ψεύσομαί
3039 4474 3118 4521 σε,
3165 4453 3365 4531 νυμφίε
3401 4456 3622 4529 Χριστὶ,
3672 4457 3851 4512 εἶπεν·

2205 4541 2303 4598 οὐκ
2358 4542 2604 4617 αἴσχυνῶ
2655 4563 2730 4610 σε,
2791 4542 3049 4616 παρθενία
3107 4541 3264 4621 φίλη,
3334 4543 3396 4598 οὗ
3459 4542 3731 4619 προδώσω
3772 4567 3853 4615 σε,

2207 4638 2380 4706 μῆτερ
2430 4631 2734 4708 ἐγκράτεια.
2795 4631 2893 4686 Καὶ
2942 4629 3080 4700 δῆτα
3129 4631 3261 4705 ὅπερ
3311 4634 3480 4701 αὐτὴν
3525 4634 3613 4688 καὶ
3663 4636 3855 4706 μόνον,

2201 4722 2268 4788 ἦν
2299 4725 2466 4775 σῶσαι
2522 4718 2838 4792 δυνάμενον,
2884 4720 2946 4775 οὐ
2990 4721 3095 4795 γὰρ
3149 4723 3520 4795 προσήκουσιν
3561 4724 3625 4778 οὗ
3666 4723 3857 4800 φίλοις

2203 4809 2264 4864 ού
2294 4810 2578 4884 πατράσιν,
2612 4809 2716 4864 οὐκ
2760 4808 2953 4871 ἄλλοις
3001 4811 3110 4863 τισὶ
3155 4809 3216 4864 oo
3264 4812 3513 4885 παράπαν
3552 4813 3849 4891 ὠχύρωτο.

2206 4905 2617 4973 μεταναστεῦσαι
2697 4898 3010 4975 βουλεύεται
3114 4902 3438 4976 παραυτίκα,
3503 4905 3589 4958 καὶ
3660 4924 3849 4979 mep-

2202 4989 2332 5063 γους
2393 4989 2598 5062 ἀγαθᾶς
2645 4990 2740 5050 τὰς
2807 4986 2982 5051 ἄλλας
3040 4989 3276 5064 εὑρίσκει
3341 4990 3656 5066 παρθένους,
3724 4993 3848 5050 ὅσαι

2201 5077 2419 5146 καὶτῆς
2462 5075 2672 5147 διαίτης
2716 5077 2852 5151 αὐτῇ
2918 5079 3010 5132 καὶ
3075 5081 3174 5145 τῆς
3238 5078 3434 5151 ἀρετῆς
3499 5078 3846 5146 ἐκοινώνουν,

2205 5165 2305 5224 Καὶ
2337 5165 2436 5220 οὐκ
2501 5161 2750 5236 ὤκνησᾶν
2798 5188 2877 5240 γε,
2919 5167 3096 5222 καίτοι
3154 5165 3527 5224 ἐκλελοιπυῖαι
3589 5171 3693 5227 ὑπὸ
3750 5180 3855 5243 τῆς

2203 5254 2422 5323 πολλῆς
2451 5255 2662 5317 ἀσιτίας
2694 5253 2828 5324 ἤδη,
2859 5255 3004 5312 ἀλλᾶ
3037 5257 3512 5329 μεταναστύεουσιν
3542 5259 3618 5322 ὡς
3650 5281 3854 5338 στρου-

2204 5344 2292 5409 θία
2357 5344 2446 5400 ἐπὶ
2513 5348 2613 5414 τὴν
2663 5341 2935 5422 βάρϐαρον
3003 5351 3113 5403 τῶν
3199 5347 3497 5421 ’Δρμενίων
3561 5349 3654 5406 σὺν
3711 5352 3852 5427 αὐτῇ

2202 5437 2411 5510 χώραν.
2512 5436 2794 5510 Παρώρμα
2885 5436 2989 5512 γὰρ
3078 5435 3241 5498 αὐτὰς
3305 5440 3393 5492 καὶ
3459 5440 3494 5507 ἡ
3550 5446 3851 5512 Δεσποτική

2205 5524 2400 5592 ἐντολῆ
2444 5525 2576 5600 πρὸς
2641 5527 2738 5592 τὴν
2815 5526 3150 5596 μετοίκησιν.
3213 5527 3338 5584 Ἐὰν
3396 5527 3657 5597 διώξωσιν
3711 5531 3856 5604 ὑμᾶς

2203 5615 2309 5669 ἀπὸ
2384 5611 2548 5683 τῆσδε
2622 5621 2718 5682 τῆς
2795 5612 3029 5683 πόλεως,
3117 5614 3377 5692 λέγουσι,
3471 5617 3691 5694 φεύγετε
3769 5623 3850 5686 εἰς
