4106 6200
288 307 403 368 965

1292 301 1473 364 VITA
1521 303 1584 363 S.
1633 297 2005 360 GREGORII
2048 299 2687 367 ILLUMINATORIS.

3578 307 3694 373 966

280 465 383 535 τήν
437 462 636 531 ἄλλην.
703 463 981 520 Ἕνθεντοι
1046 459 1135 514 καὶ
1194 459 1513 534 ἀπαίρουσιν
1572 456 1772 522 έκεῖθεν
1834 457 1923 512 σὺν

2043 458 2258 518 fuerint
2287 460 2345 519 in
2388 462 2493 521 hac
2522 463 2774 532 civitate,
2803 463 2981 535 fugite
3013 466 3069 521 in
3100 467 3276 527 aliam
3295 469 3338 528 ⁸.
3362 494 3390 523 ››
3417 476 3696 547 Prompto

285 553 588 631 προθυμίᾳ,
645 552 737 607 καὶ
794 548 847 605 έν
903 549 1132 625 Ἀραρᾶτ
1190 548 1508 623 κατάγονται
1569 546 1753 603 πόλει.
1815 553 1981 618 Δηη

284 643 372 699 vol
417 640 474 697 δέ
528 643 665 711 ἦσαν
722 638 910 701 αὐταῖς
942 640 977 707 ἡ
1016 638 1332 711 καταγωγή.
1399 633 1622 705 Ἐπειδή
1692 632 1748 690 δὲ
1804 656 1936 691 παν-

2045 550 2243 622 itaque
2272 555 2329 608 et
2357 551 2530 608 alacri
2575 552 2769 609 animo
2817 552 2978 609 illinc
3007 556 3475 627 proﬁciscuntur,
3509 565 3566 617 et
3594 579 3692 620 ve-

2044 639 2217 696 niunt
2243 641 2298 696 in
2330 639 2621 698 civitatem
2664 645 2889 697 Ararat.
2921 644 3263 703 Torcularia
3291 654 3487 706 autem
3518 656 3697 709 erant

284 732 514 787 τάπασιν
554 730 798 805 ἠπόρουν
861 730 970 781 τῶν
1037 724 1364 799 ἀναγκαίων,
1445 725 1542 797 μία
1613 745 1696 786 τις
1756 723 1923 778 αὐτῶη

2044 729 2129 785 eis
2161 729 2581 789 habitaculum.
2614 733 2756 789 Cum
2803 736 2997 789 autem
3032 734 3116 790 eis
3150 738 3348 794 omnia
3379 740 3693 797 deficerent

292 820 346 877 ἒν
383 822 503 883 ταῖς
535 820 694 899 χερσὶ
722 822 823 888 τὴν
854 814 1053 873 ἐλπίδα
1082 819 1179 871 τοῦ
1211 815 1333 889 βίου
1384 814 1607 888 θεμένη,
1656 816 1778 889 περὶ
1834 816 1931 884 τὴν

2045 822 2394 889 necessaria,
2427 823 2691 895 quaedam
2722 838 2791 877 ex
2809 823 2909 892 eis,
2943 840 3046 894 spe
3080 828 3324 895 parandi
3356 828 3469 883 sibi
3499 829 3690 886 victus

288 909 685 984 ταλασιουργόν
717 928 776 963 τε
805 907 926 982 εἶχε
954 905 1156 980 τέχνην
1198 905 1289 958 καὶ
1331 904 1419 959 ὑπ’
1468 904 1637 971 αὐτὴν
1690 902 1923 958 ἐπονεῖτε

2044 913 2236 984 posita
2282 914 2339 969 in
2388 912 2679 981 manibus,
2732 914 3108 969 versabantur
3155 925 3209 971 et
3255 916 3599 973 laborabant
3629 919 3687 974 in

289 1001 380 1055 καὶ
432 1000 498 1055 τὸ
562 997 796 1054 ἐντεῦθεν
838 996 976 1069 αὐτῇ
1034 994 1416 1069 ποριζόμενον,
1484 993 1561 1056 είς
1633 990 1923 1070 διατροφήκ

2045 1010 2163 1057 arte
2198 1001 2457 1070 laniﬁcii,
2488 1010 2542 1060 el
2590 1004 2738 1073 quod
2792 1003 2928 1057 hinc
2976 1004 3086 1060 sibi
3135 1006 3436 1077 parabant,
3468 1023 3688 1063 consu-

289 1090 551 1160 ἂνήλισκε
605 1092 712 1143 τῶν
766 1085 1063 1161 παρθένων.
1126 1081 1516 1154 Διοκλητιανὸς
1566 1078 1623 1137 δὲ
1678 1084 1923 1157 πονήρως

2044 1090 2274 1146 mebant
2304 1093 2375 1147 ad
2408 1097 2641 1148 cateras
2690 1092 2931 1148 alendas
2976 1092 3256 1166 virgines.
3292 1094 3689 1153 Diocletianus

283 1200 342 1236 τε
372 1176 481 1249 ἤδη
514 1183 592 1250 τῷ
623 1175 782 1251 ἔρωτι
814 1170 982 1250 ἔχων,
1004 1172 1093 1229 καὶ
1127 1173 1306 1228 οὐκέτι
1335 1171 1453 1234 οἷός
1484 1192 1541 1227 τε
1580 1170 1655 1227 ὢν
1687 1173 1933 1246 ἠρεμεῖν,

289 1265 478 1336 ἐπειδὴ
504 1267 675 1323 πάντα
728 1264 882 1321 λίθον
933 1265 1159 1333 κινήσας
1219 1260 1412 1335 ἔμαθεν
1466 1260 1614 1335 παρὰ
1678 1264 1747 1335 τῇ
1805 1262 1931 1335 Ἀρ-

291 1356 488 1432 μενίων
520 1356 679 1434 χώρᾳ
707 1356 809 1423 τήν
840 1354 1098 1428 Ῥιψίμην
1153 1354 1591 1425 μεταναστεῦσαι,
1639 1352 1713 1413 ὼς
1764 1351 1932 1425 εἶχεν,

287 1446 443 1509 εὐθὺς
491 1446 686 1522 γράφει
738 1448 817 1516 τῷ
855 1449 958 1514 τῆς
1016 1440 1305 1514 Ἀρμενίας
1369 1438 1585 1516 βασιλεῖ
1632 1436 1931 1513 Τηριδατῃ,

2042 1185 2237 1236 autem
2268 1194 2402 1237 cum
2435 1186 2489 1238 et
2520 1198 2709 1237 amore
2740 1182 2864 1253 jam
2899 1181 3163 1254 improbe
3192 1189 3398 1256 captus
3429 1192 3603 1252 esset,
3632 1190 3690 1241 et

2044 1285 2158 1325 non
2220 1276 2416 1342 posset
2464 1270 2719 1342 amplius
2768 1271 3085 1342 quiescere,
3140 1277 3474 1345 postquam,
3525 1275 3687 1331 omni

2045 1363 2200 1415 moto
2230 1359 2444 1431 lapide,
2478 1361 2697 1430 accepit
2728 1360 3011 1431 migrasse
3062 1360 3379 1431 Ripsimem
3412 1362 3470 1418 in
3504 1364 3688 1436 regio-

2042 1466 2176 1506 nem
2207 1450 2631 1519 Armeniorum,
2665 1450 2865 1507 scribit
2912 1450 3107 1507 statim
3154 1453 3227 1507 ad
3262 1468 3452 1524 regem
3482 1457 3686 1512 Arme-

284 1533 430 1591 ἄλλα
459 1554 517 1590 τε
560 1532 695 1590 κατὰ
744 1536 1073 1608 Χριστιανῶν
1136 1529 1236 1586 οὐκ
1300 1529 1480 1605 ὀλίγα,
1541 1528 1633 1585 καὶ
1699 1529 1773 1591 ὼς
1828 1530 1923 1599 τὴν

2042 1539 2149 1595 nite
2186 1540 2531 1608 Teridatem,
2563 1545 2619 1597 et
2651 1541 2763 1597 alia
2808 1556 2923 1597 non
2970 1558 3153 1613 pauca
3182 1544 3460 1600 adversus
3492 1546 3685 1602 Chris-

282 1626 569 1701 ὶρωμένην
647 1622 794 1695 αὐτῷ
870 1621 1134 1696 Ῥιψίμην
1230 1618 1526 1695 πανούργῳ
1600 1619 1691 1673 καὶ
1768 1618 1929 1695 γόητι

2043 1629 2254 1698 tianos,
2286 1634 2343 1685 et
2387 1632 2539 1702 quod
2573 1647 2606 1685 a
2649 1646 2713 1686 se
2757 1630 3035 1686 dilectum
3090 1631 3405 1703 Ripsimem
3439 1635 3597 1691 vafro
3628 1640 3685 1692 et

283 1712 481 1788 ὁμιλίᾳ
541 1709 976 1789 ὑποδραμόντες,
1043 1709 1322 1765 ἀνέπεισαν
1388 1715 1488 1778 τῆς
1556 1710 1673 1783 μετ’
1728 1705 1923 1762 ἐκείνου

2040 1720 2293 1775 venefico
2325 1734 2595 1775 sermone
2638 1720 3015 1791 pellicientes,
3050 1721 3102 1777 ei
3152 1728 3587 1794 persuaserunt,
3620 1729 3685 1782 ut

285 1804 585 1870 συνουσίας,
664 1804 761 1872 τήν
826 1801 917 1859 ἐπὶ
982 1803 1132 1876 ξένης
1197 1800 1413 1865 ἑλέσθαι
1480 1794 1789 1874 διατριϐήν,
1841 1796 1923 1853 καῖ

2041 1806 2241 1863 mallet
2288 1807 2347 1864 in
2417 1816 2655 1864 externa
2718 1808 2908 1865 vivere
2952 1810 3205 1881 regione,
3257 1814 3313 1866 et
3361 1826 3489 1867 eam
3548 1828 3681 1869 cum

280 1892 475 1969 ἄτιμον
510 1894 563 1949 έν
632 1892 768 1966 αὐτῇ
826 1889 1098 1961 πλανῆτιν
1164 1889 1448 1965 περιιέναι.
1516 1884 1762 1947 Εὕκολον
1827 1888 1929 1963 γὰρ

2044 1894 2252 1966 probro
2298 1901 2353 1951 et
2400 1894 2723 1967 ignominia
2770 1900 3064 1952 errantem
3113 1897 3293 1968 obire,
3326 1913 3503 1969 quam
3544 1913 3680 1956 cum

274 1986 413 2059 γυνή
453 1984 591 2059 πρὸς
640 1982 850 2054 ἀπάτην
913 1982 1003 2037 καὶ
1070 1985 1296 2059 κοῦφον·
1356 1984 1474 2035 Δεῖν
1534 1976 1591 2034 δὲ
1646 1977 1811 2047 αὐτὴν
1875 1977 1923 2031 ἐκ

2042 1999 2108 2040 eo
2138 1984 2420 2041 habitare.
2456 1985 2556 2041 Est
2585 1984 2739 2039 enim
2781 1982 3018 2051 femina,
3052 1984 3262 2050 aiebat,
3296 2002 3387 2041 res
3435 1987 3683 2059 deceptu

287 2074 485 2136 παντὸς
533 2074 741 2148 τρόπου
805 2070 859 2127 έν
927 2074 995 2145 τῇ
1066 2070 1370 2145 ’Δρμενίιυν
1434 2067 1748 2143 ἀνευρόντα,
1805 2068 1930 2141 παρ’

282 2164 446 2220 αὐτὸν
482 2162 835 2237 ἀναπέμπειν.
880 2159 943 2218 El
994 2158 1052 2215 δὲ
1094 2159 1184 2215 καὶ
1234 2160 1430 2232 ἑαυτῷ,
1489 2156 1645 2237 φησὶ,
1707 2155 1935 2212 συνοικί-

282 2272 459 2320 ταιτο,
482 2251 573 2307 καὶ
611 2254 772 2307 τοῦτο
802 2249 961 2306 αὐτὸν
994 2249 1267 2326 εὐφρανεῖν
1302 2245 1458 2304 οὐδὲν
1484 2247 1669 2314 ἧττον.

353 2433 453 2490 16'.
486 2433 665 2489 Ταῦτα
703 2426 893 2500 ἐπειδὴ
963 2428 1039 2491 ὡς
1102 2428 1195 2483 τὸν
1260 2424 1567 2500 Τηριδάτην
1627 2426 1693 2481 τὰ
1750 2423 1931 2502 γράμ-

279 2539 427 2596 ματα
473 2522 623 2589 ἧκεν,
680 2518 931 2594 ἀνίχνευε
988 2519 1084 2580 τὰς
1141 2516 1439 2591 παρθένους
1497 2514 1701 2577 ἐκεῖνος
1760 2534 1931 2588 παρα-

2040 2073 2249 2133 facilis.
2284 2074 2545 2146 Rogabat
2573 2077 2794 2141 autem,
2820 2078 2885 2129 ut
2914 2090 3047 2129 cum
3078 2075 3352 2131 omnibus
3383 2076 3574 2133 modis
3602 2077 3683 2149 ip-

2040 2180 2167 2220 sam
2219 2163 2540 2221 invenisset
2586 2163 2645 2219 in
2685 2164 2982 2233 Armenia,
3032 2164 3103 2219 ad
3154 2180 3286 2220 eum
3338 2167 3680 2223 remitteret.

2040 2254 2200 2319 Quod
2232 2252 2280 2310 si
2300 2269 2428 2309 eam
2450 2268 2683 2325 quoque
2704 2251 2813 2307 sibi
2836 2253 3189 2326 conjungere
3213 2252 3429 2322 mallet,
3453 2254 3515 2311 id
3543 2271 3681 2313 eum

2039 2357 2155 2396 non
2190 2340 2401 2396 minori
2430 2340 2640 2412 gaudio
2671 2340 3038 2396 affecturum.

2106 2430 2247 2488 XIX.
2282 2434 2592 2501 Postquam
2642 2430 2732 2486 ba:
2764 2429 2963 2486 litterae
3012 2435 3298 2488 venerunt
3328 2433 3400 2489 ad
3441 2435 3678 2492 Terida-

2036 2525 2179 2585 tem,
2214 2519 2308 2575 ille
2338 2518 2530 2575 statim
2562 2519 2819 2591 virgines
2851 2519 3243 2591 investigabat
3272 2526 3328 2578 et
3377 2524 3677 2580 scrutaba-

280 2616 480 2688 χρῆμα
508 2609 597 2665 καὶ
630 2608 917 2683 ἀνηρεύνα.
953 2608 1040 2669 Ὠς
1074 2603 1129 2661 δὶ
1159 2606 1247 2661 καὶ
1289 2605 1340 2660 έν
1366 2610 1482 2667 τοῖς
1528 2602 1721 2675 ληνοῖς
1761 2604 1923 2665 αὐτας

2036 2618 2149 2665 tur.
2183 2610 2325 2665 Cum
2352 2614 2545 2666 autem
2591 2610 2909 2681 accepisset
2938 2626 3035 2664 eas
3066 2611 3243 2666 latere
3284 2612 3343 2666 in
3378 2613 3678 2668 torculari-

282 2697 608 2773 κρύπτεσθαι
640 2696 973 2769 μεμαθήκοι,
1007 2692 1182 2755 δείσας
1216 2696 1316 2767 μὴ,
1348 2695 1781 2769 προαισθόμεναι
1825 2693 1925 2760 τὴν

278 2782 512 2860 ἔρευναν,
548 2783 747 2839 ἐκεῖθέν
777 2803 836 2839 τε
866 2780 1185 2861 διαφύγοιεν
1225 2781 1313 2836 καὶ
1364 2780 1415 2836 ἐν
1450 2777 1646 2853 ἀδήλῳ
1693 2778 1926 2853 ἀποχω-

282 2876 515 2948 ρήσωσι;
547 2877 757 2950 φρουρᾷ
785 2872 847 2927 τὸ
898 2870 1103 2946 χωρίον
1146 2865 1530 2942 διαλαμϐάνει,
1583 2868 1684 2925 Καὶ
1739 2867 1924 2942 μαθὼν

273 2963 379 3019 ὑπὸ
406 2967 514 3019 τῶν
548 2959 793 3019 ἰδόντων.
817 2962 1105 3035 Ῥιψίμην,
1129 2960 1203 3022 ὡς
1238 2956 1321 3030 εἴη
1347 2960 1571 3034 περιττή
1605 2958 1665 3013 τὸ
1696 2957 1924 3026 κᾶλλος,

276 3052 370 3107 καὶ
420 3050 662 3130 χαρίτων
729 3049 965 3125 ἀφθονίᾳ
1026 3048 1171 3104 πολὺ
1228 3049 1290 3104 τὸ
1356 3046 1639 3123 ἐπαγωγὸν
1698 3044 1922 3122 ἔχουσα,

2037 2700 2167 2766 bus,
2200 2698 2416 2754 timens
2437 2712 2530 2766 ne,
2554 2697 2597 2751 si
2624 2696 3071 2768 prsesensissent
3089 2714 3152 2752 se
3174 2697 3375 2769 quari,
3398 2698 3559 2754 illinc
3580 2717 3677 2755 au-

2036 2788 2318 2861 fugerent,
2350 2790 2407 2843 et
2445 2786 2505 2841 in
2548 2785 2743 2842 locum
2796 2786 3086 2842 incertum
3137 2786 3492 2854 recederent,
3541 2804 3676 2845 eum

2035 2882 2226 2933 locum
2274 2883 2522 2947 occupat
2554 2874 2841 2943 praesidio.
2875 2879 2941 2931 Et
2968 2891 3099 2931 cum
3134 2875 3449 2948 accepisset
3482 2892 3551 2933 ex
3583 2878 3674 2947 iis,

2035 2967 2133 3039 qui
2164 2965 2427 3022 viderant
2457 2964 2800 3037 Ripsimem,
2822 2981 2945 3021 eam
2972 2980 3100 3021 esse
3122 2964 3331 3035 insigni
3358 2964 3677 3036 pulchritu-

2034 3056 2189 3125 dine,
2212 3055 2540 3126 leporisque
2562 3059 2617 3110 et
2637 3054 2839 3127 gratias
2862 3054 3025 3125 copia
3049 3070 3293 3126 magnas
3315 3053 3529 3110 habere
3551 3054 3675 3111 ille-

281 3140 578 3219 ὑπετύφετο
608 3137 719 3211 ἤδη
749 3144 829 3212 τῷ
861 3138 996 3215 πρὸς
1030 3138 1197 3207 αὐτὴν
1258 3135 1442 3211 ἔρωτι,
1482 3137 1573 3191 καὶ
1638 3135 1923 3211 βασιλικὰς

2035 3146 2251 3212 cebras,
2287 3145 2409 3215 jam
2456 3142 2516 3199 in
2551 3143 2678 3213 ejus
2727 3158 2977 3199 amorem
3031 3151 3357 3199 exarserat:
3389 3148 3446 3199 et
3490 3146 3676 3217 regias

274 3231 415 3305 αὐτῇ
448 3229 646 3293 στολὰς
678 3228 834 3294 εὐθὺς
876 3228 966 3284 καὶ
1018 3228 1224 3300 κόσμον
1276 3225 1445 3283 ἄλλον
1497 3226 1783 3299 ἐκπέμπει,
1830 3226 1921 3283 καὶ

2035 3211 2392 3305 protinusad
2414 3247 2541 3286 eam
2562 3211 2772 3298 vestes,
2796 3237 2848 3288 et
2884 3231 3065 3288 alium
3109 3232 3394 3288 mundum
3422 3211 3674 3288 emittit:

269 3317 477 3375 κελεύει
533 3322 632 3388 τήν
682 3320 969 3393 Ῥιψίμην,
1017 3322 1184 3373 ταῦτα
1240 3313 1483 3383 ἔνδῦσαν,
1522 3316 1597 3378 εἰς
1635 3317 1701 3372 τὰ
1758 3316 1913 3392 βασί-

267 3408 389 3465 λεια
419 3410 544 3485 παρ’
575 3409 737 3465 αὐτὸν
771 3406 972 3477 ἐλθεῖν,
1009 3406 1104 3468 τὰς
1136 3404 1192 3463 Si
1219 3407 1417 3467 Αοιπὰς
1461 3407 1565 3461 ὑπὸ
1602 3410 1669 3481 τῇ
1707 3411 1915 3484 φρουρᾷ

264 3504 571 3575 τηρεῖσθαι.
608 3498 820 3569 Ἐκείνη
857 3496 1044 3570 μέντοι
1071 3518 1151 3569 τῳ
1199 3496 1277 3556 εἷς
1326 3497 1555 3571 Χριστὸν
1595 3497 1749 3569 πόθῳ
1798 3493 1919 3551 διαο

265 3588 581 3668 φλεγομένη
634 3589 724 3643 καὶ
774 3584 982 3667 σφόδρα
1042 3590 1318 3662 περικαῶς
1364 3586 1531 3642 αὐτοῦ
1586 3583 1811 3662 ἔχοοσα,
1859 3585 1916 3641 δν

265 3674 336 3745 δὴ
365 3678 456 3731 καὶ
492 3678 654 3750 μόνον
699 3674 821 3751 ᾔδει
868 3676 1125 3754 νομφίον,
1176 3682 1295 3738 ταῖς
1345 3676 1686 3747 παραινέσεσί
1731 3697 1789 3732 τε
1826 3676 1918 3731 καὶ

266 3766 571 3837 ὑποθήκαις
639 3772 873 3835 Γαΐανῆς
929 3765 1050 3834 ἥτις
1109 3765 1437 3840 ἀνεθρέψατό
1505 3785 1568 3839 γε
1623 3765 1791 3835 αὐτὴν
1860 3765 1919 3820 ἐκ

270 3856 529 3934 βρέφους,
560 3855 651 3910 καὶ
688 3854 765 3917 είς
814 3851 937 3911 τόδε
988 3858 1297 3932 προήγαγεν
1340 3854 1585 3924 ἡλικίας,
1636 3854 1723 3909 ἐπὶ
1776 3854 1917 3929 μᾶλ-

268 3943 365 4001 λον
430 3945 783 4021 ὑπερζέουσα,
839 3945 967 4007 τοὺς
1026 3966 1085 4000 τε
1147 3948 1246 3999 τοῦ
1306 3944 1635 4017 μισουμένου
1691 3942 1918 4019 έραστοῦ

267 4035 474 4112 λόγους
504 4035 720 4107 ἐπίσης,
749 4036 838 4090 καὶ
867 4036 933 4090 τὰ
970 4033 1284 4110 πεμφθέντα
1343 4030 1579 4103 διέπτυε,
1624 4034 1715 4089 καὶ
1745 4055 1917 4110 προσο

268 4130 408 4203 ευχῇ
452 4127 588 4200 μετὰ
636 4130 743 4181 τῶν
795 4124 888 4180 σὺν
936 4125 1073 4199 αὐτῇ
1140 4129 1521 4199 προσανεῖχεν.
1568 4126 1656 4182 Ἐν
1705 4122 1817 4197 ὅσῳ
1862 4123 1919 4180 δὲ

261 4215 329 4269 τὰ
356 4222 458 4285 τῆς
489 4214 660 4291 εὐχῆς
693 4212 968 4285 διηνύετο,
998 4214 1089 4269 καὶ
1133 4214 1333 4289 βροντὴ
1382 4212 1582 4289 ἀθροον
1636 4212 1914 4289 ὑπερράγη

261 4304 353 4360 καὶ
384 4305 535 4377 φωνὴ
592 4301 793 4359 ἄνωθεν
838 4306 908 4377 τῇ
965 4304 1164 4378 βροντῇ
1212 4302 1509 4377 ἀπηχεῖτυ,
1558 4299 1917 4378 ’Δνδρίζεσθε,

263 4391 531 4470 λέγουσα,
564 4392 654 4447 καὶ
686 4396 951 4467 θυροεῖτε,
994 4392 1111 4466 μεθ’
1162 4391 1313 4464 ὑμῶν
1350 4391 1453 4466 γὰρ
1499 4391 1633 4465 είμι·
1683 4392 1774 4447 καὶ
1819 4413 1921 4469 φυ-

261 4479 609 4559 λαχθήσεῦθέ
642 4499 740 4553 μοι
768 4479 1033 4558 ἀνέπαφοι
1067 4485 1186 4541 ταῖς
1212 4483 1311 4533 τοῦ
1357 4479 1559 4555 ἐχθροῦ
1614 4479 1917 4556 έπηρείαις,

2031 3328 2087 3378 et
2109 3322 2278 3393 jubet
2308 3320 2629 3391 Ripsimem
2663 3319 2755 3375 bis
2787 3320 3052 3376 indutam
3078 3321 3149 3376 ad
3181 3336 3244 3376 se
3273 3320 3470 3378 venire
3505 3322 3561 3377 in
3589 3338 3676 3377 re-

2030 3412 2207 3481 giam,
2241 3409 2494 3482 reliquas
2527 3414 2720 3463 autem
2772 3409 2959 3465 teneri
3008 3409 3290 3466 custodia.
3328 3408 3430 3466 Illa
3478 3414 3675 3467 autem

2027 3499 2241 3556 Christi
2293 3499 2522 3554 incensa
2579 3496 2891 3566 desiderio,
2941 3503 2998 3553 et
3043 3500 3170 3569 ejus
3217 3513 3415 3554 amore
3467 3499 3678 3556 ardens

2030 3604 2195 3663 quem
2224 3588 2399 3645 etiam
2443 3585 2631 3643 solum
2666 3591 2905 3643 noverat
2933 3603 3233 3657 sponsum,
3266 3586 3677 3644 suasionibus-

2032 3695 2144 3752 que
2185 3682 2243 3733 et
2288 3676 2526 3732 monitis
2557 3675 2810 3742 Gaiana,
2841 3692 2971 3747 quas
3020 3681 3075 3732 et
3116 3678 3305 3746 ipsam
3351 3677 3574 3733 aluerat
3603 3678 3675 3733 ab

2028 3768 2295 3835 infantia,
2329 3771 2386 3823 et
2412 3768 2482 3822 ad
2518 3782 2643 3821 eam
2695 3766 3037 3837 perdu:;erat
3066 3770 3315 3832 aetatem,
3347 3766 3535 3838 magis
3566 3768 3675 3822 fer-

2027 3874 2186 3928 vens,
2218 3872 2381 3929 eque
2410 3859 2469 3911 et
2506 3856 2681 3911 verba
2710 3856 2860 3927 ejus,
2894 3855 2991 3927 qui
3027 3860 3150 3911 erat
3179 3856 3228 3911 ei
3264 3855 3419 3925 odio,
3452 3860 3676 3911 amato-

2030 3948 2131 4016 ris,
2166 3950 2222 4003 et
2252 3962 2380 4019 qua
2412 3946 2589 4003 missa
2620 3946 2851 4001 fuerant
2871 3944 3222 4001 abhorrebat
3251 3949 3310 4001 et
3339 3944 3673 4015 respuebat,

2030 4042 2087 4093 et
2114 4052 2249 4092 cum
2282 4036 2375 4103 iis,
2407 4052 2533 4108 qua
2566 4050 2760 4090 secum
2794 4036 2981 4104 erant,
3014 4035 3251 4090 vacabat
3281 4032 3552 4090 orationi.
3586 4035 3678 4090 In-

2030 4126 2201 4183 terim
2234 4130 2429 4181 autem
2460 4126 2601 4180 dum
2655 4123 3044 4196 peragebatur
3091 4123 3296 4189 oratio,
3331 4121 3553 4178 tonitru
3589 4138 3676 4179 re-

2030 4218 2202 4289 pente
2250 4214 2464 4287 erupit,
2502 4217 2562 4270 et
2608 4229 2715 4269 vox
2760 4213 3009 4284 desuper
3056 4228 3088 4268 e
3127 4210 3348 4267 tonitru
3394 4210 3673 4279 resonuit,

2030 4302 2228 4361 dicens
2259 4318 2273 4358 :
2310 4302 2497 4359 Estote
2530 4302 2664 4358 forti
2695 4300 2914 4365 animo,
2942 4305 3001 4356 et
3026 4298 3319 4357 confidite.
3343 4301 3486 4357 Sum
3519 4300 3676 4357 enim

2028 4392 2331 4449 vobiscum
2365 4409 2380 4450 :
2412 4396 2471 4448 et
2500 4389 2988 4448 conservabimini
3032 4388 3177 4445 mihi
3209 4389 3440 4446 intacta
3488 4389 3562 4445 ab
3592 4390 3677 4445 in-

2030 4483 2284 4540 sultibus
2315 4480 2557 4547 inimici,
2589 4489 2641 4537 et
2672 4479 3082 4551 ingrediemtni
3116 4494 3350 4535 mecum
3386 4479 3443 4534 in
3476 4494 3675 4535 meum

259 4571 349 4624 καὶ
375 4566 738 4625 εἰσελεύσεσθε
772 4572 889 4643 μετ’
919 4568 1056 4643 ἐμοῦ
1090 4567 1166 4633 εἷς
1195 4569 1285 4624 τὸν
1314 4573 1573 4642 νυμφῶνα
1620 4570 1711 4625 τὸν
1758 4569 1918 4644 ἐμὸν,

2035 4571 2383 4637 thalamum,
2414 4575 2472 4625 et
2518 4567 2818 4641 accipietis
2867 4583 3115 4638 regnum
3166 4566 3333 4624 vobis
3381 4576 3673 4639 paratum.

262 4657 353 4713 καὶ
405 4659 503 4727 τήν
552 4658 965 4732 ἡτοιμασμένην
1024 4657 1149 4731 ὑμῖν
1210 4655 1561 4731 ἀπολήψεσθε
1618 4654 1917 4733 βασιλείαν,

262 4749 444 4805 Ταῦτα
482 4747 517 4817 ἢ
549 4767 607 4803 τε
639 4749 795 4825 φωνή
829 4742 1007 4825 ἔλεγε,
1048 4747 1138 4802 καὶ
1169 4749 1204 4816 ἡ
1242 4747 1441 4823 βροντή
1490 4742 1719 4824 φοϐερὸν
1774 4746 1920 4804 ἐκτύ-

265 4856 378 4904 πει,
410 4839 499 4891 καὶ
532 4835 622 4892 ἐπὶ
653 4835 797 4892 πολὺ
823 4837 992 4911 ταύτῃ
1027 4837 1503 4910 συμπαρετείνετο,
1534 4837 1623 4892 καὶ
1669 4835 1918 4902 πολλοὺς

269 4926 365 4999 μὶν
390 4924 449 4981 ἐκ
468 4931 563 4981 τοῦ
593 4924 868 5004 αἰφνιδίου
890 4927 958 4982 τᾶί
974 4927 1115 5000 ἀκοῇ
1147 4932 1537 5002 προσραγεῖσα,
1571 4928 1647 4990 εἰς
1670 4934 1773 5005 γῆν
1794 4949 1919 4983 κατ-

266 5009 451 5085 έλαϐε,
484 5016 576 5071 καί
603 5016 666 5070 τὸ
698 5014 1015 5095 φθέγγεσθαι
1044 5015 1221 5071 αὐτῶν
1262 5014 1537 5093 ἀφείλετο,
1580 5015 1828 5080 πολλοὺς
1861 5014 1918 5072 δὲ

262 5106 448 5168 ἱππεῖς
476 5107 566 5161 καὶ
601 5104 774 5160 αὐτῶν
808 5099 1047 5160 ἀπέϐαλε
1083 5109 1189 5160 τῶν
1218 5103 1425 5174 ἳππων,
1471 5106 1560 5161 καὶ
1602 5102 1917 5181 περιϐάντες

262 5192 461 5255 αὐτοὺς
491 5196 584 5249 καὶ
636 5197 1086 5268 συμπατήσαντες
1126 5193 1182 5250 οῗ
1228 5195 1413 5265 ἵπποι,
1461 5195 1777 5252 ἀπέκτειναν
1826 5197 1917 5252 καὶ

258 5280 407 5346 ὅλως
459 5279 758 5357 έθορύόησε
814 5284 942 5347 τοὺς
1001 5284 1270 5361 παρόντας
1327 5286 1417 5339 καὶ
1467 5285 1541 5347 εἷς
1601 5286 1916 5362 ἀμηχανίαν

258 5366 535 5429 ἒνέόαλεν.
595 5374 662 5430 Ol
723 5372 907 5444 μέντοι
959 5376 1097 5449 πρὸς
1145 5379 1241 5430 τοῦ
1288 5374 1557 5451 βασιλέως
1606 5373 1915 5446 Τηριδάτου

259 5460 544 5524 σταλέντες
620 5461 702 5539 ἆφ’
775 5464 822 5535 ᾦ
898 5464 996 5533 τὴν
1071 5462 1331 5539 Ῥιψίμην
1431 5463 1911 5540 μιτακαλᾶσονται,

337 5646 358 5682 ι
390 5646 587 5706 Matth.
624 5662 679 5720 κ,
711 5649 799 5706 23.

2032 4665 2163 4717 Haec
2191 4664 2248 4717 et
2278 4675 2388 4718 vox
2423 4659 2667 4725 dicebat,
2698 4662 2755 4714 et
2786 4657 3002 4714 tonitru
3046 4656 3354 4714 resonabat
3384 4655 3675 4713 horribili-

2029 4758 2132 4821 ter,
2163 4754 2221 4807 et
2253 4766 2369 4806 una
2397 4765 2533 4806 cum
2560 4764 2628 4806 ea
2664 4747 2764 4805 diu
2798 4747 2966 4805 affuit
2997 4762 3012 4804 :
3039 4751 3097 4804 et
3145 4746 3362 4803 multos
3411 4745 3672 4818 quidem,

2028 4856 2161 4896 cum
2196 4842 2431 4910 repente
2461 4838 2752 4911 erupisset
2799 4838 2868 4893 ad
2910 4851 3099 4905 aures,
3153 4835 3317 4893 humi
3367 4834 3595 4905 dejecit,
3623 4840 3677 4890 et

2027 4943 2347 4986 sermonem
2379 4928 2463 4984 eis
2491 4925 2729 4983 abstulit
2761 4943 2773 4980 :
2807 4925 2948 4998 quin
2980 4924 3157 4981 etiam
3199 4922 3416 4981 multos
3446 4923 3673 4995 equites

2026 5018 2199 5090 ejecit
2248 5033 2314 5074 ex
2361 5016 2509 5090 ipsis
2556 5014 2745 5087 equis,
2803 5030 2949 5087 quos
2991 5013 3150 5086 equi,
3207 5010 3561 5069 insultantes
3617 5015 3675 5068 et

2026 5106 2447 5174 conoultantes,
2470 5105 2804 5161 occiderunt
2830 5121 2847 5157 :
2892 5106 2949 5159 et
2978 5103 3051 5159 ad
3106 5117 3405 5159 summum
3432 5104 3671 5157 contur-

2028 5196 2179 5255 bavit
2226 5194 2459 5269 penitus
2518 5210 2619 5251 eos
2682 5192 2782 5265 qui
2831 5192 3096 5263 aderant,
3148 5206 3366 5263 eosque
3412 5190 3671 5246 reddidit

2028 5287 2205 5343 animi
2236 5286 2444 5343 dubios
2470 5287 2525 5342 et
2556 5282 2876 5356 perplexas.
2906 5281 3014 5346 Qui
3036 5285 3231 5337 autem
3256 5278 3418 5336 missi
3441 5279 3672 5337 fuerant

2026 5394 2060 5434 a
2090 5393 2218 5448 rege
2264 5374 2555 5445 Teridate,
2584 5377 2651 5429 ut
2697 5374 3055 5429 accerserent
3083 5369 3425 5442 Ripsimsm,
3472 5369 3667 5426 animo

2025 5464 2345 5535 conterriti,
2378 5465 2745 5521 revertuntur
2775 5461 2846 5519 ad
2878 5475 3072 5534 regem
3115 5460 3389 5518 deorsum
3418 5459 3665 5519 intuen-
