4106 6200
429 269 544 328 967
1716 262 2003 327 MENSIS
2048 269 2296 331 SEPTE
2309 271 2357 329 Nl
2365 271 2537 332 BER.
3707 272 3834 331 968

428 430 539 496 tes,
570 429 625 483 et
657 423 709 482 ei
749 424 1085 483 renuntiant
1113 439 1178 481 ea
1223 441 1352 497 quis
1392 423 1540 482 facta
1558 425 1807 495 fuerant,
1837 433 1890 482 et
1912 428 2068 500 quod

2191 424 2360 507 φόϐου
2425 429 2521 493 τὰς
2589 429 2769 507 ψυχὰς
2838 429 3299 505 ὑποπλησθέντες,
3376 432 3620 490 ἐπανίασι
3685 434 3841 491 κάτω

428 532 534 572 nec
580 516 867 587 acciperet
896 515 1161 587 Ripsime
1203 532 1271 571 ea
1317 531 1448 587 qua
1478 516 1661 572 missa
1693 517 1935 585 fuerant,
1966 534 2071 575 nec

2191 520 2419 582 νεύοντες
2450 521 2586 595 πρὸς
2634 521 2727 577 τὸν
2783 520 3033 597 βασιλέα,
3080 523 3169 578 καὶ
3217 522 3366 596 αὐτῷ
3414 521 3843 598 ἀπαγγέλλουσι

429 607 667 664 omnino
721 607 792 663 ad
823 610 959 661 'eum
1010 604 1207 661 venire
1237 604 1295 660 in
1325 606 1589 661 animum
1624 606 1940 663 induceret.
1974 607 2074 663 ille

2191 611 2241 663 τὰ
2276 608 2628 685 γεγενημένα,
2687 610 2777 665 καὶ
2828 611 2903 672 ὡς
2949 609 3073 667 οὕτε
3122 609 3347 692 δέχοιτο
3396 615 3430 682 ἡ
3481 614 3713 688 Ῥιψίμη
3773 615 3847 669 τὰ

428 702 623 752 autem
654 696 819 751 valde
849 695 1141 761 efferatus,
1174 698 1230 749 et
1260 693 1407 750 nihil
1433 695 1697 767 cogitans
1722 711 1923 752 eorum
1948 712 2071 768 quas

2191 698 2504 777 πεμφθέντα,
2538 699 2648 755 οὔθ’
2683 698 2832 763 ὅλως
2870 702 3263 778 παραγενέσθαι
3297 703 3615 778 ἀνάσχοιτο.
3666 703 3729 760 Ὀ
3762 699 3843 768 δὲ,

426 784 993 856 renuntiabantiillis
1029 783 1291 840 evenisse
1314 785 1626 856 (quomodo
1657 786 1813 841 enim
1836 785 1894 840 id
1916 787 2070 842 face-

2191 788 2437 864 (αλεπῶς
2491 789 2744 865 ἀγριάνας
2800 791 2889 845 καὶ
2942 787 3111 862 μηδὲν
3167 793 3305 865 μήτε
3361 790 3435 847 ὧν
3494 789 3844 867 ἀπήγγειλαν

426 880 510 933 ret
539 875 737 931 anima
765 890 960 931 amore
1006 873 1165 930 ebria
1192 874 1261 942 '?),
1313 890 1499 945 neque
1529 876 1813 931 reveritus
1868 876 2077 946 probro

2191 876 2323 948 ιύτῷ
2364 872 2665 950 συμϐαλών
2711 884 2853 947 (πῶς
2902 879 3009 954 γὰρ
3064 874 3229 952 ἔρωτι
3285 880 3556 951 μεθύουσα
3610 882 3844 954 ψυχή);

428 965 656 1021 afficere
708 963 987 1036 virginem
1020 980 1034 1020 :
1084 963 1193 1018 Sed
1238 978 1359 1030 vos,
1393 962 1608 1034 inquit,
1640 979 1769 1019 eam
1816 963 1903 1020 vel
1935 964 2079 1020 invi-

2191 968 2310 1036 τότ’
2343 966 2600 1045 αἰσχῦναι
2650 968 2749 1036 τήν
2796 967 3057 1040 παρθένον
3108 964 3421 1039 εὐλαϐηθείο
3466 968 3626 1024 Ἀλλ’
3676 968 3846 1041 ὑμεῖς

426 1058 545 1109 tam
570 1054 860 1110 adducite.
884 1053 974 1109 Illi
997 1068 1135 1124 ergo
1158 1067 1286 1108 cum
1310 1068 1488 1125 quam
1524 1051 1808 1109 citissime
1826 1069 2075 1111 concur-

2191 1054 2404 1132 ὶγάγετε
2458 1054 2658 1126 ταύτην
2716 1056 2804 1111 καὶ
2853 1057 3103 1124 ἄκουσαν,
3172 1056 3297 1133 ἔφη.
3339 1057 3502 1115 Οὗτοι
3565 1062 3697 1132 γοῦν
3740 1058 3848 1126 τήν

427 1144 643 1200 rissent
673 1143 743 1199 ad
776 1142 1117 1215 Ripsimem,
1142 1146 1200 1197 et
1229 1157 1358 1197 eam
1389 1140 1538 1197 alios
1570 1140 1805 1198 aliunde
1827 1142 2076 1214 prehen-

2191 1145 2443 1219 ταχίστην
2473 1145 2558 1200 ἐπὶ
2609 1146 2709 1215 τήν
2754 1145 3018 1220 Ῥιψίμην
3068 1144 3474 1220 συῤῥεύσαντες,
3520 1146 3611 1200 καὶ
3663 1143 3845 1206 ἀλλος

428 1232 673 1301 dissent,
707 1238 764 1288 et
792 1248 1008 1304 magna
1035 1233 1089 1286 vi
1133 1230 1311 1286 simul
1344 1233 1740 1297 attraxissent,
1772 1232 1845 1287 ad
1877 1247 2073 1304 regem

2191 1236 2413 1300 Ξίλλοθεν
2447 1232 2747 1309 λαϐόμενοι
2773 1236 2978 1307 ταύτης
3005 1237 3092 1291 καὶ
3132 1236 3224 1312 βίᾳ
3272 1235 3462 1309 πολλῇ
3514 1256 3846 1291 συνεπισπα-

432 1320 749 1378 adducunt.
782 1320 889 1376 Illa
919 1327 1136 1385 autem,
1169 1318 1400 1375 etiamsi
1446 1318 1527 1375 sic
1557 1322 1747 1392 capta,
1779 1326 1832 1375 et
1863 1321 1933 1375 ad
1969 1320 2076 1376 hoc

2191 1326 2401 1399 τάμενοι
2449 1330 2528 1398 τῷ
2592 1324 2810 1400 βασιλεῖ
2866 1330 3233 1398 παριστῶσιν.
3290 1326 3354 1381 Ἥ
3400 1322 3458 1380 δὲ
3512 1323 3602 1379 καί
3662 1325 3847 1386 οὕτως

428 1410 647 1467 malum
679 1414 835 1467 esset
876 1411 1130 1477 redacta,
1165 1424 1374 1479 magno
1425 1412 1483 1464 et
1533 1409 1666 1464 forti
1711 1409 1898 1465 animo
1932 1409 2074 1465 illud

2191 1415 2593 1492 Ξιπολειφθεῖσα,
2635 1415 2726 1469 καὶ
2795 1414 2871 1476 είς
2938 1418 3100 1470 τοῦτο
3152 1417 3323 1469 κακοῦ
3377 1418 3696 1490 περιστᾶσα,
3742 1413 3844 1468 ἂν·

427 1501 717 1558 cansbat:
762 1521 791 1550 ιι
841 1498 1009 1569 Eripe
1050 1515 1083 1553 a
1128 1496 1489 1569 rhomphma,
1538 1498 1763 1563 dicens,
1815 1499 2075 1555 animam

2191 1503 2463 1581 Βρειότατα
2494 1500 2541 1558 δ’
2588 1503 2680 1557 οὖν
2743 1501 2899 1575 ὅμως
2956 1501 3132 1558 έκεῖνο
3190 1500 3385 1576 ὑπῇδε,
3435 1525 3465 1554 ‹‹
3494 1502 3678 1560 Ῥῦσαι
3729 1502 3844 1557 ἀπὸ

430 1604 645 1654 meam,
677 1593 732 1644 et
763 1604 797 1643 a
826 1604 997 1643 manu
1030 1586 1195 1643 canis
1235 1587 1596 1658 unigenitam
1630 1602 1818 1644 meam
1843 1588 1865 1623 ⁸
1913 1605 1925 1642 :
1962 1610 1990 1637 ››
2022 1591 2079 1644 et

427 1679 731 1737 invocabat
762 1694 973 1735 nomen
1005 1677 1207 1749 sponsi
1239 1676 1669 1735 desiderabilis.

499 1865 622 1923 XX.
657 1865 972 1936 Postquam
1004 1868 1197 1921 autem
1233 1865 1339 1921 fuit
1360 1864 1420 1920 in
1452 1863 1579 1936 ipso
1602 1865 1871 1922 cubiculo
1893 1867 2072 1939 regio,

429 1955 630 2015 oculos
677 1957 747 2012 ad
796 1954 1092 2010 Christum
1137 1970 1271 2009 cum
1302 1963 1493 2010 mente
1524 1954 1817 2022 attollens,
1852 1971 2077 2012 revoca-

428 2047 532 2103 bat
561 2046 619 2100 in
669 2044 1015 2101 memoriam
1059 2043 1369 2113 mirabilia,
1402 2061 1530 2115 quas
1565 2046 1714 2101 facta
1759 2046 1987 2103 fuerant
2015 2048 2073 2102 in

428 2138 628 2193 Rubro
660 2136 805 2192 mari
846 2138 903 2191 et
932 2133 1243 2191 solitudine
1278 2150 1292 2190 :
1326 2140 1385 2191 et
1412 2137 1612 2191 Jonam
1658 2137 1984 2193 adducebat
2013 2138 2071 2194 in

431 2226 691 2281 medium
737 2240 866 2279 cum
919 2222 1221 2294 naufragio
1269 2224 1622 2292 admirabili,
1664 2230 1739 2295 et,
1791 2243 1918 2299 qua:
1968 2227 2075 2284 fuit

434 2319 643 2385 printer
689 2313 1049 2383 Opinionem,
1091 2313 1220 2384 ejus
1270 2314 1330 2369 in
1377 2316 1556 2371 vitam
1604 2316 2070 2374 revocationem:

431 2403 691 2461 Danislis
720 2408 779 2459 et
806 2402 981 2459 trium
1015 2403 1358 2459 meminerat
1404 2420 1719 2476 puerorum
1762 2411 1819 2461 et
1862 2423 2072 2476 quem-

432 2493 750 2551 admodum
783 2492 869 2549 illi
898 2497 1178 2564 tanquam
1204 2494 1263 2550 in
1286 2493 1467 2550 herba
1490 2495 1718 2552 roscida
1745 2495 1804 2551 in
1839 2497 2075 2554 ﬂamma

426 2583 804 2640 incedebant:
830 2582 1039 2639 deinde
1069 2582 1245 2639 etiam
1268 2586 1546 2639 Susanna:
1584 2585 1871 2642 referebat
1892 2587 2074 2644 factas

425 2670 690 2739 insidias,
722 2678 776 2727 et
806 2671 1271 2743 redemptionem
1307 2687 1319 2726 :
1354 2675 1411 2727 et
1440 2670 1552 2728 sibi
1584 2672 1838 2730 similem
1872 2675 2077 2731 adesse

426 2764 757 2833 adjutorem
801 2761 1031 2832 petebat
1078 2760 1137 2816 in
1187 2777 1326 2817 casu
1372 2761 1572 2817 simili.
1610 2764 1845 2819 [nterim
1876 2769 2074 2820 autem

427 2852 487 2909 in
520 2850 859 2908 cubiculum
893 2850 1219 2922 ingressum
1251 2850 1571 2906 Teridatem
1596 2851 1820 2908 invadit
1848 2854 2078 2922 gravior

429 2943 653 2997 daemon
703 2939 1184 3011 intemperantiae,
1218 2943 1598 3010 amenterque
1629 2944 1686 2995 et
1726 2940 1928 2997 insane
1960 2958 2072 3011 prie

427 3046 625 3086 amore
655 3026 1033 3093 exclamabat,
1068 3032 1126 3082 et
1155 3028 1412 3093 ardebat,
1448 3036 1498 3083 et
1532 3026 1905 3100 eliquabatur
1929 3047 1943 3084 :
1968 3028 2078 3086 illi-

428 3119 728 3188 ciebatque
745 3114 1087 3187 Ripsimem.
1103 3122 1156 3170 et
1179 3115 1231 3170 ei
1257 3115 1686 3185 blandiebatur,
1703 3122 1759 3173 et
1775 3119 2077 3177 vaferrime

427 3205 699 3265 omnibus
731 3203 919 3260 modis
967 3220 1094 3260 eam
1137 3204 1601 3275 aggrediebatur.
1649 3206 1752 3262 illa
1794 3212 1987 3265 autem
2020 3214 2078 3265 et

431 3297 796 3353 accedentem
846 3292 1249 3359 aversabatur,
1300 3297 1356 3349 et
1416 3294 1555 3350 dum
1610 3311 1739 3351 eam
1796 3301 2081 3370 tangeret,

433 3398 584 3455 egre
614 3380 849 3447 ferebat,
882 3388 935 3437 el
967 3379 1179 3437 collum
1211 3380 1639 3450 extendentem,
1673 3388 1739 3439 ut
1768 3384 2084 3457 impudicis

441 3470 809 3528 oscularetur
837 3469 1035 3535 labris,
1063 3486 1177 3526 non
1200 3471 1551 3541 sustinebat,
1579 3476 1644 3529 ut
1666 3473 1905 3530 decebat
1933 3480 2085 3532 recte

441 3560 767 3617 institutam
817 3558 1149 3631 virginem:
1204 3559 1443 3633 ejusque
1490 3560 1688 3618 vultus
1737 3564 2087 3637 implebatur

447 3651 688 3724 pudore,
729 3656 783 3704 et
829 3648 1049 3705 acerbis
1096 3648 1287 3705 verbis
1338 3650 1739 3708 insectabatur
1788 3652 2082 3711 hominem

428 3738 822 3813 impudicum,
847 3742 907 3793 et
926 3754 1211 3810 sponsum
1234 3739 1479 3796 vocabat
1500 3740 1822 3809 Christum,
1845 3747 1902 3799 et
1925 3742 2085 3801 illius

436 3826 766 3886 ferventiori
791 3842 983 3883 amore
1004 3826 1460 3885 incendebatur:
1492 3834 1545 3885 et
1579 3834 1643 3886 ut
1663 3832 1867 3903 paucis
1899 3833 2085 3890 absol.

434 3934 589 3985 vam,
624 3915 920 3988 superavit
942 3930 1097 3984 eum,
1122 3916 1223 3988 qui
1253 3920 1416 3972 tanta
1436 3921 1559 3973 erat
1583 3919 2005 3991 magnitudine,
2030 3927 2083 3978 et

435 4006 621 4064 tantis
650 4004 895 4069 viribus,
926 4008 984 4060 ct
1028 4020 1230 4075 puram
1280 4022 1496 4076 sponso
1542 4008 1776 4064 Christo
1827 4011 2084 4080 corporis

436 4093 930 4168 pulchritudinem
963 4097 1021 4149 et
1051 4093 1254 4148 anime
1307 4097 1668 4153 conservavit
1697 4098 2079 4155 nobilitatem.

437 4184 532 4242 Sic
558 4182 703 4238 nihil
725 4187 812 4238 est
838 4198 996 4255 asque
1018 4182 1484 4255 inexpugnabile,
1507 4189 1682 4259 atque
1705 4188 1763 4242 in
1788 4187 2079 4246 Christum

437 4270 841 4330 benevolentia
861 4276 920 4328 et
950 4288 1084 4343 spes
1110 4289 1124 4327 :
1151 4272 1364 4345 quibus
1385 4273 1433 4329 si
1460 4278 1513 4331 te
1534 4274 1718 4331 solum
1744 4280 2079 4349 armaveris,

439 4377 553 4418 non
586 4360 865 4416 accedent
891 4362 963 4416 ad
995 4365 1051 4417 te
1080 4360 1256 4429 mala,
1293 4377 1481 4435 neque
1515 4363 1835 4437 ﬂagellum,
1868 4383 2077 4440 appro-

440 4449 753 4525 pinquabit
783 4450 1159 4506 tabernaculo
1189 4456 1289 4507 tuo
1317 4450 1359 4506 ⁸.
1394 4473 1422 4501 ››

2182 1592 2477 1672 ῥομφαίας,
2511 1589 2744 1667 λέγουσα
2773 1592 2874 1659 τήν
2906 1593 3093 1670 ψυχήν
3130 1610 3259 1663 μου,
3288 1591 3380 1645 καὶ
3412 1588 3474 1646 ἑκ
3504 1590 3694 1666 χειρός
3745 1612 3846 1645 κυ-

2180 1684 2269 1746 νὸς
2297 1686 2398 1754 τήν
2435 1688 2702 1759 μονογενῆ
2742 1703 2873 1755 μου,
2908 1704 2935 1733 ››
2984 1682 3075 1736 καὶ
3120 1682 3181 1736 τὸ
3220 1678 3397 1755 ὄνομα
3442 1685 3539 1737 τοῦ
3586 1683 3847 1737 ποθεινοῦ

2188 1772 2427 1851 νυμφίου
2456 1766 2739 1828 ἐπεϐοᾶτο.

2262 1865 2341 1921 Κ’.
2376 1859 2599 1931 Ἐπειδή
2633 1860 2690 1917 δὲ
2736 1862 2827 1917 καὶ
2875 1861 3040 1917 αὐτοῦ
3088 1858 3236 1917 ἔνδον
3284 1858 3495 1937 ἐγένετο
3534 1864 3628 1915 τοῦ
3682 1862 3848 1936 βασι-

2186 1952 2339 2009 λείου
2388 1957 2675 2022 κοιτῶνος,
2732 1951 2861 2015 τοὺς
2917 1949 3237 2029 ὀφθαλμοὺς
3284 1953 3506 2026 Χριστῷ
3557 1950 3692 2023 μετὰ
3729 1956 3845 2006 τῶν

2185 2047 2392 2121 φρενῶν
2456 2040 2791 2117 ἂνασχοῦσα,
2858 2044 2970 2095 τῶν
3036 2041 3172 2095 κατά
3235 2041 3338 2109 τήν
3404 2037 3610 2115 ἔρημον
3676 2039 3845 2095 αὑτὸν

2184 2132 2551 2207 ἀνεμίμνησκε
2610 2131 2945 2202 θαυμασίων,
3001 2132 3093 2185 καὶ
3150 2130 3240 2185 τὸν
3302 2129 3488 2186 Ἰωνᾶν
3539 2129 3615 2191 εἷς
3673 2128 3843 2199 μέσον

2182 2226 2468 2300 παρήγαγε
2528 2223 2663 2295 μετά
2715 2226 2812 2277 τοῦ
2871 2222 3187 2295 θαυμαστοῦ
3258 2221 3514 2295 ναυαγίου
3577 2219 3669 2275 καὶ
3733 2226 3841 2289 τῆς

2182 2310 2492 2388 παραδόξου
2562 2305 2929 2373 ἀναϐιώσεως⁶
3001 2314 3097 2365 τοῦ
3166 2308 3371 2380 Δανιήλ
3447 2329 3506 2365 τε
3570 2310 3661 2363 καὶ
3727 2313 3840 2365 τῶν

2181 2406 2346 2477 τριῶν
2379 2400 2659 2475 ἐμέμνητο
2692 2397 2925 2467 παίδων,
2976 2400 3067 2454 καὶ
3117 2400 3266 2461 ὅπως
3317 2399 3393 2460 ὼς
3438 2396 3524 2454 ἐπὶ
3576 2395 3845 2472 ὂροσερᾶς

2183 2489 2319 2554 πόας
2352 2490 2544 2547 ἐκεῖνοι
2594 2496 2692 2559 τῆς
2738 2489 2947 2569 φλογὸς
2996 2483 3236 2554 ἔϐαινον,
3288 2489 3401 2544 εἶτα
3448 2488 3539 2543 καὶ
3576 2495 3680 2558 τῆς
3720 2494 3847 2543 Σω-

2185 2584 2382 2653 σάννης
2415 2579 2614 2655 διεξῄει
2644 2581 2744 2649 τήν
2786 2575 3086 2649 ἐπιϐουλὴν
3142 2579 3234 2634 καὶ
3280 2579 3382 2647 τὴν
3431 2577 3845 2653 ἀπολύτρωσιν,

2186 2672 2277 2728 καὶ
2310 2673 2505 2744 ὅμοιον
2538 2671 2679 2744 αύτῇ
2710 2675 3052 2741 παραστῆναι
3096 2668 3298 2744 βοηθόν
3344 2666 3397 2723 έν
3448 2669 3671 2740 ὁμοίαις
3717 2666 3843 2742 ᾗτει

2182 2768 2303 2824 ταῖς
2333 2759 2697 2834 περιστάσεσι.
2762 2756 2865 2816 Καὶ
2927 2756 3122 2831 μεταξὺ
3175 2754 3567 2827 εἶσπηδήσαντι
3626 2756 3706 2817 είς
3756 2757 3852 2811 τὸν

2185 2855 2423 2906 κοιτῶνα
2463 2854 2543 2921 τῷ
2600 2845 2907 2923 Τηριδάτῃ,
2974 2846 3268 2922 βαρύτερος
3316 2847 3343 2901 ὁ
3381 2848 3484 2916 τῆς
3540 2844 3847 2907 ἀκολασίας

2187 2938 2447 3013 ἒμπίπτει
2488 2936 2726 3011 δαίμων,
2786 2936 2877 2991 καὶ
2943 2935 3258 3013 παράφορον
3322 2936 3427 2991 ὑπὸ
3486 2939 3583 2990 τοῦ
3634 2930 3847 3008 ἔρωτος

2185 3028 2276 3082 καὶ
2317 3028 2553 3101 ἐμμανὲς
2605 3020 2823 3093 ἀνεϐόα,
2879 3027 2969 3080 καὶ
3031 3023 3399 3103 διεφθέγγετο,
3469 3028 3559 3078 καί
3616 3024 3849 3093 κατετή-

2184 3136 2329 3173 κετο⁶
2362 3117 2453 3172 καὶ
2507 3117 2773 3192 ὑπέτρεχε
2817 3114 2916 3182 τὴν
2966 3112 3233 3189 Ῥιψίμην
3283 3112 3374 3167 καὶ
3431 3110 3690 3181 έθώπευε,
3749 3112 3847 3166 καὶ

2192 3207 2366 3262 πάντα
2402 3206 2604 3282 τρόπον
2673 3204 3078 3281 πανουργότατα
3142 3200 3434 3276 ἐπεχείρει.
3494 3202 3561 3258 Ἡ
3628 3198 3687 3256 δὶ
3748 3200 3846 3255 καὶ

2194 3294 2553 3373 ἀπεστρέφετο
2610 3294 2927 3369 προσιόντα,
2977 3292 3067 3348 καὶ
3108 3290 3420 3365 ἁπτομένου
3469 3288 3848 3365 ἐδυσχέραινε,

2193 3386 2281 3442 καὶ
2312 3386 2402 3441 τὸν
2456 3382 2659 3459 αὐχένα
2705 3381 3008 3438 ἐκτείνοντα
3066 3380 3390 3443 ἀκολάστοις
3449 3377 3678 3459 φιλῆσαι
3730 3379 3854 3454 χεί-

2194 3474 2341 3532 λεσιν
2371 3472 2481 3549 οὐχ
2512 3473 2759 3545 ὑπέμενε,
2808 3473 3149 3545 παρθενικῶς
3202 3468 3259 3525 εὖ
3311 3469 3459 3544 μάλα
3506 3469 3593 3523 καὶ
3644 3488 3851 3522 πεπαιο

2194 3563 2488 3636 δευμένως·
2576 3559 2917 3635 έρυθήματός
2981 3580 3040 3615 τε
3097 3560 3383 3634 σώφρονος
3454 3556 3851 3631 ὑπεπίμπλατο

2191 3653 2289 3720 τήν
2324 3654 2470 3727 ’ὀψινσ
2513 3652 2601 3706 καὶ
2645 3651 2903 3724 οἱμώζειν
2934 3648 3028 3703 τὸν
3062 3646 3365 3704 ἀκόλαστον
3406 3645 3581 3723 ἔλεγε,
3611 3646 3705 3701 καὶ
3750 3646 3850 3701 τὸν

2190 3741 2422 3820 νυμφίον
2478 3738 2660 3795 ἐκάλει
2726 3737 2985 3814 Χριστὸν,
3044 3737 3133 3793 καὶ
3193 3735 3507 3812 θερμοτέρῳ
3566 3740 3647 3809 τῷ
3704 3734 3849 3810 πρὸς

2194 3829 2394 3885 ἐκεῖνον
2427 3827 2589 3906 ἔρωτι
2618 3825 2962 3906 ἀνεφλέγετο·
3012 3827 3102 3882 καί
3155 3846 3214 3882 τε
3251 3825 3355 3902 γὰρ
3395 3825 3448 3881 έν
3491 3825 3692 3901 βραχεῖ
3745 3827 3850 3879 τοῦ

2192 3922 2458 3978 τοσούτου
2516 3921 2609 3976 τὸν
2688 3915 2852 3993 ϐγκον
2927 3919 3018 3973 καὶ
3084 3916 3417 3987 τηλικούτου
3480 3917 3580 3985 τήν
3641 3916 3849 3990 ῥώμην

2194 4011 2480 4085 ὑπερέσχε,
2512 4009 2603 4064 καὶ
2656 4008 2889 4082 καθαρὸν
2935 4011 3017 4079 τῷ
3070 4005 3293 4083 νυμφίῳ
3342 4003 3566 4079 Χριστῷ
3628 4004 3721 4059 καὶ
3782 4007 3850 4060 τὸ

2190 4104 2287 4155 τοῦ
2321 4101 2576 4173 σώματος
2612 4096 2844 4163 κάλλος,
2884 4096 2974 4151 καὶ
3013 4097 3114 4165 τὴν
3171 4102 3271 4166 τῆς
3330 4098 3517 4171 ψυχῆς
3574 4092 3851 4166 εὐγένειαν

2190 4188 2505 4246 διεσώσατο.
2572 4186 2755 4248 Οὕτως
2816 4183 2969 4241 οὐδὲν
3016 4184 3233 4263 ἃμαχον
3284 4184 3359 4246 ὡς
3400 4186 3434 4254 ἡ
3468 4182 3554 4238 ἐπὶ
3612 4183 3848 4249 Χριστὸν

2190 4276 2369 4335 εὔνοια
2413 4278 2502 4333 καὶ
2544 4275 2722 4337 ἐλπίς·
2776 4275 2866 4329 καὶ
2916 4273 2963 4328 εὶ
3025 4274 3194 4346 ταύτῃ
3257 4274 3421 4347 μόνον
3481 4269 3710 4344 ὁπλίσῃ,
3781 4272 3852 4327 οὐ

2187 4367 2608 4444 προσελεύσεται
2658 4366 2793 4439 πρὸς
2832 4365 2888 4419 σὲ
2916 4365 3076 4434 κακά,
3126 4359 3253 4418 οὑδὲ
3304 4361 3494 4435 μάστιξ
3542 4358 3714 4436 έγγιεῖ
3762 4364 3854 4431 τῷ

2193 4459 2513 4533 σκηνώματί
2544 4478 2664 4515 σου.

511 4508 654 4597 X30.
689 4541 736 4596 A
768 4539 986 4610 virgine
1016 4554 1153 4612 ergo
1183 4540 1518 4613 turpissime
1546 4542 1739 4601 victus
1758 4545 2078 4616 Teridates,

2197 4508 2843 4621 "ng'l'iic‘rtapﬁévou
2879 4542 3059 4600 τοίνυν
3098 4541 3419 4618 Τηριδάτης
3455 4540 3713 4616 αἴσχιστα
3741 4540 3856 4607 ἠτ-

438 4638 733 4712 egreditur
762 4654 793 4693 θ
822 4637 1114 4706 cubiculo,
1138 4643 1195 4694 et
1220 4638 1414 4696 eluere
1443 4640 1641 4698 volens
1671 4642 2081 4715 ignominiam,

439 4739 541 4794 aut
570 4733 763 4808 potius
807 4750 921 4791 non
953 4732 1154 4791 valens
1201 4736 1501 4793 continere
1550 4737 2081 4813 intemperantiam,

438 4848 623 4904 neque
645 4832 832 4888 vivere
859 4832 1183 4901 sustinens,
1208 4834 1254 4889 si
1279 4851 1393 4891 non
1418 4835 1791 4908 impudenter
1806 4841 2084 4911 probrum

438 4932 668 4989 afferret
698 4929 933 5003 virgini,
959 4930 1131 5001 jubet
1160 4931 1359 4990 collari
1392 4933 1640 4991 vinctam
1672 4935 1886 4992 adduci
1916 4937 2086 4995 Gaia-

438 5049 599 5101 nam,
629 5038 685 5088 et
715 5031 858 5089 foris
887 5036 1137 5092 stantem
1170 5033 1242 5089 ad
1284 5033 1528 5106 januam
1555 5034 1681 5107 cogi
1714 5052 1749 5091 a
1797 5035 2086 5094 ministris

440 5132 688 5188 suadere
719 5131 1018 5205 Ripsime,
1050 5148 1182 5205 quas
1211 5137 1333 5189 erat
1380 5133 1561 5201 intus,
1594 5140 1655 5189 ut
1687 5134 1810 5207 regi
1841 5142 2085 5207 pareret,

440 5234 496 5286 et
547 5229 695 5287 nulli
744 5230 844 5298 rei,
878 5248 1054 5304 quam
1107 5230 1207 5288 ille
1252 5229 1407 5301 velit,
1452 5237 1825 5304 repugnaret.
1859 5234 2091 5292 Sciebat

443 5328 599 5383 enim
631 5327 913 5386 Gaianam
937 5345 1068 5387 esse
1088 5329 1247 5386 illius
1270 5330 1643 5403 pedagogam
1665 5336 1723 5387 et
1745 5330 2089 5403 magistram

446 5427 512 5485 in
542 5427 614 5484 iis
645 5444 771 5499 qua
801 5429 1091 5499 pertinent
1130 5430 1200 5486 ad
1246 5428 1520 5487 virtutem
1557 5445 1571 5484 :
1602 5434 1660 5486 et
1688 5430 1737 5486 si
1769 5429 1872 5487 illa
1900 5431 2091 5491 solum

446 5523 713 5587 voluerit,
749 5524 1048 5596 Ripsimen
1082 5525 1227 5582 nihil
1270 5542 1397 5583 esse
1444 5527 1963 5587 contradicturam.
1999 5532 2092 5589 lu-

520 5636 541 5671 '
574 5635 724 5695 Psal.
761 5654 877 5705 xxx,
909 5642 999 5698 21.
1030 5641 1050 5677 ⁸
1081 5640 1229 5698 Psal.
1262 5658 1350 5713 xc,
1379 5644 1433 5709 7,
1463 5642 1518 5699 8.

2194 4638 2401 4709 τηθείς,
2461 4630 2618 4706 ἔξεισι
2666 4638 2765 4690 τοῦ
2813 4637 3096 4701 κοιτῶνος,
3152 4633 3243 4688 καὶ
3302 4630 3677 4693 ἀπολύσασθαι
3741 4628 3850 4696 τήν

2194 4727 2410 4797 ἀδοξίαν
2438 4723 2666 4795 ἐθέλων,
2702 4720 2917 4797 μᾶλλον
2947 4719 3005 4778 δὶ
3039 4724 3113 4797 μὴ
3156 4721 3359 4797 στέγων
3405 4723 3503 4789 τὴν
3550 4716 3855 4775 ἀκολασίαν

2195 4815 2336 4891 μηδὶ
2367 4821 2460 4890 ζῇν
2494 4814 2819 4890 ἀνεχόμενος
2852 4811 2897 4868 εί
2941 4813 3016 4885 μὴ
3062 4808 3254 4882 ἀνεδην
3306 4810 3383 4873 εἷς
3435 4811 3534 4879 τήν
3580 4804 3850 4882 παρθένον

2190 4902 2480 4981 ένυϐρίσοι,
2519 4901 2731 4958 κελεύει
2782 4901 2884 4956 ὑπὸ
2931 4900 3108 4972 κλοιῷ
3155 4899 3319 4975 ἆχθεῖ
3365 4919 3421 4954 σε
3469 4897 3703 4965 Γαῖανήν
3750 4896 3853 4949 καὶ

2192 4997 2327 5072 πρὸς
2383 4995 2478 5056 τὰς
2530 4992 2693 5068 θύρας
2738 4986 2929 5063 ἔξωθεν
2993 4993 3190 5044 στᾶσαν
3248 4989 3638 5064 ἀναγκάζεσθαι
3695 4985 3855 5059 παρὰ

2192 5092 2300 5142 τῶν
2346 5082 2759 5157 ὑπηρετούντων
2828 5076 2975 5135 ἔνδον
3030 5077 3163 5154 οὔσῃ
3223 5082 3501 5153 παραινεῖν
3558 5079 3627 5150 τῇ
3671 5074 3858 5148 Ῥιψίο

2199 5198 2298 5251 μῃ,
2329 5170 2616 5242 πεισθῆναί
2672 5190 2730 5226 τε
2765 5175 2846 5242 τῷ
2908 5168 3143 5245 βασιλεῖ,
3211 5170 3304 5224 καὶ
3359 5168 3499 5242 πρὸς
3556 5161 3711 5221 οὐδὲν
3769 5164 3852 5219 ὧν

2195 5266 2402 5327 ἐκεῖνος
2464 5259 2726 5336 βούλοιτο
2792 5257 3107 5334 ἀντιλέγειν.
3177 5255 3331 5328 ᾜδει
3394 5257 3500 5334 γὰρ
3566 5251 3859 5331 παιδαγω-

2196 5356 2292 5435 γόν
2322 5374 2382 5409 τε
2409 5351 2645 5420 Γαῖανήν
2697 5348 2857 5404 οὖσαν
2924 5348 3189 5435 Ῥιψίμης
3245 5346 3353 5435 καὶῄ
3404 5342 3734 5435 διδάσκαλον
3766 5344 3863 5435 Δ*τά

2197 5428 2273 5505 εἰς
2337 5442 2557 5516 ἀρετὴν,
2612 5438 2704 5494 καὶ
2758 5436 2810 5494 εἷ
2880 5438 3044 5511 μόνον
3098 5433 3271 5507 ἐκείνη
3338 5433 3618 5505 ἕθελήσειε
3678 5428 3861 5505 μηδὲν

2199 5534 2519 5601 ἀντεροῦσαν
2617 5526 2905 5599 Ῥιψίμην,
2984 5524 3197 5593 ἄθλιος,
3267 5524 3326 5587 ὃς
3422 5544 3483 5599 γε
3551 5522 3652 5577 οὐκ
3720 5520 3867 5594 ἠγά-
