4042 6222
220 351 340 412 969

1238 348 1418 411 VITA
1460 350 1522 411 S.
1570 349 1940 415 CREGORII
1982 348 2614 413 ILLUMINATORIS.

3506 353 3626 414 9Ἶο

216 532 293 573 πα
327 508 498 585 μόνης
533 507 793 581 ἡττηθεὶς
851 508 1292 594 τῆςᾼῬιψίμης,
1357 505 1507 565 ἀλλά
1562 509 1648 565 καὶ
1710 516 1870 568 Γαΐα-

2004 510 2394 583 'elix,quiuon
2419 508 2562 566 satis
2595 507 2805 565 habuit
2834 525 2868 565 a
2897 509 3021 566 sola
3051 510 3271 569 victum
3292 528 3423 571 esse
3446 512 3632 588 Ripsi-

216 600 316 668 νην
350 601 419 671 τῇ
453 598 645 654 ἑαυτοῦ
702 594 917 674 κειραλῇ
965 592 1210 670 δεύτερον
1266 597 1435 671 ἐπῆγε
1480 594 1667 655 κακόν.
1717 601 1875 663 Ἵιτ.ς

223 685 411 755 ἐπειδὴ
462 687 551 742 καὶ
606 685 873 760 παρέστη,
916 684 1172 741 ἐτύπτετο
1224 686 1317 758 μὲν
1370 687 1473 742 ὑπὸ
1520 694 1628 743 τῶν
1675 689 1881 745 ἐκείνου

222 774 544 853 δορυφόρων
589 772 679 830 διὰ
725 774 991 849 Ῥιψίμην
1037 773 1127 829 καὶ
1176 773 1559 850 ἐσπαράττετο·
1594 779 1627 847 ἡ
1663 775 1739 846 δὲ,
1789 778 1881 834 καὶ

220 870 445 921 τοιαῦτα
500 865 811 939 πάσχουσα,
867 862 1021 936 ὅμως
1074 864 1138 919 τὸ
1200 862 1437 919 ἐναντίον
1498 866 1635 920 ἅπαν
1685 865 1877 924 ἐποίει.

222 955 629 1029 Ἀνεμίμνησκε
660 954 763 1031 γὰρ
803 956 905 1023 τήν
954 953 1215 1029 παρθένον
1262 959 1369 1009 τῶν
1425 956 1562 1031 πρὸς
1609 957 1700 1011 τὸν
1751 957 1881 1013 Θεὸν

229 1043 566 1120 ὁμολογιῶν
631 1043 901 1121 ὑπέγραφε
973 1045 1071 1113 τὴν
1180 1043 1379 1107 ἐκεῖθεν
1474 1049 1583 1099 τῶν
1660 1043 1883 1102 δικαίων

231 1135 598 1207 λαμπρότητα
626 1138 704 1205 τῷ
733 1130 907 1207 λόγον
939 1134 1040 1202 τήν
1073 1131 1456 1205 ἡπειλημὲνην
1487 1140 1604 1198 τοῖς
1650 1134 1880 1212 φαύλοις

226 1222 437 1298 γέενναν
476 1222 734 1278 ἀντετίθει
787 1220 975 1277 πάλιν.
1038 1222 1137 1278 Καὶ
1195 1222 1248 1277 οἱ
1307 1220 1624 1300 δορυφόροι,
1688 1225 1881 1296 μεταξὺ

228 1311 545 1386 αίσῦὀμενοι
576 1316 683 1367 τῶν
717 1309 1043 1385 εἰρημένων,
1077 1309 1255 1375 λίθοις
1287 1332 1345 1366 τε
1383 1310 1551 1381 αὐτῆς
1596 1310 1880 1389 ἐκκρύουσι

226 1401 355 1463 τοὺς
384 1399 630 1468 ὀδόντας,
659 1401 857 1472 καὶτῷ
902 1398 1121 1475 βασιλεῖ
1164 1399 1231 1456 τὰ
1274 1402 1413 1457 κατὰ
1442 1402 1669 1477 γνώμην
1715 1404 1887 1479 ἠνάγ-

224 1495 390 1560 καζον
420 1491 758 1567 φθέγγεσθαι,
793 1490 868 1559 g'll
902 1486 959 1544 δὲ
1008 1487 1188 1564 ὥσπερ
1247 1489 1515 1565 ῥωσθεῖσα
1568 1497 1687 1555 ταῖς
1736 1493 1887 1563 πλη-

227 1584 352 1655 γαῖς
424 1577 663 1652 μᾶλλον,
712 1577 841 1634 ἀλλ’
898 1578 997 1633 οὐκ
1035 1576 1321 1653 ἀλγήσασα
1369 1580 1539 1652 ὃλως,
1587 1580 1676 1636 καὶ
1730 1578 1887 1658 ἕτερα

227 1668 555 1745 προσετίθει.
618 1665 804 1726 Ἀλλά
854 1670 955 1739 τήν
1000 1668 1093 1741 μὲν
1136 1668 1190 1723 οἳ
1248 1665 1547 1749 δορυφόροι
1587 1669 1741 1733 εὐθὺς
1788 1672 1887 1745 ἁρ-

228 1760 514 1826 πάσαντες,
580 1758 773 1835 πόρρω
838 1778 944 1814 που
1019 1752 1204 1822 ἔθεσαν
1268 1758 1616 1824 κελεύσαντες
1672 1760 1887 1816 ἀπιέναι

226 1849 396 1905 πάλιν
426 1850 549 1904 ὅθεν
576 1848 815 1925 ἀφίκετο.

1990 618 2102 670 me,
2135 601 2236 657 sed
2288 599 2458 655 etiam
2491 598 2770 654 Gaianam
2820 616 2927 654 suo
2971 601 3141 669 capiti
3176 604 3501 660 secundum
3532 605 3628 660 in-

1988 691 2145 747 vexit
2176 688 2408 744 malum.
2442 688 2573 752 Quae
2603 687 2841 759 quidem
2876 694 3184 760 postquam
3224 690 3474 759 adstitit,
3501 710 3633 749 ver-

1988 778 2545 849 berabaturquidem
2569 786 2625 831 et
2647 776 3094 833 lacerabaturab
3126 777 3260 835 ilius
3288 779 3636 837 satellitibus

1990 875 2225 940 prapter
2246 867 2568 939 Ripsimem
2603 883 2617 922 :
2652 865 2753 921 illa
2778 870 2972 923 autem
2999 868 3232 924 etiamsi
3264 867 3385 924 haec
3405 875 3635 941 patere-

1990 966 2102 1028 tur,
2136 960 2323 1012 totum
2358 961 2551 1010 tamen
2603 956 2850 1011 faciebat
2880 955 3112 1012 illorum
3152 956 3457 1030 imperatis
3498 975 3635 1015 con-

1989 1046 2251 1102 trarium.
2270 1044 2658 1117 Virginienim
2682 1045 2986 1101 revocabat
3018 1045 3077 1101 in
3102 1049 3442 1103 memoriam
3467 1053 3636 1120 pacta

1990 1139 2291 1202 conventa,
2326 1151 2453 1206 qua:
2501 1149 2632 1189 cum
2666 1140 2779 1190 Deo
2829 1134 3061 1191 fecerat.
3097 1137 3471 1194 Describebat
3514 1154 3637 1195 ser-

1993 1241 2164 1280 mone
2199 1225 2515 1294 justorum,
2548 1222 2648 1295 qui
2681 1223 2801 1278 illic
2844 1228 2949 1290 est,
2978 1226 3343 1297 splendorem
3378 1244 3391 1283 :
3433 1231 3639 1284 contra

1992 1314 2324 1386 opponebat
2351 1312 2704 1385 gehennam,
2736 1314 2909 1385 cujus
2942 1314 3112 1370 minae
3145 1314 3318 1372 malis
3360 1321 3505 1373 sunt
3544 1317 3635 1373 in-

1993 1407 2240 1459 tentatae.
2267 1402 2501 1459 Interim
2559 1406 2749 1458 autem
2781 1401 3086 1471 satellites,
3125 1420 3261 1461 cum
3311 1406 3639 1463 sensissent

1993 1509 2083 1562 ea,
2115 1508 2242 1566 quae
2282 1493 2439 1548 dicta
2477 1492 2725 1558 fuerant,
2757 1490 3051 1564 lapidibus
3077 1494 3206 1565 ejus
3235 1495 3436 1552 dentes
3464 1512 3636 1553 excu-

1993 1584 2170 1652 tiunt,
2196 1587 2255 1639 et
2287 1583 2568 1639 mandant
2599 1599 2667 1639 ea
2698 1581 2879 1655 loqui,
2914 1600 3045 1656 quae
3084 1585 3206 1659 regi
3238 1585 3436 1642 futura
3474 1591 3641 1643 erant

1994 1688 2064 1730 ex
2094 1672 2401 1730 sententia.
2426 1671 2530 1729 llla
2549 1676 2762 1741 autem,
2786 1677 3068 1745 tanquam
3083 1675 3423 1732 verberibus
3445 1677 3642 1749 potius

1997 1762 2358 1830 confirmata,
2390 1778 2565 1833 quam
2598 1760 2785 1818 ullum
2814 1763 3055 1820 omnino
3104 1764 3358 1821 dolorem
3389 1766 3645 1836 accepis-

1914 1834 1970 1901 B
1993 1856 2104 1919 set,
2128 1851 2243 1908 alia
2265 1866 2497 1925 quoque
2524 1851 2731 1925 primis
2760 1852 3133 1910 suasionibus
3164 1854 3499 1925 adjiciebat.
3529 1834 3647 1911 Sed

228 1942 389 2011 illam
446 1941 684 2015 quidem
715 1958 847 1998 cum
889 1940 1167 1999 satellites
1199 1943 1470 2017 protinus
1501 1943 1908 2018 arripuissent,
1941 1944 2143 2018 procul
2185 1948 2575 2011 removerunt,
2606 1959 2733 2001 eam
2765 1960 2969 2002 rursus
2992 1945 3271 2018 jubentes
3301 1947 3463 2004 abire
3492 1948 3646 2005 unde

228 2038 484 2091 venerat.

302 2124 422 2180 KB’.
482 2120 798 2196 Τηριδάτης
856 2119 915 2177 δὶ
965 2123 1237 2187 κάνταῦθα
1290 2122 1673 2201 ἐκφανέστερον
1721 2126 1887 2196 ἡττη-

233 2214 341 2278 θεὶς
367 2213 459 2268 καὶ
491 2211 638 2274 ’ὀλως
670 2215 767 2268 τοῦ
800 2212 937 2287 πρὸς
968 2213 1234 2287 Ῥιψίμην
1274 2212 1611 2290 ἀποσφαλεὶς
1658 2212 1886 2289 ἔρωτος,

227 2299 552 2360 καταϐαλὼν
612 2304 800 2359 ἑαυτὸν
859 2301 936 2365 εἷς
993 2296 1190 2381 ἔδαφος
1256 2302 1527 2360 ἐκυλίετο.
1582 2305 1647 2363 Ἡ
1700 2305 1884 2379 μέντοι

227 2397 522 2476 νικηφόρος
580 2395 838 2469 Ῥιψίμη,
889 2395 1185 2467 ἀνακράτος
1228 2400 1325 2451 τοῦ
1401 2394 1699 2451 ἀντιπάλου
1760 2416 1889 2470 κρα-

227 2486 457 2554 τήσασα,
483 2480 678 2556 ’ἔξεισιν
710 2482 890 2557 ὥσπερ
922 2503 1005 2545 τις
1028 2482 1494 2557 Ὀλυμπιονίκης,
1528 2482 1733 2558 (ἐδίδου
1782 2485 1888 2560 γὰρ

237 2574 375 2638 αὐτῆ
402 2572 623 2642 πολλὴν
680 2569 859 2628 ἄδειαν
927 2573 1017 2628 καὶ
1058 2572 1213 2643 ἡνὺξ
1269 2570 1427 2644 ἤδη),
1495 2572 1585 2628 καὶ
1643 2571 1733 2628 δια
1786 2580 1887 2643 τῆς

234 2661 451 2726 πόλεως
492 2660 725 2719 ἐλθοῦσα
793 2663 988 2735 μέσης,
1039 2659 1265 2738 ἄγγελος
1330 2668 1450 2727 ταῖς
1509 2661 1708 2726 ἀλλαις
1747 2684 1890 2738 πσρ-

239 2756 413 2820 θὲνοις
442 2761 543 2823 τῆς
585 2752 787 2816 οἰκείας
835 2752 993 2822 νίκης
1049 2754 1139 2808 καὶ
1195 2758 1303 2808 τῶν
1353 2755 1489 2809 κατά
1542 2757 1639 2808 τοῦ
1688 2752 1890 2830 ἐχθροῦ

235 2844 441 2921 γίνεται
478 2844 782 2918 τροπαίων,
854 2840 1067 2915 μᾶλλον
1129 2840 1187 2898 δὲ
1241 2841 1378 2913 αὗτή
1419 2844 1685 2919 τρόπαιον
1744 2841 1889 2912 ἥκει,

239 2931 381 2988 οὕτω
420 2952 478 2987 τε
522 2932 614 2987 τὸν
666 2932 1068 3007 ἀνταγωνιστὴν
1115 2931 1360 3007 χαλεπὸν
1400 2937 1603 3005 πτῶμα
1654 2927 1892 2987 κασαϐα-

242 3019 550 3091 Αοῦσα,γαὶ
600 3020 848 3097 ἀκέραιον
904 3022 1097 3091 ὲαυσὴν
1148 3018 1528 3096 διασωσαμένη
1586 3023 1686 3090 τήν
1752 3041 1891 3095 παρ-

241 3110 438 3168 Θενίαν.
486 3110 732 3180 Ἐκείνην
779 3111 874 3184 μὲν
926 3112 1018 3166 οὗν
1070 3109 1340 3185 κλὲψνσαι
1396 3112 1497 3181 τὴν
1557 3112 1744 3179 νύκτα,
1803 3109 1893 3165 καὶ

238 3206 339 3270 τῆς
372 3199 545 3269 ληνοῦ
575 3200 649 3261 ὡς
679 3197 805 3269 ἐνῆν
834 3198 1022 3263 αὐταῖς
1048 3197 1271 3255 δυνατὸν
1308 3197 1585 3265 διαλαθεῖν
1640 3200 1895 3278 ἐκχωρη-

244 3310 421 3359 σασαι,
495 3288 582 3345 ἐπί
654 3290 799 3351 τινός
859 3310 918 3345 τε
982 3286 1284 3363 ἁμμώδους
1351 3288 1589 3361 πλησίον
1645 3288 1893 3365 ἐγένοντο

241 3380 436 3447 τόπου,
484 3379 575 3433 καὶ
637 3383 717 3451 τῷ
781 3380 1004 3457 νυμαίῳ
1071 3380 1291 3453 Χριστῷ
1357 3378 1738 3455 εὐχαρίστουν,
1802 3378 1895 3436 καὶ

244 3468 392 3540 αῦτῷ
420 3472 633 3539 νοητῶς
678 3474 932 3539 συνῆσαν,
982 3468 1072 3523 καὶ
1123 3469 1291 3545 ταύτῃ
1348 3470 1760 3545 παρεμυθοῦντο
1807 3472 1900 3527 τὸν

246 3552 462 3631 ἕρωται’
525 3557 641 3612 εἶτα
698 3556 788 3612 καὶ
842 3558 941 3626 τήν
992 3557 1129 3633 πρὸς
1190 3557 1349 3613 αὐτὸν
1392 3557 1644 3613 ἀνάλυσιν
1714 3560 1894 3629 ἢτουνο

248 3645 577 3708 Φιλοπόδως
611 3644 667 3701 δέ
700 3646 906 3701 οούτων
934 3650 1004 3721 τῇ
1046 3646 1189 3722 εὐχῇ
1223 3646 1568 3722 ἐγκειμένων,
1620 3648 1897 3726 ἐφίσταται

247 3736 602 3812 προηκούσης
633 3733 743 3805 ἤδη
772 3739 871 3801 τῆς
924 3737 1115 3798 νυκτὸς
1145 3738 1172 3791 6
1203 3740 1300 3792 τοῦ
1351 3736 1621 3812 βασιλέως
1650 3738 1898 3813 ἀρχιμά-

250 3844 432 3903 γειρος
477 3826 611 3897 μετὰ
643 3822 966 3902 δορυφόρων
1003 3826 1093 3880 ὑπ’
1132 3824 1298 3880 αὐτοῦ
1353 3824 1702 3900 ἐσταλμένος.
1753 3825 1899 3899 λαμ-

251 3910 422 3976 πάδας
453 3910 541 3968 διὰ
564 3913 750 3988 χειρὸς
784 3908 1029 3993 ἔχοντες.
1078 3915 1181 3969 Καὶ
1232 3909 1533 3986 λαϐόμενοι
1571 3922 1672 3984 τῆς
1725 3936 1902 3988 μακα-

254 4003 394 4075 ρίας.
437 4004 700 4077 Ῥιψίμης
760 4004 851 4058 καὶ
915 4002 1090 4059 ὀπίσω
1150 4003 1229 4058 τὼ
1270 4009 1423 4079 χεῖρε
1478 4005 1901 4080 περιαγαγόντες

254 4090 535 4164 δεσμοῦσι,
576 4092 667 4146 καὶ
731 4092 831 4161 τὴν
900 4088 1154 4169 γλῶσσαν
1232 4091 1530 4168 προτείνειν
1593 4092 1898 4151 κελεύουσι.

250 4186 362 4249 Τῆς
396 4177 454 4235 δὲ
481 4180 573 4235 καὶ
604 4184 699 4236 τοῦ
730 4179 902 4256 λόγου
934 4182 1127 4236 θᾶττον
1167 4181 1230 4238 τὸ
1269 4182 1547 4237 κελευσθὲν
1574 4182 1899 4253 ποιησάσας,

249 4268 572 4344 ἐκτεμνουσι
622 4271 847 4341 ταύτην,
882 4270 999 4325 εἶτα
1043 4269 1137 4325 τὸν
1204 4270 1532 4345 χιτωνίσκον
1595 4272 1648 4326 οἱ
1686 4269 1902 4345 παλαμ-

250 4365 391 4414 ναῖοι
434 4356 911 4433 περιβρηξάμενοι,
965 4357 1054 4413 καὶ
1109 4362 1218 4414 τῶν
1272 4363 1476 4435 χειρῶν
1532 4359 1902 4423 ἀποτείναντες

252 4448 505 4524 ἑκατέραν
541 4449 633 4503 καὶ
688 4452 796 4503 τῶν
854 4445 1062 4514 ποδῶν,
1119 4448 1211 4503 καὶ
1278 4449 1485 4525 ὀρθίοις
1542 4447 1898 4523 ἐνδησάμενοι

252 4536 461 4608 ξύλοις,
486 4541 607 4599 ταῖς
637 4534 886 4609 λαμπάσι
943 4536 1248 4595 κατέκαιον.
1307 4539 1469 4608 Ἐξῆς
1527 4536 1583 4593 δὲ
1639 4536 1781 4611 λίθῳ
1838 4538 1905 4594 τὰ

252 4624 377 4698 περὶ
416 4626 516 4693 τήν
583 4625 817 4702 γαστέρα
884 4621 1230 4697 διατεμόντες
1300 4626 1426 4699 ὀξεῖ,
1478 4628 1613 4682 κατᾶ
1676 4634 1780 4703 γῆς
1842 4647 1902 4681 τε

256 4714 447 4791 χέουσι
476 4715 542 4770 τὰ
583 4711 798 4788 ἔγκατα,
828 4714 916 4768 καὶ
950 4713 1076 4775 τους
1117 4714 1436 4794 ὀφθαλμοὺς
1495 4716 1690 4790 μικρὸν
1728 4716 1901 4772 ὑπασ-

254 4804 563 4879 παιρούσης
611 4798 689 4859 ἔτι
738 4802 1084 4872 ἐκκόπτουσι,
1126 4802 1217 4858 καὶ
1275 4802 1411 4874 ὃλην
1467 4803 1543 4867 εἷς
1586 4802 1759 4861 λεπτᾶ
1797 4803 1905 4861 διεο

257 4894 549 4950 σπάσαντο.
583 4889 740 4952 Ἀλλ’
771 4895 805 4963 ἡ
845 4893 938 4965 μὲν
968 4894 1059 4948 οἶα
1099 4912 1199 4965 περ
1248 4891 1368 4966 ἄρτι
1422 4897 1523 4948 τῶν
1570 4899 1903 4968 παρθενικῶν

256 4980 522 5056 θαλάμων
588 4980 975 5055 ἐξορμηθεῖσα,
1055 4981 1198 5037 οὕτω
1266 4983 1413 5051 καλή
1487 4984 1579 5037 καὶ
1654 4982 1909 5059 ἐπίχαρις

257 5070 603 5127 ἀπολιποῦσα
638 5072 701 5126 τὸ
742 5076 920 5145 σῶμα,
960 5076 1040 5143 τῶ
1080 5072 1314 5151 νυμφίῳ
1369 5074 1584 5145 Χριστῷ
1641 5072 1902 5149 παρέστη,

251 5160 341 5216 καὶ
366 5159 667 5237 ὀρθαλμῶν
696 5165 802 5215 τῶν
839 5160 1046 5216 ἐκείνου
1088 5160 1179 5215 καὶ
1228 5158 1514 5216 παστάδων
1561 5163 1703 5232 ἀξία,
1737 5162 1904 5228 λίθων

252 5270 313 5306 τε
344 5247 666 5306 πολυτελῶν
710 5247 923 5323 μᾶλλον
973 5248 1062 5304 καὶ
1114 5246 1503 5326 περιδεῤῥαίων
1554 5252 1645 5306 καὶ
1692 5252 1906 5327 ὅρμων,

253 5340 345 5393 καί
413 5342 700 5414 νυμφικῶν
757 5332 1192 5414 περιϐλημὰτων
1257 5336 1525 5408 ἀπάντων,
1590 5345 1709 5402 τοῖς
1775 5341 1907 5414 ὑπὲρ

252 5428 430 5484 αύτοῦ
490 5427 747 5504 στίγμασι
814 5428 1077 5483 πάντοθεν
1131 5426 1634 5501 διακεκοσμημένη.
1684 5430 1795 5488 Τοῦ
1848 5450 1909 5504 γε

254 5516 366 5590 μὴν
391 5524 495 5586 τῆς
540 5523 721 5594 φυγῆς
778 5516 917 5591 αὖτῇ
975 5514 1409 5588 κοινωνήσαντπ
1463 5522 1572 5574 τῶν
1631 5520 1904 5593 παρθένων

2065 2125 2256 2183 XXII.
2278 2125 2576 2182 Teridates
2598 2130 2790 2183 autem
2813 2126 2908 2183 hic
2929 2143 3163 2201 quoque
3183 2128 3439 2202 apertius
3469 2141 3642 2203 supe-

1997 2218 2320 2283 ratus,cum
2342 2231 2542 2271 amore
2563 2216 2856 2288 Ripsimes
2878 2216 3114 2273 omnino
3127 2220 3285 2274 esset
3313 2218 3641 2288 frustratus,

1995 2304 2254 2377 seipsum
2278 2303 2579 2375 dejiciens,
2598 2304 2758 2360 humi
2780 2304 3174 2364 volutabatur.
3204 2306 3424 2363 Victrix
3446 2312 3643 2363 autem

1998 2394 2278 2467 Ripsime,
2313 2412 2414 2465 per
2442 2394 2559 2449 vim
2591 2395 2761 2451 victis
2792 2396 3489 2470 adversariis,egreditur,
3512 2403 3647 2454 tan-

1997 2500 2175 2555 quam
2210 2484 2452 2555 quidam
2484 2483 2668 2540 victor
2699 2485 2757 2540 in
2798 2485 3114 2541 certamine
3147 2486 3469 2559 Olympico,
3500 2485 3647 2557 (Nox

2000 2572 2155 2628 enim
2181 2574 2305 2643 jam
2330 2573 2381 2628 ei
2413 2588 2688 2645 magnam
2717 2573 2893 2628 dabat
2923 2574 3377 2643 securitatem)et
3407 2591 3508 2645 per
3525 2591 3648 2630 me-

1999 2660 2156 2717 diam
2192 2661 2432 2718 veniens
2471 2661 2787 2727 civitatem,
2820 2661 2885 2717 fit
2914 2662 3045 2718 aliis
3086 2663 3410 2735 virginibus
3440 2664 3647 2719 nuntia

2000 2767 2123 2808 suae
2152 2750 2421 2818 victoriae,
2453 2753 2510 2806 et
2564 2755 2913 2822 tropaeorum
2957 2752 3236 2808 adversus
3293 2751 3598 2808 inimicum
3629 2768 3644 2808 :

1999 2840 2087 2896 vel
2122 2839 2316 2912 potius
2368 2840 2494 2912 ipsa
2531 2850 2687 2895 venit
2719 2848 3018 2913 tr0paaum,
3052 2839 3135 2896 sic
3174 2841 3323 2898 truci
3355 2846 3647 2913 prostrato

2002 2929 2358 2993 adversario,
2389 2934 2447 2984 et
2484 2928 2597 2985 sibi
2643 2938 2982 2984 conservata
3027 2929 3253 3000 integra
3290 2930 3647 3000 virginitate.

2003 3018 2170 3075 Illam
2191 3033 2326 3089 ergo
2352 3022 2583 3074 noctem
2617 3018 2932 3083 suifurataa,
2960 3034 3093 3074 cum
3124 3034 3194 3075 ex
3224 3017 3324 3075 illo
3342 3018 3646 3089 torculari,

2001 3109 2141 3164 dum
2175 3112 2487 3180 potuerunt
2524 3108 2726 3175 latere,
2769 3107 3171 3177 excessissent,
3212 3108 3647 3181 appropinqua-

2004 3206 2139 3255 runt
2169 3199 2399 3254 cuidam
2432 3199 2556 3255 loco
2588 3215 2854 3269 arenosa,
2891 3204 2948 3256 et
2996 3216 3211 3270 sponso
3251 3198 3480 3256 Christo
3511 3216 3649 3271 ege-

2006 3291 2144 3344 runt
2172 3287 2407 3360 gratias,
2440 3292 2499 3343 et
2539 3293 2733 3344 mente
2759 3304 2893 3344 cum
2925 3305 2990 3345 eo
3021 3293 3158 3345 sunt
3185 3292 3444 3356 versatae,
3479 3292 3537 3345 et
3568 3288 3651 3345 sic

2007 3393 2265 3434 amorem
2302 3392 2475 3432 suum
2509 3376 2961 3433 consolabantur
2993 3395 3007 3434 :
3039 3378 3251 3435 deinde
3280 3378 3455 3435 etiam
3489 3383 3653 3452 pete-

2004 3467 2147 3522 bant
2176 3481 2337 3521 suam
2371 3467 2439 3519 ad
2473 3464 2668 3536 ipsum
2697 3466 3138 3524 resolutionem.
3165 3466 3261 3523 Eis
3291 3472 3484 3524 autem
3519 3485 3652 3524 ora-

2004 3555 2149 3613 tioni
2189 3554 2498 3627 diligenter
2529 3554 2793 3623 intentis,
2817 3572 2948 3612 cum
2978 3557 3219 3630 quidam
3254 3557 3649 3619 nuntiassent.

2006 3644 2104 3700 ubi
2144 3643 2259 3699 illas
2287 3647 2502 3711 essent,
2532 3645 2775 3712 accedit,
2806 3646 3152 3716 procedente
3184 3647 3308 3717 jam
3342 3654 3530 3711 nocte,
3565 3661 3652 3700 re-

2004 3735 2096 3807 gis
2124 3750 2442 3805 coquorum
2475 3732 2744 3806 princeps
2764 3735 2835 3790 ab
2865 3735 2994 3807 ipso
3026 3735 3244 3791 missus
3275 3752 3408 3791 cum
3442 3733 3654 3791 satelli-

2005 3826 2164 3881 tibus
2196 3823 2548 3879 habentibus
2575 3823 2635 3878 in
2663 3841 2841 3880 manu
2875 3826 3192 3897 lampades.
3217 3829 3321 3894 Qui
3354 3843 3487 3882 cum
3521 3826 3656 3881 bea-

2005 3919 2123 3970 tam
2159 3914 2475 3985 Bipsimem
2518 3914 2897 3985 accepissent,
2944 3916 3214 3972 manibus
3250 3932 3395 3987 pone
3426 3914 3647 3971 circum

2006 4003 2150 4059 actis
2180 4020 2306 4059 eam
2351 4002 2632 4070 vinciunt,
2674 4009 2730 4060 et
2786 4019 2911 4059 eam
2936 4004 3150 4076 jubent
3195 4004 3459 4076 linguam
3510 4020 3652 4075 pro-

2008 4094 2171 4151 ferre.
2204 4092 2350 4149 Cum
2391 4091 2489 4148 illa
2531 4098 2730 4150 autem
2760 4094 2937 4151 verbo
2986 4094 3161 4151 citius
3211 4096 3465 4161 fecisset,
3497 4093 3653 4165 quod

2004 4183 2173 4255 jussa
2196 4182 2402 4249 fuerat,
2434 4198 2563 4239 eam
2595 4182 2964 4239 exscindunt.
2988 4188 3194 4241 Postea
3224 4186 3402 4241 fracta
3430 4184 3653 4253 tunica,

2007 4276 2067 4329 et
2086 4271 2338 4328 extensis
2371 4272 2634 4343 utrisque
2661 4271 2821 4328 illius
2852 4273 3124 4330 manibus
3145 4277 3202 4329 et
3233 4273 3494 4346 pedibus,
3519 4288 3653 4329 cum

2008 4377 2136 4418 eam
2169 4363 2340 4417 rectis
2372 4361 2547 4433 lignis
2579 4360 2896 4434 aligassent
2926 4362 3221 4433 scelerati,
3245 4363 3656 4419 urebantlam-

2010 4450 2277 4523 padibns.
2306 4450 2587 4520 Deinceps
2619 4456 2809 4507 autem
2834 4466 2963 4507 cum
2995 4461 3164 4508 acuto
3187 4453 3375 4526 lapide
3397 4457 3653 4509 ventrem

2009 4539 2429 4608 exsecuissent,
2453 4537 2512 4593 in
2544 4543 2757 4594 terram
2791 4538 3100 4595 ell'undunt
3130 4540 3425 4606 intestina,
3449 4544 3507 4595 et
3525 4540 3654 4611 ejus

2011 4629 2202 4686 adhuc
2226 4644 2429 4698 parum
2456 4627 2794 4699 palpitantis
2807 4628 3007 4685 oculos
3038 4628 3353 4685 effodiunt:
3386 4633 3443 4684 et
3470 4634 3654 4685 totam

2016 4717 2351 4774 minutatim
2385 4716 2842 4789 discerpserunt.
2873 4718 2982 4773 Sed
3017 4716 3117 4773 illa
3148 4718 3410 4790 quidem,
3442 4724 3501 4774 ut
3530 4734 3654 4788 qua

2016 4808 2159 4863 adeo
2186 4805 2430 4877 pulchra
2460 4810 2516 4861 et
2532 4811 2779 4861 venusta
2806 4822 2836 4863 e
2857 4806 3238 4879 virginalibus
3271 4822 3504 4880 egressa
3532 4810 3658 4863 erat

2014 4895 2543 4964 thalamis,sponso
2574 4895 2803 4953 Christo
2824 4897 3069 4967 adstitit,
3091 4898 3269 4971 digna
3290 4895 3445 4952 illius
3475 4894 3657 4952 oculis

2015 4991 2073 5043 et
2130 4984 2425 5052 thalamis,
2460 4983 2871 5057 lapidibusque
2910 4987 3198 5057 pretiosis,
3249 4986 3554 5057 torquibus
3599 4989 3659 5043 et

2016 5073 2356 5141 monilibus,
2396 5077 2455 5129 et
2510 5073 2891 5145 sponsalibus
2948 5075 3223 5132 omnibus
3271 5074 3656 5142 indumentis,

2015 5179 2225 5236 nempe
2256 5178 2358 5235 pro
2376 5178 2441 5217 eo
2469 5163 2758 5234 susceptis
2788 5163 3182 5235 stigmatibus,
3203 5163 3364 5220 omni
3394 5180 3464 5219 ex
3493 5168 3658 5234 parte

2016 5256 2309 5311 exornata.
2342 5249 2511 5306 Chori
2555 5255 2747 5309 autem
2802 5252 3115 5323 virginum,
3157 5269 3285 5325 quas
3339 5252 3469 5324 ejus
3512 5252 3657 5322 fuga

2017 5341 2187 5399 socias
2235 5341 2488 5405 fuerant,
2529 5338 2768 5411 triginta
2816 5346 3038 5412 septem
3098 5356 3361 5409 nurnero,
3418 5340 3659 5414 triginta

2017 5436 2133 5487 tres
2171 5430 2278 5501 (l);
2314 5444 2440 5499 qua:
2472 5434 2749 5483 venerant
2794 5429 2865 5484 ad
2896 5429 3192 5485 venandas
3223 5428 3495 5499 martyris
3526 5428 3659 5485 reli-

2019 5520 2208 5594 quias,
2222 5533 2355 5574 cum
2372 5515 3222 5592 fuissentdeindcdeprehensae
3239 5517 3655 5583 asatellitibus.

326 5673 411 5747 (Ι)
442 5673 508 5730 3πι
542 5674 686 5732 Cum
706 5674 966 5749 Ripsime
990 5679 1047 5731 et
1072 5674 1287 5732 Gaiana
1309 5673 1492 5732 fuisse
1521 5674 1694 5733 habet
1724 5676 2119 5753 Menologium
2143 5675 2492 5733 Graecorum.

580 5792 857 5860 ParaOL.
908 5796 1016 5857 Gs.
1063 5793 1234 5858 CXV.

3264 5789 3333 5855 3i
