4106 6200
491 338 605 397 (ΠΙ
1793 326 2084 392 MENSIS
2128 328 2616 393 SEPTEMBER.
3758 338 3851 397 972

493 498 631 573 ipsas
674 512 923 570 quoque,
954 511 1094 552 ense
1151 496 1399 550 mortem
1451 492 1704 559 subiere,
1737 488 1932 564 prada
1960 489 2114 562 10084

2253 494 2426 565 χοροῦ
2471 491 2547 547 εἰς
2607 487 2990 567 ἐϐδομήκοντα
3047 490 3221 549 ούσων
3278 489 3372 550 δύο
3433 494 3551 570 (sic]
3585 493 3711 571 πρὸς
3755 501 3852 561 ταῖς

496 588 908 659 quaastuosiore
941 585 1171 641 invento
1204 582 1477 655 periculo,
1504 587 1566 636 ut
1596 598 1743 651 quas,
1789 581 1959 650 cujus
2006 584 2099 633 stu

2244 580 2535 653 τριάκοντα
2566 582 2641 643 είς
2672 582 2840 659 ἄγραν
2890 586 2999 638 τῶν
3060 588 3405 657 μαρτυρικῶν
3470 583 3722 659 λειψάνων
3772 588 3851 660 ὁρ-

495 680 712 733 debant
742 675 933 731 solum
966 673 1163 729 venari
1189 672 1485 744 reliquias,
1519 677 1697 725 totam
1732 669 1919 741 ipsam
1954 668 2116 723 vitat!

2248 671 2505 740 μήσασαι,
2557 670 2669 725 εἶτα
2726 672 3025 747 κατάφοροι
3064 673 3348 747 γενόμεναι
3398 674 3519 735 τοῖς
3576 670 3850 753 δορυφόρεις

494 773 550 823 et
582 767 753 821 tinem
795 763 1144 835 acceperint,
1176 767 1233 817 et
1262 761 1535 833 ingressae
1579 760 1697 815 sint
1746 758 1802 812 in
1837 758 2106 813 eumdem

2243 759 2305 813 τὸ
2348 755 2435 813 διὰ
2476 759 2662 837 ξίφους
2718 761 2807 815 καὶ
2863 761 3019 816 αὒταὶ
3074 759 3235 824 τέλος
3293 760 3612 836 ὑπέστησαν,
3667 764 3846 839 ὲπικερυ

493 857 550 911 in
587 872 761 928 quem
794 854 924 926 ipsa
952 851 1301 919 thalamum,
1334 850 1536 906 eodem
1570 864 1786 921 sponso
1818 848 2005 919 dignae
2036 846 2114 901 hat

2245 845 2486 920 δέστιρον
2530 847 2729 920 πολλῷ
2776 853 2873 915 τῆς
2935 851 3103 926 ἄγρας
3166 851 3419 925 εὑροῦσαι
3483 853 3572 907 τὸν
3627 850 3849 925 κίνδυνον,

492 945 645 1000 bita.
698 944 907 999 Earum
964 946 1159 998 autem
1232 956 1475 1011 corpora
1549 936 1753 993 bestiis
1811 936 2106 991 diviserun

2241 937 2330 991 καὶ
2362 938 2429 1006 ἧς
2476 931 2735 993 ἔσπευδον
2788 940 2876 993 καὶ
2929 937 3183 1013 λείψανον
3236 946 3467 1015 θηρᾶσαι
3524 942 3700 1014 μόνον,
3744 942 3849 1013 ὅτην

492 1033 813 1105 parricidae,
837 1047 1081 1102 quarum
1114 1046 1248 1085 cum
1300 1025 1609 1084 maximam
1646 1030 1867 1097 partem
1898 1024 1979 1080 illi
2012 1030 2113 1080 tori

2242 1024 2409 1095 αὐτὴν
2470 1032 2645 1096 ζῶσαν
2709 1024 3113 1098 ἀπολαϐοῦσαι,
3174 1027 3252 1091 εἷς
3308 1030 3400 1083 τὸν
3444 1031 3602 1085 αὐτόν
3648 1052 3701 1086 τε
3738 1033 3848 1107 αύτῇ

491 1122 706 1178 mentis
737 1121 1089 1185 exedissent,
1138 1136 1223 1188 ea,
1259 1134 1383 1191 quae
1415 1117 1734 1185 restabant,
1766 1115 1991 1171 edenda
2020 1132 2112 1185 ap-

2240 1120 2504 1193 νυμφῶνα
2579 1115 2941 1186 εἰσελθοῦσαι,
3017 1116 3107 1173 καὶ
3174 1121 3271 1174 τοῦ
3333 1119 3503 1174 αὐτοῦ
3585 1120 3850 1192 ἀξιωθεῖσαι

490 1226 734 1284 posuere
764 1208 989 1275 bestiis,
1024 1225 1095 1264 ne
1124 1224 1311 1281 pauca
1341 1206 1579 1279 quidem
1612 1210 1765 1260 terra
1815 1221 1881 1260 ea
1912 1204 2111 1275 imper:

2238 1204 2497 1280 νυμφίου.
2551 1205 2631 1262 Τὰ
2685 1207 2869 1278 μέντοι
2919 1205 3147 1279 σώματα
3186 1206 3394 1263 τούτων
3447 1210 3655 1285 θηρίοις
3706 1208 3852 1284 ἐμερί-

488 1302 598 1357 tire
628 1299 921 1357 studiosos
952 1298 1185 1354 illarum
1224 1296 1586 1353 Christianos
1620 1294 2035 1373 permittentes.
2066 1369 2080 1373 Α

2237 1312 2397 1373 σαντο
2455 1294 2506 1347 οἱ
2569 1294 2872 1372 μιαιφόνοι,
2933 1296 3021 1350 καὶ
3087 1296 3155 1351 τὰ
3218 1294 3395 1351 πλείω
3454 1303 3568 1358 τοῖς
3635 1298 3847 1373 βασάνοις

486 1379 684 1436 ἐκεῖνοι
714 1383 934 1455 πρῶτον
994 1377 1412 1453 καταφαγόντες,
1472 1375 1537 1429 τά
1594 1372 2001 1446 ὑπολειπόμενα
2062 1369 2289 1427 δεῖπνειν
2346 1372 2526 1429 ἔθεντο
2593 1369 2714 1437 τοῖς
2777 1376 3033 1452 θηρίωις,
3096 1373 3236 1451 μηδὲ
3300 1383 3403 1452 γῆς
3472 1369 3657 1441 αὐτοῖς
3719 1401 3850 1452 μετα-

488 1468 674 1526 δοῦναι
710 1469 969 1545 βραχείας
1000 1467 1127 1530 τοὺς
1159 1464 1426 1541 διψῶντας
1456 1465 1588 1520 αὐτά
1618 1464 1980 1538 Χριστιανοὺς
2011 1462 2399 1541 ἀνασχόμενοι.

558 1561 761 1617 XXIII.
796 1561 1043 1617 Reverso
1075 1562 1268 1614 autem
1303 1556 1563 1630 principe
1580 1572 1920 1627 coquorum,
1954 1558 2011 1611 et
2040 1570 2133 1610 ro-

2308 1554 2430 1609 KI".
2464 1555 2574 1610 Τοῦ
2605 1554 3015 1631 ἀρχιμαγείρου
3045 1553 3102 1611 δὲ
3150 1556 3605 1631 ἀναστρέψαντος,
3648 1558 3729 1613 καὶ
3754 1560 3848 1614 τίνα

488 1656 685 1724 gente,
719 1666 973 1721 quonam
1021 1649 1189 1705 modo
1240 1646 1599 1703 interimeret
1646 1644 1947 1701 Gaianam.
2003 1644 2109 1700 Jan

2232 1642 2325 1696 τὸν
2357 1640 2557 1716 τρόπον
2588 1644 2679 1698 καὶ
2708 1645 2809 1713 τήν
2842 1647 3075 1714 Γαϊανὴν
3108 1643 3287 1701 ἀνελιῖ
3310 1644 3842 1720 πυνθανομένου.“Ηδη

487 1741 666 1807 enim,
714 1738 929 1811 inquit,
964 1742 1028 1793 ut
1060 1737 1169 1792 fuit
1218 1736 1385 1791 nobis
1427 1735 1789 1798 mandatum,
1822 1734 1891 1788 de
1939 1732 2108 1787 medii

2233 1730 2357 1830 γάρ,
2388 1732 2545 1810 φησί,
2580 1732 2853 1807 ἀνῄρηται
2885 1735 3023 1791 κατὰ
3048 1736 3118 1791 τά
3148 1731 3540 1810 διατεταγμένα
3568 1738 3847 1810 ἡμῖνὴῬιι

485 1830 718 1886 sublata
747 1832 835 1885 est
865 1827 1123 1899 Bipsime
1158 1842 1170 1880 :
1201 1826 1519 1891 Teridates,
1544 1828 1605 1879 ut
1627 1823 1724 1890 qui
1758 1822 1898 1878 nihil
1925 1822 2106 1877 memii

2236 1823 2403 1897 ψίμτγ
2429 1824 2456 1878 ὁ
2490 1826 2826 1899 Τηριδάτης,
2860 1827 2946 1881 οἷα
2978 1823 3214 1900 μηδενὸς
3238 1830 3345 1881 τῶν
3373 1826 3669 1902 εἰρημένων
3697 1827 3845 1892 αἰσθό-

484 1920 671 1989 uisset
700 1936 922 1989 eorum,
956 1935 1083 1990 qua:
1108 1920 1361 1989 jusserat
1394 1916 1697 1987 (miserum
1741 1912 1894 1969 enim
1930 1913 2103 1984 perde

2239 1932 2423 1983 μενος,
2476 1912 2761 1980 (ἀπώλλυε
2809 1915 2913 1989 γάρ
2962 1916 3053 1971 τὸν
3103 1916 3297 1971 ἄθλιον
3348 1916 3376 1970 ὁ
3423 1914 3579 1991 ἔρως,
3616 1916 3698 1971 καὶ
3748 1913 3846 1972 οὐδὲ

486 2010 585 2066 bat
640 2024 822 2076 amor,
845 2012 902 2063 et
946 2024 1050 2063 nec
1103 2008 1328 2061 sinebat
1359 2006 1594 2077 quidem
1646 2002 1931 2073 respirare
1982 2001 2107 2056 libet

2235 2000 2483 2056 ἀναπνεῖν
2516 2000 2798 2068 ἐλεύθερον
2856 2006 3199 2079 συνεχώρει.)
3238 2010 3299 2061 ’Π
3333 2003 3391 2061 δὲ
3429 2006 3675 2080 Ῥιψίμη,
3703 2000 3842 2080 ἔλεγε,

486 2099 641 2169 rum)
683 2097 961 2167 Ripsime,
997 2095 1244 2164 dicebat,
1279 2094 1378 2149 ubi
1413 2092 1545 2149 est?
1600 2092 1708 2147 Sed
1769 2091 1867 2146 ubi
1920 2089 2107 2146 videbt

2234 2093 2373 2157 ποῦς
2404 2089 2579 2145 ’Λλλά
2609 2090 2669 2146 ἄν
2703 2089 2805 2147 ἴδω
2834 2092 3096 2167 Ῥιψίμην
3128 2099 3242 2155 τοῖς
3275 2092 3624 2167 ὄφθαλμοῖςς
3656 2092 3840 2161 Ἐπειδὴ

486 2186 810 2258 Ripsimem
831 2186 859 2240 ‘I
884 2185 1195 2255 Postquam
1218 2190 1431 2252 autem,
1448 2187 1727 2253 tanquam
1752 2196 1783 2236 e
1812 2196 2019 2236 somno
2041 2195 2106 2234 ve

2236 2175 2292 2232 δὲ
2322 2175 2503 2253 ὥσπερ
2548 2178 2597 2249 ἐξ
2652 2178 2816 2235 ὕπνου
2847 2181 2882 2250 ἢ
2918 2181 3087 2253 μέθης
3145 2181 3466 2257 ἀνενεγκὼν,
3513 2184 3675 2238 πάντα
3717 2185 3840 2258 ίικρι-

487 2275 761 2332 ebrietate
817 2274 889 2329 ad
949 2288 1011 2330 se
1060 2273 1313 2339 rediens,
1369 2270 1567 2328 omnia
1598 2274 1768 2342 plane
1824 2268 2101 2325 intellexit

2237 2263 2349 2329 ϐὡς
2396 2266 2711 2340 ἐμάνθανεν,
2756 2268 2854 2325 ὅσα
2900 2291 2960 2325 τε
3016 2268 3175 2335 αὒτὸς
3225 2269 3467 2343 ἐπέταξε,
3523 2271 3609 2327 καί
3660 2271 3746 2328 ὅσα
3797 2273 3836 2327 οἱ

489 2379 616 2437 quas
646 2367 704 2419 et
730 2363 849 2433 ipse
872 2363 1151 2433 jusserat,
1183 2366 1239 2416 et
1269 2377 1397 2432 quae
1430 2360 1704 2427 fecerant,
1747 2358 1963 2429 quibus
1998 2360 2101 2429 jus

2239 2356 2611 2421 κελευσθέντες
2666 2354 2915 2434 ἔδρασαν,
2966 2356 3110 2416 δεινά
3158 2359 3352 2431 ἐποίει,
3395 2361 3486 2417 καὶ
3542 2360 3838 2440 ὠλοφύρετο,

488 2468 620 2510 sum
653 2452 861 2523 fuerat,
902 2467 1051 2524 aegre
1099 2452 1337 2520 ferebat,
1366 2450 1637 2521 ejulabat,
1686 2448 2108 2504 vociferabatur

2240 2446 2329 2501 καὶ
2360 2441 2511 2517 ἐϐοπὶ,
2542 2450 2633 2503 καὶ
2664 2449 2823 2511 τέλος
2856 2449 2930 2511 ὡς
2963 2449 3024 2505 οὗ
3074 2450 3333 2524 βιώσεται
3398 2448 3571 2526 ἔλεγε,
3622 2453 3690 2524 μή
3739 2448 3839 2525 οὖχί

488 2548 544 2601 et
599 2546 892 2613 postremo
937 2542 1187 2607 dicebat,
1219 2556 1282 2595 se
1322 2557 1437 2595 non
1495 2555 1622 2595 esse
1669 2538 1984 2603 victurum,
2020 2536 2109 2593 nis

2237 2535 2410 2590 συνὼν
2447 2542 2515 2611 τῇ
2547 2537 2800 2611 Ῥιψίμη.
2843 2538 2948 2594 Καὶ
2980 2538 3171 2593 αὐτίκα
3202 2540 3301 2609 τήν
3355 2547 3458 2609 τῆς
3510 2546 3721 2609 Γαϊανῆς
3755 2537 3841 2594 έκέ-

487 2636 645 2688 esset
673 2648 786 2686 una
808 2647 941 2687 cum
975 2629 1340 2701 Ripsime.Et
1364 2628 1630 2701 protinus
1652 2627 1834 2698 jussit
1866 2626 2108 2697 linguan

2242 2623 2366 2680 λευε
2396 2627 2654 2702 γλῶσσαν
2698 2625 2916 2683 ὄπισθεν
2968 2625 3057 2683 διὰ
3103 2632 3201 2684 τοῦ
3249 2628 3500 2692 τένοντος
3544 2628 3839 2695 ἓλκυσθεῖσαν

484 2722 716 2777 Gaiana
749 2734 896 2790 pone
930 2724 1169 2775 tractam
1214 2734 1312 2790 per
1357 2718 1675 2785 tendinem,
1709 2715 1871 2771 avelli
1913 2730 1942 2769 e
1992 2720 2105 2785 gut‘

2242 2713 2654 2785 ἀποσπασθῆναι
2711 2720 2807 2771 τοῦ
2876 2718 3173 2794 φάρυγγος,
3226 2719 3339 2773 εἶτα
3387 2718 3478 2774 καὶ
3519 2718 3674 2789 αὐτὴν
3715 2718 3846 2789 ὠμῶς

485 2815 664 2865 ture:
723 2809 932 2865 deinde
961 2826 1091 2865 eam
1141 2806 1452 2862 crudeliter
1499 2805 1675 2861 simul
1710 2811 1761 2861 et
1811 2806 2106 2859 inhumani

2242 2800 2373 2876 ἄγαν
2417 2804 2506 2859 καὶ
2557 2805 2929 2879 ἀπανθρώπως
2976 2806 3341 2881 ἀναιρεθῆναι·
3398 2808 3460 2864 οὐ
3511 2807 3610 2883 γάρ
3655 2809 3708 2862 ἀν
3750 2802 3846 2861 οὐδὲ

484 2899 609 2955 tolli
642 2899 714 2954 de
778 2902 1010 2965 medio;
1048 2913 1179 2952 nam
1230 2912 1299 2950 ne
1338 2896 1421 2950 sic
1463 2896 1697 2965 quidem
1746 2894 1968 2949 dicebat
2003 2908 2105 2947 ean

2243 2891 2415 2954 οὕτως
2446 2892 2596 2963 ἀξίαν
2627 2890 2783 2971 ἔλεγε
2826 2896 2925 2963 τὴν
2972 2892 3127 2965 δίκην
3179 2895 3434 2956 ἐκτίσειν,
3492 2901 3558 2954 ‘ll
3603 2898 3697 2971 γὰρ
3738 2895 3845 2961 κακὴ

487 2988 726 3042 meritas
770 3003 971 3057 pcenas
1002 3001 1129 3040 esse
1172 2985 1459 3038 daturam.
1494 2983 1624 3037 Haec
1654 2982 1807 3035 enim
1843 2979 2015 3046 mala,
2051 2981 2108 3036 in

2242 2979 2377 3051 αὕτη
2411 2980 2656 3054 γλῶσσα,
2705 2984 2891 3062 φησὶν,
2942 2983 3078 3053 αὕτη
3124 3005 3228 3056 μου
3278 2987 3378 3053 τήν
3432 2985 3603 3055 καλήν
3641 2982 3847 3062 ἀφείλετο

487 3076 637 3147 quit,
672 3076 894 3144 lingua,
929 3072 1073 3127 mibi
1127 3088 1313 3125 meam
1348 3070 1592 3125 abstulit
1630 3069 1973 3140 Ripsimcm,
2005 3068 2108 3138 ipsa

2243 3066 2525 3142 Ῥιψίμνψ,
2558 3071 2654 3138 τήν
2684 3077 2783 3139 τῆς
2815 3069 2952 3144 ἐμῆς
3006 3071 3142 3141 αὕτη
3199 3076 3387 3148 ψυχῆς
3444 3072 3706 3129 ἀπώλεσεν
3743 3068 3847 3141 ἡδο-

488 3128 967 3236 perd'iditumeam
1001 3160 1209 3214 animae
1240 3158 1619 3230 voluptatem.
1653 3128 1791 3214 cum
1828 3128 1972 3228 hinc,
2002 3128 2109 3229 qua

3131 3128 3383 3148 ..,..-
3508 3128 3577 3129 νγ
3763 3128 3771 3141 .

2243 3158 2359 3225 ντίν.
2431 3158 2498 3225 ἣν
2566 3158 2794 3220 ἀνοσίως
2857 3162 3077 3235 ἡγεῖσθε
3153 3161 3243 3215 καὶ
3320 3164 3593 3237 φονεύετε.
3663 3160 3842 3220 Τούτων

485 3252 720 3308 interim
755 3249 1115 3317 dicebantur,
1148 3248 1465 3303 audivisset
1496 3247 1763 3319 princeps
1786 3263 2102 3317 coquorum

2246 3244 2431 3315 ἐπειδή
2499 3247 2692 3321 μεταξὺ
2752 3250 2779 3303 ὁ
2836 3250 3232 3327 ἀρχιμάγειρος
3292 3254 3497 3324 ἤκουσε
3562 3252 3845 3330 λεγομένων.

488 3340 683 3403 educit
714 3340 990 3395 Gaianam
1024 3354 1156 3393 cum
1204 3337 1456 3405 duabus,
1488 3352 1614 3407 quae
1661 3344 1823 3391 erant
1876 3352 2006 3391 cum
2040 3352 2107 3391 ea

2245 3333 2419 3412 ἐξάγει
2483 3337 2584 3404 τὴν
2652 3339 2879 3407 Γαίἀνῆν
2948 3340 3082 3411 μετά
3166 3341 3257 3394 καὶ
3343 3340 3717 3416 συμπαρθὲνων
3772 3336 3843 3392 δύο

488 3433 815 3504 virginibus
848 3432 916 3486 ad
961 3436 1193 3503 pontem
1227 3428 1408 3497 ﬂuvti,
1441 3446 1611 3501 super
1655 3444 1830 3501 quem
1864 3427 2100 3483 suleban

2243 3426 2379 3499 πρὸς
2411 3428 2476 3496 τῇ
2502 3429 2598 3479 τοῦ
2629 3425 2970 3500 καλουμένου
3006 3429 3311 3503 βαθυτάτου
3361 3436 3615 3505 ποταμοῦ
3659 3428 3844 3505 γεφύρᾳ,

490 3523 784 3601 maleficos
814 3523 1045 3577 allicere
1075 3520 1385 3591 supplicio.
1424 3520 1551 3589 Ipse
1577 3526 1772 3575 autem
1798 3534 1865 3574 ex
1896 3534 1957 3573 se
1988 3535 2102 3589 quo

2244 3513 2325 3589 ἐφ’
2354 3516 2419 3581 ἧς
2450 3515 2577 3575 τοὺς
2626 3516 2965 3591 κακούργους
3014 3516 3265 3586 κολάζειν
3314 3518 3597 3590 εἲώθεσαν,
3649 3519 3729 3573 καὶ
3774 3516 3846 3576 τὰς

488 3629 599 3685 que
630 3612 795 3685 plura
835 3610 1036 3683 adjicit
1095 3613 1407 3665 tormenta.
1444 3608 1824 3664 Existimabat
1858 3608 2012 3664 enim
2070 3625 2109 3664 δι

2244 3601 2466 3665 πλείους
2525 3604 2687 3667 αὐτὸς
2756 3604 2967 3661 οἷ’κοθεν
3051 3607 3378 3681 προστίθησι
3455 3614 3560 3665 τῶν
3628 3608 3845 3684 βασάνων.

488 3702 608 3774 regi
631 3700 1382 3771 maximegratiﬁcaturum,
1399 3698 1444 3753 si
1465 3698 1830 3753 vehementer
1850 3703 1906 3752 et
1930 3699 2109 3753 insani

2242 3694 2397 3771 ’ᾨετο
2430 3693 2534 3769 γὰρ
2565 3698 2642 3766 τῷ
2678 3692 2894 3768 βασιλεῖ
2920 3696 2986 3751 τὰ
3020 3698 3247 3773 μέγιστα
3279 3701 3611 3773 χαριεῖσθαι,
3658 3697 3697 3751 εἰ
3740 3714 3847 3774 σφο-

489 3792 815 3863 spiraretin
849 3789 1119 3859 virgines.
1154 3789 1223 3842 Et
1255 3788 1502 3854 primum
1539 3787 1775 3858 quidem
1811 3789 2105 3858 perrumpi

2245 3780 2368 3857 δρόν
2414 3781 2556 3836 οὕτω
2608 3782 2846 3839 πνεύσειε
2894 3786 3027 3839 κατά
3088 3790 3194 3841 τῶν
3252 3786 3534 3861 παρθένων
3592 3788 3675 3842 καὶ
3728 3804 3849 3858 μανι-

488 3898 689 3939 earum
722 3884 913 3935 vestes
949 3896 962 3933 :
996 3878 1205 3933 deinde
1238 3893 1430 3932 earum
1466 3877 1639 3931 etiam
1673 3877 1929 3932 extensis
1954 3876 2106 3931 mani

2246 3873 2356 3929 κόν.
2390 3874 2493 3929 Καὶ
2525 3879 2716 3947 πρῶτα
2750 3877 2843 3946 μὲν
2886 3875 3306 3952 περιρρήγνυσιν
3357 3879 3539 3933 αὐτῶν
3576 3879 3667 3939 τὰς
3718 3875 3846 3941 ἐσθῆ-

488 3972 597 4029 bus
616 3976 672 4025 et
701 3969 969 4041 pedibus,
993 3972 1049 4021 et
1078 3966 1212 4021 talis
1246 3965 1747 4037 perloratis,illinc
1780 3982 1879 4035 per
1903 3966 2109 4020 ﬁstula:

2243 3981 2359 4030 τας,
2394 3961 2509 4015 εἶτα
2538 3961 2627 4016 καὶ
2666 3968 2855 4037 χεῖρας
2907 3964 2995 4018 καὶ
3043 3962 3212 4027 πόδας
3259 3964 3437 4021 αὐτῶν
3489 3965 3739 4034 διατείνει,
3780 3958 3846 4016 καὶ

485 4064 659 4115 vento
718 4057 919 4127 implet
978 4056 1280 4125 inspirata.
1312 4053 1417 4109 Ubi
1465 4060 1660 4109 autem
1702 4054 1989 4123 disjuncta
2046 4070 2106 4109 es

2244 4051 2378 4106 κατά
2410 4052 2534 4106 τοὺς
2569 4052 2946 4129 ἀστραγάλουσ
2978 4051 3296 4126 διατρήσας,
3329 4060 3649 4134 φυσήματος
3684 4055 3843 4115 ἐκεῖθεν

489 4148 662 4219 pellis
692 4163 724 4201 a
746 4163 847 4200 sua
877 4162 1010 4199 cum
1045 4160 1217 4217 carne
1250 4143 1460 4198 coalita
1489 4143 1920 4211 conjunctione,
1954 4142 2099 4213 virgi

2246 4141 2554 4214 ἐμπίπλησι
2600 4140 2670 4197 δι’
2718 4142 3015 4201 αὐλίσκων.
3072 4146 3159 4207 Ὠς
3210 4143 3268 4200 δὲ
3315 4147 3404 4201 καὶ
3457 4152 3555 4213 τῆς
3603 4146 3727 4221 πρὸς
3772 4142 3847 4208 τῆν

492 4252 597 4291 nes
630 4233 824 4289 miseri
857 4233 1153 4289 excoriant
1184 4248 1197 4285 :
1233 4232 1382 4300 quod
1418 4247 1521 4285 nec
1566 4230 1867 4301 adspicere
1900 4232 2113 4299 quiden

2247 4232 2418 4304 σάρκα
2495 4233 2767 4305 συμφὺῗας
2835 4233 2898 4287 τὸ
2940 4230 3110 4307 δέρμα
3168 4232 3379 4305 διέστη,
3450 4232 3779 4307 ἀποδέρουσιν
3810 4228 3848 4283 οἳ

493 4325 793 4384 humanus
825 4323 1201 4378 sustinuisset
1239 4319 1456 4375 oculus.
1492 4318 1608 4375 Illae
1640 4325 1855 4388 autem,
1890 4325 1946 4376 et
1976 4321 2022 4375 si
2057 4320 2114 4375 iu

2248 4318 2429 4375 ἄθλιοι
2475 4322 2573 4385 τὰς
2618 4323 2934 4395 παρθένους·
2964 4324 2993 4377 ’ὁ
3040 4320 3180 4395 μηδὲ
3231 4324 3616 4400 φιλάνθρωπος
3660 4322 3717 4378 ἄν
3760 4316 3851 4383 θεά·

495 4419 843 4471 emerentur
872 4412 1143 4484 pellibus,
1172 4421 1360 4466 tamen
1396 4408 1594 4465 divina
1616 4426 1731 4464 non
1766 4411 2116 4465 nudabantu:

2250 4420 2435 4473 σασθαι
2488 4409 2770 4483 ὑπέμεινεν
2828 4410 3132 4488 ὀφθαλμός,
3169 4413 3237 4467 Αἱ
3269 4410 3439 4468 δὲκαὶ
3494 4414 3631 4468 οὕτω
3672 4411 3733 4467 τά
3758 4406 3853 4480 δέρ-

496 4504 719 4577 gratia:
746 4520 780 4560 a
809 4518 923 4573 qua
952 4503 1126 4556 etiam
1160 4499 1792 4571 adjutae,requirebant
1821 4499 2110 4555 Christum

2252 4520 2395 4573 ματα
2429 4496 2772 4571 ἐκδυόμεναι,
2831 4500 2983 4573 ὅμως
3038 4508 3137 4571 τῆς
3194 4502 3339 4565 θείας
3405 4502 3505 4558 οὐκ
3566 4502 3853 4577 ἐγυμνοῦντο

498 4594 671 4665 cujus
718 4593 1069 4649 tenebantur
1107 4588 1417 4654 desiderio,
1449 4589 1704 4644 dicentes
1737 4606 1749 4644 :
1786 4612 1815 4639 «
1854 4590 2119 4645 Mementt

2248 4587 2473 4663 χάριτος
2543 4588 2629 4667 ὑφ’
2692 4592 2759 4658 ἧς
2823 4590 2913 4645 καὶ
2983 4590 3323 4664 θαλπόμεναι
3388 4593 3480 4647 τὸν
3556 4590 3852 4661 ποθούμενον

498 4680 704 4751 nostri,
738 4681 982 4750 benigne
1010 4683 1066 4734 et
1096 4678 1351 4734 clemens
1381 4676 1627 4733 Domine
1658 4694 1669 4731 :
1704 4678 1982 4749 quoniam
2008 4695 2119 4749 pro'

2252 4675 2476 4752 ἐξῄτουν
2511 4679 2767 4753 Χριστὸν,
2806 4702 2832 4733 α
2862 4682 3149 4751 Μνήσθητι
3182 4681 3271 4735 γαὶ
3310 4683 3495 4753 ἡμῶν,
3544 4679 3855 4759 φιλανθρωπε

498 4775 626 4844 pter
655 4774 711 4826 te
768 4774 952 4826 morte
984 4768 1277 4822 efﬁcimur
1306 4770 1421 4821 tota
1464 4766 1579 4834 die,
1610 4770 1669 4821 et
1698 4772 1975 4839 tanquam
2006 4784 2119 4823 ove:

2255 4766 2525 4837 Δέσποτα,
2605 4766 2897 4842 λέγουσαι·
2978 4770 3061 4823 ὅτι
3134 4768 3289 4825 ἕνεκα
3364 4774 3460 4825 σοῦ
3525 4762 3854 4837 θανατούμεθα

499 4860 809 4920 occisionis
838 4865 1070 4932 prepter
1098 4862 1154 4912 te
1184 4872 1393 4913 sumus
1446 4860 1721 4928 reputate
1752 4855 1794 4913 ⁸.
1830 4878 1858 4906 ››

2255 4855 2392 4926 ὅλην
2423 4858 2522 4925 τήν
2556 4856 2788 4931 ἡμέραν,
2848 4859 2934 4913 καὶ
2994 4859 3073 4921 ὡς
3126 4855 3374 4932 πρόϐατα
3421 4865 3627 4938 σφαγῆς
3679 4852 3758 4910 διὰ
3813 4849 3854 4903 σὲ

2254 4947 2637 5023 ἐλογίσθημεν,
2673 4973 2697 5003 ι

569 5039 766 5097 XXIV.
799 5037 1073 5108 Princeps
1106 5041 1296 5093 autem
1341 5052 1661 5107 coquorum
1696 5051 1827 5091 cum
1878 5035 2019 5092 vidit
2049 5051 2147 5091 eas

2328 5040 2445 5096 KA'.
2477 5040 2538 5097 Ὁ
2572 5038 2629 5096 δὲ
2669 5040 3090 5116 ἀρχιμάγειρος,
3140 5038 3327 5110 ἐπειδὴ
3379 5043 3480 5111 τήν
3534 5037 3689 5114 δορὰν
3743 5030 3855 5089 ἀλύ-

499 5114 581 5187 ita
624 5129 856 5185 exuisse
902 5125 1108 5199 pellem
1164 5126 1386 5197 absque
1429 5126 1548 5181 ulla
1589 5125 1877 5191 molestia,
1912 5126 2120 5197 perindt

2256 5149 2373 5190 πως
2408 5128 2946 5202 οὕτως’ἀποθεμένας
2985 5128 3143 5198 εἶδεν,
3194 5128 3376 5205 ὥσπερ
3423 5129 3479 5185 ἄν
3531 5128 3581 5184 εἶ’
3619 5146 3700 5185 τις
3748 5118 3856 5189 illi-

501 5236 565 5277 ac
585 5219 631 5275 si
657 5219 787 5290 quis
804 5221 1023 5273 vestem
1047 5216 1325 5283 exuisset,
1348 5221 1403 5271 et
1420 5214 1596 5271 simul
1620 5214 1962 5270 easinterim
1988 5213 2122 5269 audi

2254 5239 2371 5273 τιον
2406 5215 2754 5288 ἀποδύσαιτο,
2789 5219 2878 5273 καὶ
2926 5220 3037 5293 ἅμα
3084 5220 3173 5276 καὶ
3204 5222 3337 5295 πρὸς
3384 5221 3473 5276 τὸν
3518 5218 3640 5275 Θεὸν
3686 5214 3856 5283 ἢκουσε

499 5309 681 5364 visset
709 5308 1015 5362 dominum
1046 5305 1425 5377 alloquentes,
1456 5312 1515 5359 ut
1538 5306 1795 5375 jusserat
1825 5305 2120 5360 Teridates

2260 5308 2455 5381 μεταξὺ
2489 5304 2910 5384 διαλεγομένων,
2954 5310 3089 5365 κατᾶ
3133 5308 3195 5364 τὸ
3243 5312 3339 5365 τοῦ
3381 5303 3679 5381 Τηριδᾶτου
3722 5298 3858 5372 πρόσ-

504 5396 589 5453 eis
622 5396 754 5451 fecit
782 5395 1014 5467 linguas
1045 5395 1242 5451 eximi.
1275 5396 1416 5450 Cum
1451 5394 1644 5463 itaque
1675 5393 2000 5465 virginibus
2033 5391 2118 5448 col

2255 5418 2459 5470 ταγμα,
2501 5398 2591 5453 καὶ
2647 5398 2739 5459 τάς
2780 5398 3032 5474 γλώττας
3081 5397 3322 5455 ἐκέλευεν
3370 5396 3584 5472 ἐξελεῖν.
3639 5390 3732 5453 Καὶ
3776 5386 3858 5457 δῆ-

506 5486 630 5543 lum
670 5485 880 5540 fuisset
935 5501 1084 5557 pone
1132 5486 1511 5557 perforatum,
1542 5485 1628 5541 eis
1660 5485 1875 5555 linguas
1922 5482 2127 5540 exscini

2253 5507 2319 5544 τα
2357 5486 2482 5550 τοὺς
2535 5486 2767 5563 αὐχένας
2808 5487 3025 5545 ὄπισθεν
3085 5489 3139 5545 αἱ
3197 5486 3454 5563 παρθένοι
3503 5482 3854 5553 διατοηθεῖσαιν

581 5652 604 5690 ³
632 5654 783 5714 Paul.
813 5668 976 5723 mu,
1002 5653 1091 5710 22.
