4042 6222
276 399 393 460 973

1280 387 1465 448 VITA
1511 386 1573 446 S.
1624 378 1993 444 GREGORII
2039 379 2681 446 ILLUMINATORIS.

3561 391 3680 452 976

276 558 465 619 αᾶταῖς
522 552 717 628 ῥίζαις,
775 548 871 612 τὰς
924 542 1175 621 γλώττας
1242 540 1613 615 ἐκτέμνονται.
1655 538 1785 597 Εἶτα
1839 536 1930 591 καὶ

2064 539 2264 628 luatur
2292 540 2596 597 radicitus.
2622 540 2835 598 Deinde
2866 558 2995 599 cum
3019 543 3316 617 lapidibus
3346 549 3534 607 instar
3562 550 3684 623 gla-

275 645 452 708 λίθοις
523 643 812 717 μαχαιρῶν
860 634 1015 704 δίκην
1074 632 1477 707 ἐστομωμένοις
1515 630 1604 685 καὶ
1671 630 1928 701 τέμνουσι

272 738 369 797 τὰς
446 732 709 807 γαστέρας
778 730 1151 795 ἀνακοπεῖσαι,
1222 724 1311 777 καὶ
1378 724 1476 791 τήν
1547 719 1695 779 ἐντὸς
1758 723 1930 771 πᾶσαν

278 806 567 881 διάπλασιν
619 806 735 891 πρὸ
789 822 897 872 τῶν
946 812 1130 869 ποδῶν
1200 814 1454 886 χυθεῖσαν
1514 807 1745 873 ἰδοῦσαι,
1787 806 1931 860 οῦτω

276 914 503 972 καὶτὰς
555 908 795 986 κεφαλὰς
855 907 1231 982 ἀφαιροῦνται.
1285 903 1452 975 "Eum
1526 899 1620 971 μὲν
1690 896 1783 951 οῦν
1840 895 1931 949 καὶ

283 1001 453 1059 εἰκάδι
508 982 641 1055 τοῦ⁷
676 990 1052 1070 Σεπτεμϐρίου
1108 992 1298 1066 μηνὸς,
1339 992 1374 1059 ἡ
1429 988 1643 1065 γενναία
1699 982 1930 1058 Ῥιψίμη

284 1093 374 1148 τὸν
449 1087 775 1164 μαρτυρικὸν
842 1080 1085 1138 ἀνείλετο
1171 1079 1447 1157 στέφανον.
1528 1077 1644 1164 ,Τὰς
1710 1073 1931 1164 ἐπὶ

288 1176 424 1253 ἄγρᾳ
451 1160 537 1231 δε
562 1180 671 1231 τῶν
714 1170 920 1241 ἐκείνης
974 1168 1241 1243 λειψάνων
1300 1163 1651 1253 ὁρμηθῗείσας.
1712 1165 1747 1231 ἡ
1797 1160 1932 1227 αὐτὴ

294 1252 565 1342 μάρτυρας
609 1261 742 1318 εἶδεν
789 1258 992 1333 ἡμέρα.
1048 1261 1133 1332 Τῇ
1185 1256 1423 1328 ἑπομένῃ
1474 1252 1529 1308 δὲ
1588 1254 1676 1307 καὶ
1734 1254 1768 1319 ἡ
1833 1271 1933 1323 μα-

288 1356 453 1429 καρία
484 1353 682 1420 Γαῖανή
736 1350 873 1423 μετά
928 1353 1036 1402 τῶν
1104 1346 1496 1418 συμπαρθὲνων
1559 1342 1622 1397 τὸ
1685 1347 1785 1429 τῆς
1830 1359 1941 1429 ,τε-

290 1427 542 1506 λεῶσεως
580 1438 816 1517 ἔδραμον
876 1433 1114 1495 στάδιον.
1171 1437 1343 1504 ’Έκτη
1402 1431 1581 1488 τοίνυν
1633 1428 1685 1500 ἐξ
1730 1427 1938 1484 ἐκείνου

288 1532 509 1603 διῆλθεν
560 1530 764 1603 ἡμέρα,
812 1526 902 1582 καὶ
968 1520 1488 1598 ὑπομαραινομὲνης
1531 1517 1641 1591 ἢδη
1692 1520 1771 1589 τῷ
1824 1518 1941 1586 Τη-

285 1620 475 1699 ριδάτῃ
502 1622 601 1688 τῆς
631 1623 738 1673 τῶν
772 1615 989 1689 ἐρώτων
1035 1611 1266 1692 φλογὸς,
1320 1606 1520 1684 μελέτη
1574 1610 1757 1699 θήρας
1795 1604 1941 1677 αὖτῷ

283 1697 488 1789 γίνεται
554 1708 644 1763 καὶ
719 1705 1055 1780 παρασκευή.
1124 1702 1223 1789 Kal
1264 1702 1292 1756 6
1336 1700 1429 1773 μὶν
1465 1698 1584 1789 Αέπῖ
1650 1697 1942 1789 ὀχήματος

286 1782 427 1876 ἐξῄει
465 1806 569 1868 τῆς
617 1794 855 1857 πόλεως·
890 1796 925 1863 ἠ
969 1791 1092 1864 δίκη
1156 1788 1212 1846 δὲ
1270 1790 1370 1845 οὐκ
1427 1783 1740 1876 ἐϐραδυνεν,
1798 1782 1944 1840 ἀλλὰ

284 1875 367 1951 τις
444 1889 594 1959 αὐτῷ
667 1882 1034 1960 προσπαλαίει
1101 1879 1283 1954 μανία.
1354 1879 1456 1937 Καὶ
1533 1875 2030 1975 δαιμονιώταταΒ

291 1979 447 2041 οὗτος
516 1975 788 2050 ἐμαίνετο,
846 1973 936 2028 καὶ
990 1972 1310 2047 παράφορος
1368 1970 1434 2038 ἦν
1490 1965 1621 2027 ὅλος
1687 1964 1788 2021 ὑπὸ
1844 1971 1942 2031 τῆς

290 2068 475 2138 νόσου,
512 2072 621 2123 τῶν
658 2062 813 2120 ἰδίων
843 2084 902 2119 τε
951 2065 1163 2136 σαρκῶν
1205 2059 1518 2135 παρέτρωγε
1563 2061 1679 2117 τοῖς
1736 2051 1944 2121 ὀδοῦσι,

293 2159 384 2214 καὶ
416 2156 489 2219 εἰς
511 2161 704 2231 χοῖρον
738 2154 944 2225 ἢμειψε
972 2151 1065 2206 καὶ
1124 2150 1186 2205 τὸ
1236 2147 1405 2219 εἶδος,
1458 2146 1548 2202 καὶ
1613 2144 1943 2219 μετηλλαὶγη

295 2242 787 2321 Ναϐουχοδονόσορ
820 2241 896 2303 εἰς
926 2242 1024 2311 τὴν
1060 2240 1297 2318 μορφὴν,
1333 2231 1657 2310 μεταλαϐὼν
1689 2234 1787 2311 γὰρ
1813 2240 1946 2289 ταύ-

295 2359 395 2407 την
426 2333 719 2411 ἠγνόησεν,
750 2336 945 2388 τοῦτον
978 2331 1072 2385 τὸν
1108 2327 1419 2402 μανθανέτω
1449 2326 1649 2398 τρόπον
1670 2324 1760 2380 καί
1783 2326 1953 2397 Τηρι-

296 2425 489 2497 δάτην,
518 2425 618 2491 τήν
652 2422 823 2490 αὐτὴν
864 2418 1057 2491 ἐκείνῳ
1107 2413 1420 2490 μεταϐολὴν
1478 2415 1803 2483 ὑποστάντα,
1857 2411 1950 2467 καὶ

292 2515 465 2589 ταύτῃ
526 2515 626 2582 τήν
682 2509 977 2566 ἀκολασίαν
1034 2508 1491 2581 εἰσπραττόμενον
1552 2503 1640 2558 καὶ
1699 2503 1761 2558 τὸ
1818 2500 1953 2575 ἄγος

294 2606 382 2661 καὶ
415 2602 560 2658 οὕτω
599 2604 829 2676 πικρῶς.
876 2599 972 2653 Καὶ
1038 2597 1106 2665 ἦν
1171 2588 1238 2651 τὰ
1304 2592 1407 2666 ἔξω
1474 2596 1573 2648 τοῦ
1641 2588 1950 2662 Τηριδαὶτου

294 2705 513 2771 χοῖρος,
568 2695 667 2757 τῆς
703 2674 885 2745 Ἵένδον
946 2686 1241 2759 ὡμότητός
1292 2704 1350 2739 τε
1396 2682 1487 2738 καὶ
1528 2685 1624 2737 τοῦ
1679 2674 1951 2756 βορϐόρου

294 2768 407 2841 τῶν
434 2781 670 2854 ἡδονῶν,
703 2779 795 2835 καὶ
826 2785 928 2847 τῆς
961 2774 1140 2844 ἄλλης
1200 2773 1445 2854 χοιρείας
1476 2772 1566 2827 καὶ
1622 2771 1806 2845 ψυχῆς
1862 2768 1953 2823 καὶ

296 2876 521 2950 ἀγωγῆς
563 2869 721 2926 εἰκὼν
788 2870 900 2941 ἅμα
956 2865 1045 2921 καὶ
1106 2863 1403 2938 εἴσπραξις.
1464 2860 1592 2934 Οὐχ
1644 2860 1671 2915 6
1712 2854 1954 2950 Τηριδαῗ

296 2947 388 3033 της
432 2947 488 3020 δὲ
549 2964 715 3036 μόνος
774 2963 942 3016 ταῦτα
981 2959 1009 3012 ὁ
1052 2957 1272 3032 μιαρὸς,
1330 2952 1479 3009 ἀλλᾶ
1546 2951 1636 3007 καὶ
1702 2950 1766 3004 τὸ
1831 2947 1957 3023 περὶ

300 3054 461 3110 αὐτὸν
540 3048 929 3126 στρατιωτικὸν
1000 3048 1157 3115 ἅπαν,
1232 3043 1323 3099 καὶ
1381 3041 1505 3097 ὅσον
1574 3038 1625 3095 ἐν
1695 3036 1954 3116 ἄρχουσι,

298 3148 388 3203 ναὶ
424 3145 476 3202 εἷ’
501 3167 551 3201 τι
584 3143 727 3200 ἄλλο
758 3146 858 3197 τοῦ
906 3138 1313 3210 πολιτεύματος
1362 3139 1479 3197 τοῖς
1519 3130 1955 3204 τετολμημένοις

302 3232 558 3306 συνήδετο
590 3238 668 3305 τῶ
712 3230 857 3302 αὐτῷ
902 3226 1117 3301 δαίμονι
1169 3221 1518 3280 διαπαλαῖον.
1568 3223 1666 3277 Ἦν
1710 3218 1802 3274 οὗν
1860 3218 1955 3272 καὶ

304 3284 555 3292 ’ν”’⁷”⁷
604 3284 662 3305 ⁷⁷6-
716 3284 840 3302 η”σ
995 3284 1005 3301 ι

301 3284 428 3388 τοῖς,
482 3323 743 3399 κατόχοις
815 3325 894 3392 τῷ
966 3322 1124 3382 πάθει
1199 3316 1364 3371 ὁπότε
1436 3312 1527 3368 καὶ
1602 3310 1951 3399 ἂνανήψειαν,
1985 3284 2036 3353 C

302 3414 489 3484 πολλὴ
522 3397 1009 3486 τῆςήάπαλλαγῆς
1040 3409 1076 3477 ἡ
1107 3403 1391 3478 ἐπιθυμία,
1422 3402 1512 3458 καὶ
1560 3406 1683 3463 τοῖς
1730 3397 1956 3462 οἰκείοις

303 3504 589 3583 ἠφροντῖς
652 3500 751 3556 οὐκ
816 3497 1082 3565 ἐλάττων,
1121 3499 1284 3550 τοῦτο
1346 3494 1440 3567 μὲν
1499 3490 1637 3546 ὣστε
1706 3491 1781 3562 μή
1840 3493 1977 3549 τοῖςι

306 3576 521 3667 ὁμοίοις
554 3595 885 3667 περιπεσεῖν,
934 3591 1094 3643 τοῦτο
1149 3582 1206 3640 δὲ
1264 3581 1404 3639 ὥστε
1457 3584 1556 3647 τῆς
1611 3576 1778 3635 νόσου
1828 3578 1956 3639 τοὺς

305 3686 688 3760 προσήκοντας
720 3684 1101 3759 κουφισθῇ-θαι.

380 3772 498 3828 ΚΕ’.
570 3770 656 3826 Ἐν
718 3768 763 3839 ᾧ
822 3754 879 3821 δὲ
932 3763 1205 3823 τοιούτοις
1286 3758 1573 3832 ἐξητάζετο
1640 3754 1857 3811 πάθεσιν
1920 3755 1956 3821 ἡ

308 3859 587 3936 ’Δρμενία,
643 3853 850 3931 ὄνειρος
879 3859 948 3928 τῇ
996 3856 1092 3908 τοῦ
1143 3848 1414 3925 βασιλέως
1473 3844 1956 3936 ἀδελφῇᾼΚουσα-

308 3932 574 4026 ροδοῦκτα
621 3946 893 4020 ἐπιφοιτᾷ.
935 3944 997 4000 Ὀ
1044 3939 1100 3997 δὲ
1148 3939 1356 4015 ὄνειρος
1408 3940 1523 4011 φῶς
1564 3935 1629 4026 ἧν
1688 3932 1961 4026 ἀδθρώπῳ

304 4024 404 4109 τήν
439 4037 730 4094 διάπλασιν
770 4034 969 4095 ἐοικός.
1004 4028 1213 4088 Ἐδόκει
1247 4026 1304 4083 δὲ
1355 4026 1528 4099 λέγειν
1580 4024 1679 4091 ὡς,
1732 4024 1775 4078 εἱ
1821 4029 1963 4095 Γρη-

306 4128 495 4203 γόριον
535 4127 739 4181 ἐκεῖνον
793 4122 852 4177 ὅν
903 4122 1049 4196 παρᾶ
1097 4123 1166 4191 τῇ
1214 4116 1375 4173 πόλει
1424 4114 1661 4203 Ἀρταξᾷᾼ
1708 4111 1963 4188 βαράθρῳ

309 4201 551 4289 καθῆκαν
630 4218 985 4290 ἀνιμήσαιντο
1063 4211 1285 4277 ἐκεῖθεν,
1360 4206 1497 4263 κατᾶ
1571 4201 1741 4265 πόδας
1805 4203 1964 4267 εὐθὺς

310 4309 401 4365 καὶ
473 4307 627 4367 λύσις
686 4304 1049 4373 ἀκολουθήσει
1089 4306 1188 4370 τῆς
1256 4300 1556 4376 συμφορᾶς.
1625 4292 1692 4351 Εἰ
1762 4289 1818 4346 δὲ
1887 4292 1964 4363 μὴ

308 4396 477 4455 ταῦτα
510 4393 651 4470 μηδὲ
708 4393 851 4449 οὕτω
899 4391 1154 4460 ποιητέον
1199 4387 1408 4456 αὐτοῖς,
1454 4383 1601 4439 ἀλλᾶ
1651 4384 1725 4455 μὴ
1781 4382 1966 4454 ἒτὲραν

310 4492 407 4544 τοῦ
474 4468 644 4541 κακοῦ
719 4482 1005 4557 θεραπείαν
1080 4480 1349 4553 εὑρήσειν.
1427 4477 1608 4531 Ταῦτα
1672 4475 1769 4526 τοῦ
1835 4468 1970 4524 όνεί·

314 4597 416 4652 ρου
449 4570 694 4635 εἰπόντος
754 4569 1101 4646 παρελθοῦσα
1157 4564 1233 4627 εἷς
1288 4563 1383 4618 τὸν
1443 4558 1619 4632 δῆμον
1682 4561 1717 4627 ἡ
1762 4564 1969 4652 Κλουσα-

2041 627 2269 684 diorum
2304 632 2493 685 acutis
2523 635 2580 686 et
2611 633 2968 700 secantibus,
3017 637 3234 691 exsecti
3265 637 3514 694 fuissent
3544 657 3683 696 ven-

2041 721 2182 787 tres,
2214 724 2272 773 et
2304 720 2637 775 universum
2673 722 2965 776 internum
3014 722 3361 793 ﬁgmentum
3394 728 3677 785 vidissent

2043 806 2237 861 fusum
2267 825 2369 879 pro
2420 809 2685 878 pedibus,
2728 810 2812 864 eis
2845 812 3035 881 capita
3064 819 3462 885 amputantur.
3494 818 3684 889 Atque

2041 897 2315 953 vicesimo
2347 901 2579 971 quidem
2613 910 2771 956 sexto
2802 904 3018 957 mensis
3048 904 3399 973 Septembris
3431 906 3686 978 gloriosa

2042 988 2301 1058 Ripsime
2360 1005 2631 1045 coronam
2681 990 2942 1063 suscepit
2997 994 3370 1063 martyricam
3427 998 3523 1066 (2).
3575 997 3691 1053 Eas

2044 1092 2198 1142 vero,
2233 1092 2361 1148 qua:
2391 1084 2668 1133 venerant
2715 1080 2785 1134 ad
2837 1083 3131 1137 venandas
3180 1082 3342 1139 illius
3381 1084 3683 1156 reliquias,

2046 1164 2195 1220 idem
2227 1167 2346 1221 dies
2369 1167 2511 1221 vidit
2544 1174 2847 1239 martyres.
2873 1168 2975 1224 Die
2996 1175 3191 1226 autem
3220 1174 3488 1245 sequenti
3517 1174 3689 1230 beata

2048 1269 2278 1325 quoque
2310 1256 2527 1310 Gaiana
2557 1273 2688 1310 cum
2723 1257 2897 1312 sociis
2930 1258 3252 1330 virginibus
3277 1262 3695 1332 percurrerunt

2047 1343 2303 1398 stadium
2351 1346 2896 1402 consummationis.
2943 1348 3029 1402 Ab
3080 1347 3180 1405 illo
3235 1366 3375 1423 ergo
3431 1366 3690 1425 tempore

2047 1438 2276 1496 transiit
2306 1445 2502 1496 sextus
2532 1441 2677 1509 dies,
2710 1445 2767 1498 et
2804 1444 2927 1514 jam
2962 1443 3201 1501 ﬂamma
3229 1463 3497 1504 amorum
3528 1448 3692 1505 Teri-

2049 1528 2192 1583 datte
2224 1530 2442 1586 sensim
2478 1536 2855 1602 marescente,
2889 1532 2989 1587 ille
3018 1549 3280 1605 egressus
3309 1541 3395 1593 est
3422 1538 3493 1594 ad
3522 1554 3694 1594 vena-

2048 1618 2290 1675 tionem.
2318 1620 2444 1676 Non
2476 1622 2723 1677 tardavit
2749 1624 3186 1695 autemjustitia
3212 1644 3223 1680 :
3247 1628 3348 1683 sed
3372 1644 3505 1684 eum
3539 1645 3695 1702 qua:-

2052 1707 2183 1763 dam
2216 1709 2432 1765 invadit
2456 1710 2702 1776 insania,
2727 1728 2839 1783 qua
2862 1712 3091 1769 furebat
3121 1714 3294 1786 plane
3316 1717 3692 1786 dmmoniace,

2052 1803 2106 1851 et
2135 1814 2244 1867 prae
2276 1799 2478 1854 morbo
2510 1806 2631 1855 erat
2660 1805 2864 1856 emotae
2898 1803 3133 1869 mentis,
3166 1806 3224 1859 et
3251 1804 3527 1861 dentibus
3556 1822 3695 1861 suas

2042 1887 2357 1971 rarrodebat
2381 1904 2586 1944 carnes
2608 1907 2620 1944 :
2645 1894 2701 1945 et
2726 1894 2951 1946 mutata
2972 1892 3283 1948 fuittorma
3304 1894 3428 1964 ejus
3466 1894 3529 1950 iu
3567 1911 3697 1966 por-

2056 1995 2212 2033 cum.
2244 1978 2403 2042 Quod
2439 1984 2485 2035 si
2520 1981 2655 2052 quis
2698 1982 2792 2048 sit,
2826 1983 2924 2053 qui
2969 2000 3084 2038 non
3116 1984 3344 2055 ignoret
3375 1987 3555 2043 fuisse
3583 1988 3697 2042 Na-

2056 2067 2591 2124 buchodonosorem
2627 2078 2912 2126 mutatum
2935 2070 2994 2127 in
3022 2073 3170 2129 banc
3194 2075 3462 2139 formam,
3492 2076 3696 2131 eodem

2057 2159 2229 2212 modo
2261 2159 2407 2213 sciat
2454 2159 2626 2215 etiam
2677 2160 3011 2216 Teridatem
3044 2165 3334 2231 eamdem,
3368 2180 3545 2236 quam
3578 2164 3698 2231 ille,

2056 2246 2311 2303 subiisse
2344 2249 2741 2304 mutationem.
2786 2249 2995 2320 Sicque
3025 2251 3095 2305 de
3124 2251 3365 2307 libidine
3395 2260 3449 2306 et
3481 2252 3699 2324 ﬂagitio

2057 2342 2304 2408 sumptis
2336 2347 2466 2392 sunt
2497 2343 2614 2393 tam
2665 2340 2883 2395 acerbae
2917 2357 3095 2412 pcenae
3136 2340 3234 2413 (3).
3285 2342 3353 2398 Et
3392 2351 3512 2397 erat
3538 2341 3698 2397 Teri-

2058 2426 2222 2481 dates
2252 2426 2615 2482 extrinsecus
2656 2444 2901 2499 porcus:
2956 2430 3196 2485 interna
3241 2430 3602 2486 crudelitatis
3643 2434 3702 2485 et

2060 2515 2202 2570 caeni
2235 2516 2619 2586 voluptatum,
2642 2522 2700 2571 et
2721 2516 2960 2572 alterius
2986 2519 3233 2589 porcina
3255 2520 3464 2575 animm
3487 2535 3554 2574 ac
3575 2519 3700 2574 vitae

2060 2603 2237 2658 simul
2271 2603 2460 2674 imago
2491 2613 2542 2658 et
2573 2620 2758 2675 paena.
2792 2604 2913 2661 Non
2948 2606 3031 2660 sic
3057 2612 3243 2661 autem
3279 2606 3436 2662 solus
3459 2613 3584 2662 erat
3614 2609 3698 2662 af-

2061 2694 2246 2747 fectus
2276 2694 2664 2748 exsecrandus
2715 2694 3017 2750 'l‘eridates
3045 2711 3059 2748 :
3092 2696 3191 2750 sed
3227 2700 3284 2751 et
3332 2711 3556 2765 omnes,
3598 2694 3699 2767 qui

2061 2786 2224 2837 erant
2253 2798 2383 2837 cum
2417 2798 2483 2836 eo
2517 2782 2749 2849 milites,
2781 2787 2838 2838 et
2876 2783 3210 2855 quicunque
3239 2800 3307 2839 ex
3340 2784 3703 2856 magistrati-

2062 2873 2172 2926 bus
2202 2876 2255 2926 et
2283 2869 2412 2926 aliis
2442 2869 2667 2927 civibus
2698 2872 2875 2926 simul
2912 2872 3256 2928 laetabantur
3287 2874 3381 2939 iis,
3414 2889 3535 2944 quae
3568 2888 3700 2945 per-

2065 2964 2287 3032 petrata
2321 2962 2569 3027 fuerant,
2603 2976 2737 3015 cum
2766 2962 2967 3015 eodem
3006 2962 3381 3017 luctabantur
3401 2963 3701 3019 daemone:

2067 3066 2179 3105 non
2212 3050 2361 3120 quod
2396 3055 2591 3104 essent
2621 3049 2735 3119 ipsi
2765 3065 2999 3121 quoque
3026 3067 3332 3120 porcorum
3362 3051 3548 3107 induti
3574 3068 3705 3123 spe-

2065 3140 2171 3209 cie,
2201 3139 2300 3193 sed
2334 3139 2390 3193 in
2415 3141 2669 3194 furorem
2704 3140 2918 3194 redacti
2948 3148 3128 3205 erant,
3152 3144 3210 3195 et
3238 3156 3271 3195 a
3295 3157 3358 3195 se
3391 3140 3560 3212 plane
3590 3140 3709 3196 dis-

2066 3236 2376 3283 cesserant.
2412 3232 2544 3284 Erat
2565 3227 2746 3298 igitur
2769 3228 2861 3295 iis,
2887 3245 3035 3299 quos
3058 3228 3178 3284 hac
3202 3229 3439 3285 tenebat
3460 3230 3703 3297 affectio,

2066 3316 2295 3388 quando
2327 3315 2765 3387 resipiscebant,
2795 3316 3147 3373 liberationis
3176 3334 3457 3389 magnum
3480 3318 3710 3374 deside-

2066 3406 2258 3461 rium:
2292 3421 2613 3475 eorumque
2655 3406 2999 3461 necessariis
3044 3423 3158 3462 non
3193 3406 3387 3462 minor
3417 3407 3597 3478 hujus
3630 3408 3709 3463 rei

2066 3512 2226 3564 cura,
2280 3495 2487 3567 partim
2537 3494 2795 3565 quidem,
2849 3511 2921 3550 ne
2964 3494 3291 3552 inciderent
3339 3497 3399 3552 in
3439 3497 3705 3552 similia:

2067 3586 2279 3656 partim
2315 3588 2529 3651 autem,
2563 3587 2628 3637 ut
2659 3582 2861 3638 morbo
2884 3583 3233 3652 levarentur,
3265 3584 3366 3655 qui
3397 3585 3468 3640 ad
3497 3601 3595 3641 eos
3626 3590 3710 3639 at-

2067 3673 2351 3729 tinebant.

2138 3761 2316 3817 XXV.
2351 3760 2589 3817 Interim
2623 3764 2817 3815 autem
2848 3760 2987 3815 dum
3013 3760 3069 3815 in
3095 3761 3188 3816 his
3212 3761 3385 3817 malis
3416 3760 3715 3816 conflicta-

2070 3852 2244 3907 batur
2274 3850 2566 3915 Armenia,
2601 3855 2836 3921 apparet
2866 3850 3159 3904 somnium
3208 3850 3359 3922 regis
3390 3850 3571 3907 sorori
3602 3853 3714 3905 Cu-

2070 3943 2415 3999 saroductze.
2446 3940 2753 3996 Somnium
2786 3946 2979 3995 autem
3014 3957 3111 3995 era
3144 3942 3239 3996 lux
3271 3940 3492 3996 homini
3526 3942 3715 4011 figura

2072 4031 2296 4087 similis.
2322 4031 2636 4086 Videbatur
2664 4034 2855 4085 autem
2881 4030 3095 4096 dicere,
3124 4030 3345 4102 quodsi
3370 4030 3713 4101 Gregorium

2070 4121 2258 4189 illum,
2290 4136 2462 4193 quem
2488 4120 2546 4174 in
2578 4118 2809 4174 civitate
2828 4120 3061 4174 Artaxat
3085 4119 3145 4173 in
3176 4118 3512 4174 barathrum
3534 4117 3718 4173 demi-

2074 4215 2298 4275 serunt,
2348 4209 2509 4265 illinc
2541 4209 2858 4279 hauserint,
2899 4223 2931 4263 e
2972 4208 3212 4281 vestigio
3258 4207 3397 4264 mali
3436 4214 3713 4281 sequetur

2076 4300 2309 4357 solutio.
2354 4299 2452 4353 Sin
2503 4299 2697 4354 minus
2747 4302 2943 4354 autem
2989 4297 3111 4352 haec
3156 4296 3239 4353 sic
3280 4297 3443 4363 fiant,
3486 4314 3709 4368 nequa-

2077 4405 2254 4462 quam
2287 4392 2427 4442 sunt
2456 4387 2743 4441 inventuri
2786 4386 2959 4443 aliam
3006 4386 3389 4442 curationem.
3424 4386 3554 4442 Hazc
3586 4402 3718 4441 cum

2078 4478 2318 4533 dixisset
2346 4476 2665 4542 somnium,
2699 4473 2773 4529 ad
2823 4475 3105 4546 populum
3154 4475 3437 4530 accedens
3468 4476 3719 4531 Cusaro-

2079 4567 2251 4623 ducta
2284 4566 2577 4636 (vincebat
2618 4564 2776 4620 enim
2823 4568 3099 4636 pudorem
3148 4564 3220 4633 is,
3251 4580 3423 4635 quem
3455 4566 3525 4619 de
3548 4566 3719 4620 fratre

320 4644 588 4740 ροδοῦκτα
658 4644 843 4733 (ἐνίκα.
895 4658 994 4734 γὰρ
1054 4658 1153 4724 τὴν
1213 4651 1351 4709 αἰδῶ
1392 4654 1427 4722 ἡ
1469 4650 1557 4740 ἐπὶ
1613 4653 1693 4720 τῷ
1749 4644 1953 4740 ἀδελφῇ

2082 4656 2404 4727 accipiebat
2435 4654 2619 4725 dolor)
2639 4655 3032 4710 communicat
3066 4653 3371 4709 visionem.
3406 4652 3493 4708 illi
3528 4660 3721 4709 autem

315 4734 511 4824 λύπη),
542 4756 818 4808 κοινοῦται
846 4749 947 4817 τὴν
988 4744 1136 4820 ὄψιν.
1197 4745 1264 4801 Οἱ
1314 4740 1372 4797 δὲ
1424 4739 1700 4824 μαίνεσθαι
1744 4735 1833 4791 καὶ
1866 4734 1972 4824 αὐ,-

314 4844 415 4911 τήν
446 4822 742 4912 οἰηθέντες,
796 4840 924 4909 (ποῦ
971 4836 1075 4910 γὰρ
1113 4832 1173 4888 ἄν
1230 4830 1322 4887 καὶ
1362 4831 1551 4885 ὀστοῦν
1610 4823 1689 4883 ἔτι
1737 4822 1972 4898 περιλεί-

322 4911 534 4987 πεσθαις
588 4925 899 5004 Γρηγορίου
950 4924 1078 4997 παρ’
1122 4920 1305 4982 αὐτοῖς
1336 4916 1482 4979 ὅλως
1537 4911 1968 5004 maluae-:65)?»

320 5001 637 5096 χλευασμῷ
656 5001 786 5078 τοὺς
831 5020 931 5083 τῆς
972 5007 1461 5083 Κουσαροδούκτας
1515 5005 1727 5096 λόγους.
1765 5001 1968 5096 γελωτι

318 5090 634 5164 ἐποιοῦντο.
680 5101 902 5172 Ἐπειδὴ
939 5099 995 5157 δὲ
1034 5101 1099 5156 τὸ
1144 5098 1308 5154 κακὸν
1360 5096 1447 5152 ἐπὶ
1497 5093 1661 5150 πλέον
1713 5090 1967 5157 ἒτείνετο,

319 5199 409 5253 καὶ
473 5198 501 5251 6
568 5192 778 5269 ὅνειρὸς
842 5190 1137 5268 ἔπιφοιτῶν
1203 5188 1305 5243 οὐκ
1370 5185 1525 5252 ὀινίει,
1594 5182 1685 5237 καὶ
1746 5183 1777 5251 ἡ
1834 5181 1965 5269 γυνή

321 5286 565 5341 ἐπέκειτο
624 5268 959 5363 σφοδροτὲρα
1025 5278 1401 5363 ἀναγκάζουσα
1490 5274 1581 5329 τὸν
1649 5268 1827 5363 δῆμον

320 5373 476 5451 ἔργον
516 5359 737 5452 ἀγαγεῖν
803 5372 901 5440 τήν
970 5364 1120 5443 ὄψιν,
1190 5362 1475 5421 στὲλλεταί
1540 5359 1835 5452 τις-παρα
1894 5361 1969 5428 τῷ

317 5444 576 5539 ’Ᾰρταξᾷν
612 5444 862 5540 ιρρουρίῳ
924 5463 1029 5516 τῶν
1120 5456 1429 5529 ἰπισήμων.
1495 5450 1729 5513 Λῦταῗας
1796 5444 1971 5518 ὄνομα

396 5658 471 5731 (2)
528 5655 812 5732 Ripsime,
882 5653 1139 5732 Gaianae
1181 5654 1240 5732 et
1306 5646 1592 5732 sociarum
1649 5647 1969 5732 martyrum

328 5714 541 5792 factum
570 5714 723 5800 apud
756 5714 977 5785 Graecos
1007 5726 1076 5781 30
1105 5720 1466 5794 Septembris
1499 5718 1608 5777 sub
1642 5732 1759 5774 una
1782 5714 1971 5777 solen-

2082 4761 2211 4801 eam
2242 4743 2511 4800 arbitrati
2544 4742 2803 4799 insanire
2848 4742 3166 4814 (quomodo
3206 4743 3359 4799 enim
3394 4747 3725 4812 speraretur

2084 4835 2232 4907 apud
2268 4849 2366 4889 eos
2394 4831 2635 4887 omnino
2668 4832 2955 4902 reliquum
2989 4847 3115 4887 esse
3147 4832 3232 4886 vel
3264 4847 3328 4887 os
3362 4830 3547 4887 ullum
3585 4832 3721 4887 Gre-

2081 4923 2227 4994 gorii
2250 4922 2298 4993 ‘?)
2328 4922 2502 4977 verba
2532 4921 2941 4977 Cusaroductaa
2974 4920 3421 4977 subsannabant
3441 4924 3499 4976 et
3528 4919 3728 4975 irride-

2080 5014 2242 5069 hant.
2275 5011 2416 5066 Cum
2450 5015 2646 5067 autem
2680 5008 2900 5065 malum
2950 5008 3373 5075 intenderetur,
3406 5025 3513 5067 nec
3541 5010 3725 5065 inter-

2080 5101 2338 5157 mitteret
2382 5100 2697 5155 adventare
2753 5097 3075 5166 somnium,
3121 5104 3179 5153 et
3225 5098 3437 5155 mulier
3482 5097 3730 5155 instaret

2078 5188 2501 5254 vehementius,
2533 5202 2743 5257 cogens
2775 5185 3075 5258 populum,
3122 5190 3187 5242 ut
3222 5187 3508 5244 visionem
3534 5188 3607 5242 ad
3638 5188 3728 5243 ef-

2080 5282 2296 5337 fectum
2348 5277 2680 5344 deduceret,
2732 5275 2991 5331 mittitur
3020 5276 3255 5347 quidam
3288 5276 3378 5332 vir
3426 5278 3621 5335 clarus
3651 5279 3725 5334 ad

2079 5368 2355 5440 oppidum
2388 5368 2635 5433 Artaxat,
2670 5364 2907 5421 nomine
2937 5367 3203 5421 Autaias.
3243 5366 3388 5423 Cum
3427 5382 3587 5440 ergo,
3619 5366 3723 5440 qui

2079 5460 2139 5517 in
2170 5474 2235 5515 co
2261 5464 2449 5527 erant,
2474 5460 2792 5529 rogassent,
2816 5471 2919 5511 cur
2950 5454 3169 5512 veniret
3199 5456 3463 5527 Autaias,
3485 5460 3542 5515 et
3571 5474 3725 5532 quas-

2080 5641 2635 5787 nigtencelebiratur.
2670 5639 2879 5707 Latini,
2912 5640 2982 5696 29
3011 5641 3385 5714 Septembris.

2306 5732 2400 5773 an.
2472 5754 2486 5770 .

2306 5732 2400 5773 an.
2433 5732 2486 5771 4.
