4106 6200
324 384 440 451 975

1620 365 1904 430 MENSIS
1945 362 2435 426 SEPTEMBEB.

3612 357 3736 420 9'76

325 563 461 605 nam
492 546 648 603 esset
677 558 854 600 causa
883 539 1012 611 ejus
1059 536 1365 599 adventus,
1397 529 1686 601 simulque
1715 532 1773 584 et
1810 527 1962 583 ride-

2106 558 2107 567 ι
2155 523 2314 593 ἀνήρ.
2348 524 2467 611 Τῶν
2515 520 2567 578 ἐν
2618 518 2765 611 αὒτῷ
2818 517 3001 611 τοίνυν.
3043 518 3122 598 ἒφ¹
3151 521 3197 593 ᾧ
3227 541 3287 577 τε
3332 520 3459 593 ἥκοι
3498 519 3743 583 Αὖταῒας

325 642 455 696 rent
503 640 562 691 et
610 633 983 697 mirarentur,
1036 625 1326 699 quomodo
1372 621 1523 677 inter
1573 620 1733 675 vivos
1781 616 1973 673 adhuc

328 731 638 803 quaeratur,
665 737 836 794 quem
871 734 976 774 nec
1008 719 1305 772 mortuum
1338 712 1568 783 quidem
1605 707 1971 764 arbitraban-

327 825 424 876 tur
453 810 783 873 conservari
816 812 888 864 ob
932 813 1187 877 tempus,
1232 802 1383 875 quod
1415 802 1839 859 intercesserat,
1873 796 1972 850 sed

330 912 389 967 in
423 909 713 982 pulverem
752 904 869 974 jam
903 916 1033 955 esse
1065 896 1443 961 dissolutum,
1493 889 1789 947 somnium
1844 887 1973 958 ejus

332 980 563 1069 satrapa
592 998 775 1067 (hunc
806 991 961 1048 enim
994 989 1176 1043 fuerat
1208 985 1484 1039 honorem
1518 980 1890 1043 consecutus)
1919 980 1975 1031 et

331 1101 671 1159 reSponsum
715 1082 1034 1137 recensuit:
1087 1080 1144 1130 et
1191 1073 1473 1129 accedens
1505 1071 1573 1125 ad
1609 1067 1971 1131 barathrum,

333 1176 677 1235 nominatim
710 1169 929 1227 vocavit
974 1164 1332 1236 Gregorium.
1383 1161 1483 1215 llic
1531 1163 1721 1213 autem
1774 1155 1973 1210 statim

334 1266 667 1338 respondet.
701 1264 843 1319 Cum
877 1260 927 1314 is
957 1262 1149 1313 autem
1180 1253 1339 1307 illius
1369 1251 1560 1306 solum
1595 1247 1852 1303 audisset
1883 1260 1975 1298 re-

336 1370 643 1431 sponsum,
667 1350 937 1409 demissis
960 1345 1225 1409 funibus,
1257 1356 1387 1397 eum
1412 1337 1610 1394 statim
1633 1336 1877 1407 rogavit,
1910 1335 1976 1387 ut

336 1418 411 1502 iis
460 1443 663 1515 captis,
713 1452 949 1495 sursum
1000 1432 1345 1489 traheretur.
1410 1424 1566 1481 Dixit
1611 1424 1769 1479 enim
1818 1418 1978 1473 illius

337 1508 568 1605 Deum-j
581 1508 821 1597 ussisse,
844 1531 908 1581 ut
927 1521 1287 1580 ascenderet.
1313 1515 1567 1573 Funibus
1596 1513 1796 1584 itaque
1821 1508 1979 1564 illinc

338 1625 631 1682 extractus
696 1617 1108 1675 sacrosanctus
1176 1605 1503 1680 Gregorius,
1561 1605 1682 1658 toto
1740 1598 1977 1671 quidem

339 1727 578 1786 corpore
607 1727 636 1765 a
668 1708 942 1764 diuturna
971 1702 1033 1758 in
1066 1714 1227 1755 emno
1258 1700 1314 1752 et
1347 1694 1475 1750 limo
1506 1690 1821 1747 afﬂictione
1852 1686 1984 1742 fue-

339 1777 853 1871 rafdenigratus:
908 1793 1006 1849 sed
1058 1805 1193 1846 cum
1226 1802 1358 1843 eum
1410 1799 1583 1855 aqua,
1630 1778 1820 1851 quoad
1853 1777 1982 1847 ejus

2080 613 2168 669 καὶ
2199 613 2234 683 ἢ
2266 632 2347 673 τις
2390 610 2538 681 αὖτῷ
2583 608 2787 686 ἠχρεία
2833 617 2935 680 τῆς
2980 606 3213 685 ἄφίξεως
3260 611 3579 685 πυθομένων
3636 608 3735 664 καὶ

2079 701 2366 777 γελώντων
2401 700 2513 772 ἅμα
2542 704 2631 755 καὶ
2665 698 3045 771 θαυμαζόντων
3099 700 3251 762 ὅπως
3299 698 3351 754 ἐν
3409 705 3524 762 τοῖς
3576 704 3741 769 ζῶσιν

2084 790 2161 847 ἔτι
2194 795 2456 859 ζητεῖται,
2485 789 2541 844 ’ὸν
2572 785 2696 843 οὐδὲ
2730 789 2916 858 νεκρὸν
2946 788 3006 843 ἂν
3042 787 3144 843 ὑπὸ
3190 791 3287 844 τοὺ
3354 788 3548 862 μεταξὺ
3598 788 3740 864 χρό-

2083 901 2178 935 νου
2209 878 2382 952 ᾤοντο
2412 884 2552 934 σῶον
2581 879 2880 952 τηρεῖσθαι,
2913 875 3041 933 ἀλλ’
3093 878 3168 939 εἷς
3217 876 3365 932 κόνιν
3414 874 3743 946 διαλυθῆναι

2083 968 2216 1041 ἤδη,
2284 969 2376 1024 τὸν
2450 964 2657 1041 ὄνειρον
2721 971 2905 1028 αῦτοῖς
2973 968 3001 1021 6
3042 967 3322 1038 σατράπης
3365 965 3565 1039 (τούτῳ
3629 966 3740 1040 γὰρ

2085 1060 2394 1131 ἐτετίμητο.
2450 1056 2707 1122 Αὐταΐας)
2766 1057 2853 1112 καὶ
2902 1057 2992 1111 τὸν
3054 1057 3310 1133 χρησμὸν
3366 1053 3589 1130 διεξῄει,
3644 1047 3743 1109 καὶ

2085 1153 2166 1221 τῷ
2199 1148 2453 1225 βαράθρῳ
2501 1146 2745 1216 ἐπιστὰς,
2804 1146 3067 1220 ὀνομαστὶ
3130 1147 3222 1201 τὸν
3283 1146 3583 1220 Γρηγόριον
3621 1143 3746 1200 ἰκα-

2090 1248 2193 1295 Λει.
2227 1240 2287 1295 Ὁ
2318 1236 2374 1293 δὲ
2423 1236 2578 1301 εὐθὺς
2636 1235 3003 1311 ἀποκρίνεται.
3055 1234 3155 1291 Καὶ
3193 1236 3268 1298 ὡς
3320 1234 3484 1309 μόνον
3531 1233 3746 1298 ἐκεῖνος

2088 1331 2189 1397 τῆς
2253 1326 2593 1401 ἀποκρίσεως
2647 1325 2863 1401 ᾔσθετο,
2935 1324 3191 1401 σχοίνους
3256 1325 3438 1389 καθεὶς
3523 1323 3745 1394 αὐτίκα,

2088 1415 2263 1473 ἐδεῖτο
2310 1411 2616 1488 λαϐόμενος
2663 1415 2838 1471 αὐτῶν
2892 1413 3265 1472 ἀνελκύεσθαι.
3304 1414 3409 1471 Τὸν
3448 1413 3549 1489 γὰρ
3600 1410 3752 1467 ἐκεί-

2087 1528 2182 1563 νου
2213 1506 2367 1583 ξφησὶ
2407 1506 2535 1561 Θεὸν
2584 1506 2884 1580 προσταξας
2941 1507 3043 1575 τήν
3101 1500 3317 1561 ἄνοδον.
3363 1501 3749 1563 Ἀνελκυσθεῖς

2089 1597 2266 1654 τοίνυν
2342 1594 2541 1661 ἐκεῖθεν
2591 1601 2710 1658 τοῖς
2777 1592 3077 1658 καλῶδίοις
3134 1595 3162 1649 6
3201 1593 3350 1669 ἱερὸς
3414 1592 3748 1667 Γρηγόριος,

2092 1685 2220 1742 ὅλον
2258 1686 2351 1759 μέν
2381 1686 2445 1741 τὸ
2476 1689 2635 1759 σῶμα
2678 1686 2781 1741 ὑπὸ
2827 1690 2927 1754 τῆς
2975 1684 3203 1763 χρονίας
3242 1681 3366 1758 περὶ
3405 1682 3497 1737 τὸν
3541 1673 3750 1755 βόρϐο-

2097 1796 2186 1851 ρον
2215 1776 2304 1830 καὶ
2336 1775 2433 1843 τὴν
2466 1773 2586 1831 ἰλὺν
2635 1772 2928 1835 κακώσεως
2982 1769 3359 1845 μεμελάνωτο·
3403 1767 3530 1825 ἀλλ’
3586 1766 3755 1825 ’ὑδατι

340 1891 468 1948 fieri
522 1860 736 1962 potuit,
784 1882 1132 1941 abluissent,
1196 1881 1253 1932 et
1297 1889 1435 1947 pure
1484 1870 1836 1936 induissent,
1885 1882 1983 1921 so-

2106 1865 2304 1921 εοῦτων
2338 1866 2414 1926 ὡς
2445 1862 2562 1919 οἷόν
2599 1884 2657 1919 τε
2712 1861 3136 1931 ἀπολούσαντες,
3195 1860 3287 1915 καὶ
3342 1862 3596 1934 καθαρῶς
3655 1877 3755 1913 πε.

2254 1954 2289 1963 .-
2544 1953 2559 1963 .
2639 1953 2650 1963 .
2823 1953 2836 1963 .
2927 1955 2955 1963 _
3085 1950 3100 1963 .
3228 1945 3259 1963 ρ
3385 1949 3396 1963 .
3543 1947 3557 1963 .
3689 1948 3707 1963 ς

341 1979 615 2038 lemniter
643 1976 865 2032 ducunt
896 1969 969 2027 ad
1003 1971 1227 2035 urbem,
1260 1964 1320 2019 in
1354 1977 1471 2035 qua
1506 1976 1602 2016 rex
1633 1963 1778 2014 erat.

412 2159 605 2221 XXVI.
646 2156 752 2212 Hic
783 2169 879 2208 rex
907 2148 1206 2205 Teridates
1245 2144 1303 2197 in
1349 2141 1533 2196 forma
1566 2136 1823 2209 porcina,
1874 2139 1926 2189 et
1955 2150 1989 2189 a

340 2256 538 2311 furore
564 2248 804 2302 vexatus
835 2245 893 2297 et
942 2237 1121 2301 rabie,
1172 2242 1531 2303 satrapasque
1569 2233 1627 2283 et
1655 2224 1846 2282 omnis
1875 2221 1989 2278 alia

340 2335 654 2400 multitudo
680 2349 794 2389 non
820 2324 1258 2403 primaquidem
1278 2320 1388 2379 sub
1411 2318 1623 2390 specie,
1642 2316 1740 2372 sed
1764 2318 1821 2370 et
1838 2328 1991 2368 mor-

342 2433 417 2488 bo
436 2426 800 2485 insanientes
817 2420 868 2477 ei
886 2420 1218 2475 occurrunt.
1242 2409 1613 2467 Procidentes
1629 2421 1765 2477 ergo
1783 2416 1988 2458 omnes

344 2522 417 2579 ab
443 2521 644 2575 beatos
664 2513 795 2569 illos
814 2510 1012 2584 pedes,
1038 2512 1100 2561 ut
1123 2511 1307 2560 Deum
1330 2502 1414 2557 eis
1440 2499 1713 2570 placaret,
1730 2503 1781 2549 et
1813 2510 1847 2549 a
1870 2508 1988 2547 ma—

345 2608 489 2683 ligni
513 2608 673 2662 illius
698 2581 979 2659 daemonis
1002 2595 1230 2653 insania
1250 2598 1307 2649 et
1330 2589 1481 2646 malo
1506 2588 1798 2651 liberaret,
1824 2581 1991 2638 vehe-

346 2670 714 2758 muentissime
744 2687 1151 2748 obsecrahant.
1188 2682 1288 2739 llle
1318 2685 1513 2737 autem
1546 2692 1679 2733 cum
1714 2682 1847 2730 ante
1876 2670 1990 2725 alia

348 2792 683 2847 sanctarum
717 2785 1038 2849 martyrum
1071 2772 1399 2847 quaesiisset
1431 2765 1726 2839 reliquias,
1751 2770 1803 2817 et
1834 2763 1990 2831 post-

349 2895 529 2951 quam
577 2890 676 2929 eas
716 2870 797 2927 illi
844 2865 1258 2929 ostendissent,
1304 2858 1628 2929 collegisset
1666 2852 1994 2925 (jacuerant

352 2946 505 3023 enim
552 2962 804 3033 disjectis
846 2972 1046 3013 novem
1080 2953 1225 3016 dies,
1257 2953 1314 3006 et
1343 2948 1581 3002 totidem
1628 2946 1849 3005 noctes,
1892 2954 1994 2993 ne-

351 3069 460 3126 que
502 3050 652 3106 male
691 3046 934 3110 olentes,
984 3046 1042 3097 et
1088 3037 1329 3095 omnino
1379 3036 1606 3089 intactae
1656 3047 1689 3085 a
1726 3027 1991 3092 canibus,

351 3117 687 3199 iolucribus
726 3139 782 3191 et
827 3129 1059 3200 bestiis)
1108 3139 1426 3193 earumque
1472 3119 1733 3175 vestibus
1790 3117 1995 3171 decore

354 3225 802 3301 composuisset,
835 3220 967 3275 licet
1014 3218 1134 3288 ipse
1168 3231 1287 3281 rex,
1335 3218 1391 3268 et
1421 3210 1520 3282 qui
1562 3224 1695 3264 cum
1736 3222 1802 3262 eo
1833 3210 1996 3261 erant

357 3299 750 3391 magistratus,
800 3310 1075 3367 oll‘errent
1104 3308 1288 3360 vestes
1338 3299 1817 3374 pretiosissimas,
1862 3310 1995 3349 cum

354 3384 501 3482 ipsis
525 3404 783 3461 vestibus
804 3398 1036 3467 deponit
1059 3397 1115 3451 in
1138 3391 1437 3459 torculari,
1462 3388 1613 3461 quod
1638 3386 1813 3443 etiam
1839 3384 1997 3439 vivas

360 3472 526 3573 prius
550 3493 755 3551 habuit
787 3493 1092 3561 martyres,
1121 3488 1178 3540 et
1207 3481 1491 3538 calcatum
1520 3478 1628 3532 fuit
1659 3476 1730 3531 ab
1764 3472 1996 3528 illarum

357 3566 605 3662 pedibus
645 3579 944 3653 virgineis.
991 3576 1135 3631 Cum
1172 3578 1365 3627 autem
1403 3575 1523 3624 tota
1553 3572 1720 3622 nocte
1751 3566 1997 3630 orasset,

359 3655 416 3735 et
445 3676 627 3733 Deum
667 3675 822 3727 esset
853 3669 1146 3739 precatus,
1177 3661 1271 3716 die
1301 3656 1566 3730 sequenti
1608 3656 1677 3710 ad
1719 3668 1913 3726 regem
1945 3655 2002 3705 et

358 3783 498 3825 suos
527 3760 934 3821 catecheticam
971 3756 1096 3810 fuse
1117 3759 1173 3807 et
1203 3749 1424 3823 prolixe
1447 3747 1623 3802 habet
1652 3744 1996 3799 orationem.

358 3857 539 3912 Erant
568 3851 721 3909 enim
753 3849 840 3904 he
858 3848 983 3916 ejus
1012 3844 1082 3899 ad
1107 3842 1289 3898 Deum
1321 3852 1540 3910 preces,
1566 3839 1626 3889 ut
1658 3834 1999 3903 priusquam

360 3946 605 4002 formam
640 3938 940 4013 porcinam
970 3936 1203 3990 exueret
1239 3928 1562 3990 Teridates,
1596 3922 1885 3979 sermonis
1914 3936 2000 3975 ac-

359 4034 580 4104 ciperet
609 4011 1079 4095 intelligentiam,
1101 4024 1155 4075 et
1177 4017 1499 4086 conciperet
1524 4011 1755 4083 singula
1777 4025 2003 4073 eorum,

362 4099 489 4194 quas
521 4120 888 4175 dicebantur.
920 4111 1028 4166 Sed
1065 4118 1199 4164 tunc
1240 4106 1473 4177 quidem
1506 4117 1639 4156 cum
1670 4099 1767 4155 Dei
1804 4104 2002 4167 poten-

362 4215 531 4274 tiam,
564 4214 620 4264 et
650 4223 823 4278 quam
857 4201 1039 4259 nostri
1061 4197 1207 4269 gerit
1234 4210 1456 4258 curam,
1483 4199 1885 4247 sacrosanctus
1909 4186 2004 4242 ad-

363 4299 625 4356 duxisset
655 4292 991 4365 Gregorius,
1022 4294 1079 4344 et
1099 4284 1595 4359 quemadmodum
1619 4295 1750 4335 eum
1782 4291 2006 4332 conser-

364 4394 561 4445 vasset
607 4382 1039 4446 admirabiliter,
1092 4382 1150 4431 et
1224 4377 1430 4445 praster
1477 4368 1810 4440 opinionem
1857 4370 2005 4437 (qum

366 4480 524 4536 enim
556 4475 608 4531 ei
656 4474 995 4535 evenerunt,
1029 4468 1310 4537 snperant
1339 4462 1659 4516 humanam
1694 4462 1961 4512 naturam
1989 4470 2002 4510 :

365 4583 424 4634 et
450 4575 561 4632 nisi
589 4573 844 4629 divinam
877 4566 1127 4641 gratiam
1159 4563 1230 4619 ad
1263 4576 1397 4617 eum
1430 4559 1681 4627 desuper
1711 4554 2010 4609 advolasse

2097 1954 2485 2032 ριστείλαντες,
2540 1953 2775 2026 ἐντίμως
2816 1953 2958 2027 ὁμοῦ
3014 1950 3103 2007 καὶ
3163 1945 3476 2025 σεϐασμίως
3516 1947 3591 2011 είς
3642 1948 3753 2017 τὴν

2100 2044 2378 2122 βασιλείαν
2412 2043 2603 2120 ἄγουσι
2632 2041 2819 2100 πόλιν.

2168 2135 2275 2200 Κς’.
2345 2135 2608 2191 Ἐνταῦθα
2655 2135 2683 2189 6
2745 2131 3001 2208 βασιλεὺς
3060 2130 3213 2203 αὐτῷ
3270 2125 3585 2203 Τηριδάτης
3642 2126 3756 2183 ὐπὸ

2098 2224 2316 2304 χοιρείᾳ
2343 2227 2412 2298 τῇ
2448 2227 2633 2302 μορφῇ
2683 2222 2775 2277 καὶ
2825 2225 2895 2295 τῇ
2949 2221 3115 2295 μανίᾳ
3163 2218 3231 2288 δὴ
3280 2218 3372 2274 καὶ
3424 2222 3492 2292 τῇ
3542 2215 3749 2290 λύσσῃ,

2096 2316 2186 2372 καὶ
2223 2318 2275 2372 o't
2308 2317 2600 2393 σατράπαι,
2648 2313 2739 2368 καὶ
2796 2313 2923 2367 ὃσον
2980 2308 3121 2367 ἃλλο
3168 2307 3384 2378 πλῆθος
3438 2307 3530 2376 ἦν,
3582 2305 3758 2361 ὕπαν-

2096 2416 2288 2480 τῶσιν,
2328 2409 2391 2464 οὐ
2424 2406 2640 2482 χοίρων
2702 2405 2887 2479 μέντοι
2934 2401 3305 2475 περικείμενοι
3353 2399 3473 2462 θέαν
3528 2398 3621 2453 καί
3653 2397 3756 2453 05-

2097 2522 2205 2569 τοι,
2245 2498 2392 2567 πλὴν
2436 2497 2538 2553 ὑπὸ
2578 2502 2677 2565 τῆς
2735 2494 2897 2548 νόσου
2953 2492 3043 2547 καὶ
3100 2491 3255 2547 αὐτοὶ
3324 2488 3631 2563 μεμηνότες
3691 2507 3758 2543 τε

2098 2589 2191 2647 καὶ
2269 2586 2604 2665 παράφοροι.
2670 2582 2929 2645 Πεσὸντες
2996 2581 3086 2637 οὗν
3167 2579 3359 2640 πάντες
3421 2578 3558 2653 πρὸς
3621 2577 3760 2638 τοὺς

2104 2677 2400 2754 μακαρίους
2467 2674 2674 2729 ἐκείνου
2734 2667 2927 2739 πόδας,
2997 2667 3379 2743 έξιλεώσασθαι
3444 2666 3633 2729 αὐτοῖς
3689 2667 3759 2722 τὸ

2102 2774 2276 2834 Θεῖον,
2308 2767 2397 2821 καὶ
2429 2771 2530 2833 τῆς
2560 2760 2657 2818 τοῦ
2705 2763 2951 2835 πονηροῦ
3003 2756 3261 2831 δαίμονος
3299 2756 3500 2813 ἐκείνου
3560 2754 3761 2828 μανίας

2102 2858 2193 2913 καὶ
2249 2861 2345 2912 τοῦ
2404 2857 2573 2910 κακοῦ
2648 2847 2978 2920 ἀπαλλάξαι,
3061 2847 3364 2923 θερμότατα
3436 2843 3755 2921 ὲλιπάρουν.

2103 2948 2164 3005 Ὁ
2195 2944 2251 3002 δὲ
2281 2944 2387 3019 πρὸ
2418 2948 2523 2998 τῶν
2558 2940 2764 3011 ἄλλων,
2794 2940 2862 2995 τὰ
2890 2942 2997 2995 τῶν
3024 2937 3193 3014 ἁγίων
3227 2935 3514 3011 μαρτύρων
3561 2934 3763 3005 ἐπιζη-

2101 3042 2186 3093 τεῖ
2250 3034 2500 3109 λείψανα,
2570 3033 2660 3088 καὶ
2721 3027 3112 3099 ὑποδειξάντων
3181 3026 3422 3096 ἐκείνων,
3489 3022 3763 3097 συλλέξας

2103 3124 2332 3197 (ἔκειντο
2384 3125 2487 3201 γαρ
2554 3120 2643 3177 ἐπὶ
2708 3119 2856 3176 ἐννέα
2921 3120 3131 3192 ἡμέρας
3194 3118 3287 3172 καὶ
3349 3115 3547 3177 νύκτας
3608 3110 3760 3183 ἴσας,

2112 3217 2245 3289 μήτι
2274 3236 2327 3269 τι
2382 3209 2544 3283 ἀηδὲς
2613 3210 2901 3280 ἀπόζοντα,
2940 3208 3029 3263 καὶ
3098 3207 3251 3262 κυσὶν
3312 3203 3503 3261 ἄθικτα
3565 3203 3769 3259 παντᾶο

2112 3266 2244 3289 r-.--
2288 3266 2325 3269 η
2530 3266 2542 3274 -
2729 3266 2750 3280 τ
2890 3266 2900 3278 .

2028 3266 2233 3361 Citam
2272 3304 2363 3358 καὶ
2404 3307 2670 3363 πετεινοῖς
2718 3299 2807 3354 καὶ
2872 3297 3135 3373 θηρίοις),
3194 3294 3522 3368 ἀνελόμενος
3578 3292 3762 3349 τοίνυν

2106 3395 2262 3465 αὐτὰ,
2339 3392 2431 3447 καὶ
2504 3390 2747 3463 ἱματίοις
2814 3386 3095 3461 ἐνθέμενος
3197 3390 3313 3448 τοῖς
3391 3382 3571 3449 ἰδίοις,
3666 3384 3762 3437 καὶ

2104 3484 2190 3540 τοί
2227 3503 2285 3559 γε
2322 3479 2487 3537 αὐτοῦ
2522 3477 2789 3555 βασιλέως
2842 3478 2933 3532 καὶ
2971 3481 3077 3533 τῶν
3119 3476 3211 3530 σὺν
3268 3474 3416 3547 αὖτῷ
3470 3471 3764 3549 ἀρχόντων

2103 3579 2169 3631 τῦ
2279 3567 2717 3625 πολυτελέστατα
2790 3572 2896 3622 τῶν
2984 3564 3218 3639 ἱματίων
3320 3561 3765 3641 προσφερόντων,

2110 3660 2419 3718 ἀποτίθεται
2501 3662 2569 3732 τῇ
2646 3661 2792 3733 σορῷ
2891 3654 3024 3729 μετὰ
3122 3660 3223 3723 τῆς
3319 3651 3544 3721 ἐσθῆτος
3636 3652 3770 3719 ἥτις

2108 3750 2197 3806 καὶ
2276 3750 2449 3819 ζώσας
2510 3746 2775 3821 πρότερον
2843 3745 2937 3805 τὰς
3008 3742 3279 3820 μάρτυρας
3362 3742 3533 3816 εἶχεν·
3600 3740 3766 3812 εὖξα-

2114 3860 2268 3915 μενος
2313 3839 2494 3912 μέντοι
2560 3836 2709 3910 παρὰ
2769 3840 2942 3891 πᾶσαν
3011 3834 3109 3902 τήν
3177 3831 3343 3886 νύκτα
3400 3830 3490 3885 καὶ
3548 3826 3771 3899 δεα,θεῖς

2110 3933 2211 3984 τοῦ
2252 3931 2406 3983 Θεοῦ.
2458 3924 2846 4000 Κατηχητικὸν
2904 3920 2996 3978 οὖν
3056 3922 3155 3990 τήν
3215 3919 3470 3976 ἐπιοῦσαν
3525 3919 3661 3993 πρός
3704 3937 3769 3973 τε

2110 4019 2201 4074 τὸν
2233 4013 2460 4092 βασιλέα
2498 4015 2589 4069 καὶ
2643 4015 2772 4076 τοὺς
2838 4012 2963 4087 περὶ
3029 4011 3193 4067 αὐτὸν
3261 4008 3531 4065 ἀποτείνει
3572 4006 3765 4081 λόγον.

2111 4106 2217 4164 Καὶ
2247 4110 2410 4161 τοῦτο
2447 4104 2548 4178 γὰρ
2608 4104 2747 4178 εὖχή
2790 4103 2926 4177 πρὸς
2965 4102 3057 4157 τὸν
3109 4100 3236 4156 Θεὸν
3288 4098 3437 4171 αὐτῷ
3484 4098 3569 4167 ἦν,
3619 4093 3771 4151 ὥστε

2110 4198 2202 4252 καὶ
2251 4196 2376 4271 πρὶν
2421 4194 2456 4263 ἢ
2489 4195 2589 4264 τὴν
2657 4192 2901 4272 χοιρείαν
2961 4192 3175 4266 μορφὴν
3242 4188 3527 4244 ἀποθέσθαι
3581 4186 3770 4257 Τηρι-

2114 4283 2304 4355 δάτην,
2339 4283 2506 4360 Λόγου
2563 4303 2621 4337 τε
2677 4277 2867 4337 λαϐεῖν
2923 4280 3158 4345 σύνεσιν,
3221 4277 3310 4333 καὶ
3376 4276 3510 4333 αὖτᾶ
3562 4272 3771 4330 ἕκαστα

2114 4378 2220 4430 τῶν
2253 4371 2560 4447 λεγομένων
2590 4366 2946 4444 συμϐάλλειν.
2992 4366 3172 4426 ’Λλλὰ
3211 4368 3334 4423 τότε
3394 4366 3488 4439 μὶν
3525 4364 3626 4432 τὴν
3665 4367 3769 4418 τοῦ

2116 4467 2249 4519 Θεοῦ
2272 4460 2497 4535 δύναμιν
2546 4460 2636 4515 καὶ
2682 4461 2783 4529 τήν
2832 4460 2953 4535 περὶ
3004 4461 3154 4531 ἡμᾶς
3201 4453 3585 4530 κηδεμονίανὸ
3616 4453 3770 4527 ἱερὸς

2114 4550 2421 4627 Γρηγόριος
2449 4550 2791 4624 παριίστατο,
2834 4547 2968 4623 πέρα
2999 4548 3103 4624 γὰρ
3158 4543 3499 4620 ἀνθρωπίνης
3529 4540 3597 4598 τὰ
3645 4542 3767 4595 κατ’

366 4665 602 4731 dixeris,
651 4661 805 4718 haud
855 4628 1091 4729 quoiclem
1142 4650 1310 4707 facile
1357 4656 1443 4705 est
1482 4644 1758 4716 credere),
1799 4643 1996 4699 deinde

2119 4641 2277 4698 αὐτὸν
2344 4640 2454 4694 ἐστι
2498 4638 2705 4713 φύσεως
2772 4637 2913 4693 θείαν
2986 4635 3303 4715 ἐφίπτασθαι
3378 4631 3574 4695 εἲποις,
3637 4628 3773 4686 οὐδὲ

369 4773 499 4813 cum
527 4767 728 4809 eorum
760 4748 822 4803 in
855 4749 1087 4802 sanctas
1109 4738 1361 4811 virgines
1393 4734 1694 4791 audaciam
1727 4741 1780 4787 et
1811 4732 2009 4787 crude-

368 4846 587 4901 litatem
637 4834 1129 4911 reprehendisset,
1179 4838 1232 4885 et
1271 4826 1582 4891 docuisset,
1614 4826 1878 4892 oportere
1913 4837 2013 4876 eos

371 4934 533 5009 prius
566 4909 851 4986 desistere
882 4925 953 4979 ab
976 4934 1167 4977 errore
1203 4916 1670 4977 simulacrorum,
1703 4909 1911 4964 deinde
1941 4910 2012 4963 ad

370 4998 573 5081 verum
606 5020 787 5076 Deum
822 5012 1135 5070 accedere:
1170 5012 1226 5064 et
1248 5008 1397 5078 quod
1424 5003 1474 5058 si
1506 4999 1767 5058 conversi
1801 4998 2019 5053 fuerint

375 5114 447 5170 ab
476 5108 797 5182 impietate,
841 5120 872 5160 e
918 5099 1164 5170 vestigio
1195 5110 1396 5151 eorum
1431 5087 1783 5147 calamitatis
1813 5102 2016 5143 conse-

379 5177 593 5274 quetur
645 5194 899 5252 solutio:
934 5198 991 5245 et
1030 5204 1162 5245 cum
1198 5199 1381 5257 pauca
1422 5182 1492 5235 de
1524 5184 1653 5235 ortu
1697 5177 1924 5241 mundi,
1963 5181 2022 5232 et

375 5268 569 5346 futuro
599 5284 828 5350 seculo,
855 5287 912 5339 et
941 5276 1084 5336 Novi
1116 5268 1471 5331 Testameuti
1495 5268 1791 5340 mysterio,
1821 5270 1877 5319 et
1901 5281 2021 5320 ma-

379 5394 495 5453 gna
515 5392 654 5448 erga
685 5373 956 5429 homines
983 5369 1076 5425 Dei
1102 5364 1456 5433 benignitate
1480 5364 1539 5414 et
1562 5356 1872 5413 clementia
1898 5355 2021 5411 dis-

379 5445 677 5531 seruisset,
728 5469 787 5516 et
838 5459 1154 5527 adiecisset
1206 5453 1406 5519 etiam,
1457 5447 1611 5520 quod
1661 5448 1911 5516 desuper
1950 5445 2021 5499 ad

381 5570 517 5612 eum
552 5549 831 5607 advolans
866 5545 1109 5617 angelus
1160 5547 1359 5599 atterat
1403 5540 1463 5593 in
1498 5539 1648 5600 lacu,
1679 5538 1846 5606 eique
1879 5535 2025 5589 vires

384 5642 653 5708 addebat,
686 5645 743 5695 et
771 5636 1149 5695 conserVahat
1180 5648 1314 5689 eum
1354 5629 1599 5684 illaesum
1634 5643 1667 5680 a
1698 5626 1891 5693 malis,
1924 5624 2024 5696 qui

384 5750 458 5794 ne
486 5738 612 5792 tum
645 5729 879 5804 quidem
902 5722 1130 5784 volebat
1153 5718 1483 5785 abscedere,
1514 5715 1615 5773 sed
1637 5713 1828 5771 adhuc
1849 5730 2025 5786 appa-

2116 4732 2396 4784 πιστεῦσαι
2440 4728 2659 4789 τούτοις
2718 4723 2929 4802 ῥᾴδιον.
2984 4728 3210 4782 Ἔπειτα
3246 4720 3337 4777 καὶ
3401 4720 3500 4788 τήν
3553 4716 3627 4781 εἷς
3666 4717 3768 4778 τὰς

2119 4818 2270 4891 ἁγίας
2326 4813 2626 4888 παρθένους
2690 4812 2902 4886 τόλμαν
2967 4834 3026 4868 τε
3090 4811 3265 4867 αὑτῶν
3339 4809 3431 4864 καὶ
3498 4806 3773 4878 ὠμότητα

2122 4902 2417 4978 διελέγξας,
2454 4903 2546 4957 καὶ
2587 4898 2801 4972 διδάξας
2840 4899 2925 4956 ὅτι
2966 4897 3047 4957 δεῖ
3093 4900 3360 4974 πρότερον
3428 4893 3625 4956 αὐτοὺς
3660 4900 3770 4962 τῆς

2123 4994 2418 5064 εἶδωλικῆς
2468 4994 2768 5062 ἀποστῆναι
2825 4990 3059 5061 πλάνης,
3119 4991 3235 5045 εἶτα
3282 4992 3360 5061 τῷ
3407 4986 3603 5056 ἀληθεῖ
3648 4987 3772 5057 Θεῷ

2124 5084 2571 5160 προσελθεῖν,καὶ
2620 5084 2715 5152 ὠς,
2762 5083 2808 5137 εἰ
2865 5077 3231 5155 μεταϐαλοῦσι
3278 5081 3376 5147 τῆς
3435 5071 3775 5145 δυσσεϐείας,

2126 5176 2272 5250 παρᾶ
2300 5173 2470 5236 πόδας
2502 5172 2660 5238 εὐθὺς
2692 5173 2779 5228 καὶ
2811 5175 2845 5242 ἡ
2878 5171 3055 5242 λύσις,
3092 5168 3455 5238 ἀκολουθῆσει
3485 5174 3583 5236 τῆς
3633 5186 3775 5238 συμ-

2129 5270 2319 5346 φορᾶς·
2384 5262 2594 5340 βραχέα
2649 5284 2707 5319 τε
2744 5262 2867 5338 περὶ
2922 5263 3022 5329 τῆς
3084 5256 3472 5332 κοσμογενείας
3526 5255 3617 5311 καὶ
3673 5257 3777 5308 τοῦ

2133 5351 2432 5427 μέλλοντος
2464 5352 2684 5420 αἰῶνος,
2715 5357 2815 5420 τῆς
2847 5371 2905 5406 τε
2935 5350 3070 5406 κατᾶ
3098 5350 3199 5417 τὴν
3234 5348 3440 5416 Καινήν
3472 5343 3541 5401 δι’
3570 5342 3784 5417 ἀνθρώ-

2129 5464 2265 5505 πους
2325 5440 2733 5521 φιλανθρωπίας
2777 5438 3113 5518 διαλεχθεῖς,
3158 5437 3415 5515 προσθεὶς
3457 5431 3514 5491 δὲ
3552 5431 3639 5488 καὶ
3701 5431 3780 5493 ὡς

2131 5520 2357 5608 ’ἅγγελος
2422 5531 2573 5603 αὐτῷ
2628 5529 2992 5591 έπικαταπτὰς
3057 5526 3258 5583 ἃνωθεν
3326 5524 3379 5582 ἐν
3446 5524 3525 5596 τῷ
3592 5520 3786 5594 Αάκκῳ

2131 5628 2336 5696 παρῆν,
2368 5620 2584 5699 ἐνίσχυέ
2617 5641 2679 5676 τε
2735 5618 2893 5675 αὑτὸν
2951 5617 3045 5673 καὶ
3095 5620 3273 5672 κακῶν
3337 5614 3517 5682 ἀπαθῆ
3572 5609 3785 5685 ἐτήρει.

2131 5692 2221 5767 καί
2276 5711 2349 5771 ὡς
2405 5692 2530 5766 ossi
2585 5708 2910 5788 ἀφίστασθαι
2948 5708 3039 5761 νῦν
3087 5702 3285 5776 tona,
3337 5699 3486 5759 eos
3538 5697 3629 5755 καὶ
3696 5692 3784 5753 ἔτι
