4106 6200
382 341 495 398 977

1367 350 1545 409 VI'I‘A
1706 352 2081 411 GREGOHII
2129 354 2759 414 ILLUMiNATUHIS.

3672 356 3784 413 {I78

374 502 495 561 τοῖς
524 498 689 555 αὐτοῦ
746 501 1057 578 ὀφθαλμοῖς
1117 503 1475 583 ἐπιφαίνεται,
1524 505 1627 576 ἠδύ
1666 528 1723 564 τε
1777 506 1899 564 λίαν
1940 509 2027 564 καὶ

2144 512 2307 568 rebat
2335 514 2465 583 ejus
2497 514 2679 570 oculis
2714 514 2876 569 valde
2907 513 3163 569 suaviter
3194 513 3567 583 resplendens
3586 518 3641 570 et
3666 515 3790 570 evi-

378 587 596 666 ἐναργὲς
660 590 1030 664 ἀπολάμπων·
1100 591 1261 656 τέλος
1328 592 1386 650 δὶ
1448 596 1539 650 καὶ
1605 597 1764 662 ναοὺς
1828 597 2031 673 ἐγεῖραι

376 684 496 740 ταῖς
532 679 793 753 μάρτυσιν
845 680 1156 757 ἐπισκήψας
1219 683 1310 738 καὶ
1366 681 1553 740 πολλά
1606 683 1765 762 ’έτερα
1827 684 2030 757 διεξελ-

379 767 487 823 θὼν
512 767 601 823 καὶ
632 768 759 832 τοὺς
800 770 1067 838 παρόντας
1124 776 1580 847 μυσταγωγήσας,
1626 776 1700 835 ὡς
1743 773 1851 847 ἢδη
1893 777 2032 850 πρὸς

379 855 604 929 ἐσπέραν
633 858 724 929 ἦν,
755 861 846 915 τὸν
877 859 1148 936 σύλλογον
1183 859 1491 920 διελύσατο.

452 951 575 1003 ΚΖ’.
636 952 716 1023 Τῇ
768 950 890 1019 ἑξῆς
950 947 1006 1005 δέ
1062 949 1313 1022 νηστείαν
1375 954 1468 1025 μὲν
1501 955 1587 1009 καὶ
1632 954 1709 1017 εἷς
1776 954 2030 1026 ἐξήκοντα

380 1035 512 1098 ὅλας
567 1038 777 1113 ἡμέρας
830 1043 910 1112 τῷ
956 1037 1157 1110 πλήθει
1206 1042 1363 1096 παντὶ
1419 1042 1813 1121 παραγγέλλει,
1867 1044 2026 1107 αὐτὸς

379 1124 435 1181 δὲ
471 1128 539 1183 τά
594 1147 651 1183 τε
707 1132 1324 1207 προμυσταγωγηθὲντα
1389 1132 1439 1187 ἐν
1499 1134 1718 1198 ταύταις
1776 1132 2029 1207 ἀναλαμ-

376 1209 575 1287 ϐάνων,
612 1215 703 1271 καὶ
740 1218 807 1272 τὰ
863 1217 1124 1274 λείποντα
1179 1222 1513 1296 προστιθεὶς,
1554 1224 1645 1279 καὶ
1692 1223 1820 1287 τοὺς
1871 1224 2027 1300 βίους

372 1310 483 1360 τῶν
562 1306 725 1380 ἀρετῇ
784 1305 1163 1382 διενεγκόντιυν
1234 1311 1310 1375 εἰς
1372 1312 1435 1367 τὸ
1505 1313 1666 1385 μέσον
1740 1319 2023 1389 παρὰγων,

374 1394 510 1469 πρὸς
543 1395 777 1468 μίμησιν
804 1417 863 1451 τε
906 1396 1000 1461 τὰς
1052 1396 1271 1454 ἐκείνων
1317 1402 1500 1481 ψυχὰς
1549 1400 1886 1477 δι.εθέρμαινε
1931 1405 2023 1459 καὶ

375 1483 680 1553 ζῇλον,καί
722 1487 988 1543 τοιούτων
1047 1489 1230 1553 αὐτοῖς
1286 1496 1397 1547 τῶν
1464 1493 1728 1564 συνάξεων
1778 1493 2026 1570 ἀφθόνως

372 1570 667 1627 ἀπολαύειν
726 1580 1008 1651 παρεῖχεν.
1086 1580 1347 1643 Ἐνταῦθα
1413 1582 1504 1635 καὶ
1603 1583 1704 1651 τὴν
1769 1580 2024 1638 ὀπτασίαν

370 1660 438 1729 ἧς
481 1660 645 1734 μόνον
678 1662 879 1727 ἐκεῖνος
921 1664 1144 1737 ἠξίωτο,
1197 1667 1272 1729 εἷς
1322 1671 1515 1737 κοινὴν
1565 1671 1816 1727 ἁπάντων
1862 1670 2023 1747 ἀκρο-

373 1769 491 1805 ασιν
540 1752 837 1822 παρετίθει·
897 1756 930 1822 ἡ
1001 1751 1057 1810 δὲ
1118 1756 1182 1825 ἦν
1237 1755 1361 1812 οὐδὲ
1422 1757 1549 1832 μίᾳν
1613 1759 2023 1833 παραλείπούσα

373 1842 650 1945 θαύματος
709 1838 1045 1945 ὑπερϐολῇν,
1105 1845 1234 1902 ἀλλ’
1310 1846 1397 1903 ο⁹ία
1445 1850 1711 1925 ὁρπθῆναι
1773 1852 1866 1924 μὲν
1922 1872 2113 1945 (ρο-Β

374 1927 526 2005 ὄερα,
566 1929 914 2006 ἐνηχηθῆλαι
957 1931 1012 1989 δὲ
1068 1941 1189 1999 ταῖς
1252 1937 1437 1999 ἀκοαῖς
1506 1941 1799 2013 σωτήριος.
1869 1927 2025 1997 Ἐδό-

374 2041 455 2075 κει
504 2021 606 2095 γάρ
659 2042 777 2093 μοι,
829 2024 1018 2099 φησὶν,
1070 2026 1098 2080 ὁ
1146 2026 1368 2101 οὐρανὸς
1412 2028 1683 2105 ἀνεῷχθαι
1727 2030 1816 2085 καὶ
1862 2030 1929 2085 τὰ
1976 2030 2027 2086 ἐν

380 2109 529 2187 ἀρχῇ
588 2108 1045 2185 ἐναπολειφθέντα
1101 2119 1178 2187 τῷ
1234 2116 1551 2191 κυρτώματι
1637 2114 1826 2189 ὕδατα,
1885 2117 2028 2174 ἔνθεν

378 2198 466 2253 καὶ
495 2195 640 2254 ἔνθεν
669 2197 1023 2276 διαιρεθέντα,
1059 2203 1419 2279 ἐστηριγμένα
1460 2206 1541 2285 ἐφ’
1591 2208 1846 2283 ἐκατέρου
1889 2212 2031 2283 τμή-

381 2308 550 2362 ματος
583 2287 783 2362 μένειν.
815 2292 1018 2368 Μορφή
1051 2290 1108 2348 δέ
1136 2315 1220 2358 τις
1249 2293 1577 2370 ἀνθρωπεία,
1612 2296 1868 2373 λαμπρὰν
1909 2298 2027 2354 οἳαν

376 2375 577 2452 αἶ’γλην
611 2377 845 2456 ἀφιεῖσα,
878 2384 967 2435 καὶ
999 2381 1202 2455 πολλῷ
1249 2388 1508 2440 πάντοθεν
1546 2388 1687 2465 φωτί
1748 2386 2028 2461 περιλαμ-

374 2465 608 2540 πομένη,
672 2475 884 2543 χρυσῆν
948 2473 1017 2544 τῇ
1074 2472 1224 2550 χειρὶ
1284 2472 1592 2550 κατέχουσα
1648 2477 1874 2555 σφύραν,
1928 2478 2025 2546 τήν

374 2561 477 2633 γῆν
509 2555 705 2616 παίειν.
757 2562 884 2620 Φῶς
932 2580 991 2615 τε
1046 2558 1250 2625 ἄνωθεν
1299 2562 1358 2617 ἐκ
1398 2567 1505 2619 τῶν
1555 2564 1797 2640 ούρανῶν
1853 2566 2029 2621 πυκνά

374 2650 494 2709 ταῖς
520 2644 702 2702 ἀκτῖσι
761 2644 998 2717 διᾷττον,
1057 2649 1123 2704 τὰ
1179 2658 1277 2721 τῆς
1343 2659 1450 2727 γῆς
1499 2654 1702 2729 πέρατα
1760 2653 2028 2729 ἐπλήρου.

378 2734 481 2791 Καὶ
514 2731 581 2804 δὴ
612 2734 703 2790 καὶ
760 2736 1056 2813 ὑπόπτεροί
1102 2759 1243 2800 τινες
1297 2743 1568 2813 στρατιαὶ,
1613 2741 1769 2799 αὐταὶ
1812 2743 2028 2799 ’ὲκασται

375 2828 491 2902 φῶς
537 2825 715 2896 οὖσαι,
753 2826 890 2901 πρὸς
959 2827 1223 2901 οὐρανοὺς
1283 2829 1615 2907 ἐπεδήμουν.
1678 2834 1774 2891 Καὶ
1834 2832 2030 2899 στῦλος

375 2915 545 2991 πυρὸς
577 2914 663 2970 ἐπὶ
729 2916 878 2992 βάσει
926 2922 1107 2993 χρυσῇ
1155 2917 1473 2994 ἱδρυμένος,
1520 2923 1597 2985 εἷς
1650 2921 1888 2987 ἐκείνους
1937 2923 2027 2979 ἀν-

376 3002 584 3093 έτρεχε,
616 3006 705 3059 καὶ
736 3009 852 3085 φῶς
883 3006 1071 3065 πάλιν.
1106 3007 1282 3066 ’Λλλά
1309 3009 1371 3065 τὰ
1426 3012 1520 3084 μὶν
1572 3012 1736 3068 αὐτοῦ
1776 3017 1874 3068 τοῦ
1922 3035 2034 3093 φω-

375 3092 469 3155 τὸς
502 3099 697 3167 σχῆμα
727 3099 958 3164 σταυροῦ
1006 3098 1191 3174 φέρον,
1236 3099 1298 3153 τὸ
1348 3096 1406 3154 δὲ
1454 3099 1639 3174 στύλῳ
1680 3092 2030 3178 ὑπερμεγέθει

377 3183 701 3259 προσεοικὸς
764 3184 852 3254 ἦν.
905 3187 1002 3242 Καὶ
1058 3193 1203 3262 τρεῖς
1261 3187 1546 3254 ἐλάττονες
1592 3190 1756 3247 ἄλλοι
1816 3190 2028 3247 στῦλοι.

379 3271 467 3328 ἐπὶ
527 3274 736 3347 ὁμοίων
793 3280 900 3331 τῶν
972 3278 1180 3351 βάσεων
1227 3274 1521 3350 βεϐηκότες
1579 3282 1734 3352 ἦσαν.
1799 3280 1952 3340 Ἀλλ’
1999 3283 2026 3338 ὁ

383 3363 477 3435 μὲν
511 3362 598 3419 ἐπὶ
637 3368 736 3420 τοῦ
798 3371 1131 3441 μαρτυρικοῦ
1174 3374 1275 3438 τῆς
1332 3391 1391 3425 τε
1446 3375 1712 3446 μακαρίας
1763 3373 2025 3446 Ῥιψίμης

378 3448 599 3508 σταδίου
638 3452 729 3509 καὶ
776 3458 881 3509 τῶν
936 3459 1100 3528 τριῶν
1161 3456 1247 3512 ἐπὶ
1303 3464 1424 3523 ταῖς
1479 3462 1766 3533 τριάκοντα
1820 3462 2027 3537 παρθὲο

376 3562 491 3605 νοις
523 3540 782 3613 εἱστήκει.
835 3545 1058 3619 Ἀτερον
1111 3541 1168 3600 δὲ
1218 3545 1446 3622 ὅποιπερ
1479 3551 1513 3619 ἢ
1552 3550 1764 3624 γενναία
1822 3551 2024 3620 Γαϊανὴ

385 3632 519 3704 μετὰ
555 3636 662 3687 τῶν
722 3630 817 3688 δύο
864 3634 955 3689 καὶ
1003 3634 1138 3706 αὕτη
1188 3638 1596 3713 συμπαρθένων,
1643 3642 1736 3697 τὸν
1780 3648 1881 3711 τῆς
1937 3662 2027 3696 τε-

383 3720 658 3784 λειώσεως
712 3720 990 3778 ἀνείλοντο
1048 3726 1324 3802 στέφανον·
1404 3726 1490 3783 ἐπὶ
1549 3726 1606 3783 δὲ
1677 3737 1776 3799 τῆς
1852 3729 2026 3799 ληνοῦ

383 3805 577 3897 ἄλλος,
618 3809 653 3879 ἢ
692 3811 967 3897 πρότερον
1017 3813 1108 3886 μὲν
1168 3816 1341 3878 πάσας
1391 3817 1532 3889 ὁμοῦ
1581 3817 1876 3897 φευγούσας
1926 3819 2026 3875 ὑπ-

383 3893 596 3968 εδέξατο
653 3899 750 3961 τὰς
798 3896 1119 3975 παρθένους,
1178 3909 1307 3977 μιᾶς
1356 3904 1412 3961 δὲ
1460 3893 1681 3983 ὕστερον
1739 3908 1829 3963 καὶ
1878 3907 2026 3964 οἷ’νου

378 3986 580 4050 παντὸς
632 3986 964 4064 γλυκύτερον
1021 3993 1084 4047 τὸ
1150 3995 1291 4068 αἷμα
1373 3992 1607 4066 ἐδέξατο·
1647 3994 1772 4067 ἥτις
1836 3994 2023 4068 ἐπειδὴ

376 4075 523 4147 νόσῳ
548 4077 662 4130 κατ’
694 4074 862 4146 αὐτὴν
921 4080 1227 4154 περιπέσοι,
1279 4082 1379 4139 οὐκ
1436 4082 1640 4161 ἔχουσα
1699 4086 1847 4150 ὅπως
1906 4092 2027 4150 ταῖς

378 4160 577 4227 ἄλλαις
604 4160 794 4221 ἕποιτο
853 4172 1253 4246 ωμπαρθὲνοις
1312 4160 1673 4250 αύτοῦνπαρὰ
1730 4180 1799 4249 τῇ
1851 4175 2027 4249 ληνῷ,

381 4255 470 4339 οἷα
504 4254 699 4330 βότρυς
732 4254 933 4331 ὡραῖος
961 4257 1154 4337 ἱλαρόν
1184 4282 1236 4315 τι
1265 4268 1385 4325 ταῖς
1416 4260 1571 4338 ὄψεσι
1601 4265 1691 4321 καὶ
1722 4263 1827 4335 ἡδὺ
1867 4285 2033 4339 προσ-

382 4336 684 4430 ϐάλλουσα,
717 4345 781 4399 οὐ
809 4345 939 4401 ποσὶ
989 4344 1213 4405 δικαίων
1264 4336 1594 4425 ἐκθλίϐεται,
1651 4354 1797 4411 ἀλλὰ
1844 4336 2031 4430 χερσὶν

379 4426 589 4486 ἀσεϐῶν
648 4434 969 4510 ἀναιρεῖται.
1037 4437 1158 4495 Ἐπὶ
1215 4444 1429 4506 τούτοις
1474 4442 1618 4500 πολὺ
1679 4445 1774 4518 μὲν
1814 4426 2030 4515 πλῆθος

376 4519 619 4611 πυρίνων
696 4526 1089 4601 θυσιαστηρίων
1168 4526 1348 4586 ἐδίδου
1429 4532 1647 4607 βλέπειν
1723 4538 1758 4604 ἡ
1819 4534 2029 4611 ὅρασις,

2146 604 2375 670 denter;
2404 609 2696 675 postremo
2729 605 2921 658 autem
2946 606 3001 658 et
3023 601 3241 673 templa
3264 603 3541 671 jussisset
3570 604 3790 659 exstrui

2143 694 2521 764 martyribus,
2546 699 2602 747 et
2625 693 2811 748 multa
2832 694 2945 747 alia
2964 696 3113 747 esset
3136 691 3396 747 oratione
3427 699 3785 763 persecutus,

2141 787 2196 835 et
2227 796 2326 836 cos
2374 781 2471 851 qui
2520 781 2786 851 aderant,
2821 779 3109 852 mysteriis
3161 779 3468 845 initiasset,
3500 798 3631 835 cum
3666 782 3787 851 jam

2140 870 2665 942 advesperasceret,
2698 877 2907 925 emtum
2944 868 3186 924 dimisit.

2209 957 2433 1015 XXVII.
2468 958 2744 1030 Sequenti
2776 969 2968 1015 aulem
3001 959 3091 1013 die
3113 958 3409 1029 jejunium
3438 958 3675 1029 quidem
3718 960 3787 1014 ad

2139 1048 2441 1119 sexaginta
2472 1063 2655 1120 usque
2687 1048 2810 1104 dies
2836 1051 2988 1103 totos
3020 1048 3288 1103 universo
3320 1046 3531 1118 populo
3564 1049 3787 1103 denun-

2140 1139 2275 1193 tiat:
2311 1144 2367 1193 et
2396 1139 2522 1210 ipse
2553 1155 2636 1206 ea,
2672 1154 2799 1210 quae
2828 1137 2888 1193 in
2934 1139 3345 1209 mysteriorum
3398 1137 3584 1193 initiis
3628 1137 3786 1208 prius

2135 1227 2289 1283 dicta
2324 1228 2577 1296 fuerant,
2603 1228 2659 1281 in
2685 1228 2778 1282 bis
2807 1231 3095 1297 repetens,
3120 1233 3176 1281 et
3206 1243 3332 1298 qua:
3364 1226 3606 1282 deerant
3636 1225 3784 1295 adjio

2137 1318 2318 1385 ciens,
2346 1325 2405 1372 et
2437 1318 2612 1371 vitam
2646 1333 2870 1381 eorum,
2904 1317 3003 1388 qui
3030 1315 3089 1370 in
3121 1317 3333 1372 virtute
3365 1314 3786 1381 excelluerunt,

2135 1407 2194 1461 in
2231 1407 2487 1461 medium
2523 1407 2840 1473 adducens,
2866 1408 2935 1461 ad
2964 1406 3351 1461 imitationem
3374 1410 3430 1460 et
3462 1404 3786 1460 zemulatio-

2135 1513 2266 1552 nem
2303 1496 2532 1550 illorum
2558 1498 2788 1551 animos
2817 1495 3189 1561 accendebat,
3215 1500 3270 1549 et
3293 1495 3522 1549 abunde
3544 1496 3627 1549 eis
3653 1510 3789 1566 prae-

2136 1586 2303 1642 bebat
2335 1584 2478 1641 tales
2522 1586 2796 1640 fruendas
2848 1585 3180 1640 conciones.
3214 1588 3328 1639 Hoc
3358 1584 3416 1638 in
3451 1585 3574 1639 loco
3609 1584 3789 1640 visio-

2134 1692 2265 1731 nem
2300 1690 2555 1747 quoque,
2578 1691 2749 1745 quam
2785 1673 2945 1730 solus
2977 1675 3074 1729 ille
3106 1674 3293 1730 fuerat
3322 1678 3647 1741 assecutus,
3674 1690 3786 1745 pu-

2137 1764 2287 1821 blice
2315 1764 2472 1837 apud
2500 1782 2669 1821 aures
2702 1764 2964 1820 omnium
2998 1764 3291 1835 deposuit.
3329 1762 3432 1817 llla
3461 1768 3654 1817 autem
3701 1770 3785 1817 est

2135 1855 2450 1927 ejusmodi,
2474 1865 2533 1910 ut
2569 1854 2711 1909 nihil
2746 1855 2930 1926 possit
2958 1869 3083 1909 esse
3104 1852 3544 1907 admirabilius:
3572 1857 3630 1908 et
3659 1868 3785 1922 quis

2136 1946 2264 2000 visu
2313 1945 2552 2015 quidem
2608 1944 2715 1999 fuit
2760 1943 3072 1999 terribilis:
3107 1942 3156 1997 si
3189 1942 3431 1997 auribus
3462 1946 3654 1995 autem
3686 1954 3785 1994 ac-

2135 2038 2302 2103 cepta
2353 2034 2542 2101 fuerit,
2575 2032 2865 2088 salutaris.
2904 2032 3222 2086 Videbatur
3267 2032 3421 2086 enim
3476 2029 3642 2095 mihi,
3695 2028 3785 2083 in-

2136 2124 2280 2193 quit,
2313 2122 2524 2179 ccslum
2558 2138 2686 2178 esse
2718 2126 3007 2193 apertum,
3040 2130 3090 2177 et
3120 2137 3249 2191 quas
3281 2119 3440 2175 initio
3474 2120 3786 2173 incurvita-

2135 2213 2293 2267 tibus
2324 2213 2659 2283 interceptae
2710 2216 2877 2267 erant
2920 2227 3106 2282 aqua,
3138 2209 3276 2265 hinc
3307 2214 3365 2264 et
3396 2208 3531 2263 hinc
3562 2206 3783 2275 divisae,

2136 2302 2319 2357 firma
2350 2318 2416 2359 ac
2448 2301 2684 2357 stabiles
2731 2317 2965 2356 manere
2996 2302 3052 2355 in
3088 2307 3333 2370 utraque
3364 2303 3547 2370 parte.
3582 2297 3786 2351 Forma

2136 2399 2331 2449 autem
2374 2394 2637 2464 quaedam
2691 2393 2967 2459 humana,
3000 2391 3260 2447 lucidum
3288 2391 3582 2462 quoddam
3610 2388 3787 2459 jubar

2137 2484 2433 2547 emittens,
2463 2487 2521 2538 et
2562 2483 2745 2537 multa
2792 2481 2920 2536 luce
2971 2480 3131 2536 omni
3163 2497 3231 2535 ex
3263 2488 3421 2550 parte
3471 2477 3785 2549 refulgens,

2138 2587 2377 2627 aureum
2408 2588 2586 2627 manu
2618 2578 2821 2626 tenens
2846 2570 3145 2638 malleum,
3172 2578 3383 2625 terram
3411 2566 3697 2637 pulsabat.
3723 2566 3788 2620 Et

2136 2662 2237 2717 lux
2268 2664 2516 2732 desuper
2544 2678 2575 2716 e
2607 2660 2769 2717 caelis
2800 2661 2982 2716 radiis
3008 2661 3340 2729 frequenter
3368 2658 3650 2725 emicans,
3676 2658 3785 2711 im-

2140 2751 2328 2823 plebat
2360 2751 2506 2805 fines
2538 2756 2723 2805 terras.
2750 2750 2898 2813 Quin
2949 2749 3129 2804 etiam
3183 2747 3421 2819 quidam
3456 2745 3594 2801 alati
3626 2761 3786 2799 exer-

2137 2840 2311 2905 citus,
2335 2840 2436 2911 qui
2458 2844 2626 2895 erant
2646 2844 2818 2895 etiam
2842 2838 3249 2910 unusquisque
3268 2836 3385 2903 lux,
3412 2835 3789 2892 movebantur

2138 2930 2197 2986 in
2228 2930 2405 2986 cmlis.
2432 2930 2496 2985 Et
2526 2931 2800 2985 columna
2829 2945 2987 2985 (enea
3021 2930 3142 2984 basi
3174 2944 3359 2983 aureas
3391 2925 3687 2998 imposita,
3714 2926 3785 2979 ad

2140 3019 2273 3075 illos
2306 3020 2692 3091 pertingebat.
2719 3020 2828 3074 Sed
2864 3034 2997 3089 pars
3029 3018 3267 3089 quidem
3302 3016 3490 3088 ipsius
3518 3014 3668 3070 lucis
3700 3014 3786 3069 vi-

2140 3112 2383 3166 debatur
2415 3112 2562 3167 ferre
2592 3112 2839 3183 figuram
2873 3109 3083 3178 crucis,
3118 3126 3250 3179 pars
3280 3114 3473 3164 autem
3507 3115 3627 3162 erat
3659 3122 3786 3160 ma-

2140 3217 2265 3273 gnis
2287 3201 2570 3255 columnae
2594 3199 2824 3255 similis.
2850 3199 2917 3253 Et
2941 3208 3053 3254 tres
3076 3197 3199 3253 aliis
3224 3197 3479 3252 minores
3500 3194 3786 3252 columnae

2140 3288 2341 3344 locatis
2372 3300 2531 3344 erant
2561 3304 2734 3359 super
2774 3289 2938 3343 bases
2977 3288 3223 3342 similes.
3257 3286 3365 3341 Sed
3401 3302 3515 3340 una
3548 3284 3783 3355 quidem

2134 3379 2328 3434 stabat
2359 3394 2536 3449 super
2567 3375 2943 3447 martyricum
2978 3375 3224 3430 statium
3263 3375 3440 3429 beata:
3464 3371 3775 3443 Ripsimes,

2134 3474 2189 3522 et
2220 3468 2460 3539 triginta
2492 3467 2665 3520 trium
2699 3465 3011 3537 virginum,
3042 3462 3218 3518 altera
3249 3472 3466 3530 autem,
3502 3462 3599 3515 ubi
3642 3456 3803 3531 pra»!

2136 3557 2291 3614 clara
2339 3556 2557 3612 Gaiana
2594 3572 2726 3611 cum
2776 3556 2999 3610 duabus
3049 3552 3220 3608 sociis
3266 3551 3613 3620 virginibus,
3647 3565 3782 3605 con-

2137 3646 2549 3704 summationis
2598 3662 2873 3700 coronam
2925 3659 3214 3711 accepere,
3245 3642 3373 3696 Alia
3419 3652 3611 3695 autem
3662 3642 3787 3695 erat

2138 3753 2315 3809 super
2345 3734 2618 3800 torcular,
2638 3733 2788 3803 quod
2815 3732 2974 3805 prius
2999 3732 3231 3802 quidem
3267 3745 3472 3785 omnes
3502 3727 3678 3782 simul
3704 3728 3783 3781 fu-

2137 3826 2362 3898 gientes
2402 3824 2623 3893 excepit
2654 3822 2945 3893 virgines:
2980 3821 3156 3875 unius
3204 3824 3394 3874 autem
3452 3825 3648 3888 postea
3694 3815 3783 3871 vel

2138 3915 2343 3988 quovis
2372 3930 2528 3970 mero
2561 3920 2658 3968 aut
2689 3915 2920 3967 nectare
2942 3910 3260 3965 dulciorem
3294 3906 3518 3978 excepit
3546 3902 3784 3972 sangui-

2138 4023 2295 4061 nem.
2328 4006 2459 4070 Quae
2510 4019 2643 4058 cum
2683 4001 2740 4056 in
2782 4018 2847 4057 eo
2894 4000 2952 4055 in
3004 4000 3272 4054 morbum
3322 3994 3647 4061 incidisset,
3679 4008 3785 4049 nec

2140 4100 2337 4167 posset
2366 4093 2510 4149 alias
2557 4093 2721 4163 sequi
2765 4090 3038 4162 virgines,
3072 4088 3285 4143 ibidem
3318 4083 3475 4154 apud
3505 4083 3780 4149 torcular,

2138 4189 2417 4256 tanquam
2454 4200 2568 4239 una
2599 4181 2856 4253 speciosa
2888 4178 3074 4234 oculis
3123 4176 3477 4232 hilaritatem
3512 4173 3778 4240 efferens,

2139 4278 2196 4329 et
2223 4274 2565 4328 suavitatem
2612 4287 2725 4325 non
2769 4270 3066 4341 justorum
3120 4266 3361 4337 pedibus
3410 4264 3780 4333 exprimitur,

2140 4365 2239 4419 sed
2278 4363 2544 4418 manibus
2575 4360 2892 4431 impiorum
2915 4357 2985 4411 de
3010 4356 3199 4411 medio
3230 4354 3473 4409 tollitur.
3500 4352 3633 4407 Post
3660 4350 3781 4406 haec

2142 4468 2413 4524 magnam
2447 4450 2680 4521 quidem
2714 4449 3016 4520 igneorum
3042 4444 3309 4500 allarium
3342 4440 3777 4498 multiludiuem

2140 4543 2301 4597 dedit
2342 4539 2731 4610 aspiciendam
2777 4537 2946 4602 visio,
2993 4540 3050 4590 et
3096 4550 3271 4605 snper
3319 4531 3781 4602 unumquodque

376 4610 467 4699 καὶ
516 4612 763 4699 σταυρὸν
796 4613 1021 4690 ὕπερθεν
1070 4616 1150 4697 ἐφ’
1216 4617 1441 4676 ἐκάστου
1489 4624 1871 4699 θυσιαστηρίου
1924 4632 2025 4696 τῆς

2139 4646 2370 4687 crucem
2403 4630 2712 4684 formatam
2756 4642 2825 4682 ex
2870 4624 3074 4681 eadem
3118 4622 3394 4679 materia:
3431 4621 3560 4675 fons
3584 4625 3777 4673 autem

375 4697 547 4786 αὐτῆς
579 4697 718 4786 ίίλης
748 4698 1246 4781 διαμορφούμενον.
1280 4712 1440 4786 [Ιηγή
1487 4709 1543 4768 δέ
1588 4734 1671 4777 τις
1711 4697 1771 4769 ἐκ
1816 4716 2027 4772 τούτων

378 4784 546 4879 ξρῥει,
580 4783 774 4879 διειδές
801 4809 861 4845 τε
890 4791 1003 4865 ἅμα
1030 4795 1119 4849 καὶ
1152 4795 1297 4851 οὕτω
1327 4783 1390 4853 τι*
1427 4800 1659 4879 ἄφθονον
1718 4800 2024 4875 ἐκδιδοῦσα,

382 4876 455 4938 ὡς
485 4877 792 4949 ἐπικλύζειν
825 4882 963 4936 ἅπαν
993 4888 1089 4938 τοῦ
1122 4876 1483 4962 ὑποκειμένου
1510 4890 1700 4946 πεδίου
1747 4894 1810 4949 τὸ
1856 4895 2024 4969 πρόσ-

380 4985 551 5057 ωπον.
588 4964 763 5057 Ἀλλά
813 4970 921 5042 μὴν
964 4970 1054 5027 καὶ
1114 4974 1281 5050 ἀγέλη
1323 4997 1417 5050 μοι
1470 4986 1784 5054 καθεωρᾶτο
1833 4964 2023 5057 αἰνῶν,

377 5052 430 5111 ἐν
461 5059 541 5126 τῷ
590 5054 782 5128 μέλανι
836 5064 945 5114 τῶν
1001 5068 1211 5138 τριχῶν
1268 5062 1608 5126 στέλϐουσαι.
1644 5052 1795 5127 ’.Επεὶ
1855 5052 1915 5127 δέ
1962 5074 2025 5127 τὸ

378 5142 526 5237 ἱέδωρ
572 5144 1099 5237 ἐκεῖνο-περάσειαν,
1149 5157 1184 5223 ἡ
1227 5152 1341 5210 ἶδὲα
1392 5159 1483 5230 μὲν
1532 5158 1720 5222 αὐταῖς
1768 5160 1843 5224 εἰς
1887 5164 2029 5237 πρό-

378 5227 946 5323 βαταμετεόάλλετο·
1016 5242 1079 5296 τὸ
1146 5240 1202 5299 δὲ
1264 5227 1402 5299 τῶν.
1438 5253 1648 5323 τριχῶν
1720 5247 1888 5321 μέλαν
1932 5227 2025 5312 ἐἷς

380 5320 686 5412 λευκότητα
709 5327 905 5401 χιόνος
952 5327 1236 5404 ἠμείϐετο.
1296 5320 1569 5398 Εἶπεςᾶἱν
1601 5337 1653 5393 ἐν
1697 5337 1891 5412 ἀκαρεῖ
1934 5342 2028 5405 τὰς

384 5410 618 5505 μέλανας
678 5416 1033 5493 ὑποῤῥεῦσαι,
1094 5422 1183 5478 καὶ
1245 5426 1341 5487 τάς
1401 5426 1585 5500 ἑτέρας
1632 5410 1887 5505 ἀναφῦναι
1931 5430 2029 5493 τὰς

380 5499 599 5566 λευκάς.
652 5506 735 5562 Τὰ
797 5507 985 5581 μέντοι
1023 5506 1271 5587 πρόϐατα
1343 5499 1543 5572 τίκτειν
1612 5499 1869 5591 ἐῴκεσανο
1936 5521 2027 5575 καὶ

377 5590 550 5682 πολιὰ
580 5592 676 5668 μὶν
706 5595 944 5661 καὶτοῖς
991 5606 1234 5677 νεογνοῖς
1282 5604 1318 5673 ἠ
1370 5604 1508 5678 θρὶξ,
1554 5607 1617 5662 τὸ
1658 5590 1738 5663 νδὶ
1789 5607 2025 5682 πλῆθος,

370 5681 470 5739 καὶ
509 5683 742 5760 ἀριθμὸν
774 5687 863 5743 καὶ
891 5688 1059 5746 τόπον
1093 5691 1217 5747 ὅσον
1264 5690 1548 5770 ὀφθαλμὸς
1597 5696 1845 5771 ὡρίζετο,
1899 5681 2026 5756 ὑπεέ

2139 4720 2373 4792 quidam
2426 4734 2494 4774 ex
2540 4717 2633 4773 his
2681 4716 3012 4781 emanabat,
3062 4712 3433 4785 perspicuum
3486 4708 3778 4780 quoddam

2134 4812 2309 4866 edens
2355 4808 2663 4873 fluentum,
2704 4816 2758 4861 et
2806 4807 2946 4861 adeo
2996 4802 3318 4873 copiosum,
3363 4804 3423 4855 ut
3473 4796 3780 4854 mundaret

2136 4898 2469 4953 universam
2504 4895 2748 4966 subjecti
2781 4892 2969 4964 campi
3004 4892 3229 4946 faciem.
3253 4891 3399 4953 Quin
3424 4887 3598 4942 etiam
3634 4883 3777 4940 mihi

2134 4988 2471 5042 cernebatur
2518 5001 2656 5057 grex
2705 4997 3002 5053 caprarum
3050 4978 3426 5050 resplendens
3459 4976 3515 5029 in
3550 4975 3779 5045 nigrore

2138 5073 2408 5145 pilorum.
2444 5074 2755 5143 Postquam
2806 5075 3002 5125 autem
3045 5083 3254 5137 aquam
3306 5062 3777 5127 transmiserant,

2135 5164 2356 5236 species
2388 5164 2623 5234 quidem
2653 5162 2734 5217 eis
2785 5160 3119 5214 mutabatur
3149 5157 3207 5211 in
3239 5171 3373 5211 oves
3400 5169 3413 5209 ε
3448 5154 3647 5225 nigror
3675 5170 3780 5207 au-

2136 5258 2253 5309 tem
2289 5254 2558 5323 pilorum,
2593 5251 2925 5306 mutabatur
2976 5248 3031 5301 in
3077 5248 3331 5301 alborem
3384 5244 3550 5298 nivis.
3594 5242 3781 5297 Dixis-

2142 5360 2234 5398 ses
2282 5348 2575 5397 momento
2625 5338 2898 5410 temporis
2947 5334 3238 5391 efﬂuxisse
3287 5334 3503 5405 nigras.
3535 5337 3591 5387 et
3633 5331 3779 5386 alias

2140 5438 2364 5489 exortas
2392 5448 2541 5498 esse,
2564 5445 2772 5500 nempe
2796 5428 2979 5483 albas.
3003 5428 3194 5496 Atque
3224 5440 3357 5479 oves
3388 5423 3620 5494 quidem
3645 5422 3779 5479 visas

2140 5528 2281 5577 sunt
2309 5536 2549 5594 parere:
2581 5526 2637 5575 et
2666 5517 2794 5574 cani
2844 5516 2943 5588 pili
2989 5520 3153 5573 erant
3189 5514 3365 5570 etiam
3400 5529 3597 5571 recens
3632 5512 3781 5568 natis

2142 5611 2394 5669 fcetibus.
2428 5608 2736 5667 Multitudo
2785 5611 2977 5663 autem
3018 5606 3329 5679 superabat
3358 5610 3415 5660 et
3444 5618 3778 5669 numerum,

2137 5707 2195 5761 et
2222 5703 2438 5773 locum,
2462 5706 2978 5775 quantumcunque
3006 5696 3323 5755 definiebat
3341 5694 3556 5753 oculus.
3581 5692 3662 5748 Ex
3684 5691 3775 5747 his
