4042 6222
362 268 480 329 979

1657 261 1939 324 MENSIS
1985 262 2480 323 SEPTEMBER.

3661 262 3786 317 980

365 431 582 493 autem,
616 441 742 498 quae
775 440 958 496 nuper
1007 426 1152 479 natae
1201 429 1385 491 erant,
1423 424 1761 481 videbantur
1806 441 2010 481 rursus

2135 418 2392 481 οὲϐαινον.
2427 423 2713 481 Τίκτεσθαι
2746 423 2803 477 δὲ
2834 421 2924 476 καὶ
2974 420 3080 475 ἀπὸ
3130 424 3235 475 τῶν
3293 418 3597 491 egenam.
3656 441 3789 473 ταιο-

366 532 595 588 quoque
628 517 790 571 nasci
822 515 966 570 aliis.
992 514 1315 584 thuidam
1348 517 1481 586 agni
1507 518 1711 571 mutati
1741 520 1795 571 in
1824 518 2011 587 lupos,

365 606 814 661 malefaciebant
845 605 1071 671 ovibus,
1096 613 1149 659 et
1178 620 1278 660 eas
1310 606 1806 676 aggrediebantur
1831 622 2019 661 come-

365 696 502 750 dere
533 709 599 749 ac
630 694 980 764 discerpere.
1002 694 1109 747 Sed
1145 710 1212 749 ex
1237 694 1326 747 his
1357 694 1588 763 quidem
1623 695 1748 749 alia:
1779 694 2014 749 interim

366 782 764 854 producebant
812 782 955 851 alas,
990 790 1043 836 et
1092 782 1361 837 volabant
1390 783 1458 836 ad
1491 784 1777 839 exercitus
1826 783 2015 839 lucis:

364 871 490 927 alite
522 877 712 927 autem
747 872 1127 943 capiebantur
1148 888 1181 926 a
1212 872 1387 944 lupis.
1412 871 1556 929 Cum
1586 874 1694 929 hoc
1727 875 1908 941 ﬁeret,
1934 890 2019 929 re-

365 964 536 1030 pente
566 960 670 1015 rivi
704 960 856 1032 ignis
890 960 1061 1016 effusi
1111 966 1313 1017 contra
1352 961 1544 1032 lupos,
1576 964 1635 1016 in
1667 977 1765 1017 eos
1798 963 2018 1019 incide-

369 1048 502 1104 bant
532 1053 589 1105 et
617 1049 955 1114 exurebant,
987 1054 1045 1103 et
1074 1065 1185 1104 non
1240 1048 1447 1105 licebat
1477 1051 1560 1105 eis
1591 1050 1844 1121 amplius
1873 1052 2015 1107 etfu-

367 1153 523 1209 gere.
560 1141 693 1193 Post
725 1136 846 1193 haec
872 1138 1070 1193 omnia
1100 1136 1225 1192 aliae
1258 1154 1463 1193 rursus
1492 1137 1779 1194 columna,
1818 1154 2019 1195 cerne-

366 1226 581 1281 bantur
629 1226 751 1282 ﬁxe
782 1226 843 1281 in
884 1225 1179 1281 nubibus:
1215 1230 1270 1281 et
1308 1234 1479 1298 caput
1528 1226 1787 1283 lucidum
1840 1244 2020 1300 supra

366 1315 673 1372 columnas
703 1315 994 1387 prtebebat
1024 1314 1316 1386 quoddam
1350 1316 1750 1387 spectaculum
1774 1318 2021 1373 admira-

367 1403 506 1460 bile.

442 1604 694 1661 XXVIII.
731 1604 852 1672 His,
884 1605 1099 1677 inquit,
1134 1610 1190 1662 et
1220 1606 1435 1664 talibus
1463 1625 1622 1665 eram
1669 1625 1774 1682 ego
1824 1611 2021 1667 animo

372 1693 836 1765 obstupefactus,
859 1700 916 1750 et
948 1697 1200 1752 maxime
1232 1698 1387 1768 quod
1420 1701 1695 1769 quasdam
1725 1716 1815 1755 res
1847 1701 2022 1757 tacite

2124 514 2252 569 τωνῖ
2284 512 2447 568 πάλιν
2478 511 2632 587 ἕτερα
2664 510 2862 581 ἐδόκει,
2913 511 3003 565 καί
3048 530 3191 570 τινες
3242 510 3393 583 ἄρνες
3444 508 3520 569 εἷς
3573 507 3786 569 λύκους

2126 597 2548 675 μεταϐαλόντες,
2580 608 2761 665 κακῶς
2790 602 2856 655 τὰ
2905 594 3155 673 πρόϐατα
3207 597 3449 663 ἐποίουν,
3510 599 3601 651 καὶ
3651 619 3784 651 κατ-

2122 693 2315 756 εσθίειν
2388 713 2446 746 τε
2519 692 2656 747 αὐτὰ
2728 692 2817 745 καὶ
2895 688 3123 758 διασπᾷν
3182 688 3465 762 ὥρμηντο,
3516 686 3673 743 ἀλλᾶ
3721 687 3787 741 τὰ

2127 782 2222 854 μὲι
2262 782 2437 835 αύτῶν
2488 779 2758 857 πτέρυγας
2806 800 2864 835 τε
2896 778 2948 834 ὲν
2995 776 3241 848 τοσούτῳ
3294 774 3441 854 Equus,
3490 777 3580 831 καὶ
3644 777 3789 849 πρὸς

2119 870 2216 931 τὰς
2250 871 2499 939 στρατιὰς
2529 874 2627 924 τοῦ
2658 870 2837 948 τρωτὸς
2883 867 3211 935 διιπέτοντο,
3263 868 3330 921 τὰ
3378 864 3436 921 δὲ
3482 865 3787 934 ἡλίσκοντο

2125 958 2226 1013 ὑπὸ
2254 963 2361 1013 τῶν
2396 957 2599 1015 λύκων.
2652 959 2740 1014 Ἐν
2798 956 2976 1027 τούτῳ
3030 955 3199 1028 πυρὸς
3259 955 3317 1009 ἐκ
3362 959 3460 1009 τοῦ
3506 950 3787 1030 αἰφνιδίου

2124 1047 2313 1120 ῥύακες
2370 1047 2505 1101 κατᾶ
2552 1050 2659 1101 τῶν
2711 1044 2892 1100 λύκων
2946 1041 3339 1118 διεκχυθὲντες,
3388 1040 3677 1096 ἐνέπιπτὸν
3729 1060 3790 1095 τε

2124 1136 2427 1200 αὐτοῖςκαὶ
2487 1136 2752 1207 ἑπίπρων,
2810 1135 2900 1189 καὶ
2952 1133 3131 1189 ούκέτι
3176 1131 3301 1188 ούδέ
3360 1129 3785 1207 ἀποδιδρασκειν

2122 1226 2337 1287 τούτοις
2378 1224 2522 1294 ἐνῆν.
2568 1226 2689 1280 Ἐπὶ
2758 1229 2887 1278 πᾶσι
2955 1222 3169 1283 τούτοις
3228 1220 3417 1277 στῦλοι
3474 1222 3792 1295 πεπηγύτες

2124 1312 2300 1388 ἕτεροι
2339 1312 2506 1369 πάλιν
2548 1312 2607 1369 ἐκ
2654 1318 2764 1368 τῶν
2819 1318 2992 1391 νεφῶν
3052 1313 3328 1386 ἑωρῶντο·
3388 1312 3477 1365 καὶ
3546 1309 3791 1389 κεφαλὶς

2128 1404 2303 1477 μῆκός
2352 1425 2409 1459 τε
2448 1404 2537 1458 καὶ
2594 1401 2803 1465 πλάτος
2872 1403 3042 1476 ὁμοία
3109 1402 3425 1474 θαυμαστὴν
3493 1398 3613 1455 οἷαν
3682 1402 3788 1470 τῆν

2125 1494 2243 1549 θίαν
2273 1495 2590 1569 παρείχετο.

2197 1602 2327 1657 Kll'.
2362 1600 2585 1661 Τούτοις
2616 1600 2722 1674 ἐγὼ
2752 1600 2841 1655 καὶ
2871 1599 3165 1666 τοιούτοις,
3198 1598 3354 1675 φησὶ,
3396 1600 3493 1667 τήν
3541 1594 3790 1652 ’διάνοιαν

2130 1689 2679 1761 ἐναποπληττόμενος
2745 1691 2835 1761 ἦν,
2907 1688 3146 1763 μάλιστα
3217 1688 3300 1743 ὅτι
3380 1688 3470 1743 καὶ
3541 1688 3793 1742 ύπαινίτ-

371 1783 673 1839 videbatur
729 1784 1061 1856 signiﬁcare
1118 1786 1262 1842 visio
1321 1789 1708 1845 admirabilis.
1760 1789 1873 1845 Sed
1920 1791 2018 1861 qui

2135 1780 2308 1844 τεσθαί
2337 1801 2459 1834 τινα
2487 1776 2660 1833 ἐδόκει
2690 1780 2752 1834 τὸ
2782 1776 3082 1852 παράδοξον
3123 1783 3223 1846 τῆς
3270 1777 3527 1851 ὁράσεως,
3560 1774 3733 1831 Ἀλλ’
3764 1778 3793 1830 ὁ

372 1888 490 1927 una
522 1888 750 1929 mecum
784 1874 997 1940 aderat,
1034 1879 1089 1929 et
1120 1892 1248 1947 quae
1286 1876 1647 1944 videbantur,
1679 1880 2023 1934 ostendebat

373 1962 520 2034 (erat
549 1962 791 2031 angelus
824 1964 1053 2018 Domini
1101 1965 1545 2038 omnipotentis)
1578 1966 1702 2037 ipse
1731 1972 1785 2023 et
1819 1974 2021 2040 stupo-

373 2067 495 2105 rem
561 2051 938 2106 convertebat
1006 2053 1064 2107 in
1136 2053 1365 2109 dulcem
1443 2056 1906 2120 admirationem,
1966 2060 2025 2114 et

373 2137 721 2207 explicabat,
754 2139 893 2209 quid
938 2140 1339 2209 signiﬁcarent
1377 2142 1613 2214 singula
1642 2160 1865 2211 eorum,
1898 2162 2024 2217 qua

375 2226 778 2281 cernebantur.
804 2226 941 2281 Nam
969 2228 1336 2285 latitudinem
1361 2231 1593 2301 quidem
1618 2234 1743 2288 cceli
1768 2243 2024 2305 apertam

377 2314 436 2368 in
470 2315 697 2370 duabus
729 2316 1019 2387 partibus,
1054 2318 1293 2374 docebat
1329 2322 1658 2392 signiﬁcare
1690 2323 1909 2380 viscera
1939 2328 2029 2380 di-

376 2404 520 2457 vinas
552 2402 877 2459 clementiae
909 2407 1067 2475 prius
1101 2406 1338 2477 quidem
1387 2426 1493 2465 suo
1545 2410 1816 2482 ﬁgmento
1851 2415 2030 2470 fuisse

382 2490 598 2561 clausa,
631 2491 840 2549 deinde
871 2493 1049 2550 fuisse
1076 2508 1295 2567 aperta.
1330 2500 1504 2569 Aquas
1538 2510 1738 2570 autem,
1773 2519 1899 2573 quas
1932 2504 2027 2559 ﬁr-

379 2587 548 2636 matis
572 2597 638 2636 ac
660 2582 934 2637 stabilite
965 2584 1198 2640 fuerunt
1221 2603 1396 2658 super
1417 2605 1622 2660 aquas,
1648 2591 1873 2647 nullum
1909 2610 2032 2649 am-

378 2668 530 2741 plius
561 2686 687 2726 esse
720 2671 976 2727 innuunt
1015 2673 1502 2745 impedimentum
1551 2679 1644 2748 iis,
1688 2681 1788 2751 qui
1820 2698 1851 2736 e
1883 2691 2031 2738 terra

377 2758 581 2814 volunt
612 2761 681 2814 ad
715 2760 927 2816 coelum
979 2764 1245 2819 transire.
1279 2764 1555 2821 Gloriosa;
1606 2770 1785 2837 enim,
1820 2770 2030 2842 inquit,

380 2854 668 2921 martyres
720 2843 1110 2923 et‘reliquum
1171 2860 1633 2911 concertatorum
1687 2875 1893 2930 agmen
1942 2861 2034 2916 via

379 2939 498 2992 tam
546 2937 665 2992 lata
716 2938 989 3009 ingressis
1038 2945 1179 2995 sunt
1226 2943 1401 2997 caelos
1465 2944 1690 3015 absque
1742 2946 2033 3017 molestia,

380 3041 515 3081 cum
576 3042 701 3081 eam
758 3026 1141 3092 dcdicassent,
1199 3034 1256 3086 et
1308 3031 1468 3101 prius
1544 3048 1611 3088 ea
1684 3035 1791 3090 iter
1866 3036 2035 3093 iniis-

383 3118 532 3170 seut.
566 3114 673 3177 Qui
705 3120 899 3170 autem
952 3132 1124 3171 manu
1179 3134 1419 3173 aureum
1454 3125 1611 3176 tenet
1651 3122 1945 3193 malleum,
1978 3130 2035 3181 et

382 3208 600 3258 terram
657 3203 804 3270 ferit,
855 3204 907 3259 is
957 3204 1213 3261 divinam
1275 3207 1563 3279 signiﬁcat
1610 3212 2029 3281 visitationem,

382 3308 483 3364 per
498 3309 673 3363 quam
695 3308 853 3349 error
870 3294 1103 3365 quidem
1126 3296 1413 3353 idolorum
1430 3299 1500 3355 ab
1521 3317 1587 3356 ea
1606 3302 1713 3357 fuit
1731 3304 2031 3375 expulsus,

384 3382 698 3439 fuitautem
714 3385 842 3454 ejus
861 3385 985 3442 loco
1002 3388 1338 3445 introducta
1352 3392 1582 3447 veritas.
1602 3393 1720 3449 Lux
1738 3412 1890 3463 vero,
1906 3413 2032 3468 quas

385 3472 493 3527 fuit
511 3472 722 3528 diﬁ'usa
740 3475 797 3529 in
818 3476 1147 3532 universam
1168 3482 1404 3545 terram,
1420 3481 1813 3538 dilatationem
1836 3485 2034 3554 praedi—

384 3560 628 3617 cationis
660 3562 972 3631 Evangelii,
1006 3570 1061 3620 et
1091 3583 1158 3622 ex
1183 3584 1249 3623 eo
1288 3572 1691 3640 procedentem
1727 3572 2030 3645 fulgorem,

382 3651 481 3722 qui
526 3652 725 3707 omnia
770 3656 1225 3723 comprehendit.
1264 3658 1614 3726 Angelorum
1661 3669 1850 3718 autem
1901 3681 2033 3720 con-

383 3755 614 3812 gressus
671 3758 802 3797 cum
855 3747 1210 3815 martyribus
1276 3764 1731 3820 concursusque,
1789 3758 1844 3807 et
1900 3769 2030 3809 cum

382 3829 513 3884 aliis
538 3830 877 3886 hominibus
900 3834 1159 3904 ipsorum
1185 3840 1623 3895 consuetudinis
1644 3846 1699 3895 et
1723 3857 2031 3896 conversa-

384 3919 583 3985 tionis,
616 3920 791 3991 bujus
825 3921 1097 3978 luminosi
1132 3930 1188 3979 et
1220 3925 1358 3981 alati
1392 3930 1671 3984 exercitus
1710 3930 2030 3986 descensus

382 4012 469 4063 est
498 4007 731 4078 signum
778 4011 1037 4066 evidens.
1071 4012 1353 4070 Columna
1402 4022 1490 4071 est
1537 4017 1693 4073 basis
1739 4036 1931 4086 aurea,
1965 4036 2032 4075 ea

382 4096 515 4152 ﬁdei
549 4097 1007 4157 Christianorum
1059 4102 1419 4160 divinitatem
1465 4106 1757 4178 signiﬁcat
1786 4114 1841 4163 et
1872 4111 2030 4181 puri—

380 4190 579 4242 tatem.
638 4186 784 4244 Doni
842 4196 1035 4246 autem
1096 4194 1400 4250 sacerdotii
1460 4197 1691 4269 signum
1743 4204 1831 4254 est
1888 4216 2029 4255 crux

382 4274 547 4331 lucis.
580 4277 722 4333 Nam
757 4280 929 4351 primi
962 4297 1192 4353 quoque
1230 4282 1524 4341 Pontiﬁcis
1558 4285 1871 4359 imaginem
1921 4290 2029 4345 fert

382 4367 674 4435 sacerdos,
707 4368 807 4440 qui
835 4377 1072 4442 propter
1101 4389 1206 4428 nos
1239 4376 1498 4445 suscepit
1529 4382 1775 4432 mortem
1813 4380 2026 4435 crucis.

382 4455 666 4514 Columna
695 4457 861 4526 lucis,
897 4464 981 4515 est
1028 4461 1223 4534 imago
1273 4463 1570 4520 catholicae
1610 4466 1894 4534 Ecclesiae,
1930 4484 2030 4538 per

382 4561 556 4615 quam
592 4547 926 4604 extollimur
947 4550 1014 4605 ad
1038 4551 1266 4621 pietatis
1299 4553 1472 4609 simul
1494 4558 1550 4609 et
1570 4554 1780 4611 salutis
1812 4554 2025 4623 lucem,
2057 4538 2116 4623 Ι)

381 4634 455 4691 ad
487 4652 663 4707 quam
694 4653 806 4693 non
857 4645 1007 4709 patet
1055 4640 1266 4697 aditus.
1299 4645 1437 4697 Tres
1486 4646 1681 4699 autem
1730 4643 2025 4702 breviores

380 4723 686 4792 columnae,
720 4740 844 4796 qua:
872 4725 1067 4781 locatas
1102 4737 1237 4784 sunt
1268 4746 1443 4800 super
1473 4732 1663 4800 bases,
1687 4731 2027 4791 describunt

378 4814 678 4869 inﬁnitum
726 4832 1030 4871 numerum
1080 4818 1451 4889 templorum,
1484 4836 1726 4892 quorum
1771 4824 1830 4878 in
1877 4840 2023 4881 uno-

380 4920 611 4974 quoque
652 4904 775 4960 loco
825 4907 1355 4963 consummationis
1405 4926 1624 4975 eorum,
1658 4910 1757 4982 qui
1792 4919 2026 4984 propter

379 4994 674 5049 Christum
719 5000 864 5050 mori
896 4994 1194 5065 elegerint,
1230 4998 1607 5053 fundamenta
1643 5001 1937 5070 jacientur
1968 5009 2026 5059 et

378 5085 800 5141 excitabuntur.
827 5086 1041 5141 Rursus
1072 5093 1259 5142 autem
1293 5091 1610 5145 oratorium
1644 5092 1852 5147 a’dium
1886 5095 2022 5149 aedi-

378 5174 684 5243 ﬁcationis,
729 5194 854 5247 qua:
905 5180 969 5231 tit
1018 5193 1118 5247 per
1163 5194 1313 5246 eam,
1355 5196 1481 5249 qua‘
1523 5192 1609 5249 est
1655 5184 2021 5254 circumqua-

376 5282 510 5336 que,
548 5270 861 5339 regionem,
898 5269 1013 5323 haec
1065 5268 1268 5324 altaria
1318 5271 1546 5327 dicebat
1588 5290 1716 5330 esse
1761 5276 2019 5345 signum.

376 5358 527 5407 Crux
557 5361 749 5411 autem
802 5357 968 5426 ignea
1021 5372 1199 5427 super
1227 5372 1315 5425 ea,
1347 5358 1656 5430 signiﬁcat,
1687 5364 1841 5434 quod
1890 5362 2022 5435 igne

374 5443 727 5499 sanctissimi
776 5444 1048 5516 Spiritus,
1101 5446 1492 5517 incruentum,
1545 5452 1699 5520 quod
1749 5450 1808 5505 in
1860 5450 2020 5507 holo-

373 5534 639 5588 caustum
683 5534 944 5601 oﬁ'ertur,
976 5534 1329 5593 sacriﬁcium
1381 5537 1641 5594 adolatur
1687 5537 1746 5593 in
1799 5556 2019 5597 memo-

371 5621 521 5681 riam
554 5623 610 5677 et
637 5622 888 5694 gloriam
922 5624 1065 5698 ejus,
1099 5625 1195 5697 qui
1230 5643 1332 5699 pro
1364 5626 1533 5684 nobis
1566 5632 1656 5686 est
1687 5630 2018 5693 cruciﬁxus.

2130 1870 2228 1938 τῆν
2271 1869 2450 1947 ἀρχὴν
2498 1867 2623 1940 ἐμοὶ
2673 1867 2972 1943 συμπαρὼν
3019 1869 3107 1921 καί
3157 1866 3224 1921 τὰ
3278 1867 3521 1938 παρόντα
3572 1864 3797 1921 ὑποδει-

2130 1959 2306 2013 κνύων
2338 1955 2591 2034 (ἄγγελος
2634 1954 2689 2012 δὲ
2722 1956 2921 2032 Κυρίου
2967 1955 3405 2030 παντοκράτορος
3464 1954 3624 2016 οὗτος
3672 1956 3792 2036 ἦν)ν

2131 2045 2291 2107 αὐτὸς
2338 2046 2427 2100 καὶ
2494 2047 2591 2113 τήν
2672 2042 2931 2116 ἔκπληξιν
2999 2045 3073 2105 εἷς
3142 2043 3317 2121 γλυκὺ
3388 2042 3793 2119 μετερῥύθμιζε

2133 2137 2336 2206 θαῦμα,
2367 2131 2455 2186 καὶ
2489 2132 2563 2194 ὼς
2614 2128 2816 2202 ἐδήλου
2860 2136 2967 2186 τῶν
3020 2132 3313 2204 ὁρωμένων
3367 2126 3566 2184 ἕκαστα
3610 2126 3795 2183 διεσά-

2134 2242 2241 2298 φει.
2273 2221 2349 2277 Τὸ
2385 2221 2479 2293 μὲν
2511 2220 2614 2295 γὰρ
2666 2218 3003 2295 ἀνεῳγμένον
3046 2220 3183 2275 κατά
3232 2216 3327 2274 δύο
3375 2219 3649 2291 τμήματα
3694 2222 3795 2273 τοῦ

2136 2309 2365 2382 ούρανοῦ
2393 2308 2552 2370 κύτος
2580 2308 2645 2363 τὰ
2689 2315 2788 2378 τῆς
2836 2308 2979 2369 Οείας
3030 2305 3321 2383 σπλάγχνα
3377 2306 3796 2385 φιλανθρωπίας

2135 2399 2405 2456 ἐδίδασκεν
2461 2400 2795 2481 ὑπαφαίνειν,
2846 2400 3210 2475 κεκλεισμένα
3272 2401 3396 2476 περὶ
3460 2400 3525 2454 τὸ
3584 2399 3792 2455 οἰκεῖον

2136 2492 2364 2564 πλάσμα
2419 2494 2707 2569 πρότερον,
2776 2492 2893 2548 εἶτα
2960 2489 3363 2568 διανοιχθῆναι,
3422 2493 3490 2546 τὰ
3546 2490 3603 2546 δὲ
3662 2492 3796 2566 ὑπὲρ

2137 2580 2245 2636 ἄνω
2290 2587 2397 2637 τῶν
2463 2580 2772 2655 τμημάτων
2823 2580 3186 2657 ἐστηριγμένα
3245 2578 3410 2636 ὕδατα
3466 2583 3529 2636 τὸ
3599 2581 3799 2654 μηγέτι

2138 2675 2255 2733 τοῖς
2297 2671 2400 2725 ἀπὸ
2432 2677 2536 2746 γῆς
2585 2671 2721 2746 πρὸς
2775 2672 2866 2726 τὸν
2920 2670 3143 2745 οὐρανὸν
3195 2668 3557 2744 βουλομένοις
3622 2668 3795 2743 μηδὲν

2140 2758 2401 2832 ἐμπόδιον
2430 2760 2584 2815 εἶναι.
2641 2763 2707 2818 Αἱ
2739 2762 2843 2835 γὰρ
2901 2760 3239 2830 καλλίνικοι,
3299 2761 3454 2837 φησὶ,
3526 2761 3797 2835 μάρτυρες

2140 2850 2227 2905 καὶ
2259 2851 2285 2905 ὁ
2318 2850 2513 2912 λοιπὸς
2538 2856 2646 2906 τῶν
2680 2850 2956 2906 συναθλων
2999 2852 3174 2926 χορὸς
3221 2849 3292 2905 δι’
3342 2851 3485 2905 οὕτω
3534 2849 3798 2913 πλατείας

2139 2941 2240 3009 τὴν
2273 2939 2347 3001 εἷς
2398 2938 2661 3013 οὒρανοὺς
2720 2942 2940 3016 πορείαν
2996 2939 3380 3013 ἀταλαίπωρον
3442 2938 3798 3011 ἐποιήσαντο,

2142 3029 2511 3106 ἐγκαινίσασαι
2578 3030 2775 3099 ταύτην
2851 3031 2942 3086 καὶ
3017 3027 3405 3105 προδεύσασαι.
3469 3031 3530 3087 Ὁ
3603 3027 3659 3085 δὲ
3699 3033 3801 3099 τῆν

2145 3126 2352 3194 χρυσῆν
2387 3118 2438 3174 ἐν
2470 3123 2537 3193 τῇ
2578 3119 2726 3194 χειρὶ
2774 3119 2976 3195 σφύραν
3025 3117 3171 3194 ἔχων
3222 3119 3309 3173 καὶ
3361 3118 3648 3173 πατάσσων
3696 3120 3802 3187 τῆν

2144 3210 2398 3283 γῆν,τῆν
2428 3208 2727 3279 ἐπισκοπὴν
2789 3208 2942 3271 οὗτος
2998 3208 3281 3286 ὑποφαίνει
3340 3209 3438 3277 τὴν
3496 3208 3664 3277 θείαν,
3728 3206 3800 3263 δι’

2142 3299 2414 3367 ἧςὴτῶν
2475 3296 2719 3354 εἰδώλων
2792 3300 2885 3370 μὲν
2942 3297 3117 3368 πλάνη
3201 3296 3402 3367 ταύτης
3469 3295 3799 3371 ἀπελαθείη,

2142 3387 2571 3463 ἀντεισενεχθείη
2619 3385 2675 3442 δὲ
2731 3390 2765 3457 ἡ
2799 3385 3050 3458 ἀλήθεια.
3102 3387 3173 3443 Τὸ
3230 3384 3286 3442 δὲ
3336 3387 3411 3451 εἰς
3455 3393 3628 3441 πᾶσαν
3680 3385 3802 3443 δια-

2142 3478 2305 3551 χυθέν
2339 3479 2438 3546 τῆν
2470 3484 2571 3553 γῆν
2618 3482 2732 3556 φῶς
2780 3477 2871 3531 τὸν
2919 3475 3239 3549 πλατυσμὸν
3286 3479 3383 3531 to?
3440 3476 3803 3553 κηρύγματος

2140 3572 2237 3623 τοῦ
2273 3566 2612 3645 Εὐαγδελίου
2644 3569 2732 3624 καὶ
2763 3568 2863 3636 τῆν
2904 3566 3103 3623 ἐκεῖθελ
3158 3569 3225 3623 τὰ
3274 3568 3557 3640 σύμπαντα
3609 3564 3805 3623 διαλα-

2142 3650 2339 3711 ϐοῦσαν
2371 3657 2674 3732 ἀστραπήν.
2706 3663 2817 3726 Τῆς
2859 3654 2914 3711 δὲ
2962 3657 3099 3731 πρὸς
3144 3655 3274 3718 τοὺς
3316 3658 3588 3730 μάρτυρας
3641 3678 3801 3711 συνε-

2143 3744 2378 3809 λεύσεως
2425 3752 2534 3802 τῶν
2585 3745 2835 3823 ἀγγέλων
2884 3746 2974 3800 καὶ
3025 3751 3126 3814 τῆς
3173 3744 3506 3819 συνδρομῆς,
3558 3746 3650 3799 καί
3696 3753 3801 3815 τῆς

2140 3836 2275 3909 πρὸς
2306 3836 2432 3897 τοὺς
2460 3835 2668 3898 ἄλλους
2715 3835 3035 3906 ἀνθρώπους
3086 3832 3309 3909 ὁμιλίας
3350 3832 3417 3889 δι’
3466 3834 3646 3889 αὐτῶν
3704 3838 3799 3890 καὶ

2140 3924 2507 4003 ἀναστροφῆς,
2550 3927 2586 3994 ἡ
2630 3926 2727 3995 τῇς
2777 3921 3107 4000 φωτοειεοῦς
3154 3923 3355 3994 ταύτης
3405 3922 3493 3977 καὶ
3555 3923 3799 3979 ὑποπτέ-

2142 4034 2237 4089 ρου
2283 4019 2533 4088 στρατιᾶς
2586 4012 2816 4078 κάθοδος
2884 4012 3100 4090 ἐναργὲς
3164 4012 3276 4068 ἐστι
3342 4014 3668 4087 τεκμήριον.
3733 4015 3797 4071 Ὁ

2142 4102 2337 4165 στῦλος
2364 4104 2451 4158 καὶ
2483 4106 2517 4173 ἡ
2551 4102 2730 4179 χρυσῆ
2767 4104 2921 4179 βάσις
2967 4101 3101 4173 αὕτη
3141 4109 3243 4171 τῆς
3284 4106 3390 4157 τῶν
3443 4106 3793 4175 Χριστιανῶν

2139 4194 2372 4256 πίστεως
2404 4193 2467 4249 τὸ
2526 4191 2753 4255 Θεοειδές
2815 4191 3175 4266 ὑποσημαίνει
3231 4190 3320 4245 καὶ
3369 4192 3627 4266 καθαρόν.
3686 4196 3799 4247 Τοῦ

2141 4280 2196 4338 δε
2251 4286 2349 4352 τῆς
2407 4284 2707 4359 ἱερωσύνης
2758 4283 3098 4359 χαρίσματος
3129 4283 3275 4338 ὁτοῦ
3325 4283 3505 4361 φωτὸς
3562 4284 3799 4358 σταυρὸς

2138 4367 2444 4445 σύμϐολον,
2492 4370 2607 4427 ἐπεὶ
2667 4372 2755 4426 καί
2821 4373 2921 4441 τὴν
2985 4371 3161 4427 είκόνα
3215 4370 3362 4447 φέρει
3430 4374 3525 4425 τοῦ
3566 4373 3795 4447 πρώτου

2138 4461 2440 4540 ἀρχιερέως
2470 4462 2496 4516 ὁ
2529 4460 2725 4538 ἱερεὺς,
2764 4466 2861 4517 τοῦ
2912 4458 2982 4516 δι’
3028 4463 3175 4534 ἡμᾶς
3222 4457 3654 4534 καταδεξαμὲνου
3697 4464 3797 4517 τὸν

2143 4548 2230 4606 διὰ
2297 4554 2528 4624 σταυροῦ
2604 4553 2848 4607 θάνατον.
2891 4551 2952 4608 Ὀ
3015 4553 3110 4605 τοῦ
3177 4550 3357 4629 φωτὸς
3423 4548 3620 4613 στῦλος
3687 4558 3793 4621 τῆς

2133 4643 2438 4705 καθολικῆς
2483 4639 2640 4695 εἰκὼν
2684 4638 3041 4710 Ἐκκλησίας,
3095 4636 3163 4694 δι’
3218 4639 3288 4709 ἧς
3345 4637 3421 4700 εἷς
3476 4640 3539 4694 τὸ
3587 4637 3791 4695 ἄδυτον

2134 4736 2248 4808 φῶς
2278 4738 2376 4799 τῆς
2408 4724 2678 4791 εὐσεϐείας
2725 4750 2784 4784 τε
2829 4730 2969 4802 ὸμοῦ
3015 4728 3107 4783 καὶ
3162 4734 3262 4797 τῆς
3319 4728 3593 4802 σωτηρίας
3654 4728 3792 4784 ἀνα-

2130 4821 2356 4895 γόμεθα,
2391 4819 2457 4876 Ol.
2491 4816 2548 4873 δὲ
2575 4824 2722 4894 τρεῖς
2758 4817 3083 4894 βραχύτεροι
3118 4814 3307 4873 στῦλοι
3343 4818 3396 4871 οἱ
3428 4814 3516 4871 ἐπὶ
3570 4814 3787 4892 βιίσεων

2136 4903 2431 4983 βεϐηκότες
2504 4910 2594 4962 τὸν
2668 4911 2925 4963 τοσοίτον
3003 4906 3375 4983 ὑπογράιξουσι
3448 4909 3555 4960 τῶν

2134 4998 2363 5071 ἀριθμὸν
2398 4994 2556 5075 ο⁹ίέφ’
2623 4997 2847 5051 ἑκάστου
2895 5001 3000 5051 τῶν
3058 4994 3147 5050 διὰ
3195 4995 3427 5070 Χριστὸν
3495 4996 3790 5060 ἀποθανεῖν

2133 5087 2408 5161 ἑλομένων
2437 5093 2536 5155 τῆς
2567 5085 2876 5148 τελεώσεως
2918 5086 3090 5141 τόπου
3137 5086 3227 5140 τὸν
3279 5083 3534 5158 θεμέλιον
3585 5082 3787 5143 ἐπιόα-

2134 5176 2289 5233 λυῦσι
2328 5176 2417 5230 καὶ
2496 5174 2906 5246 ἀναστήσονται,
2974 5178 3092 5245 Τῆς
3162 5172 3219 5229 δὲ
3275 5174 3374 5229 ἄνα
3441 5174 3611 5229 πὰσαν
3679 5179 3783 5248 τὴν

2131 5269 2448 5343 περίχωρον
2524 5266 2687 5323 πάλιν
2761 5270 2868 5321 τῶν
2942 5263 3241 5339 εὐκτηρίων
3319 5260 3625 5336 οἰκοδομῆς
3718 5267 3788 5321 τὰ

2132 5360 2484 5434 θυσιαστήρια
2549 5357 2702 5413 ταυτὶ
2768 5354 2923 5431 ἔλεγε
3014 5358 3264 5429 σημεῖον.
3324 5359 3382 5408 'l'l
3444 5350 3499 5408 δὲ
3555 5353 3787 5425 πύρινος

2131 5450 2355 5523 σταυρὸς
2387 5449 2633 5524 ὕπερθεν,
2666 5447 2749 5502 δτι
2777 5450 2857 5518 τῷ
2886 5444 3017 5520 πυρὶ
3063 5449 3159 5500 τοῦ
3215 5443 3478 5519 παναγίω
3526 5445 3784 5519 Πνεύμα-

2126 5540 2282 5609 τοςὴ
2343 5538 2677 5613 ἀναίμακτος
2731 5534 3174 5609 ὁλοκαυτουμένη
3235 5532 3391 5599 θυσία
3440 5531 3517 5595 εἷς
3550 5536 3780 5609 μνήμην

2128 5630 2214 5686 καὶ
2277 5626 2431 5704 δόξαν
2472 5632 2575 5686 τοῦ
2620 5624 2691 5682 δι’
2739 5627 2886 5701 ἡμᾶς
2945 5625 3342 5704 παυρωθὲντος
3388 5624 3780 5702 ἱερουργεῖται.

3646 4912 3790 4962 ναῶν
