4106 6200
324 321 433 379 981

1332 320 1507 378 Vl'l‘A
1559 320 1619 377 S.
1671 315 2039 379 GREGOIHI
2082 315 2724 378 ILLUMINATURIS.

3608 317 3721 376 982

325 478 386 533 Ἡ
419 476 602 549 μέντοι
634 479 742 530 τῶν
794 473 960 550 αἰγῶν
1009 473 1181 548 ἀγέλη
1214 474 1304 529 καὶ
1344 476 1378 543 ἡ
1429 480 1525 530 τοῦ
1557 473 1748 537 ὕδατος
1783 468 1973 528 διάϐα-

2153 473 2301 529 Grex
2332 478 2523 531 autem
2556 491 2883 544 caprarum,
2918 482 2969 529 et
3001 491 3165 544 aqua
3196 476 3494 541 transitus,
3525 481 3582 530 et
3632 474 3727 529 ni-

326 588 429 634 σις,
472 570 506 638 ἢ
551 589 608 623 τε
674 568 751 629 εἷς
799 563 1047 641 πρόϐατα
1092 566 1297 621 τούτων
1338 563 1617 638 μεταϐολή
1660 568 1749 622 καὶ
1793 569 1827 635 ἡ
1877 565 1974 620 τοῦ

328 657 563 731 μέλανος
604 657 680 720 εἷς
707 658 771 713 τὸ
812 655 1002 712 λευκὸν
1044 660 1153 710 τῶν
1194 654 1355 729 ἒρίων
1396 660 1572 730 τροπὴ
1623 658 1713 713 καὶ
1747 658 1774 711 6
1824 655 1974 723 πλη-

323 748 551 821 θυσμὸς,
612 749 712 815 τήν
773 744 862 803 διὰ
906 750 1003 802 τοῦ
1062 747 1438 820 βαπτίσματος
1478 751 1584 802 τῶν
1622 744 1969 821 ἁμαρτωλῶν

323 838 602 912 κάθαρσιν,
661 835 749 891 καὶ
816 837 912 903 τὴν
969 839 1076 891 τῶν
1132 834 1533 909 ἡμαρτημένων
1601 836 1808 912 ἄφεσιν,
1874 836 1972 902 τὴν

326 928 463 1001 πρὸς
521 928 619 997 τὴν
679 920 948 981 εὐσέϐειάν
1008 945 1065 979 τε
1118 928 1417 997 μετάθεσιν,
1477 922 1566 978 καὶ
1614 925 1676 979 τὸ
1729 924 1972 999 γονιμώ-

325 1036 482 1071 τατον
535 1019 642 1070 τῶν
702 1014 902 1089 ἀρετῶν
962 1012 1052 1067 καὶ
1109 1014 1171 1069 τὸ
1224 1012 1514 1087 εὔκαρπον,
1582 1013 1671 1067 καὶ
1732 1014 1830 1081 τὴν
1897 1011 1973 1073 εἷς

328 1105 541 1175 πλῆθος
595 1108 704 1160 τῶν
762 1098 990 1158 εὐσεϐῶν
1050 1100 1290 1157 ἐπίδοσιν
1354 1103 1442 1157 καὶ
1492 1100 1709 1173 αὔξησιν
1771 1122 1976 1177 προαγ-

327 1191 537 1271 γέλλει.
568 1197 732 1251 Ὅσον
799 1190 973 1247 δὲκαὶ
1032 1191 1108 1255 εἷς
1157 1192 1355 1253 Λύκους
1419 1186 1837 1264 μετέϐαλε,τὴν
1897 1190 1972 1252 εἷς

324 1283 544 1358 ὕστερον
589 1288 697 1339 τῶν
749 1280 1159 1360 ψευδοχρίστων
1205 1282 1341 1336 κατὰ
1393 1288 1495 1349 τῆς
1553 1274 1824 1342 εὐσεϐείας
1883 1278 1972 1333 καὶ

322 1378 433 1427 τῶν
485 1373 762 1447 ὁμογενῶν
819 1371 1169 1426 ἐπανάστασιν
1237 1370 1629 1444 προσημαίνει.
1701 1370 1797 1423 Καὶ
1845 1366 1972 1431 τοὺς

324 1463 461 1535 πρὸς
518 1462 715 1531 ταύτην
771 1462 1031 1536 γενναίως
1098 1462 1195 1529 τήν
1260 1460 1515 1532 ἐπήρειαν
1584 1460 1971 1532 στησομένους,

322 1550 547 1611 τούτους
592 1550 727 1628 φησί
770 1551 859 1603 καὶ
917 1550 1055 1624 πρὸς
1102 1548 1193 1603 τὸν
1236 1547 1463 1622 οὐρανὸν
1521 1546 1678 1603 αὐτὸν
1706 1550 1973 1621 ταχεῖτῷ

323 1644 423 1709 τῆς
480 1638 712 1700 πίστεως
744 1642 927 1713 πτερῷ
964 1640 1260 1705 Ξὶναπτῆναι
1295 1635 1385 1691 λαὶ
1419 1637 1629 1712 κούφῳ.
1662 1633 1731 1691 σε
1765 1655 1827 1711 γε
1862 1635 1968 1705 μὴν

322 1732 421 1784 τοῦ
477 1728 645 1801 πυρὸς
692 1726 885 1802 ῥύακες
944 1729 1042 1795 τὴν
1074 1724 1426 1798 ἐκδεξομένην
1483 1724 1610 1787 τοὺς
1664 1722 1975 1791 ἐπαναστη-

2085 580 2200 634 graa
2228 564 2371 619 lana
2421 566 2478 619 in
2509 565 2697 619 albam
2730 565 2973 619 mutatio
3022 568 3080 618 et
3112 563 3539 634 multiplicatio,
3572 579 3723 633 eam,

2085 670 2213 725 quia
2248 653 2311 707 ﬁt
2365 669 2464 724 per
2504 654 2884 723 baptismum,
2930 653 3315 722 expiationem
3358 657 3724 721 peccatorum

2085 752 2139 798 et
2168 742 2477 811 scelerum,
2524 759 2649 814 quae
2707 743 2967 797 admissa
3016 741 3252 807 fuerint,
3300 741 3722 809 remissionem,

2085 830 2527 887 translationem
2561 832 2632 886 ad
2682 831 2973 903 pietatem,
3017 830 3410 900 virtutumque
3461 829 3724 882 fertilita~

2084 925 2200 976 tem
2252 925 2307 975 et
2347 920 2781 988 fecunditatem,
2833 919 3175 989 piorumque
3220 915 3611 971 multitudinis
3642 918 3727 970 in-

2085 1014 2448 1065 crementum
2480 1013 2537 1064 et
2566 1013 2949 1081 augmentum
2996 1006 3407 1079 praenuntiant.
3441 1003 3724 1075 Quicquid

2086 1106 2283 1156 autem
2328 1100 2385 1155 in
2432 1102 2599 1173 lupos
2649 1115 2871 1171 quoque
2910 1103 2999 1155 est
3049 1104 3363 1165 mutatum,
3396 1111 3547 1161 eam,
3596 1110 3723 1164 qua:

2086 1190 2374 1263 posterius
2424 1190 2540 1256 ﬁet,
2594 1187 3271 1260 pseudocbristianorum
3339 1184 3722 1253 impietatem,

2082 1286 2141 1336 et
2185 1297 2306 1345 eos,
2365 1281 2465 1352 qui
2524 1279 2684 1333 illam
2741 1276 3177 1348 amplectuntur
3222 1273 3720 1339 insurrectionem,

2084 1374 2511 1444 praesigniﬁcat.
2556 1372 2666 1425 Eos
2697 1378 2913 1435 autem,
2948 1369 3044 1441 qui
3096 1368 3192 1423 hic
3224 1365 3467 1421 insultui
3500 1363 3721 1420 excelso

2084 1471 2142 1519 et
2181 1465 2310 1518 forti
2362 1464 2559 1517 animo
2609 1462 2905 1526 resistent,
2958 1458 3100 1513 dicit
3129 1457 3199 1511 ad
3260 1455 3469 1511 cmlum
3528 1455 3721 1526 ipsum

2083 1551 2338 1607 evolasse
2370 1550 2589 1620 pernici
2621 1556 2677 1604 et
2706 1549 2815 1605 levi
2856 1551 2946 1603 ala
2984 1546 3136 1601 ﬁdei.
3190 1544 3341 1615 ignis
3389 1548 3581 1599 autem
3616 1542 3722 1596 rivi

2084 1642 2417 1713 signiﬁcant
2472 1640 2823 1711 gehennam,
2863 1647 3228 1707 excepturam
3297 1649 3417 1699 eos,
3478 1631 3577 1702 qui
3634 1630 3722 1686 in-

2084 1736 2435 1786 surrexerint
2483 1731 2755 1785 adversus
2789 1728 3081 1796 pietatem.
3142 1723 3287 1778 Oves
3313 1740 3442 1776 vero
3475 1725 3655 1791 captaa
3689 1735 3723 1774 a

327 1815 589 1889 σομὲνους
660 1820 729 1890 τῇ
819 1810 1061 1885 εὐσεϐείᾳ
1133 1814 1343 1889 γέενναν
1429 1812 1821 1891 ὓπογράιρουσι.
1892 1813 1971 1869 Tal

378 1906 389 1919 Ι
572 1918 577 1919 ,
707 1904 744 1919 ις
973 1909 1000 1919 an
1204 1900 1267 1919 οι
1475 1903 1486 1918 ἱ
1576 1903 1588 1919 9
1736 1913 1751 1919 Α
1928 1898 1938 1919 1

2086 1821 2241 1888 teris,
2273 1820 2477 1875 volunt
2516 1836 2613 1875 eos
2643 1818 2996 1889 signiﬁcare,
3046 1814 3145 1883 qui
3179 1829 3212 1866 a
3271 1810 3507 1880 maligni
3548 1825 3720 1863 vena-

328 1906 511 1981 μὲντοι
560 1904 879 1978 θηριάλωτα
935 1909 1042 1959 τῶν
1089 1900 1378 1978 προϐάτων
1408 1903 1532 1963 τοὺς
1564 1900 1969 1977 ἀγρευθησομέ-

325 2018 448 2057 νους
478 1994 680 2056 ἀθλίως
709 1999 777 2061 τῆ
809 1999 906 2050 τοῦ
949 1998 1195 2068 πονηροῦ
1226 1995 1367 2065 θήρᾳ
1424 1989 1626 2063 δηλοῦν
1689 1990 1967 2066 βούλεται·

326 2086 379 2140 οἱ
435 2082 491 2139 δὲ
520 2083 608 2139 ἐπὶ
647 2088 756 2139 τῶν
817 2088 989 2159 νεφῶν
1059 2082 1249 2137 στῦλοι
1314 2082 1412 2151 τήν
1478 2080 1584 2135 ἀπὸ
1628 2087 1734 2154 γῆς
1771 2077 1966 2135 ἄνοδον

327 2175 462 2247 μετά
524 2174 623 2242 τήν
687 2172 747 2227 ἐκ
808 2176 1009 2245 νεκρῶν
1077 2171 1386 2227 ἀνάστασιν.
1457 2168 1697 2244 Ἀῤῥπής
1763 2170 1864 2244 γᾶρ
1929 2172 1965 2240 ἡ

322 2259 577 2327 ἀνάϐασις
634 2264 722 2318 καὶ
782 2260 983 2337 κούφη.
1044 2264 1117 2318 Τὸ
1175 2259 1231 2316 δὲ
1292 2265 1399 2315 τῶν
1458 2260 1677 2315 δικαίων
1749 2256 1966 2335 ὄχημα,

322 2351 403 2432 ἐφ’
467 2354 528 2408 οὗ
591 2352 667 2415 είς
735 2350 1027 2421 ἀπάντησιν
1089 2354 1187 2405 τοῦ
1253 2350 1455 2425 Κυρίου
1524 2348 1576 2404 ἐν
1642 2352 1712 2422 τῇ
1747 2346 1967 2421 δευτέρᾳ

319 2442 517 2499 τούτου
563 2442 969 2517 ἆρπαγήσονται
1017 2440 1309 2515 παρουσίᾳ,
1359 2441 1394 2508 ἠ
1442 2437 1534 2494 ἐπὶ
1591 2443 1698 2494 τῶν
1754 2437 1966 2493 στύλων

320 2529 548 2609 κεφαλὶς
593 2531 770 2601 ἐκείνη
816 2527 980 2601 ἐστὶν,
1028 2528 1208 2583 ἱκανὸν
1253 2533 1353 2597 τῆς
1402 2527 1769 2600 ἀναμενούσης
1827 2526 1971 2600 λσμ-

320 2622 593 2699 πρότητος
631 2619 857 2683 τούτους
887 2620 1211 2692 τεκμήριον.

392 2712 509 2768 ΚΘ’.
569 2708 727 2767 Οὕτω
779 2710 873 2782 μὲν
930 2708 1021 2763 οὖν
1073 2708 1101 2763 6
1154 2706 1298 2781 ἱερὸς
1329 2704 1630 2781 Γρηγὸριος
1666 2726 1767 2775 την
1799 2706 1973 2781 παρά-

324 2798 475 2872 δοξον
536 2799 745 2870 ἐκείνην
796 2799 915 2854 θέαν
986 2796 1256 2869 διιξελὼν,
1309 2798 1392 2853 κεὶ
1472 2797 1547 2858 εἷς
1622 2800 1789 2851 ταῦτα
1868 2796 1971 2851 ὑπὸ

320 2894 418 2946 τοῦ
510 2886 916 2964 παρεστηκότος
1019 2885 1256 2961 ἀγγὲλου
1365 2886 1711 2959 ἀνενεχθῆναι
1806 2882 1973 2953 αὐτὴν

321 2981 515 3057 φήσας,
563 2978 653 3032 καὶ
710 2976 876 3050 ταύτῃ
940 2972 1235 3045 ἐκπλήξας,
1304 2975 1401 3042 τὴν
1463 2978 1569 3028 τῶν
1625 2978 1970 3048 μαρτυρικῶν

322 3068 591 3142 λειψάνων
644 3066 925 3139 μετάθεσιν
964 3064 1149 3125 αὐτοῖς
1208 3061 1500 3137 ἑπιτρέπει.
1551 3063 1617 3119 Οἱ
1676 3059 1733 3117 δὲ
1781 3066 1974 3134 πρῶτα

325 3160 417 3232 μὶν
454 3156 577 3231 περὶ
633 3157 733 3225 τὴν
783 3158 890 3209 τῶν
934 3152 1234 3228 εὐκτηρίων
1264 3149 1431 3207 οἷ’κων
1465 3149 1764 3223 οἰκοδομὴν
1803 3149 1972 3227 φιλο-

2083 1912 2237 1966 tione
2284 1911 2494 1965 misere
2524 1908 2677 1977 capti
2727 1906 2959 1962 fuerint.
3014 1904 3308 1958 Columna:
3348 1906 3561 1965 autem,
3596 1913 3721 1967 qum

2073 2005 2239 2055 erant
2270 2000 2328 2053 in
2380 1998 2661 2063 nubibus,
2695 2012 2725 2051 e
2776 2002 2927 2050 terra
2958 2006 3269 2048 ascensum
3303 1993 3434 2059 post
3466 2002 3723 2041 resurre-

2073 2091 2325 2147 ctionem
2358 2106 2391 2144 a
2422 2086 2689 2155 mortuis,
2725 2099 3010 2155 nusquam
3045 2082 3201 2137 enim
3224 2076 3523 2134 declinans
3554 2086 3605 2131 et
3636 2074 3718 2131 le-

2070 2182 2159 2238 vis
2206 2186 2293 2237 est
2348 2194 2650 2235 ascensus.
2707 2178 2924 2232 Currus
2973 2189 3105 2235 vero
3147 2173 3465 2240 justorum,
3506 2166 3564 2220 in
3604 2182 3719 2237 quo

2072 2273 2131 2326 in
2165 2286 2466 2326 occursum
2502 2267 2725 2322 Domini
2758 2266 2814 2319 in
2861 2265 2986 2334 ejus
3015 2261 3268 2318 secundo
3302 2258 3599 2329 rapientur
3618 2256 3718 2311 ad-

2071 2370 2269 2427 ventu,
2303 2365 2475 2430 caput
2519 2358 2683 2425 illud,
2727 2355 2883 2428 quod
2925 2358 3014 2409 est
3055 2368 3232 2423 supra
3277 2348 3598 2413 columnas,
3632 2348 3720 2401 est

2071 2450 2374 2507 sufﬁciens
2421 2447 2727 2513 indicium,
2776 2459 2881 2500 nec
2925 2458 3038 2497 non
3089 2437 3443 2512 splendoris,
3474 2436 3569 2508 qui
3620 2450 3719 2491 eos

2069 2544 2384 2612 exspectat.

2141 2699 2335 2757 XXIX.
2388 2699 2530 2754 Cum
2563 2700 2800 2753 sanctus
2839 2710 2973 2765 ergo
3013 2690 3322 2762 Gregorius
3352 2687 3497 2743 illud
3532 2685 3720 2742 admi-

2072 2792 2253 2846 rabile
2286 2787 2671 2844 recensuisset
2703 2780 3127 2855 spectaculum,
3162 2784 3219 2833 et
3256 2777 3498 2831 dixisset
3539 2791 3601 2830 se
3645 2774 3716 2829 ad

2075 2881 2193 2935 bazc
2228 2878 2407 2933 fuisse
2437 2878 2753 2932 deductum
2786 2871 2856 2927 ab
2890 2870 3119 2941 angelo,
3153 2868 3248 2938 qui
3282 2866 3590 2922 assistebat
3624 2868 3721 2918 :et

2073 2970 2155 3025 sic
2210 2968 2386 3022 simul
2446 2962 2932 3034 obstupefecisset
2976 2964 3033 3013 et
3081 2957 3404 3012 deliniisset
3452 2971 3571 3016 eos,
3619 2952 3720 3023 qui

2076 3062 2335 3125 aderant,
2361 3056 2529 3126 jubet
2559 3060 2623 3108 ut
2646 3051 3091 3110 transferantur,
3123 3052 3182 3102 et
3207 3046 3535 3099 condantur
3566 3057 3719 3095 mar-

2079 3156 2271 3219 tyrum
2321 3143 2599 3217 reliquias.
2663 3141 2778 3213 Ipsi
2838 3145 3018 3194 autern
3080 3136 3331 3207 primum
3392 3130 3625 3203 quidem
3663 3130 3720 3183 in

319 3209 665 3309 ;6vm¢;r1'vu
710 3244 801 3300 καὶ
832 3209 1113 3321 ιξὶιλεργῶς1
1136 3241 1449 3311 ἐπονοῦντο,
1484 3242 1534 3295 οἱ
1592 3209 1687 3312 μὲν
1724 3209 1969 3319 ,λιὸοφο-

2085 3236 2387 3309 sepulcris,
2421 3232 2804 3289 oratoriarum
2863 3228 3076 3282 aedium
3118 3225 3319 3289 instar,
3365 3218 3722 3276 mdiﬁcandis

323 3342 566 3412 ροῦντες,
615 3335 667 3389 o't
726 3332 783 3389 δὲ
841 3332 975 3403 ξύλα
1028 3328 1243 3406 κέδρου,
1273 3331 1563 3386 καὶταῦτα
1592 3337 1696 3399 τῆς
1730 3326 1973 3392 εὐώδους

320 3425 663 3499 κομίζοντες,
715 3424 801 3477 διαὶ
851 3420 1112 3485 πλίνθους
1158 3418 1322 3475 ἄλλοι
1356 3441 1370 3453 ⁸
1420 3419 1512 3474 καὶ
1540 3418 1684 3473 οῧτω
1716 3416 1971 3488 διέκειτο,

322 3513 465 3570 ὥστε
511 3514 602 3570 καὶ
657 3517 802 3567 πᾶσα
859 3511 985 3585 χεὶρ
1043 3514 1372 3583 μειονεκτεῖν
1429 3506 1628 3575 ἐδόκει,
1680 3507 1726 3562 εἰ
1781 3509 1855 3580 μὴ
1906 3507 1970 3561 τὸ

323 3600 463 3658 ἴδιον
523 3601 718 3670 ἑκάστη
783 3598 945 3673 μέρος
1014 3598 1152 3667 ὕλης
1217 3604 1317 3665 τῆς
1380 3594 1688 3667 καλλίστης
1753 3595 1826 3649 εἷς
1872 3596 1970 3663 τὴν

328 3688 631 3764 οἰκοδομὴν
689 3684 972 3766 ἀποφέροι·
1026 3686 1114 3741 καὶ
1171 3686 1368 3747 πάντες
1403 3683 1459 3739 δὲ
1489 3685 1666 3747 οὕτως
1699 3683 1757 3738 ἂν
1792 3682 1970 3739 εὐδαί-

331 3800 490 3855 μονες
549 3776 723 3850 ᾤοντο
773 3775 1036 3851 γενέσθαι,
1085 3773 1137 3829 εἴ
1181 3796 1233 3830 τι
1290 3774 1427 3849 πρὸς
1481 3774 1581 3841 τὴν
1645 3777 1752 3828 τῶν
1833 3778 1974 3827 ναῶν

326 3867 631 3942 οἷκοδομήν
696 3870 814 3927 ταῖς
886 3866 1116 3938 μάρτυσι
1184 3863 1522 3939 χαρίσαιντο*
1556 3864 1646 3917 καὶ
1713 3860 1772 3924 ἃς
1838 3860 1973 3937 πρό-

324 3979 479 4035 τερον
537 3956 873 4031 ἀγριώτατα,
942 3954 1119 4027 οἲμοι,
1189 3950 1427 4020 ἀνεῖλον,
1493 3952 1688 4013 ταύτας
1750 3956 1842 4005 νῦν
1908 3951 1974 4005 τὰ

328 4047 541 4123 μεγάλα
608 4045 682 4107 ὡς
725 4042 797 4099 ἔνι
864 4047 1152 4117 τιμῶντες,
1210 4040 1429 4118 φανεροῖ
1488 4040 1645 4108 ἦσαν.
1704 4042 1975 4095 Τοσοῦτον

326 4136 520 4198 αὐτοὺς
567 4135 631 4190 τὸ
687 4132 862 4211 γλυκὺ
916 4132 1089 4187 ἐκεῖνο
1136 4134 1231 4186 τοῦ
1276 4128 1580 4205 Γρηγορίου
1612 4127 1788 4199 στόμα
1818 4127 1907 4182 καὶ
1938 4130 1973 4196 ἡ

326 4221 701 4296 ἐπικαθημένη
777 4225 894 4282 τοῖς
961 4218 1172 4298 χείλεσι
1240 4220 1403 4294 χάρις
1468 4217 1543 4278 εἷς
1624 4218 1792 4289 τιμὴν
1868 4220 1974 4271 τῶν

332 4314 615 4389 μαρτύριον
672 4313 894 4386 ἐπῆραν.
957 4307 1136 4366 Ἀλλά
1193 4309 1321 4369 Θεὸς
1389 4306 1657 4370 κάνταῦθα
1710 4307 1802 4374 ἦν,
1876 4305 1975 4373 τὴν

328 4403 405 4466 εἷς
454 4400 614 4457 αὐτὸν
669 4398 879 4456 εὔνοιαν
939 4401 1047 4452 τῶν
1107 4398 1383 4469 παρθένων
1447 4396 1538 4450 σὺν
1571 4393 1977 4465 πλείονιάμει-

327 4487 581 4567 ϐὁμενος,
613 4491 640 4544 6
698 4485 828 4563 μηδ’
876 4485 928 4542 ἐν
955 4490 1073 4547 τοῖς
1114 4483 1312 4548 δεινοῖς
1353 4486 1541 4558 μέσοις
1580 4481 1710 4557 μηδ’
1749 4482 1799 4537 ἐν
1830 4481 1977 4554 αὐτῷ

2080 3307 2340 3381 studiose
2370 3328 2425 3375 et
2446 3320 2755 3390 diligenter
2773 3314 3128 3378 laborabant,
3162 3312 3261 3366 alii
3312 3307 3547 3379 quidem
3598 3321 3723 3377 por-

2079 3420 2269 3471 tantes
2296 3411 2542 3482 lapides,
2574 3408 2671 3463 alii
2708 3411 2903 3461 autem
2938 3403 3093 3473 ligna
3127 3399 3280 3457 cedri
3312 3396 3595 3453 odorifera
3644 3394 3721 3449 fe-

2081 3508 2295 3569 rentes,
2346 3508 2400 3555 et
2428 3496 2525 3551 alii
2580 3494 2792 3549 lateres
2826 3508 2838 3546 :
2874 3497 3050 3562 atque
3101 3489 3178 3543 ila
3215 3486 3402 3542 allecti
3434 3488 3622 3553 erant,
3659 3494 3724 3537 ut

2080 3590 2336 3646 omnium
2383 3603 2592 3642 manus
2631 3598 2858 3639 cessare
2895 3581 3244 3645 viderentur,
3298 3575 3409 3631 nisi
3444 3589 3718 3642 unaquae-

2081 3698 2190 3751 que
2221 3678 2511 3752 propriam
2546 3672 2945 3747 pulcberrimae
2989 3670 3234 3725 materia
3289 3668 3515 3735 partem
3550 3661 3722 3715 ferret

2083 3750 2153 3826 ad
2186 3750 2539 3825 aediﬁcium:
2583 3774 2902 3831 omnesque
2958 3755 3355 3813 existimabant
3402 3768 3463 3807 se
3511 3750 3593 3805 ita
3622 3750 3719 3804 de-

2085 3876 2246 3915 mum
2308 3859 2528 3911 futuros
2567 3868 2697 3909 esse
2734 3852 2958 3912 beatos,
2990 3846 3039 3901 si
3092 3844 3235 3917 quid
3264 3842 3723 3913 gratiﬁcarentur

2085 3948 2441 4021 martyribus
2492 3945 2560 4000 ad
2618 3940 3015 4013 sepulcrorum
3093 3933 3535 3990 aediﬁcationem
3593 3946 3606 3983 :
3667 3932 3724 3985 et

2085 4056 2231 4112 quas
2281 4038 2441 4109 prius
2471 4035 2608 4103 (heu
2653 4030 2816 4099 mihi)
2860 4024 3721 4085 crudelissimeinteremerant,

2086 4144 2181 4183 eas
2204 4144 2265 4183 se
2296 4124 2730 4197 quammaxime
2773 4119 2893 4175 ﬁeri
2936 4120 3182 4187 poterat,
3217 4114 3499 4167 honorare
3531 4113 3725 4178 aperte

2085 4217 2492 4275 ostendebant.
2545 4213 2799 4267 Tantum
2843 4222 3013 4262 suave
3070 4204 3213 4259 illud
3246 4220 3310 4256 os
3344 4199 3619 4269 Gregorii,
3670 4201 3728 4252 et

2085 4310 2211 4378 ejus
2242 4303 2419 4359 labris
2468 4301 2730 4356 insidens
2769 4297 2976 4368 gratia,
3027 4310 3125 4348 eos
3156 4291 3409 4347 incitavit
3441 4289 3512 4343 ad
3546 4290 3724 4341 bono-

2088 4377 2209 4454 rem
2262 4400 2609 4465 martyrum.
2660 4389 2768 4444 Sed
2812 4388 2905 4442 hic
2952 4398 3185 4456 quoque
3241 4386 3365 4436 erat
3421 4380 3596 4443 Deus,
3629 4377 3728 4447 qui

2088 4487 2377 4559 virginum
2428 4484 2485 4537 in
2535 4482 2726 4551 ipsum
2809 4474 3152 4545 obsequium
3213 4471 3395 4541 magis
3454 4482 3725 4523 remune-

323 4555 411 4655 tif).
470 4555 659 4652 λάκκῳ
698 4555 820 4633 ’τοῦ
888 4575 1092 4630 οἰκείου
1161 4555 1378 4636 διαστὰς
1436 4555 1765 4647 Γρηγορίου.
1818 4568 1973 4629 Ἀλλ’

2086 4555 2344 4640 rab'atur,
2378 4572 2593 4644 quique
2626 4584 2729 4623 nec
2761 4567 2819 4621 in
2850 4565 3056 4620 mediis
3082 4560 3272 4626 malis,
3307 4574 3409 4613 nec
3440 4557 3567 4628 ipso
3600 4555 3725 4608 lacu

329 4673 486 4737 οὗτος
549 4670 644 4744 μὲν
701 4669 730 4723 6
787 4669 929 4729 Θεῖος
980 4663 1409 4741 Γρηγόριος,⁹ίν’
1460 4663 1547 4719 ἐπὶ
1594 4664 1663 4719 τὰ
1717 4664 1839 4733 ἑξῆς
1884 4663 1975 4717 τὸν

328 4761 496 4836 λόγον
556 4757 867 4833 ἀγάγωμεν,
928 4755 1174 4829 σπαρτίῳ
1220 4755 1320 4823 τήν
1372 4751 1674 4827 οἷκοδομήν
1706 4753 1981 4829 ὑπέγραφε

328 4850 418 4907 καὶ
486 4850 884 4924 προετυποῦτο,
959 4846 1009 4900 οἱ
1086 4841 1376 4918 οἰκοδόμοι
1464 4841 1520 4898 δὲ
1593 4843 1747 4897 aut)?”
1810 4840 1972 4916 ἔργου

331 4938 571 5015 εἴχοντο.
604 4936 709 4994 Καὶ
742 4936 795 4990 οἱ
840 4934 1084 4996 τόκτονες
1115 4932 1280 4989 πάλιν
1316 4933 1510 5007 σορούς
1557 4929 1751 5008 κέδρου
1810 4931 1974 5001 ξύλου

328 5031 427 5085 τοῦ
473 5024 779 5082 καλλίστου
824 5020 1063 5078 ἔποίουν·
1118 5019 1343 5090 Ἐπειδή
1388 5018 1444 5076 δὲ
1480 5022 1629 5096 ταχή
1669 5024 1776 5076 τῶν
1801 5024 1975 5093 σορῶν

330 5117 527 5185 ἑκάστη
587 5111 1008 5186 συναρμοσθείη,
1068 5109 1192 5167 ἀλλ’
1245 5110 1465 5166 ἐνταῦθα
1518 5111 1607 5165 καὶ
1668 5108 1896 5184 βασιλέα
1950 5108 1978 5162 6

328 5208 472 5265 θεῖος
552 5202 855 5277 Γρηγόριος
911 5201 1003 5255 καὶ
1067 5202 1188 5262 τοὺς
1245 5199 1300 5256 ἐν
1365 5199 1510 5255 τέλει
1577 5198 1816 5273 ἀπείργει
1882 5204 1985 5267 τῆς

332 5291 654 5368 ὑπουργίας,
710 5289 825 5348 Οὐκ
883 5285 1081 5360 ἔξεστιν
1146 5290 1295 5364 ὑμῖν,
1354 5289 1544 5345 εἰπὼν.
1610 5285 1731 5342 οὐδὲ
1790 5292 1984 5361 χεῖρας

329 5388 448 5445 τοῖς
501 5384 855 5455 μαρτυρικοῖς
900 5378 1180 5453 λειψάνοις
1232 5373 1512 5434 ἐπιϐαλεῖν
1574 5374 1699 5431 οὐδὲ
1741 5373 1986 5445 πλησιά-

334 5493 445 5539 σαι,
478 5468 567 5525 ἰπὶ
623 5472 723 5523 τοῦ
783 5466 948 5523 αὐτοῦ
1006 5465 1085 5524 ἔτι
1149 5470 1367 5541 μένουσι
1426 5467 1655 5530 πάθους.
1697 5464 1786 5519 καὶ
1850 5463 1990 5538 μηδὲ

330 5566 428 5620 τοῦ
484 5558 630 5615 Θείου
692 5557 966 5628 ἀξιωθεῖσι
1026 5557 1426 5633 βαπτίσματος.
1461 5555 1618 5612 Ἀλλ’
1676 5554 1804 5631 ἐγὼ,
1836 5553 1990 5633 φησί,

334 5656 453 5714 ταῖς
500 5649 742 5724 ἰμαυτοῦ
790 5648 948 5726 χερσὶ
998 5651 1067 5722 τῇ
1112 5648 1390 5713 καταθίσει
1442 5643 1859 5717 δισκονήσομαι.
1893 5643 1992 5697 Καὶ

2089 4685 2122 4723 a
2152 4681 2259 4721 suo
2314 4660 2584 4717 discessit
2629 4654 2925 4727 Gregorio.
2961 4654 3155 4721 Itaque
3212 4648 3447 4703 divinus
3490 4644 3726 4717 quidem

2090 4751 2427 4827 Gregorius,
2453 4757 2511 4804 ut
2555 4747 2864 4803 redeamus
2896 4743 2966 4798 ad
2994 4757 3082 4809 ea,
3109 4755 3235 4811 quae
3267 4736 3724 4806 consequuntur,

2084 4824 2395 4914 descripsit
2442 4839 2686 4893 formam
2719 4833 3096 4890 aediﬁciorum
3134 4846 3146 4883 :
3181 4824 3502 4884 aediﬁcandi
3534 4831 3728 4878 autem

2087 4913 2336 4992 artiﬁces
2368 4927 2633 5000 protinus
2686 4922 2982 4979 instabant
3010 4918 3191 4989 Operi,
3231 4920 3289 4973 et
3350 4913 3495 4970 labri
3528 4925 3730 4967 rursus

2089 5022 2383 5080 faciebant
2413 5031 2617 5086 capsas
2648 5028 2715 5069 ex
2753 5012 2922 5067 cedro
2954 5008 3113 5079 ligno
3146 5003 3552 5077 pulcherrimo.
3585 5000 3730 5054 Cum

2093 5117 2285 5168 autem
2304 5109 2417 5164 cito
2439 5108 2739 5172 compacta
2766 5101 2971 5155 fuisset
2994 5110 3349 5165 unaquaeque
3372 5107 3566 5164 capsa,
3592 5095 3734 5144 tunc

2096 5215 2284 5270 regem
2309 5196 2540 5250 divinus
2555 5192 2935 5261 Gregcmiuset
2956 5185 3326 5256 magistratus
3350 5179 3738 5237 arcetamini-

2096 5288 2300 5344 sterio:
2333 5290 2447 5340 Non
2472 5281 2808 5343 licetvobis,
2833 5280 3140 5345 dicens,ne
3166 5289 3373 5327 manus
3406 5267 3738 5342 quidemad-

2100 5392 2330 5433 movere
2364 5380 2678 5441 martyrum
2716 5368 3003 5437 reliquiis,
3038 5381 3225 5435 neque
3247 5363 3736 5433 apprOpinquare,

2100 5464 2470 5524 manentibus
2501 5462 2559 5517 in
2591 5460 2792 5515 eadem
2834 5454 3157 5518 atl‘ectione,
3208 5468 3313 5507 nec
3371 5450 3563 5505 adhuc
3594 5447 3739 5502 divi-

2104 5570 2243 5614 num
2273 5551 2629 5624 baptismum
2669 5545 3018 5604 consecutis.
3052 5543 3160 5600 Sed
3192 5557 3318 5615 ego,
3352 5540 3562 5612 inquit,
3594 5536 3742 5595 meis

2108 5642 2382 5703 manibus
2414 5637 2724 5697 inserviam
2748 5633 3118 5708 depositioni.
3156 5631 3223 5687 Et
3258 5630 3353 5687 ille
3383 5629 3620 5701 quidem
3652 5625 3743 5681 la-
