4042 6222
302 352 418 413 985

1305 358 1487 421 νΙτΑ
1536 363 1597 423 S.
1647 364 2019 427 GREGORII
2066 364 2711 428 ILLUMINATORIS.

3592 368 3709 426 986

300 511 469 568 ταῦτα
548 511 814 589 ἔπραττον
892 516 954 569 οὐ
1029 518 1408 593 προστάγματι
1499 524 1664 594 μόνον
1748 526 1941 601 ὑπηρε-

2072 530 2241 585 bonis
2271 528 2595 585 seminibus
2625 527 2885 599 Gregorii
2914 542 3272 595 sermonum,
3309 528 3430 600 ipse
3478 544 3707 601 quoque

300 602 583 676 τούμενοι,
617 600 763 658 ἀλλὰ
801 604 891 658 καὶ
939 604 1121 662 πίστιν
1156 604 1369 672 οἴκοθεν
1405 607 1513 681 ἤδη
1553 613 1645 667 καὶ
1700 616 1955 685 νηστείας

303 693 393 746 καὶ
451 694 787 768 προσευχάς,
826 692 1008 770 ὥσπερ
1056 695 1163 751 ἀπὸ
1220 697 1404 754 καλῶν
1465 705 1789 777 σπερμάτων
1847 711 1955 760 τῶν

306 786 404 837 τοῦ
440 783 752 857 Γρηγορίου
793 780 977 859 λόγων
1022 786 1111 840 καὶ
1161 787 1316 843 αὐτοὶ
1364 789 1609 868 φύοντες.
1645 794 1705 851 Ὁ
1766 791 1821 849 δὲ
1880 795 1956 857 εἷς

311 873 515 946 μέσους
560 872 684 927 τότε
748 874 1038 947 παρελθὼν
1091 875 1218 941 τοὺς
1293 879 1738 957 συνειλεγμένους
1811 883 1956 940 ἐκτε-

308 964 530 1039 νεστέρᾳ
580 960 803 1018 δίδωσιν
849 965 1034 1020 ἑαυτὸν
1090 968 1222 1041 μετά
1269 975 1367 1025 τοῖ’)
1397 970 1645 1042 πλήθους
1672 974 1832 1049 εὐχῇ,
1866 976 1955 1030 καὶ

311 1056 525 1107 πάντων
578 1055 680 1123 τὴν
736 1052 813 1114 εἷς
870 1054 961 1110 τὸν
1011 1055 1245 1131 ἀρχαῖον
1322 1058 1628 1133 Τηρίδάτην
1687 1062 1952 1119 ἐπάνοδον

307 1146 391 1214 τῷ
442 1141 657 1217 βασιλεῖ
704 1144 995 1217 Ἀρμενίας
1054 1147 1365 1221 αἰτούντων,
1404 1150 1431 1204 ὁ
1487 1152 1614 1216 τοὺς
1679 1149 1955 1231 φοϐουμέ-

308 1251 435 1292 νους
490 1229 649 1286 αὑτὸν
709 1233 889 1309 ὥσπερ
972 1235 1130 1291 τέκνα
1204 1239 1385 1313 πατὴρ
1464 1229 1745 1316 οἰκτείρων
1826 1246 1953 1307 Θεὸς

306 1326 558 1395 κραταῖοι
614 1320 880 1377 κάνταῦθα
929 1323 1024 1378 τὸν
1091 1320 1262 1383 ἔλεον.
1323 1329 1426 1385 Καὶ
1493 1329 1653 1386 αὐτόν
1734 1353 1791 1387 τε
1861 1335 1952 1389 τὸν

306 1403 499 1481 ἔξωθεν
543 1406 880 1483 ἐπικείμενον
934 1417 1014 1485 τῷ
1082 1412 1363 1491 Τηριδάτῃ
1434 1417 1652 1497 ἀφαιρεῖ
1735 1428 1950 1499 γοῖρον,

302 1496 395 1551 καὶ
426 1498 518 1552 τὸν
557 1500 796 1572 πονηρὸν
822 1500 1069 1556 σύνοικον
1096 1496 1307 1559 ἔνδοθεν
1336 1486 1647 1566 ἀπελαύνει.
1738 1486 1775 1501 η

376 1592 504 1641 AA'.
558 1586 654 1641 Καὶ
714 1588 781 1643 οὐ
833 1589 997 1664 μέχρι
1067 1591 1264 1647 τούτου
1335 1596 1428 1650 τὸν
1494 1593 1645 1653 ἔλεον
1710 1598 1733 1617 "

1544 1637 1555 1654 κ
1720 1617 1949 1672 ιστησιν,

306 1671 455 1728 ἀλλά
516 1674 609 1729 καὶ
668 1678 804 1750 πρὸς
870 1678 996 1739 τοὺς
1064 1677 1116 1734 ἐν
1172 1677 1318 1737 τέλει
1368 1685 1453 1739 καὶ
1513 1687 1576 1741 τὸ
1634 1671 1952 1750 στρατιωτι-

305 1762 401 1818 xiv
436 1758 726 1833 διαϐαίνει,
756 1767 846 1821 καὶ
892 1767 1108 1841 βαθείας
1138 1771 1228 1824 καὶ
1277 1771 1461 1836 αὐτοῖς
1512 1744 1765 1850 γαλήνίης
1816 1781 1950 1835 ἀπέ-

307 1849 502 1943 λαυσεν
534 1855 568 1922 ἡ
610 1856 790 1933 ψυχὴ,
840 1862 939 1926 τῆς
986 1862 1083 1913 τοῦ
1135 1862 1333 1936 μιαροῦ
1383 1860 1645 1938 δαίμονος
1693 1867 1949 1943 ἐπηρείας

308 1939 708 2018 ἀπαλλαγεῖσα.
771 1946 1030 2001 Ἐνταῦθα
1106 1949 1195 2003 καὶ
1276 1952 1467 2027 μυρίον
1541 1953 1681 2011 ἄλλο
1739 1939 1953 2028 πλῆθος

309 2032 410 2101 τὴν
465 2031 738 2107 σωτηρίαν
788 2034 1044 2110 εὑρίσκει,
1087 2039 1176 2092 καὶ
1219 2038 1415 2117 λεπροὶ
1471 2044 1562 2098 καὶ
1629 2049 1952 2121 παρειμένοι

311 2119 401 2174 καὶ
441 2118 757 2195 ὑδεριῶντες
812 2124 902 2180 καὶ
934 2123 1349 2202 λελωϐημένοι,
1383 2132 1472 2187 καὶ
1515 2133 1675 2199 ὅσους
1711 2118 1864 2193 Ἵᾶλλο
1902 2161 1953 2195 τι

310 2210 471 2264 κακὸν
528 2209 723 2281 ἰπίεςε,
773 2212 945 2269 πάντα
1020 2214 1218 2271 ἐκεῖθεν
1301 2221 1667 2293 ἀποτίθενται,
1726 2227 1816 2281 καὶ
1890 2230 1956 2283 τά

306 2296 394 2353 ἐπὶ
423 2304 544 2387 τῶν*
560 2303 755 2376 ψυχῶν
789 2300 942 2359 οὐδὲν
970 2307 1134 2374 ἧττον
1165 2307 1432 2383 στίγματα
1454 2314 1542 2367 καὶ
1583 2315 1678 2377 τάς
1720 2314 1954 2387 κηλῖδας

305 2385 811 2481 συναποϐάλλουσι,
868 2395 959 2449 καί
1030 2399 1165 2469 μετᾶ
1231 2398 1447 2456 πολλοῦ
1521 2385 1785 2480 κὲρδουςν
1827 2409 1955 2481 μιτὲ

300 2476 523 2569 πολλῆς
573 2479 905 2553 ἐπανήκουσι
938 2492 1039 2555 τῆς
1071 2484 1296 2559 ἡδονῆς,
1332 2492 1393 2545 οὐ
1443 2476 1714 2566 σωμάτων
1762 2476 1952 2569 μόνον,

299 2566 447 2624 ἀλλά
484 2570 575 2625 καὶ
634 2574 830 2647 ψυχῶν
880 2575 1167 2647 θεραπείαν
1219 2582 1603 2657 τρυγήσαντες.
1638 2566 1818 2650 Ἔνθεν
1868 2566 1952 2642 τοι

302 2658 391 2713 καὶ
431 2658 670 2734 συνέῤῥει
720 2663 859 2737 πρὸς
902 2664 993 2719 τὸν
1043 2666 1198 2743 ἅγιυν
1240 2673 1580 2747 πανταχόθεν
1623 2674 1689 2729 τὰ
1737 2675 1951 2750 πλήθη,

305 2749 579 2819 μυηθῆναί
638 2770 697 2804 τε
751 2752 852 2821 τὴν
912 2750 1183 2810 εὐσέϐειαν
1254 2757 1346 2813 ὑπ’
1406 2761 1574 2816 αὐτοῦ
1645 2769 1950 2840 ζητοῦντες,

297 2837 386 2928 καί
438 2841 545 2928 τῶν
597 2837 824 2928 ,οἷ’κείων
866 2847 983 2904 τοῖς
1032 2846 1329 2917 κάμνουσιν
1359 2849 1613 2922 ἀκίνητον
1656 2837 1950 2928 δρέψασθαι

299 2925 391 3031 καὶ
450 2926 665 3031 άτφαλῆ
743 2931 843 2999 τὴν
916 2936 1282 3007 παραμυθίαν.
1344 2939 1407 2995 Ὀ
1468 2940 1648 3013 μέντοι
1693 2925 1948 3019 βασιλεὺς

299 3016 615 3105 Τηριδάτῃς
670 3019 756 3072 καὶ
819 3018 947 3075 ὅσον
998 3020 1050 3076 ἐν
1088 3022 1233 3079 τέλει
1266 3027 1316 3080 οἱ
1374 3026 1427 3082 ἐν
1481 3016 1707 3105 στρατιᾷ
1761 3054 1818 3088 τε
1857 3036 1943 3089 καὶ

298 3103 425 3158 ὅσον
483 3103 626 3160 ἄλλο
664 3108 763 3177 τὴν
806 3109 1091 3184 Ἀρμενίαν
1138 3110 1290 3187 ᾤκει,
1346 3117 1441 3179 τὰς
1505 3103 1606 3189 τῆς
1674 3117 1948 3187 εὐσεϐείας

295 3191 603 3285 duc-rivale
638 3196 729 3285 ,τῷ
776 3204 877 3267 τῆς
924 3199 1150 3275 καρδίας
1195 3206 1494 3280 προθύμως
1554 3207 1945 3285 ὑποδεξάμενοι

2070 620 2477 693 producentes.
2511 618 2612 675 Ille
2642 625 2831 675 autem
2855 634 2984 673 cum
3020 622 3361 674 accessisset
3392 619 3448 674 in
3483 618 3709 676 medios

2067 728 2186 778 eos,
2217 711 2312 782 qui
2364 716 2503 766 tunc
2544 715 2704 765 erant
2755 708 3113 781 congregati,
3148 711 3248 763 dat
3295 724 3358 763 se
3404 708 3711 766 intensiori

2067 817 2200 856 cum
2236 800 2447 873 populo
2482 800 2796 872 precationi
2826 815 2840 855 ε
2875 803 2951 863 et,
2984 798 3259 854 omnibus
3293 798 3547 853 Teridati
3591 799 3708 867 regi

2064 891 2350 945 Armenias
2383 890 2716 961 petentibus
2748 889 2806 943 in
2857 888 3159 959 antiquam
3194 887 3440 943 formam
3474 887 3708 943 restitu-

2067 980 2305 1045 tionem,
2337 980 2438 1051 qui
2486 995 2711 1047 eorum,
2761 977 2861 1049 qui
2911 977 3109 1049 ipsum
3166 976 3395 1046 timent,
3430 981 3709 1048 tanquam

2066 1074 2231 1141 pater
2277 1067 2551 1136 filiorum,
2604 1071 2931 1134 miseretur,
2976 1065 3129 1122 Deus
3158 1065 3251 1121 hic
3293 1081 3527 1137 quoque
3576 1082 3712 1122 con-

2066 1160 2259 1215 firmat
2307 1164 2362 1214 et
2393 1159 2729 1215 corroborat
2780 1156 3239 1213 misericordiam
3268 1172 3281 1210 :
3314 1161 3371 1213 et
3404 1154 3592 1210 aufert
3622 1154 3709 1227 ip-

2065 1263 2190 1303 sam
2225 1248 2380 1318 porci
2415 1248 2664 1320 speciem
2697 1246 2795 1316 (5),
2829 1262 2957 1316 qua
2988 1249 3114 1300 erat
3141 1243 3396 1300 Teridati
3430 1241 3709 1316 imposita

2063 1336 2445 1407 extrinsecus,
2478 1342 2534 1393 et
2563 1336 2798 1409 capellit
2828 1333 3176 1406 malignum,
3208 1333 3306 1405 qui
3338 1332 3499 1389 intus
3531 1331 3710 1390 coha-

2063 1425 2304 1485 bitabat.

2132 1608 2337 1665 XXXI.
2370 1607 2566 1677 Neque
2609 1622 2739 1662 vero
2792 1604 3073 1661 hactenus
3121 1602 3423 1660 restrinxit
3476 1601 3709 1659 miseri-

2062 1698 2340 1766 cordiam,
2373 1698 2474 1753 sed
2510 1713 2573 1752 ea
2605 1711 2838 1767 quoque
2868 1695 3081 1750 transit
3110 1694 3181 1748 ad
3220 1694 3621 1763 magistratus,
3655 1699 3710 1747 et

2061 1790 2129 1845 ad
2178 1788 2438 1843 milites:
2490 1790 2549 1842 et
2596 1785 2944 1858 profundam
3022 1781 3504 1855 tranquillitatem
3564 1784 3703 1837 sunt

2061 1894 2263 1935 eorum
2295 1892 2524 1948 quoque
2554 1875 2762 1931 animae
2786 1877 3132 1937 consecutae,
3165 1874 3236 1928 ab
3270 1871 3489 1927 insultu
3517 1870 3701 1927 scele-

2065 1968 2174 2024 rati
2204 1973 2262 2023 et
2289 1964 2628 2023 exsecrandi
2658 1964 2940 2020 daemonis
2969 1963 3244 2020 liberatae.
3275 1961 3439 2017 Tunc
3470 1975 3699 2033 quoque

2064 2058 2309 2114 salutem
2344 2056 2563 2111 invenit
2610 2052 3061 2109 innumerabilis
3098 2052 3214 2108 alia
3262 2050 3616 2106 multitudo:
3650 2053 3709 2104 et

2065 2146 2299 2218 leprosi,
2331 2150 2386 2202 et
2417 2144 2736 2217 paralytici,
2766 2148 2824 2199 et
2862 2140 3187 2214 hydropici,
3221 2147 3272 2195 et
3305 2140 3402 2211 qui
3436 2137 3711 2195 membris

2064 2241 2230 2293 erant
2284 2235 2475 2291 manci
2537 2240 2593 2290 et
2636 2233 2849 2299 mutili,
2881 2239 2939 2287 et
2978 2246 3359 2303 quoscunque
3408 2230 3713 2301 premebat

2064 2324 2301 2397 aliquod
2334 2324 2489 2380 aliud
2524 2322 2768 2389 alum,
2801 2321 2921 2377 illic
2951 2321 3252 2393 deponunt
3281 2318 3497 2385 omnia,
3534 2325 3588 2374 et
3620 2316 3713 2372 ni-

2063 2413 2387 2471 hilominus
2441 2420 2658 2470 exuunt
2706 2411 2881 2468 etiam
2926 2411 3153 2466 inustas
3194 2409 3401 2466 animae
3436 2412 3605 2463 notas
3653 2412 3711 2462 et

2063 2504 2328 2560 maculas
2361 2521 2375 2559 :
2408 2508 2465 2559 et
2495 2519 2629 2558 cum
2676 2516 2886 2573 magno
2918 2499 3099 2567 lucro,
3132 2499 3181 2556 ei
3215 2515 3349 2554 cum
3384 2514 3594 2568 magna
3624 2513 3709 2552 re-

2061 2594 2239 2649 deunt
2273 2591 2495 2661 lzetitia,
2547 2596 2609 2646 ut
2652 2589 2753 2660 qui
2811 2604 2927 2643 non
2985 2588 3177 2643 solum
3237 2602 3571 2657 corporum,
3604 2584 3708 2640 sed

2061 2681 2235 2737 etiam
2293 2682 2622 2736 animarum
2694 2676 3053 2748 perceperint
3108 2674 3495 2731 curationem.
3559 2674 3708 2728 Hinc

2061 2771 2275 2827 factum
2308 2775 2417 2837 est,
2450 2774 2516 2823 ut
2553 2769 2624 2823 ad
2657 2771 2922 2823 sanctum
2953 2766 3112 2822 omni
3158 2781 3225 2821 ex
3259 2768 3423 2836 parte
3452 2762 3712 2819 conﬂue-

2061 2866 2146 2918 ret
2176 2861 2443 2933 populus,
2476 2874 2743 2932 quaerens
2774 2858 2845 2913 ab
2877 2872 2943 2913 eo
2991 2853 3214 2911 initiari
3258 2852 3555 2926 mysteriis
3587 2851 3709 2923 pie-

2058 2949 2208 3018 tatis,
2232 2955 2289 3006 et
2319 2965 2545 3016 eorum,
2578 2948 2679 3020 qui
2710 2945 2885 3002 variis
2926 2944 3148 3000 morbis
3193 2941 3564 3010 laborabant,
3592 2946 3705 2996 sta-

2056 3038 2233 3094 bilem
2255 3042 2313 3093 et
2343 3038 2702 3093 immobilem
2727 3035 3000 3107 colligere
3030 3032 3417 3089 curationem.
3452 3030 3570 3084 Rex
3594 3046 3698 3085 au-

2057 3134 2172 3184 tem
2203 3127 2503 3183 Teridates
2534 3131 2591 3184 et
2619 3141 2822 3181 omnes
2856 3123 3254 3194 magistratus,
3279 3118 3615 3190 militesque
3646 3123 3704 3173 et

2054 3220 2387 3290 quicunque
2418 3218 2514 3273 alii
2550 3215 2973 3273 habitabantin
3013 3211 3308 3278 Armenia,
3333 3225 3463 3265 cum
3509 3210 3702 3263 radios

500 3284 591 3337 καὶ
626 3284 771 3381 ὑγιεῖ
927 3295 1029 3359 τῆς
1060 3294 1247 3366 ψυχῆς
1307 3292 1516 3368 ὄμματι
1586 3299 1674 3353 καὶ
1724 3280 1941 3377 καθαρῷ

2054 3280 2583 3381 pietatis-prompto
2606 3305 2788 3362 animi
2810 3304 3001 3361 studio
3034 3303 3091 3358 in
3120 3303 3290 3358 corde
3314 3298 3702 3371 accepissent,

294 3368 615 3445 βλέψαντες,
656 3373 755 3429 οὐκ
784 3373 1018 3453 ἤνεγκαν
1054 3381 1118 3435 τὸ
1173 3385 1249 3454 μή
1301 3385 1389 3439 καὶ
1445 3387 1511 3442 τὰ
1567 3387 1780 3461 ἀπάτης
1810 3368 1941 3447 κιπίτζ

290 3461 507 3535 αγώγια
561 3461 613 3532 ἐξ
661 3462 839 3519 αὐτῶν
889 3466 1189 3526 ἆνασπᾶσαι
1234 3472 1539 3548 κρηπίδων,
1579 3476 1705 3534 ἀλλ’
1738 3479 1940 3548 ὀφθαλ-

292 3554 418 3619 μοῖς
455 3553 624 3606 ταῦτα
655 3553 781 3627 ὁρᾷν
815 3555 902 3617 οἷς
935 3556 1025 3611 καὶ
1062 3559 1162 3627 τὴν
1202 3558 1465 3632 ἀλήθειαν
1506 3564 1674 3624 εἶδον.
1709 3537 1937 3643 Ἀμέλει

286 3639 375 3692 καὶ
435 3637 528 3693 σὺν
583 3642 869 3718 Γρηγορίῳ
914 3645 1040 3708 τοὺς
1109 3652 1216 3703 τῶν
1263 3651 1552 3723 Ἑλλήνων
1628 3637 1790 3713 θεοὺς,
1845 3660 1934 3714 καὶ

283 3726 443 3822 ναούς
493 3730 584 3783 καὶ
631 3729 758 3794 τοὺς
814 3733 1039 3808 βωμοὺς
1114 3741 1484 3813 περιστάντες,
1546 3744 1932 3822 ἐπολιόρκουν,

285 3817 583 3906 κατέσειον,
638 3819 942 3895 ἀνώρυττον
1005 3825 1068 3879 τὸ
1125 3824 1341 3906 ἔδαφος,
1392 3817 1755 3902 ἐξεκάλυπτον
1805 3817 1933 3894 τοὺς

288 3904 596 4000 θεμελίους,
627 3911 765 4000 πρὸς
808 3910 943 3966 αὐτά
984 3910 1131 3970 ἔνδον
1183 3904 1429 3989 ἐϐὁδιςον
1477 3928 1585 3977 τῶν
1631 3926 1934 4000 χρημάτων

284 3996 351 4091 τά
389 4002 611 4091 ταμιεῖα
659 3999 965 4075 ἀφῃροῦντο
1012 4004 1104 4059 τὸν
1153 4006 1411 4079 πλοῦτον,
1465 3986 1760 4091 ἐξεφόρδυνι
1808 4021 1934 4082 τοὺς

287 4083 594 4178 θηααυρούς
623 4106 640 4178 ν·
682 4090 870 4178 πάντα
930 4089 1291 4170 διηρευνῶντο
1352 4102 1429 4173 μὴ
1704 4107 1931 4173 τούτους

291 4170 434 4273 μηδὲ
469 4176 939 4273 β-ραχὺᾼλείψ-ανον
968 4190 1068 4253 τῆς
1098 4170 1362 4251 ἀσεϐείας-
1390 4170 1766 4273 καταλειιρθέν.
1802 4170 1931 4255 Εἶτα

284 4261 421 4357 ἱερά-
450 4268 528 4357 τῷ
573 4270 689 4339 Θεῷ
732 4270 822 4324 καὶ
864 4276 981 4333 τοῖς
1031 4272 1195 4330 αὐτοῦ
1264 4280 1496 4353 μάρτυσι
1544 4261 1743 4357 τεμένη
1807 4286 1929 4345 ἀντ-

282 4352 625 4447 ῳκοδόμουν,
668 4360 757 4447 καὶ
806 4363 1041 4437 τειχίοις
1091 4362 1283 4439 ἔξωθεν
1341 4352 1783 4447 παρελάμϐανον,
1838 4381 1927 4434 καὶ

280 4443 373 4498 τὸν
405 4442 624 4503 ἐκείνων
666 4446 906 4506 πλοῦτον
954 4454 1144 4518 αὐτοῖς
1192 4459 1278 4513 καὶ
1330 4442 1427 4524 τὰς
1472 4442 1800 4530 πολυτελεῖς
1840 4466 1925 4523 ἐσ-

284 4538 470 4629 θῆτας,
500 4536 591 4590 καὶ
639 4537 705 4593 τά
753 4542 1005 4615 κτήματα
1052 4546 1141 4599 καὶ
1197 4547 1325 4611 τοὺς
1381 4555 1687 4629 θησαυροὺς
1751 4556 1923 4613 ἀνετί-

2046 3406 2102 3457 et
2151 3416 2295 3456 sano
2341 3399 2680 3469 mundoque
2712 3395 2921 3451 animae
2953 3393 3120 3449 oculo
3164 3390 3552 3463 aspexissent,
3585 3403 3703 3443 non

2046 3494 2477 3563 sustinuerunt,
2510 3491 2608 3562 qui
2645 3490 2838 3545 minus
2872 3486 3097 3544 fraudis
3129 3490 3187 3541 et
3220 3483 3438 3541 erroris
3468 3481 3698 3537 habita-

2047 3585 2179 3641 cula
2222 3584 2293 3639 ab
2334 3583 2480 3654 ipsis
2520 3580 2829 3637 evellerent
2876 3575 3295 3642 fundamentis,
3328 3590 3400 3629 ne
3429 3573 3698 3628 viderent

2045 3690 2111 3729 ea
2140 3674 2214 3729 iis
2245 3671 2452 3737 oculis,
2477 3670 2693 3741 quibus
2713 3667 2993 3722 Videbant
3018 3666 3308 3736 pietatem.
3336 3666 3531 3729 Itaque
3555 3675 3687 3715 cum

2042 3762 2316 3836 Gregorio
2348 3762 2609 3833 gentium
2641 3758 2857 3829 templa
2877 3766 2929 3813 et
2952 3754 3157 3811 altaria
3188 3751 3688 3809 circumsistentes

2040 3853 2404 3919 obsidebant,
2428 3848 2909 3913 demoliebantur,
2931 3845 3122 3902 solum
3147 3842 3519 3908 etl'odiebant,
3544 3840 3677 3894 fun-

2040 3943 2309 3998 damenta
2337 3932 3254 4011 aperiebant,ingrediebanturin
3281 3931 3407 4002 ipsa
3422 3926 3676 4000 pecuniae

2038 4028 2783 4102 aeraria,opesaufcrebant,
2807 4026 3109 4081 thesauros
3122 4021 3459 4085 efferebant,
3483 4027 3535 4073 et
3556 4030 3679 4071 om-

2038 4122 2133 4177 nia
2163 4120 2475 4189 faciebant,
2504 4134 2575 4174 ne
2603 4133 2667 4173 cs
2688 4115 2935 4171 laterent
2957 4113 3044 4169 vel
3072 4111 3331 4167 minimae
3360 4104 3679 4177 impietatis

2038 4212 2248 4269 relicta:
2267 4208 2544 4280 reliquiae.
2562 4207 2777 4264 Deinde
2791 4206 2905 4261 Deo
2921 4219 3106 4270 sacra,
3122 4202 3315 4273 etejus
3326 4195 3675 4270 martyribus

2035 4301 2260 4371 templa
2338 4303 2542 4355 contra
2613 4295 3017 4351 aediﬁcabant:
3070 4297 3127 4347 et
3181 4307 3248 4347 ea
3316 4289 3675 4345 extrinsecus

2035 4389 2351 4458 cingebant
2398 4385 2717 4459 parietibus
2751 4400 2764 4439 :
2799 4386 2857 4439 et
2904 4382 2990 4438 eis
3020 4380 3255 4436 illorum
3289 4394 3428 4451 opes
3459 4380 3514 4432 et
3545 4391 3674 4448 pre-

2034 4478 2220 4534 tiosas
2250 4482 2461 4543 vestes,
2504 4471 3024 4548 possessionesque
3061 4478 3116 4527 et
3158 4468 3467 4525 thesauros
3515 4465 3676 4521 dedi-

2032 4568 2264 4636 cabant,
2313 4565 2757 4635 materiamque,
2807 4579 2932 4635 qua:
2986 4559 3147 4633 prius
3199 4558 3260 4614 in
3335 4555 3496 4612 nullo
3553 4557 3678 4609 erat

282 4621 453 4728 θεσαν,
484 4625 574 4680 καὶ
630 4627 729 4695 τὴν
775 4626 971 4703 ἄτιμον
1014 4636 1276 4711 πρότερον
1327 4637 1465 4711 ὕλην
1515 4621 1604 4697 καὶ
1644 4649 1922 4722 περιττὴν,

2054 4672 2278 4724 nonore,
2330 4660 2389 4711 et
2446 4654 2616 4728 plane
2663 4656 2785 4709 erat
2832 4649 3150 4723 superﬂua,
3205 4655 3267 4703 ut
3316 4645 3449 4701 usui
3498 4646 3672 4711 esset,

280 4708 491 4803 ἐνεργὸν
572 4714 808 4773 ἐντεῦθεν
880 4721 970 4776 καὶ
1046 4708 1328 4803 ὠφέλιμον
1398 4708 1723 4793 ἐποιοῦντο..

286 4802 379 4895 μὲν
434 4801 525 4859 οὗν
589 4803 712 4895 οὐδὲ
780 4810 829 4863 οἱ
868 4813 1033 4895 παρὰ
1090 4801 1218 4878 τοὺς
1289 4817 1502 4895 βωροὺς
1560 4820 1796 4887 ἐκείνους
1834 4826 1925 4881 καί

279 4890 411 4986 τους
460 4895 621 4960 ναοὺς
669 4892 1034 4971 διατρίϐοντες
1088 4890 1585 4981 μιαροὶνδαίμονες,
1618 4912 1813 4986 ἀγαθόν
1871 4937 1924 4971 τι

282 4980 589 5075 ἀπέλγιυσαν
625 4992 724 5056 τῆς
769 4992 1076 5075 συνοικίας,
1125 4992 1271 5051 ἀλλὰ
1329 4980 1577 5075 διωγμῷ
1624 4980 1713 5057 καὶ
1771 5004 1923 5061 αὐτοῖ

280 5067 660 5166 χαλεπωτάτῳ
724 5074 1053 5149 ἠλαύνοντο,
1083 5082 1174 5137 καὶ
1229 5085 1328 5153 τήν
1369 5067 1590 5166 ἄμαχον
1637 5094 1733 5146 τοῦ
1787 5095 1924 5152 Osci”)

280 5160 440 5259 ⁴ξιμῶν
468 5159 696 5259 δύναμιν
733 5168 820 5259 καὶ
866 5170 967 5238 τήν
1014 5166 1253 5240 ἐξουσίαν
1289 5152 1537 5233 δεδίότες
1580 5177 1785 5259 σφόδρα
1832 5185 1921 5239 καὶ

286 5246 705 5324 ὑποτρέμοντες,
737 5249 932 5315 ἐϐόων.

349 5340 474 5446 {\B'.
515 5342 639 5446 ρῦγ
670 5346 1011 5446 ὴῃᾌρμενία
1049 5348 1110 5446 δὲ
1152 5352 1318 5429 ταύτῃ
1379 5355 1542 5429 μόνον
1594 5361 1919 5437 θερμότερον

486 5430 612 5524 τὴν-
648 5429 953 5524 εὐσέϐειαν
1045 5437 1328 5499 διεκινεῖτο
1419 5446 1509 5502 καὶ
1602 5429 1917 5524 ἠρεθίζετο,

271 5515 420 5573 ἀλλὰ
481 5519 670 5578 πολλὰ
730 5524 824 5581 καὶ
887 5526 995 5583 τῶν
1070 5533 1384 5607 προσοίκων
1449 5515 1916 5597 ἐθνῶνηέπὶ-τὸν

2035 4746 2374 4815 effecerunt,
2405 4748 2462 4800 et
2491 4745 2899 4800 converterunt
2928 4740 2999 4796 ad
3032 4738 3367 4794 utilitatem.
3408 4733 3502 4790 Sic
3540 4747 3673 4801 ergo

2036 4835 2135 4907 qui
2166 4834 2226 4891 in
2253 4834 2371 4890 illis
2402 4832 2680 4890 altaribus
2711 4836 2767 4887 et
2787 4828 3021 4902 templis
3047 4827 3431 4884 versabantur
3460 4823 3677 4879 daemo-

2036 4944 2135 4983 nes
2170 4924 2532 4989 exsecrandi,
2572 4922 2793 4979 nullius
2827 4918 3121 4977 commodi
3162 4916 3476 4991 participes
3516 4911 3671 4980 facti,

2034 5016 2377 5090 gravissima
2424 5011 2861 5084 expellebantur
2925 5007 3350 5083 persecutione,
3408 5008 3463 5061 et
3518 5003 3674 5057 inex-

2034 5103 2410 5179 pugnabilem
2462 5101 2563 5157 Dei
2609 5098 2789 5156 nostri
2847 5098 3167 5166 potentiam
3208 5092 3571 5153 formidolosi
3620 5096 3676 5148 et

2031 5195 2200 5251 valde
2230 5197 2546 5250 trementes
2578 5188 2975 5247 declarabant.

2101 5364 2319 5423 XXXII.
2353 5365 2478 5423 Non
2510 5365 2631 5422 sola
2661 5371 2856 5420 autem
2878 5362 3153 5419 Armenia
3182 5359 3447 5419 certatim
3478 5372 3672 5417 move-

2032 5455 2208 5512 batur
2252 5460 2307 5512 et
2338 5455 2689 5512 incitabatur
2718 5456 2785 5509 ad
2824 5453 3117 5525 pietatem,
3149 5452 3245 5507 sed
3273 5452 3469 5507 multa;
3497 5450 3673 5507 etiam

2032 5550 2232 5617 gentes
2276 5545 2538 5603 finitima
2580 5546 2650 5603 ad
2678 5542 2927 5601 similem
2964 5541 3407 5599 deducebantur
3434 5539 3677 5598 aemula-

344 5684 418 5757 (5)
448 5684 593 5745 Vide
624 5687 887 5764 Nicepb.,
918 5708 969 5752 c.
1004 5696 1073 5754 35
1103 5697 1205 5755 lib.
1240 5716 1361 5757 vni.
1397 5702 1682 5778 Menolog.
1716 5706 2043 5767 Graecorum
2076 5710 2145 5765 3O
2174 5708 2552 5783 Septembris.
