4106 6200
413 314 525 373 987

1660 311 1937 374 MENSIS
1986 302 2471 375 SEPTEMBER.

3700 310 3827 369 988

414 470 652 526 tionem.
686 469 767 525 Ad
804 468 1078 541 pietatem
1114 484 1242 524 vero
1286 468 1603 538 plurimum
1652 470 1899 527 contulit
1929 471 2051 545 ipse

2170 472 2358 544 Βμοιον
2392 469 2865 549 ἐχειραγωγοῦντο
2899 466 3090 538 ζῆλον.
3142 467 3299 544 Μέγα
3338 463 3393 520 δὲ
3450 465 3613 539 μέρος
3683 465 3822 539 πρὸς

410 573 646 630 quoque
679 574 796 623 rex,
831 558 932 628 qui
955 557 1232 613 omnibus
1256 558 1584 613 videntibus
1605 564 1661 616 et
1681 562 2054 617 audientibus

408 664 577 704 suam
625 647 876 718 priorem
930 647 1211 702 referebat
1244 646 1627 719 impietatem,
1661 654 1717 705 et
1749 653 2058 706 accusabat

408 752 579 793 suam
630 735 690 789 in
740 750 1023 806 magnum
1065 733 1404 806 Gregorium
1447 737 1866 807 crudelitatem,
1900 744 1956 794 et
1995 740 2053 795 in

407 824 688 898 gloriosas
761 825 1018 894 virgines
1094 826 1513 882 immanitatem
1587 834 1645 883 et
1710 830 1943 895 caedem,
2002 838 2056 885 et

406 914 650 986 agrestis
680 912 835 968 illius
867 914 1084 969 amoris
1119 914 1338 970 faciens
1371 916 1821 982 mentionem,et
1852 919 2053 975 dicens

408 1000 607 1072 quales
670 1018 773 1073 pro
828 1018 895 1058 eo
951 1019 1147 1072 poenas
1181 1002 1373 1070 luerit,
1412 1008 1525 1060 Deo
1558 1006 1608 1059 ei
1655 1006 1965 1074 irascente,
1999 1011 2055 1064 et

408 1092 637 1159 qualem
671 1108 875 1149 rursus
907 1092 1352 1163 benignitatem,
1378 1099 1435 1151 et
1458 1100 1741 1167 quantum
1770 1099 2055 1169 acceperit

406 1181 753 1238 beneﬁcium
802 1181 1164 1237 admirabilis
1203 1182 1465 1254 Gregorii
1514 1185 2050 1243 intercessionibus.

406 1270 537 1326 Haec
569 1286 664 1325 rex
687 1269 1024 1341 singulatim
1051 1286 1427 1342 persequens,
1454 1277 1579 1328 erat
1609 1273 1827 1329 bonum
1852 1275 2053 1332 multis

405 1360 761 1433 exemplum,
796 1360 1133 1433 multosque
1164 1363 1517 1418 accendebat
1558 1368 1615 1418 et
1645 1364 2053 1421 inﬂammabat

406 1452 475 1507 ad
526 1452 785 1508 eamdem
848 1451 1210 1506 sententiam.
1267 1451 1375 1508 Res
1429 1454 1586 1508 enim
1636 1454 1925 1525 ejusmodi
1967 1459 2053 1509 est

403 1545 675 1612 potestas,
719 1548 778 1594 ut
829 1540 940 1594 sibi
996 1539 1315 1596 conformes
1374 1557 1610 1613 semper
1669 1543 1877 1599 reddat
1930 1560 2049 1612 eos,

405 1631 505 1703 qui
582 1634 787 1703 parent
866 1632 992 1702 ejus
1046 1631 1324 1703 imperio:
1375 1633 1690 1703 eademque
1756 1633 1795 1688 ii
1865 1634 2053 1690 solent

404 1736 621 1792 amare,
654 1728 709 1777 et
739 1721 836 1776 illa
867 1736 1150 1788 exercere,
1185 1722 1397 1792 quibus
1429 1725 1928 1796 senserintipsum
1953 1723 2047 1779 lce-

2164 563 2264 631 τὴν
2299 554 2570 615 εὐσέϐειαν
2602 558 2810 634 ἐγενετο
2860 556 2951 612 καὶ
3001 557 3028 611 6
3081 553 3354 631 βασιλεὺς,
3397 555 3499 610 ὑπὸ
3555 559 3625 629 τῇ
3680 554 3819 609 πάν-

2164 673 2274 708 των
2306 648 2426 707 ὅλει
2474 650 2562 704 καὶ
2596 651 2733 722 ἀκοῇ
2762 650 2863 719 τήν
2917 668 2975 703 τε
3004 648 3269 720 προτέραν
3334 639 3579 700 ἀσέϐειαν
3614 642 3821 715 διεξελο

2168 742 2297 812 θὼν,
2336 742 2435 810 τήν
2489 739 2690 795 οἰκείαν
2740 757 2798 794 τε
2842 737 2976 793 κατά
3039 740 3136 791 τοῦ
3197 732 3442 811 μεγάλου
3504 732 3819 811 Γρηγορίου

2165 830 2430 903 ὠμότητα
2495 828 2585 883 καὶ
2656 826 2969 904 μιαιφονίαν
3055 823 3297 900 ἒλέγξας,
3356 831 3455 893 τῆς
3511 824 3649 878 κατά
3706 828 3821 878 τῶν

2163 919 2497 976 καλλινίκων
2558 939 2615 973 τε
2655 916 2934 991 παρθένων
2981 914 3242 985 ἀπηνείας
3297 913 3387 969 καὶ
3446 917 3545 979 τῆς
3594 917 3817 990 σφαγῆς

2162 1010 2252 1065 καὶ
2318 1014 2412 1064 τοῦ
2462 1008 2651 1084 ἀγρίου
2710 1008 2915 1061 ἐκείνου
2972 1006 3229 1079 μνησθεὶς
3286 1007 3508 1078 ὶρωτος,
3569 1002 3698 1065 οἵας
3756 1022 3819 1056 τε

2162 1097 2367 1154 τούτων
2428 1094 2505 1153 ἔτι
2567 1119 2621 1153 σε
2680 1094 2831 1157 δίκας
2888 1094 3079 1164 εῗπὼν,
3117 1093 3447 1167 μηνίσαντος
3494 1091 3644 1164 αὖτῷ
3713 1095 3816 1147 τοῦ

2163 1192 2317 1255 Θεοῦ,
2359 1188 2449 1242 καὶ
2487 1186 2688 1258 ⁴ἡλίκης
2729 1184 2896 1240 πάλιν
2942 1188 3063 1245 ταῖς
3108 1187 3205 1238 τοῦ
3243 1185 3552 1255 θαυμαστοῦ
3604 1186 3818 1257 Γρηγο-

2164 1277 2281 1351 ρίου
2316 1272 2627 1353 πρεσϐείαις
2678 1273 3065 1331 ἀπολελαύκει.
3115 1274 3296 1329 Ταῦτα
3336 1273 3364 1326 6
3417 1269 3673 1347 βασιλεῦς
3724 1268 3816 1325 ἐπὶ

2167 1364 2365 1441 μέρους
2411 1361 2607 1421 ἕκαστα
2666 1362 2901 1435 διεξιὼν,
2961 1361 3159 1439 ἀγαθὸν
3203 1359 3442 1425 πολλοῖς
3500 1358 3819 1432 ὑπόδειγμα

2162 1454 2251 1523 ἦν,
2291 1455 2381 1509 καὶ
2440 1452 2690 1516 πολλοὺς
2739 1453 2825 1507 ἐπὶ
2882 1453 2982 1520 τήν
3030 1450 3230 1506 οἰκείαν
3263 1452 3493 1526 γνώμην
3550 1447 3821 1526 ἀνὲφλεγε

2161 1544 2252 1599 καὶ
2306 1544 2519 1615 ἐξῆπτε.
2571 1546 2832 1600 Τοιοῦτον
2873 1543 2977 1617 γὰρ
3026 1542 3062 1611 ἡ
3121 1538 3354 1610 ἐξουσία,
3388 1542 3817 1615 συμμορφοῦται

2162 1632 2243 1688 ἀεὶ
2274 1634 2443 1707 ταύτῃ
2475 1634 2537 1687 τὸ
2592 1632 2935 1708 ὑποχείριον,
2968 1633 3073 1685 τῶν
3134 1628 3313 1683 αὐτῶν
3359 1648 3418 1682 τε
3463 1624 3613 1705 ιριλεῖ
3662 1625 3817 1697 ἐρᾷν,

2161 1720 2382 1776 κάκεῖτα
2425 1717 2761 1791 ἒπιτηδεύειν
2808 1722 2895 1781 οἷς
2944 1739 3044 1793 περ
3084 1716 3143 1773 ἃν
3189 1719 3281 1774 τὸν
3332 1717 3571 1793 ἄρχοντα
3618 1713 3820 1785 αἴσθη-

406 1811 517 1866 tari
573 1810 918 1883 principem.
987 1811 1129 1866 llinc
1185 1812 1520 1867 mirandum
1571 1812 1629 1867 in
1680 1815 1919 1869 modum
1969 1815 2050 1870 eis

2170 1831 2248 1864 ται
2305 1810 2588 1885 χαίροντα.
2638 1812 2907 1866 Ἐντεῦθεν
2963 1809 3053 1863 καὶ
3109 1809 3246 1863 κατά
3285 1814 3470 1881 πῆχυν
3516 1805 3733 1874 αὐτοῖς,
3786 1805 3816 1857 ὃ

411 1901 709 1956 crescebat
753 1899 954 1971 pietas.
998 1898 1162 1955 Unde
1192 1900 1367 1955 etiam
1410 1906 1745 1958 statuerunt
1776 1919 2052 1974 magnum

413 1988 751 2061 Gregorium
814 2004 1013 2045 creare
1074 1989 1381 2060 praesulem
1446 2008 1561 2046 suae
1638 1991 1929 2059 Ecclesiae,
1991 1997 2056 2049 ut

416 2094 591 2150 quem
652 2077 816 2149 prius
890 2078 1240 2133 invenerunt
1319 2079 1781 2151 dispensatorem
1830 2081 2055 2153 salutis,

416 2168 687 2225 eumdem
719 2167 895 2223 etiam
927 2167 997 2222 de
1028 2172 1234 2223 caetero
1274 2167 1554 2225 baberent
1584 2170 2056 2240 gubernatorem,

419 2262 475 2313 et
524 2272 623 2313 eos
662 2258 787 2326 ipse
834 2257 1145 2312 deduceret
1189 2258 1258 2313 ad
1303 2257 1401 2314 Dei
1445 2267 1697 2329 portum.
1733 2260 1834 2315 Ille
1864 2265 2056 2317 autem

420 2350 476 2402 et
512 2345 868 2414 prafeeturae
897 2344 1286 2414 altitudinem,
1328 2355 1379 2402 et
1411 2346 1864 2405 sollicitudinem
1898 2350 2059 2422 cogi-

418 2439 550 2490 tans
581 2434 942 2507 gravitatem,
975 2439 1031 2491 et
1061 2436 1215 2507 quod
1250 2452 1379 2492 eum
1414 2437 1485 2493 sit
1536 2442 1734 2494 tenera
1766 2437 1960 2510 planta
1992 2438 2062 2493 ﬁ—

421 2526 536 2591 dei,
569 2542 775 2598 magna
803 2542 951 2599 opus
992 2526 1165 2583 habet
1194 2527 1515 2600 diligentia,
1547 2534 1603 2586 et
1651 2530 1889 2601 copiosa
1927 2530 2063 2585 irri-

417 2615 671 2688 gatione,
715 2616 1019 2671 dubitabat
1065 2622 1122 2672 et
1168 2616 1471 2674 differebat
1513 2619 1811 2691 suspicere
1861 2620 2059 2692 praefe—

376 2742 381 2743 κ
416 2711 639 2761 cturam
685 2704 975 2772 Ecclesiae,
1007 2706 1190 2762 donec
1238 2706 1378 2763 visio
1409 2708 1599 2779 angeli
1651 2708 1902 2777 Domini,
1936 2725 2060 2780 qua

417 2800 474 2850 et
502 2794 614 2865 ipsi
649 2794 769 2866 regi
800 2794 1072 2861 Teridati,
1106 2800 1165 2850 et
1210 2812 1420 2866 magno
1450 2795 1742 2868 Gregorio
1772 2797 2059 2868 apparuit,

376 2916 390 2923 -
415 2882 500 2938 illi
532 2884 769 2955 quidem
807 2882 1071 2954 persequi
1104 2882 1460 2953 institutum,
1494 2884 1629 2940 huic
1662 2890 1855 2939 autem
1881 2886 2066 2956 jussit

416 2972 708 3041 suscipere
759 2972 1185 3041 pontificatum.
1222 2972 1338 3026 Rex
1388 2978 1606 3037 autem,
1638 2974 1917 3042 quoniam
1957 2974 2061 3029 ha-

416 3060 588 3115 bebat
616 3065 971 3114 aunuentem
995 3075 1153 3127 eum,
1176 3060 1269 3130 qui
1296 3062 1460 3131 prius
1487 3077 1601 3116 non
1636 3062 1896 3131 parebat,
1928 3078 2060 3119 cum

2166 1896 2231 1968 δὴ
2266 1898 2499 1975 λέγεται,
2529 1902 2563 1969 ἡ
2596 1894 2836 1954 εὐσέϐεια
2874 1896 3068 1969 ηὔξανε
3106 1919 3165 1953 τε
3200 1897 3290 1952 καὶ
3339 1892 3610 1951 ἐπεδίδου.
3643 1894 3814 1951 ’Όθσν

2166 1989 2254 2044 καὶ
2311 1991 2404 2045 τὸν
2466 1991 2632 2065 μέγαν
2690 1989 2986 2065 Γρηγόριον
3037 1988 3345 2062 προστάτην
3400 1989 3496 2055 τῆς
3551 1986 3679 2060 παρ’
3724 1982 3822 2039 αὖ·

2165 2081 2283 2143 τοῖς
2349 2078 2677 2149 Ἐκκλησίας
2762 2078 3055 2153 ἐσκέψαντο
3142 2074 3434 2147 ἀναδεῖξαι,
3515 2076 3669 2137 ὅπως
3750 2076 3812 2129 ὃν

2167 2170 2431 2244 πρότερον
2474 2168 2626 2243 εὗρον
2673 2172 2774 2235 τῆς
2843 2168 3116 2243 σωτηρίας
3173 2170 3274 2232 τῆς
3332 2167 3532 2222 ἑαυτῶν
3590 2164 3816 2220 οἷκονο-

2172 2278 2292 2331 μον,
2328 2258 2418 2314 τὸν
2469 2257 2629 2313 αὐτὸν
2679 2258 2770 2313 καὶ
2821 2252 3154 2331 κοϐερνήτῃν
3212 2253 3392 2332 ἔχοιεν
3444 2259 3541 2310 τοῦ
3581 2253 3816 2325 λοιποῦ,

2168 2348 2260 2402 καὶ
2292 2348 2449 2409 οὗτος
2477 2346 2677 2410 αὐτοὺς
2715 2348 2789 2410 εἷς
2836 2347 2927 2402 τὸν
2962 2345 3160 2418 λιμένα
3213 2349 3315 2400 τοῦ
3361 2348 3495 2400 Θεοῦ
3541 2343 3823 2417 κατορμί-

2171 2458 2326 2493 σειεν.
2359 2438 2419 2494 Ὀ
2470 2434 2528 2491 δὲ
2570 2435 2633 2493 τό
2677 2457 2736 2492 τε
2782 2443 2881 2507 τῆς
2926 2435 3108 2511 ἀρχῆς
3141 2436 3297 2509 ὕψος,
3326 2433 3390 2490 τό
3419 2454 3477 2489 τε
3506 2438 3613 2490 τῶν
3645 2453 3827 2513 φρον-

2169 2524 2333 2582 τίδων
2375 2528 2543 2601 βάρος
2602 2523 2825 2593 ἒννοῶν,
2870 2524 2960 2580 καὶ
3009 2524 3091 2580 ὅτι
3149 2522 3358 2580 ἁπαλὸν
3411 2518 3487 2578 ἔτι
3532 2524 3594 2578 τὸ
3651 2524 3825 2603 φυτὸν

2172 2626 2271 2689 τῆς
2336 2619 2571 2680 πίστεως
2628 2616 2710 2689 ὃν,
2754 2615 2975 2686 πολλῆς
3047 2614 3283 2691 μάλιστα
3339 2621 3440 2685 τῆς
3498 2613 3825 2689 ἰπιμελείας

2173 2708 2261 2763 καὶ
2312 2708 2685 2783 ἀφθονωτέρας
2741 2704 2913 2763 δεῖται
2958 2713 3059 2775 τῆς
3105 2703 3343 2783 ἀρδείας,
3387 2703 3547 2760 ὤκνει
3602 2725 3659 2759 τε
3719 2704 3825 2771 τὴν

2173 2795 2502 2859 προστασίαν
2558 2801 2658 2862 τῆς
2727 2790 3053 2863 Ἐκκλησίας
3134 2793 3225 2847 καὶ
3301 2786 3659 2859 ἀνεϐάλλετο,
3715 2787 3825 2851 ἓως

2175 2880 2298 2956 ὄψις
2329 2883 2592 2959 ξᾶγγελον
2655 2881 2853 2957 Κυρίου
2885 2882 3032 2952 αὐτῷ
3077 2902 3135 2935 τε
3180 2879 3259 2954 τῷ
3294 2879 3511 2956 βασιλεῖ
3538 2875 3830 2953 Τηριδατῃ

2174 2972 2261 3027 καὶ
2296 2976 2374 3044 τῷ
2410 2971 2633 3046 μεγάλῳ
2692 2970 2982 3048 Υρηγορίῳ
3040 2968 3312 3039 δεικνῦσα,
3336 2973 3415 3042 τῷ
3474 2970 3568 3042 μὲν
3602 2964 3828 3043 ἔχεσθαι

2172 3068 2268 3119 τοῦ
2319 3068 2543 3133 σκοποῦ,
2594 3066 2672 3135 τῷ
2731 3060 2788 3117 δὲ
2834 3063 2932 3131 τὴν
2992 3060 3403 3137 ἀρχιερωσύνην
3469 3057 3830 3131 ἀναδέξασθαι

415 3164 485 3202 ex
507 3148 600 3212 iis,
625 3147 723 3216 qui
746 3146 1027 3217 gerebant
1053 3147 1456 3215 magistratum
1478 3150 1765 3205 sexdecim
1785 3150 2058 3207 virosele-

2174 3154 2482 3228 παρηγγύα.
2518 3155 2622 3210 Καῑ
2655 3149 2791 3221 δῆτα
2831 3152 2859 3206 6
2912 3148 3166 3226 βασιλεὺς
3212 3147 3401 3219 ἒπειδή
3436 3170 3469 3204 κ
3500 3150 3830 3204 ατανεύοντα

414 3235 590 3308 gisset
606 3236 1144 3306 prestantissimos,
1161 3236 1330 3292 eosin
1350 3237 1668 3295 Caesaream
1688 3238 2059 3312 Cappadocia

414 3324 591 3380 mittit
611 3341 726 3380 una
756 3340 889 3380 cum
921 3324 1218 3396 Gregorio,
1243 3334 1298 3382 ut
1325 3344 1357 3383 a
1383 3326 1612 3384 Leontio
1634 3328 1706 3401 (is
1731 3330 1888 3385 enim
1918 3335 2058 3386 tunc

412 3414 471 3469 in
503 3428 569 3468 ea
598 3418 717 3469 erat
750 3414 1030 3485 pontifex)
1064 3416 1347 3486 acciperet
1386 3418 1605 3473 donum
1657 3420 2053 3490 pontificatus,

413 3502 629 3575 scripta
661 3519 893 3576 quoque
941 3504 1014 3560 ad
1065 3521 1197 3561 eum
1229 3506 1500 3578 epistola,
1532 3525 1655 3579 qua
1705 3508 1789 3564 sic
1834 3508 2007 3565 habet
2040 3527 2054 3567 :

2172 3242 2288 3317 εἴγε
2344 3244 2435 3298 τὸν
2515 3240 2777 3316 πρότερον
2855 3239 3179 3303 ἀπειθοῦντα
3261 3235 3543 3294 ἑκκαίδεκα
3600 3242 3713 3292 τῶν
3770 3235 3823 3290 ἐν

2167 3331 2315 3387 τέλει
2380 3332 2506 3393 τοὸς
2557 3329 3027 3406 ἀξιολογωτάτους
3081 3327 3498 3401 ἀπολαξάμενος
3556 3326 3632 3388 είς
3682 3331 3827 3381 Και-

2169 3421 2384 3495 σάρειαν
2441 3420 2540 3487 τὴν
2580 3421 2633 3473 ἐν
2683 3416 3039 3488 Καππαδοκίᾳ
3094 3422 3174 3489 τῷ
3233 3418 3524 3492 Γρηγορίῳ
3582 3435 3827 3470 συναπο-

2168 3507 2407 3578 στέλλει,
2468 3506 2548 3586 ἐφ’
2599 3509 2645 3581 ᾧ
2703 3507 2850 3582 παρά
2906 3505 3161 3562 Λεοντίου
3221 3502 3646 3579 (ἀρχιερατεύων
3716 3503 3827 3578 γὰρ

417 3590 541 3646 τότε
569 3591 691 3663 περὶ
726 3589 895 3661 αὐτὴν
943 3589 1101 3654 οὗτος
1266 3594 1327 3649 τὸ
1357 3600 1456 3665 τῆς
1489 3595 1901 3671 ἀρχιερωσύνην
1928 3596 2173 3672 χάρισμα
2206 3596 2325 3667 δέξα
2355 3618 2442 3666 το,
2472 3599 2682 3671 γράψας
2716 3596 2862 3668 αὐτῷ
2907 3596 2998 3649 καὶ
3045 3591 3364 3663 ἐπιστολὴν,
3395 3589 3624 3667 ἔχουσαν
3672 3590 3791 3647 ὧδε
3814 3612 3831 3628 σ

484 3680 742 3738 XXXIII.
782 3682 1085 3747 Profundis
1130 3684 1405 3752 tenebrae,
1439 3702 1572 3741 cum
1621 3686 1865 3743 aliorum
1927 3704 2059 3758 pec-

415 3777 703 3838 catorum,
736 3774 857 3826 tum
890 3772 1214 3844 impietatis
1248 3773 1499 3830 maxime
1542 3792 1647 3831 nos
1688 3778 1785 3832 diu
1819 3793 2059 3849 operue-

418 3866 574 3918 runt.
608 3860 754 3916 Hinc
787 3861 1001 3917 factum
1034 3869 1144 3933 est,
1187 3868 1251 3919 ut
1298 3880 1402 3919 nec
1451 3863 1525 3919 ad
1572 3865 1871 3922 veritatem
1906 3866 2060 3938 aspi-

418 3967 567 4018 cere,
600 3967 707 4007 nec
756 3968 1127 4009 communem
1172 3953 1431 4009 omnium
1481 3954 1762 4025 Opificem
1805 3957 2063 4026 potueri-

422 4056 554 4096 mus
585 4040 725 4096 olim
758 4041 1107 4113 intelligere.
1140 4042 1283 4099 Cum
1337 4044 1493 4100 enim
1550 4048 1608 4101 et
1664 4044 1845 4100 alium
1893 4046 2062 4101 nobis

422 4128 605 4185 solem
650 4129 712 4185 in
758 4133 909 4186 terra
968 4148 1248 4205 magnum
1302 4132 1557 4189 misisset
1599 4133 1967 4205 Gregorium,
2008 4142 2063 4190 et

423 4223 660 4273 sanctas
716 4219 1071 4275 ostendisset
1138 4220 1415 4292 virgines,
1466 4226 1533 4277 ut
1590 4238 1691 4294 per
1747 4223 1900 4293 ipsas
1956 4239 2062 4279 nos

425 4322 654 4379 quoque
684 4323 1135 4380 agnosceremus
1165 4310 1325 4366 illius
1355 4311 1669 4368 bonitatem
1708 4316 1766 4368 et
1798 4312 2065 4368 humani-

421 4401 619 4463 tatem,
651 4413 747 4454 eos
785 4397 1216 4456 immanissima
1274 4416 1389 4471 prae
1442 4401 1633 4457 furore
1683 4400 2059 4473 punivimus:

419 4490 478 4541 et
508 4484 633 4555 ipse
663 4486 895 4558 quidem
934 4488 1337 4544 miserabiliter
1367 4488 1535 4559 (proh
1567 4488 1731 4545 dolor
1764 4489 1801 4560 ί)
1833 4507 1863 4545 a
1893 4490 2063 4546 nobis

2243 3686 2369 3744 AI".
2405 3686 2609 3749 Σκύτος
2638 3686 2785 3757 ἡμᾶς
2824 3683 2886 3739 ἐκ
2914 3681 3131 3738 πολλοῦ
3165 3681 3354 3757 βαθὺς,
3387 3679 3478 3735 καί
3537 3682 3829 3754 ἁμαρτιῶν

2169 3796 2226 3831 τε
2256 3780 2362 3831 τῶν
2399 3773 2583 3833 ἄλλων
2622 3771 2895 3829 ἐκάλυπτε
2940 3771 3031 3827 καὶ
3080 3767 3344 3835 ἀσεϐείας.
3387 3772 3659 3834 Ἐντεῦθεν
3691 3766 3831 3825 οὐδὲ

2171 3866 2307 3940 πρὸς
2339 3867 2436 3935 τὴν
2468 3863 2729 3935 ἀλήθειαν
2782 3858 3073 3936 διαϐλέψαι
3130 3860 3219 3916 καὶ
3270 3862 3363 3916 τὸν
3409 3861 3589 3915 κοινὸν
3649 3858 3827 3913 ἀπάν-

2169 3975 2277 4008 των
2331 3955 2677 4029 Δημιουργὸν
2723 3953 3050 4025 καταμαθεῖν
3121 3947 3439 4023 ἐδσνάμεθα.
3497 3947 3675 4007 ’Δλλά
3726 3950 3822 4002 καὶ

2172 4042 2345 4099 ἄλλον
2401 4045 2540 4115 ἡμῖν
2610 4042 2699 4097 ἐπὶ
2754 4048 2853 4111 τῆς
2917 4038 3080 4110 ἥλιον
3138 4041 3229 4094 τὸν
3285 4038 3452 4116 μέγαν
3512 4036 3823 4113 Γρηγόριον

2174 4131 2597 4196 ἀποστείλαντος
2625 4132 2715 4188 καὶ
2764 4131 3063 4205 παρθένους
3090 4127 3467 4202 ἀναδείξαντος
3500 4130 3674 4203 ἁγίας,
3706 4127 3823 4182 ὥσ-

2173 4242 2232 4279 τε
2281 4219 2349 4277 δι’
2390 4222 2567 4277 αὐτῶν
2613 4221 2703 4277 καὶ
2761 4225 2909 4295 ἡμᾶς
2953 4223 3053 4291 τὴν
3092 4218 3293 4277 ἐκείνου
3324 4219 3680 4296 χρηστότητα
3722 4219 3827 4272 καὶ

2173 4313 2271 4381 τὴν
2302 4311 2713 4391 φιλανθρωπίαν
2754 4309 3068 4387 ἐπιγνῶναι,
3099 4312 3263 4384 ἡμεῖς
3293 4311 3382 4365 καὶ
3422 4309 3514 4363 τὸν
3561 4307 3729 4382 ἱερὸν,
3767 4306 3834 4362 οἵ

2177 4422 2292 4475 μοι,
2324 4404 2514 4456 τοῦτον
2548 4401 2872 4477 Γρηγόριον,
2914 4400 3002 4454 καὶ
3053 4399 3149 4461 τὰς
3194 4398 3380 4472 τιμίας
3430 4396 3630 4457 ὲκείνας
3677 4416 3829 4471 παρ-

2173 4488 2357 4552 θένους
2408 4489 2721 4566 ἀγριώτατα
2779 4489 2883 4544 ὑπὸ
2945 4486 3139 4562 μανίας
3197 4486 3659 4563 ἐτιμωρησάμεθα
3724 4484 3825 4539 καὶ

418 4574 733 4632 interfectis
780 4575 1015 4632 fuerunt
1047 4592 1062 4632 :
1095 4575 1189 4633 hic
1220 4581 1413 4633 autem
1447 4577 1549 4634 Dei
1594 4579 1807 4634 invicta
1843 4578 2057 4637 conﬁr-

2170 4579 2263 4641 τὰς
2294 4578 2389 4653 μὶν
2421 4576 2671 4640 ἐλεεινῶς
2722 4580 2821 4651 φεῦ
2867 4576 3179 4651 ἀνείλομεν.
3204 4577 3378 4638 Οὗτος
3412 4573 3468 4631 δὲ
3504 4574 3573 4649 τῇ
3612 4574 3829 4649 ἀμάχῳ

423 4669 617 4721 matus
655 4665 889 4736 virtute,
926 4664 1153 4720 saevitiae
1198 4671 1407 4722 nostra
1455 4671 1511 4722 et
1556 4666 1788 4724 insidiis
1830 4685 2061 4741 semper

416 4753 722 4825 superfuit.
754 4752 968 4810 Verum
998 4770 1070 4810 ne
1102 4755 1187 4811 sic
1218 4755 1454 4828 quidem
1486 4758 1731 4829 abyssus
1764 4756 1921 4814 illius
1956 4757 2059 4813 mi-

418 4847 575 4899 serat
615 4842 842 4909 ionum,
874 4848 930 4899 et
957 4842 1251 4900 infinitum
1303 4844 1542 4916 pelagus
1591 4848 1913 4903 clementia:
1958 4862 2064 4903 nos

422 4931 683 5005 despexit
708 4937 1016 5005 pereuntes
1052 4950 1065 4989 :
1097 4935 1193 4990 sed
1236 4933 1413 5005 hujus
1444 4935 1624 4990 divini
1659 4936 1915 5008 Gregorii
1962 4936 2065 4992 do-

420 5022 607 5077 ctrina
636 5026 694 5077 et
728 5021 990 5092 precibus
1020 5030 1073 5078 et
1100 5022 1483 5093 gloriosarum
1509 5024 1742 5080 illarum
1772 5025 2064 5095 virginum

421 5119 475 5167 et
526 5116 847 5183 martyrum
898 5110 1438 5178 intercessionibus,
1473 5129 1729 5170 crassam
1773 5113 1932 5169 illam
1965 5129 2065 5169 ca-

419 5198 656 5270 liginem
716 5199 960 5257 abstulit
987 5218 1018 5255 a
1060 5204 1273 5258 nostris
1302 5202 1507 5258 anima:
1540 5204 1745 5267 oculis,
1786 5208 1839 5260 et
1870 5205 1937 5259 ad
1972 5201 2065 5259 lu-

407 5304 551 5344 .cem
604 5290 861 5345 veritatis
917 5289 1175 5360 deduxit,
1234 5289 1510 5363 illiusque
1580 5292 1940 5364 agnitionem
2011 5296 2069 5347 et

425 5377 623 5432 ﬁdem.
654 5378 800 5434 Eum
833 5394 992 5451 ergo,
1024 5380 1124 5451 qui
1173 5380 1285 5437 fuit
1333 5381 1499 5437 nobis
1543 5388 1747 5439 auctor
1774 5386 1860 5439 tot
1890 5380 2067 5437 bono-

404 5480 582 5534 .rum,
615 5470 943 5541 nostrisque
987 5470 1195 5528 salutis
1224 5472 1341 5530 dux
1371 5478 1565 5531 certus
1594 5477 1653 5530 et
1682 5474 2068 5546 dispensator,

500 5643 575 5716 (6)
607 5643 750 5701 Vide
781 5645 990 5705 Baron.
1025 5667 1121 5708 an.
1152 5652 1249 5709 311

2166 4672 2264 4723 τοῦ
2312 4670 2448 4723 Θεοῦ
2503 4664 2908 4741 δυναμούμενος
2962 4667 3134 4741 ἰσχύϊ,
3169 4662 3258 4720 διὰ
3297 4663 3490 4727 τέλους
3521 4663 3657 4740 πρὸς
3717 4665 3826 4733 τήν

2169 4755 2436 4831 ἡμετέραν
2491 4755 2755 4829 ὠμότητα
2820 4754 2911 4811 καὶ
2980 4755 3075 4817 τάς
3125 4749 3423 4816 ἐπιϐουλὰς
3494 4753 3824 4828 ὑπερέσχεν,

2176 4844 2334 4903 Ἀλλ’
2366 4842 2493 4900 οὐδὲ
2542 4843 2715 4909 οὕτως
2758 4846 2793 4914 ἡ
2845 4842 3045 4899 ἐκείνου
3074 4847 3182 4898 τῶν
3215 4841 3514 4917 οἰκτιρμῶν
3583 4835 3826 4904 ἄϐυσσος

2171 4934 2261 4990 καὶ
2300 4934 2364 4989 τὸ
2405 4933 2625 5007 ἄπειρον
2672 4940 2769 5003 τῆς
2819 4931 3225 5012 εὐσπλαγχνίας
3272 4930 3535 5007 πέλαγος,
3564 4929 3827 4985 ἀπολλυ-

2180 5023 2373 5098 μένους
2429 5024 2579 5095 ἡμᾶς
2627 5019 2915 5097 περιεῖδεν,
2946 5019 3092 5076 ἀλλὰ
3122 5026 3240 5083 ταῖς
3270 5025 3367 5077 τοῦ
3426 5018 3573 5085 θείου
3617 5018 3825 5074 τούτου

2177 5111 2486 5190 Γρηγορίου
2535 5108 2933 5181 διδασκαλίαις,
2990 5112 3078 5166 καὶ
3137 5115 3493 5184 προσευχαῖς,
3549 5108 3640 5164 καὶ
3697 5113 3829 5171 ταῖς

2175 5206 2282 5256 τῶν
2340 5196 2672 5255 καλλινίκων
2746 5197 2960 5255 ἐκείνων
3029 5198 3306 5272 παρθένων
3372 5198 3460 5253 καὶ
3531 5197 3830 5271 μαρτύρων

2176 5284 2508 5365 πρεσϐείαις,
2540 5289 2641 5357 τὴν
2673 5288 2907 5364 παχεῖάν
2945 5307 3005 5342 τε
3052 5285 3227 5362 ἀχλὸν
3272 5284 3483 5357 ἐκείνην
3522 5289 3629 5341 τῶν
3676 5287 3830 5359 ἡμε-

2174 5377 2343 5452 τέρων
2376 5384 2475 5447 τῆς
2524 5380 2709 5454 ψυχῆς
2768 5375 3071 5451 ὀφθαλμῶν
3126 5375 3389 5450 περιεῖλε,
3422 5373 3511 5430 καὶ
3569 5372 3709 5447 πρὸς
3757 5374 3830 5429 τὸ

2174 5473 2277 5538 τῆς
2309 5465 2568 5537 ἀληθείας
2613 5467 2811 5546 φέγγος
2838 5472 2929 5522 καῖ
2983 5466 3084 5537 τὴν
3142 5463 3349 5522 ἐκείνου
3393 5462 3684 5521 ἑπίκνωσιν
3728 5461 3829 5519 καὶ
