4106 6200
258 342 374 400 989

1260 339 1438 399 Vl'l‘A
1483 340 1544 398 S.
1594 338 1959 399 GRECORII
2008 338 2657 399 ILLUMINATOBIS.

3546 327 3661 387 9th

256 501 357 569 τήν
388 498 567 554 πίστιν
599 499 1030 577 ἐχειραγώγησε.
1065 499 1172 555 Τὸν
1214 503 1340 573 γοῦν
1391 498 1725 567 τηλικούτου
1775 500 1909 570 ἡμῖν

2035 500 2312 554 ioclorem
2344 500 2402 550 et
2432 499 2714 567 pastorem
2750 492 2985 562 reliquas
3031 491 3161 546 vita:
3201 493 3256 544 et
3288 489 3508 545 virtutis
3539 504 3654 542 non

258 589 459 662 ἀγαθοῦ
510 589 813 661 ὑπάρξαντα
862 586 1057 657 αἶ’τιον,
1134 588 1221 642 καὶ
1285 585 1483 661 ὁδηγὸν
1542 585 1757 655 ἀπλανῆ
1819 588 1908 640 καὶ

259 677 547 750 οἰκονόμον
619 680 717 741 τῆς
792 675 1063 751 ἡμετέρας
1169 674 1444 749 σωτηρίας
1525 675 1904 750 γεγενημένον,

256 770 449 820 τοῦτον
502 765 827 821 διδάσκαλόν
876 786 934 820 τε
972 766 1061 819 καὶ
1102 764 1340 837 ποιμένα
1384 769 1483 820 τοῦ
1533 763 1733 819 λοιποῦ
1786 763 1907 839 βίου

264 855 352 908 καὶ
400 862 500 924 τῆς
565 854 786 925 ἀρετῆς,
821 854 927 930 οὐχ
976 857 1140 928 ἡμεῖς
1199 853 1459 927 εἷ’λόμεθα
1521 855 1711 927 μόνον,
1763 851 1909 907 ἀλλὰ

262 945 353 1000 καὶ
410 943 525 998 θεία
583 939 706 1017 ὄψις
763 946 863 1013 τήν
928 943 1181 1014 τοιαύτην
1235 946 1418 1019 ψῆφον
1482 941 1909 1021 έπεσιρραγίσατο

266 1032 483 1099 ἄνωθεν,
540 1030 611 1086 δι’
656 1036 721 1101 ἧς
780 1032 1126 1087 ἐπινεύσαντα
1177 1033 1267 1087 καὶ
1328 1032 1490 1086 αὑτὸν
1548 1035 1617 1103 τῇ
1678 1029 1908 1105 ὑμετέρᾳ

2022 605 2127 643 nos
2166 586 2354 642 solum
2398 584 2705 655 elegimus,
2756 582 2858 635 sed
2903 580 3101 634 divina
3131 595 3364 649 quoque
3392 578 3537 633 visio
3571 585 3655 632 ta-

2016 675 2127 731 lem
2178 672 2526 729 sententiam
2578 684 2609 725 e
2651 667 2878 740 superis
2923 665 3273 738 obsignavit.
3322 665 3428 720 Per
3477 679 3654 735 quam

2018 766 2214 837 ipsum
2273 778 2508 835 quoque
2567 764 2911 816 annuentem
2967 757 3037 811 ad
3086 760 3339 810 vestram
3389 754 3661 809 misimus

2017 853 2410 920 sanctitatem,
2453 856 2519 907 ut
2549 850 2620 904 ab
2652 848 2777 918 ejus
2816 862 2994 901 manu
3040 849 3098 900 et
3142 844 3346 915 lingua
3375 843 3500 913 ipse
3530 858 3667 897 con-

2018 949 2276 999 secretur
2333 941 2392 996 in
2453 940 2819 1011 pontilicatu,
2881 941 2938 991 et
2985 934 3098 991 cito
3148 932 3337 997 nobis,
3383 930 3481 1002 qui
3525 945 3664 1001 grex

2016 1032 2147 1101 ejus
2178 1047 2411 1099 sumus,
2442 1031 2736 1084 reddatur.

267 1121 582 1196 ἐπέμψαμεν
613 1122 881 1191 ὁσιότητι,
916 1122 1053 1177 ὥστε
1083 1122 1229 1195 παρά
1257 1128 1355 1189 τῆς
1386 1128 1485 1190 σῆς
1518 1122 1607 1175 καὶ
1649 1120 1835 1198 χειρὸς
1864 1118 1952 1174 καὶ
1989 1119 2269 1194 γλώττης,
2309 1116 2629 1185 τελεσθῆναι
2675 1134 2734 1168 τε
2778 1112 2936 1167 αὑτὸν
2970 1112 3035 1167 τὰ
3078 1116 3178 1180 τῆς
3222 1107 3660 1184 ἀρχιερωσύνης,

264 1213 356 1267 καὶ
386 1215 575 1267 θᾶττον
618 1215 752 1285 ἡμῖν
784 1218 862 1285 τῷ
891 1214 1134 1285 ποιμνίῳ
1175 1210 1533 1277 ἀποδοθῆναι.

340 1322 459 1380 ΛΔ’.
492 1320 704 1390 Ταύτην
751 1322 778 1375 ὁ
811 1319 1065 1385 Λεόντιος
1113 1317 1397 1393 δεξάμενος
1455 1320 1554 1388 τήν
1610 1319 1906 1387 ἐπιστολήν

266 1406 577 1485 φιλοτίμως
630 1409 723 1464 τὸν
784 1408 947 1485 μέγαν
1034 1411 1338 1485 Γρηγόριον
1401 1405 1733 1487 ὑποδέχεται
1817 1407 1903 1462 καὶ

262 1497 391 1560 τοὺς
439 1494 712 1572 πρέσϐεις,
743 1498 831 1553 καὶ
865 1499 956 1553 σὺν
991 1500 1101 1572 ἅμα
1153 1498 1471 1561 ἐπισκόποις
1516 1503 1636 1559 τοῖς
1678 1501 1906 1572 παροῦσι

265 1590 655 1662 χειροτονήσας
687 1587 866 1646 αὑτὸν.
906 1588 1039 1661 μετά
1081 1595 1180 1657 τῆς
1234 1587 1361 1658 ⁸ίσης
1420 1586 1828 1665 φιλοφροσύνης
1856 1606 1910 1640 se

265 1677 355 1731 καὶ
412 1683 579 1749 τιμῆς
637 1677 972 1750 ἀποπέμπει.
1032 1677 1301 1733 Ἐπανιὼν
1359 1676 1539 1731 τοίνυν
1619 1675 1821 1740 ἐκεῖθεν
1882 1675 1910 1729 ὁ

274 1766 435 1841 μέγας
495 1767 823 1841 Γρηγὸριος,
885 1766 975 1826 οὒς
1034 1766 1093 1820 ἂν
1152 1765 1286 1821 κατᾶ
1358 1767 1453 1827 τὰς
1512 1765 1911 1841 παρακειμένας

230 1860 337 1929 ντῇ
390 1853 502 1924 ὀδῷ
550 1854 746 1918 πόλεις
790 1853 927 1921 ’ίδοι,
960 1856 1252 1930 ίερωθῆνάί
1299 1877 1357 1911 τε
1394 1856 1635 1922 ἱκανοὺς,
1693 1855 1783 1909 καὶ
1823 1854 1913 1909 τὸν

2087 1318 2329 1374 XXXIV.
2363 1321 2479 1373 Hac
2510 1319 2748 1387 accepta
2780 1312 3041 1384 epistola.
3076 1310 3347 1367 Leontius
3381 1324 3660 1379 magnum

2018 1408 2359 1480 Gregorium
2379 1414 2433 1463 et
2451 1406 2669 1478 lega'os
2689 1402 3257 1475 accepithonorifice,
3276 1404 3483 1457 etcum
3504 1415 3665 1467 eum,

2019 1500 2197 1554 simul
2245 1498 2525 1553 adhibitis
2559 1496 2711 1563 aliis,
2762 1495 2862 1566 qui
2894 1494 3156 1559 aderant,
3189 1488 3501 1562 episcopis,
3535 1505 3668 1545 con-

2022 1592 2307 1643 secrasset
2338 1588 2435 1657 (7),
2467 1602 2599 1642 cum
2636 1586 2759 1655 pari
2796 1581 3158 1637 humanitate
3188 1578 3434 1634 dimittit
3465 1586 3518 1633 et
3552 1577 3663 1632 ho-

2022 1693 2182 1733 nore.
2221 1675 2383 1732 lllinc
2414 1692 2551 1747 ergo
2585 1688 2847 1729 reversus
2878 1671 3109 1725 divinus
3140 1668 3475 1740 Gregorius,
3517 1682 3666 1737 quos

2021 1767 2077 1821 in
2113 1781 2289 1836 prope
2321 1766 2471 1820 viam
2506 1765 2635 1820 sitis
2667 1761 3003 1819 civitatibus
3034 1759 3272 1813 vidisset
3297 1756 3526 1828 dignos,
3560 1754 3662 1826 qui

2023 1855 2226 1910 fierent
2242 1856 2592 1919 sacerdotes,
2614 1857 2672 1907 et
2693 1856 2879 1923 aptos,
2905 1864 3153 1922 quorum
3177 1846 3308 1901 fidei
3333 1846 3666 1901 crederetur

270 1953 371 2015 τῆς
414 1942 767 2007 διδασκαλίας
816 1948 1167 2014 πιστευθῆναι
1227 1944 1394 2022 λόγον
1454 1942 1820 2016 ἐπιτηδείους,
1852 1945 1915 1999 τά

2035 1942 2259 1997 verbum
2293 1943 2587 2007 doctrinae,
2622 1941 2707 1996 eis
2750 1956 2813 1995 ea
2847 1938 3047 2005 suasit,
3080 1936 3289 2006 quibus
3322 1939 3446 1990 erat
3475 1950 3619 2003 Opus
3650 1952 3663 1984 :

276 2033 465 2090 δέοντά
509 2055 565 2089 τε
621 2034 805 2096 αὐτοῖς
863 2034 1115 2109 παρῄνει,
1183 2036 1271 2089 καὶ
1331 2031 1769 2109 παραλαμϐάνων
1830 2034 1917 2090 ἐπ-

277 2126 441 2198 ήγετο
469 2124 695 2186 τούτους
737 2122 1190 2199 συλληψομένους
1221 2145 1279 2180 τε
1311 2124 1457 2197 αύτῷ
1510 2126 1577 2180 τὰ
1631 2132 1729 2195 τῆς
1773 2124 1918 2179 εὐσε-

280 2209 426 2275 ϐείας
484 2214 572 2268 καὶ
629 2215 946 2289 ἱερουργοὺς
1002 2213 1168 2283 αὑτῆς
1228 2235 1286 2269 τε
1329 2214 1615 2289 Ἀρμενίας
1665 2215 1755 2269 καὶ
1813 2220 1922 2269 τῶν

279 2304 587 2379 προσοίκων
656 2302 872 2358 πόλεων
930 2302 1248 2377 ἐσομένους.
1302 2308 1459 2381 ’Ἄρτι
1538 2301 1594 2359 δὲ
1658 2309 1767 2360 τῶν
1823 2312 1923 2374 τῆς

278 2392 567 2469 Ἀρμενίας
617 2388 858 2448 ἐπιϐάντι
911 2394 1099 2468 ὁρίων,
1132 2394 1259 2455 ναός
1305 2414 1389 2453 τις
1444 2393 1590 2466 αὑτῷ
1647 2393 1698 2449 ἐν
1744 2417 1923 2471 γειτο-

276 2505 381 2539 νων
419 2479 810 2558 ὑπολελεῖφθαι
860 2482 1183 2557 ἀγγέλλεται
1215 2484 1569 2558 Ἡρακλέους.
1619 2489 1717 2538 τοῦ
1766 2505 1927 2539 ποτα-

283 2577 391 2646 μοῦ
434 2572 714 2649 Εὐφράτου
740 2572 1141 2646 ὑπερκείμενος,
1173 2572 1263 2627 καὶ
1309 2572 1499 2647 βωμός
1525 2593 1582 2627 τε
1618 2576 1743 2647 παρ’
1776 2573 1925 2647 αὑτῷ

280 2661 442 2728 εἶναι,
474 2656 599 2715 ἔνθα
653 2661 743 2716 καὶ
803 2661 985 2724 θυσίας
1045 2658 1269 2734 δαίμοσι
1327 2660 1415 2715 καὶ
1447 2662 1705 2737 Ἠρακλεῖ
1756 2665 1927 2720 τελεῖ-

283 2762 403 2814 σθαι
462 2744 757 2806 συνέϐαινε.
789 2752 994 2807 Τοῦτον
1039 2750 1220 2805 τοίνυν
1271 2746 1594 2806 καταλαϐὼν
1631 2753 1720 2808 τὸν
1774 2755 1926 2823 ναὸν,

283 2839 420 2913 ιύχῇ
467 2838 620 2913 μόνῃ,
668 2838 751 2910 (οὑ
804 2840 906 2913 γὰρ
973 2839 1305 2914 ἀνθρωπείας
1355 2859 1439 2899 τις
1488 2838 1635 2912 αὑτῷ
1691 2838 1926 2897 ἐπέϐαλε

283 2934 495 3003 χεῖρας,
526 2933 635 2983 τῶν
666 2927 716 2983 ἐν
750 2929 901 3001 αὐτῷ
934 2926 1229 3002 δαιμονίων
1266 2934 1492 3002 μηχανῇ
1532 2934 1599 3003 τῇ
1641 2932 1783 3005 πάσῃ
1836 2921 1925 2987 καὶ

285 3017 527 3094 φάσμασι
574 3018 709 3091 πρὸς
750 3020 848 3087 την
903 3017 1280 3092 καταστροφὴν
1328 3016 1796 3094 ἀπομαχομένων)
1829 3022 1927 3077 αὑ-

284 3111 400 3168 τοῖς
430 3106 714 3181 ἀνατρέπει
770 3107 1069 3179 θεμελίοις,
1109 3111 1200 3165 καὶ
1256 3109 1437 3187 ἕτερον
1467 3110 1792 3187 ἀντίρροπον
1848 3116 1927 3183 τῷ

293 3195 473 3271 Κυρίῳ
531 3195 747 3271 ἐγείρει,
775 3197 864 3251 καὶ
920 3195 1151 3273 λείψανά
1195 3222 1253 3256 τε
1283 3203 1433 3273 αὑτῷ
1472 3205 1567 3256 τοῦ
1602 3198 1927 3275 Προδρόμου

290 3284 380 3339 καὶ
468 3288 771 3342 Βαπτιστοῦ
854 3287 944 3341 καὶ
1024 3294 1123 3343 τσῦ
1202 3290 1473 3368 μάρτυρος
1543 3289 1925 3359 ἐναποτίθησιν

276 3375 672 3450 η’Λθηνογένους
708 3397 721 3409 ·
771 3381 939 3433 ταῦτα
999 3379 1105 3455 γὰρ
1162 3381 1471 3459 ἐπεφέρετο.
1506 3383 1637 3438 Εἶτα
1694 3380 1782 3434 καὶ
1843 3383 1928 3435 θυ-

288 3469 602 3542 σιαστήριον
670 3468 965 3543 ίερουργεῖ,
1025 3470 1119 3532 τας
1179 3474 1542 3546 ἀναιμάκτους
1611 3492 1668 3527 τε
1745 3472 1929 3533 Θυσίας

288 3554 339 3610 ἰν
380 3555 526 3628 αὐτῷ
553 3558 848 3636 προσφέρει
880 3562 1019 3631 Θεῷ.
1062 3561 1157 3615 Καὶ
1206 3561 1331 3625 τοὺς
1366 3565 1478 3636 μετ’
1529 3563 1692 3617 αὐτοῦ
1735 3563 1932 3635 σατρά-

287 3666 391 3706 πας
471 3646 720 3719 βαπτίζει
788 3653 1059 3722 πρώτους.
1123 3651 1279 3721 Ἑξῆς
1338 3650 1395 3707 δὲ
1463 3650 1661 3707 ε’ίκοσιν
1720 3650 1929 3725 ἡμέρας

290 3732 400 3788 ἐκεῖ
429 3730 733 3809 διατρίψας,
764 3734 840 3797 εἴς
870 3734 1090 3800 πλείους
1145 3747 1246 3809 τῆς
1300 3747 1425 3814 μιᾶς
1466 3741 1602 3812 πρὸς
1645 3744 1763 3800 ταῖς
1806 3737 1931 3793 δέκα

294 3822 514 3896 μυριάσι
536 3822 631 3878 τοῦ
664 3825 810 3880 θείου
842 3827 1210 3904 βαπτίσματος
1238 3824 1652 3903 ἀξιοῖ.Ἒϐδὸμῃ
1684 3832 1781 3883 τοῦ
1804 3830 1932 3884 Ὀκ-

288 3906 535 3988 τωϐφίου
581 3911 778 3987 ἑορτὴν
812 3913 956 3991 ἄγειν
994 3918 1251 3982 κελεύσας
1290 3917 1365 3991 (έν
1403 3917 1539 3991 αὐτῇ
1572 3918 1676 3993 γάρ
1707 3938 1812 3972 που
1842 3918 1931 3971 καὶ

291 4001 671 4075 Θυσιαστήριον
702 4007 862 4059 τοῦτο
892 4011 1108 4081 πρῶτον
1130 4008 1393 4081 ἱερώσατο
1416 4010 1494 4074 τῷ
1517 4006 1853 4079 Θεῷ),ἱερεῖς
1875 4026 1933 4061 τε

288 4088 573 4161 καθίστησι
632 4092 719 4146 καὶ
776 4095 999 4159 Λευίτας
1032 4117 1047 4131 ο
1105 4098 1195 4151 καὶ
1254 4098 1355 4165 τὴν
1401 4095 1714 4170 περίχωρον
1758 4099 1929 4151 πᾶσαν

288 4178 628 4253 ἰκκλησίαις,
662 4179 1048 4263 πρεσϐυτέροις
1090 4187 1179 4244 καὶ
1229 4184 1502 4248 διακόνοις
1547 4181 1929 4258 διαλαμϐάνει.

361 4289 488 4343 ΛΕ’.
522 4291 578 4343 Ὀ
628 4288 685 4346 δέ
740 4298 846 4348 τῶν
907 4295 1204 4371 Ἀρμενίων
1280 4292 1534 4372 βασιλεὺς
1595 4291 1932 4368 Τηριδάτης,

294 4374 615 4448 πλησιάζειν
666 4379 773 4453 ἤδη
823 4386 912 4437 τὸν
974 4384 1234 4462 ἀρχιερέα
1279 4386 1488 4459 μαθῶν,
1525 4385 1616 4437 σὺν
1659 4388 1775 4445 ταῖς
1834 4404 1936 4437 πα-

284 4466 505 4540 ρούσαις
566 4466 848 4545 δυνάμεσι,
881 4474 969 4528 καὶ
1031 4479 1099 4549 τῇ
1170 4475 1404 4550 συζύγῳ,
1437 4472 1525 4529 καί
1578 4478 1646 4547 τῇ
1698 4470 1933 4551 ἀδελφῇ,

283 4560 673 4629 προῦπαντῶσι
738 4563 883 4635 παρά
937 4564 1036 4632 τὴν
1097 4568 1195 4621 τοῦ
1254 4565 1539 4642 Εὐφράτου
1589 4562 1786 4636 ὄχθην,
1844 4559 1932 4617 καὶ

285 4643 392 4715 ἡδύ
421 4666 479 4703 τε
534 4647 824 4720 ἀλλήλους
880 4651 1070 4728 ὁρῶσι,
1103 4653 1193 4709 καὶ
1253 4653 1345 4708 σὺν
1397 4650 1571 4726 ἡδονῇ
1605 4652 1930 4721 ἀσπάζονται

284 4735 374 4790 καὶ
437 4738 623 4809 μεστοί
682 4740 1015 4818 εὑιρροσύνης
1063 4744 1217 4811 ἦσαν.
1261 4741 1417 4799 Ἀλλ’
1449 4743 1476 4797 ὁ
1522 4742 1616 4815 μὲν
1664 4742 1761 4809 τὴν
1820 4746 1927 4795 τῶν

289 4825 606 4882 ἀποστέλων
688 4827 1027 4886 ἐπεδείκνυτο
1087 4828 1464 4901 διδασκαλίαν,
1517 4831 1568 4885 οἱ
1645 4827 1700 4885 δὲ
1758 4829 1931 4884 σπού-

289 4909 455 4977 δαίως
506 4937 556 4971 τι
614 4916 840 4987 ἤκουον,
873 4920 962 4974 καὶ
1024 4921 1333 4994 θερμότατα
1365 4921 1488 4995 περὶ
1517 4921 1617 4989 τήν
1679 4919 1929 4994 ἀκρόασίν

286 5005 463 5081 εἶχον.
496 5007 593 5070 Εἷς
648 5009 938 5083 τριάκοντα
996 5012 1173 5067 τοίνυν
1228 5012 1361 5077 ὅλας
1415 5011 1624 5085 ἡμέρας
1683 5009 1929 5081 νηστείαν

283 5092 469 5158 αὺτοῖς
517 5098 606 5151 καὶ
650 5102 961 5176 προσευχὴν
1006 5101 1317 5178 ἐπιτρέψας,
1368 5101 1459 5155 ἀπ’
1504 5101 1671 5155 αὑτοῦ
1729 5120 1784 5154 τε
1837 5097 1929 5174 ἇίρ-

282 5205 437 5263 χεται
474 5185 764 5259 βπσιλέως,
798 5196 897 5258 τῆς
949 5190 1233 5265 βασιλίδος
1266 5212 1324 5247 τε
1371 5191 1460 5245 καὶ
1518 5196 1618 5259 τῆς
1659 5186 1924 5266 ἀδελφῆς,

276 5273 370 5328 mai
419 5271 507 5330 διὰ
551 5281 658 5331 τῶν
710 5276 761 5331 ἐν
810 5277 957 5334 τέλει
1004 5282 1090 5335 καὶ
1129 5278 1218 5335 διὰ
1250 5281 1467 5336 πάντων
1506 5278 1705 5346 ἐλθὼν,
1740 5276 1792 5333 έν
1847 5282 1926 5350 τῷ

274 5363 535 5442 Εὐφράτῃ
590 5366 837 5441 βαπτίζει
902 5370 1125 5442 πάντας,
1182 5370 1273 5425 καὶ
1346 5370 1524 5447 φωτὸς
1593 5368 1746 5428 υἱοὺς
1798 5370 1921 5421 ἂνα-

2027 2041 2077 2089 et
2110 2031 2243 2088 illos
2274 2048 2605 2098 assumens,
2636 2029 2883 2084 adduxit
2914 2028 2971 2082 in
3007 2026 3213 2097 pietate
3244 2023 3349 2080 sibi
3384 2040 3553 2095 opem
3585 2021 3667 2077 la-

2027 2127 2212 2191 turos,
2262 2122 2605 2190 futurosque
2658 2118 2986 2174 sacerdotes
3046 2115 3231 2187 ipsius
3289 2112 3572 2168 Armenia:
3620 2118 3674 2165 et

2028 2211 2482 2283 propinquarum
2518 2209 2772 2264 urbium.
2807 2208 2951 2262 Cum
2991 2208 3185 2259 autem
3212 2203 3338 2272 jam
3370 2202 3675 2272 ingressus

2028 2304 2179 2355 esset
2212 2301 2354 2355 fines
2404 2299 2714 2365 Armeniae,
2766 2296 3074 2350 nuntiatur
3121 2293 3171 2348 ei
3226 2290 3497 2346 relictura
3546 2304 3675 2344 esse

2031 2390 2324 2460 quoddam
2358 2387 2642 2458 templum
2696 2384 2982 2449 Herculis,
3034 2383 3213 2437 situm
3248 2396 3426 2451 super
3455 2378 3671 2433 ﬂumen

2028 2479 2403 2549 Euphratem.
2436 2483 2493 2531 et
2524 2476 2581 2531 in
2615 2491 2681 2530 eo
2705 2490 2832 2530 esse
2863 2488 3049 2541 aram,
3073 2471 3132 2526 in
3166 2486 3277 2541 qua
3309 2467 3673 2523 daemonibus

2031 2572 2088 2623 et
2117 2565 2347 2622 Herculi
2380 2566 2528 2619 ﬁunt
2577 2562 2883 2619 sacriﬁcia.
2931 2561 3071 2615 Cum
3115 2575 3249 2630 ergo
3283 2558 3352 2612 ad
3387 2556 3495 2611 hoc
3524 2560 3675 2609 tem-

2034 2656 2192 2728 plum
2242 2656 2513 2720 venisset,
2567 2651 2687 2708 sola
2738 2651 2997 2706 oratione
3046 2648 3256 2719 (neque
3286 2644 3439 2701 enim
3484 2644 3534 2698 ei
3570 2644 3680 2697 hu-

2035 2760 2237 2799 manas
2267 2743 2555 2815 quispiam
2589 2741 2848 2796 admovit
2899 2751 3145 2793 manus:
3200 2734 3301 2805 qui
3330 2733 3388 2786 in
3422 2748 3486 2787 eo
3519 2736 3681 2786 erant

2035 2835 2419 2899 daemonibus,
2472 2831 2761 2888 machinis
2792 2827 3071 2884 omnibus
3101 2829 3157 2880 et
3205 2822 3454 2895 spectris
3497 2822 3680 2891 depu-

2036 2922 2350 2995 gnantibus
2400 2922 2676 2977 adversus
2728 2916 3105 2983 eversionem)
3167 2914 3237 2968 ab
3288 2912 3432 2984 ipsis
3481 2909 3685 2965 evertit

2038 3012 2451 3080 fundamentis,
2485 3016 2542 3066 et
2585 3010 2834 3064 alterum
2881 3004 3091 3061 excitat
3121 3002 3391 3066 Domino,
3432 3000 3585 3070 quod
3629 2998 3684 3053 ei

2037 3118 2105 3158 ex
2136 3103 2378 3158 adverso
2412 3100 2802 3170 responderet,
2845 3100 2901 3151 et
2929 3095 2987 3150 in
3030 3109 3096 3149 eo
3129 3090 3367 3157 deponit
3398 3088 3678 3159 reliquias

2038 3192 2417 3247 Praecursoris
2475 3196 2534 3245 et
2587 3188 2879 3259 Baptistae,
2939 3188 2994 3239 et
3034 3179 3305 3253 martyris
3363 3178 3683 3247 Athenoge-

2038 3282 2168 3338 nis:
2230 3296 2309 3337 ea;
2356 3280 2511 3335 enim
2580 3276 2999 3332 inferebantur.
3066 3269 3446 3326 Postmodum
3504 3265 3678 3321 etiam

2039 3389 2200 3428 aram
2233 3373 2552 3435 consecrat,
2586 3372 2642 3422 et
2671 3368 2729 3421 in
2762 3380 2829 3419 ea
2880 3364 2994 3418 Deo
3042 3361 3349 3417 incruenta
3387 3357 3557 3412 oti'ert
3587 3373 3681 3411 εα-

2038 3462 2271 3518 criticis.
2303 3460 2449 3514 Tum
2481 3474 2578 3514 eos
2608 3454 2869 3528 quidem,
2894 3452 2993 3524 qui
3026 3466 3221 3506 secum
3245 3452 3430 3515 erant,
3463 3445 3681 3517 primos

2037 3553 2286 3624 baptizat
2316 3560 2597 3619 satrapas.
2646 3544 2861 3601 Deinde
2911 3546 3104 3597 autem
3138 3554 3271 3594 cum
3317 3535 3523 3604 viginti
3556 3535 3679 3590 dies

2038 3623 2155 3697 illic
2186 3645 2340 3697 esset
2373 3642 2649 3702 moratus,
2676 3633 2870 3705 plures
2892 3645 3068 3701 quam
3093 3627 3362 3682 undecim
3392 3623 3680 3695 myriades

2037 3728 2228 3782 divino
2282 3725 2543 3796 impertit
2591 3721 2953 3789 baptismate.
3006 3715 3149 3771 Cum
3203 3712 3382 3783 igitur
3431 3709 3681 3779 septimo

2037 3815 2302 3873 Octobris
2335 3815 2419 3869 eis
2455 3811 2729 3881 jussisset
2761 3809 2967 3862 festum
3001 3818 3169 3874 agere
3202 3801 3276 3863 (in
3312 3815 3379 3855 eo
3409 3798 3561 3852 enim
3590 3796 3681 3850 die

2039 3924 2199 3965 aram
2233 3904 2390 3960 illam
2434 3902 2548 3957 Deo
2579 3895 3061 3964 consecraverat),
3096 3890 3422 3947 sacerdotes
3454 3886 3681 3942 consti-

2038 4000 2222 4055 tuitet
2246 3995 2466 4051 Levitas
2492 4008 2505 4045 :
2530 3995 2587 4047 et
2612 3989 2968 4054 universam,
2992 4000 3115 4055 quae
3155 3986 3238 4036 est
3278 3976 3681 4042 circumcirca,

2039 4086 2333 4159 regionem
2381 4086 2549 4141 ornat
2598 4079 2905 4148 munitque
2962 4070 3250 4138 ecclesiis,
3302 4067 3682 4141 presbyteris,

2040 4184 2098 4236 et
2126 4176 2410 4233 diaconis.

2113 4283 2333 4341 XXXV.
2367 4279 2771 4337 Armeniorum
2824 4281 3016 4329 autem
3064 4286 3164 4325 rex
3191 4267 3516 4335 Teridates,
3548 4282 3684 4322 cum

2033 4377 2159 4451 jam
2191 4372 2507 4445 accepisset
2537 4364 3003 4439 appropinquare
3035 4358 3390 4432 pontificem,
3423 4372 3553 4411 cum
3590 4356 3683 4426 iis,

2042 4446 2164 4537 quae
2206 4443 2468 4528 aderant,
2512 4462 2567 4514 et
2605 4454 2874 4526 conjuge,
2916 4455 2973 4506 et
3005 4462 3217 4513 sorore,
3272 4445 3596 4516 procedunt
3634 4443 3686 4499 ei

2042 4533 2269 4614 obviam
2304 4552 2538 4625 propter
2582 4546 2768 4618 ripam
2801 4540 2961 4598 ﬂuvii
3009 4536 3320 4609 Euphratis
3349 4551 3360 4588 :
3396 4538 3469 4625 Aet
3500 4550 3561 4589 se
3586 4533 3684 4604 ju-

2044 4646 2230 4702 cunde
2285 4622 2529 4697 invicem
2587 4636 2910 4699 intuentur,
2962 4632 3018 4685 et
3069 4642 3203 4683 cum
3261 4622 3471 4697 gaudio
3522 4638 3684 4678 com-

1961 4709 2018 4775 D
2044 4737 2409 4810 plectuntur:
2443 4734 2498 4787 et
2535 4732 2701 4785 erant
2730 4722 2885 4797 pleni
2919 4720 3133 4777 laetitia.
3169 4717 3280 4773 Sed
3312 4715 3410 4770 ille
3444 4714 3683 4786 quidem

2040 4804 2435 4900 apostolorum
2490 4817 2832 4876 ostendebat
2888 4810 3250 4867 doctrinam:
3316 4804 3428 4877 ipsi
3487 4808 3683 4859 autem

2041 4896 2344 4985 diligenter
2391 4909 2726 4973 audiebant,
2772 4906 2828 4958 et
2872 4900 2933 4956 in
2965 4896 3355 4955 auscultando
3388 4900 3549 4949 erant
3581 4896 3681 4947 at-

2038 4981 2375 5063 tentissimi.
2408 5001 2549 5056 Cum
2588 5000 2741 5050 totos
2781 5006 2914 5063 ergo
2963 4986 3213 5059 triginta
3242 4985 3365 5040 dies
3397 4982 3481 5039 eis
3518 4981 3679 5051 jeju-

2040 5094 2200 5151 nium
2236 5090 2579 5162 imperasset
2625 5088 2681 5139 et
2722 5080 3063 5142 orationem,
3115 5072 3184 5129 ab
3214 5072 3341 5144 ipso
3374 5085 3504 5140 rege
3534 5068 3678 5123 inci-

2040 5185 2225 5258 piens,
2260 5154 2563 5248 tat-regina,
2605 5175 2661 5228 et
2698 5183 2914 5237 sorore,
2961 5168 3018 5221 et
3050 5178 3152 5235 per
3198 5177 3295 5216 eos
3328 5162 3543 5230 postea,
3579 5154 3682 5226 qui

2037 5250 2413 5344 magistratus
2443 5262 2742 5336 gerebant,
2773 5263 2829 5313 et
2874 5271 2976 5327 per
3017 5256 3253 5308 caeteros
3284 5250 3519 5304 demum
3554 5261 3679 5344 per-

2036 5334 2274 5427 vadens,
2308 5334 2563 5428 baptizat
2591 5364 2797 5407 omnes
2830 5347 2890 5401 in
2932 5343 3242 5414 Euphrate,
3265 5338 3573 5409 redditque
3604 5334 3679 5390 ﬂ-

347 5614 641 5692 (7)__iiujus
672 5620 1128 5679 consecrationis
1161 5620 1430 5679 meminit
1478 5621 1536 5677 S.
1568 5620 1747 5677 Nicon
1784 5622 1840 5676 in
1873 5619 2055 5692 Epist.
2102 5614 2173 5672 ad
2203 5605 2582 5679 Enclystium,
2616 5616 2742 5675 quae
2774 5601 2963 5657 exstat
2993 5603 3132 5652 tom.
3169 5610 3207 5650 ι.
3240 5589 3516 5650 Biblioth.
3567 5588 3669 5647 SS.

273 5687 382 5743 PP.
416 5687 558 5745 Vide
589 5693 899 5749 Baronium
931 5694 1003 5749 ad
1034 5711 1127 5750 an.
1161 5694 1286 5749 311.
