4106 6200
495 302 605 360 691

1796 306 2080 370 MENSIS
2126 308 2612 372 SEPTEMBER.

3781 316 3896 377 992

489 461 603 517 lios
633 460 784 517 lucis
825 467 878 516 et
925 461 1059 517 diei.
1111 462 1329 553 Deinde
1375 464 1531 521 aliud
1588 468 1873 539 templum
1924 472 2108 529 excita

2244 468 2476 527 δείκνυσι
2534 475 2622 529 καὶ
2692 472 2924 549 ἡμέρας,
2977 473 3071 530 εἶθ’
3129 475 3275 545 ἑξῆς,
3307 476 3431 531 ναὸν
3464 479 3609 553 παρᾶ
3651 484 3733 551 τῷ
3789 481 3896 537 Εὗο

490 555 731 622 propter
776 550 1161 621 Euphratem,
1193 557 1251 609 et
1278 552 1339 608 in
1370 570 1436 609 eo
1485 555 1684 612 divina
1720 558 1976 616 celebrat
2018 578 2137 635 my-

2242 562 2419 639 φράτῃ
2469 560 2641 618 ἄλλον
2699 561 2921 638 ἐγείρει,
2977 565 3068 620 καὶ
3132 565 3203 620 τὰ
3272 568 3548 641 μυστήρια
3605 566 3688 623 ἐπ’
3746 570 3896 642 αὐτῷ

489 637 687 699 steria,
733 640 904 705 atque
953 644 1017 691 ut
1062 652 1165 708 par
1202 648 1311 708 est,
1361 642 1667 699 sacrificat.
1710 644 1862 702 Deus
1901 663 2033 703 vero
2065 665 2112 703 nt

2238 637 2475 706 τελεῖται
2532 652 2598 707 τὰ
2647 652 2784 721 θεῖα,
2816 652 2908 707 καὶ
2944 653 3012 708 τὰ
3069 651 3254 709 εἰκότα
3294 654 3587 733 ἱερουργεῖ.
3620 658 3755 719 Θεὸς
3819 656 3893 726 δὲ,

489 722 583 779 hic
615 724 850 795 quidem
885 724 940 779 in
974 741 1073 781 eos
1121 744 1358 784 suorum
1409 729 1774 789 obliviscitur
1814 736 2130 792 miraculo-

489 828 643 867 rum.
686 812 796 869 Sed
840 812 923 868 illi
972 815 1207 884 quidem
1256 818 1702 890 baptizabantur
1749 824 1807 879 in
1841 825 2134 897 Euphrate

487 901 588 970 (8),
621 902 747 972 ejus
787 908 981 958 autem
1024 904 1381 963 retinebatur
1429 908 1757 967 ﬂuentum:
1809 917 1863 968 et
1896 915 2132 970 videba-

489 998 582 1046 tur
611 990 885 1046 columna
931 991 1100 1061 lucis,
1150 999 1431 1066 tanquam
1480 1014 1657 1070 super
1695 1002 1906 1067 basim,
1940 1004 2131 1074 posita

487 1096 667 1152 super
695 1097 898 1153 aquas,
931 1081 1090 1153 ipsos
1121 1084 1264 1140 solis
1311 1087 1521 1154 radios,
1564 1091 1714 1159 quod
1749 1093 1819 1148 ad
1852 1092 2130 1164 splendo—

488 1169 565 1225 ris
612 1171 819 1226 attinet
866 1173 1173 1241 rationem,
1234 1175 1404 1248 longo
1462 1178 1759 1236 intervallo
1816 1198 2124 1254 superans.

486 1258 669 1315 Simul
702 1269 895 1317 autem
927 1277 1059 1317 cum
1094 1278 1159 1318 ea
1191 1280 1333 1320 crux
1364 1282 1596 1339 quoque
1626 1271 1919 1327 oriebatur
1950 1272 2006 1327 in
2032 1290 2126 1329 ca-

484 1347 619 1419 pite.
656 1350 722 1405 Et
754 1356 877 1406 erat
906 1351 959 1405 id
989 1352 1225 1423 quidem
1276 1356 1397 1412 visu
1436 1358 1718 1415 mirabile.
1755 1361 1900 1418 Toto
1930 1368 2123 1418 autem

487 1437 589 1494 illo
638 1439 729 1495 die
769 1440 1109 1497 cernebatur
1140 1444 1324 1500 oculis
1363 1462 1584 1516 eorum,
1635 1448 1733 1521 qui
1767 1450 1997 1506 fuerant
2029 1451 2123 1507 ba-

482 1527 698 1598 ptizati.
732 1528 919 1601 Ipsius
961 1536 1151 1587 autem
1186 1532 1582 1592 multitudinis
1621 1538 1826 1609 plenus
1856 1543 1914 1595 et
1946 1541 2104 1612 perfe

481 1622 611 1673 ctus
643 1634 946 1685 numerus,
970 1625 1094 1676 erat
1124 1622 1455 1693 quindecim
1489 1627 1801 1696 myriades.
1854 1629 1997 1685 Cum
2040 1646 2126 1686 se-

482 1710 640 1779 ptem
680 1724 815 1764 vero
846 1709 967 1764 dies
999 1711 1254 1781 pontifex
1284 1719 1438 1770 esset
1466 1732 1597 1772 cum
1628 1716 1713 1773 eis
1743 1723 2029 1787 versatus,
2066 1724 2123 1776 et

2237 735 2363 793 οὐδὲ
2405 738 2625 804 ἐνταῦθα
2672 745 2776 796 τῶν
2825 740 3039 797 οἰκείων
3084 744 3209 819 περὶ
3256 743 3459 808 αὐτοὺς
3508 744 3714 818 ἠμέλει
3767 748 3891 801 01w-

2240 830 2446 901 μάτων.
2484 827 2642 886 Ἀλλ’
2670 832 2723 884 οἱ
2752 832 2844 903 μὲν
2879 828 3228 903 ἐϐαπτίζοντο
3267 831 3319 888 ἐν
3368 839 3447 907 τῷ
3489 835 3770 911 Εὐρριὶτῃ,
3820 836 3880 891 τὸ

2236 918 2448 993 ῥεῖθρον
2508 915 2565 973 δὲ
2628 918 2772 992 αὖτῷ
2845 919 3124 1000 ἐπείγετο,
3190 925 3281 980 καὶ
3343 925 3522 1003 φωτὸς
3592 918 3884 999 βεϐηκέναι

2235 1007 2431 1070 στῦλος
2462 1007 2549 1063 ἐπὶ
2581 1013 2690 1065 τῶν
2738 1008 2947 1067 ὑδάτων
2989 1010 3187 1087 ἐδόκει,
3220 1015 3387 1084 αὐτήν
3425 1017 3524 1084 τήν
3573 1019 3670 1070 τοῦ
3719 1012 3887 1084 ἡλίου

2232 1098 2423 1153 ὰκτῖνα
2478 1101 2617 1155 κατά
2662 1121 2720 1175 γε
2759 1102 2851 1156 τὸν
2903 1109 3005 1172 τῆς
3038 1102 3434 1180 λαμπρότητος
3460 1099 3648 1177 λόγον,
3679 1102 3886 1175 πολλῷ

2231 1191 2309 1259 τῷ
2356 1190 2550 1260 μεταξὺ
2609 1191 2843 1264 παριών.
2878 1192 3248 1249 Συνανέτελλε
3305 1192 3363 1249 δὲ
3425 1192 3570 1265 αὖτῷ
3635 1192 3727 1248 ἐπὶ
3786 1200 3885 1262 τῆς

2229 1276 2472 1354 κεφαλῆς
2528 1280 2619 1334 καὶ
2677 1282 2924 1355 σταυρὸς,
2975 1282 3066 1337 καὶ
3150 1284 3250 1338 ὅσα
3329 1284 3424 1356 μὲν
3498 1284 3662 1345 οὗτος
3742 1279 3881 1349 εἶδε,

2230 1366 2410 1442 θαῦμα
2466 1370 2555 1437 ἦν.
2589 1371 2723 1445 ΙῙαρ’
2755 1370 2891 1442 ὅλην
2944 1370 3002 1428 δὲ
3066 1375 3165 1443 τὴν
3226 1372 3435 1449 ἡμέραν
3488 1373 3728 1443 ἐκείνην,
3766 1379 3882 1435 τοῖς

2228 1461 2335 1512 τῶν
2378 1458 2797 1533 βαπτισαμένων
2838 1461 3147 1540 ὀφθαλμοῖς
3178 1464 3409 1538 ἑωρᾶτο,
3442 1464 3505 1519 τὸ
3553 1460 3610 1518 δὶ
3658 1460 3883 1532 πλῆθος

2228 1545 2379 1617 αὐτὸ,
2424 1546 2580 1604 πέντε
2618 1550 2754 1623 πρὸς
2789 1556 2911 1615 ταῖς
2966 1549 3094 1607 δέκα
3155 1548 3425 1627 μυριάδας
3454 1552 3483 1606 6
3527 1546 3763 1625 ἀκριϐὴς
3816 1551 3887 1605 εἶ-

2225 1656 2312 1690 ναι
2345 1635 2513 1712 λόγος
2543 1634 2683 1714 ἔχει.
2714 1640 2885 1695 Ἐπτᾶ
2924 1637 2981 1696 δὲ
3022 1638 3306 1716 διατρίψας
3356 1642 3384 1696 ὁ
3433 1642 3735 1716 ἀρχιερεὺς
3792 1639 3883 1695 ἰπὶ

2224 1729 2321 1780 τοῦ
2371 1727 2544 1783 τόπου
2597 1728 2807 1802 ἡμέρας
2855 1730 2943 1785 καὶ
2988 1728 3201 1800 πλῆθος
3250 1728 3393 1785 ἄλλο
3450 1730 3721 1804 βαπτίσας
3766 1729 3885 1804 ἀρι-

480 1796 656 1852 aliam
717 1796 1151 1856 multitudinem
1216 1802 1567 1875 baptizasset
1630 1806 2112 1865 innumerabilem

481 1886 549 1910 ’-ς
601 1892 786 1910 -...-__
841 1890 1185 1910 __-J-_.____
1265 1908 1277 1910 _
1325 1899 1335 1910 .
1394 1895 1417 1910 ..
1812 1897 1823 1909 .
1991 1898 2005 1910 .

2233 1818 2375 1887 θμοῦ
2403 1796 2672 1891 κρεῖττον,
2702 1796 2772 1890 (εἰ
2805 1815 2861 1873 δὶ
2894 1821 3005 1897 χρὴ
3039 1821 3309 1875 πιστεύειν
3354 1824 3437 1893 τῷ
3494 1818 3570 1879 εἷς
3619 1818 3881 1881 πολλοὺς

480 1886 551 1956 (si
598 1892 790 1942 autem
838 1890 1193 1946 credendum
1256 1899 1345 1948 est
1392 1895 1580 1966 fama,
1634 1913 1759 1967 quae
1809 1897 1867 1953 in
1912 1898 2112 1969 vulgus

2230 1886 2864 1984 6taeonvrﬁcavuvlt¢57tm
2896 1886 3004 1970 'E'tc’
3057 1907 3321 1984 μυριαδας
3380 1886 3735 1985 τετρακοσίας
3794 1906 3881 1964 ὅν-

478 1975 760 2043 manavit,
812 1978 1264 2049 quadringentae
1308 1983 1635 2055 myriadas),
1686 1995 1886 2043 octavo
1925 1987 2019 2043 die
2048 1986 2117 2044 il-

477 2061 597 2119 lino
642 2065 939 2133 recedens,
986 2072 1043 2121 et
1086 2069 1359 2125 ecclesias
1390 2072 1697 2128 aedificavit
1745 2090 1846 2144 per
1887 2076 2119 2132 univer-

475 2168 601 2208 sam
629 2154 993 2222 Armeniam,
1025 2161 1081 2212 et
1110 2161 1444 2217 sacerdotes
1476 2162 1535 2218 in
1565 2163 1648 2219 eis
1678 2166 2006 2225 constituit.

542 2240 788 2299 XXXVI.
821 2242 1245 2303 Communibus
1275 2254 1469 2307 autem
1504 2252 1709 2310 usibus
1740 2255 2114 2312 ecclesiarum

474 2344 573 2383 rex
601 2330 777 2385 etiam
809 2332 1074 2390 inserviit
1102 2336 1417 2405 Teridates,
1452 2357 1564 2396 non
1596 2358 1767 2413 parce
1796 2360 1899 2401 nec
1930 2361 2117 2401 socor-

474 2418 644 2485 diter,
676 2420 777 2476 sed
827 2426 884 2477 et
913 2424 1274 2484 sufﬁcientes
1314 2428 1397 2484 eis
1446 2430 1694 2500 providit
1736 2433 2018 2505 redditus,
2059 2438 2117 2491 et

472 2507 796 2565 latissimas
838 2512 1239 2583 possessiones
1281 2517 1443 2590 larga
1475 2524 1532 2576 et
1567 2520 1791 2578 liberali
1822 2539 1994 2579 manu
2027 2525 2111 2581 eis

471 2597 737 2668 praebuit.
773 2599 895 2656 Non
930 2600 1215 2661 hactenus
1243 2612 1439 2662 autem
1472 2608 1629 2665 sistit
1656 2612 1910 2681 pontifex
1936 2629 2110 2669 suum

469 2687 730 2744 studium
764 2694 821 2746 et
847 2690 1230 2765 diligentiam,
1255 2698 1353 2752 sed
1388 2698 1559 2755 etiam
1594 2699 1766 2757 ludos
1796 2700 2112 2760 litterarios

472 2778 796 2833 construxit
853 2796 954 2851 per
1003 2798 1206 2839 omnes
1253 2787 1538 2856 civitates,
1589 2788 1788 2861 eisque
1845 2793 2109 2848 doctores

467 2874 522 2922 et
554 2868 867 2940 magistros
897 2873 1225 2942 constituit,
1257 2892 1391 2947 rege
1413 2877 1777 2950 itajubente,
1800 2885 1856 2937 et
1885 2882 1955 2937 ad
1988 2881 2109 2938 haec

469 2957 805 3026 adjuvante,
843 2965 901 3015 et
943 2964 1233 3031 pontiﬁcis
1279 2968 1473 3024 animo
1505 2985 1779 3042 magnam
1831 2988 1999 3042 opem
2032 2973 2110 3029 fe-

2226 2000 2367 2063 τας),
2424 1996 2495 2066 τῇ
2552 1992 2723 2071 ὀγδόη
2786 1997 2984 2061 ἐκεῖθεν
3028 1999 3259 2072 ὰπάρας,
3318 1998 3609 2069 ἐκκλησίας
3658 2018 3719 2053 τε
3778 1997 3880 2053 ἆ·ιᾶ

2227 2087 2397 2139 πᾶσαν
2449 2082 2724 2159 ᾠκοδόμει
2774 2086 2874 2155 τήν
2904 2088 3217 2162 ’Δρμενίαη
3244 2087 3334 2142 καὶ
3366 2088 3528 2161 ἱερεῖς
3571 2086 3623 2141 ἐν
3678 2087 3876 2149 αὐταῖς

2233 2174 2481 2238 καθίστα.

2297 2264 2409 2327 Λς’.
2442 2264 2789 2338 Ὑπηρετεῖτο
2848 2263 2905 2321 δὲ
2954 2271 3075 2329 ταῖς
3130 2272 3340 2329 κοιναῖς
3396 2269 3504 2323 τῶν
3558 2265 3875 2337 ἐκκλησιῶν

2225 2351 2459 2427 χρείαις,
2491 2354 2580 2408 καὶ
2639 2355 2666 2409 ὁ
2720 2355 2974 2430 βασιλεὺς
3027 2353 3359 2432 Τηριδᾶτης,
3419 2354 3543 2411 οὐδὲ
3603 2356 3876 2432 μικρολόο

2224 2463 2337 2519 γως
2371 2439 2495 2499 οὐδὲ
2527 2441 2807 2519 ῥᾳθύμως,
2840 2443 2985 2501 ἀλλὰ
3015 2442 3321 2520 προσόδους
3378 2466 3437 2503 τε
3480 2446 3674 2509 αὐταῖς
3721 2444 3875 2521 διαρ·

2221 2536 2334 2594 κεῖς
2419 2530 2648 2606 ἐπενόει,
2705 2534 2795 2590 καὶ
2877 2536 3133 2608 κτήματα
3221 2540 3330 2591 τῶν
3417 2536 3874 2609 ὀνομαστοτάτων

2222 2618 2445 2697 δαψιλεῖ
2494 2626 2562 2697 τῇ
2621 2625 2767 2699 χειρὶ
2817 2625 2904 2679 καὶ
2959 2623 3355 2704 φιλοτιμοτέρα
3419 2624 3736 2701 παρείχετο.
3794 2625 3873 2684 Οὔ

2224 2714 2389 2790 μέχρι
2423 2710 2481 2767 δὲ
2508 2711 2716 2768 τούτων
2757 2711 2949 2785 ’ίστησι
2977 2714 3077 2782 τήν
3109 2712 3426 2787 ἐπιμέλειαν
3465 2715 3493 2770 ὁ
3526 2714 3829 2789 ἀρχιεραός
3856 2731 3872 2746 ·

2221 2800 2365 2857 ἀλλὰ
2404 2802 2493 2857 καὶ
2538 2808 2787 2876 μουσεῖα,
2820 2803 2909 2858 καὶ
2959 2801 3340 2878 παιδευτήρια,
3379 2800 3476 2858 ἄνα
3521 2807 3692 2858 πᾶσαν
3745 2823 3875 2859 κατ-

2219 2890 2541 2947 εσκευάσατο
2588 2893 2689 2962 τὴν
2742 2891 2929 2960 πόλιν,
2988 2892 3077 2948 καὶ
3125 2889 3415 2955 παιδευτὰς
3479 2891 3665 2954 αὐτοῖς
3735 2913 3875 2948 κατ-

2218 2981 2479 3051 εστήσατο
2530 2980 2623 3037 καὶ
2682 2978 3067 3053 διδασκάλους,
3111 2986 3210 3037 τοῦ
3268 2980 3542 3055 βασιλέως
3594 2982 3684 3037 καὶ
3728 2984 3871 3058 πρὸς

469 3050 649 3112 rente,
700 3046 932 3116 publice
981 3050 1217 3121 quidem
1265 3070 1366 3126 per
1413 3056 1675 3113 civitates
1726 3060 2104 3131 praedicatum

2222 3072 2374 3125 τοῦτο
2430 3071 2491 3125 τὸ
2552 3071 2714 3148 μέρος
2772 3067 3331 3145 συλλαϐομένου,καὶ
3389 3075 3459 3146 τῇ
3512 3074 3609 3126 τοῦ
3666 3070 3871 3147 ἀρχιε-

469 3133 579 3187 fuit
608 3151 641 3188 a
686 3136 978 3206 pontilice,
1010 3144 1072 3195 ut
1114 3140 1218 3195 lilii
1266 3144 1669 3203 Armeniorum
1723 3150 1985 3222 undique
2033 3153 2102 3209 ad

466 3236 563 3277 eos
591 3224 963 3293 ventitarent,
996 3233 1048 3283 et
1082 3245 1275 3288 sacras
1318 3233 1665 3293 docerentur
1695 3240 1957 3296 Litteras.
1991 3242 2103 3298 De-
2136 3223 2185 3291 Ο

467 3308 603 3365 hinc
636 3327 749 3368 non
782 3316 962 3372 solam
992 3318 1329 3378 Armeniam
1363 3324 1693 3397 cemplexus
1720 3333 1809 3385 est
1838 3330 2107 3399 praedica-

467 3400 619 3455 tione
638 3401 961 3475 Evangelii:
982 3409 1080 3463 sed
1097 3409 1270 3466 etiam
1291 3410 1621 3480 Persarum,
1639 3423 1698 3474 et
1714 3419 2105 3491 Assyriorum,

467 3495 518 3542 et
557 3489 918 3561 Hunnorum,
959 3499 1017 3551 et
1046 3496 1344 3556 Medorum
1386 3519 1500 3559 non
1534 3521 1745 3576 paucos
1776 3489 2027 3580 benigno
2056 3515 2112 3565 et

468 3574 621 3668 facili
655 3577 865 3636 Christi
889 3582 1033 3654 jugo
1064 3586 1386 3659 subjunxit.
1418 3574 1712 3650 Sedienim
1755 3599 1816 3650 ut
1844 3574 2107 3668 ad—agni-

468 3664 688 3723 tionem
735 3670 968 3738 quidem
1016 3675 1279 3735 veritatis
1321 3678 1589 3739 homines
1621 3685 1951 3755 deduceret,
1983 3664 2112 3743 erat

470 3756 615 3813 adeo
666 3756 846 3828 velox,
894 3769 956 3819 ut
1002 3781 1036 3820 a
1074 3765 1238 3823 nulla
1293 3785 1519 3839 eorum,
1570 3789 1701 3845 quze
1748 3777 2109 3843 accidebant,

467 3845 811 3936 difficultate
842 3852 1284 3921 prohiberetur:
1329 3863 1395 3915 ut
1437 3866 1633 3918 autem
1678 3863 1771 3932 iis,
1813 3865 1912 3936 qui
1958 3865 2110 3922 male

468 3935 862 4006 patiebantur,
909 3957 1080 4012 opem
1126 3945 1319 4013 ferret,
1371 3950 1612 4008 minime
1650 3935 1847 4010 socors
1891 3960 2015 4012 erat
2054 3958 2110 4012 et

468 4024 716 4089 otiosus,
757 4033 812 4081 et
846 4028 1128 4087 minorem
1176 4034 1491 4093 adhibebat
1535 4056 1732 4097 curam
1768 4046 1824 4098 et
1852 4042 2110 4115 diligen-

468 4111 631 4183 tiam,
690 4115 808 4171 imo
866 4120 1141 4176 omnibus
1198 4124 1299 4194 qui
1354 4126 1699 4186 laborabant
1745 4111 2105 4203 corporibus,

468 4208 807 4274 promptum
855 4209 1265 4281 suppeditabat
1312 4216 1631 4275 auxilium:
1675 4226 1732 4277 et
1764 4223 2109 4279 medebatur

469 4291 543 4346 iis
574 4309 828 4365 quoque,
870 4300 968 4370 qui
1012 4299 1349 4362 laborabant
1394 4308 1618 4380 animis,
1662 4327 1985 4386 eorumque
2015 4315 2107 4371 in-

469 4380 713 4474 testinas
755 4386 997 4444 sedebat
1044 4392 1379 4463 seditiones,
1426 4406 1481 4454 et
1529 4401 1601 4456 ad
1652 4403 1808 4474 prius
1850 4380 2104 4461 dandam

468 4471 825 4530 curationem
857 4482 981 4533 erat
1019 4478 1278 4554 celerior,
1327 4500 1505 4556 quam
1558 4490 1628 4545 ad
1653 4471 1980 4563 petendam
2015 4494 2103 4551 in-

2217 3157 2352 3233 ρέως
2394 3160 2588 3236 γνώμῃ
2646 3160 3060 3217 συντελέσαντος
3134 3160 3202 3217 τὰ
3261 3160 3494 3235 μεγάλα,
3552 3161 3867 3234 κεκήρυκτό

2213 3269 2273 3321 γε
2305 3251 2413 3321 μὴν
2441 3251 2541 3305 ἀνᾶ
2577 3253 2677 3321 τήν
2721 3250 2884 3306 πόλιν
2937 3252 3039 3307 ὑπὸ
3095 3255 3192 3307 τοῦ
3230 3252 3551 3326 ἅρχιερέως,
3575 3251 3704 3314 τοὺς
3749 3254 3864 3307 τῶν

2217 3336 2521 3411 ’Δρμενίων
2595 3338 2791 3403 παῖδας
2874 3340 3125 3396 ἑκάστοτε
3203 3340 3330 3415 παρ’
3377 3339 3564 3401 αὐτοῖς
3640 3344 3862 3416 φοιτᾷν.

2216 3428 2306 3482 καὶ
2354 3428 2420 3485 τὰ
2478 3430 2594 3503 ἱερὰ
2668 3427 3012 3494 παιδεύεσθαι
3090 3430 3412 3506 Γρὰμματα.
3465 3431 3744 3484 ’Σντεῦθεν
3798 3427 3863 3484 οὗ

2217 3518 2317 3587 τὴν
2348 3518 2632 3593 Ἀρμενίαν
2678 3519 2841 3593 μόνον
2890 3524 2968 3592 τῷ
3010 3524 3107 3575 τοῦ
3148 3518 3486 3595 Εὐαγγελίου
3541 3517 3867 3593 κηρύγματι

2217 3602 2559 3681 περιέλαϐεν,
2618 3606 2763 3664 ἀλλὰ
2828 3608 2918 3663 καὶ
2978 3612 3198 3684 Περσῶν
3252 3606 3343 3663 καὶ
3400 3606 3702 3682 Ἀσσυρίων
3775 3607 3866 3661 καὶ

2219 3695 2433 3752 Οὕννων
2490 3697 2581 3753 καὶ
2642 3695 2848 3769 Μήδων
2904 3698 3005 3753 οὐκ
3062 3695 3306 3774 ὀλίγους,
3342 3701 3423 3770 τῷ
3476 3700 3705 3772 χρηστῷ
3764 3699 3866 3753 τοῦ

2218 3791 2462 3863 Χριστοῦ
2520 3792 2664 3865 ζυγῷ
2693 3786 2995 3863 προθύμως
3045 3787 3339 3864 ὑπήγαγεν.
3372 3785 3552 3844 Ἀλλᾶ
3587 3787 3692 3864 γὰρ
3753 3787 3867 3865 οὐχ

2218 3877 2355 3934 ὥστε
2390 3879 2485 3953 μὲν
2536 3880 2672 3956 πρὸς
2730 3877 3020 3955 ἐπίγνωσιν
3072 3878 3308 3955 ἀγαγεῖν,
3340 3876 3482 3932 οὕτω
3546 3874 3720 3952 ταχὺς
3768 3877 3865 3945 ἦν,

2218 3966 2309 4023 καὶ
2366 3965 2538 4023 οὐδενὶ
2596 3972 2705 4023 τῶν
2777 3968 2853 4032 ὡς
2918 3965 3063 4029 εῗκὸς
3109 3962 3516 4040 συμϐαινόντων
3572 3962 3863 4041 δυσχερῶν

2214 4055 2583 4130 κωλυόμενος.
2644 4055 2782 4113 ὥστε
2837 4054 2895 4112 δὲ
2944 4060 3125 4118 κακῶς
3168 4057 3470 4131 πάσχουσιν
3511 4055 3867 4129 ἀμῦναι,

2217 4156 2386 4220 θυμον
2434 4142 2631 4203 ἕϐλεπε
2692 4146 2783 4203 καὶ
2839 4145 3004 4222 ἀργὸν
3050 4145 3141 4201 καὶ
3186 4146 3386 4215 ἥττονα
3442 4145 3544 4215 τὴν
3590 4141 3859 4219 πρόνοιαν

2213 4236 2303 4290 καὶ
2357 4238 2456 4307 τήν
2516 4233 2757 4306 σπουδὴν
2813 4236 3137 4314 εἰσεφέρετο,
3164 4232 3309 4291 ἀλλὰ
3363 4234 3453 4290 καὶ
3500 4234 3567 4289 τὰ
3623 4234 3861 4306 σώματα

2212 4325 2533 4400 κάμνουσιν,
2592 4325 2814 4401 ἕτοιμον
2861 4328 2960 4397 τὴν
3007 4325 3241 4401 ἰατρείαν
3302 4324 3549 4400 ἐπήρκει,
3598 4322 3690 4379 καὶ
3760 4325 3862 4386 τὰς

2214 4418 2397 4495 ψυχὰς
2452 4421 2763 4485 νοσοῦντας,
2824 4414 2942 4471 ἰᾶτο
2998 4416 3089 4470 καὶ
3146 4415 3241 4477 τὰς
3292 4411 3598 4491 ἐμφυλίους
3669 4410 3865 4475 αὐτοῖς

2218 4506 2461 4580 ἐκοίμιζε
2525 4508 2761 4576 στάσεις,
2819 4505 2909 4561 καὶ
2975 4505 3042 4574 ἦν
3098 4509 3195 4561 τοῦ
3253 4504 3472 4575 αἰτῆσαι
3522 4497 3732 4572 λαϐεῖν,
3793 4502 3861 4557 τὸ

465 4556 621 4671 firmi
687 4567 752 4620 ut
800 4566 1140 4638 acciperent,
1190 4575 1246 4626 et
1299 4573 1396 4631 illo
1439 4576 1566 4649 ipso
1595 4556 1719 4637 erat
1766 4588 1964 4655 pastor
2010 4584 2105 4643 ille

2222 4556 2460 4580 ""‘r'“'
2530 4556 2761 4576 ν-’τνσ-ττ
2822 4556 2908 4561 --ττ-
2984 4556 3034 4574 Ἱ⁷
3113 4556 3190 4561 ’ν’
3257 4556 3467 4575 -νηνοτνν
3716 4556 3732 4572 1
3812 4556 3849 4557 η

2222 4594 2412 4671 φθάσαι
2462 4594 2647 4651 δοῦναι
2703 4596 2803 4665 τὴν
2860 4593 3143 4671 θεραπείαν
3190 4592 3488 4667 εόξότερος,
3544 4592 3634 4647 καὶ
3684 4596 3858 4647 τοῦτο

463 4647 676 4719 bonus,
708 4655 810 4723 qui
841 4670 945 4711 nec
977 4656 1089 4729 ipsi
1120 4661 1380 4731 quidem,
1432 4647 1482 4721 si
1514 4684 1658 4740 opus
1702 4647 1875 4741 esset,
1901 4674 2100 4732 anime

464 4754 588 4795 sum
635 4746 897 4813 parceret
955 4761 1058 4817 pro
1115 4749 1341 4810 ovibus.
1400 4754 1898 4819 Exinaniebantur
1947 4770 2103 4823 certe

465 4844 747 4901 carceres,
797 4835 1119 4895 debitorum
1164 4857 1296 4900 vero
1327 4850 1752 4921 rumpebantur
1780 4854 2097 4925 schedulaa,

462 4926 544 5018 eL
546 4922 838 4991 profunda
857 4942 995 4996 pace
1016 4927 1317 4990 fruebatur
1336 4939 1634 4997 Armenia.
1662 4941 1756 4999 Sic
1786 4960 1922 5018 ergo
1952 4922 2100 5004 citra

460 5008 838 5105 offensionem
893 5020 949 5071 et
986 5020 1347 5092 aequabiliter
1393 5032 1739 5099 procedente
1779 5008 2011 5105 pietate,
2042 5043 2099 5094 et

458 5100 728 5159 universa
774 5103 1009 5178 virtute,
1062 5115 1119 5165 et
1164 5114 1353 5184 gratia
1401 5118 1556 5175 circa
1602 5137 1701 5179 eos
1740 5100 1949 5182 choros
1993 5100 2098 5184 du-

456 5192 845 5287 cente,_multi
891 5198 1131 5287 quidem
1163 5203 1340 5261 vitam
1370 5205 1659 5278 sligebant
1691 5216 2093 5287 monasticam,

455 5280 514 5374 et
541 5278 601 5335 in
631 5279 876 5374 diversis
904 5285 1047 5345 locis
1074 5296 1451 5354 exstruebant
1483 5303 1859 5374 monasteria,
1891 5310 1948 5362 et
1977 5278 2094 5363 am;

460 5365 867 5438 plectebantur
898 5377 1173 5448 quietem.

523 5638 603 5714 (8)
633 5641 901 5704 Citantur
928 5647 1049 5709 hac
1078 5653 1295 5715 ibidem
1328 5662 1483 5732 apud
1520 5664 1913 5741 Euthymium.

2212 4685 2404 4759 ἐκεῖνο,
2454 4685 2482 4740 6
2530 4685 2739 4760 ποιμὴν
2780 4685 2809 4739 ὀ
2865 4683 3032 4748 καλὸς
3084 4684 3323 4759 ὑπῆρχε,
3383 4680 3524 4757 μηδὶ
3582 4681 3755 4751 αὐτῆς
3796 4678 3859 4736 ἂν

2214 4775 2259 4831 εἰ
2291 4774 2402 4831 δέοι
2458 4777 2560 4845 τῆς
2615 4775 2801 4849 ψυχῆς
2833 4773 2966 4849 ὑπὲρ
3003 4778 3111 4830 τῶν
3164 4768 3451 4848 προϐάτων
3501 4768 3852 4847 φειδόμενος.

2210 4862 2432 4938 ’Δμέλει
2487 4862 2576 4918 καὶ
2641 4859 2993 4937 δεσμωτήρια
3052 4863 3147 4937 μὶν
3207 4860 3504 4928 ἐκινοῦντο,
3536 4862 3714 4935 χρεῶν
3774 4855 3857 4915 διο

2211 4950 2565 5030 διερρήγνυτο
2619 4956 2989 5029 γραμματεῖα,
3038 4952 3130 5006 καὶ
3197 4949 3417 5027 είρήνης
3483 4949 3757 5005 ἀπέλαυον
3816 4950 3852 5018 ἡ

2208 5041 2469 5117 ’Λρμενία
2530 5042 2766 5118 βαθείας.
2828 5043 2930 5100 Καὶ
2988 5044 3317 5118 ἡμερώτατα
3373 5036 3507 5112 ἔζων
3562 5038 3705 5095 οὔτω
3764 5060 3854 5096 τοι

2209 5135 2410 5209 γαροῦν
2441 5130 2753 5195 ἀπταίστως
2782 5131 2872 5188 καὶ
2904 5133 2933 5187 6
2964 5130 3192 5205 ὁμαλῶς
3226 5128 3519 5200 ὁδευούσης
3549 5135 3649 5199 τῆς
3690 5130 3856 5185 εὗσε-

2209 5217 2381 5287 ϐείας,
2412 5221 2502 5277 καὶ
2544 5221 2738 5296 ἀρετῆς
2786 5221 3002 5293 ἀπάσης
3049 5222 3139 5279 καὶ
3187 5222 3418 5297 χάριτος
3474 5218 3597 5294 περὶ
3649 5216 3859 5284 αὐτοὺς

2208 5310 2572 5390 χορευούσης,
2604 5309 2808 5367 πολλοὶ
2843 5311 2937 5385 μὶν
2969 5310 3061 5367 τὸν
3096 5312 3433 5386 μονότροπον
3474 5307 3857 5383 ἐπανῃροῦντδ

2211 5400 2350 5475 βίον,
2430 5400 2519 5456 καὶ
2604 5401 2911 5475 ὰσκητήρια
2981 5400 3116 5456 κατὰ
3211 5397 3503 5478 διαφόρους
3595 5394 3860 5473 ἰδρυοντα

2154 5508 2157 5511 ⁷
2203 5488 2430 5566 τόπους,
2460 5489 2549 5546 καὶ
2588 5491 2689 5562 τήν
2720 5492 2755 5561 ἡ
2789 5489 2980 5567 συχίαν
3013 5490 3345 5563 ἠσπάζοντο.
