4106 6200
256 344 377 409 993

1261 343 1445 406 VITA
1489 345 1551 406 S.
1601 344 1981 407 GREGORII
2025 345 2662 415 ILLUMINATORIS.

3547 351 3664 412 994

319 510 437 565 AZ‘.
470 507 573 566 Καὶ
629 510 825 571 παῖδας
887 504 944 563 δὲ
1000 509 1175 562 αυτῶν
1209 505 1473 581 πρότερον
1514 504 1756 561 ἀπίστων
1790 526 1897 561 πα-

2086 506 2368 566 XXXVII.
2405 510 2576 567 Porro
2605 514 2797 567 autem
2822 528 2957 569 cum
2990 513 3307 571 nonnullos
3336 528 3568 589 quoque
3593 515 3663 571 ﬁo

251 594 743 675 ραλαὸὼνὸίερὸς
802 599 1129 673 Γρηγόριος,
1186 599 1277 652 καὶ
1335 598 1562 675 ἀγωγῆς
1617 598 1902 671 ἀμείνονος

250 689 341 743 καὶ
396 687 644 749 παιδείας
690 688 1095 762 ἐμμελεστέρας
1149 688 1403 761 ἀξιώσας,
1463 687 1553 741 καὶ
1613 691 1711 742 τοῦ
1745 708 1910 742 πνευ-

257 784 488 854 ματικοῦ
549 780 669 856 βίου
735 780 824 834 καὶ
875 787 974 849 τῆς
1023 780 1252 855 χάριτος
1287 776 1570 852 μεταδοὺς,
1602 779 1682 843 εἷς
1739 784 1906 835 τοῦτο

254 868 606 940 τελειότητος
644 870 736 924 καὶ
793 870 997 941 ἀρετῶν
1060 866 1388 944 ἤγαγεν,ὡς
1428 867 1517 922 καὶ
1577 868 1654 930 εἰς
1713 867 1910 931 αὐτοὺς

258 954 325 1028 δὴ
372 978 478 1013 που
525 956 651 1019 τοὺς
704 957 973 1033 μεγάλους
1020 961 1129 1013 τῶν
1211 956 1519 1013 ἐπισκόπων
1585 952 1906 1012 ἀναϐιϐάσαι

258 1046 503 1122 θρόνους,
562 1047 651 1101 καὶ
708 1049 785 1118 τῷ
828 1046 923 1119 μὶν
971 1047 1038 1100 τὰ
1096 1045 1239 1120 παρά
1266 1046 1357 1101 τὸν
1395 1046 1685 1122 Εὐφράτην
1727 1044 1909 1123 ἐγχει-

258 1155 425 1212 ρισαι’
478 1136 731 1197 Ἀλκῖνος
779 1132 954 1208 ὄνομα
996 1135 1083 1206 ἧν,
1150 1140 1231 1208 τῷ
1280 1132 1339 1191 δὲ
1394 1134 1682 1209 (Εὐθάλιος
1751 1134 1907 1198 οὗτος

255 1223 529 1298 ἐκαλεῖτο)
573 1225 675 1293 τήν
744 1227 983 1281 Βασινῶν
1056 1224 1388 1299 περίχωρον.
1455 1223 1555 1281 Εαὶ
1606 1244 1789 1299 τριτος
1849 1222 1907 1280 δὲ

252 1311 474 1393 ῧπῆρχε
525 1315 751 1383 Βᾶσσος,
798 1314 891 1369 καὶ
943 1315 1109 1389 μέχρι
1157 1317 1255 1369 τοῦ
1302 1311 1527 1369 δεκάτου
1563 1313 1843 1389 προῆλθεν
1877 1314 1904 1369 ὁ

248 1402 504 1479 ἀριθμός.
554 1402 799 1467 Πολλοῖς
851 1403 1037 1477 μέντοι
1085 1405 1173 1460 καὶ
1238 1402 1435 1466 ἄλλοις
1490 1404 1679 1479 γένους
1720 1405 1906 1479 ὲτέρου

250 1491 599 1565 Ἐκκλησιῶν
648 1491 951 1564 ἐπισκοπὴν
1009 1493 1249 1551 ἀνέθετο.
1304 1493 1409 1553 Καὶ
1453 1496 1657 1557 πάντας
1704 1495 1781 1557 είς
1810 1516 1906 1551 τε·

246 1583 568 1659 τρακοσίους
615 1582 666 1639 ἐν
721 1584 922 1659 βραχεῖ
974 1587 1053 1656 τῷ
1109 1584 1293 1659 χρόνῳ
1366 1584 1609 1658 γενέσθαι
1668 1582 1903 1660 λέγεται,

247 1675 349 1731 Τὸν
383 1694 446 1751 γε
480 1675 588 1746 μὴν
629 1672 884 1728 ’Δλκῖνον
936 1672 1036 1728 ὅσα
1087 1674 1223 1748 πρὸς
1254 1672 1450 1747 ἀρετῆς
1482 1670 1706 1743 ἄσκησιν
1740 1671 1903 1747 ἄκρον

249 1760 399 1832 ὄντα,
426 1761 518 1818 καὶ
575 1761 766 1823 ἄλλως
812 1761 1024 1832 ἐπιεικῆ
1058 1765 1147 1817 καί
1184 1760 1426 1837 μέτριον,
1467 1762 1628 1831 ἡνίκα
1676 1764 1705 1817 ὁ
1737 1763 1904 1837 μέγας

248 1854 408 1944 οὗτος
442 1850 532 1944 ἐπί
572 1852 638 1907 τα
672 1850 991 1944 ὑψηλότατα
1012 1856 1125 1944 Δτῶν
1159 1853 1496 1944 Ἀᾑρμενικῶν
1529 1852 1669 1944 ὀρῶν
1727 1852 1899 1944 Δἀπαί-
1926 1877 1982 1944 Β

247 1964 364 1999 πειν
381 1940 811 2019 ἔμελλετῇφίλῃ
835 1941 1186 2015 συνεσόμενος
1212 1939 1424 2017 ἐρήμῳ,
1448 1946 1563 2002 τοῖς
1598 1940 1897 2015 βασιλείοις

251 2032 414 2089 αὐτὸν
445 2029 512 2102 δὴ
568 2034 660 2088 τον
718 2028 965 2090 ’Λλκῖνον
1022 2031 1235 2107 ἐφίστη,
1271 2031 1445 2086 ἐκεῖνα
1502 2036 1678 2085 ποιεῖν
1729 2028 1904 2086 ἐντελ-

251 2123 509 2197 λόμενος,
569 2125 703 2198 ἅπερ
759 2120 821 2177 ἃν
872 2122 963 2177 καὶ
1011 2122 1176 2186 αὐτὸς
1229 2122 1276 2177 εἰ
1331 2128 1533 2197 παρῆν,
1574 2120 1665 2177 καὶ
1705 2142 1791 2177 τοι
1841 2142 1903 2197 γε

246 2212 423 2276 πολὺς
466 2212 536 2282 ἦν
584 2211 637 2268 ἐν
683 2216 753 2287 τῇ
800 2209 1039 2286 ἐκδημίᾳ
1095 2210 1229 2286 μετᾶ
1274 2215 1373 2267 τοῦ
1404 2210 1665 2284 ποιμνίου
1692 2212 1721 2267 ὁ
1757 2212 1905 2285 βασι-

247 2301 379 2365 λεὺς
428 2307 507 2374 τῷ
566 2304 855 2379 Γρηγορίῳ
908 2301 1319 2375 προσκείμενοι,
1382 2298 1655 2375 μηδαμῶς
1725 2300 1902 2357 αὐτῶν

252 2389 396 2466 μηδὲ
422 2392 485 2447 τὸ
520 2390 699 2467 ϐραχὺ
757 2390 1061 2461 διαστῆναι,
1094 2388 1222 2445 ἀλλ’
1270 2389 1421 2445 ἐνίκα
1460 2388 1613 2463 ὅμως
1645 2392 1673 2446 ὁ
1703 2393 1802 2459 τῆς
1842 2393 1905 2459 ἡ.

250 2480 448 2557 συχίας
504 2478 642 2557 ἔρως
694 2481 794 2550 τήν
847 2477 1056 2551 δέησιν,
1106 2479 1197 2534 καὶ
1241 2479 1457 2534 ἀπιέναν
1509 2478 1635 2535 ὅσον
1686 2477 1904 2535 οὐδέπω

251 2568 512 2630 ἐϐούλετο
537 2615 551 2631 .
596 2615 611 2631 .
642 2615 656 2630 .
692 2617 706 2631 .
736 2615 750 2630 .
786 2617 800 2632 .
828 2613 841 2627 .
866 2572 958 2627 σὺν
1010 2568 1223 2647 ὀλίγοις
1254 2575 1364 2625 τῶν
1396 2571 1651 2643 μαθητῶν
1682 2571 1907 2637 πέτραις

253 2662 535 2739 ὑπογείοις
603 2662 815 2733 οἰκήσει
871 2662 1167 2737 χρήσαιτο,
1225 2658 1316 2715 καὶ
1356 2657 1598 2715 κατιδίαν
1646 2661 1908 2734 ὁμιλήσει

249 2756 331 2824 τῷ
384 2753 727 2826 ποθουμὲνῳ,
790 2749 932 2824 μηδὲ
970 2750 1135 2823 ολίγα
1186 2752 1256 2823 τῇ
1308 2753 1405 2805 τοῦ
1452 2750 1709 2823 σώματος
1747 2753 1911 2824 θερα-

250 2839 379 2914 πείᾳ
430 2838 955 2917 προσκολλώμενος.
1015 2841 1218 2914 ’Ἄρτου
1285 2839 1387 2915 γὰρ
1448 2839 1482 2909 ἢ
1554 2842 1661 2894 τῶν
1722 2837 1908 2895 ἄλλων

251 2929 330 2993 είς
381 2931 582 3006 βρῶσιν
640 2925 967 3000 ἐπιτηδείων
1016 2932 1141 3004 παρ’
1173 2925 1306 2989 ὅλας
1336 2927 1736 3003 τεσσαράκοντα
1766 2928 1910 3002 ἡμέ-

251 3038 349 3095 ρας
379 3022 512 3093 ἅπαξ
536 3017 768 3096 ἐγεύετο.

319 3110 452 3167 ΑΠ’.
485 3105 774 3176 Βασιλεὺς,
803 3104 861 3162 δὲ
898 3104 1217 3183 Τηριδάτης
1241 3104 1419 3182 ὀλίγῳ
1452 3104 1903 3181 ὕστερον,ἒπειδὴ

2020 599 2126 656 lios
2150 597 2400 667 illorum,
2425 599 2524 673 qui
2558 599 2720 671 prius
2736 606 2903 657 erant
2933 602 3217 674 infideles,
3251 610 3662 663 sacrosanctus

2018 688 2439 759 assumpsisset
2470 690 2807 762 Gregorius,
2837 691 3165 764 meliusque
3195 694 3531 752 educandos
3561 714 3663 752 cu-

2016 784 2208 835 rasset
2235 784 2294 835 et
2322 780 2695 847 erudiendos,
2722 780 2957 852 vitaque
2987 782 3235 852 spiritali
3266 788 3323 839 et
3351 787 3536 857 gratia
3565 802 3664 842 eos

2018 868 2400 941 impertiisset
2452 884 2518 925 eo
2553 870 2925 941 perfectionis
2984 870 3223 926 deduxit
3289 877 3348 928 et
3408 872 3663 943 virtutis,

2018 962 2082 1013 ut
2108 958 2282 1013 etiam
2315 958 2373 1013 in
2406 957 2563 1029 ipsas
2611 974 2853 1027 magnas
2894 960 3297 1031 episcOporum
3350 964 3518 1019 sedes
3567 980 3665 1019 eos

2016 1048 2337 1118 provexerit
2361 1063 2373 1102 :
2399 1052 2456 1103 et
2478 1047 2576 1102 uni
2601 1049 2835 1119 quidem
2866 1066 2995 1105 eam
3020 1050 3326 1107 tradiderit
3350 1054 3665 1124 regionem,

2017 1152 2145 1207 quae
2200 1142 2291 1192 est
2346 1139 2415 1192 ad
2476 1138 2827 1209 Euphratem
2875 1157 2889 1196 :
2942 1140 2992 1195 ei
3029 1146 3226 1197 autem
3283 1158 3493 1199 nomen
3541 1150 3668 1202 erat

2016 1223 2259 1282 Alcinus
2294 1242 2307 1281 :
2341 1224 2503 1282 alteri
2538 1228 3027 1298 vero(vocabatur
3059 1231 3109 1286 is
3142 1230 3468 1305 Euthalius)
3503 1236 3664 1291 Basi-

2016 1330 2250 1381 norum,
2302 1331 2428 1385 quis
2494 1322 2581 1371 est
2648 1317 3046 1388 circumcirca,
3110 1321 3428 1390 regionem.
3487 1323 3661 1380 Porro

2016 1410 2209 1460 autem
2240 1405 2449 1461 tertius
2477 1421 2712 1477 quoque
2742 1406 2852 1463 fuit
2880 1407 3096 1465 Bassus
3130 1425 3143 1464 :
3177 1414 3234 1467 et
3264 1412 3333 1467 ad
3366 1412 3660 1472 decimum

2015 1508 2205 1564 usque
2236 1493 2520 1566 processit
2548 1510 2855 1552 numerus.
2878 1499 3008 1553 Jam
3039 1513 3171 1555 vero
3204 1500 3407 1558 multis
3427 1519 3662 1576 quoque

2015 1580 2147 1638 aliis
2186 1580 2426 1639 alterius
2466 1583 2717 1654 generis,
2748 1584 3136 1643 Ecclesiarum
3177 1590 3477 1647 mandavit
3506 1592 3661 1665 epis-

2015 1676 2279 1743 copatus.
2312 1671 2714 1746 Dicunturque
2744 1674 2901 1731 brevi
2946 1680 3202 1749 tempore
3251 1680 3431 1737 fuisse
3460 1698 3661 1741 omnes

2015 1760 2450 1833 quadringenti.
2483 1762 2745 1819 Alcinum
2788 1769 3007 1832 autem,
3040 1767 3141 1840 qui
3201 1776 3539 1841 pervenerat
3585 1775 3659 1830 ad

2014 1865 2311 1907 summam
2356 1851 2590 1907 virtutis
2636 1854 3125 1926 exercittaionem,
3168 1866 3222 1914 et
3264 1865 3388 1915 erat
3442 1860 3663 1931 alioqui

2008 1939 2170 1996 mitis
2190 1944 2249 1995 et
2280 1942 2635 2008 moderatus,
2665 1943 2898 2014 quando
2930 1960 3181 2017 magnus
3222 1948 3313 2005 hic
3344 1949 3659 2023 Gregorius

2007 2030 2216 2086 eratad
2237 2028 2561 2087 altissimos
2573 2037 2799 2089 montes
2812 2035 3099 2092 Armeniae
3121 2037 3506 2108 profecturus,
3524 2041 3655 2098 utin

2008 2119 2186 2176 chara
2206 2120 2444 2190 degeret
2479 2119 2817 2190 solitudine,
2848 2123 3066 2195 ipsum,
3098 2125 3346 2197 inquam,
3380 2128 3654 2189 Alcinum

2008 2208 2251 2282 praeficit
2266 2209 2690 2282 regiis,juhens
2714 2216 2777 2267 ut
2800 2212 2902 2268 illa
2920 2214 3147 2284 faceret,
3171 2233 3298 2289 quas
3322 2218 3469 2291 ipse,
3485 2220 3533 2276 si
3550 2221 3657 2276 ad-

2006 2304 2180 2355 esset.
2195 2302 2534 2370 Quanquam
2551 2317 2681 2358 vero
2707 2302 2839 2358 dum
2855 2308 3009 2360 esset
3030 2320 3391 2377 recessurus,
3410 2326 3503 2365 rex
3519 2326 3653 2367 cum

2006 2403 2179 2461 grege
2199 2406 2231 2443 a
2252 2390 2521 2461 Gregorio
2551 2392 2919 2449 vehementer
2939 2394 3257 2466 contendit,
3276 2405 3335 2452 ut
3356 2399 3429 2455 ab
3452 2399 3538 2456 eis
3561 2416 3656 2457 ne-

2009 2494 2303 2551 quaquam
2354 2480 2669 2537 discederet
2723 2498 2739 2537 :
2797 2482 2930 2540 vicit
2981 2488 3175 2542 tamen
3206 2503 3409 2544 eorum
3459 2506 3658 2562 preces

2010 2584 2176 2624 amor
2228 2568 2447 2640 quietis
2476 2578 2529 2625 et
2569 2570 2782 2627 silentii
2816 2588 2831 2628 :
2864 2577 2923 2628 et
2955 2589 3088 2630 mox
3138 2592 3205 2631 eo
3243 2576 3426 2633 voluit
3474 2580 3655 2647 abire,

2012 2657 2112 2715 ubi
2133 2674 2265 2716 cum
2289 2660 2489 2731 paucis
2509 2660 2813 2733 discipulis
2831 2662 2888 2717 in
2913 2664 3092 2734 petris
3115 2666 3515 2726 subterraneis
3536 2674 3659 2726 ute-

2009 2756 2167 2805 retur
2186 2747 2564 2816 habitatione,
2588 2754 2801 2806 etcum
2835 2766 2925 2817 eo,
2948 2769 3122 2824 quem
3155 2755 3543 2826 desiderabat,
3568 2775 3659 2815 se-

2010 2854 2211 2895 orsum
2226 2837 2465 2894 haberet
2480 2839 2986 2907 consuetudinem,
3003 2858 3076 2899 ne
3096 2843 3405 2901 minimum
3423 2849 3660 2919 quidem

2010 2941 2225 2983 vacans
2252 2925 2509 2981 curando
2541 2928 2791 2998 corpori.
2817 2929 3027 2985 Panem
3062 2932 3217 2987 enim
3248 2938 3349 2989 aut
3370 2933 3483 2990 alia
3504 2952 3661 2992 escu-

2009 3014 2190 3081 lenta,
2228 3015 2683 3087 quadragesimo
2729 3034 2965 3091 quoque
3004 3020 3096 3076 die
3154 3023 3334 3079 semel
3367 3026 3659 3096 gustabat.

2082 3103 2385 3161 XXXVIII.
2404 3105 2732 3163 Rexautem
2755 3107 3055 3166 Teridates
3075 3112 3246 3179 paulo
3264 3115 3660 3187 post,quiGre-

246 3202 327 3269 τῷ
373 3195 685 3272 Γρηγοφίου
732 3200 1010 3272 χωρισμῷ
1065 3193 1295 3271 ἤχθετο,
1344 3193 1434 3250 καὶ
1480 3196 1755 3271 βαρύτατα
1801 3196 1900 3265 τήν

2013 3194 2162 3267 gorii
2176 3210 2328 3267 egre
2346 3194 2565 3251 ferebat
2581 3199 3314 3273 separationem,illiusquc
3327 3205 3665 3273 disjunctio-

248 3254 449 3342 ἐκείνου
471 3254 773 3341 ’διάστασίν
824 3254 931 3340 καὶ.
960 3254 1059 3354 τὴν
1112 3254 1443 3357 ’ἀποδημίαν
1481 3254 1726 3355 Ιἔπἰ-ίνθει,
1760 3283 1897 3339 ἀνα-

2020 3299 2147 3340 nem
2162 3288 2217 3338 et
2229 3284 2556 3340 absentiam
2572 3284 2808 3357 lugebat
2819 3254 3317 3357 gravissime,c1um
3336 3254 3665 3352 res‘civisset

249 3376 435 3449 μαθὼν
467 3372 564 3431 δύο
611 3373 806 3437 παῖδας
856 3372 909 3446 ἐξ
942 3372 1107 3429 αὐτοῦ
1144 3393 1201 3429 τε
1240 3372 1332 3429 καὶ
1373 3374 1628 3449 γυναικὸς
1674 3374 1903 3451 γνησίας

244 3463 334 3519 ἐπὶ
361 3470 463 3534 τῆς
518 3463 722 3519 ἐκείνου
769 3461 1024 3530 νεότητος
1073 3456 1150 3517 ἔτι
1182 3462 1271 3517 καὶ
1323 3460 1502 3534 ἀκμῆς
1531 3464 1903 3539 γεγεννῆσθαι,

249 3553 324 3607 ὧν
357 3558 438 3626 τῷ
471 3553 565 3626 μὶν
598 3552 865 3626 Ὀρθάνης
896 3550 1074 3626 δνομα
1102 3551 1193 3621 ἦν,
1239 3550 1328 3623 τῷ
1373 3547 1607 3626 δευτέρῳ
1640 3548 1697 3607 δὲ
1728 3556 1905 3625 Ἀρω-

254 3643 449 3712 στάνης
480 3642 677 3718 φίλους
709 3643 902 3717 ἀρετῆς
951 3640 1118 3719 ἄμφω
1164 3642 1255 3696 καὶ
1304 3640 1548 3719 φύλακας
1604 3636 1901 3705 εὐσεϐείας.

253 3731 401 3789 ἀλλά
450 3731 668 3800 τρύτοιν
698 3751 758 3807 γε
789 3736 904 3786 τοῖν
957 3728 1105 3787 δυοῖν
1154 3728 1373 3787 παίδοιν
1423 3731 1514 3785 τὸν
1560 3731 1652 3803 μὲν
1704 3731 1793 3786 καὶ
1825 3731 1901 3795 είς

248 3820 619 3901 πρεσϐυτέρου
675 3821 1040 3893 καταλεγῆναι
1097 3822 1327 3897 βαθμὸν,
1360 3820 1655 3896 (Ὀρθάνης
1686 3821 1846 3884 οὗτος
1873 3823 1901 3877 ὁ

246 3914 513 3987 πρότερος
554 3912 668 3985 ira)
709 3911 1056 3985 Ἀρωστάνην
1108 3909 1166 3966 δὲ
1204 3912 1295 3967 τὸν
1356 3908 1619 3986 ἐρημικὸν
1665 3910 1781 3985 βίον
1811 3912 1901 3966 καὶ

246 4003 620 4073 ἀκοινώνητον
649 3999 698 4071 ἐξ
730 4002 898 4057 αὐτοῦ
925 3999 1197 4076 γάλακτος
1229 3996 1308 4057 ἔτι
1328 3997 1539 4073 κομιδῆ
1564 3997 1732 4054 παῖδα
1775 3998 1900 4055 ἐλέ-

243 4094 386 4150 σθαι.
439 4090 807 4168 Μονοχίτωνά
854 4111 913 4147 τε
963 4091 1067 4166 γὰρ
1094 4089 1179 4145 ἐπὶ
1212 4096 1313 4159 τῆς
1343 4089 1575 4164 ἐρημίας
1608 4083 1900 4162 διατρίϐειν

243 4180 467 4259 ἐλέγετο
516 4180 684 4256 ψύχει
740 4179 833 4235 καί
882 4180 1081 4245 θάλπει
1147 4177 1466 4250 παλαίοντα,
1534 4179 1619 4233 καὶ
1682 4177 1900 4259 λάχανα

244 4273 505 4328 σιτεῖσθαι
541 4270 701 4344 μόνα,
734 4270 1049 4345 παννύχους
1095 4266 1153 4324 δί
1200 4270 1413 4331 στάσεις
1460 4267 1552 4325 καὶ
1601 4268 1899 4344 ἀγρυπνίας

240 4361 333 4419 καὶ
385 4363 755 4437 μεθημερινὰς
805 4360 1142 4435 προσευχὰς,
1176 4358 1268 4416 καὶ
1298 4364 1523 4437 Γραφῶν
1572 4358 1732 4415 θείων
1767 4360 1897 4432 ὁμι-

244 4450 393 4521 λίαν,
424 4451 484 4507 ἐκ
535 4448 731 4511 παιδὸς
771 4449 862 4505 καὶ
918 4453 1083 4505 ταῦτα
1130 4454 1212 4523 τῷ
1267 4448 1576 4523 Ἀρωστάνᾳ
1624 4449 1899 4521 συνηυξή-

243 4552 385 4607 σθαι.
439 4540 638 4599 Μαθὼν
684 4537 776 4594 οὗν
833 4542 1001 4597 ταῦτα
1061 4539 1090 4595 ὁ
1142 4536 1423 4615 βασιλεὺς,
1466 4535 1653 4609 ἐπειδὴ
1696 4539 1894 4613 ἀρετήν

2015 3376 2163 3432 duos
2193 3374 2343 3431 illius
2374 3390 2442 3430 ex
2465 3375 2587 3446 ipso
2618 3381 2675 3431 et
2702 3374 2967 3449 legitima
2997 3382 3313 3452 conjugein
3340 3383 3478 3442 ﬂore
3504 3385 3663 3444 illius

2008 3462 2332 3536 juventutis
2362 3478 2489 3518 esse
2524 3469 2717 3527 natos.
2750 3481 3002 3536 quorum
3036 3469 3137 3525 uni
3170 3471 3407 3541 quidem
3446 3492 3659 3534 nomen

2014 3558 2139 3610 erat
2194 3552 2462 3620 Orthaes,
2495 3553 2751 3611 secundo
2807 3564 3001 3613 autem
3061 3566 3395 3633 Arostanes,
3456 3567 3659 3622 ambos

2016 3642 2239 3699 amicos
2286 3647 2344 3698 et
2396 3643 2669 3699 custodes
2710 3644 2944 3715 pietatis
2991 3650 3139 3704 :sed
3177 3666 3245 3705 ex
3275 3650 3368 3706 his
3425 3654 3658 3722 quidem

2012 3731 2240 3789 duobus
2282 3730 2420 3787 filiis
2450 3732 2693 3788 alterum
2730 3735 2911 3791 fuisse
2948 3737 3197 3793 relatum
3232 3740 3291 3795 in
3342 3757 3657 3799 numerum

2012 3822 2233 3895 gradus
2264 3821 2704 3894 presbyteratus
2732 3824 2892 3890 (Erat
2922 3830 3119 3882 autem
3152 3826 3201 3882 is
3223 3830 3505 3887 Orthanes
3533 3850 3656 3889 ma-

2002 3910 2102 3982 jor
2123 3910 2309 3982 natu),
2333 3912 2672 3967 Arostanem
2705 3924 2897 3968 autem
2923 3914 3095 3971 vitam
3121 3916 3461 3989 solitariam,
3488 3925 3545 3976 et
3565 3921 3659 3978 cui

2011 4014 2146 4056 cum
2196 3999 2357 4056 nullo
2388 4000 2692 4057 intercedit
2739 4004 3096 4075 congressio,
3128 4007 3200 4063 ab
3240 4008 3367 4079 ipso
3407 4009 3553 4068 lacte
3600 4017 3656 4069 et

2008 4090 2200 4147 adhuc
2249 4088 2421 4162 plane
2450 4090 2731 4147 infantem
2761 4093 3003 4165 elegisse
3035 4110 3049 4150 :
3093 4112 3226 4151 nam
3272 4104 3329 4153 et
3361 4098 3533 4155 unica
3562 4099 3657 4157 in-

2008 4181 2189 4237 dutus
2219 4182 2437 4249 tunica,
2471 4180 2773 4236 dicebatur
2800 4184 3017 4239 versari
3048 4185 3106 4241 in
3146 4185 3482 4258 solitudine,
3516 4206 3651 4248 cum

2010 4270 2204 4342 algore
2236 4274 2292 4327 et
2339 4269 2531 4325 calore
2562 4270 2889 4341 decertans,
2920 4276 2975 4329 et
3008 4274 3151 4331 solis
3180 4277 3331 4332 vesci
3372 4278 3651 4348 oleribus,

2008 4363 2324 4415 nocturnas
2370 4363 2564 4415 autem
2625 4361 2910 4419 stationes
2962 4368 3020 4419 et
3057 4364 3284 4438 vigilias
3312 4374 3370 4423 et
3413 4370 3654 4426 diurnas

2008 4446 2391 4519 precationes,
2424 4452 2483 4504 et
2511 4464 2646 4504 cum
2679 4450 2891 4505 divinis
2919 4450 3238 4523 Scripturis
3275 4454 3653 4515 familiarita-

2006 4544 2121 4593 tem
2145 4536 2217 4593 ab
2236 4536 2474 4594 inuente
2494 4542 2660 4594 aetate
2682 4538 2735 4595 ei
2752 4540 3206 4600 coaluisse.Cum
3224 4545 3363 4613 haec,
3386 4546 3650 4619 inquam,

240 4652 302 4688 τε
355 4628 466 4701 ἤδη
516 4628 609 4684 καὶ
658 4629 820 4691 οὗτος
873 4627 1052 4702 ἐτίμα,
1112 4626 1445 4701 μεταμέλειά
1499 4648 1558 4684 τε
1606 4628 1769 4684 αὐτὸν
1812 4626 1899 4683 ἐπὶ

2011 4642 2112 4683 rex
2143 4626 2493 4694 rescivisset,
2526 4630 2805 4699 quoniam
2837 4630 2888 4686 is
2912 4631 3037 4700 jam
3069 4642 3123 4688 et
3169 4638 3441 4691 virtutem
3475 4636 3655 4695 hahe-

242 4725 364 4783 τοῖς
418 4720 709 4795 προτέροις
757 4722 950 4779 κακοῖς
996 4717 1137 4793 εἶχε,
1169 4718 1263 4772 καὶ
1303 4714 1478 4787 δῆλος
1514 4719 1582 4786 ἦν
1632 4715 1900 4790 ἀπονίψα-

242 4810 363 4865 σθαι
418 4806 589 4864 ταῦτα
642 4812 759 4870 τοῖς
805 4806 1144 4870 τελευταίοις
1201 4806 1688 4882 φιλοτιμούμενος,
1756 4812 1903 4881 τρεῖς

242 4903 353 4955 τῶν
407 4895 829 4971 ἐπισημοτάτων
898 4894 1090 4972 ἄνδρας
1146 4898 1283 4951 κατὰ
1353 4897 1577 4967 ζήτησιν
1642 4900 1751 4952 τῶν
1806 4900 1904 4951 τοῦ

248 4989 557 5067 Γρηγορίου
605 4984 812 5042 παίδων
869 4988 1005 5060 πρὸς
1065 4986 1381 5062 Καισάρειαν
1423 4986 1757 5059 ἀποπὲμπει.
1792 4992 1904 5041 Πα-

245 5079 597 5154 ραγενόμενοι
639 5075 816 5132 τοίνυν
865 5077 1039 5146 οὗτοι,
1071 5076 1162 5131 καὶ
1204 5076 1296 5132 τὸν
1333 5076 1429 5148 μὲν
1468 5074 1902 5147 ἐκκλησιάζοντα

240 5161 666 5232 καταλαϐόντες,
697 5166 787 5220 τὸν
818 5162 874 5220 δὲ
902 5163 997 5219 ἀνα
1028 5164 1128 5232 τὴν
1182 5163 1416 5238 ἐρημίαν
1471 5163 1897 5242 φιλοσοφοῦντα,

245 5254 409 5327 μόλις
458 5261 549 5309 καῖ
608 5275 703 5309 συν
772 5254 969 5328 μόχθῳ
1032 5253 1127 5307 τὸν
1205 5253 1553 5327 Ἀρωστάνην
1621 5253 1896 5316 πείσαντες

240 5342 429 5418 ἄγουσι
458 5342 605 5418 παρά
633 5344 727 5399 τὸν
776 5340 1028 5418 βασιλέα.
1059 5344 1121 5401 Ὀ
1163 5339 1243 5411 δὶ,
1295 5344 1626 5417 χαριέστατα
1666 5343 1894 5404 τούτους

237 5433 330 5490 καὶ
399 5436 491 5490 σὺν
536 5431 709 5510 ἡδονῇ
769 5431 1191 5508 ἀποδεξάμενος,
1247 5432 1531 5507 ἐκλιπαρεῖ
1600 5434 1691 5488 τὸν
1745 5433 1892 5507 ἱερὸν

240 5524 547 5599 Γρηγόριον
608 5523 742 5597 μετά
788 5528 885 5580 τοῦ
941 5521 1215 5594 πληθους,
1257 5523 1495 5597 καθάπερ
1536 5523 1658 5578 τινὰ
1714 5520 1891 5579 εἰκόνα

236 5613 328 5668 καὶ
379 5612 687 5690 ἀρχέτυπον
739 5616 955 5681 ἐαυτοῦ,
984 5612 1077 5669 τὸν
1132 5612 1481 5687 Ἀρωστάνην
1530 5611 1756 5672 τούτους
1786 5630 1887 5667 κα-

233 5700 505 5775 ταλιπεῖν,
564 5705 653 5760 καὶ
695 5698 1011 5759 ἀναϐιϐάσαι
1069 5720 1127 5757 τε
1186 5700 1343 5757 αὐτὸν
1404 5700 1491 5756 ἐπὶ
1546 5702 1641 5757 τὸν
1674 5701 1881 5777 θρόνον,

2011 4716 2113 4773 bat
2142 4716 2201 4773 in
2228 4715 2462 4784 honore,
2494 4722 2551 4774 et
2581 4718 2837 4789 priorum
2872 4721 3156 4779 malorum
3190 4726 3510 4782 ducebatur
3540 4745 3651 4800 por

2012 4807 2282 4875 nitentia,
2340 4811 2398 4864 et
2425 4813 2623 4878 aperte
2676 4811 3019 4868 ostendebat
3068 4830 3131 4871 se
3176 4819 3541 4889 contendere,
3592 4822 3656 4875 ut

2014 4893 2206 4966 prima
2260 4894 2479 4952 ultimis
2522 4896 2691 4954 factis
2737 4898 2972 4967 clueret,
3024 4908 3137 4959 tres
3194 4904 3347 4962 viros
3404 4908 3656 4964 maxime

2010 4982 2271 5055 insignes
2326 4985 2505 5041 mittit
2586 4988 2901 5044 Caesaream
2959 4991 3029 5045 ad
3096 4995 3434 5061 querendos
3500 4996 3653 5054 filios

2011 5072 2293 5145 Gregorii.
2326 5075 2469 5130 Cum
2519 5074 2559 5131 ii
2617 5092 2753 5147 ergo
2784 5078 3019 5149 profecti
3057 5088 3273 5151 essent,
3306 5089 3364 5141 et
3400 5085 3650 5145 alterum

2010 5162 2245 5234 quidem
2288 5164 2647 5233 invenissent
2680 5165 3146 5239 concionantem,
3175 5172 3419 5230 alterum
3452 5182 3647 5235 autem

2008 5250 2516 5322 philosOphantem
2551 5254 2611 5309 in
2642 5254 2980 5326 solitudine,
3013 5274 3146 5315 cum
3177 5261 3266 5317 vix
3297 5268 3353 5319 et
3383 5282 3499 5321 non
3522 5267 3645 5323 sine

2006 5355 2215 5412 magno
2246 5339 2445 5397 labore
2496 5344 2928 5414 persuasissent
2972 5350 3266 5421 Arostani,
3295 5369 3393 5409 eos
3423 5356 3645 5413 ducunt

2002 5428 2075 5483 ad
2124 5444 2339 5495 regem.
2375 5428 2479 5487 Ille
2508 5436 2700 5488 autem
2730 5449 2860 5489 cum
2904 5452 3002 5493 eos
3032 5440 3368 5511 gratissime
3397 5449 3455 5501 et
3507 5462 3641 5503 cum

2000 5516 2302 5590 voluptate
2357 5520 2693 5591 accepisset,
2750 5534 3194 5586 sacrosanctum
3252 5547 3355 5603 per
3404 5536 3642 5595 nuntios

1998 5605 2267 5664 obsecrat
2298 5608 2638 5680 Gregorium
2678 5611 2857 5669 simul
2901 5629 3035 5673 cum
3064 5618 3302 5692 populo,
3334 5628 3398 5679 ut
3427 5625 3516 5681 sui
3546 5642 3643 5684 ve-

1995 5695 2103 5755 luti
2135 5696 2447 5769 quamdam
2479 5699 2794 5774 imaginem
2827 5707 2884 5761 et
2915 5708 3209 5782 exemplar
3237 5713 3637 5788 archetypum,
