4042 6222
537 289 656 352 995

1826 279 2115 345 MENSIS
2161 277 2650 341 SEPTEMBER.
3781 290 3859 351 995

534 453 877 511 Arostanem
926 447 1011 506 eis
1058 447 1428 516 relinqueret,
1461 450 1518 503 et
1546 460 1680 501 eum
1714 447 1773 502 in
1821 446 2013 501 sedem
2043 459 2174 515 pro-

2289 441 2375 495 καὶ
2412 442 2593 513 τούτῳ
2622 442 2720 510 τὴν
2772 441 3160 517 ἀρχιερατικὴν
3204 443 3381 521 ἀρχὴν
3428 445 3729 523 ὲγχειρίσαὶ.
3754 452 3797 508 Ὀ
3827 451 3862 507 δὲ

536 542 791 610 veheret,
842 544 898 593 et
960 540 1010 593 ei
1071 535 1461 608 pontificalem
1521 537 1774 591 traderet
1840 534 2177 590 rectionem.

543 632 645 689 Ille
677 635 869 685 autem
912 643 1027 683 non
1075 626 1273 682 leviter
1318 634 1371 681 et
1426 634 1637 680 temere
1694 624 1803 679 hoc
1847 624 1986 678 facit
2035 623 2180 679 :sed

541 719 820 792 quoniam
870 716 1087 771 sciebat
1151 730 1383 770 omnem
1440 714 1707 769 virtutem
1766 713 2080 782 plantatam
2120 710 2180 765 in

540 808 741 864 anima
766 806 951 873 illius,
984 804 1098 860 cito
1131 820 1329 859 sacras
1362 802 1444 858 illi
1476 819 1686 858 manus
1712 801 1979 875 imponit.
2010 805 2182 857 Cum-

539 914 650 969 que
683 912 817 952 eum
863 897 1281 959 consecrasset,
1316 896 1372 947 et
1419 893 1748 948 universam
1806 890 2183 947 circumcirca

540 987 832 1060 regionem
865 1001 999 1039 cum
1031 1000 1093 1039 eo
1146 982 1441 1049 obivisset,
1476 986 1533 1038 et
1565 982 1735 1037 verbo
1770 980 1895 1036 ﬁdei
1928 997 2026 1035 eos
2058 996 2183 1035 am-

540 1078 694 1149 plius
723 1074 1137 1141 conﬁrmasset,
1171 1072 1232 1127 in
1275 1088 1426 1138 eam,
1460 1088 1637 1142 quam
1662 1072 1784 1141 jam
1817 1068 1955 1125 olim
1984 1077 2178 1141 partu-

542 1167 737 1233 rierat,
772 1163 1076 1219 revertitur
1105 1161 1505 1217 solitudinem.

612 1253 867 1311 XXXIX.
901 1254 1041 1323 Ejus
1063 1256 1256 1307 autem
1290 1256 1549 1321 tempore
1588 1248 2010 1306 Constantinus
2042 1264 2181 1319 quo-

536 1360 649 1418 que
671 1341 997 1400 Constantii
1022 1341 1197 1408 ﬁlius,
1232 1339 1600 1395 renuntiatur
1627 1338 1943 1410 imperator
1974 1337 2181 1393 Roma-

536 1448 744 1490 norum
780 1448 793 1486 :
828 1431 1086 1504 quicum
1107 1430 1315 1485 virtute
1346 1429 1625 1497 crucis,et
1654 1428 1713 1483 in
1744 1427 2041 1483 Christum
2067 1426 2180 1496 pie-

531 1525 651 1578 tate
664 1526 938 1594 tyrannos
960 1518 1287 1590 dejecisset,
1303 1519 1427 1589 ipse
1450 1515 1845 1573 solusobtinet
1864 1514 2177 1587 imperium

534 1614 956 1667 Romanorum.
980 1610 1127 1664 Eum
1152 1608 1301 1663 inter
1330 1607 1712 1678 imperatores
1744 1605 1986 1661 dixerim
2005 1605 2178 1660 etiam

534 1700 751 1759 Christi
782 1697 1156 1769 discipulum,
1189 1702 1247 1753 et
1302 1696 1491 1769 ipsius
1549 1711 1871 1768 praeconem
1924 1694 2175 1766 pietatis,

532 1795 600 1845 ut
631 1789 730 1862 qui
764 1788 1119 1844 exsecranda
1153 1787 1482 1841 daemonum
1517 1785 1736 1856 templa
1765 1790 1821 1840 et
1856 1783 2062 1839 altaria
2091 1783 2175 1837 di-
2212 1815 2264 1879 Β

530 1878 757 1934 ruerit:
793 1885 847 1932 et
896 1892 1091 1931 sacras
1136 1876 1287 1931 aedes
1334 1876 1448 1930 Deo
1488 1873 1855 1937 exstruxerit,
1889 1877 1945 1928 et
1988 1887 2177 1939 puram

530 1968 593 2023 in
624 1966 915 2022 Christum
942 1964 1389 2025 confessionem,
1416 1967 1471 2017 et
1492 1967 1715 2017 rectum
1743 1963 1955 2033 dogma
1976 1959 2179 2015 litteris

532 2056 709 2128 regiis
739 2059 796 2110 et
825 2054 1051 2120 edictis,
1086 2052 1389 2117 universas,
1423 2068 1544 2121 quae
1576 2052 1703 2120 ejus
1734 2049 1971 2105 dictioni
2013 2064 2175 2121 pare—

530 2146 652 2212 bat,
714 2142 935 2215 regioni
984 2140 1318 2213 exposuerit
1368 2158 1380 2194 :
1423 2144 1481 2196 et
1530 2157 1632 2212 pro
1686 2141 1898 2212 pietate
1948 2144 2177 2194 tantum

531 2233 796 2291 studium
840 2231 1118 2304 posuerit,
1154 2235 1218 2285 ut
1248 2234 1535 2286 trecentos
1566 2231 1765 2285 decem
1806 2237 1860 2285 et
1903 2232 2030 2285 octo
2073 2229 2178 2283 Pa-

528 2330 648 2381 tres
688 2321 1105 2391 couvocaverit,
1134 2325 1191 2376 et
1237 2336 1472 2377 sacrum
1514 2319 1657 2375 illud
1690 2319 2005 2376 concilium
2037 2335 2175 2375 con-

533 2413 870 2486 gregaverit,
906 2416 970 2467 ut
999 2416 1058 2466 et
1087 2426 1214 2481 quae
1245 2414 1439 2466 exorta
1482 2414 1649 2465 erant
1678 2409 1897 2464 zizania
1949 2407 2178 2463 exscin-

533 2505 713 2569 deret,
745 2508 803 2557 et
831 2519 865 2558 a
912 2502 1195 2557 frumento
1226 2505 1393 2555 rectae
1444 2499 1574 2554 fidei
1621 2503 1971 2571 segregaret.
2004 2498 2180 2553 Erant

533 2601 728 2649 autem
788 2591 870 2660 hi,
921 2591 1354 2657 Constantinus,
1410 2589 1674 2660 inquam,
1735 2593 1791 2643 et
1854 2587 2175 2656 Teridates,

533 2687 811 2753 tanquam
854 2678 1060 2735 lucidze
1094 2677 1298 2743 stellae,
1332 2678 1479 2733 alter
1512 2677 1748 2749 quidem
1782 2677 2176 2742 Occidentem,

530 2771 953 2827 Constantinus
975 2768 1214 2834 scilicet,
1240 2766 1380 2822 alter
1401 2772 1597 2821 autem
1618 2765 1906 2821 Orientem
1934 2765 2178 2820 lustran-

530 2864 639 2927 tes,
664 2860 1024 2928 honesteque
1045 2862 1101 2911 et
1122 2857 1378 2910 suaviter
1400 2855 1857 2923 resplendentes.
1873 2848 2173 2909 Evaserat-

530 2965 643 3021 que
702 2948 1004 3003 Teridates
1056 2946 1183 3013 jam
1246 2944 1303 2998 in
1339 2944 1546 3010 pietate
1606 2942 2085 3009 ferventissimus,
2119 2951 2171 2998 et

524 3034 931 3106 uullijejuniis
955 3034 1167 3089 cedens
1199 3036 1256 3087 et
1287 3032 1565 3101 oratione,
1602 3048 1671 3085 ne
1704 3032 2002 3087 monachis
2039 3032 2174 3102 qui-

526 3127 679 3194 dem,
704 3123 803 3195 qui
837 3140 897 3178 sc
928 3122 987 3177 in
1020 3122 1112 3176 his
1142 3126 1413 3175 exercent
1446 3120 1502 3175 iu
1537 3120 1931 3175 monasteriis.
1967 3121 2031 3175 In
2061 3121 2169 3176 hac

2291 529 2353 584 οὐ
2402 530 2690 606 παρέργως
2737 536 2898 587 τοῦτο
2947 539 3113 605 ποιεῖ,
3164 534 3290 590 ἀλλ’
3324 554 3335 565 ·
3387 534 3571 605 ἐπειδὴ
3612 543 3759 593 πᾶσαν
3781 538 3863 613 ᾔδει

2286 620 2386 687 τὴν
2442 622 2638 695 ἀρετὴν
2700 618 2752 675 ἐν
2802 627 2871 696 τῇ
2922 626 3075 697 ψυχῇ
3128 627 3223 677 τοῦ
3280 621 3475 686 παιδὸς
3531 631 3861 701 πεφυτευμένην

2288 710 2511 783 ταχάως
2572 710 2655 764 ἐπ’
2702 710 2848 781 αὐτῷ
2903 713 2997 773 τὰς
3054 712 3201 786 ἱερὰς
3259 712 3532 783 ἐπιτίθησι
3588 720 3771 789 χεῖρας.
3800 723 3864 774 Καὶ

2287 800 2685 875 χειροτονήσας
2717 804 2931 855 τοῦτον.
2983 799 3073 855 καὶ
3115 803 3214 870 τήν
3253 804 3569 877 περίχωρον
3606 804 3735 876 αὐτῷ
3772 827 3865 877 αδμ-

2286 887 2608 962 περιελθὼν,
2658 889 2749 942 καὶ
2795 893 2875 959 τῷ
2929 888 3079 964 λόγῳ
3120 896 3220 959 τῆς
3259 890 3497 952 πίστεως
3529 892 3760 947 έπιπλέον
3782 898 3868 949 τοὺ-

2284 998 2410 1039 τους
2463 978 2739 1052 στηρίξας,
2806 978 2883 1039 εἷς
2943 980 3003 1047 ἣν
3063 978 3123 1034 ἐκ
3162 977 3378 1035 πολλοῦ
3440 978 3629 1036 ὤδινεν
3674 981 3865 1057 ἐρημίαν,

2288 1068 2375 1123 καὶ
2416 1069 2566 1129 αὖθις
2618 1066 2911 1143 ἀναχωρεῖ.

2357 1248 2479 1301 ΑΘ’.
2512 1245 2641 1299 Ὑπό
2674 1241 2731 1299 δὲ
2786 1244 2912 1306 τοὺς
2961 1244 3157 1307 αὐτοὺς
3217 1248 3461 1322 χρόνους
3514 1247 3601 1303 καὶ
3654 1254 3869 1305 Kanon“:-

2284 1338 2431 1396 τῖνος
2463 1334 2491 1388 ὁ
2550 1332 2927 1389 Κωνσταντίου
2986 1340 3114 1397 παῖς
3178 1335 3433 1411 βασιλεὺς
3484 1338 3751 1411 Ῥωμαίων
3782 1338 3868 1393 ἀναν

2283 1421 2584 1498 γορεύεται,
2643 1423 2731 1477 καὶ
2789 1428 2857 1496 τῇ
2916 1428 3013 1477 τοῦ
3065 1428 3315 1498 Σταυροῦ
3373 1423 3604 1499 δῦνάμει
3632 1427 3713 1481 καὶ
3737 1430 3792 1499 τῇ
3814 1424 3869 1480 ἒπῖ

2284 1511 2514 1585 Χριστὸν
2567 1506 2830 1583 εὐσεϐείᾳ,
2878 1512 3004 1574 τοὺς
3067 1514 3349 1587 τυράννους
3395 1510 3724 1585 καταϐαλὼν,
3758 1515 3867 1577 αὐτὸς

2288 1601 2452 1673 μόνος
2492 1602 2591 1669 τὴν
2630 1600 2917 1673 Ῥωμαίων
2965 1600 3205 1671 ἐξουσίαν
3257 1602 3348 1657 καὶ
3403 1607 3508 1675 τήν
3559 1603 3725 1678 ἀρχὴν
3768 1623 3870 1675 περι-

2285 1683 2571 1745 ϐάλλεται.
2629 1692 2829 1744 Τοῦτον
2891 1689 2943 1744 ἐν
2999 1687 3289 1747 Βασιλεῦσι
3345 1692 3439 1747 καὶ
3489 1695 3716 1767 Χριστοῦ
3744 1703 3869 1765 μαθη-

2286 1778 2385 1845 τὴν
2446 1776 2656 1851 εἷ’ποιμι
2717 1776 2776 1832 ἂν
2845 1774 3036 1854 ἔγωγε,
3094 1780 3185 1833 καὶ
3243 1779 3412 1850 αὐτῆς
3490 1783 3691 1854 κήρυκα
3762 1780 3872 1834 εὐσε-

2289 1861 2455 1936 ϐείας,
2502 1867 2568 1921 τά
2622 1888 2681 1921 τε
2741 1868 2907 1941 μιαρὰ
2958 1868 3065 1922 τῶν
3126 1864 3401 1941 διαμόνων
3470 1874 3659 1943 τεμένη
3689 1869 3762 1924 καὶ
3786 1868 3870 1930 τοὺς

2290 1955 2515 2030 βωμοὺς
2563 1954 2882 2024 καθελόντα,
2937 1956 3118 2029 ἶεροὺς
3171 1978 3230 2014 τε
3275 1963 3355 2031 τῷ
3415 1964 3532 2032 Θεῷ
3574 1961 3871 2029 ἀναστήσαντα

2288 2044 2500 2114 οἷ’κους,
2542 2048 2631 2101 καὶ
2677 2048 2776 2116 τὴν
2838 2046 2915 2111 είς
2965 2049 3199 2117 Χριστὸν
3248 2050 3488 2125 καθαρὰν
3523 2047 3790 2125 ὁμολογίαν
3813 2048 3871 2101 καὶ

2288 2136 2350 2191 τὸ
2419 2133 2706 2211 ὀρθόδοξον
2755 2133 2937 2213 δόγμα
2992 2136 3083 2192 καὶ
3142 2138 3431 2212 γράμμασι
3478 2137 3761 2214 βασιλικοῖς
3811 2136 3871 2191 καὶ

2285 2244 2666 2301 προσταγμασι
2732 2230 2801 2299 τῇ
2879 2226 2982 2280 ὑπὸ
3058 2233 3221 2301 χεῖρα
3294 2229 3442 2302 πάσῃ
3510 2227 3767 2301 ἐκθέμενον
3810 2224 3869 2281 καὶ

2286 2314 2546 2385 τοιαύτην
2614 2314 2746 2388 ὑπὲρ
2804 2320 2905 2384 τῆς
2974 2310 3249 2378 εὐσεϐείας
3326 2317 3689 2393 εἰσενεγκόντα
3748 2336 3870 2371 σπον-

2288 2402 2406 2474 δὴν,
2466 2404 2542 2465 ὡς
2584 2404 2673 2458 καὶ
2722 2401 2849 2459 δέκα
2904 2404 2993 2459 καὶ
3055 2404 3198 2460 ὀκτὼ
3254 2404 3343 2460 ἐπὶ
3415 2412 3533 2469 τοῖς
3610 2406 3870 2480 τριακοσίοις

2288 2492 2613 2569 συγκαλέσαι
2666 2493 2841 2557 θείους
2909 2494 3170 2569 Πατέρας,
3230 2496 3319 2551 καὶ
3377 2498 3489 2565 ,τὴν
3520 2497 3679 2569 ¹ἰερὶν
3718 2494 3865 2561 ἐκείνην

2290 2580 2512 2639 σύνοδον
2587 2590 2971 2657 συγκροτῆσαι,
3039 2582 3120 2664 ἐφ’
3185 2586 3231 2657 ᾦ
3303 2584 3371 2641 τὰ
3442 2587 3784 2664 ὑπαναφυέντα
3829 2602 3865 2635 τε

2289 2674 2498 2744 ζιζάνια
2556 2673 2822 2746 ἐκτεμεῖν,
2880 2675 2971 2731 καὶ
3028 2679 3124 2730 τοῦ
3183 2678 3281 2744 τῆς
3336 2677 3509 2749 ὀρθῆς
3558 2676 3763 2734 πίστεως
3789 2670 3867 2726 δια-

2285 2772 2445 2843 κρῖνα
2502 2765 2673 2825 σίτου.
2736 2766 2834 2821 Καὶ
2887 2768 3022 2835 ἦσαν
3076 2787 3138 2842 γε
3190 2768 3365 2835 οὗτοι,
3420 2764 3865 2824 Κωνσταντῖνοςκαὶ

2284 2853 2616 2928 Τηριδάτης,
2676 2855 2813 2911 κατὰ
2867 2857 2995 2919 τοὺς
3051 2853 3327 2930 διαφανεῖς
3372 2859 3620 2933 ἀστέρας,
3652 2859 3676 2912 ὁ
3709 2857 3783 2929 μὶν
3825 2852 3867 2906 τὰ

2284 2943 2562 3017 Ἐσπέρια,
2598 2944 2625 2997 ὁ
2685 2949 3116 3014 Κωνσταντῖνος,
3170 2944 3336 3023 φημὶ,
3380 2947 3408 2999 ὁ
3461 2945 3518 3002 δὲ
3564 2948 3626 3001 τὰ
3651 2943 3867 3017 πρὸςἝω

2282 3032 2704 3107 περιπολοῦντες
2762 3032 2851 3088 καὶ
2908 3033 3076 3088 καλὸν
3135 3035 3225 3089 καὶ
3282 3032 3386 3103 ἡδὺ
3434 3035 3744 3108 λαμποντες.
3782 3037 3867 3099 Θερ.

2287 3122 2520 3193 μότατὸς
2552 3143 2609 3176 τε
2637 3121 2740 3196 γὰρ
2771 3122 2837 3190 ἦν
2877 3121 2967 3176 καὶ
3016 3120 3331 3197 Τηριδάτης
3368 3127 3475 3195 τήν
3507 3119 3747 3180 εὐσέϐειαν
3772 3116 3865 3188 ἤδη,

522 3230 660 3286 ergo
691 3230 854 3268 sacra
876 3210 1119 3285 synodo,
1143 3216 1201 3266 et.
1222 3208 1369 3265 alter
1398 3210 1644 3265 alterum
1674 3211 1952 3280 juverunt
1982 3226 2167 3281 reges,

2282 3211 2370 3264 καὶ
2432 3208 2648 3272 οὐδενὸς
2686 3209 2753 3264 τὰ
2808 3231 2869 3284 γε
2929 3210 3006 3273 εἷς
3035 3210 3285 3281 νηστείαν
3316 3214 3405 3268 καὶ
3460 3231 3743 3289 προσευχαις
3769 3209 3863 3263 ἀπο-

526 3308 583 3360 et
633 3319 767 3358 cum
827 3302 941 3356 alio
1000 3300 1218 3355 honore
1275 3316 1338 3355 se
1379 3298 1620 3355 invicem
1668 3300 2005 3367 affecerunt,
2039 3304 2167 3354 tum

526 3390 703 3447 etiam
766 3404 867 3458 per
897 3389 1120 3445 litteras
1173 3386 1441 3443 colletati
1495 3394 1636 3442 sunt
1666 3388 1971 3443 sententiae
2002 3404 2167 3443 com-

525 3479 805 3535 munione
827 3478 884 3533 in
906 3493 1040 3532 vera
1063 3477 1291 3547 pietate.
1318 3476 1493 3532 Porro
1516 3482 1707 3531 autem
1734 3477 1975 3532 accessit
1995 3480 2169 3532 etiam

520 3568 811 3625 Armenias
832 3568 1144 3639 episcopus
1166 3568 1497 3632 Arostanes,
1524 3581 1656 3620 cum
1692 3565 2007 3636 imperator
2028 3568 2170 3621 Con-

522 3660 815 3713 stantinus
881 3673 1016 3712 eum
1071 3656 1431 3719 accersisset,
1466 3654 1564 3725 qui
1613 3654 1737 3726 ipse
1788 3671 2018 3726 quoque
2060 3654 2170 3710 fuit.

523 3763 659 3820 pars
689 3747 838 3803 sacri
870 3751 1075 3801 coetus.
1109 3745 1179 3800 Et
1208 3761 1341 3800 cum
1384 3761 1515 3816 quae
1556 3746 1849 3799 communi
1882 3745 2171 3800 sententia

524 3836 757 3892 fuerant
807 3836 1042 3904 scripta,
1077 3834 1351 3905 dogmata
1405 3833 1744 3903 accepisset,
1777 3849 2044 3890 reversus
2083 3841 2170 3889 est

522 3925 581 3981 in
633 3941 803 3981 suam
837 3924 1149 3991 civitatem,
1180 3922 1615 3993 jucundissime
1670 3929 1728 3978 et
1780 3921 2169 3979 libentissime

522 4014 684 4070 visus
716 4031 750 4069 a
797 4012 918 4069 suis
976 4017 1107 4084 post
1140 4010 1665 4084 peregrinationem
1727 4028 1741 4066 :
1792 4012 2170 4083 religiosissi-

529 4118 807 4172 mumque
839 4118 1033 4174 regem
1061 4100 1413 4168 Teridatem,
1437 4109 1489 4156 et
1512 4117 1735 4156 omnem
1760 4102 2167 4158 Armeniorum

530 4191 825 4260 regionem
849 4190 1062 4263 gaudio
1095 4189 1360 4260 implevit
1393 4193 1629 4262 propter
1658 4192 1997 4261 dogmatum
2032 4206 2168 4247 con-

527 4280 882 4337 sensionem.
925 4280 1059 4343 Quae
1103 4279 1276 4335 etiam
1327 4279 1497 4351 longo
1541 4284 1800 4350 tempore
1832 4281 1915 4336 sic
1947 4296 2172 4337 manse-

521 4373 682 4437 runt,
712 4384 945 4440 semper
996 4370 1207 4438 pietate
1237 4369 1294 4425 in
1357 4367 1567 4439 populo
1600 4373 1917 4434 crescente,
1974 4374 2031 4425 et
2072 4386 2173 4439 per

522 4459 719 4516 omnia
740 4458 855 4515 Deo
875 4458 1035 4531 pacis
1056 4458 1400 4530 glorificato,
1425 4457 1482 4513 in
1507 4457 1735 4514 Christo
1756 4457 1892 4515 Jesu
1932 4459 2170 4516 Domino

2277 3297 2629 3372 λειπόμενος,
2664 3297 2789 3355 οὐδὲ
2837 3298 3013 3355 αὐτῶν
3053 3306 3162 3355 τῶν
3210 3303 3277 3356 τὰ
3332 3308 3559 3360 τοιαῦτα
3614 3303 3659 3357 έν
3704 3316 3863 3376 φροτνι·

2278 3390 2525 3463 στηρίοις
2590 3392 2845 3463 μοναχῶν
2895 3387 3260 3462 ἀσκουμένων.
3307 3392 3391 3447 Ἐν
3455 3397 3524 3468 τῇ
3581 3393 3686 3463 ἱερᾷ
3732 3386 3854 3442 τοίνυν

2273 3477 2442 3551 ταύτῃ
2487 3476 2702 3550 συνόδῳ
2766 3477 3047 3548 ὠνήσαντο
3107 3478 3393 3549 ἀλλήλους
3446 3482 3504 3537 οἲ
3551 3478 3779 3556 βασιλεῖς,
3802 3477 3862 3556 ηιξ

2274 3568 2343 3637 τῇ
2375 3584 2434 3619 τε
2463 3562 2634 3637 λοιπῇ
2666 3567 2803 3637 τιμῇ
2846 3565 2936 3619 τὸν
2991 3562 3173 3639 ἔτερον
3225 3562 3455 3631 ἕκαστος
3486 3565 3769 3637 ἐδεξιοῦντο.
3800 3550 3861 3611 καῖ

2277 3651 2345 3722 δὴ
2378 3654 2467 3707 καὶ
2497 3657 2567 3723 τῇ
2627 3654 2752 3727 περὶ
2800 3654 2900 3720 τήν
2960 3648 3233 3709 εὐσέϐειαν
3294 3656 3554 3727 κοινωνίᾳ
3583 3662 3673 3724 τῆς
3694 3650 3861 3725 γνώμης

2280 3739 2597 3812 συνήδοντο.
2649 3741 3003 3819 ῙΙαραγίνεται
3046 3744 3230 3816 μέντοι
3279 3749 3369 3799 καὶ
3429 3747 3460 3802 ὁ
3522 3741 3774 3819 Ἀρμενίας
3798 3737 3860 3806 ἀρ·

2277 3832 2644 3910 χιεπίσκοπος
2704 3831 3073 3905 Ἀρωστάνης,
3112 3838 3209 3888 τοῦ
3262 3833 3533 3908 βασιλέως
3588 3822 3857 3890 Κωνσταντί·

2277 3941 2373 3976 νου
2439 3925 2631 3976 τοῦτον
2695 3923 3214 3994 μεταπεμψαμένου,
3269 3923 3361 3978 καὶ
3424 3927 3587 3999 μέρος
3631 3924 3715 3976 τοῦ
3748 3912 3857 3988 ἱδροῦ

2277 4008 2557 4086 συλλόγου
2590 4012 2680 4066 καὶ
2712 4011 2868 4073 οὗτος
2903 4013 3217 4088 γενόμενος.
3250 4014 3331 4070 Τὰ
3366 4019 3522 4089 κοινῇ
3580 4014 3727 4089 ψήφῳ
3761 4022 3858 4076 κρα-

2276 4102 2515 4170 τήσαντα
2574 4097 2821 4175 δόγμακα
2877 4102 3227 4176 γεγραμμένα
3284 4098 3496 4173 λαϐὼν,
3529 4102 3601 4165 εἰς
3650 4090 3857 4168 τὴνίδίαν

2279 4189 2532 4259 ἐπανήκει
2590 4188 2775 4257 πόλιν,
2830 4189 3060 4265 γλυκεῖά
3125 4211 3206 4255 τις
3266 4188 3392 4267 ὄψις
3446 4195 3535 4248 καὶ
3574 4178 3855 4262 ἧδιστονᾶπὸ

2277 4285 2377 4347 τῆς
2422 4275 2738 4352 ἀποδῆμίας
2803 4282 2871 4353 τῇ
2914 4280 3127 4356 ποίμνῃ
3174 4279 3475 4356 ἐπιφανείςο
3522 4281 3607 4336 καὶ
3653 4274 3784 4332 αὐτὸν
3819 4285 3856 4318 τε

2276 4368 2370 4423 τὸν
2431 4366 2839 4448 φιλοθεώτατον
2920 4369 3148 4444 βασιλέα
3196 4368 3530 4447 Τηριδάτην,
3582 4369 3663 4426 καὶ
3731 4364 3853 4418 πᾶσιν

2275 4457 2375 4525 τὴν
2438 4456 2730 4531 ’Δρμενίαν
2790 4455 3126 4535 εὐφροσύνης
3185 4458 3270 4513 ἐπὶ
3329 4463 3400 4534 τῇ
3456 4464 3563 4516 τῶν
3631 4450 3854 4535 δογμάτφν

521 4551 723 4604 nostro
757 4563 771 4603 :
806 4563 939 4602 cum
974 4563 1089 4619 quo
1142 4547 1292 4603 Patri
1322 4545 1502 4602 simul
1546 4563 1678 4602 cum
1712 4551 1911 4603 sancto
1944 4548 2162 4617 Spiritu

2282 4544 2564 4624 συμφωνίᾳ
2620 4532 2940 4619 πληρώσας.
2971 4548 3045 4604 "A
3102 4544 3167 4617 δὴ
3201 4549 3291 4603 καὶ
3325 4532 3585 4623 διέμεινεν
3612 4544 3734 4602 οὕτω
3758 4532 3851 4615 χρό’

519 4637 721 4709 gloria,
759 4636 1041 4708 potentia,
1083 4640 1141 4690 et
1188 4636 1378 4693 honor
1408 4653 1584 4702 nunc,
1617 4641 1673 4692 et
1712 4636 1771 4692 in
1820 4636 2029 4693 saecula
2059 4654 2165 4693 sa-

523 4727 814 4784 culorum.
858 4732 1065 4783 Amen.

2278 4655 2368 4690 νον
2430 4632 2516 4689 ἐπὶ
2575 4635 2804 4709 μακρὸν,
2834 4642 2936 4705 τῆς
2974 4631 3244 4700 εὐσεϐείας
3298 4638 3553 4695 ἑκάστοτε
3604 4635 3671 4697 εἰς
3697 4625 3852 4693 πλῆθθί

2280 4721 2662 4796 ἐπιδιδούσης,
2693 4725 2782 4778 καὶ
2839 4724 2936 4779 τοῦ
2994 4732 3095 4795 τῆς
3128 4726 3370 4801 εἰρήνης,
3418 4732 3550 4783 Θεοῦ
3595 4721 3674 4780 διὰ
3698 4716 3851 4773 πάντων

530 4821 921 4897 δοξαζομένου,
971 4822 1022 4879 ἐν
1082 4826 1301 4897 Χριστῷ
1330 4824 1511 4893 Ἰησοῦ
1568 4827 1648 4896 τῷ
1705 4824 1889 4899 Κυρίῳ
1936 4826 2116 4897 ἡμῶψ
2181 4823 2388 4898 μεθ”οὗ
2444 4826 2522 4895 τῷ
2553 4822 2864 4897 Πατρὶᾶμα
2920 4823 3000 4895 τῷ
3056 4824 3194 4901 ἁγίῳ
3243 4824 3517 4900 Πνεύματι
3573 4822 3704 4892 δόξα,
3738 4811 3851 4883 τιμήν

523 4917 723 4991 κράτος
750 4916 841 4968 νῦν
866 4912 954 4967 καὶ
985 4912 1071 4969 ἀεὶ
1102 4914 1192 4968 καὶ
1225 4913 1304 4975 εἷς
1335 4912 1464 4976 τοὺς
1500 4912 1601 4967 αίώ
1632 4933 1722 4975 νας
1756 4918 1862 4968 τῶν
1894 4913 2123 4969 αἰώνων.
2157 4914 2357 4989 Ἀμήν.
