4042 6222
225 344 343 408 997

1376 335 1850 401 MARTYllIUM
1896 336 1962 400 S.
2009 336 2490 399 CHARITINJE.

3524 340 3641 401 998

237 498 3644 536 Μ

853 639 1720 842 MENSIS
1827 638 3005 844 OCTOBER.

1574 1143 2310 1241 ΜΑΡΤΥΡΙΟΝ

896 1347 1241 1476 ΤΗΣ
1317 1342 1836 1477 ΑΓΙΑΣ
1930 1341 2962 1473 ΧΑΡΙΤΙΝΗΣ.

1576 1770 2291 1862 ΜᾹΒΊῪΗΙΗΜ

838 1947 1673 2114 SANCT/E
1809 1946 3025 2114 CHARITIN/E.

904 2234 1121 2308 (Gr-ace
1150 2238 1207 2292 et
1237 2235 1437 2293 Latine
1468 2234 1526 2290 in
1569 2233 1733 2291 Actis
1761 2232 1862 2292 SS.
1898 2232 2159 2290 Bolland.
2194 2232 2266 2290 ad
2308 2232 2459 2291 diem
2490 2233 2527 2289 5
2552 2233 2817 2292 Octobris
2849 2235 2967 2309 (’).)

301 2589 376 2648 A'.
409 2587 655 2664 Ἐκράτει
684 2588 820 2643 ποτὶ
847 2588 917 2643 τὰ
942 2588 1041 2656 τῆς
1069 2581 1337 2657 ἂσεϐείας,
1378 2584 1468 2641 καὶ
1513 2584 1756 2657 βασιλεῖς
1786 2583 1874 2639 ἒπὶ

2060 2586 2103 2642 Ι.
2119 2586 2488 2643 Dominatum
2502 2587 2817 2660 aliquando
2835 2590 3088 2647 obtinuit
3107 2592 3182 2647 im
3194 2591 3378 2664 pietas
3391 2594 3642 2667 etimpe—

229 2676 355 2741 τοὺς
393 2679 463 2734 τὰ
509 2681 845 2751 Χριστιανῶν
882 2680 1214 2756 φρονοῦντας
1269 2675 1562 2749 ἰξὲμκινεν.
1622 2676 1881 2730 Ὑπασπι-

234 2769 355 2825 σταὶ
412 2764 470 2823 δὲ
508 2767 694 2830 αὐτοῖς
750 2768 839 2821 καὶ
902 2765 1165 2841 ὑπηρέται
1221 2767 1321 2835 τὴν
1379 2768 1481 2819 τοῦ
1545 2766 1885 2839 Χριστιανῶν

232 2852 445 2933 ἔρευναν
478 2855 637 2931 ἔργον
676 2855 980 2927 ἐποιοῦντο,
1029 2855 1119 2910 καὶ
1179 2851 1496 2918 πολυειδεῖς
1560 2860 1676 2915 τοῖς
1734 2855 1885 2909 εὐσε-

234 2943 378 3003 ϐέσιν
412 2947 446 3016 ἡ
480 2944 742 3016 πείληντο
777 2946 1024 3020 βάσανοι.
1060 2944 1340 3015 Μηνύεται
1392 2945 1481 2998 οὗν
1538 2943 1743 3017 κόμητι
1782 2942 1886 2997 τινὶ

233 3038 323 3092 καὶ
364 3038 398 3105 ἡ
430 3034 778 3110 γενναιοτάτη
830 3032 1118 3108 Χαριτίνη,
1167 3033 1251 3088 ’ὁτι
1301 3035 1376 3105 μὴ
1432 3034 1598 3106 μόνον
1644 3034 1710 3087 τὰ
1751 3034 1888 3108 Χρι-

235 3129 464 3182 στιανῶν
499 3124 735 3199 ὑπάρχει
789 3127 1031 3196 τιμῶσα,
1090 3121 1231 3177 ἀλκὰ
1286 3123 1376 3176 καὶ
1445 3119 1693 3185 πολλοὺς
1750 3122 1885 3197 πρὸς

234 3216 333 3284 τὴν
361 3214 529 3283 αὐτῆς
580 3212 867 3287 θρησκείαν
922 3213 1207 3286 ὑπάγεται,
1253 3212 1345 3266 καὶ
1405 3208 1471 3279 δή
1521 3212 1610 3266 καὶ
1659 3210 1786 3276 τοὺς
1823 3211 1890 3266 τὰ

234 3307 572 3379 Χριστιανῶν
606 3302 905 3373 ἑλομένους
950 3299 1385 3378 ἀσφαλεστέρους
1436 3299 1523 3355 ἐπὶ
1572 3305 1633 3355 τὸ
1682 3300 1888 3355 οἰκεῖον

236 3390 393 3456 σέϐας
454 3391 871 3468 παρασκευάζει.
943 3391 1258 3468 Ἐφίσταται
1317 3392 1409 3445 οὗν
1443 3392 1471 3446 ὁ
1512 3391 1695 3464 κόμης
1750 3390 1887 3465 αὐτῇ

234 3482 317 3539 ἐπ’
390 3480 571 3538 ἐλπίδι
629 3481 959 3555 κατοικοῦσῃ
1019 3480 1110 3535 καὶ
1186 3481 1322 3535 κατᾶ
1382 3480 1551 3553 μόνας
1614 3480 1777 3554 ἑαυτῇ
1832 3501 1891 3536 τε

236 3572 601 3650 συγγινομένῃ
633 3570 723 3626 καὶ
778 3575 859 3642 τῷ
916 3574 1055 3641 Θεῷ.
1125 3572 1439 3643 Ἐφισταται
1490 3568 1547 3624 δὲ
1592 3571 1682 3624 καὶ
1715 3571 1891 3643 θυμοῦ

236 3662 481 3735 πλήρης,
522 3660 612 3715 καὶ
642 3657 947 3733 παραυτίκα
977 3657 1200 3734 πληγὰς
1232 3659 1373 3731 αὐτῇ
1414 3658 1651 3730 ἐντείνει,
1700 3658 1889 3714 κλοιόν

236 3770 295 3804 τε
360 3746 617 3824 σιδηροῦν
672 3747 1007 3822 περιτίθησι,
1074 3746 1163 3801 καὶ
1222 3747 1320 3815 τὴν
1377 3744 1586 3801 δικαίαν
1648 3747 1892 3819 ὑπατικῷ

235 3843 318 3911 τῷ
351 3839 497 3913 παρὰ
554 3840 728 3892 πᾶντα
783 3834 953 3909 ἀδίκῳ
1002 3833 1229 3909 δικαστῇ
1288 3832 1680 3909 παραδίδωσιν.
1720 3836 1778 3893 Ὀ
1836 3833 1893 3890 δὲ

238 3926 307 3982 τά
334 3947 393 3982 τε
432 3931 543 3981 τῶν
587 3925 866 3980 κολάσεων
917 3923 1075 3989 εὐθὺς
1131 3922 1454 3998 προτίθησιν
1513 3923 1738 3997 ὃργανα,
1791 3923 1890 3991 τήν

250 4014 494 4091 μάρτυρά
520 4035 581 4070 τε
608 4019 689 4087 τῷ
719 4014 889 4069 αὑτοῦ
922 4014 1132 4087 βήματι
1160 4013 1537 4087 παραστήσας,
1591 4010 1895 4086 Οἴκτειρον,

248 4105 383 4174 εἷπε,
414 4104 520 4178 πρὸ
545 4109 646 4172 τῆς
677 4106 785 4157 τῶν
833 4099 1220 4175 κολαστηρίων
1269 4101 1462 4174 πείρας
1494 4102 1719 4173 σαυτὴν,
1750 4100 1899 4175 σώφ-

249 4215 366 4269 ρονι
398 4191 726 4273 χρησαμένη
756 4196 837 4263 τῷ
867 4191 1156 4265 λογισμῷ,
1192 4190 1283 4244 καὶ
1320 4195 1438 4252 τοῖς
1471 4189 1753 4253 ἀθανάτοις
1805 4191 1898 4244 θυ-

249 4283 367 4338 σίαν
449 4280 790 4357 προσένεγκε.
859 4280 999 4355 Τρία
1058 4280 1163 4356 γαρ
1218 4277 1281 4333 ἄν
1346 4276 1490 4333 οὕτω
1544 4277 1613 4333 τὰ
1674 4277 1902 4353 μέγιστα

250 4368 548 4445 κερδανεῖς,
580 4369 642 4425 τό
679 4389 737 4424 τε
764 4372 872 4424 τῶν
918 4373 1052 4433 θεῶν
1100 4369 1298 4443 κράτος
1354 4366 1643 4441 ἐξιλεώσῃ,
1694 4369 1796 4437 τήν
1844 4387 1904 4422 τε

256 4466 363 4516 τῶν
424 4460 763 4535 κρατούντων
822 4456 1099 4531 εὐμένειαν
1160 4454 1429 4530 ἐπισπάσῃ
1475 4457 1567 4510 καὶ
1613 4454 1676 4512 τό
1733 4455 1903 4511 ἀπανο

260 4556 385 4619 θοῦν
414 4557 516 4621 τῆς
545 4550 689 4626 ὥρας
713 4548 775 4605 οὑ
811 4548 1055 4625 βασάνων
1089 4544 1382 4622 δριμύτητι
1425 4552 1698 4620 μαρανεῖς.

332 4824 404 4897 (θ)
434 4825 579 4897 Acta
628 4822 769 4887 hec,
813 4837 943 4897 quas
986 4835 1055 4875 ex
1084 4818 1278 4897 Graeco
1299 4820 1512 4897 _Latine
1542 4834 1707 4897 versa
1736 4816 1909 4897 Alpg:

266 4888 396 4954 sitis'
438 4896 807 4967 Lipomanus,
830 4888 1189 4950 'Veronensis
1221 4891 1556 4967 episcopus,
1583 4888 1910 4967 'ab‘no_1558

266 4966 473 5034 edidit,
491 4959 1284 5043 genuinum_esse_8ymegnis
1307 4959 1716 5043 Metaphrastis
1730 4959 1909 5032 Opus,

269 5033 550 5095 asserenli
590 5036 758 5093 Leoni
808 5033 1040 5091 Allatio'
1069 5033 1127 5088 in
1160 5033 1414 5089 Diatriba
1443 5036 1512 5088 de
1554 5033 1910 5105 Sy‘meonum

268 5109 507 5182 scriptis
558 5124 689 5180 pag.
742 5108 957 5182 125het
1007 5105 1128 5182 126,
1180 5104 1571 5169 consentiunt,
1606 5104 1909 5176 quantum

269 5177 510 5255 quidem
541 5177 697 5255 novi,
729 5178 944 5255 eruditi
976 5177 1047 5232 ad
1078 5192 1267 5255 unum
1298 5192 1519 5255 omnes.

342 5254 421 5323 (1)
454 5252 613 5318 Vide,
643 5244 771 5323 qua:
815 5251 886 5306 de
934 5246 1154 5323 epocba
1202 5248 1467 5323 martyrii
1503 5251 1560 5302 S.
1604 5244 1913 5323 Cbaritinp

1994 2680 2215 2731 ratores
2248 2677 2439 2732 t‘urore
2472 2677 2783 2733 concitavit
2828 2679 3107 2736 adversus
3139 2697 3255 2748 eos,
3290 2684 3385 2752 qui
3434 2682 3641 2738 Chris-

1996 2764 2289 2821 tianorum
2313 2766 2585 2821 tenebant
2606 2767 2940 2839 opinionem
2965 2770 3066 2839 (1).
3089 2769 3416 2825 Satellilum
3441 2776 3636 2827 autem

1995 2860 2053 2910 et
2084 2852 2489 2920 ministrorum
2521 2860 2645 2911 erat
2671 2856 2931 2911 ofﬁcium
2962 2859 3200 2913 scrutari
3232 2858 3636 2928 Christianos;

1995 2948 2053 3001 et
2082 2944 2194 3015 piis
2225 2944 2669 3000 intentabantur
2694 2949 2865 3001 minae
2889 2946 3297 3018 multiplicium
3327 2955 3639 3005 tormento-

1995 3047 2151 3088 rum.
2186 3031 2269 3086 Ad
2294 3032 2609 3101 quemdam
2633 3048 2770 3103 ergo
2792 3034 3064 3090 comitem
3087 3036 3161 3105 (2)
3187 3050 3468 3107 generosa
3498 3053 3641 3108 quo-

1998 3136 2110 3192 que
2140 3121 2399 3175 defertur
2442 3121 2602 3192 virgo
2647 3122 2964 3191 Cbaritine,
3009 3124 3163 3195 quod
3215 3141 3325 3181 non
3363 3124 3550 3180 solum
3584 3126 3643 3181 in

1999 3209 2219 3266 honore
2250 3210 2460 3265 habeat
2488 3210 2874 3280 Christianos,
2902 3212 3000 3267 sed
3028 3213 3199 3268 etiam
3229 3214 3443 3271 multos
3473 3215 3647 3271 indu-

2001 3304 2092 3355 cat
2122 3299 2193 3353 ad
2226 3315 2395 3354 suam
2428 3299 2766 3371 religionem
2804 3319 2817 3369 ;
2851 3300 2991 3372 quin
3026 3302 3196 3357 etiam
3233 3320 3353 3372 eos,
3386 3306 3484 3377 qui
3517 3306 3640 3372 Opi-

2000 3388 2235 3443 nionem
2262 3395 2652 3459 susceperunt
2673 3388 3158 3457 Christianorum,
3178 3394 3422 3448 tutiores
3445 3395 3644 3450 reddat

2002 3478 2071 3533 ad
2106 3492 2280 3532 suum
2314 3477 2557 3530 cultum.
2583 3478 2668 3531 Ad
2700 3494 2829 3532 eam
2853 3495 2989 3550 ergo
3012 3482 3237 3537 accedit
3258 3498 3453 3538 comes
3482 3484 3561 3555 (3)
3584 3484 3643 3540 iu

2001 3582 2103 3637 spe
2152 3565 2534 3632 habitantem,
2568 3570 2626 3621 et
2671 3582 2937 3622 seorsum
2988 3584 3209 3637 secum,
3259 3576 3316 3626 et
3365 3589 3497 3626 cum
3531 3579 3646 3628 Deo

2001 3659 2354 3713 versantem.
2390 3654 2621 3709 Accedit
2667 3658 2860 3709 autem
2909 3655 2992 3710 ira
3048 3656 3251 3728 plenus
3284 3664 3341 3714 et
3369 3660 3567 3715 statim
3595 3662 3644 3715 ei

2003 3743 2206 3816 plagas
2237 3743 2466 3813 inﬂigit,
2492 3752 2545 3798 et
2578 3744 2829 3799 ferreum
2853 3745 2900 3800 ei
2942 3746 3149 3802 collare
3182 3748 3263 3819 (4)
3284 3749 3519 3817 imponit
3548 3767 3561 3815 ;
3595 3753 3650 3804 ct

2002 3848 2130 3888 eam
2162 3832 2337 3888 tradit
2368 3832 2664 3889 consulari
2709 3834 3106 3903 injustissimo
3130 3837 3339 3907 judici.
3374 3837 3474 3893 Ille
3515 3855 3647 3895 vero

2006 3927 2061 3977 et
2101 3923 2301 3977 statim
2352 3921 2629 3993 proponit
2679 3922 3070 3979 instrumenta
3099 3925 3563 3997 suppliciorum;
3596 3930 3653 3982 et

2008 4026 2140 4067 cum
2190 4016 2508 4082 martyrem
2538 4017 2803 4067 curasset
2830 4012 2955 4068 sisti
3008 4015 3075 4069 ad
3130 4031 3303 4069 suum
3347 4014 3646 4073 tribunal;

2007 4100 2299 4165 Miserere,
2353 4100 2563 4172 inquit.
2598 4100 2706 4169 tui,
2754 4107 3065 4172 antequam
3117 4102 3440 4185 periculum
3474 4104 3648 4160 facias

2008 4188 2454 4261 suppliciorum,
2478 4189 2727 4261 sapienti
2752 4195 2923 4247 utens
2946 4193 3444 4263 consideratione;
3469 4203 3522 4250 et
3544 4193 3652 4249 im-

2010 4276 2358 4333 mortalibus
2384 4277 2528 4333 oll'er
2555 4278 2935 4335 sacriﬁcium.
2965 4280 3057 4336 Sic
3096 4281 3252 4336 enim
3285 4282 3394 4337 tria
3425 4282 3655 4339 lucrifa-

2009 4367 2125 4422 cies
2149 4366 2425 4422 maxima.
2450 4367 2595 4423 Nam
2619 4372 2676 4422 et
2702 4368 2944 4424 deorum
2969 4371 3291 4441 potentiam
3316 4371 3421 4427 tibi
3446 4373 3653 4429 reddes

2008 4458 2351 4530 propitiam;
2377 4462 2431 4513 et
2452 4458 2864 4530 imperatorum
2881 4462 3139 4517 attrabes
3160 4462 3655 4529 benevolentiam;

2009 4550 2068 4601 et
2096 4544 2394 4601 ﬂorentem
2425 4546 2675 4618 speciem
2710 4548 2941 4604 acribus
2964 4551 3275 4606 tormentis
3320 4567 3433 4607 non
3475 4551 3655 4607 facies

2014 4635 2372 4691 ﬂaccescere.

2017 4818 2102 4876 sic
2151 4820 2399 4890 utraque
2429 4820 2685 4875 narratio
2736 4819 3096 4876 concilianda
3126 4826 3237 4889 est,
3268 4826 3332 4877 ut
3374 4822 3662 4879 Domitius

2017 4905 2234 4963 comes,
2285 4896 2342 4963 et
2386 4892 2814 4963 Amisenorum,
2863 4897 2927 4948 ut
2972 4893 3140 4948 nobis
3186 4895 3435 4962 videtur,
3489 4894 3661 4963 iudex

2018 4961 2369 5033 consularis,
2390 4964 2551 5033 prius
2574 4963 2644 5018 ad
2669 4962 2973 5019 Claudium
3000 4964 3309 5021 Cbaritinae
3332 4961 3660 5033 dominum;

2018 5032 2333 5105 scripserit,
2361 5032 2475 5105 quo
2496 5034 2590 5090 hic
2608 5050 2729 5089 eam
2752 5035 2821 5089 ad
2842 5051 2904 5091 se
2924 5035 3198 5105 mitteret,
3220 5053 3284 5093 ac
3309 5053 3442 5092 mox
3454 5038 3667 5093 comite

2019 5105 2337 5179 quemdam
2369 5122 2437 5161 ex
2466 5106 2830 5179 administris
2862 5106 2988 5162 suis
3032 5108 3262 5179 legarit,
3296 5108 3397 5179 qui
3430 5124 3557 5165 eam
3589 5109 3660 5164 ad

2020 5175 2083 5233 se
2114 5175 2363 5247 vinctam
2390 5177 2750 5247 perduceret,
2784 5194 3005 5247 suoque
3036 5175 3259 5235 sisteret
3286 5175 3588 5236 tribunali.

2092 5246 2167 5323 (ᾇ)
2198 5246 2278 5302 De
2310 5246 2497 5318 plagis
2522 5256 2659 5323 ante
2683 5246 2994 5323 juridicatn
3034 5250 3215 5323 ullius
3244 5252 3502 5308 criminis
3537 5267 3663 5323 pro-

274 5317 691 5402 exconjectura
704 5321 1036 5402 diximusin
1056 5319 1807 5402 Commentario_num.xr.,_c.
1827 5318 1912 5373 12.
1946 5332 1997 5402 α
2025 5317 2315 5402 bationem
2368 5317 3218 5402 Operi-tinea“inﬂictis,_!idesis
3247 5340 3371 5402 qua;
3403 5324 3475 5402 in_
3492 5317 3662 5402 6pm-

346 5395 425 5464 (2)
448 5390 614 5451 Hunc
642 5394 757 5451 alia
789 5393 1117 5464 Graecorum
1159 5395 1558 5464 monumenta
1574 5390 1911 5454 Domitium,

2026 5392 2311 5446 mentario
2334 5391 2444 5447 sub
2467 5391 2699 5448 initium
2724 5393 2951 5448 numeri
2976 5393 3042 5449 15
3058 5394 3214 5450 dicta
3235 5391 3374 5452 sunt
3397 5411 3411 5450 :
3434 5395 3662 5453 Collare

274 5462 1305 5524 aliaDomitianumvocant.Consule
1322 5462 1569 5520 num.13
1589 5466 1643 5519 et
1666 5476 1917 5535 sequens
2025 5466 2244 5537 autem,
2277 5463 2429 5534 quod
2448 5462 2671 5537 (Christi
2719 5466 2958 5537 martyri
3004 5465 3282 5533 injectum
3315 5467 3495 5525 fuisse
3528 5483 3663 5525 nar-

277 5544 644 5606 cunctatum.

2024 5536 2208 5621 ratur,
2231 5538 2379 5621 .erat‘
2406 5534 2621 5621 vinculi
2670 5534 3024 5621 θεωρέειυο
3054 5538 3415 5621 captivorum
3445 5539 3663 5597 collum

351 5609 431 5683 (5)
452 5604 1155 5687 pissogatppnnibilbac
1173 5604 1583 5687 Metaphrastis
1607 5601 1918 5687 narratioa
2027 5601 2559 5687 c9pstripg_e_bat_ur,
2587 5601 2721 5687 ne}
2750 5601 3071 5665 satellitum
3097 5601 3200 5667 aut
3231 5609 3503 5669 lictorum
3536 5628 3667 5669 mae

283 5674 586 5752 Men'ologii
620 5680 886 5737 Basiliani
913 5684 969 5737 et
1000 5674 1351 5735 Mensorum
1388 5678 1598 5734 verbis.
1621 5676 1733 5733 Sed
1775 5675 1918 5732 forte
2028 5674 2195 5733 nibus
2227 5674 2373 5733 ela'bi
2408 5676 2521 5735 ullo
2554 5676 2721 5735 modo
2754 5688 3006 5750 possent.
