4042 6222
380 316 496 376 999

1724 306 2006 367 MENSIS
2052 306 2431 368 OCTOBER.

3641 313 3816 374 1000

446 481 517 536 ll.
551 477 680 535 Haec
710 489 843 532 cum
865 472 1139 529 audiisset
1164 473 1403 543 martyr,
1436 468 1507 525 ad
1540 466 1747 524 calum
1779 467 2016 541 quidem

2202 466 2277 525 B'.
2308 463 2533 522 Τούτων
2564 465 2598 535 ἡ
2636 484 2839 541 μαρτυς
2904 464 3180 523 ἀκούσασα
3224 466 3363 546 πρὸς
3420 468 3654 546 οὐρανὸν
3708 474 3811 546 μὲν

376 568 529 626 tollit
546 566 760 633 oculos,
786 564 936 637 quod
968 561 1127 617 illine
1156 560 1566 633 proﬁciscitur,
1586 575 1832 615 evocans
1861 560 2016 615 auxi-

378 658 523 714 lium
552 674 565 725 ;
598 657 765 728 signo
791 658 982 708 autem
1018 650 1225 707 Christi
1257 649 1477 704 munita
1508 651 1622 719 (5):
1658 649 1728 703 Es
1765 650 2018 705 moribus

378 748 637 820 quidem,
671 745 770 808 ait,
795 743 1009 810 varius,
1035 758 1067 796 o
1100 739 1443 808 consularis,
1469 740 1738 810 vaferque
1770 745 1825 792 et
1854 738 2015 793 calli.

379 837 528 903 dus;
563 834 665 890 sed
711 834 776 887 ad
812 830 1033 886 nullam
1086 828 1396 884 utilitatem
1429 833 1627 899 aperte
1679 827 1777 881 tibi
1811 827 2019 882 redibit

377 924 498 980 haec
531 923 912 993 perversitas;
957 934 1145 989 neque
1195 919 1352 972 enim
1398 932 1481 971 me
1512 915 1703 988 capies
1748 916 2016 987 adulans,

376 1031 482 1071 nec
515 1030 606 1069 me
638 1012 871 1067 minans
913 1009 1365 1081 perlerret‘acies,
1416 1024 1520 1062 nec
1566 1006 1880 1062 consulens
1930 1024 2018 1063 me

372 1103 592 1178 poteris
614 1102 673 1156 in
695 1100 867 1155 aliam
901 1099 1205 1154 traducere
1246 1098 1616 1159 sententiam,
1655 1111 1760 1152 nec
1791 1096 2018 1151 mollire

374 1195 455 1260 id,
488 1194 642 1263 quod
693 1197 778 1245 est
825 1189 884 1243 in
933 1204 1025 1243 me
1069 1191 1402 1257 promptum
1456 1191 1691 1257 pr0ptcr
1720 1184 2016 1242 Christum

377 1280 634 1355 patiendi
686 1278 966 1334 studium.
1001 1276 1234 1332 Conﬁdo
1293 1275 1449 1329 enim
1501 1274 1561 1330 in
1609 1274 1730 1330 solo
1780 1280 1839 1330 et
1886 1292 2019 1331 vero

377 1373 514 1437 Deo,
572 1377 626 1425 et
674 1368 734 1423 in
791 1382 857 1422 eo
901 1380 1135 1422 omnem
1185 1364 1361 1420 vitam
1413 1379 1600 1419 meam
1657 1364 1908 1435 reposui.
1959 1363 2021 1419 Si

382 1458 526 1516 mihi
556 1474 690 1530 ergo
723 1456 943 1523 credas,
979 1454 1248 1509 miserere
1280 1452 1466 1523 potius
1497 1453 1578 1509 tui
1610 1452 1843 1510 erroris.
1877 1451 2021 1509 Con—

383 1549 509 1605 sule
537 1547 644 1603 tibi
695 1563 782 1616 ea,
816 1563 945 1617 qua:
977 1548 1115 1600 sunt
1162 1542 1415 1610 utiliora,
1452 1559 1661 1615 nempe
1692 1544 1871 1599 surda
1904 1562 2019 1601 non

376 1638 565 1697 colere
614 1635 971 1703 simulacra;
1005 1635 1075 1689 de
1107 1634 1323 1705 quibus
1370 1632 1586 1688 alicubi
1636 1632 1780 1689 dixit
1826 1641 2022 1691 noster

376 1729 657 1804 prepheta
705 1727 765 1782 in
814 1725 1065 1798 spiritu:
1107 1746 1129 1777 ι
1164 1723 1276 1792 Dii,
1323 1722 1422 1795 qui
1466 1725 1677 1779 emtum
1723 1731 1776 1780 et
1808 1729 2019 1782 terram

384 1842 408 1873 α
446 1835 560 1874 non
605 1816 881 1881 fecerunt,
915 1818 1153 1884 pereant
1183 1813 1299 1885 (6):
1346 1835 1376 1862 »
1422 1818 1479 1868 et
1522 1830 1534 1870 :
1578 1836 1605 1864 «
1639 1814 1729 1869 Dii
1762 1816 2019 1885 gentium

2138 554 2277 629 αἶ’ρει
2308 555 2373 609 τὰ
2403 552 2628 628 ὄμματα
2682 558 2783 625 τὴν
2816 555 3011 613 ἐκεῖθεν
3061 556 3474 632 ἐπικαλουμένην
3515 563 3809 636 βοήθειαν,

2133 650 2211 717 τῷ
2259 643 2316 700 δὲ
2374 648 2471 700 τοῦ
2537 650 2772 719 σταυροῦ
2839 646 3154 723 φραξαμένη
3220 651 3462 722 σημείῳ,
3532 653 3811 715 Ποικίλος

2139 735 2230 807 μὲν
2266 737 2315 789 εἴ
2341 734 2433 789 τὸν
2466 734 2698 808 τρόπον,
2735 736 2984 807 ὑπατικὶ,
3018 737 3105 791 καὶ
3158 738 3219 792 τὸ
3267 738 3399 805 ἦθος
3450 738 3700 803 ὕπουλὸς
3747 765 3809 798 τε

2134 825 2221 877 καὶ
2256 823 2562 893 ἀπατηλὸς,
2586 822 2709 900 ἔφη·
2744 822 2873 878 ἀλλ’
2906 825 2980 887 εἰς
3031 825 3298 897 ἀνόνητόν
3329 830 3412 883 σοι
3456 831 3520 885 τὸ
3570 830 3806 887 σκολιὸν

2132 916 2293 967 τοῦτο
2336 917 2516 988 σαφῶς
2574 907 2933 983 ἀποϐήσεται.
2994 914 3134 972 Οὔτε
3190 916 3292 991 γάρ
3356 938 3423 991 με
3480 918 3808 976 κολακεύων

2135 1003 2402 1077 αἱρήσεις,
2461 1000 2587 1059 οὔτε
2653 1002 2895 1059 ἀπειλῶν
2959 1005 3350 1077 καταπλήξεις,
3414 1008 3476 1064 οὐ
3545 1006 3807 1084 συμϐου-

2138 1090 2309 1146 λεύων
2345 1098 2659 1166 μεταπεῖσαι
2719 1090 2952 1168 δυνήσῃ,
3009 1092 3137 1151 οὖδέ
3180 1096 3417 1170 μαλαξαι
3446 1099 3508 1153 τὸ
3560 1099 3611 1155 ὲν
3668 1099 3802 1172 ἐμοὶ

2132 1184 2229 1235 τοῦ
2260 1178 2347 1235 διὰ
2380 1183 2615 1254 Χριστὸν
2657 1185 2843 1237 παθεῖν
2885 1185 3191 1259 πρόθυμον·
3226 1185 3315 1241 ἐπὶ
3353 1192 3433 1258 τῷ
3486 1191 3639 1263 μόνῳ
3691 1192 3803 1264 γὰρ

2134 1273 2221 1326 καὶ
2252 1270 2447 1340 ἀληθεῖ
2515 1276 2631 1344 Θεῷ
2669 1272 2926 1345 πέποιθα,
2994 1274 3085 1328 καὶ
3145 1275 3329 1349 ταύτῳ
3394 1277 3459 1333 τὸ
3524 1283 3626 1334 πᾶν
3694 1287 3804 1348 τῆς

2137 1360 2274 1433 ἐμῆς
2308 1365 2455 1430 ζωῆς
2484 1359 2817 1420 ἀνατέθεικα.
2849 1362 2911 1419 El.
2956 1384 3010 1418 τι
3062 1364 3155 1418 οὗν
3216 1364 3344 1439 ἐμοὶ
3402 1367 3590 1443 πείθῃ,
3660 1391 3803 1424 σαυ-

2132 1454 2225 1506 τὸν
2258 1449 2471 1524 μᾶλλον
2511 1449 2778 1526 οἷ’κτειρον
2836 1458 2939 1522 τῆς
3006 1453 3236 1525 ἀπάτης.
3301 1462 3495 1530 Σαυτῷ
3545 1453 3805 1530 συμϐού-

2135 1538 2328 1595 λευσον
2375 1541 2441 1595 τὰ
2510 1540 2873 1619 χρηστότερον
2940 1543 3074 1617 ὅπερ
3141 1543 3253 1598 ἐστὶ
3311 1547 3375 1600 τὸ
3436 1547 3514 1619 μή
3580 1548 3806 1616 ξοάνοις

2135 1636 2341 1708 κωφοῖς
2399 1632 2757 1706 προσανέχειν
2824 1631 2949 1707 περὶ
3009 1630 3081 1686 ὧν
3142 1633 3261 1689 εἶπὲ
3317 1656 3422 1690 που
3454 1636 3482 1690 6
3525 1635 3803 1712 ἡμέτερος

2134 1720 2423 1796 προφήτης
2462 1718 2513 1774 ἐν
2543 1718 2830 1793 πνεύματι·
2901 1744 2929 1773 ‹‹
2962 1721 3110 1792 Geel,
3168 1720 3223 1776 οἳ
3271 1722 3365 1779 τὸν
3424 1724 3646 1798 οὐρανὸν
3706 1725 3801 1781 καὶ

2133 1807 2231 1875 τὴν
2284 1815 2387 1883 γῆν
2445 1808 2543 1863 οὐκ
2609 1808 2895 1882 ἐποίησαν,
2955 1809 3367 1869 ἀπολέσθωσαν.
3426 1838 3455 1866 ››
3504 1816 3591 1870 καὶ
3664 1816 3800 1874 «Οἱ

383 1930 412 1959 ‹‹
444 1904 754 1972 daemonia,
792 1904 1068 1960 Dominus
1100 1910 1293 1958 autem
1323 1901 1499 1958 ccelos
1541 1903 1737 1962 fecit’.
1761 1925 1790 1953 »
1813 1908 1884 1960 Et
1908 1922 2025 1961 rur-

2140 1896 2249 1961 θεοὶ
2290 1903 2399 1953 τῶν
2437 1896 2604 1962 ἐθνῶν
2657 1896 2934 1971 δαιμόνια.
2960 1924 2988 1952 ››
3021 1902 3112 1957 καὶ
3160 1902 3349 1958 πάλινο
3394 1927 3423 1955 ‹‹
3456 1904 3538 1962 Τὰ
3584 1901 3799 1960 εἷ’δωλα

382 2016 531 2057 sus:
576 2020 606 2049 ‹‹
651 1995 973 2053 Simulacra
1021 1993 1280 2066 gentium
1331 1999 1637 2063 argentum
1689 2003 1742 2051 et
1790 2011 2020 2064 aurum,

383 2107 409 2140 α
446 2104 616 2158 opera
649 2101 932 2141 manuum
983 2083 1312 2139 hominum.
1349 2081 1581 2139 Similes
1617 2084 1699 2139 eis
1730 2084 1890 2152 ﬁant,
1925 2088 2025 2158 qui

383 2197 413 2226 «
443 2175 641 2232 colunt
662 2174 761 2231 ea’
793 2173 893 2245 (7).
930 2194 958 2223 »

455 2265 553 2321 lll.
588 2266 899 2335 Postquam
935 2263 1053 2319 haec
1085 2261 1304 2318 audivit
1349 2262 1549 2333 judex,
1582 2263 1670 2319 ira
1700 2280 1902 2321 rursus
1934 2282 2025 2322 re-

378 2353 592 2425 pletus,
620 2353 797 2424 jussit
832 2353 1068 2424 quidem
1101 2352 1228 2422 ejus
1258 2352 1501 2423 capillos
1533 2352 1658 2408 radi
1683 2354 1741 2409 in
1773 2356 2024 2426 superli-

381 2441 469 2500 cie
504 2445 605 2515 (8).
642 2442 788 2499 Illud
826 2451 1016 2497 autem
1053 2443 1267 2497 factum
1309 2446 1413 2506 est,
1447 2448 1504 2497 et
1534 2444 1854 2499 maximum
1886 2462 2025 2502 con-

388 2541 652 2591 secutum
683 2538 773 2589 est
792 2531 1165 2589 miraculum.
1190 2533 1373 2611 Caput
1395 2532 1549 2588 enim
1576 2550 1782 2590 rursus
1805 2536 1913 2591 fuit
1936 2552 2022 2595 co-

384 2628 629 2680 matum.
654 2624 735 2679 Ex
758 2639 873 2696 quo
898 2623 1079 2694 judex
1114 2625 1333 2691 majore
1366 2622 1452 2678 ira
1475 2625 1876 2696 motus,jubet
1897 2643 2027 2695 pru-

380 2728 488 2770 nas
550 2714 820 2770 ardentes
882 2711 1107 2784 imponi
1156 2712 1284 2782 ejus
1334 2712 1533 2783 capiti,
1595 2713 1802 2769 deinde
1848 2716 2023 2773 etiam

380 2807 609 2859 aceturn
653 2803 705 2859 ei
754 2802 1008 2870 infundi,
1058 2801 1288 2857 dolores
1318 2801 1403 2856 sic
1445 2803 1708 2873 praebens
1750 2804 2021 2861 acriores.

377 2894 618 2962 Pr0pter
648 2909 774 2964 qua
805 2907 1077 2961 generosa
1118 2890 1301 2962 virgo,
1331 2891 1567 2946 Domine
1611 2893 1745 2947 Jesu
1775 2892 2023 2961 Christe,

382 2982 550 3046 dixit,
583 2996 803 3047 eorum,
835 2980 933 3050 qui
960 2980 1019 3033 in
1048 2984 1102 3033 te
1135 2978 1407 3033 ﬁduciam
1434 2986 1767 3050 posuerunt,
1799 2988 2023 3038 certum

381 3078 437 3126 et
482 3070 717 3124 firmum
767 3068 1072 3133 auxilium,
1117 3067 1216 3138 qui
1266 3071 1398 3122 tuos
1444 3074 1678 3124 sanctos
1726 3074 1840 3125 tres
1884 3086 2023 3141 pue-

385 3175 481 3216 ros
513 3159 570 3215 in
604 3159 791 3215 medio
814 3158 1061 3213 flammas
1086 3156 1341 3213 ardentis
1365 3157 1767 3217 incombustos
1789 3177 2025 3217 conser-

382 3249 526 3306 vasti
557 3249 658 3321 (9),
694 3256 751 3304 tu
799 3263 1026 3319 quoque
1076 3262 1231 3301 nunc
1282 3247 1427 3302 mihi
1476 3248 1655 3317 adsis,
1706 3254 1763 3306 et
1813 3251 1882 3306 ad
1932 3269 2019 3321 ea,

2132 1990 2242 2041 τῶν
2273 1985 2438 2042 ἐθνῶν
2472 1986 2728 2063 ἀργύριον
2784 1988 2875 2045 καὶ
2933 1992 3189 2066 χρυσίον,
3246 1988 3381 2066 ἔργα
3432 1998 3631 2068 χειρῶν
3704 1997 3798 2049 διν-

2134 2076 2391 2150 θρώπων.
2428 2100 2455 2127 ››
2478 2080 2708 2151 ’Όμοιοι
2743 2078 2928 2142 αὐτοῖς
2957 2080 3198 2154 γένοιντο
3231 2082 3282 2137 οἱ
3313 2088 3584 2157 τιμῶντες
3628 2083 3788 2143 αὐτά.

2207 2258 2280 2314 Γ’.
2314 2255 2538 2327 Ἐπειδὴ
2571 2258 2780 2313 τούτων
2816 2259 3047 2328 ἥκουσιν
3082 2261 3110 2316 6
3143 2257 3401 2333 δικάζων,
3430 2265 3588 2337 θυμῷ
3620 2261 3793 2319 πάλιν

2135 2345 2527 2417 ὑποπλησθεὶς,
2561 2346 2721 2410 αὑτὸς
2749 2349 2843 2420 μὲν
2878 2347 3123 2405 ἐκέλευεν
3155 2350 3206 2406 ἐν
3238 2356 3365 2427 ’χρῷ
3413 2352 3509 2415 τὰς
3551 2355 3652 2421 τῆς
3704 2375 3797 2408 κε·-

2134 2436 2315 2507 φαλῆς
2372 2438 2567 2513 τρίχας
2621 2438 2887 2513 ἐκτεμεῖν·
2946 2442 3008 2496 τὸ
3063 2440 3120 2497 δὲ
3176 2442 3397 2517 ἐγίνετο,
3466 2445 3556 2498 καὶ
3613 2445 3797 2519 τούτῳ

2133 2527 2314 2599 θαῦμα
2360 2528 2614 2602 μὲγιστον
2658 2528 2978 2598 ἠκολούθει·
3023 2532 3176 2595 αὖθις
3225 2533 3330 2607 γὰρ
3362 2535 3396 2601 ἡ
3426 2533 3639 2611 κεφαλὴ
3694 2557 3795 2591 κα-

2132 2617 2374 2689 τακομος
2418 2618 2503 2685 ἦν·
2556 2618 2647 2673 καὶ
2682 2620 2710 2674 6
2742 2616 3000 2689 δικαστὴς
3045 2620 3256 2678 πλείονι
3297 2627 3378 2695 τῷ
3428 2628 3586 2696 θυμῷ
3634 2640 3800 2696 κινη-

2134 2706 2243 2769 θεὶς
2312 2706 2602 2781 ἀνθρακιὰν
2671 2706 2983 2774 ἐπιτεθῆναι
3040 2713 3111 2784 τῇ
3179 2712 3390 2786 κεφαλῇ
3441 2714 3795 2788 προστάττω

2136 2796 2250 2852 εἶτα
2279 2797 2371 2851 καὶ
2404 2794 2525 2870 ὅξος
2582 2800 2752 2871 αὐτῆς
2799 2801 3183 2874 καταγὲεσθαι,
3248 2801 3315 2858 τὰ
3370 2808 3479 2858 τῶν
3544 2803 3798 2878 ἀλγηδό-

2130 2906 2233 2939 νων
2259 2886 2404 2941 οὓτω
2436 2883 2737 2961 δριμύτερα
2767 2887 3172 2964 παρεχόμενος.
3209 2892 3325 2967 Ἐφ’
3353 2892 3435 2954 οἷς
3486 2894 3521 2960 ἡ
3553 2892 3797 2967 γενναία,

2132 2974 2294 3049 Κύριε
2329 2978 2510 3047 Ἰησοῦ
2543 2979 2761 3051 Χριστὲ,
2795 2982 2937 3049 εἷπε,
2978 2985 3088 3035 τῶν
3150 2979 3242 3037 ἐπὶ
3299 2981 3385 3037 σοὶ
3441 2984 3797 3038 πεποιθότων

2132 3067 2166 3135 ἡ
2211 3064 2460 3143 ἀσφαλὴς
2506 3067 2752 3142 βοήθεια,
2788 3070 2815 3123 6
2845 3071 2974 3133 τοὺς
3007 3069 3135 3133 σοὺς
3186 3069 3371 3145 ἁγίους
3402 3077 3540 3144 τρεῖ,
3591 3069 3797 3136 παῖδας

2131 3154 2186 3211 ὲν
2236 3157 2386 3229 μὲσῳ
2430 3158 2729 3230 καιομὲνης
2787 3157 2998 3236 φλογὸς
3052 3158 3359 3237 ἂφλέκτους
3426 3158 3797 3236 διατηρήσας,

2145 3246 2305 3309 αὐτὸς
2341 3267 2435 3320 μοι
2463 3246 2552 3303 καί
2594 3253 2685 3303 νῦν
2732 3249 3006 3325 παραστὰς
3050 3250 3185 3321 πρὸς
3232 3252 3329 3314 τὰς
3365 3249 3453 3306 διὰ
3516 3252 3577 3307 σὶ
3628 3250 3803 3307 χυλα-

384 3356 513 3412 ᾳυω
536 3343 769 3411 propter
791 3345 843 3393 te
866 3335 1290 3407 suscipiuntur,
1320 3339 1597 3393 conlirma
1620 3339 1929 3413 supplicia,
1953 3358 2025 3399 ne

2140 3355 2247 3399 σεις
2296 3334 2608 3415 ἐνίσχυσον,
2670 3341 2886 3411 μήποτε
2931 3344 3050 3401 τοῖς
3106 3346 3206 3409 τῆς
3246 3340 3511 3411 ἀληθείας
3570 3339 3799 3416 ἐχθροῖς

379 3430 611 3502 quando
641 3429 709 3485 de
741 3444 835 3483 me
855 3426 1027 3483 liceat
1046 3426 1237 3483 dicere
1262 3426 1518 3483 inimicis
1541 3429 1802 3486 veritatis
1826 3448 1843 3484 :
1866 3453 1895 3481 ‹‹
1922 3432 2028 3488 Ubi

379 3522 470 3575 est
501 3522 650 3573 Deus
679 3532 879 3573 eorum
903 3515 927 3551 ⁴
959 3515 987 3571 'l
1039 3537 1067 3565 ι»
1099 3517 1239 3572 Post
1282 3532 1481 3587 preces
1529 3526 1721 3574 autem
1776 3519 2031 3577 relaxata

385 3608 496 3666 luit
528 3612 748 3679 martyr
777 3624 810 3663 a
841 3605 1164 3674 doloribus,
1189 3610 1245 3663 et
1275 3605 1459 3663 Deum
1482 3604 1753 3663 laudabat
1776 3610 1823 3664 ei
1848 3625 2029 3681 agens

385 3698 621 3770 gratias.
650 3697 782 3762 Quae
809 3697 1046 3770 quidem
1073 3696 1270 3753 statim
1294 3712 1442 3768 aegre
1466 3696 1655 3753 ferens
1676 3698 2025 3767 consularis,

385 3791 602 3846 ferreos
621 3790 930 3846 candentes
944 3787 1228 3844 obeliscos
1248 3788 1361 3859 (10)
1382 3788 1549 3857 jubet
1569 3787 1733 3862 inﬁgi
1751 3791 2029 3846 uberibus

384 3881 679 3952 martyris.
704 3880 824 3936 Hoc
855 3894 992 3950 ergo
1022 3879 1183 3949 gravi
1213 3879 1263 3933 ei
1296 3878 1457 3934 illato
1487 3884 1798 3947 tormento,
1823 3896 2028 3936 carnes

380 3968 620 4042 quidem
654 3967 855 4025 ferreis
887 3966 1305 4023 illis-obeliscis
1335 3969 1872 4036 consumebantur;
1906 3986 2030 4025 cor-

378 4058 469 4114 dis
493 4063 686 4114 autem
719 4058 850 4128 ejus
878 4072 1045 4112 amor
1065 4056 1122 4111 in
1146 4055 1439 4111 Christum
1466 4057 1649 4128 magis
1672 4058 2029 4114 accendeba-

380 4150 519 4214 tur;
542 4146 752 4202 deinde
783 4147 955 4203 etiam
981 4145 1150 4216 jubet
1177 4143 1480 4216 lampades
1505 4144 1654 4216 ignis
1673 4146 1801 4216 ejus
1823 4146 2029 4203 admo-

380 4235 499 4294 veri
544 4234 848 4292 lateribus.
911 4234 1018 4293 Illa
1071 4249 1230 4301 vero,
1289 4232 1465 4289 etiam
1524 4233 1666 4291 dum
1725 4234 2025 4310 lampades

2138 3424 2307 3480 εἰπεῖν
2335 3424 2418 3480 ἐπ’
2448 3425 2575 3499 ἐμοὶ
2605 3428 2839 3502 γένοιτο·
2879 3452 2907 3480 (ι
2940 3432 3055 3484 Ποῦ
3085 3428 3227 3484 ἐστιν
3258 3430 3286 3485 6
3319 3429 3449 3492 Θεὸς
3505 3429 3685 3487 αὐτῶν
3712 3453 3729 3503 ς
3762 3455 3792 3486 ιι

2134 3514 2238 3571 Καὶ
2275 3514 2409 3587 μετᾶ
2435 3518 2535 3586 τὴν
2568 3516 2739 3591 εὐχήν
2794 3522 2903 3574 τῶν
2958 3515 3164 3575 ὀδυνῶν
3222 3520 3256 3588 ἡ
3313 3519 3523 3594 μάρτυς
3561 3519 3794 3590 ἀνίεται,

2133 3602 2222 3660 καὶ
2253 3605 2318 3673 ἦν
2368 3603 2510 3660 οὕτω
2560 3607 2798 3680 ῥήμασιν
2857 3606 3296 3683 εὐχαριστηρίοις
3357 3606 3657 3679 δοξάζουσα
3703 3611 3797 3666 τὸν

2135 3698 2289 3756 Θεόν.
2338 3698 2479 3770 Πρὸς
2506 3694 2639 3760 ἅπερ
2672 3699 2825 3761 αὗθις
2876 3699 2905 3752 6
2948 3698 3208 3760 ὑπατικὸς
3255 3698 3581 3774 χαλεπήνας
3629 3697 3791 3769 σιδη-

2134 3794 2261 3864 ροῦς
2308 3786 2629 3850 ὀϐελίσκους
2656 3786 3061 3863 ἐκπυρωθέντας
3109 3788 3243 3843 κατὰ
3271 3792 3380 3843 τῶν
3425 3793 3645 3859 μαστῶν
3691 3796 3792 3857 τῆς

2139 3880 2410 3955 μάρτυρος
2466 3877 2782 3955 ἐμπαγῆναι
2840 3878 3182 3953 προστάττει.
3230 3878 3346 3947 Τῆς
3399 3875 3489 3932 οὖν
3534 3876 3793 3952 χαλεπῆς

2133 3968 2273 4043 αὐτῇ
2316 3966 2775 4042 προσενεχθείσης
2847 3967 3103 4042 βασάνου,
3163 3966 3217 4021 αἱ
3273 3966 3367 4039 μὲν
3420 3968 3613 4041 σάρκες
3670 3973 3791 4027 τοῖς

2134 4055 2383 4131 σιδηροῖς
2413 4057 2641 4119 ἐκεῖνοις
2674 4054 2987 4119 ὀϐελίσκοις
3037 4053 3405 4115 ἐδαπανῶντο.
3465 4058 3528 4113 τὸ
3582 4054 3641 4112 δὲ
3688 4063 3791 4125 τῆς

2130 4145 2355 4222 καρδίας
2420 4151 2517 4203 τοῦ
2576 4147 2715 4223 πρὸς
2773 4146 3008 4221 Χριστὸν
3087 4143 3349 4221 διάπυρον
3404 4141 3611 4221 ἔρωτος
3697 4145 3788 4201 ἐπὶ

2130 4235 2297 4293 πλέον
2352 4236 2646 4309 ἆνήπτετοο
2698 4237 2820 4291 εἶτα
2872 4235 2962 4291 καὶ
3016 4233 3310 4309 λαμπάδας
3346 4235 3519 4312 πυρὸς
3572 4233 3789 4291 uelauit

454 4382 471 4418 ι
502 4380 709 4437 Jerem.
741 4396 800 4448 x,
834 4380 920 4436 11.
956 4379 976 4414 ⁸
1002 4377 1154 4436 Psal.
1185 4394 1310 4446 xcv,
1343 4378 1397 4433 5.
1430 4376 1453 4412 3
1474 4377 1628 4436 Psal.
1660 4396 1815 4450 cxur,
1848 4381 1901 4439 8.
1934 4380 1956 4415 ⁴
1979 4381 2131 4440 Psal.
2165 4399 2321 4454 crux,
2352 4384 2407 4440 2.

452 4523 533 4597 (5)
563 4524 739 4589 Quam
774 4522 952 4579 fuerit
981 4520 1249 4597 ab_omni
1283 4524 1436 4577 retro
1458 4522 2032 4597 temporeChristiag

380 4593 476 4652 nis
513 4593 816 4651 'usitatum
868 4611 933 4650 ae
995 4593 1292 4665 solemne,
1330 4593 1669 4663 praesertim,
1703 4595 1844 4649 dum
1889 4596 2034 4665 quid

422 4668 599 4723 rande
630 4668 1017 4735 inccptarent,
1050 4682 1112 4720 se
1142 4663 1329 4720 crucis
1365 4667 1530 4726 signo
1555 4681 1805 4731 munire,
1833 4663 1934 4721 seu
1971 4675 2033 4723 ut

422 4684 599 4723 ranae
630 4684 1017 4735 tuccprarenr,
1050 4684 1112 4720 se
1142 4684 1329 4720 crucis
1365 4684 1530 4726 signo
1555 4684 1805 4731 munire,
1833 4684 1934 4721 seu
1971 4684 2028 4723 ut

382 4684 717 4796 iactantius
768 4740 840 4795 De
894 4737 1163 4793 mortibus
1210 4742 1623 4807 persecuturum
1666 4752 1792 4807 cap.
1828 4754 1884 4807 κ,
1925 4739 2028 4805 ait,

383 4810 505 4867 suis
540 4811 832 4866 frontibus
862 4806 1196 4864 immortale
1221 4808 1422 4879 crucis
1457 4806 1686 4876 signum
1711 4806 2028 4879 imponere,

383 4886 542 4954 patet
573 4888 695 4954 tum
729 4900 795 4939 ex
829 4880 938 4937 hoc
971 4881 1029 4938 S.
1055 4878 1372 4954 Charitinaa
1402 4879 1687 4954 exemplo,
1720 4885 1832 4934 tum
1859 4878 2032 4939 etiam

389 4951 459 5010 ex
479 4953 835 5009 Tertulliano
866 4954 1013 5008 libro
1045 4952 1117 5007 De
1144 4965 1343 5006 corona
1374 4951 1573 5005 militis
1599 4966 1724 5020 cap.
1752 4967 1838 5017 ur,
1863 4954 1961 5008 ubi
1985 4957 2034 5010 is

385 5025 466 5081 ita
492 5026 751 5096 loquitur
783 5044 796 5080 :
830 5046 857 5074 «ι
890 5024 970 5079 Ad
1013 5038 1244 5096 omnem
1294 5037 1665 5096 progressum
1700 5028 1875 5091 atque
1909 5043 2033 5095 pro-

388 5093 637 5164 motum,
665 5098 732 5151 ad
768 5111 1004 5152 omnem
1036 5095 1257 5149 aditum
1293 5098 1350 5146 et
1381 5093 1626 5164 exitum,
1659 5096 1729 5149 ad
1764 5093 2034 5153 vestitum

384 5175 442 5225 et
462 5168 778 5225 calceatum
805 5186 819 5236 ;
846 5169 912 5222 ad
937 5168 1184 5231 lavacra,
1209 5164 1277 5219 ad
1306 5180 1558 5232 mensas,
1589 5165 1658 5220 ad
1694 5166 1937 5237 lumina,
1961 5171 2031 5224 ad

385 5242 625 5309 cubilia,
685 5240 757 5295 ad
821 5238 1047 5304 sedilia,
1106 5252 1456 5309 quacunque
1512 5253 1618 5293 nos
1673 5241 2034 5298 conversatio

390 5308 635 5375 exercet,
660 5309 905 5367 frontem
938 5310 1129 5368 crucis
1160 5308 1460 5383 signaculo
1494 5310 1755 5383 terimus.
1788 5333 1817 5363 »

457 5384 539 5456 (6)
570 5387 777 5453 Voces,
813 5399 941 5454 qua:
977 5380 1373 5456 respondeant
1402 5380 1498 5435 his
1534 5381 1754 5456 Latinis
1786 5398 1800 5437 :
1835 5382 2032 5440 Ι)οωί-

389 5451 507 5516 nus
522 5451 725 5511 autem
759 5451 932 5512 caelos
964 5451 1115 5521 feeit,
1141 5472 1175 5509 a
1204 5451 1400 5508 Graeco
1432 5457 1589 5507 textu
1622 5452 1854 5510 absunt.

462 5530 537 5600 (7)
569 5528 735 5583 Prior
764 5532 961 5600 textus
993 5525 1276 5600 reperitur
1306 5524 1458 5600 apud
1475 5523 1793 5600 geremiam
1827 5542 1952 5597 cap.
1975 5543 2031 5595 ι,

384 5602 421 5671 ᾖ
449 5595 550 5668 tl;
584 5598 937 5672 posteriores
965 5595 1203 5672 _Psalmo
1250 5611 1378 5664 xcv,
1409 5596 1445 5665 Ῡ
1471 5595 1509 5650 5
1538 5604 1591 5651 et
1621 5595 1849 5672 Bsalmc
1881 5595 2034 5672 mu,

380 5668 415 5747 ᾗ
451 5668 708 5731 secundo
743 5671 774 5728 4
806 5674 862 5727 et
885 5670 937 5726 8.
964 5669 1138 5727 Porro
1174 5683 1286 5725 non
1321 5682 1451 5724 esse
1481 5684 1513 5724 ει
1540 5668 1655 5725 veri
1681 5670 1869 5741 specie
1894 5668 2031 5726 alie;

2145 4542 2311 4596 num,
2365 4525 2520 4597 quod
2579 4522 2821 4581 duriora
2869 4522 3489 4597 ίιειιξὶιι,ηινινιιιιιιηιιΔ
3529 4522 3713 4597 verba
3760 4538 3796 4579 ιι

2143 4594 2355 4655 Christi
2382 4594 2653 4670 'martyre
2680 4601 2955 4670 congesta
2993 4594 3229 4663 fuerint,
3262 4594 3492 4651 ostendi
3524 4594 3587 4651 in
3617 4596 3791 4650 Com-

2143 4669 2431 4726 mentario
2462 4669 2626 4724 num.
2664 4669 2749 4725 15.

2212 4743 2290 4812 (8)
2322 4742 2580 4812 Summae
2608 4738 2944 4810 ignominiis
2964 4745 3099 4812 nota
3118 4734 3789 4812 mulieribusinuriturn

2142 4808 2898 4884 temporiscredebatur,‘si
2928 4810 3277 4884 eissumma
3306 4808 3513 4880 capitis
3534 4808 3789 4884 superﬁ-

2143 4880 2704 4940 cies'decalvaretur.
2737 4881 2878 4937 Vide
2927 4880 3235 4938 Galonium
3284 4886 3531 4936 tractatu
3584 4881 3659 4935 De
3692 4882 3791 4936 in-

2141 4957 2469 5083 siruzzzentz':
2484 4960 2796 5026 martyrum
2814 4968 3113 5025 eorumque
3138 4952 3495 5019 crudelibus,
3518 4967 3649 5025 pag.
3686 4952 3791 5007 M0

2142 5044 2172 5083 e
2342 5069 2352 5083 .

2142 5033 2199 5084 et
2230 5030 2352 5083 142.

2214 5098 2291 5169 (9)
2329 5096 2550 5161 Legesis
2581 5095 2838 5169 Danielis
2870 5100 3046 5169 caput
3075 5113 3159 5154 ιιι.

2216 5167 2327 5242 (10)
2392 5169 2642 5242 Obelisci
2684 5168 2784 5242 illi,
2817 5167 3002 5226 ferrea
3047 5171 3214 5225 erant
3258 5167 3672 5242 instrumenta,
3714 5181 3790 5242 ex

2143 5238 2424 5297 crassiore
2457 5240 2544 5296 sui
2578 5246 2742 5313 parte
2771 5240 2831 5296 in
2857 5247 3088 5296 acutam
3111 5239 3413 5313 cuspidem
3436 5238 3786 5313 desinentia,

2143 5314 2462 5370 cerdonum
2493 5309 2724 5368 subulis
2772 5328 2887 5368 non
2937 5309 3251 5382 absimilis,
3278 5327 3402 5381 qua
3432 5314 3489 5367 et
3518 5309 3789 5366 acumine

2144 5402 2250 5440 suo
2282 5390 2338 5440 et
2370 5385 2538 5453 igneo
2567 5384 2772 5439 ardore
2802 5400 2918 5441 non
2950 5387 3218 5454 poterant
3241 5399 3357 5454 non
3384 5384 3441 5438 in
3472 5385 3592 5454 tam
3625 5386 3789 5454 tene-

2143 5472 2226 5511 r18
2280 5450 2524 5528 virginei
2591 5455 2852 5528 corporis
2902 5450 3184 5511 membris
3238 5450 3789 5528 vehementissimos

2143 5524 2439 5656 gruqiatus
2496 5524 2765 5596 excitare,
2823 5526 2959 5591 dum
3019 5542 3224 5589 carnes
3271 5527 3351 5583 ita
3390 5524 3549 5591 lente
3593 5527 3788 5581 torre-

2183 5616 2254 5656 an
2288 5638 2302 5654 .

2183 5604 2302 5656 ant.
