4106 6200
338 319 480 381 1001

1487 312 1958 379 MARTYBIUM
2004 310 2064 372 S.
2113 313 2580 378 CHARITINfE.

3583 326 3738 388 1002

327 483 446 540 ταῖς
505 475 763 551 πλευραῖς
840 473 999 545 αέτῆς
1053 474 1431 540 ἒπικαίεσθάιο
1485 479 1520 544 ἡ
1581 473 1658 544 δὲ,
1715 473 1806 528 καὶ
1866 475 1973 526 τῶν

2112 476 2558 534 ιοοοιιᾶθοοιιῐοι*
2589 479 2726 551 (11),
2759 479 3044 537 intensius
3076 486 3480 554 perseverabat
3516 488 3575 543 in
3607 506 3740 546 ora-

332 564 637 641 λαμπάδων
698 566 1120 642 ὑφαπτομένων,
1183 569 1288 620 τῶν
1367 564 1546 638 εὐχῶν
1616 562 1978 636 ἐκτενέστερον

337 654 543 735 εἶ’χετο,
591 657 679 711 καὶ
740 662 838 724 τῆς
896 653 1166 729 τιμωρίας
1214 655 1460 710 ἃνεθεῖσα
1516 655 1651 730 πρὸς
1709 652 1772 708 τὸ
1827 656 1982 716 θῦσαι

335 751 452 809 τοῖς
484 750 626 810 θεοῖς
658 746 1018 819 ἠναγκάζετο.

411 840 484 893 Δ’.
524 834 675 888 Ἐπεὶ
727 833 784 888 δὲ
814 835 902 888 καὶ
959 830 1156 908 καρδίᾳ
1211 834 1300 887 καί
1359 832 1601 908 χείλεσιν
1654 830 1985 906 ἂμετςίοετος

337 925 402 994 ἦν
439 923 538 991 τήν
598 921 921 996 ὁμολογίαν,
953 923 1143 993 ἐπίσης
1191 922 1327 996 αὐτῇ
1370 925 1456 976 καὶ
1509 923 1536 976 ὀ
1587 920 1841 990 δικάζων,
1881 922 1982 989 τὴν

339 1014 426 1068 ἐπὶ
460 1011 538 1084 τῷ
568 1017 720 1085 κακῷ
767 1007 1002 1066 ἔνστασιν
1055 1009 1336 1072 ἆνένδοτος
1386 1009 1484 1080 ὢν,
1517 1010 1726 1065 κελεύει
1785 1010 1984 1078 ταύτην

342 1101 494 1165 λίθον
551 1106 648 1156 τοῦ
695 1100 984 1176 τραχήλου
1059 1098 1360 1174 έκδεθῇναι,
1432 1101 1519 1154 καὶ
1584 1101 1760 1162 οὕτως
1818 1098 1984 1166 αὐτὴν

341 1194 476 1247 κατᾶ
527 1194 696 1266 βυθοῦ
729 1191 1004 1260 θαλάσσης
1036 1190 1401 1269 ἇπορῥιφῆναι
1437 1212 1450 1223 ·
1487 1191 1652 1265 οὗπερ
1713 1187 1776 1258 δὴ
1826 1209 1983 1264 γενοο

345 1281 529 1354 μένου,
572 1281 898 1356 Εὐχαριστῶ
958 1302 1066 1349 σοι,
1128 1280 1314 1354 Κύριε,
1363 1281 1398 1349 ἡ
1459 1281 1664 1353 μάρτυς
1717 1273 1868 1346 ἐϐόα,
1900 1276 1982 1332 ὅτι

345 1392 413 1443 με
444 1368 675 1425 διελθεῖν
709 1367 778 1424 δι’
807 1367 1001 1431 ὕδατος
1033 1367 1325 1424 θαλαττίου
1377 1365 1467 1424 διὰ
1510 1369 1576 1423 τὸ
1603 1369 1692 1422 σὸν
1748 1365 1985 1440 εὐλογη-

335 1461 428 1514 τὸν
477 1456 670 1530 ὄνομα,
716 1458 853 1514 ὥστε
916 1459 1007 1513 καὶ
1080 1457 1320 1532 καθαρὰν
1371 1457 1652 1531 εὑρεθῆναι
1699 1455 1834 1511 κατίι
1889 1456 1986 1524 τὴν

335 1548 546 1622 ἡμέραν
592 1555 687 1617 τῆς
746 1548 1090 1610 ἀναστάσεως
1125 1591 1136 1603 .
1190 1547 1338 1603 ἀλλά
1395 1568 1490 1601 σου
1552 1545 1742 1617 δεῖξον,
1777 1546 1851 1608 ὡς
1902 1543 1983 1598 ἀεὶ

337 1639 429 1694 καὶ
485 1642 574 1692 νῦν
623 1637 704 1692 ἐπ’
738 1637 866 1710 ἐμοὶ
922 1637 990 1692 τὰ
1047 1638 1338 1710 Θαυμάσια,
1365 1634 1433 1691 δι’
1463 1637 1536 1690 ὧν
1569 1634 1657 1690 ἐπὶ
1687 1633 1855 1690 πλέον
1900 1630 1989 1687 δο-

340 1729 654 1802 ξασθήσεεαι
714 1728 776 1782 τὸ
845 1726 984 1802 μέγα
1033 1747 1129 1782 σου
1185 1723 1360 1800 ὄνομα
1444 1725 1519 1787 είς
1576 1724 1704 1786 τοὺς
1768 1723 1982 1786 αἰῶνας,

2095 565 2377 623 tionibus.
2413 569 2517 624 Sed
2554 586 2588 625 a
2617 568 2876 627 cruciatu
2909 571 3171 629 relaxatae
3203 575 3290 631 vis
3313 577 3508 647 ﬁebat,
3532 581 3595 636 ut
3625 579 3740 638 diis

2093 654 2462 713 sacriﬁcaret.

2164 837 2254 895 IV.
2288 838 2433 894 Cum
2463 843 2658 897 autem
2704 845 2762 898 et
2792 843 2963 900 corde
2992 847 3050 901 et
3078 844 3258 903 labris
3291 847 3349 902 in
3374 848 3744 908 confessione

2094 931 2248 983 esset
2300 929 2706 1000 immutabilis,
2733 933 2936 1002 judex,
2970 935 3070 1006 qui
3128 952 3291 1007 seque
3324 945 3493 1009 atque
3522 939 3649 1010 ipsa
3679 940 3739 995 in

2093 1017 2399 1073 tormentis
2430 1022 2728 1086 constans,
2770 1023 2840 1076 ad
2868 1022 3084 1078 malum
3117 1029 3234 1080 erat
3267 1025 3624 1095 obstinatus,
3650 1028 3744 1098 ju-

2096 1105 2188 1160 bet
2225 1104 2474 1175 lapidem
2507 1107 2652 1164 collo
2702 1110 2827 1180 ejus
2857 1109 3086 1182 alligari
3118 1121 3170 1168 et
3201 1115 3286 1170 sic
3317 1130 3445 1170 eam
3478 1116 3648 1185 dejici
3681 1117 3741 1171 in

2095 1195 2448 1267 profundum
2483 1197 2662 1253 maris
2695 1199 2826 1270 (12).
2861 1199 3023 1264 Quod
3073 1202 3310 1273 quidem
3350 1222 3485 1260 cum
3519 1207 3738 1263 factum

2095 1288 2269 1353 esset,
2299 1288 2423 1358 Ago
2465 1287 2570 1342 tibi
2600 1289 2831 1357 gratias,
2865 1289 3134 1359 Domine,
3167 1291 3456 1350 clamabat
3505 1304 3740 1368 martyr,

2095 1375 2250 1444 quod
2293 1382 2353 1430 ut
2410 1392 2508 1447 per
2564 1394 2781 1450 aquam
2823 1380 3104 1437 marinam
3141 1384 3475 1455 transirem,
3509 1395 3744 1458 pr0pter

2094 1468 2356 1520 sanctum
2389 1471 2558 1521 tuum
2587 1483 2821 1535 nomen,
2853 1469 2956 1523 tibi
2990 1471 3178 1527 visum
3210 1473 3305 1542 sit,
3336 1491 3450 1545 quo
3483 1475 3747 1532 inveniar

2097 1553 2318 1608 munda
2372 1554 2430 1609 in
2462 1555 2554 1610 die
2583 1558 3068 1628 resurrectionis;
3120 1561 3220 1615 sed
3256 1565 3355 1617 tua
3384 1566 3643 1633 ostende,
3679 1569 3745 1620 ut

2097 1655 2345 1712 semper,
2393 1658 2550 1698 nunc
2607 1661 2840 1717 quoque
2889 1646 2949 1702 in
2981 1663 3073 1704 me
3132 1648 3435 1719 miracula,
3487 1669 3586 1723 per
3617 1670 3740 1722 quas

2097 1745 2373 1801 magnum
2404 1734 2573 1786 tuum
2598 1749 2810 1789 nomen
2833 1735 3023 1808 magis
3048 1736 3407 1808 glorificatur
3436 1740 3494 1794 in
3527 1741 3745 1796 saecula

341 1818 747 1890 Ἀμτςν.Ταῦτα
805 1815 976 1876 οὕτως
1038 1815 1215 1886 ἐκείνη
1273 1836 1331 1869 τε
1360 1813 1730 1888 προσηύχετο,
1779 1812 1869 1866 καὶ
1920 1812 1986 1865 τὰ

2112 1819 2460 1875 saeculorum.
2492 1823 2696 1878 Amen.
2731 1822 2859 1878 Haec
2889 1823 2992 1879 illa
3023 1826 3108 1882 sic
3139 1827 3343 1894 oravit,
3369 1832 3424 1883 et
3451 1829 3744 1885 dissoluta

340 1903 513 1980 δεσμᾶ
543 1904 811 1974 διελύετο,
850 1907 1016 1979 μόνος
1047 1925 1103 1959 τε
1124 1905 1151 1958 ὁ
1185 1903 1337 1966 λίθος
1368 1908 1447 1958 τῶ
1487 1904 1634 1978 βυθῶ
1672 1899 1985 1957 κατεδύετο.

341 1996 404 2052 Ἠ
435 1992 490 2050 δὲ
523 1992 590 2068 (ὢ
619 1998 715 2049 τοῦ
747 1995 1020 2066 θαύματος
1049 1995 1086 2066 ί)
1117 1993 1346 2067 ἆτρόμῳ
1400 1989 1527 2046 ποδὶ
1584 1995 1699 2053 τοῖς
1744 1996 1844 2060 τῆς
1896 2001 1988 2054 θα-

348 2085 554 2154 λάσσης
582 2086 776 2147 νώτοις
827 2084 1078 2164 ἐφίστατο
1135 2083 1224 2138 καὶ
1276 2087 1382 2137 τῶν
1419 2081 1622 2136 ὑδάτων
1653 2083 1745 2136 οἷα
1777 2085 1994 2155 στερεᾶς

349 2169 699 2229 ἐπιϐαίνουσα
730 2173 864 2247 πρὸς
913 2175 1004 2227 τὸν
1048 2171 1300 2247 αἰγιαλὸν
1350 2169 1658 2244 ἐπορεύετο.
1695 2171 1779 2225 Ἐν
1810 2168 1992 2241 τούτῳ

353 2261 409 2319 δὲ
438 2264 528 2318 καὶ
585 2265 675 2318 τὸν
709 2263 966 2318 ὑπατικὸν
1003 2260 1191 2317 ἷδοῦσα
1247 2261 1622 2335 προσμένοντα
1680 2281 1738 2315 τε
1785 2261 1874 2315 καὶ
1930 2261 1992 2314 τὸ

352 2358 450 2409 τοῦ
508 2354 824 2429 πράγματος
883 2355 1048 2427 πέρας
1101 2349 1252 2422 ἰδεῖν,
1287 2349 1418 2426 ὅπερ
1469 2349 1528 2406 ἂν
1577 2350 1810 2427 γένοιτο,
1844 2346 1995 2404 ἐκδε-

355 2442 616 2518 χόμενον,
656 2444 903 2518 Χαίροις,
967 2442 1210 2510 ὑπατικὲ,
1256 2440 1450 2515 λέγει’
1502 2437 1627 2495 ούδέ
1685 2440 1851 2513 μέχρι
1903 2439 1990 2492 καὶ

353 2537 440 2587 νῦν
486 2538 721 2601 συνῆκας
775 2533 877 2600 τήν
935 2530 1012 2591 εἰς
1070 2527 1168 2602 ἔμε
1213 2528 1314 2583 τοῦ
1354 2527 1700 2603 ἐνεργοῦντος
1757 2526 1809 2582 έν
1870 2526 1994 2600 ἐμοὶ

355 2625 591 2697 Χριστοῦ
651 2619 915 2694 δύναμιν;
981 2622 1050 2677 "li
1123 2617 1459 2697 τυφλώττειν
1517 2614 1592 2673 ἔτι
1642 2617 1996 2696 φιλονεικεῖς,

354 2715 442 2770 καὶ
497 2717 632 2788 πρὸς
675 2713 773 2782 τήν
837 2711 1096 2782 ἀλήθειαν
1157 2710 1674 2784 ἀπομάχεσθαι;Εί
1737 2709 1830 2780 μὲν
1882 2706 1995 2776 οὖν,

352 2803 447 2858 τοῦ
521 2801 744 2864 σκότους
833 2801 1095 2879 ἀφέμενος
1179 2805 1259 2873 τῷ
1335 2800 1583 2870 ἀληθινῶ
1640 2795 1994 2874 προσδράμῃς

353 2893 516 2970 φωτὶ,
575 2895 781 2946 σεαυτῶ
864 2891 1251 2965 πραγματεύσῃ
1305 2891 1404 2959 τὴν
1467 2888 1783 2965 σωτηρίαν’
1845 2888 1888 2942 εἰ
1940 2886 1996 2942 δὲ

349 2983 441 3036 καὶ
492 2980 568 3036 ἔτι
606 2986 723 3042 τοῖς
762 2983 1050 3054 προτέροις
1108 2977 1359 3051 ἐμμεῖναι
1417 2977 1690 3049 θελήσεις,
1723 2977 1845 3049 ἐμοὶ
1900 2976 1993 3048 μὲν

351 3069 578 3125 πολλῶν
634 3070 808 3130 αἳτιος
867 3070 1205 3142 ἀγαθῶν,τῇ
1266 3064 1321 3121 δὲ
1377 3070 1445 3140 σῇ
1504 3069 1658 3141 ψυχῇ
1717 3064 1995 3127 ἀπωλείας

354 3159 606 3233 πρόξενος
662 3155 775 3233 ἔσῃ.
819 3158 1034 3227 Ταύτην
1085 3157 1113 3211 ὁ
1169 3157 1468 3230 κατάρατος
1531 3156 1632 3224 τὴν
1687 3153 1991 3230 παρρησίαν

356 3249 452 3305 οὐκ
473 3248 727 3325 ἐνεγκὼν,
757 3246 836 3304 ἔτι
869 3245 926 3303 δὲ
979 3249 1066 3303 καὶ
1118 3247 1180 3301 τὸ
1210 3247 1334 3320 περὶ
1382 3246 1547 3316 αὐτὴν
1599 3249 1781 3319 Θαῦμα
1837 3265 1995 3300 κατα-

357 3338 581 3412 πλαγεὶς
620 3339 859 3410 ἐξίστατὸ
917 3359 972 3393 τε
1017 3339 1228 3406 ἑαυτοῦ,
1258 3337 1348 3391 καὶ
1397 3336 1608 3410 ἀφωνία
1635 3334 1998 3406 κατείληπτο.

355 3430 486 3501 Ὀψὲ
518 3426 573 3482 δέ
603 3449 735 3484 ποτε
771 3429 860 3483 καὶ
924 3426 1086 3500 μόλις
1146 3426 1440 3500 ἀνενεγκὼν
1473 3425 1702 3481 συνιέναι
1739 3426 1833 3498 μὲν
1903 3424 2003 3478 οὐκ

358 3513 620 3572 ἐϐούλετο
655 3538 668 3550 ·
704 3518 835 3595 φησὶ
873 3514 930 3570 δὲ
966 3535 977 3548 '
1023 3515 1280 3591 Μεγάλην
1314 3513 1516 3570 οἷέσοαί
1569 3536 1636 3588 με
1689 3518 1786 3570 τοῦ
1847 3511 2004 3568 Γαλιο

360 3606 516 3662 λαίου
569 3608 668 3674 τὴν
729 3603 957 3678 δύναμιν
1009 3607 1255 3660 πειθουσι
1321 3606 1387 3659 τὰ
1452 3605 1813 3681 γεγενημένα,
1873 3601 2000 3658 ἀλλ’

359 3692 536 3770 ἔγωγε
573 3695 793 3770 γοητείᾳ
855 3693 1065 3767 μᾶλλον
1123 3693 1506 3770 ἐξειργασμένα
1564 3690 2002 3761 διαλέξαιταῦτα

358 3785 708 3858 πειράσομαι.
760 3781 942 3844 Οὕτως
993 3779 1118 3856 ἔφη,
1171 3781 1261 3837 καί
1317 3787 1434 3846 τοῖς
1500 3785 1835 3856 παρεστῶσιν
1899 3780 1998 3834 αὐ-

356 3875 480 3928 τίκα
534 3893 628 3934 τας
661 3869 812 3946 ὄψεις
845 3866 1122 3927 ἐπιϐαλὼν
1155 3870 1441 3946 γυμνῶσαί
1475 3892 1534 3926 τε
1570 3873 1672 3941 τὴν
1733 3869 1996 3944 μακαρίαν

357 3963 514 4027 εὐθὺς
596 3963 685 4016 κεί
768 3968 1211 4037 περιαγκωνῆσαι
1289 3959 1614 4035 προστάττει
1695 3963 1885 4034 τροχῶ
1941 3980 2000 4015 τε

425 4109 534 4178 (11)
557 4110 834 4163 Incensas
867 4108 1042 4174 faces,
1078 4123 1193 4163 non
1216 4111 1445 4163 tantum
1478 4105 1762 4162 lateribus
1785 4109 2000 4176 marty-

357 4196 512 4245 rum,
531 4182 626 4234 sed
653 4184 711 4234 et
732 4178 979 4250 singulis
1001 4195 1202 4234 eorum
1225 4179 1498 4234 membris
1517 4179 1781 4233 admotas
1813 4193 1997 4247 quan-

357 4252 546 4321 doque
578 4251 780 4314 fuisse.
814 4255 1058 4305 testatur
1081 4250 1407 4306 Lactantius
1442 4252 1512 4306 De
1544 4251 1702 4321 Mart.
1733 4257 1994 4321 persecat.

359 4319 490 4389 cap.
531 4338 648 4376 XXI.
685 4323 1000 4389 Lampades
1033 4331 1222 4377 autem
1273 4321 1403 4387 illas,
1456 4326 1519 4376 ut
1548 4338 1615 4376 ex
1670 4319 1910 4376 Galonio
1942 4325 1998 4375 et

361 4393 672 4448 Laurentio
713 4394 783 4448 de
816 4393 1011 4447 Rebus
1044 4392 1293 4464 publicis
1324 4394 1492 4448 docet
1524 4392 1767 4447 Pitiscus
1799 4391 1858 4464 in
1891 4408 1996 4446 suo

359 4463 556 4519 Lexico
609 4463 1292 4534 Antiquitalum,’fiebant
1341 4465 1450 4520 hoc
1499 4465 1670 4519 modo
1705 4481 1717 4518 :
1751 4486 1777 4512 «
1813 4463 1996 4517 Desu-

363 4537 692 4602 mebantur,
728 4538 916 4604 inquit
953 4535 1227 4590 laudatus
1265 4536 1530 4601 Pitiscus,
1563 4552 1700 4590 vasa
1731 4535 1992 4605 quadam

357 4608 477 4663 lata
530 4607 707 4661 unius
752 4607 929 4679 palmi
989 4608 1395 4679 longitudinis,
1450 4608 1537 4662 vel
1569 4606 1996 4675 aliquantulum

361 4679 614 4748 majoris,
648 4695 774 4749 quis
796 4678 1006 4734 deinde
1030 4696 1059 4733 a
1082 4678 1316 4734 summo
1337 4680 1405 4733 ad
1434 4679 1731 4733 aretiorem
1757 4679 2003 4749 formam

360 4748 1045 4822 paululum'przeposteraz
1062 4766 1460 4821 perversaeque
1485 4748 1799 4822 pyramidis
1820 4748 2006 4803 instar

362 4820 854 4876 eontrahebantur
877 4827 1047 4892 atque
1061 4820 1597 4892 adstringebantur.
1613 4825 1784 4875 Erant
1807 4824 2003 4892 autem

357 4909 514 4958 vasa,
547 4892 630 4946 vel
675 4898 880 4959 terrea,
913 4891 1086 4948 sicuti
1117 4891 1378 4948 indicant
1409 4892 1526 4960 illa,
1562 4908 1688 4963 quae
1718 4907 1785 4946 ex
1817 4891 2005 4963 ruinis

359 4964 604 5032 hujusce
626 4963 796 5019 Urbis
826 4965 1068 5033 (Remis)
1095 4981 1520 5034 nonnunquam
1554 4962 1872 5029 eruuntur;
1915 4962 2002 5016 vel

357 5035 564 5102 ferrea,
600 5040 664 5090 ut
711 5036 902 5089 innuit
941 5036 1167 5090 Colum.
1203 5053 1302 5104 xu,
1339 5037 1424 5103 18,
1640 5035 1842 5090 Postea
1873 5049 2004 5088 vero

353 5123 491 5178 vasa
523 5106 641 5162 hac
692 5105 940 5162 haslulis
984 5108 1335 5176 quibusdam
1389 5107 1690 5178 quadratis
1737 5111 1796 5178 et
1825 5105 2004 5160 simul

356 5177 650 5242 colligatis
682 5183 868 5248 septa,
903 5195 1029 5248 quae
1061 5180 1132 5233 ad
1165 5177 1433 5233 vasorum
1472 5177 1918 5231 similitudinem
1949 5179 2006 5230 et

355 5249 493 5314 ipsae
550 5267 584 5304 a
665 5265 896 5304 summo
955 5249 1236 5319 paulatim
1317 5249 1805 5319 astringebantur,
1872 5248 2005 5315 igne

359 5319 652 5392 flammam
680 5321 978 5376 emittente
1009 5319 1218 5392 repleri
1249 5320 1532 5375 solebant.
1558 5320 1730 5392 Porro
1764 5321 1867 5372 has
1899 5320 2006 5392 ha-

358 5389 570 5454 stulas,
594 5391 642 5444 si
673 5392 743 5446 ad
781 5408 864 5458 ea,
900 5393 968 5446 ad
1004 5389 1127 5462 ques
1169 5392 1470 5463 lampades
1509 5390 1637 5446 usui
1669 5396 1851 5454 erant,
1886 5390 2008 5463 ani-

358 5478 520 5534 mum
550 5464 897 5534 referamus,
924 5460 1343 5533 intelligemus,
1371 5464 1631 5534 quinque
1652 5467 1753 5516 aut
1772 5477 1870 5515 sex
1893 5460 2009 5534 paril-

361 5533 476 5588 mis
508 5532 640 5604 plus
665 5535 931 5590 minusve
951 5532 1249 5591 exstitisse
1269 5532 1574 5605 oblongas.
1596 5556 1623 5583 »
1649 5539 1864 5588 Harum
1887 5533 2009 5605 efﬁ-

361 5606 514 5673 giem
550 5605 784 5662 exhibet
845 5606 1120 5662 Galonius
1173 5608 1345 5661 citato
1391 5604 1662 5661 Tractatu
1725 5621 1855 5674 pag.
1914 5604 2005 5658 75.

362 5677 670 5745 Caeterum,
731 5682 794 5733 ut
851 5679 1207 5745 Lactantius,
1270 5695 1446 5750 supra
1487 5677 1779 5742 laudatus,
1814 5676 2009 5732 innuit

681 5802 948 5863 PATROL.
997 5804 1105 5864 GR.
1153 5803 1322 5863 CXV.

2100 1917 2236 1963 sunt
2261 1909 2512 1976 vincula,
2546 1914 2602 1966 et
2627 1911 2782 1968 solus
2813 1912 2957 1984 lapis
2980 1914 3088 1969 fuit
3116 1914 3174 1969 in
3200 1917 3486 1986 profundo
3517 1919 3746 1974 demer—

2099 2013 2222 2052 sus.
2281 1997 2380 2052 llla
2413 2002 2606 2055 autem
2669 1999 2722 2072 (0
2754 2001 3099 2058 miraculum
3133 2003 3186 2075 l)
3229 2004 3396 2061 firmo
3436 2022 3502 2061 ac
3549 2007 3747 2062 stabili

2102 2086 2246 2157 pede
2295 2087 2482 2142 stabat
2543 2104 2718 2159 super
2773 2090 3014 2146 dorsum
3058 2093 3264 2161 maris,
3305 2097 3362 2149 et
3391 2111 3492 2165 per
3539 2112 3744 2166 aquas,

2103 2178 2383 2245 tanquam
2409 2191 2504 2245 per
2527 2183 2736 2233 terram
2756 2177 3001 2234 solidam
3024 2180 3382 2251 ingrediens,
3418 2183 3747 2253 proﬁcisce-

2104 2262 2272 2318 batur
2301 2265 2371 2320 ad
2405 2264 2571 2321 littus
2602 2267 2738 2337 (13).
2773 2268 3010 2324 Interim
3034 2285 3166 2325 vero
3193 2286 3328 2326 cum
3360 2271 3594 2327 vidisset
3627 2288 3747 2328 ma-

2103 2357 2337 2408 nentem
2369 2353 2732 2410 consularem
2773 2363 2825 2411 et
2865 2362 3312 2428 exspectantem,
3347 2361 3621 2430 quisnam
3657 2362 3750 2417 fu-

2103 2446 2272 2497 turus
2311 2447 2465 2498 esset
2495 2443 2576 2500 rei
2609 2443 2822 2515 exitus,
2846 2445 2989 2502 dicit
3020 2464 3033 2502 :
3068 2448 3253 2512 Salve,
3287 2450 3638 2505 consularis.
3672 2453 3751 2506 Ne

2105 2547 2260 2586 nunc
2291 2531 2522 2602 quidem
2577 2533 2912 2589 intellexisti
2970 2535 3245 2592 virtutem
3285 2537 3521 2607 Christi,
3556 2540 3656 2611 qui
3688 2542 3748 2595 in

2106 2638 2198 2676 me
2228 2629 2499 2692 operatur
2522 2622 2549 2677 ?
2580 2628 2665 2678 An
2697 2623 2888 2680 adhuc
2928 2627 3235 2683 contendis
3264 2628 3534 2685 eiscutire
3564 2637 3617 2685 et
3657 2647 3748 2686 re-

2105 2727 2366 2784 pugnare
2386 2711 2611 2768 veritati
2633 2712 2731 2768 ?Si
2761 2730 2894 2786 ergo
2927 2714 3144 2770 relictis
3165 2717 3421 2773 tenebris
3454 2719 3522 2774 ad
3559 2735 3748 2775 veram

2104 2797 2294 2855 lucem
2328 2799 2660 2867 accesseris,
2693 2801 2800 2856 tibi
2832 2801 3172 2872 procurabis
3196 2801 3471 2858 salutem.
3506 2804 3669 2871 Quod
3701 2805 3751 2860 si

2105 2888 2407 2959 persistere
2432 2889 2573 2945 velis
2593 2889 2650 2944 in
2672 2889 2985 2961 prioribus,
3016 2891 3416 2963 mihiquidem
3439 2894 3552 2949 eris
3576 2910 3752 2949 causa

2107 2974 2427 3032 multorum
2459 2977 2769 3047 bonorum,
2800 2981 2913 3034 tuae
2947 2984 3141 3034 autem
3190 2982 3399 3036 animm
3449 2981 3750 3036 interitum

2104 3067 2462 3125 conciliabis.
2503 3067 2665 3124 Hanc
2698 3068 2928 3125 dicendi
2960 3069 3289 3125 libertatem
3323 3086 3452 3125 cum
3489 3087 3605 3126 non
3639 3071 3750 3126 fer-

2107 3162 2194 3214 ret
2222 3141 2310 3213 vir
2364 3159 2772 3227 exsecrandus,
2817 3174 2883 3215 eo
2913 3163 3129 3228 autem,
3163 3159 3318 3231 quod
3348 3160 3408 3215 in
3440 3175 3563 3215 eam
3599 3163 3754 3216 acci-

2109 3248 2289 3314 derat,
2323 3246 2601 3302 miraculo
2632 3251 2786 3302 esset
2815 3247 3276 3318 obstupefactus,
3309 3265 3343 3303 a
3373 3264 3434 3304 se
3468 3249 3754 3315 discessit,

2106 3353 2360 3408 eumque
2391 3352 2497 3392 vox
2522 3344 2573 3392 et
2605 3353 2796 3392 sermo
2837 3337 3067 3392 defecit.
3101 3341 3245 3393 Cum
3276 3342 3470 3393 autem
3502 3338 3596 3393 vix
3628 3346 3751 3394 tan-

2107 3428 2237 3481 dem
2287 3425 2358 3480 ad
2409 3441 2472 3482 se
2530 3425 2826 3490 rediisset,
2860 3424 3096 3482 nolebat
3127 3427 3362 3497 quidem
3404 3426 3750 3499 intelligere.

2103 3514 2253 3571 Dixit
2282 3521 2476 3569 autem
2512 3531 2525 3569 :
2575 3518 2649 3569 Ut
2679 3529 2952 3584 magnam
2985 3514 3206 3570 Galilaai
3238 3513 3351 3585 (14)
3385 3518 3586 3585 putem
3627 3531 3755 3572 esse

2105 3603 2446 3676 potentiam,
2479 3604 2834 3674 persuadent
2864 3619 2948 3672 ea,
2974 3619 3096 3673 quae
3127 3603 3278 3660 facta
3309 3609 3481 3672 sunt;
3514 3605 3614 3661 sed
3649 3621 3754 3676 ego

2105 3693 2357 3750 conabor
2404 3693 2729 3760 ostendere,
2779 3707 2845 3747 ea
2901 3692 3096 3764 potius
3146 3693 3301 3748 facta
3351 3709 3480 3749 esse
3534 3695 3755 3763 praesti-

2106 3784 2216 3854 giis
2247 3783 2382 3854 (15).
2435 3781 2528 3836 Sic
2560 3781 2724 3850 dixit,
2757 3784 2815 3837 et
2844 3781 2904 3838 in
2935 3797 3054 3848 eos,
3091 3783 3190 3853 qui
3229 3782 3514 3850 astabant,
3547 3781 3750 3837 statim

2105 3872 2306 3928 oculos
2336 3870 2863 3941 conjiciens,jubet
2885 3885 2983 3927 eos
3013 3870 3212 3926 statim
3237 3872 3459 3926 nudare
3491 3879 3751 3927 sanctam

2105 3965 2161 4017 et
2190 3959 2460 4016 manibus
2500 3964 2634 4031 post
2656 3963 2889 4032 tergum
2920 3960 3136 4017 vinctis
3167 3975 3293 4017 eam
3317 3966 3454 4016 rotas
3485 3962 3595 4031 (16)
3623 3960 3750 4016 alli-

2105 4123 2232 4176 cap.
2262 4106 2353 4172 21,
2375 4121 2805 4175 nonnunquam
2829 4109 3076 4162 tortores
3101 4105 3544 4176 lampadesillas
3577 4122 3757 4176 quan-

2103 4175 2227 4233 tum
2262 4178 2332 4232 ad
2366 4177 2736 4232 flammantia
2767 4175 3013 4249 lumina,
3048 4175 3342 4232 hautvero
3373 4175 3654 4249 quantum
3681 4179 3754 4232 ad

2104 4249 2382 4314 calorem,
2401 4250 2576 4320 paulo
2599 4253 2732 4303 ante
2749 4248 3223 4319 exstinguebant,
3239 4248 3416 4319 quam
3434 4255 3755 4320 martyrum

2103 4320 2446 4390 corporibus
2479 4336 2577 4375 eas
2601 4321 2999 4392 admoverent,
3033 4326 3097 4374 ut
3119 4322 3200 4374 sic
3223 4320 3452 4376 lentiori
3484 4322 3618 4392 igne
3639 4337 3758 4376 cre-

2107 4392 2335 4446 mandis
2368 4396 2689 4462 martyrum
2715 4391 2988 4446 membris
3013 4393 3260 4460 aptiores
3291 4397 3509 4449 essent.

2201 4464 2287 4533 12)
2321 4462 2477 4517 Mare
2507 4464 2662 4517 istud
2692 4462 2873 4518 fuisse
2907 4462 3154 4518 Pontum
3204 4464 3521 4527 Euxinum,
3559 4463 3756 4518 Amiso

2028 4564 2085 4631 D
2112 4535 2239 4590 urbi
2284 4535 2634 4603 proximum,
2668 4549 2735 4588 ex
2765 4535 3096 4603 conjectura
3129 4535 3299 4590 docui
3333 4551 3501 4617 num.
3526 4536 3612 4589 13.

2187 4606 2297 4676 (13)
2337 4605 2412 4660 ita
2464 4605 2522 4661 S.
2557 4606 2780 4675 Petrus,
2827 4612 2892 4660 ut
2923 4611 3207 4661 testantur
3247 4607 3610 4674 evangelista:

2212 4606 2297 4676 13)
2337 4605 2412 4660 ita
2464 4605 2522 4661 S.
2557 4606 2780 4675 Petrus,
2827 4612 2892 4660 ut
2923 4611 3207 4661 testantur
3247 4605 3632 4674 evangelista),
3675 4606 3760 4658 di-

2111 4677 2248 4732 vina
2285 4677 2498 4732 virtute
2527 4677 2845 4734 ambulavit
2876 4693 3052 4749 super
3093 4693 3326 4749 aquam,
3359 4677 3515 4748 quod
3543 4682 3600 4731 et
3631 4676 3759 4732 aliis

2113 4750 2329 4831 sanctis
2378 4749 2713 4820 contigisse,
2747 4747 3050 4820 perhibent
3094 4747 3509 4805 Ecclesiasticsa
3565 4749 3758 4802 Histo-

2114 4837 2231 4876 ruas.

2184 4891 2301 4964 (174)
2333 4891 2456 4964 Hoc
2482 4890 2717 4964 nomine
2757 4891 2974 4962 impius
2997 4892 3173 4962 judex
3200 4908 3299 4964 per
3332 4889 3757 4964 blasphemiam

2113 4963 2406 5018 Christum
2446 4963 2758 5018 Dominum
2790 4970 2977 5029 vocat,
3013 4963 3251 5020 sceleris
3282 4964 3373 5018 sui
3405 4963 3759 5017 imitatorem

2116 5035 2435 5106 pessimum
2464 5039 2881 5106 posteanactus
2903 5035 3196 5090 Julianum
3225 5033 3762 5106 Apostatam,quiet

2115 5105 2412 5160 victricem
2472 5105 2572 5162 Dei
2633 5105 2835 5162 ultoris
2894 5123 3130 5162 manum
3193 5122 3502 5178 agnoscere
3532 5111 3763 5161 coactus

2117 5177 2246 5231 fuit.

2188 5248 2301 5318 (15)
2322 5248 2541 5321 Nempe
2574 5262 2703 5302 cum
2737 5248 3002 5321 prodigia
3025 5248 3145 5314 illa,
3175 5252 3295 5304 tota
3315 5249 3671 5321 quandoque
3687 5248 3764 5321 ci-

2116 5319 2681 5392 vitateiinpectante
2713 5319 2960 5391 patrata,
2993 5335 3204 5392 negare
3236 5337 3351 5375 non
3387 5329 3625 5392 possent
3656 5319 3766 5374 ini-

2117 5390 2391 5461 quissimi
2430 5390 2676 5458 judices,
2717 5390 2802 5446 ’ne
2847 5390 3206 5448 Christianos
3241 5392 3356 5447 veri
3385 5391 3482 5446 Dei
3517 5391 3765 5446 cultores

2117 5479 2265 5523 esse,
2301 5461 2464 5515 fateri
2494 5467 2860 5529 cogerentur,
2895 5481 2994 5533 per
3016 5480 3305 5519 summam
3338 5464 3627 5518 insaniam
3663 5463 3769 5516 mi-

2120 5533 2317 5605 racula
2348 5533 2466 5605 illa
2489 5533 2820 5588 daemonum
2855 5535 3170 5605 praestigiis
3202 5535 3584 5590 ascribcbant.

2191 5604 2302 5674 (16)
2363 5604 2713 5673 Hujusmodi
2766 5604 2882 5661 fere
2932 5613 3118 5662 rotam
3185 5607 3420 5662 exhibet
3467 5605 3768 5662 Gallonius

2126 5693 2258 5748 pag.
2291 5677 2360 5730 27
2405 5675 2596 5732 littera
2627 5676 2690 5745 B,
2744 5678 2855 5734 nisi
2887 5680 3040 5750 quod
3079 5679 3406 5734 ardentium
3448 5678 3767 5732 carbonum

3371 5801 3446 5858 32
