4042 6222
405 337 557 400 1003

1750 322 2027 386 MENSIS
2072 322 2455 385 OCTOBER.

3656 326 3819 389 1004

401 517 536 575 gare
556 504 610 557 et
640 500 959 557 carbonum
984 494 1287 553 cumulum
1312 508 1447 548 cum
1472 491 1672 547 ferreis
1696 489 2037 560 quibusdam

2157 483 2460 557 προσδησαι
2490 488 2580 542 καὶ
2623 486 2849 561 σωρείαν
2902 485 3178 561 ανθράκων
3229 489 3467 547 κάτωθεν
3520 492 3816 563 ὑποστρῶ-

402 590 735 647 secantibus
764 585 1171 642 instrumentis
1211 584 1585 638 substernere
1625 588 1677 634 et
1708 582 1894 633 rotam
1931 577 2041 631 fre-

401 681 674 752 quentius
705 678 1114 743 circumagere,
1150 677 1232 738 ut,
1259 672 1526 728 contritis
1552 667 1833 740 paulatim
1870 681 2047 719 mem-

401 770 546 837 bris,
586 784 721 823 cum
770 765 927 837 gravi
987 764 1185 819 dolore
1239 765 1518 832 martyre
1574 759 1689 813 vita
1721 756 2041 812 excederet.

400 860 585 929 Atque
617 855 890 911 machina
920 854 1149 924 quidem
1184 850 1377 905 statim
1401 850 1510 903 fuit
1535 849 1803 919 perfecta.
1837 846 2045 915 Super-

402 964 542 1002 num
586 951 779 1000 autem
838 959 1044 997 rursus
1098 940 1381 995 auxilium
1417 940 1589 993 solita
1628 950 1855 1007 quoque
1888 948 2043 988 nunc

402 1032 699 1099 ostendit;
753 1047 883 1085 nam
928 1028 1285 1083 descendens
1336 1023 1578 1097 angelus
1637 1028 1693 1079 et
1751 1024 2044 1077 ﬂammam

400 1122 715 1178 carbonum
749 1118 1040 1185 exstinxit,
1083 1120 1139 1171 et
1172 1116 1349 1171 robur
1388 1114 1725 1171 carniﬁcum
1751 1110 2041 1178 dissolvit,

399 1217 601 1267 utnec
660 1214 844 1265 rotam
903 1207 1137 1279 quidem
1199 1208 1439 1277 possent
1494 1201 1732 1259 omnino
1792 1201 2042 1256 circum-

398 1316 583 1373 agere.

467 1391 531 1443 V.
560 1389 704 1444 Hinc
745 1386 937 1442 animo
962 1386 1284 1457 perplexus,
1319 1387 1375 1437 et
1405 1383 1575 1453 plane
1612 1382 1872 1451 ignarus,
1899 1378 2039 1449 quid

398 1482 612 1551 ageret,
647 1492 862 1548 praeses
910 1492 1025 1530 non
1067 1472 1355 1529 dubitavit
1402 1470 1515 1526 alia
1554 1468 1872 1537 excogitare
1903 1484 2039 1538 sup-

395 1568 587 1641 plicia.
627 1567 797 1622 Jubet
838 1582 971 1637 ergo
1024 1578 1305 1618 manuum
1356 1570 1405 1614 et
1465 1559 1677 1630 pedum
1721 1573 1947 1628 ungues
1986 1555 2037 1611 ei

396 1658 581 1713 evelli.
634 1657 703 1711 Et
744 1655 826 1710 illi
858 1654 1093 1726 quidem
1143 1652 1412 1724 protinus
1462 1650 1695 1703 fuerunt
1728 1646 2035 1719 amputati.

396 1750 775 1803 Tormentum
814 1751 1005 1801 autem
1049 1744 1121 1798 ab
1150 1743 1251 1798 illa
1289 1740 1681 1813 reputabitur,
1713 1738 1951 1810 perinde
1972 1754 2037 1792 ac

2156 594 2241 627 σαι
2299 576 2388 630 καὶ
2449 576 2515 645 δὴ
2573 578 2663 631 καὶ
2728 576 2820 630 τὸν
2876 579 3082 652 τροχὸν
3147 576 3379 632 ἐλίττειν
3455 582 3816 655 συχνότερον,

2155 663 2303 718 ὅπως
2350 669 2417 739 τῇ
2458 667 2593 720 κατὰ
2651 668 2832 744 βραχὺ
2888 664 3071 738 μελῶν
3112 663 3341 741 ἓκτριϐῇ
3402 667 3735 729 κατωδύνως
3779 671 3813 737 ἡ

2159 754 2360 826 μάρτυς
2391 752 2687 829 ἀπαλλαγῇ
2730 754 2825 821 τῆς
2859 759 3027 823 ζωῆς.
3068 756 3150 810 Τά
3213 756 3306 827 μὲν
3368 753 3433 825 δὴ
3475 762 3572 811 τοῦ
3623 774 3817 830 μηχαο

2152 842 2396 912 νήματος
2428 843 2561 896 κατᾶ
2590 843 2762 917 τάχος
2795 844 3097 917 ἀπήρτιστο
3132 861 3144 874 ·
3195 845 3229 911 ἡ
3283 840 3479 898 ἄνωθεν
3521 842 3577 899 δὲ
3637 843 3811 898 πάλιν

2154 927 2441 1004 ἐπικουρία
2498 933 2563 985 τὰ
2616 933 2821 1001 συνήθη
2882 932 2971 985 καὶ
3020 936 3112 985 νῦν
3171 930 3512 987 ἐπεδείκνυτο
3571 935 3662 987 καὶ
3711 936 3810 1006 ἆγ-

2154 1019 2315 1094 γελος
2349 1022 2622 1082 καταπτὰς
2670 1024 2770 1091 τήν
2830 1042 2886 1075 τε
2938 1026 3045 1076 τῶν
3080 1023 3354 1095 ἀνθράκων
3387 1023 3568 1100 φλόγα
3628 1019 3808 1077 ἐσϐέν-

2150 1129 2261 1177 νυε,
2292 1110 2381 1162 καὶ
2420 1107 2484 1179 δὴ
2518 1112 2606 1165 καὶ
2634 1112 2735 1180 τὴν
2766 1114 2871 1165 τῶν
2902 1107 3118 1184 δημίων
3150 1111 3308 1185 ἰσχὺν
3342 1112 3571 1182 ἐξέλυεν,
3607 1114 3651 1167 ὡ
3689 1136 3805 1186 μη-

2152 1194 2208 1251 δὲ
2237 1198 2327 1253 τὸν
2359 1198 2561 1274 τροχὸν
2597 1198 2820 1255 ἐλίττειν
2863 1197 3135 1273 μηδαμῶς
3175 1197 3457 1265 δύνασθαι.

2225 1383 2302 1434 Ε’.
2337 1381 2615 1444 Κάνταῦθα
2652 1381 2830 1436 τοίνυν
2862 1383 2888 1436 6
2922 1381 3110 1458 ἄρχων
3152 1379 3610 1457 διαπορούμενος,
3645 1384 3804 1457 ὅμως

2154 1465 2203 1521 ἐν
2264 1474 2381 1530 ταῖς
2443 1470 2691 1543 βασάνοις
2724 1469 2898 1531 ἄλλας
2954 1472 3184 1526 ἐπινοεῖν
3245 1472 3343 1526 οὐκ
3390 1472 3609 1545 ἠπόρει.
3658 1474 3803 1537 Τοὺς

2151 1562 2257 1610 τῶν
2288 1562 2489 1632 χειρῶν
2520 1556 2610 1612 οὖν
2662 1554 2863 1632 ὄνυχας
2912 1560 3083 1629 αὐτῆς
3123 1561 3210 1615 καὶ
3252 1558 3437 1615 ποδῶν
3496 1559 3801 1631 ἐκσπασθῆ-

2149 1666 2232 1698 ναι
2261 1651 2606 1720 προστάττει.
2648 1649 2750 1703 Καὶ
2814 1650 2863 1702 οἱ
2927 1650 3019 1721 μὲν
3064 1648 3218 1710 εὐθὺς
3273 1649 3664 1720 ὲξεκόπτοντο·
3728 1655 3798 1725 τῇ

2151 1731 2225 1804 δὲ,
2261 1736 2333 1795 ὡς
2379 1736 2560 1810 ἑτέρου
2617 1735 2950 1811 πάσχοντος,
2980 1740 3013 1806 ἡ
3080 1739 3304 1812 βάσανος
3353 1738 3655 1811 ἐνομίζετο.
3693 1740 3796 1797 Καὶ

399 1839 447 1892 si
478 1836 629 1892 alius
653 1835 1103 1907 pateretur(l7).
1138 1832 1265 1903 Ipse
1285 1834 1478 1886 autem
1511 1845 1714 1884 rursus
1747 1827 2037 1899 prioribus

2150 1822 2308 1879 πάλιν
2360 1825 2520 1887 αὐτὸς
2571 1830 2686 1887 τοῖς
2736 1828 3027 1901 προτέροις
3069 1824 3225 1901 ἕτερα
3280 1829 3799 1903 προστιθεὶς,ἐκκοο

400 1926 515 1981 alia
544 1924 846 1995 adjiciens,
880 1923 929 1978 ei
958 1921 1373 1993 quoquejubet
1407 1921 1611 1974 dentes
1643 1917 1863 1971 extrahi
1902 1933 1914 1969 :
1941 1917 2038 1971 sed

404 2014 695 2085 quomodo
756 2028 967 2084 praises
1042 2011 1099 2063 in
1182 2008 1452 2081 gravibus
1519 2005 1904 2069 inveniendis,
1964 2004 2046 2059 ita

406 2120 509 2158 nec
565 2102 663 2155 illa
741 2102 798 2154 in
879 2098 1155 2170 gravibus
1224 2095 1479 2150 ferendis
1558 2093 1863 2165 suppliciis
1940 2093 2045 2147 fuit

405 2192 736 2259 defatigata.
798 2192 997 2259 Itaque
1057 2202 1267 2257 purum
1344 2186 1466 2254 ejus
1543 2198 1753 2253 corpus
1837 2182 2045 2253 probro

406 2281 633 2334 afﬁcere
665 2277 937 2348 cogitavit
965 2275 1307 2331 sceleratus.
1353 2275 1420 2328 Et
1460 2273 1530 2328 ad
1573 2272 1873 2326 ministros
1903 2286 2043 2325 con-

401 2385 620 2435 versus,
644 2366 805 2430 Eam,
840 2364 1055 2436 inquit,
1086 2363 1326 2434 accipite
1358 2368 1410 2417 et
1440 2361 1499 2415 in
1523 2360 1812 2415 excelsum
1842 2364 1899 2414 et
1932 2375 2046 2414 me-

402 2458 560 2514 dium
587 2456 837 2525 aliquem
869 2454 1063 2509 locum
1088 2452 1280 2507 ducite
1311 2455 1367 2507 et
1394 2464 1685 2522 praecones
1708 2453 1910 2504 euntes
1945 2464 2046 2518 per

401 2547 735 2603 universam
759 2546 1047 2613 regionem
1085 2544 1417 2607 ﬁnitimam,
1448 2542 1516 2595 ad
1561 2541 1836 2612 probrum
1877 2541 1926 2595 ei
1959 2539 2045 2594 af-

402 2638 702 2691 ferendum
765 2637 1083 2690 convocent
1123 2633 1366 2687 chorum
1399 2630 1852 2701 impudicorum.
1892 2631 2047 2683 Post-

402 2742 576 2798 quam
611 2728 804 2779 autem
832 2724 1042 2795 probro
1074 2727 1129 2777 et
1160 2718 1507 2777 contumelia
1538 2719 1680 2774 satis
1715 2718 1878 2772 fuerit
1914 2719 2047 2773 aﬁ'e-

403 2820 514 2879 cta,
548 2830 672 2869 eam
708 2813 776 2866 ad
840 2828 931 2865 me
988 2811 1264 2875 reducite,
1322 2812 1386 2862 ut
1433 2825 1518 2874 ea,
1554 2824 1681 2878 quae
1723 2806 1951 2872 desunt,
1994 2807 2045 2861 ei

403 2902 702 2972 adjiciam.
757 2901 973 2970 Martyr
1022 2902 1211 2952 autem
1245 2896 1453 2950 Christi
1489 2896 1536 2950 ei
1571 2894 1869 2965 respondit
1905 2895 2048 2949 :Est

408 2988 550 3044 mihi
593 2988 879 3055 Christus,
913 2987 1009 3056 qui
1044 2985 1243 3039 omnia
1275 2984 1398 3039 sola
1429 2983 1721 3038 voluntate
1752 2989 2043 3036 transmu-

403 3082 513 3138 tat,
555 3080 612 3129 et
643 3073 765 3130 solo
799 3078 965 3139 nutu,
1019 3070 1118 3143 qui
1150 3071 1321 3125 etiam
1355 3086 1541 3124 meam
1583 3067 1839 3123 animam
1874 3067 2045 3123 hodie

404 3164 679 3234 suscipiet
726 3158 1186 3224 immaculatam,
1217 3158 1353 3225 tuis,
1386 3174 1418 3213 ο
1467 3157 1727 3227 profane,
1768 3155 2043 3227 dispersis

2150 1920 2317 1982 πῆναι
2354 1915 2555 1984 ταύτης
2620 1917 2710 1969 καῖ
2760 1917 2886 1977 τοὺς
2952 1914 3173 1978 ὀδόντας
3231 1914 3602 1973 διεκελεύετοο
3663 1918 3797 1975 ἀλλ’

2149 2001 2331 2077 ὥσπερ
2380 2003 2550 2073 ἐκείνη
2584 2004 2649 2057 τὰ
2681 2001 2823 2058 δεινᾶ
2877 2001 3078 2079 φέρειν,
3114 2005 3255 2060 οὕτω
3319 2009 3425 2079 μην
3466 2005 3593 2062 οὐδὲ
3632 2008 3800 2073 αὐτὸς

2152 2090 2311 2145 πάλιν
2362 2092 2427 2145 τὰ
2495 2090 2638 2146 δεινά
2696 2091 3013 2166 ἐξευρίσκειν
3082 2092 3339 2167 οὐδαμῶς
3398 2095 3796 2171 ἀπηγόρευκεν.

2148 2176 2387 2255 Ὑϐρίσαι
2417 2182 2592 2236 τοίνυν
2642 2182 2704 2236 τὸ
2762 2184 2993 2256 καθαρὸν
3058 2183 3226 2253 αὐτῆς
3284 2189 3445 2257 σῶμα
3504 2186 3530 2239 ὁ
3596 2189 3794 2261 μιαρὸς

2149 2270 2351 2325 ἐπενόει
2392 2270 2481 2324 καὶ
2542 2272 2673 2345 πρὸς
2737 2271 2865 2333 τοὺς
2935 2272 3201 2346 ὑπηρέτας
3253 2273 3618 2351 ἐπιπραφεῖς,
3681 2279 3792 2330 Λά-

2149 2355 2289 2427 ϐετε,
2324 2360 2477 2437 φησὶ,
2537 2359 2760 2431 ταύτην,
2792 2362 2882 2415 καὶ
2932 2360 3017 2417 ἐπί
3083 2381 3203 2416 τινα
3258 2368 3364 2417 τῶν
3424 2363 3653 2437 ὑψηλῶν
3703 2368 3792 2419 καὶ

2154 2449 2488 2520 μεσαιτάτων
2519 2448 2703 2503 τόπων
2746 2451 2976 2526 ἀγάγετε
3033 2450 3265 2523 κήρυκές
3312 2472 3370 2506 τε
3428 2453 3562 2506 κατὰ
3610 2444 3795 2523 πάσης

2147 2544 2246 2605 τῆς
2303 2537 2709 2615 πλησιοχώρου
2766 2543 3059 2615 φοιτῶντες
3121 2538 3203 2617 ἐφ’
3260 2536 3410 2614 ὕϐρει
3468 2544 3535 2614 τῇ
3593 2543 3799 2611 ταύτης

2149 2627 2466 2682 ἀκολάστων
2514 2627 2682 2701 χορὸν
2725 2626 3182 2704 συγκαλείτωσαν.
3213 2631 3357 2686 Μετὰ
3390 2635 3519 2704 γοῦν
3559 2631 3624 2685 τὸ
3674 2633 3799 2685 lxa-

2147 2721 2252 2778 νῶς
2304 2712 2626 2790 ὑϐρισθῆναι
2674 2719 2809 2791 πρός
2871 2738 2937 2790 με
2980 2715 3144 2771 πάλιν
3206 2717 3594 2796 ἐπαναγάγετε,
3653 2720 3799 2775 ὥστε

2150 2808 2513 2878 προστεθῆναι
2568 2806 2736 2878 ταύτῃ
2820 2806 2904 2859 καὶ
2991 2807 3057 2859 τά
3108 2805 3427 2880 λειπόμενα.
3463 2811 3523 2865 Ἡ
3583 2806 3640 2863 δὲ
3699 2814 3798 2864 τοῦ

2149 2898 2391 2967 Χριστοῦ
2453 2900 2653 2968 μαρτνς
2707 2894 2843 2969 πρὸς
2900 2896 3086 2950 αὐτὸν.
3134 2899 3289 2953 ’Ἐστι
3366 2897 3459 2970 μοι
3534 2900 3796 2967 Χριστὸς,

2148 2984 2490 3058 ἀπεκρίνατο,
2532 2984 2702 3038 πάντα
2764 2986 3171 3056 μετασκευάζων
3229 2984 3447 3055 θελήσει
3509 2987 3648 3061 μόνῃ
3708 2990 3800 3042 καὶ

2150 3070 2295 3145 ῥοπῇ
2327 3071 2593 3145 νεύματος
2617 3089 2629 3102 ·
2664 3073 2722 3133 ὃς
2754 3072 2841 3127 καὶ
2873 3074 2973 3142 τὴν
3002 3074 3138 3145 ἐμὴν
3163 3076 3351 3151 ψυχὴν
3380 3073 3412 3129 ἅ
3434 3073 3631 3131 σπιλον
3653 3098 3802 3150 προσ

2152 3158 2353 3231 δέξεται
2419 3164 2678 3234 σήμερον,
2720 3161 2786 3217 τὰ
2833 3164 2917 3219 σὰ.
2972 3158 3197 3238 βέϐηλε,
3252 3162 3605 3227 διασκεδάσας
3658 3167 3803 3238 βου-

404 3259 459 3309 et
491 3250 785 3321 dissipatis
808 3248 1089 3305 consiliis.
1125 3248 1254 3301 Haec
1276 3262 1404 3301 cum
1432 3246 1935 3310 dixisset,'manus
1958 3245 2036 3299 si-

2154 3248 2417 3321 λεύματα.
2450 3252 2629 3306 Ταῦτα
2684 3250 2908 3305 εἰποῦσα
2960 3253 3151 3325 χεῖράς
3178 3273 3237 3307 τε
3286 3250 3399 3325 ἅμα
3453 3254 3542 3308 καὶ
3602 3256 3800 3328 φρένας

402 3342 546 3409 mul,
581 3347 833 3395 mentem
892 3344 948 3393 et
996 3336 1190 3394 oculos
1234 3337 1292 3391 in
1334 3335 1545 3391 cmlum
1595 3334 1827 3401 tollens,
1860 3335 2044 3390 oravit

403 3438 603 3497 Deum,
639 3446 809 3501 quem
843 3428 1229 3484 desiderabat.
1264 3427 1575 3496 Postquam
1610 3430 1801 3479 autem
1835 3426 2039 3490 oravit,

398 3537 527 3576 cum
564 3536 703 3591 pace
750 3519 902 3589 apud
936 3533 1068 3572 eum
1123 3516 1393 3587 deposuit
1422 3515 1676 3568 animam
1710 3512 2039 3569 sacriﬁcans

404 3627 616 3682 purum
649 3625 857 3680 corpus
884 3611 939 3662 et
969 3606 1237 3677 spiritum
1269 3605 1341 3667 ei,
1383 3610 1618 3676 propter
1643 3618 1811 3674 quem
1842 3602 2040 3657 omnia

400 3715 503 3771 pro
534 3697 714 3753 nihilo
752 3696 1080 3767 reputabat,
1117 3693 1327 3749 melius
1350 3692 1624 3762 judicans
1655 3690 1823 3757 mori,
1860 3707 2036 3761 quam

398 3803 634 3859 peccare
666 3786 840 3841 etiam
870 3789 1075 3855 praeter
1102 3782 1449 3838 sententiam
1483 3782 1616 3852 (18).

468 3878 555 3932 VI.
588 3877 692 3940 Qui
728 3880 943 3943 autem,
976 3874 1150 3928 etiam
1184 3876 1314 3943 post
1344 3872 1469 3941 ejus
1496 3877 1756 3934 mortem,
1792 3870 1943 3939 apud
1974 3885 2036 3924 se

398 3966 790 4021 immortalem
846 3962 1072 4018 volebat
1129 3962 1280 4014 alere
1333 3959 1647 4025 insaniam,
1708 3958 2034 4013 consularis

397 4057 531 4126 quid
567 4053 937 4108 machinatur
967 4052 994 4105 ?
1038 4050 1208 4105 Jubet
1254 4049 1384 4118 ejus
1426 4064 1634 4117 corpus
1674 4062 1799 4101 cum
1851 4048 2036 4101 multa

396 4143 661 4199 arenain
723 4158 954 4196 saccum
1013 4140 1173 4210 injici
1232 4143 1288 4193 et
1321 4136 1525 4208 projici
1576 4136 1633 4189 in
1680 4137 2031 4205 profundum

396 4234 591 4299 maris,
625 4248 741 4286 non
776 4230 963 4300 magis
1006 4228 1172 4283 illam
1222 4226 1495 4294 deinceps
1542 4224 1825 4294 crucicns,
1859 4240 2032 4294 quam

392 4320 770 4384 Christianos,
804 4323 859 4373 et
888 4316 1087 4373 volens
1127 4332 1224 4371 eos
1270 4316 1495 4385 privare
1525 4312 1738 4367 divitiis
1770 4318 1823 4367 et
1853 4314 2035 4381 gloria

392 4408 769 4482 reliquiarum
804 4408 935 4479 (19).
963 4411 1149 4478 Atque
1173 4405 1258 4460 sic
1282 4403 1514 4474 quidem
1550 4403 1617 4456 ad
1652 4402 1923 4457 aﬁ'ectum
1949 4410 2033 4457 est

390 4496 1014 4554 dcductusconsularis
1042 4498 1237 4565 jussus
1275 4496 1369 4560 ;et
1394 4492 1451 4546 in
1485 4492 1673 4545 undas
1706 4493 2030 4562 projectum

2151 3338 2240 3392 καὶ
2272 3336 2496 3411 ὄμματα
2538 3339 2670 3412 πρὸς
2694 3339 2914 3409 ούρανὸν
2948 3337 3118 3412 ἄρασα
3165 3341 3245 3411 τῷ
3302 3342 3629 3415 ποθουμένῳ
3680 3347 3801 3413 Θεῷ

2148 3427 2521 3501 προσηύχετο.
2552 3427 2700 3482 Ἐπεὶ
2744 3425 2800 3480 δὲ
2838 3427 2927 3482 καὶ
2976 3426 3177 3499 ηὔξατο
3232 3431 3348 3501 μετ’
3378 3430 3602 3504 εἰρήνης
3645 3431 3799 3501 αὖτῷ

2148 3517 2209 3571 τὸ
2258 3521 2471 3587 πνεῦμα
2519 3517 2805 3590 παρέθετο,
2864 3519 3097 3593 καθαρὸν
3182 3518 3386 3573 θύσασα
3455 3520 3543 3573 καὶ
3631 3525 3795 3591 σῶμα

2147 3605 2235 3659 καὶ
2284 3610 2498 3678 πνεῦμα
2544 3610 2641 3676 τῷ,
2686 3603 2758 3660 δι’
2787 3607 2844 3660 ’ὀν
2887 3607 3060 3662 πάντα
3106 3609 3233 3681 παρ’
3282 3606 3433 3663 οὐδὲν
3489 3608 3795 3683 ἐλογίζετο,

2152 3695 2365 3768 βέλτιον
2437 3696 2719 3749 ἀπαθσνεῖν
2785 3694 3021 3767 μᾶλλον,
3081 3698 3115 3766 ἢ
3170 3696 3259 3751 καὶ
3299 3696 3442 3771 παρά
3489 3701 3637 3772 γνῶα
3698 3701 3799 3770 [an

2145 3786 2373 3858 γνώμην
2392 3785 2439 3856 ?]
2480 3784 2736 3856 ἁμαρτεῖν
2771 3784 3015 3858 κρίνασα.

2219 3874 2284 3935 ς’.
2317 3874 2379 3929 Ὀ
2412 3870 2469 3926 δὲ
2504 3874 2592 3926 καὶ
2622 3874 2759 3927 κατᾶ
2796 3874 2886 3927 τὸν
2917 3874 3084 3943 αὐτῆς
3112 3876 3335 3929 θάνατον
3368 3874 3627 3929 ἀθάνατον
3659 3883 3795 3949 παρ’

2143 3962 2316 4031 ἑαυτῷ
2366 3961 2464 4028 τήν
2527 3960 2715 4032 μανίαν
2772 3962 3014 4038 στρέφειν
3074 3964 3168 4034 [an
3222 3964 3433 4041 τρέφειν
3475 3964 3525 4035 τί]
3585 3961 3795 4017 ἐθέλων

2146 4050 2403 4112 ὑπατικὸς
2432 4048 2846 4127 τίμηχανᾶταις
2882 4051 2964 4105 Ἐν
3024 4052 3206 4123 σάκκῳ
3261 4052 3324 4105 τὸ
3362 4050 3562 4121 ταύτης
3624 4056 3794 4125 σῶμα

2147 4141 2280 4212 μετᾶ
2335 4161 2396 4213 γε
2426 4142 2657 4213 ψάμμου
2686 4137 2908 4207 πολλῆς
2963 4138 3243 4213 βληθῆναι
3282 4138 3515 4207 κελεύει,
3558 4140 3647 4195 σαὶ
3714 4147 3796 4213 τῷ

2140 4236 2238 4297 τῆς
2267 4227 2542 4298 θαλάσσης
2575 4226 2998 4306 ἐναπορῥίιρῆναι
3026 4229 3195 4304 βυθῷ,
3230 4230 3292 4283 οὑ
3328 4227 3541 4302 μᾶλλον
3576 4228 3796 4300 ἐκείιην

2140 4321 2175 4387 ἣ
2210 4320 2564 4391 Χριστιανοὺς
2593 4318 2654 4372 τὸ
2689 4318 2886 4372 λοιπὸν
2917 4317 3353 4391 τιμωρούμενος,
3384 4318 3474 4372 καὶ
3536 4317 3791 4374 πλούτου

2141 4408 2228 4462 καὶ
2259 4405 2418 4477 δόξης
2453 4408 2584 4476 ὅσης
2618 4407 2927 4481 ἀποστερεῖν
2958 4408 3153 4470 αὐτοὺς
3182 4412 3286 4462 τῶν
3337 4406 3607 4480 λειψάνων
3658 4409 3791 4481 βου-

2140 4496 2397 4568 λόμενος.
2428 4497 2566 4569 Εἶχε
2619 4498 2713 4568 μὲν
2756 4496 2848 4550 οὖν
2879 4496 3051 4559 οὕτως
3079 4502 3158 4569 τῷ
3212 4498 3459 4568 ὑπατικῷ
3526 4497 3695 4572 πέρας
3727 4500 3793 4554 τὸ

390 4590 495 4643 fuit
526 4604 736 4660 corpus
766 4586 1058 4657 martyris.
1094 4584 1203 4639 Sed
1239 4599 1308 4637 ne
1340 4591 1475 4636 tunc
1508 4581 1744 4651 quidem
1777 4580 1859 4634 tui
1892 4580 2033 4634 obli-

2150 4583 2435 4655 κὲλευσμα,
2467 4585 2557 4637 καὶ
2589 4584 2722 4637 κατὰ
2754 4585 3009 4654 κυμάτων
3061 4586 3088 4638 6
3128 4586 3318 4658 νεκρὸς
3366 4591 3465 4654 τῆς
3512 4585 3792 4657 μάρτυρος

389 4685 484 4733 tus
514 4683 620 4745 est,
656 4695 686 4732 ο
718 4676 1033 4743 Charitine,
1069 4675 1247 4741 Deus,
1278 4672 1377 4744 qui
1436 4670 1689 4724 vicissim
1748 4670 2034 4739 gloriﬁcat

393 4785 511 4835 eos,
546 4766 645 4838 qui
688 4767 881 4837 ipsum
918 4764 1249 4835 gloriﬁcent
1282 4780 1296 4827 ;
1341 4776 1475 4814 nam
1508 4763 1643 4813 tunc
1691 4774 1936 4828 quoque,
1971 4764 2034 4814 ut

392 4858 553 4926 solet,
578 4860 851 4913 ostensus
875 4862 958 4909 est
990 4852 1204 4908 faciens
1236 4848 1551 4919 magnalia;
1579 4851 1635 4902 et
1653 4852 1771 4902 tres
1800 4847 2029 4918 quidem

388 5017 662 5075 cumulus
720 5015 873 5069 inter
909 5014 1139 5069 aculeos
1196 5012 1411 5065 ferreos
1443 5008 1534 5062 hic
1573 5023 1881 5077 expressus
1914 5025 2027 5064 non

390 5092 485 5145 sit.
524 5089 637 5143 Hoc
671 5092 861 5141 autem
896 5093 1029 5140 rotas
1072 5083 1422 5154 supplicium
1483 5096 1887 5154 saepenumero,
1914 5098 2027 5136 non

388 5178 512 5215 esse
543 5160 668 5214 sine
689 5158 823 5228 igne
846 5158 1095 5223 illatum,
1128 5151 1197 5211 ex
1223 5152 1465 5228 Appleio
1484 5156 1539 5207 et
1562 5151 1831 5221 Euripide
1862 5153 2030 5208 docet

388 5232 638 5286 Pitiscus
668 5225 740 5282 inv
761 5246 865 5284 suo
892 5229 1087 5283 Lexico
1110 5227 1280 5283 verbo
1307 5225 1465 5279 Rota.

456 5302 566 5371 (l7)
626 5300 845 5371 Nempe
891 5301 976 5356 vel
1029 5317 1139 5372 prae
1179 5293 1594 5372 consolationis
1651 5293 1876 5359 divinae,
1912 5312 2027 5364 qua

386 5364 865 5444 perfundebatur,
918 5364 1279 5427 abundantia
1309 5385 1352 5444 ;__
1381 5365 1467 5444 vel
1518 5364 1645 5444 Deo_
1674 5380 2022 5444 concursum

385 5437 555 5499 suum
616 5445 1008 5513 subtrahente,
1053 5460 1125 5498 ne
1164 5438 1581 5510 suppliciorum
1633 5437 2028 5513 instrumenta

386 5516 534 5570 viros
566 5532 704 5569 suas
737 5517 790 5570 in
827 5512 1084 5570 sanctam
1120 5518 1425 5583 martyrem
1462 5512 1808 5583 exercerent.

454 5591 566 5655 (18)
602 5588 661 5640 Id
697 5594 804 5649 est.
848 5605 1019 5658 quam
1075 5578 1439 5658 libidinosam
1490 5578 1729 5658 virginei
1765 5582 2023 5649 corporis

386 5650 787 5730 contagionem
835 5650 1011 5715 etiam
1051 5658 1228 5730 invite
1277 5653 1393 5725 pati
1430 5670 1447 5730 ί
1486 5654 1551 5704 ut
1579 5650 1757 5730 enim,
1792 5659 2017 5730 cum_S.

388 5720 693 5788 Ambrbsio
724 5730 967 5801 quilibet
989 5727 1185 5801 pudici
1216 5720 1478 5790 censent,
1502 5720 1819 5792 periculum
1844 5725 2020 5793 pudo-

2142 4668 2363 4747 ἔρῥιπτο
2400 4692 2411 4703 ·
2446 4670 2574 4726 ἀλλ’
2608 4669 2757 4725 οὐδὲν
2782 4672 2959 4745 τούτῳ
2992 4694 3109 4739 σου,
3152 4674 3441 4747 Χαριτίνη,
3472 4674 3500 4727 6
3530 4675 3660 4736 τους
3691 4674 3790 4728 αὖ·

2138 4765 2229 4817 τὸν
2291 4759 2609 4830 δοξάζοντας
2678 4759 3035 4833 ἆντιδοξάζων
3090 4763 3219 4822 Θεὸς
3271 4760 3601 4816 ἐπελάθετο’
3640 4761 3791 4818 ἀλλά

2138 4852 2224 4905 καὶ
2267 4855 2376 4918 νῦν,
2410 4850 2484 4911 ὡς
2524 4848 2665 4919 ἔθος,
2729 4848 2993 4924 μεγαλεῖα
3047 4856 3220 4906 ποιῶν
3280 4848 3649 4923 ἐπεδείκνυτο,
3694 4853 3791 4906 καὶ

2140 5014 2215 5067 ris
2246 5010 2415 5066 bonis
2448 5009 2681 5064 feminis
2712 5015 2800 5065 est
2833 5017 3017 5066 morte
3047 5012 3300 5082 gravius.

2210 5084 2321 5152 (19)
2354 5082 2475 5137 Huc
2506 5086 2774 5151 spectant
2825 5084 3052 5137 Eusebii
3092 5086 3265 5139 verba
3297 5084 3397 5138 lib.
3446 5099 3540 5138 vni
3591 5084 3786 5137 Eccle-

2136 5155 2369 5226 siastz‘cze
2402 5153 2660 5226 Historiae
2688 5169 2815 5226 cap.
2838 5156 2873 5207 6
2896 5171 2908 5226 ;
2936 5177 2963 5202 α
2998 5156 3106 5210 Sed
3130 5161 3187 5210 et
3208 5172 3449 5226 corpora
3482 5156 3786 5225 regiorum

2136 5224 2623 5280 cubiculariorum
2660 5226 2715 5295 (ιι
2756 5225 3107 5281 Diocletiano
3138 5234 3193 5281 et
3234 5224 3589 5281 Maximiano
3621 5227 3787 5282 Gale-

2135 5300 2219 5351 rio
2252 5313 2354 5367 pro
2386 5296 2705 5369 Christiana
2732 5296 2841 5350 ﬁde
2874 5298 3402 5369 interfectorum)...
3431 5298 3541 5369 ipsi
3574 5314 3785 5354 eorum

2136 5369 2379 5437 legitimi
2412 5367 2635 5420 domini
2659 5369 2781 5422 erui
2806 5384 2873 5422 ex
2904 5368 3173 5439 sepulcro
3202 5367 3348 5424 etin
3384 5367 3538 5424 mare
3570 5371 3782 5440 projici

2132 5446 2800 5520 oporterecensueruut,
2828 5456 2909 5520 n_e_
2937 5440 3064 5509 quis
3095 5442 3227 5520 illos
3270 5442 3554 5510 sepulcris
3584 5444 3785 5496 condi-

2132 5522 2240 5577 tos,
2276 5527 2374 5581 pro
2396 5510 2525 5577 diis,
2552 5514 2614 5562 ut
2637 5510 2747 5579 ipsi
2775 5510 3006 5579 quidem
3032 5512 3443 5580 opinabantur,
3476 5521 3782 5582 reputans,

2132 5583 2493 5655 inposterum
2527 5582 2814 5655 πεζοῖσι-οι,
2842 5604 2868 5631 ››
2896 5599 2999 5639 seu
3030 5600 3234 5640 eorum
3268 5583 3548 5655 reliquias
3580 5584 3781 5641 debito

2131 5652 2304 5712 duties
2329 5654 2490 5711 cultu
2522 5652 2794 5711 alliceret.
