4106 6200
391 256 539 332 ioc-1

1738 253 2020 316 MENSIS
2065 253 2441 342 ocroesa.

3640 257 3806 318 1008

385 416 540 487 apud
571 417 784 489 Regem
818 420 873 473 et
902 416 1084 473 Deum
1116 414 1530 482 immortalem,
1553 413 1732 484 utqui
1758 413 2023 469 taberna-

2137 411 2384 482 ἀθανάτῳ
2457 410 2673 485 βασιλεῖ
2739 411 2828 466 καὶ
2897 416 3012 484 Θεῷ
3078 410 3378 489 παρῥησίαν
3435 414 3804 488 κτησάμενοι,

385 505 583 562 culum
616 506 851 578 quidem
885 511 940 561 et
968 504 1311 575 incolatum,
1340 511 1396 560 et
1426 501 1719 572 exsilium,
1739 507 1794 558 et
1816 503 1866 558 si
1888 502 2029 574 quid

387 595 543 650 aliud
577 601 662 652 est
690 595 782 650 his
814 595 1009 661 vilius,
1043 595 1193 650 hanc
1226 597 1396 649 vitam
1431 593 1847 648 existimarent.
1885 593 2026 647 Cum

386 688 584 740 essent
613 687 807 740 autem
842 684 977 740 boni
1012 687 1362 741 mercatores
1390 698 1508 739 suae
1531 681 1759 749 salutis,
1793 685 1867 749 et,
1902 696 2026 751 quae

387 781 472 830 est
504 776 560 829 in
595 776 810 842 futuro,
831 775 1006 830 vitam
1041 779 1446 845 compararent
1471 791 1571 845 per
1593 772 1916 844 praesentia,
1939 787 2028 826 ve-

389 863 812 933 luliquamdam
845 870 1029 920 artem
1053 865 1121 918 ad
1155 863 1316 918 illam
1339 862 1775 934 acquirendam,
1800 861 2027 916 divinas

387 954 729 1008 exercebant
758 954 1110 1025 Scripturas,
1137 958 1192 1009 et
1222 968 1314 1008 eas
1337 968 1564 1022 semper
1593 951 1886 1006 habebant
1914 967 2026 1020 prae

387 1041 676 1097 manibus.
727 1044 998 1106 Quocirca
1047 1043 1165 1097 haec
1215 1058 1329 1096 non
1374 1041 1560 1112 potuit
1605 1039 1848 1095 tolerare
1881 1038 2026 1093 invi-

387 1131 516 1185 dia:
545 1134 754 1186 etcum
779 1131 1011 1202 quidam
1045 1130 1164 1200 alii,
1189 1134 1312 1185 tum
1338 1129 1480 1184 alias
1506 1145 1738 1200 quoque
1760 1130 2026 1197 virtutes,

384 1225 511 1275 tum
543 1221 697 1291 apud
726 1219 920 1290 ipsum
952 1220 1365 1290 imperatorem
1398 1217 1692 1283 fiduciam,
1726 1216 1864 1272 viris
1888 1233 2028 1288 prae-

385 1308 559 1366 claris
590 1309 940 1378 inviderent,
974 1309 1129 1381 apud
1163 1305 1331 1362 illum
1356 1307 1550 1378 ipsum
1575 1322 1774 1362 eorum
1804 1305 2026 1362 fiduciae

387 1403 705 1465 auctorem,
760 1413 970 1470 nempe
1040 1398 1478 1469 imperatorem,
1540 1411 1636 1450 eos
1704 1400 2023 1451 accusant:

388 1489 543 1559 quod
579 1487 738 1543 illius
766 1488 1002 1559 quidem
1034 1489 1504 1558 contempserunt
1527 1485 1866 1552 amicitiam,
1888 1486 2024 1540 deo—

384 1594 639 1650 rumque
683 1578 907 1634 cultum
957 1593 1188 1649 quoque
1229 1577 1640 1647 neglexerunt:
1668 1575 1795 1645 jam
1829 1580 2024 1630 autem

387 1668 461 1722 ad
491 1667 666 1723 aliam
699 1667 1068 1724 declinarunt
1099 1665 1460 1737 religionem,
1486 1683 1547 1722 se
1576 1665 1939 1723 Christianos
1971 1669 2028 1720 et

387 1757 486 1812 Dei
518 1774 710 1814 servos
741 1761 1037 1813 vocantes.

457 1847 526 1902 II.
565 1847 950 1902 Maximianus
972 1849 1189 1912 autem,
1218 1844 1449 1900 etiamsi
1478 1844 1668 1910 sciret,
1701 1845 1855 1915 quod
1874 1859 2026 1915 saepe

388 1935 560 1990 multi
590 1935 895 1992 calumniae
926 1934 1200 1990 invidiam
1227 1949 1460 1989 causam
1486 1933 1723 2001 habent,
1746 1950 1859 1990 non
1885 1933 2030 1989 veri-

390 2031 589 2094 tatem,
625 2023 876 2080 maxime
916 2028 1109 2080 autem
1145 2039 1279 2078 eum
1312 2039 1428 2078 non
1461 2023 1772 2093 ignoraret,
1805 2027 2027 2092 quanta

389 2120 544 2170 esset
592 2129 787 2170 eorum
828 2113 883 2167 in
946 2113 1140 2182 ipsum
1201 2111 1646 2167 benevolentia:
1706 2112 2024 2183 quinetiam

386 2204 582 2258 animo
633 2207 886 2258 versaret
934 2217 1104 2257 suam
1145 2201 1422 2257 saevitiam
1458 2205 1514 2256 et
1542 2201 1916 2258 acerbitatem
1937 2203 2028 2272 (ea

387 2293 543 2347 enim
569 2291 658 2347 vel
692 2292 940 2346 maxime
977 2289 1107 2346 aliis
1156 2289 1544 2346 contendebat
1583 2289 1938 2359 antecellere)
1971 2295 2028 2347 et

384 2381 536 2452 quod
567 2380 614 2436 si
636 2381 777 2438 forte
809 2380 1047 2435 deorum
1079 2378 1561 2446 benevolentiam,
1592 2384 1651 2435 et
1681 2379 1841 2435 illius
1873 2380 2023 2434 ami-

382 2470 575 2526 citiam
635 2469 980 2525 statuissent
1034 2468 1353 2540 despicere,
1402 2468 1730 2540 periculum
1789 2469 2021 2539 quidem

383 2565 537 2616 certe
567 2558 906 2614 timuissent
939 2575 952 2612 :
985 2556 1462 2629 existimaretque
1499 2573 1621 2614 esse
1669 2574 1784 2614 non
1817 2559 2022 2630 proha-

382 2649 542 2718 bilia,
577 2651 675 2705 sed
709 2647 873 2716 falsa,
899 2665 1021 2719 quae
1059 2647 1405 2703 dicebantur
1437 2662 1450 2702 :
1493 2663 1559 2703 ea
1587 2651 1787 2703 tamen
1818 2647 2024 2703 admit-

384 2739 562 2794 tenda
597 2754 712 2793 non
743 2753 871 2792 esse
901 2737 1047 2791 citra
1077 2735 1581 2802 examinationem,
1617 2745 1673 2791 ut
1713 2739 2022 2792 consenta-

384 2843 561 2884 neum
619 2831 757 2892 erat,
809 2825 1232 2881 considerabat.
1268 2825 1410 2888 Quid
1457 2841 1592 2896 ergo
1651 2825 1837 2880 facit?
1879 2827 2022 2880 Cum

386 2916 762 2986 splendidum
787 2918 842 2968 et
862 2913 1238 2984 magniﬁcum
1274 2919 1535 2984 parasset
1564 2914 1945 2981 sacriﬁcium,
1969 2919 2027 2970 et

389 3005 720 3073 quicunque
751 3007 919 3056 erant
950 3000 1092 3056 clari
1116 3009 1170 3056 et
1189 3000 1470 3068 illustres,
1493 3002 1552 3057 in
1573 3001 1862 3072 templum
1894 3019 2026 3058 con-

387 3092 605 3158 venire,
638 3093 694 3144 et
729 3089 1002 3144 sacriﬁcii
1045 3105 1177 3144 cum
1225 3105 1290 3143 eo
1337 3106 1467 3144 esse
1517 3090 1826 3161 participes
1862 3091 2024 3163 prius

381 3180 677 3250 jussisset,
697 3193 818 3232 rem
843 3177 1114 3248 deinceps
1137 3177 1465 3233 examinare
1487 3179 1808 3236 constituit.
1844 3185 2028 3250 Atque

385 3269 510 3338 ipse
544 3266 776 3338 quidem
806 3266 1029 3337 primus
1059 3266 1388 3338 ingreditur
1418 3284 1429 3320 :
1457 3267 1634 3322 simul
1666 3273 1860 3324 autem
1891 3285 2024 3323 cum

387 3373 452 3412 eo
485 3356 810 3428 ingreditur
839 3354 1013 3411 etiam
1047 3371 1254 3427 magna
1285 3356 1621 3423 multitudo,
1654 3361 1710 3412 et
1740 3363 1863 3413 erat
1893 3359 2027 3412 uni-

385 3445 622 3501 versain
647 3444 864 3515 templo
884 3449 1250 3516 congregata.
1271 3444 1447 3501 Etalii
1471 3446 1698 3515 quidem
1719 3447 2029 3518 diligenter

385 3534 740 3607 peragebant
769 3533 1144 3601 sacriﬁcium,
1177 3537 1233 3589 et
1264 3539 1608 3606 praesentem
1641 3534 2030 3591 observabant

389 3624 823 3680 Maximianum.
861 3622 1097 3694 Sergius
1119 3638 1251 3678 vero
1283 3629 1340 3679 et
1372 3623 1629 3679 Bacchus
1653 3625 1759 3679 viri
1785 3641 2026 3696 genero-

389 3714 625 3781 sissimi,
663 3729 735 3768 ne
778 3713 981 3783 templi
1031 3714 1268 3784 quidem
1311 3718 1538 3785 portam
1589 3715 1858 3786 ingressi,
1891 3715 2030 3770 foris

391 3805 629 3860 stabant
686 3802 924 3872 alicubi,
957 3803 1066 3874 ipsi
1116 3803 1231 3858 Deo
1264 3804 1457 3872 potius
1489 3821 1701 3875 purum
1735 3808 1792 3860 et
1827 3820 2028 3860 verum

391 3897 734 3966 peragentes
774 3892 1152 3961 sacrificium,
1185 3896 1242 3947 et
1275 3908 1376 3962 pro
1409 3891 1540 3948 aliis
1571 3899 1880 3964 rogantes:
1915 3893 2029 3949 Do-

391 3983 572 4048 mine,
615 3981 876 4048 Domine,
926 3979 1221 4046 dicebant,
1258 3981 1406 4035 Deus
1462 3985 1580 4036 Rex
1637 3982 2030 4052 singulorum,

393 4071 595 4128 exaudi
643 4087 843 4127 vocem
895 4074 1104 4126 nostris
1155 4070 1455 4137 orationis,
1498 4075 1555 4126 et
1593 4073 1878 4144 propitius
1909 4078 2032 4129 esto

392 4158 714 4215 haereditati
738 4164 868 4214 tuae.
895 4160 1088 4229 Parce,
1110 4158 1368 4226 Domine,
1394 4164 1449 4214 et
1481 4176 1551 4217 ne
1580 4177 1678 4216 eos
1709 4161 1938 4218 dederis
1961 4165 2031 4218 ad

391 4248 762 4320 gloriandum
786 4248 1260 4304 adversario.Sed
1282 4248 1573 4318 illumina,
1606 4249 1872 4321 Domine,
1899 4251 2033 4306 illu-

395 4339 550 4393 mina
579 4337 776 4391 oculos
817 4337 1080 4392 cordium
1112 4353 1336 4398 eorum,
1371 4341 1426 4393 et
1455 4354 1554 4394 eos
1602 4339 1787 4396 deduc
1837 4342 1904 4396 ad
1948 4343 2033 4396 tui

391 4427 774 4499 agnitionem,
809 4428 907 4497 qui
950 4443 1102 4482 nunc
1142 4427 1202 4482 in
1244 4427 1501 4484 tenebris
1533 4429 1835 4486 ambulant
1867 4432 2032 4504 igno-

2137 499 2228 552 ἀτε
2277 499 2478 568 σκηνὴν
2541 499 2634 571 μὲν
2677 498 2769 553 τὸν
2799 495 2932 573 τῇδε
2985 499 3105 574 βίον
3154 499 3248 554 καί
3293 499 3579 574 παροικίαν
3613 501 3707 555 xui
3751 501 3802 555 εἲ

2132 608 2182 642 τι
2218 585 2357 642 ἄλλο
2403 590 2512 642 τῶν
2560 587 2793 642 εὐτελῶν
2847 587 3172 663 ἡγούμενοι,
3209 587 3442 663 ἔμποροί
3493 587 3550 644 δὲ
3598 589 3800 667 ἀγαθοί

2131 681 2230 744 τῆς
2264 679 2465 730 ἑαυτῶν
2519 675 2797 752 γινόμενοι
2860 678 3156 752 σωτηρίας,
3189 678 3279 731 xui
3309 679 3409 747 τὴν
3443 677 3494 733 ἐν
3524 684 3604 751 τῶ
3656 680 3797 752 μέ).-

2135 766 2284 822 λοντι
2319 769 2464 836 ζωὴν
2505 764 2592 821 διὰ
2647 771 2754 820 τῶν
2810 767 3088 841 παρόντων
3136 768 3666 841 πραγματευόμενοι,
3700 769 3798 822 καὶ

2133 853 2314 930 ὥσπερ
2371 857 2490 910 τινὰ
2544 857 2679 928 πρὸς
2727 857 2826 925 τῆν
2885 855 3093 927 ἐκείνης
3150 858 3390 926 κτήσεως
3433 853 3793 912 διδασκαλίαν

2132 945 2219 999 καὶ
2277 945 2478 1019 τέχνην
2535 946 2630 1005 τὰς
2700 946 2843 1008 οείας
2904 946 3180 1018 μετιόντες
3230 946 3443 1021 rem;
3468 946 3559 999 καὶ
3587 947 3794 1007 ταύτας

2135 1033 2223 1089 διά
2280 1035 2464 1109 χειρὸς
2539 1029 2776 1108 ἔχοντες.
2833 1037 2994 1091 ’ΌΟεν
3055 1033 3180 1090 οὐδὲ
3236 1035 3430 1090 ἀνεκτὰ
3496 1040 3665 1090 ταῦτα
3708 1041 3796 1107 τῷ

2134 1125 2313 1200 φθόνῳ
2360 1123 2614 1199 κατέστη,
2674 1122 2822 1178 ἀλλά
2865 1145 3007 1186 τινες
3067 1129 3181 1188 τοῖς
3257 1125 3520 1201 γενναίοις
3574 1132 3676 1194 τῆς
3732 1146 3797 1180 τε

2132 1211 2312 1284 ἄλλης
2373 1215 2566 1288 ἀρετῆς
2623 1215 2713 1269 καὶ
2772 1211 2838 1284 δὴ
2895 1215 2986 1269 xui
3033 1220 3132 1284 τῆς
3192 1215 3269 1277 εἷς
3333 1214 3496 1270 αὐτὸν
3558 1214 3796 1290 βασιλέα

2132 1303 2439 1378 παρῥτισιας
2496 1306 2759 1382 χήναντες
2806 1304 2942 1379 πρὸς
2975 1303 3176 1359 ἐκεῖνον
3226 1306 3316 1359 τὸν
3348 1310 3443 1374 τῆς
3476 1303 3794 1381 παρῥτρνίας

2135 1391 2310 1448 αἶ’τιον
2371 1391 2620 1468 βασιλέα,
2695 1393 2826 1456 τοὺς
2899 1392 3098 1465 ἄνδρας
3166 1389 3632 1449 ἓνδιαϐἀλλουσιν·
3715 1395 3799 1457 ὡς

2133 1483 2529 1558 ὠλιγωρήκασι
2591 1485 2683 1557 μέν
2743 1482 2949 1538 ἐκείνου
3008 1481 3219 1559 φιλίας,
3277 1483 3557 1558 ἧλὸγησαν
3609 1481 3670 1539 δὲ
3699 1485 3797 1538 καὶ

2132 1580 2231 1642 τῆς
2277 1573 2414 1646 πρὸς
2461 1574 2614 1636 θεοὺς
2648 1575 2958 1648 Θεραπείας,
2992 1573 3083 1627 xui
3133 1574 3268 1645 πρὸς
3300 1573 3481 1648 ἑτέραν
3512 1570 3620 1644 ἤδη
3656 1576 3795 1648 Ορηο

2134 1664 2311 1718 σκείαν
2359 1661 2675 1732 ἀπέκλιναν,
2716 1661 3072 1738 Χριστιανοὺς
3119 1662 3341 1724 ἑαυτοὺς
3393 1662 3481 1718 καὶ
3542 1665 3795 1738 Χριστοῦ

2055 1788 2110 1853 Β
2139 1750 2367 1813 δούλους
2407 1750 2471 1806 ἐπ
2484 1774 2574 1830 ιφη
2587 1752 2860 1824 μέζοντες.

2203 1843 2275 1912 Β’,
2317 1841 2654 1914 Μαξιμιανὸς
2699 1841 2882 1914 μέντοι
2920 1841 3010 1895 καὶ
3052 1841 3213 1903 αὐτὸς
3244 1838 3403 1904 εἰδὼς
3436 1841 3518 1896 δτι
3547 1839 3794 1903 πολλοῖς

2129 1929 2402 1994 πολλάκις
2463 1933 2515 1985 αἱ
2575 1926 2832 1986 διαϐολαὶ
2901 1929 3103 2007 φθόνου
3171 1931 3344 1986 αἰτίαν
3405 1924 3624 2005 ἔχουσιν
3690 1932 3797 1986 οὐκ

2129 2018 2410 2089 ἀλήθείαν,
2469 2018 2658 2081 ἄλλως
2714 2041 2772 2074 τε
2821 2017 2879 2074 δὲ
2925 2021 3015 2074 καὶ
3061 2021 3160 2089 τὴν
3190 2024 3296 2074 τῶν
3335 2017 3541 2094 ἀνδρῶν
3577 2018 3797 2075 εὔνοιαν

2129 2108 2303 2178 ὁπόση
2343 2110 2419 2180 μὴ
2477 2108 2710 2183 ἀγνοῶν,
2745 2108 2890 2163 ἀλλά
2948 2109 3037 2164 καὶ
3067 2109 3166 2178 τήν
3200 2108 3402 2164 οἰκείαν
3435 2111 3695 2179 ἀπήνειαν
3731 2131 3796 2165 τε

2127 2197 2215 2251 καὶ
2273 2196 2565 2273 αὐστηρίαν
2627 2198 2714 2254 ἐπὶ
2769 2202 2892 2253 νοῦν
2967 2192 3136 2276 ἔχων·
3194 2199 3363 2273 ταύτῃ
3411 2201 3640 2276 τοιγὰρ
3695 2201 3791 2254 καὶ

2132 2287 2371 2360 μάλιστα
2414 2285 2684 2366 διαφέρειν
2744 2292 2853 2343 τῶν
2906 2287 3093 2344 ἄλλων
3135 2288 3323 2349 αὐτοῖς
3383 2287 3790 2366 ἐφιλοτιμεῖτο,

2125 2375 2215 2430 καὶ
2260 2375 2333 2436 ὡς
2383 2374 2428 2430 εἰ
2469 2377 2616 2450 τάχα
2653 2376 2876 2445 καὶτῆς
2925 2376 3136 2438 εὖνοιας
3188 2375 3384 2432 ἐκεῖνοι
3439 2379 3643 2447 ταύτης
3694 2380 3793 2432 καὶ

2126 2468 2224 2530 τῆς
2279 2464 2464 2542 φιλίας
2515 2463 2790 2540 ὑπεριδεῖν
2840 2463 3073 2540 ἔκριναν,
3123 2465 3268 2521 ἀλλά
3319 2466 3412 2520 τὸν
3441 2464 3693 2521 κίνδυνον
3727 2466 3794 2522 ἂν

2126 2548 2493 2630 ἐφοϐήθησαν·
2555 2555 2789 2610 ἀπίθανά
2829 2575 2886 2609 τε
2943 2556 3129 2631 ἡγεῖτο
3177 2561 3270 2610 καῖ
3311 2552 3480 2629 ψευδῆ
3505 2557 3588 2628 ,τά
3619 2555 3792 2630 λεγό-

2129 2663 2282 2715 μενα,
2331 2645 2419 2698 καὶ
2471 2642 2555 2699 ὅτι
2618 2645 2694 2716 μή
2751 2638 3121 2706 ἀϐασανίστως
3167 2649 3336 2700 ταῦτα
3384 2642 3792 2720 προσδέχεσθαι

2128 2728 2230 2803 δεῖ,
2288 2733 2423 2786 κατά
2470 2730 2638 2807 λόγον
2697 2733 2932 2789 ἐσκόπει.
2985 2733 3055 2790 Τί
3112 2731 3206 2786 οὖν
3245 2738 3393 2788 ποιεῖ
3426 2753 3439 2804 ;
3474 2734 3669 2789 Θυσίαν
3694 2756 3791 2811 φι-

2127 2819 2356 2894 λότιμον
2398 2820 2488 2875 καὶ
2545 2819 2827 2891 πολυτελῆ
2861 2823 3432 2896 παρασκευασάμενος,
3465 2825 3554 2878 καὶ
3586 2825 3789 2879 συνελ-

2127 2909 2237 2963 θεῖν
2299 2909 2375 2970 εἰς
2433 2910 2494 2964 τὸ
2553 2911 2696 2983 ἱερὸν
2759 2909 2882 2965 ὅσον
2950 2912 3074 2985 περὶ
3133 2911 3292 2966 αύτὸν
3363 2909 3614 2990 ἐπιφανὲς
3694 2914 3786 2982 ἧν·

2128 2996 2460 3066 κοινωνῆσαί
2518 3018 2576 3052 τε
2627 2997 2774 3069 αὐτῷ
2829 3004 2931 3067 τῆς
2990 2997 3174 3060 Θοσίας
3246 2998 3510 3072 πρότερον
3577 3019 3789 3073 παραγ-

2132 3083 2342 3159 γείλας,
2403 3085 2644 3151 ἐντεῦθεν
2699 3085 2995 3160 δοκιμάσαι
3039 3089 3100 3142 τὸ
3153 3091 3378 3163 πρᾶγμα
3417 3093 3508 3142 καῖ
3536 3089 3634 3156 τὴν
3670 3085 3794 3142 δια-

2059 3154 2108 3222 C
2139 3169 2311 3244 ϐολήν
2355 3173 2690 3250 διεσκέψατο.
2722 3175 2913 3250 Εἴσῄει
2940 3177 3036 3248 μὲν
3069 3174 3162 3231 οὖν
3196 3176 3356 3239 αὐτὸς
3388 3181 3623 3252 πρῶτος,
3658 3199 3790 3232 συν-

2135 3265 2304 3336 εισῄει
2355 3262 2412 3318 δέ
2468 3264 2613 3337 αύτῷ
2671 3266 2760 3320 xui
2793 3265 2936 3320 πολὺ
2979 3286 3030 3320 τι
3087 3265 3321 3336 πλῆθος.
3361 3269 3448 3322 καὶ
3489 3266 3613 3322 ὅσον
3644 3271 3794 3324 κατά

2133 3353 2195 3406 τὸ
2227 3353 2369 3424 ἱερὸν
2399 3351 2680 3428 ἤθροιστο.
2724 3354 2825 3410 Καὶ
2859 3355 2910 3408 oi
2961 3355 3054 3427 μὲν
3101 3356 3199 3425 τὴν
3258 3355 3441 3410 θυσίαν
3503 3355 3788 3428 ἐπιμελῶς

2139 3437 2430 3511 διετέλουν,
2480 3441 2571 3496 καὶ
2620 3445 2858 3517 παρόντα
2907 3444 2997 3498 τὸν
3047 3445 3382 3517 Μαξιμιανὸν
3439 3444 3787 3516 ἐθεράπευον.

2139 3531 2367 3604 Σέργιος
2401 3528 2457 3585 δὲ
2489 3531 2575 3586 καὶ
2626 3534 2844 3606 Βακχος
2877 3533 2928 3586 o't
2957 3534 3340 3606 γενναιότατοι,
3376 3531 3517 3607 μηδὲ
3544 3539 3614 3609 τῇ
3647 3537 3790 3610 ούρα

2137 3623 2232 3675 τοῦ
2290 3620 2437 3693 ἱεροῦ
2484 3617 2904 3694 προσϐαλόντες,
2965 3621 3064 3695 ἔξω
3147 3644 3253 3677 που
3331 3627 3786 3699 παρειστήκεσαν,

2141 3709 2291 3764 αὐτοὶ
2327 3709 2538 3784 μᾶλλον
2581 3715 2697 3782 Θεῴ
2725 3712 2824 3780 τήν
2855 3713 3086 3787 καθαράν
3122 3733 3180 3766 τε
3219 3712 3306 3767 καὶ
3339 3713 3517 3783 ἀληθῆ
3567 3713 3792 3769 τελοῦν-

2139 3819 2224 3861 τες
2257 3801 2465 3870 Ουσίαν,
2494 3799 2584 3854 xui
2645 3800 2775 3874 ὑπὲρ
2829 3801 3046 3857 ἐκείνων
3095 3799 3368 3876 δεόμενοι,
3408 3805 3591 3878 Κύριε,
3625 3806 3794 3878 Κύριε

2143 3885 2411 3966 λέγοντες,
2463 3892 2490 3945 ὁ
2543 3889 2794 3965 βασιλεὺς
2843 3895 2950 3944 τῶν
2983 3892 3212 3962 αἰώνων,
3246 3892 3492 3948 ἐνὼτισαι
3525 3895 3623 3962 τήν
3667 3917 3793 3971 φω-

2140 3980 2238 4047 νὴν
2267 3986 2365 4048 τῆς
2417 3976 2650 4050 δεήσεως
2681 3982 2864 4053 ἡμῶν,
2896 3979 3153 4050 ἱλάσθητι
3195 3985 3263 4055 τῇ
3294 3980 3644 4055 κληρονομίᾳ
3665 4006 3792 4039 σου.

2144 4074 2355 4137 Φεῖσαι,
2408 4067 2587 4143 Κύριε,
2639 4069 2727 4123 καὶ
2781 4072 2857 4143 μή
2911 4068 3015 4142 δῳς
3065 4071 3259 4132 αὐτοὺς
3308 4071 3383 4134 εἷς
3415 4074 3683 4150 καύχημα
3711 4073 3797 4146 τῷ

2143 4159 2519 4230 ἀντικειμένῳ,
2575 4157 2720 4213 ἀλλὰ
2797 4159 3055 4236 φώτισον,
3123 4156 3308 4235 Κύριε,
3369 4161 3605 4238 φώτισον
3658 4163 3796 4224 τοὺς

2144 4245 2462 4327 ἀφοαλμοὺς
2507 4252 2614 4302 τῶν
2673 4244 2906 4321 καρδιῶν
2941 4249 3141 4314 αὐτῶν,
3175 4249 3264 4303 xui
3306 4248 3380 4311 εἷς
3413 4252 3510 4320 τὴν
3543 4253 3640 4318 σήν
3672 4249 3798 4304 ἐπί-

2139 4357 2337 4411 γνωσιν
2397 4335 2591 4396 αὐτοὺς
2645 4333 3044 4412 καΟοδήγησον,
3104 4335 3158 4391 ο⁹ί
3210 4336 3262 4392 ἐν
3323 4339 3500 4392 σκότει
3549 4343 3638 4392 νῦν
3694 4342 3800 4408 της

2141 4423 2362 4499 ἀγνοίας
2412 4424 2753 4498 πορεύονται,
2803 4426 2893 4478 καὶ
2960 4423 3270 4496 ἠλλάξαντο
3329 4429 3428 4496 τήν
3491 4424 3645 4496 δόξαν
3695 4449 3798 4482 σου

391 4517 613 4585 rantizn,
639 4523 690 4571 et
712 4537 740 4565 ‹‹
770 4523 1138 4571 mutaverunt
1159 4515 1406 4587 gloriam
1440 4524 1622 4582 tuam,
1655 4519 1749 4589 qui
1782 4535 1844 4575 es
1875 4519 2027 4577 solus

2139 4521 2236 4570 τοῦ
2281 4519 2603 4589 μονογενοῦς
2657 4514 2744 4568 xui
2803 4513 3078 4589 ἀφθάρτου
3149 4519 3303 4580 Θεοῦ,
3362 4515 3411 4570 ἐν
3473 4517 3798 4589 ὁμοιώματι

395 4610 564 4673 Deus,
606 4615 659 4661 et
718 4605 948 4661 alienus
1012 4607 1082 4661 ab
1142 4605 1405 4674 interitu,
1469 4607 1525 4661 in
1583 4607 2028 4666 similitudinem

393 4698 734 4763 bestiarum,
755 4698 1226 4770 quadrupedum,
1250 4703 1306 4751 et
1321 4698 1681 4769 serpentium
1709 4702 1750 4765 ί,
1780 4720 1809 4750 ››
1835 4705 1893 4755 et
1922 4707 2031 4756 ate

395 4788 755 4855 defecerunt,
803 4791 861 4842 et
901 4787 1300 4842 sacriﬁcarunt
1330 4801 1528 4842 eorum
1571 4788 1939 4860 sculptilibus
1978 4797 2032 4844 et

391 4893 604 4932 nomen
634 4881 905 4932 sanctum
939 4881 1106 4931 tuum
1131 4877 1490 4946 contemptui
1511 4877 1857 4934 habuerunt.
1882 4882 2032 4936 Con.

391 4971 551 5022 verte
580 4982 698 5034 eos,
733 4965 998 5030 Domine,
1031 4969 1088 5020 et
1127 4971 1476 5034 cognoscant
1502 4965 1790 5022 mirabilia
1820 4972 1940 5033 tua,
1973 4975 2032 5025 et

392 5057 762 5128 unigenitum
797 5063 956 5110 tuum
991 5054 1226 5120 Filium,
1255 5057 1312 5109 et
1352 5052 1706 5110 Salvatorem
1740 5062 2030 5128 nostrum,

392 5147 487 5214 qui
521 5144 853 5200 voluntaria
892 5160 1063 5200 cruce
1093 5147 1149 5198 et
1197 5147 1379 5198 morte
1410 5149 1665 5199 nostram
1699 5150 2034 5216 procuravit

391 5235 656 5289 salutem.
692 5239 869 5291 Porro
902 5242 1094 5290 autem
1126 5249 1228 5289 nos
1260 5250 1488 5304 quoque
1519 5250 1793 5291 conserva
1812 5237 2033 5295 alienos

391 5339 424 5376 a
455 5323 903 5391 reprehensione
951 5323 1010 5378 in
1042 5323 1133 5379 via
1182 5322 1648 5378 testimoniorum
1690 5332 1945 5394 tuorum,
1980 5334 2036 5383 et

392 5410 450 5463 in
483 5411 750 5466 custodia
804 5417 1035 5467 tuorum
1097 5411 1532 5466 mandatorum.
1587 5413 1765 5482 Atque
1797 5415 2032 5484 quidem

391 5497 537 5552 foris
570 5502 793 5556 stantes
824 5505 983 5555 extra
1002 5504 1198 5571 portas
1214 5498 1441 5570 templi,
1473 5497 1594 5555 haec
1624 5503 2035 5574 precabantur,

393 5591 450 5643 et
480 5584 563 5641 sic
587 5584 770 5641 Deum
804 5587 1134 5658 placabunt.

468 5697 484 5731 ¹
518 5694 683 5750 Rom.
717 5693 764 5762 Ι,
792 5693 882 5749 23.

2144 4602 2373 4676 θηρίων,
2422 4602 2513 4656 xui
2560 4598 2905 4673 τετραπόδων
2952 4603 3039 4656 καὶ
3091 4603 3329 4677 ἑρπετῶν
3377 4603 3682 4674 ἀπέστησάν
3736 4627 3798 4660 τε

2143 4691 2249 4746 ἀπὸ
2317 4696 2433 4762 σοῦ,
2487 4691 2576 4745 καὶ
2634 4685 2821 4755 ἔθυσαν
2877 4697 2992 4752 τοῖς
3050 4689 3313 4766 γλυπτοῖς
3363 4693 3560 4761 αὐτῶν,
3609 4693 3696 4748 καὶ
3733 4697 3800 4750 τὸ

2145 4777 2320 4854 ὄνομα
2347 4781 2409 4834 τὸ
2467 4780 2616 4853 ἅγιόν
2669 4800 2763 4833 σου
2819 4778 3108 4850 ἠθέτησαν.
3171 4782 3523 4856 Ἐπίστρεψον
3575 4781 3802 4854 αὐτοὺς,

2148 4873 2341 4945 Κύριε,
2399 4871 2488 4926 καὶ
2546 4872 2836 4947 γνώτωσαν
2887 4871 2952 4925 τά
2991 4870 3262 4944 θαυμάσια
3292 4893 3410 4940 σου,
3442 4872 3529 4926 καὶ
3559 4875 3651 4927 τὸν
3690 4895 3799 4946 μο-

2147 4969 2341 5036 νογενῆ
2395 4983 2489 5016 σου
2539 4963 2660 5016 Υἱὸν
2698 4962 2786 5016 καὶ
2840 4967 3071 5033 Σωτῆρα
3117 4960 3400 5035 ἡμέτερον
3453 4962 3510 5023 ὃς
3562 4961 3803 5037 ἑκουσίῳ

2148 5056 2363 5126 σταυρῷ
2400 5051 2486 5105 καὶ
2548 5050 2756 5123 Οανάτῳ
2810 5051 2909 5119 τὴν
2971 5052 3129 5122 ἡμῶν
3171 5047 3652 5124 ἐπραγματεύσατο
3684 5072 3802 5106 σω.

2146 5142 2364 5216 τηρίαν.
2398 5139 2501 5197 Καὶ
2556 5143 2702 5212 ἡμᾶς
2763 5137 2820 5193 δὲ
2877 5139 3144 5212 ἀμώμους
3189 5139 3241 5193 ἐν
3273 5143 3341 5213 τῇ
3373 5137 3486 5211 ὁδῴ
3515 5144 3618 5194 τῶν
3653 5162 3806 5214 μαρς

2145 5231 2345 5305 τυρίων
2405 5234 2500 5284 σου
2548 5231 2634 5284 καὶ
2693 5232 2762 5301 τῇ
2811 5232 2916 5282 τῶν
2949 5227 3191 5284 ἐντολῶν
3223 5249 3319 5282 σου
3352 5228 3568 5304 φυλακῇ
3601 5225 3806 5300 διατή-

2150 5342 2342 5396 ρησον.
2372 5321 2438 5378 O't
2474 5321 2564 5392 μὲν
2613 5319 2702 5373 οὖν
2745 5315 2844 5387 ἔξω
2876 5319 2983 5391 πρὸ
3022 5321 3128 5372 τῶν
3161 5317 3350 5373 πυλῶν
3387 5322 3484 5374 τοῦ
3516 5319 3664 5393 ἱεροῦ
3706 5319 3805 5373 ἐσ-

2148 5418 2318 5474 τῶτες
2347 5415 2566 5467 τοιαῦτα
2598 5410 3005 5485 προσηύχοντο.
