4106 6200
347 353 499 417 1009

412 514 482 567 Γ’.
543 512 880 585 Μαξιμιανὸς
965 509 1022 567 δὲ
1082 512 1361 580 εἰσελθὼν,
1423 513 1513 567 διῃῖ
1569 510 1704 588 τῇδε
1770 513 2078 583 κᾶκεῖσεΑ

337 598 831 677 περιϐλεψάμενος,
893 603 968 664 ὡς
1031 601 1230 674 μόνους
1291 602 1529 664 ἐκείνους
1592 605 1820 679 Σέργιον
1891 606 1992 660 οὐκ

337 688 449 742 ἴδοι
478 689 568 743 καὶ
613 689 830 764 Βάκχον
866 687 996 744 εἷ’σω
1027 695 1124 744 τοῦ
1156 691 1306 762 ἱεροῦ
1341 692 1476 764 μετὰ
1505 695 1612 746 τῶν
1645 691 1834 746 ἄλλων
1885 714 1995 746 πα-

341 779 536 852 ρόντας
567 778 688 833 τότε
721 778 786 846 δὴ
821 778 1001 834 πίστιν
1037 775 1240 854 ἀκριϐῆ
1269 782 1330 835 τὸ
1386 780 1677 856 γενόμενον
1727 789 1826 850 τῆς
1878 785 1989 837 κατ’

339 867 514 921 αὐτῶν
549 863 818 937 διαϐολῆς
848 866 1108 926 ἐποιεῖτο.
1145 870 1250 924 Καῗ
1289 870 1442 932 εὐθὺς
1475 873 1508 939 ἡ
1563 873 1801 942 συνήθης
1851 873 1996 941 ἀπή-

339 956 459 1010 νειά
509 977 568 1011 τε
615 957 706 1012 καὶ
742 959 1002 1032 ἀγριότης
1049 959 1136 1012 καὶ
1170 961 1204 1027 ἡ
1239 957 1376 1034 ὀργή
1415 981 1426 992 ο
1479 961 1566 1014 καὶ
1627 959 1678 1013 τί
1742 958 1992 1034 μέλλετε,

341 1046 478 1119 πρὸς
525 1047 652 1107 τοὺς
680 1051 1026 1120 παρεστῶτας
1060 1065 1074 1080 ⁶
1115 1047 1203 1102 καὶ
1237 1045 1382 1102 πολῦ
1441 1047 1770 1122 ἄχθήτωσαν
1805 1050 1855 1102 οἳ
1905 1067 1990 1103 κα·

337 1136 568 1210 τάρατοι
647 1136 782 1208 μετᾶ
851 1133 1090 1211 φοϐεροῦ
1166 1143 1265 1192 τοῦ
1333 1137 1696 1211 κλεύσματος.
1739 1139 1994 1214 Ἀγονται

334 1223 514 1278 τοίνυν
559 1226 608 1278 οἱ
661 1227 918 1299 μακάριοι
969 1225 1189 1288 στολαῖς
1239 1227 1430 1290 αὐταῖς
1494 1227 1586 1281 καὶ
1632 1226 1860 1302 χλανίσι
1904 1228 1993 1282 καὶ

337 1314 552 1382 ζώναις,
606 1316 709 1369 ὑπὸ
760 1319 857 1387 μιᾷ
899 1315 1123 1390 γλώττῃ
1171 1317 1270 1385 τὴν
1322 1315 1577 1390 γλυκεῖαν
1636 1316 1846 1388 ἐκείνην
1908 1317 1991 1372 εὖ·

337 1404 448 1477 χήν
495 1402 921 1481 ἐπιστρέφοντες.
958 1405 1088 1459 Εἶτα
1131 1408 1228 1473 τὴν
1280 1407 1519 1484 ἁρχικὴν
1567 1404 1698 1480 ἄρας
1743 1408 1913 1484 ἀφρὸν
1965 1409 1992 1461 ὁ

347 1494 625 1570 βασιλεὺς,
683 1495 775 1549 καὶ
859 1491 1092 1570 σοϐαρὸν
1144 1497 1332 1560 αὐτοῖς
1390 1497 1478 1552 καὶ
1537 1495 1726 1572 ἄγριον
1786 1495 1992 1555 ἐνιδὼν,

337 1580 608 1654 Ἐδίκατε,
659 1582 792 1662 ἔφη,
841 1583 1153 1660 παῤῥησίας
1212 1585 1273 1640 ού
1329 1585 1466 1640 κατᾶ
1515 1587 1702 1660 καιρὸν
1755 1586 1996 1642 ἀπολαύ-

339 1693 519 1734 σαντες
576 1679 676 1742 τῆς
737 1672 899 1742 ἐμῆς,
929 1673 1117 1735 ἄλλως
1160 1695 1218 1729 τε
1264 1671 1320 1729 δὲ
1367 1674 1455 1729 καὶ
1487 1679 1556 1750 τῇ
1596 1675 1784 1749 πολλῇ
1822 1677 1990 1752 ταύτῃ

338 1767 376 1838 ᾖ
405 1764 530 1837 περὶ
571 1765 710 1838 ὑμᾶς
759 1763 1124 1842 ἒκέχρήμεθα,
1166 1765 1436 1840 εὒμενείᾳ,
1486 1767 1705 1839 πολλὴν
1745 1771 1990 1843 εὐήθειαν

339 1853 697 1928 καραγνόντες
746 1856 932 1928 ἡμῶν,
977 1855 1064 1910 κοὶ
1125 1853 1217 1910 διὰ
1269 1861 1431 1912 τοῦτο
1479 1861 1878 1936 κατεπαρθῆναί
1933 1883 1992 1916 τε

338 1947 436 1998 τοῦ
484 1943 754 2018 ἡμετέρου
781 1943 1032 2018 κράτους,
1067 1946 1154 2000 καὶ
1188 1945 1396 2001 ἀνόσιοι
1449 1949 1543 2020 μὶν
1589 1951 1657 2004 τὰ
1699 1951 1818 2023 περί
1859 1953 1988 2014 τοὺς

351 2031 504 2096 θεοὺς
550 2031 766 2102 αὐτοὺς,
798 2033 1088 2108 ἀχάριστοι
1131 2031 1186 2090 δὲ
1243 2037 1367 2111 περὶ
1419 2039 1567 2110 ἡμᾶς
1619 2039 1846 2118 ὀφθῆναι
1895 2040 1988 2096 καὶ

343 2119 543 2179 ἄδικοι.
575 2119 740 2177 Ἀλλ’
769 2121 816 2177 εἷ
867 2124 944 2195 μή
997 2123 1179 2186 θύσετε
1225 2125 1312 2180 καὶ
1348 2127 1498 2188 θεοῠς
1541 2125 1654 2200 ἅμα
1694 2131 1783 2184 καὶ
1840 2133 1990 2204 ἡμᾶς

340 2208 665 2282 ἒξιλάσεσθε,
699 2212 805 2286 ἐγὼ
858 2215 959 2282 τήν
1007 2211 1145 2285 ἐμὴν
1199 2213 1397 2276 ἱκανῶς
1455 2215 1679 2290 ἰάσομαι
1740 2221 1986 2294 μέμψιν·

340 2301 430 2356 καὶ
488 2302 653 2374 ὒμεῖς
683 2299 874 2356 αὐτίκα
932 2308 1178 2376 χανερῶς
1221 2302 1446 2376 εἴσεσθε,
1485 2305 1600 2368 οἶάς
1641 2308 1987 2382 ἡμερότητος

344 2389 434 2444 καὶ
492 2391 817 2465 προσηνείας
863 2389 962 2446 ούκ
1009 2389 1286 2457 ἒθέλοντες
1347 2393 1662 2467 ἀπολαύειν,
1714 2399 1828 2452 οἷόν
1883 2421 1988 2472 μου

341 2480 434 2535 τὸν
523 2479 693 2552 θυμὸν
772 2481 890 2555 ἄρτι
983 2483 1103 2546 καθ’
1179 2483 1334 2556 ὑμῶν
1402 2487 1739 2555 κεκινήκατε.
1773 2489 1990 2543 Τούτων

341 2568 666 2633 ἀκούσαντες
705 2570 757 2624 οἱ
813 2577 1072 2646 γενναῖοι,
1104 2571 1194 2626 καὶ
1233 2573 1452 2647 γνόντες
1510 2575 1593 2630 ὅτι
1655 2572 1820 2646 δῆλοι
1867 2577 1992 2632 πάν-

339 2679 451 2720 τως
491 2655 600 2730 ἤδη
649 2663 728 2730 τῷ
779 2659 996 2734 βασιλεῖ
1033 2659 1304 2738 γεγόνασι,
1336 2663 1426 2716 καὶ
1475 2661 1558 2717 ὅτι
1605 2663 1860 2739 κρύπτειν
1910 2665 1988 2721 ἔτι

339 2750 440 2818 τήν
475 2744 746 2803 εὐσέϐειαν
776 2749 974 2819 ἥκιστα
1013 2751 1126 2825 χρὴ
1176 2750 1266 2804 καὶ
1313 2751 1407 2806 τὸν
1456 2756 1642 2827 καιρὸν
1711 2754 1990 2830 παριέναι,

347 2835 494 2892 ἀλλᾶ
559 2835 909 2910 δημοσιεύειν
971 2837 1184 2912 μᾶλλον
1227 2839 1300 2902 ὡς
1357 2841 1472 2896 οἷόν
1512 2863 1590 2910 τε,
1636 2843 1722 2898 καὶ
1775 2842 1993 2914 πολλὴν

349 2924 481 3001 ὑπὲρ
532 2925 700 2993 αὐτῆς
759 2925 1021 3005 εἰσφέρειν
1070 2927 1168 2995 τὴν
1229 2925 1536 3001 παρῥησίαν
1585 2928 1840 3006 ἐλευθέρᾳ
1902 2932 1992 2986 καὶ

352 3017 506 3092 ψυχῇ
537 3014 629 3070 καὶ
669 3015 906 3088 γλώντῃ.
940 3015 1069 3072 Θεὸν
1106 3016 1200 3088 μὲν
1232 3013 1416 3086 ἀληθῆ
1447 3018 1538 3072 τὸν
1568 3020 1797 3094 Χριστὸν
1838 3020 1995 3095 ὡμο-

348 3101 614 3178 λόγησαν.
649 3101 872 3161 Εἷ¹δωλα
904 3101 960 3159 δὲ
987 3103 1114 3167 τοὺς
1146 3105 1327 3161 αὐτῶν
1362 3107 1516 3170 θεοὺς
1558 3109 1645 3163 καὶ
1680 3113 1883 3185 χειρῶν
1906 3111 1996 3166 ἆν-

1325 355 1803 418 MAll'l‘YlllUM
1852 355 1962 416 SS.
2013 354 2268 417 SERGII
2314 357 2409 417 ET
2453 357 2757 420 BACCHI.

3595 353 3750 412 lOIO

2172 537 2266 592 III.
2300 534 2691 592 Maximianus
2723 534 2947 590 interea
2969 534 3251 604 templum
3273 514 3594 606 ingressus,
3619 550 3751 590 cum

2107 625 2220 681 huc
2252 629 2308 680 et
2341 624 2479 680 illuc
2524 624 3060 694 circumspexisset,
3086 622 3242 678 solos
3273 639 3407 678 vero
3437 623 3589 690 illos,
3623 625 3753 679 Ser-

2103 714 2266 786 gium
2297 722 2350 770 et
2381 713 2698 778 Bacchum,
2733 729 2847 767 non
2878 711 3116 767 vidisset
3140 711 3357 781 templo
3390 712 3595 767 adesse
3617 729 3750 768 cum

2103 803 2254 868 aliis,
2291 807 2428 858 tunc
2459 803 2540 871 id,
2574 802 2728 874 quod
2777 801 2976 868 ﬁebat,
3010 799 3216 854 statuit
3265 803 3459 870 aperte
3509 801 3750 870 probare

2104 908 2254 958 eam,
2301 909 2426 962 quae
2475 891 2536 946 in
2581 891 2738 962 ipsos
2785 889 3221 953 intendebatur,
3267 889 3698 944 accusationem
3736 907 3750 944 :

2103 981 2490 1052 protinusque
2519 979 2737 1036 exarsit
2776 981 3057 1035 consueta
3095 977 3254 1032 illius
3287 975 3522 1046 saavitia,
3548 977 3748 1033 feritas

2104 1075 2160 1126 et
2197 1070 2328 1125 ira:
2365 1075 2440 1136 et,
2471 1069 2618 1134 Quid
2676 1066 3083 1125 cunctamini?
3133 1067 3278 1121 dixit
3307 1065 3381 1122 iis
3432 1067 3534 1137 qui
3591 1071 3748 1122 asta-

2105 1159 2246 1216 bant
2279 1177 2291 1213 :
2327 1163 2382 1216 et
2413 1159 2744 1230 frequenter
2774 1157 3005 1230 repetiit
3035 1155 3200 1212 illud.
3235 1156 3534 1212 Ducentur
3582 1173 3748 1212 exse-

2106 1251 2325 1321 crandi,
2345 1251 2663 1320 cumjussu
2686 1247 2954 1305 terribili.
2976 1247 3282 1304 Ducuntur
3303 1262 3438 1318 ergo
3461 1251 3749 1318 martyres

2107 1355 2238 1396 cum
2271 1339 2476 1396 iisdem
2509 1338 2792 1406 vestibus,
2829 1337 3061 1403 tunicis,
3089 1341 3144 1392 et
3185 1337 3368 1401 zonis,
3403 1353 3520 1391 una
3549 1336 3750 1408 lingua

2105 1433 2402 1486 versantes
2426 1428 2584 1484 illam
2613 1427 2842 1484 dulcem
2872 1427 3288 1499 precationem.
3314 1425 3533 1481 Deinde
3567 1426 3752 1498 impe-

2106 1526 2266 1576 rator
2287 1518 2569 1590 principis
2599 1516 2883 1572 extollens
2933 1515 3338 1587 supercilium,
3385 1516 3753 1587 superbeque

2105 1613 2162 1666 et
2189 1617 2344 1665 torve
2365 1624 2460 1664 eos
2488 1606 2720 1662 intuens
2747 1622 2760 1661 :
2783 1605 3098 1672 Videmini,
3131 1603 3347 1676 inquit,
3381 1620 3496 1660 non
3529 1604 3587 1658 in
3611 1609 3756 1660 tem-

2105 1716 2242 1772 pore
2273 1714 2402 1754 mea
2431 1712 2558 1753 esse
2608 1695 2778 1752 abusi
2817 1694 3042 1762 fiducia,
3072 1698 3129 1750 et
3167 1699 3400 1764 propter
3430 1694 3601 1763 hanc,
3633 1711 3750 1765 qua

2105 1787 2163 1842 in
2193 1804 2295 1844 vos
2325 1786 2414 1842 usi
2447 1801 2674 1852 sumus,
2697 1783 3157 1840 benevolentiam
3190 1799 3296 1838 nos
3328 1798 3552 1853 magnae
3583 1784 3748 1837 dam—

2101 1893 2274 1933 nasse
2303 1875 2586 1940 stultitiaa,
2630 1877 2688 1930 et
2718 1879 2916 1930 contra
2944 1877 3200 1928 nostram
3231 1871 3613 1928 insurrexisse
3643 1889 3746 1942 po-

2095 1965 2362 2030 tentiam,
2387 1963 2626 2034 etimpii
2662 1961 2902 2034 quidem
2935 1961 3136 2016 essein
3170 1961 3306 2016 deos
3329 1959 3507 2031 ipsos,
3531 1959 3746 2031 ingrati

2097 2059 2290 2110 autem
2320 2053 2382 2109 in
2407 2070 2514 2109 nos
2546 2055 2602 2107 et
2631 2051 2863 2122 injusti.
2899 2051 3003 2106 Sed
3029 2050 3142 2106 nisi
3174 2048 3660 2115 sacrificaveritis,
3693 2057 3748 2105 et

2098 2145 2258 2210 deos,
2291 2147 2348 2200 et
2375 2161 2481 2199 nos
2521 2142 2696 2198 simul
2725 2139 3108 2211 placaveritis,
3141 2156 3242 2210 ego
3276 2155 3418 2195 meae
3447 2139 3590 2194 satis
3623 2155 3747 2194 me-

2097 2235 2274 2290 debor
2303 2233 2581 2304 querela;
2607 2235 2662 2287 et
2691 2247 2792 2287 vos
2822 2231 3023 2287 statim
3057 2236 3250 2300 aperte
3271 2227 3488 2298 scietis,
3521 2243 3748 2283 summa

2097 2322 2460 2396 benignitate
2491 2318 3020 2378 etmansuetudinc
3052 2319 3162 2372 frui
3189 2316 3474 2387 nolentes,
3509 2315 3742 2388 qualem

2097 2432 2292 2472 meam
2323 2415 2382 2470 in
2416 2431 2514 2470 vos
2565 2413 2712 2469 iram
2741 2427 2931 2484 nuper
2969 2409 3250 2466 movistis.
3286 2413 3414 2466 Haec
3471 2425 3604 2465 cum
3642 2407 3748 2464 viri

2098 2504 2185 2560 illi
2217 2503 2478 2577 praeclari
2503 2502 2833 2558 audiissent
2857 2507 2910 2558 et
2940 2499 3346 2570 cognovissent
3378 2515 3440 2554 se
3465 2499 3590 2568 jam
3614 2514 3748 2554 om-

2100 2594 2238 2650 nino
2269 2592 2627 2660 manifestos,
2660 2589 2914 2646 evasisse
2945 2586 3299 2659 imperatori,
3343 2590 3398 2643 et
3429 2603 3542 2642 non
3574 2603 3745 2658 opor-

2099 2686 2220 2738 tere
2264 2681 2510 2752 amplius
2557 2679 2743 2734 celare
2791 2677 3082 2750 pietatem,
3114 2679 3172 2731 et
3219 2675 3572 2731 occasionem
3603 2691 3748 2747 prs:-

2100 2770 2296 2839 terire,
2327 2771 2426 2826 sed
2461 2768 2654 2840 potius
2689 2783 2864 2839 quam
2899 2768 3142 2838 possunt
3174 2763 3426 2820 maxime
3451 2763 3748 2834 publicare

2101 2863 2160 2916 et
2189 2875 2286 2930 pro
2317 2859 2445 2929 ipsa
2476 2873 2750 2930 magnam
2784 2857 2988 2912 afferre
3019 2854 3292 2910 fiduciam
3332 2861 3386 2908 et
3417 2853 3642 2908 dicendi
3677 2852 3744 2906 li-

2101 2948 2406 3016 bertatem,
2441 2946 2622 3003 libera
2665 2946 2866 3002 anima
2913 2948 2969 3000 et
2999 2943 3202 3015 lingua
3230 2942 3525 2999 Christum
3559 2941 3744 2997 Deum

2102 3053 2304 3094 verum
2335 3041 2476 3092 sunt
2495 3035 2744 3092 confessi
2773 3052 2785 3090 :
2811 3031 3130 3090 simulacra
3152 3035 3344 3088 autem
3367 3046 3564 3086 eorum
3590 3031 3746 3096 deos,

2105 3131 2161 3184 et
2207 3127 2600 3182 humanarum
2635 3140 2917 3180 manuum
2940 3138 3132 3193 opera,
3165 3120 3369 3191 spiritu
3401 3120 3656 3176 carentia
3693 3124 3748 3174 et

349 3192 629 3268 θρωπίνων
659 3189 792 3268 ἔργα
823 3200 996 3262 πνοῆς
1017 3191 1198 3268 ἔρημα
1234 3193 1324 3248 καὶ
1367 3197 1523 3250 κωφὰ
1561 3199 1812 3272 καθαρῶς
1844 3199 1991 3254 ἀνεῖ-

569 3283 628 3304 n1
689 3281 733 3304 δῖ
803 3285 816 3304 Ι
877 3289 906 3298 ⁸⁵
1000 3284 1021 3304 Ἰ
1043 3281 1064 3302 Ιθ
1324 3285 1339 3304 τ
1435 3285 1449 3304 Ι
1698 3287 1712 3304 \
1918 3291 1928 3304 Ι

2105 3215 2302 3282 surda,
2336 3213 2648 3270 manifesto
2675 3189 3058 3270 ostenderunt
3089 3189 3124 3264 εν
3143 3230 3172 3259 ‹‹
3194 3189 3284 3264 Dii
3313 3208 3513 3276 vestri,
3545 3208 3745 3263 dicen-

347 3303 469 3340 πον.
505 3308 532 3336 ‹‹
568 3283 634 3341 Οἱ
685 3281 743 3338 δὲ
797 3285 970 3355 ὑμῶν,
1000 3281 1275 3360 λέγοντες,
1315 3285 1573 3361 ἀργύριον
1625 3287 1714 3343 καὶ
1765 3291 1992 3364 χρυσίον

345 3368 478 3448 ἔργα
532 3378 738 3449 χειρῶν
796 3373 1121 3447 ἀνθρώπων,
1159 3399 1179 3425 1
1224 3373 1313 3429 καὶ
1347 3377 1444 3430 ὅσα
1473 3377 1594 3447 ἒξῆς
1625 3377 1992 3454 ἐπιλέγοντες,

344 3463 432 3518 καὶ
457 3461 648 3536 ὅτιπερ
676 3464 888 3535 Ἡμεῖς,
917 3463 962 3516 ὦ
997 3463 1244 3539 βασιλεῦ,
1273 3469 1368 3520 τοῦ
1399 3467 1548 3520 τόσοι
1577 3469 1735 3540 μόνον
1770 3469 1996 3546 ὀφείλο-

349 3571 464 3624 μεν,
495 3551 556 3605 τό
589 3572 648 3606 τε
679 3551 754 3613 εἷς
781 3553 880 3621 τήν
914 3550 1149 3627 ἐπίγειον
1179 3553 1381 3625 ταύτην
1415 3556 1690 3630 στρατείαν
1723 3559 1994 3632 εὐγνωμο-

345 3661 452 3702 νως
522 3641 832 3715 ὑπηρετεῖν,
888 3642 978 3696 καὶ
1052 3641 1151 3710 τήν
1201 3641 1506 3714 ἀνήκουσαν
1563 3645 1800 3720 ἑκατέρῳ
1844 3647 1990 3720 τάξιν

346 3728 452 3783 ἀπὸ
487 3727 716 3804 ληροῦν.
759 3727 895 3787 Οὔτε
927 3728 983 3784 δὲ
1011 3735 1129 3796 τοῖς
1157 3737 1365 3812 κωφοῖς
1384 3735 1604 3798 τούτοις
1632 3735 1719 3789 καὶ
1751 3736 1990 3811 ἀψύχοις

348 3823 490 3882 θεοῖς
525 3818 780 3892 θύσομεν,
817 3817 938 3875 οὔτε
992 3825 1092 3875 τοῦ
1146 3821 1416 3896 ἡμετέρου
1448 3825 1536 3877 καὶ
1585 3825 1802 3894 ἀληθῶς
1859 3831 1992 3881 Θεοῦ

349 3907 518 3980 μόνου
551 3907 993 3981 ἆποστησόμεθα,
1027 3910 1122 3964 κᾶν
1155 3911 1200 3965 εἶ
1240 3912 1330 3966 καὶ
1371 3912 1758 3990 χαλεπώτερον
1805 3915 1994 3990 ἀγριά-

560 3994 584 4012 υ
693 3997 708 4015 Ὦ
851 3996 896 4015 θλ
992 3999 1006 4015 9
1093 4002 1108 4015 ο
1173 4005 1200 4015 η

343 4019 466 4071 νῃς,
519 3996 617 4051 κᾶν
665 3997 710 4052 εἰ
763 3996 932 4070 μηδὲν
964 3999 1037 4062 εἰς
1085 4002 1231 4072 ἡμᾶς
1291 4000 1671 4079 φιλάνθρωπον
1699 4003 1987 4082 έπιδείξῃς.

342 4085 489 4141 ἀλλὰ
529 4087 620 4141 καὶ
678 4083 893 4164 σιδήρῳ
951 4088 1039 4143 καὶ
1099 4091 1230 4165 πυρῖ
1287 4091 1374 4146 καὶ
1407 4097 1528 4155 ταῖς
1577 4091 1776 4155 ἄλλαις
1813 4116 1990 4170 παρα-

345 4173 492 4247 δῲης
527 4175 804 4236 κολάσεσι.
838 4177 906 4234 Τί
935 4181 1036 4254 γὰρ
1070 4178 1424 4255 ἰσχυρότερον
1476 4177 1749 4244 εὐσεϐείας
1799 4184 1834 4254 ἢ
1893 4191 1990 4240 τοῦ

349 4267 481 4340 ὑπὲρ
523 4265 698 4337 αὐτῆς
730 4267 960 4344 πάσχειν
1003 4271 1441 4347 μακαριώτερον;

418 4357 488 4412 Δ’.
530 4357 674 4430 Πρὸς
707 4357 876 4414 ταῦτα
916 4358 1164 4436 ὀξύτερον
1204 4361 1295 4416 καὶ
1350 4365 1688 4437 Μαξιμιανὸς
1725 4369 1990 4439 κινηθείς,

343 4442 700 4536 ἀφαιρεθῆναι
785 4449 878 4520 μὲν
930 4449 1126 4511 αὐτοὺς
1182 4452 1250 4506 τὰ
1309 4454 1608 4528 παράσημα
1663 4459 1761 4525 τῆς
1813 4457 1991 4536 ἀρχῆς

343 4533 530 4590 ούτίκα
585 4535 844 4592 κελεύει·
901 4537 1182 4612 ἐσθήματα
1245 4539 1301 4597 δὲ
1357 4551 1628 4619 γυναικεῖα
1689 4524 1992 4624 μεταμιρῖα-

2103 3309 2214 3371 tes,
2261 3307 2566 3374 argentum
2624 3308 2681 3358 et
2739 3315 2970 3366 aurum,
3003 3314 3180 3370 opera
3237 3313 3500 3353 nanuum
3561 3297 3746 3351 homi-

2105 3409 2242 3448 num
2267 3392 2326 3447 2:
2362 3413 2390 3442 »
2417 3395 2473 3447 et
2503 3390 2928 3460 subjungentes
2951 3403 3179 3459 ea,quea
3205 3387 3474 3456 deinceps
3499 3400 3752 3457 sequun-

2101 3487 2198 3538 tur
2229 3499 2242 3538 :
2276 3485 2353 3548 et,
2386 3479 2524 3547 Nos,
2547 3477 2934 3548 oimperator,
2957 3475 3068 3530 hoc
3089 3475 3279 3530 solum
3305 3475 3408 3530 tibi
3431 3475 3737 3542 debemus,

2103 3576 2166 3627 ut
2195 3571 2254 3626 in
2288 3570 2392 3626 bac
2409 3572 2640 3624 terrena
2669 3565 2878 3621 militia
2903 3565 3008 3620 tibi
3028 3567 3188 3635 grato
3219 3564 3414 3619 animo
3461 3563 3746 3619 inservia—

2102 3676 2258 3726 mus,
2289 3662 2347 3714 et
2379 3658 2528 3728 quod
2562 3655 2792 3724 utrique
2825 3653 3162 3710 mandatum
3211 3652 3319 3706 fuit
3368 3669 3603 3720 munus,
3635 3651 3749 3706 im—

2103 3750 2390 3822 pleamus.
2422 3747 2620 3818 Neque
2667 3759 2800 3800 vero
2835 3743 2923 3799 bis
2973 3742 3166 3798 surdis
3215 3746 3272 3797 et
3319 3741 3598 3795 inanimis
3631 3741 3744 3794 diis

2101 3837 2586 3902 sacriﬁcabimus,
2619 3849 2806 3906 neque
2855 3849 2888 3888 a
2937 3835 3134 3887 nostro
3182 3835 3240 3886 et
3295 3846 3425 3884 vero
3461 3831 3572 3884 Deo
3618 3830 3742 3884 solo

2101 3928 2462 3993 deficiemus,
2493 3923 2725 3980 etiamsi
2747 3939 2926 3994 supra
2943 3921 3182 3975 modum
3215 3917 3742 3986 eti'ereris,etiamsi

2100 4016 2162 4072 in
2186 4031 2292 4072 nos
2315 4014 2538 4070 nullam
2569 4011 2839 4068 ostendas
2860 4009 3286 4065 humanitatem
3321 4026 3335 4068 :
3361 4007 3460 4062 sed
3495 4010 3552 4062 et
3575 4007 3746 4069 ferro,

2101 4110 2156 4162 et
2185 4105 2330 4178 igni,
2363 4107 2420 4160 et
2452 4103 2584 4158 aliis
2615 4100 2922 4156 tradideris
2955 4097 3272 4170 suppliciis.
3297 4096 3443 4162 Quid
3471 4099 3561 4152 est
3591 4093 3746 4150 enim

2101 4198 2314 4270 pietate
2342 4193 2574 4260 fortius,
2607 4195 2708 4248 aut
2746 4206 2924 4262 quam
2957 4205 3060 4262 pro
3091 4187 3220 4259 ipsa
3253 4187 3370 4258 pati
3403 4185 3677 4241 beatius?

2173 4377 2264 4432 IV.
2299 4377 2401 4433 His
2447 4371 2851 4430 vehementius
2901 4373 3118 4434 motus,
3152 4367 3542 4424 Maximianus
3574 4366 3748 4436 jubet

2101 4465 2183 4522 eis
2229 4467 2464 4538 quidem
2516 4463 2720 4520 statim
2770 4461 2986 4517 auferri
3017 4458 3272 4530 insignia
3320 4457 3742 4528 magistratus:

2103 4555 2442 4612 mulieribus
2498 4557 2689 4609 autem
2737 4551 2998 4608 vestibus
3031 4550 3290 4616 indutos,
3323 4550 3380 4603 et
3433 4545 3746 4602 collaribus

343 4627 633 4696 σαμένους,
693 4628 782 4681 καί
862 4625 1109 4702 σιδηροῖς
1171 4631 1386 4687 κλοιοῖς
1457 4635 1568 4707 ἅμα
1636 4607 1982 4712 περιαυχένιο

2103 4645 2304 4701 ferreis
2353 4644 2528 4700 simul
2589 4643 2650 4698 in
2690 4639 2838 4698 collo
2889 4639 3302 4704 circumdatos,
3335 4652 3434 4706 per
3495 4633 3744 4690 mediam

341 4713 576 4782 σθέντας,
612 4711 701 4769 διὰ
761 4712 929 4789 μέσης
959 4724 1059 4789 τῆς
1113 4719 1302 4794 ἀγυιᾶς
1346 4724 1512 4798 μέχρι
1552 4728 1658 4780 τῶν
1691 4711 1983 4800 βασιλείων

340 4803 514 4858 αὐτῶν
572 4803 818 4880 ἄγεσθαι.
849 4807 1083 4880 ’Ἠγοντο
1127 4811 1220 4882 μὲν
1271 4809 1364 4866 οὖν
1416 4812 1570 4877 εὐθὺς
1616 4815 1666 4868 οἱ
1729 4819 1986 4894 μακάριοι

336 4893 438 4962 τήν
492 4895 759 4968 μαααρέαν
818 4891 986 4959 ὄντως
1041 4897 1250 4970 ἐκείνην
1312 4897 1436 4956 ὁδὸν
1483 4905 1569 4958 καὶ
1615 4903 1690 4966 εἷς
1749 4891 1984 4980 Χριστὸν

340 4980 498 5072 aeta»,
545 4982 836 5072 φέρουσαν,
870 4985 972 5040 ούκ
1018 4987 1286 5065 αἰσχύνην
1347 4991 1478 5046 εἶναι
1526 4993 1588 5047 τὸ
1637 4999 1865 5072 πρᾶγμα
1895 5018 1988 5052 νο-

343 5069 614 5144 μίζοντες,
648 5071 877 5137 ἀλλ’ὡς
904 5075 1002 5144 τὴν
1057 5072 1328 5134 εὐσέϐειαν
1389 5080 1600 5152 μᾶλλον
1657 5080 1708 5139 ἔν
1765 5069 1985 5142 έαυτοῖς

337 5163 815 5238 καταισχύνοντες,
878 5169 1190 5242 περιφανῶς
1253 5167 1640 5242 βαρυνόμενοι.
1708 5175 1808 5230 Καὶ
1859 5177 1988 5241 τοὸς

343 5248 439 5342 μὲν
471 5246 640 5342 πόδας
699 5251 733 5320 ἡ
792 5251 1006 5326 πορεία,
1057 5255 1124 5308 τὰ
1181 5256 1350 5329 χείλη
1395 5255 1452 5311 δὲ
1511 5257 1828 5336 εὐχαριστία
1867 5265 1988 5342 εἶχε

337 5335 512 5430 καῖ-η
563 5338 698 5430 πρὸς
747 5339 876 5394 Θεὸν
939 5339 1138 5414 ὁμιλία
1193 5344 1281 5398 καὶ
1333 5341 1536 5416 δέησις.
1573 5329 1801 5424 Ἔλεγον
1857 5329 1983 5430 γὰρ,

341 5447 370 5478 ι(
400 5425 522 5480 Ἑᾶν
577 5427 666 5481 καὶ
732 5431 1086 5503 πορευθῶμεν
1144 5430 1195 5487 ἐν
1260 5432 1408 5507 μέσῳ
1442 5441 1592 5499 σκιᾶς
1635 5425 1881 5509 θανάτου,
1923 5425 1984 5498 ού

338 5509 772 5594 φοϐηθησόμεθα
828 5522 987 5588 κακὰ,
1021 5519 1104 5576 ὅτι
1159 5522 1223 5578 σὺ
1287 5525 1402 5598 μεθ’
1442 5527 1601 5600 ἡμῶν
1635 5529 1702 5602 εἶ,
1737 5531 1921 5606 Κύριε.
1955 5557 1983 5584 ››

407 5665 432 5699 ³
461 5665 614 5724 Psal.
650 5681 808 5731 CXIII,
843 5669 893 5724 4.

2098 4735 2234 4790 duci
2265 4735 2552 4790 civitatem
2595 4747 2778 4803 usque
2809 4732 2878 4786 ad
2922 4731 3109 4802 ipsam
3141 4727 3381 4800 regiam.
3414 4726 3598 4795 Atque
3628 4727 3746 4779 sta-

2096 4824 2201 4880 tim
2254 4824 2488 4894 quidem
2547 4821 2910 4877 ducebantur
2940 4819 3124 4876 sancti
3175 4818 3245 4873 ad
3287 4817 3512 4872 beatam
3558 4813 3745 4880 illam,

2097 4928 2225 4984 quas
2279 4927 2410 4968 vere
2439 4914 2549 4979 est,
2581 4911 2753 4978 viam,
2787 4913 2842 4966 et
2872 4926 3002 4980 quae
3051 4906 3212 4962 ducit
3255 4905 3326 4961 ad
3359 4905 3552 4976 ipsum
3585 4903 3749 4958 Chri-

2097 5005 2277 5072 stum,
2313 5018 2428 5057 non
2488 5017 2616 5056 eam
2668 5015 2788 5055 rem
2844 4998 3244 5054 existimantes
3291 5009 3416 5050 esse
3456 4994 3744 5056 dedecus;

2096 5092 2198 5146 sed
2222 5094 2504 5162 tanquam
2526 5089 2882 5162 impietatem
2908 5088 3187 5142 dedecore
3215 5085 3404 5157 magis
3427 5083 3744 5150 efﬁcerent,

2097 5186 2294 5254 aperte
2333 5181 2672 5254 gloriantes,
2725 5185 2782 5236 et
2809 5179 2922 5236 sibi
2981 5179 3298 5250 placentes.
3331 5180 3398 5231 Et
3445 5175 3742 5246 ingredie-

2095 5271 2314 5327 bantur
2352 5271 2592 5342 quidem
2626 5271 2822 5342 pedes,
2857 5268 3020 5324 labra
3045 5273 3237 5323 autem
3270 5264 3654 5322 versabantur
3681 5265 3742 5318 in

2094 5360 2414 5430 gratiarum
2472 5359 2718 5424 actione,
2751 5362 2810 5414 et
2865 5373 2995 5412 cum
3048 5361 3159 5411 Deo
3213 5354 3630 5410 consuetudine
3687 5358 3744 5409 et

2095 5450 2448 5522 precatione.
2485 5448 2764 5505 Dicebant
2795 5446 2949 5502 enim
2987 5463 3046 5500 ια
3085 5445 3324 5500 Etiamsi
3358 5442 3744 5500 ambulaveri-

2098 5554 2228 5596 mus
2260 5540 2321 5595 in
2353 5539 2544 5596 medio
2573 5537 2792 5595 umbra
2815 5536 3038 5608 mortis,
3063 5551 3178 5592 non
3201 5533 3540 5591 timebimus
3563 5532 3735 5600 mala,
