4106 6200
378 289 525 349 1011

1721 280 2006 341 MENSIS
2051 281 2429 342 OCTOBER.

3626 292 3786 351 101:?

377 452 653 522 quoniam
704 454 763 505 tu
811 449 1111 505 nobiscum
1145 462 1229 514 es,
1261 444 1505 501 Domine
1544 443 1586 499 ⁸.
1626 464 1653 491 ››
1708 447 2017 513 Propterea

2142 443 2227 494 διὰ
2282 446 2447 495 τοῦτο
2478 442 2866 518 ἀγαλλιάσεται
2917 448 2951 515 ἡ
2986 449 3138 521 ψυχή
3180 451 3338 521 ἡμῶν
3392 449 3477 503 ἐπὶ
3537 450 3649 517 σοὶ,
3694 448 3783 501 ὅτι

384 540 703 596 exsultabit
733 540 929 595 anima
953 541 1149 592 nostra
1181 536 1240 591 in
1263 538 1339 601 te,
1357 533 1629 605 quoniam
1651 532 1894 588 induisti
1921 547 2023 586 nos

381 632 729 686 vestimento
752 628 1037 693 salutaris,
1056 630 1109 681 et
1133 626 1325 681 tunica
1347 624 1556 679 laetitiaa
1580 621 2019 679 circumdedisti

370 736 496 776 nos.
520 718 630 775 Sed
661 732 924 786 exsurge.
959 714 1221 781 Domine,
1255 712 1313 767 in
1347 710 1703 781 adjutorium
1729 714 2016 773 nostrum,

372 813 429 863 et
460 807 671 862 redime
694 822 800 861 nos
823 808 1055 875 propter
1086 817 1296 857 nomen
1330 810 1516 855 tuum.
1551 798 1814 853 Nondum
1844 796 2019 851 ﬁnitae

370 901 539 953 erant
564 911 780 967 preces,
805 899 863 950 et
885 892 1150 965 producti
1182 892 1415 947 fuerunt
1436 904 1628 945 coram
1651 888 2018 959 imperatore,

374 987 473 1057 qui
504 1002 535 1041 e
566 984 783 1055 templo
803 983 1053 1039 redierat
1078 982 1138 1037 in
1170 980 1412 1051 regiam.
1450 978 1548 1033 Ille
1588 993 1725 1048 ergo
1768 992 1901 1031 cum
1927 992 2018 1030 as-

370 1077 765 1131 sentationem
788 1088 921 1129 cum
952 1074 1233 1129 consueta
1264 1072 1755 1140 contemperasset
1780 1065 2020 1135 saevitia,

373 1169 433 1220 et
473 1164 642 1219 vellet
684 1162 857 1219 simul
900 1161 1079 1217 lenire
1114 1160 1412 1231 pudorem,
1446 1174 1561 1228 quo
1603 1156 1792 1212 affecti
1830 1158 2019 1221 erant,

376 1258 440 1309 ut
492 1253 813 1320 videbatur,
847 1268 914 1307 ex
957 1250 1066 1306 hac
1097 1248 1180 1304 eis
1228 1248 1388 1304 illata
1429 1245 1752 1319 ignominia
1795 1260 1807 1299 :
1841 1244 2022 1299 Grave

374 1349 482 1411 est,
507 1352 556 1399 et
576 1341 739 1397 valde
771 1356 961 1412 grave,
987 1357 1018 1396 ο
1049 1355 1148 1395 vos
1172 1339 1272 1410 qui
1304 1338 1543 1405 adestis,
1566 1336 1817 1401 dicebat,
1845 1333 2022 1387 maxi-

377 1448 505 1488 mos
536 1432 786 1486 honores
813 1433 932 1484 tam
967 1428 1169 1483 leviter
1198 1431 1253 1482 et
1282 1425 1710 1481 inconsiderate
1754 1424 2018 1494 prodere.

374 1520 571 1575 Solent
600 1520 754 1575 enim
787 1535 871 1587 ea,
906 1534 1032 1588 quas
1065 1516 1372 1571 immeritis
1406 1513 1648 1569 feliciter
1681 1512 2020 1577 succedunt,

378 1609 591 1666 stultos
632 1625 743 1664 non
780 1612 897 1662 tam
930 1606 1169 1663 incitare
1212 1606 1283 1660 ad
1316 1602 1805 1668 benevolentiam,
1840 1617 2017 1673 quam

379 1700 597 1771 erigere
619 1700 689 1755 ad
722 1698 1108 1754 temeritatem
1142 1698 1416 1753 adversus
1470 1695 1884 1750 benefactores.
1921 1692 2020 1747 Isti

380 1788 557 1858 enim,
581 1792 645 1843 ut
666 1787 891 1855 videtis,
925 1802 1193 1859 magnam
1222 1786 1375 1855 apud
1411 1802 1516 1840 nos
1549 1783 1792 1856 gloriam
1818 1796 2021 1837 conse-

384 1878 523 1944 cuti,
557 1881 935 1947 nostramque
980 1876 1175 1946 adepti
1226 1875 1565 1942 amicitiam,
1598 1877 1653 1928 et
1709 1872 2022 1928 maximam

384 1966 680 2032 fiduciam,
714 1970 770 2021 et
808 1964 1108 2021 nobiscum
1158 1964 1431 2034 loquendi
1486 1965 1855 2033 potestatem,
1888 1961 2027 2016 adeo

384 2061 449 2112 ut
481 2072 595 2112 non
626 2054 818 2112 solum
848 2054 959 2125 ipsi
995 2054 1212 2125 primas
1232 2061 1421 2123 partes
1446 2054 1661 2109 ferrent
1690 2052 1748 2106 in
1780 2050 2029 2107 familia-

386 2144 577 2209 ritate,
613 2144 711 2200 sed
746 2143 890 2198 alios
922 2158 1151 2214 quoque
1183 2142 1349 2198 nobis
1379 2148 1613 2213 possent
1643 2140 1828 2196 facere
1860 2140 2028 2195 fami-

395 2234 586 2302 liares,
621 2234 940 2303 beatosque
988 2231 1145 2287 brevi
1201 2231 1460 2299 reddere,
1494 2234 1550 2285 et
1598 2228 2028 2301 suspidendos,

392 2321 603 2377 horum
639 2321 903 2376 omnium
937 2318 1124 2389 obliti,
1158 2324 1453 2391 postremo
1494 2319 1765 2375 maximis
1800 2332 2030 2389 quoque

390 2410 523 2478 diis,
557 2418 609 2465 et
639 2410 767 2482 ipso
794 2409 933 2465 Jove
963 2412 1311 2480 contempto,
1347 2409 1446 2481 qui
1494 2408 1755 2465 omnium
1790 2408 2027 2479 quidem

388 2500 596 2572 Opifex,
633 2500 894 2556 omnium
929 2503 1121 2554 autem
1163 2499 1396 2555 deorum
1442 2506 1495 2555 et
1528 2497 1831 2553 hominum
1865 2501 2030 2568 pater

386 2604 514 2646 esse
545 2589 775 2658 dicitur,
808 2588 1011 2644 Jesum
1045 2588 1445 2660 praetulerunt,
1480 2587 1579 2659 qui
1613 2588 1828 2643 dicitur
1859 2587 2031 2641 fuisse

386 2678 543 2734 ﬁlius
578 2677 838 2733 mulieris
880 2683 937 2733 et
982 2677 1144 2744 fabri,
1181 2681 1237 2733 et
1267 2679 1335 2733 ad
1369 2693 1601 2733 crucem
1632 2693 1765 2733 cum
1800 2676 2027 2732 duobus

386 2767 667 2823 maleﬁcia
706 2768 812 2823 fuit
869 2768 1184 2823 damnatus
1216 2785 1247 2823 a
1293 2766 1532 2837 Judaeis,
1564 2771 1621 2823 et
1663 2766 1844 2821 subiit
1875 2783 2029 2822 mor-

384 2860 503 2913 tem
554 2871 748 2913 revera
787 2856 1251 2911 acerbissimam.
1302 2856 1406 2910 Sed
1456 2871 1561 2926 ego
1609 2870 1737 2909 sum
1788 2856 2028 2910 omnino

387 2961 559 3000 causa
588 2944 872 3012 omnium,
905 2944 1004 3014 qui
1026 2960 1159 2999 cum
1192 2944 1396 2999 vellem
1422 2959 1546 2999 esse
1578 2960 1757 3013 supra
1787 2944 2027 2998 modum

390 3033 702 3104 benignus,
726 3047 824 3088 eos
853 3032 958 3087 feci
990 3034 1210 3088 amicos
1240 3039 1294 3088 et
1324 3032 1511 3089 socios
1538 3031 1845 3088 felicitatis.

459 3210 527 3268 V.
562 3211 704 3266 Cum
738 3211 887 3266 hanc
917 3214 1037 3267 tam
1068 3211 1462 3268 vehementem
1514 3212 1861 3271 intendisset
1890 3230 2028 3270 ora-

390 3300 629 3368 tionem,
662 3317 761 3355 eos
807 3317 1013 3356 rursus
1044 3300 1280 3357 blandis
1324 3303 1511 3359 verbis
1543 3318 1760 3359 conans
1791 3303 2028 3374 illicere,

391 3406 607 3460 eosque
639 3389 884 3462 benigne
923 3406 989 3445 ac
1047 3390 1229 3446 amice
1259 3392 1495 3448 intuens
1531 3409 1543 3449 :
1575 3393 1682 3448 Sed
1734 3392 1783 3449 si
1832 3394 2029 3462 iidem,

391 3478 605 3549 inquit,
639 3494 794 3534 nunc
827 3494 1056 3551 quoque
1087 3480 1226 3536 eatis
1254 3482 1490 3552 Sergius
1524 3486 1579 3537 et
1609 3483 1893 3547 Bacchus,
1929 3500 2029 3539 ne-

394 3583 506 3637 que
535 3574 780 3622 vestram
832 3573 1085 3623 mentem
1147 3570 1377 3625 invidus
1424 3570 1728 3627 occecavit
1781 3572 2030 3640 daemon,

394 3656 771 3711 revereamini
841 3673 1108 3729 magnam
1186 3660 1609 3727 auctoritatem,
1670 3661 2035 3717 revereamini

396 3760 604 3815 puram
638 3749 694 3799 et
726 3762 839 3801 non
879 3745 1083 3802 falsam
1114 3747 1454 3816 amicitiam,
1486 3766 1673 3820 neque
1704 3750 2035 3821 conspicia-

400 3833 543 3888 mini
573 3850 671 3889 vos
696 3834 752 3889 in
786 3835 924 3890 deos
956 3839 1069 3891 tam
1106 3836 1280 3907 impie
1303 3852 1523 3908 gerere,
1557 3855 1765 3894 novam
1795 3845 1851 3894 et
1882 3840 2036 3896 inso-

398 3922 563 3978 litam
603 3923 948 3980 inducentes
998 3924 1363 3996 religionem,
1394 3934 1448 3983 ct
1481 3927 1540 3981 in
1591 3944 1790 3985 eorum
1819 3930 1972 3986 cultu
2006 3947 2040 3985 a

401 4013 571 4068 nobis
628 4012 999 4085 dissidentes,
1060 4031 1208 4085 quos
1251 4022 1475 4087 oportet
1535 4018 1705 4074 etiam
1738 4036 1923 4089 usque
1967 4020 2037 4074 ad

399 4102 587 4172 ipsam
623 4106 865 4156 mortem
917 4103 976 4157 in
1035 4104 1290 4159 amicitia
1322 4106 1623 4162 nobiscum
1683 4109 2036 4178 conspirare.

400 4190 544 4244 Nam
578 4204 680 4259 ego
714 4191 948 4261 quidem
980 4208 1112 4247 cum
1139 4193 1502 4264 gravioribus
1526 4196 1607 4250 uti
1642 4212 1873 4268 possem
1906 4213 2043 4267 sup-

402 4276 615 4349 pliciis,
646 4282 702 4334 et
746 4282 1043 4349 tyrannica
1072 4283 1259 4349 vobis,
1302 4301 1333 4338 ο
1384 4284 1575 4351 amici,
1604 4286 1717 4341 vim
1779 4286 1990 4343 inferre
2025 4304 2039 4343 :

403 4369 612 4440 (adhuc
652 4370 802 4426 enim
835 4378 1112 4429 consueta
1144 4379 1276 4429 utar
1321 4375 1724 4447 appellatione)
1762 4383 2038 4449 attamen,

401 4473 434 4512 0
466 4458 568 4526 dii,
592 4474 851 4517 revereor
872 4463 1214 4533 amicitiam,
1239 4468 1294 4518 et
1324 4470 1624 4536 propterea
1654 4468 1879 4524 retardo
1910 4484 2039 4524 cru-

400 4548 611 4617 ciatus,
644 4554 697 4603 et
725 4549 840 4604 vim
872 4549 1078 4606 lubens
1112 4552 1334 4609 diﬂ‘cro.

471 4634 566 4690 Vl.
602 4637 729 4692 Haec
764 4654 894 4693 cum
930 4641 1255 4696 audiissent
1296 4642 1399 4697 viri
1441 4644 1682 4715 egregii,
1714 4646 1876 4714 scite,
1906 4648 2038 4717 pla-

400 4725 512 4781 cite
560 4729 617 4781 et
647 4728 817 4797 plane
856 4728 1125 4784 dixerunt
1157 4746 1169 4784 :
1204 4731 1367 4795 Quod
1399 4736 1513 4787 tuae
1544 4734 1779 4804 quidem
1814 4751 1927 4791 non
1960 4740 2037 4791 si-

402 4831 538 4871 mus
595 4817 759 4872 obliti
791 4819 1080 4887 amicitiaa,
1114 4838 1218 4876 nec
1268 4822 1546 4878 fuerimus
1586 4825 1795 4896 ingrati
1840 4826 1898 4882 in
1939 4831 2041 4883 tua

401 4906 685 4962 beneficia
728 4915 779 4962 et
810 4907 1057 4964 honores
1090 4926 1102 4964 :
1136 4912 1237 4965 scd
1270 4918 1325 4967 te
1363 4917 1418 4968 et
1449 4930 1721 4983 amemus,
1756 4917 1805 4970 si
1852 4916 2038 4974 ullum

400 4996 603 5063 alium,
622 5002 677 5051 et
697 4998 996 5053 dominum
1016 5000 1508 5069 existimemus,et
1528 5009 1589 5058 tu
1616 5004 1696 5059 sis
1721 5004 1886 5060 nobis
1910 5023 2038 5062 om-

402 5087 516 5153 nia,
550 5087 786 5158 signum
824 5092 911 5143 est
946 5089 1343 5161 manifestum,
1372 5092 1526 5163 quod
1550 5098 1609 5147 et
1649 5094 1896 5149 ﬁdeliter
1928 5096 2037 5151 bu—

400 5191 615 5245 cusque
648 5177 1017 5243 servivimus,
1048 5182 1105 5233 et
1135 5183 1324 5236 tecum
1374 5180 1682 5253 diligenter
1714 5185 2035 5255 rempubli-

396 5279 525 5319 cam
558 5266 975 5335 sustinuimus,
1002 5284 1187 5339 neque
1218 5268 1337 5325 ulla
1360 5269 1414 5323 in
1450 5286 1529 5338 re,
1554 5287 1659 5326 nec
1690 5289 1886 5343 parva,
1930 5290 2034 5329 nec

394 5368 630 5422 magna,
691 5356 983 5427 conspecti
1040 5373 1246 5413 sumus
1294 5359 1524 5430 ingrati,
1582 5377 1769 5432 neque
1817 5363 2030 5433 aliquid

391 5442 778 5513 prodidimus,
813 5450 911 5501 aut
952 5446 1339 5520 negleximus,
1370 5464 1597 5523 eorum,
1630 5467 1753 5523 qua:
1785 5455 2030 5523 oportet.

467 5612 492 5652 ³
514 5614 669 5677 Paul.
700 5632 840 5693 xm,
873 5620 927 5683 4.

2135 527 2378 592 ἐνέδυσας
2410 534 2557 603 ἡμᾶς
2605 533 2823 604 ἱμάτιον
2853 536 3124 610 σωτηρίου
3172 538 3263 591 καὶ
3314 544 3521 611 χιτῶνα
3576 538 3777 612 εὐφρο-

2133 620 2292 688 σύνης
2350 618 2665 695 περιέϐαλες
2717 625 2885 695 ἡμᾶς.
2942 624 3095 680 Ἀλλ’
3145 626 3426 697 ἀνάστηθι,
3460 630 3646 701 Κύριε,
3704 627 3785 689 εἷς

2130 710 2230 776 τήν
2267 710 2515 782 βοήθειαν
2550 713 2734 783 ἡμῶν,
2779 713 2869 766 καὶ
2921 711 3193 787 λύτρωσαι
3243 718 3389 788 ἡμᾶς
3444 713 3624 771 ἕνεκεν
3679 721 3785 770 τοῦ

2133 797 2401 871 ὀνόματός
2434 820 2549 855 σου.
2592 797 2760 856 Οὔπω
2790 799 2953 875 πέρας
2986 802 3131 877 εἶχεν
3174 804 3357 865 αὐτοῖς
3408 808 3441 874 ἡ
3490 804 3655 880 εὐχὴ,
3687 804 3783 858 καὶ

2129 890 2207 957 τῷ
2264 885 2479 961 βασιλεῖ
2533 890 2872 963 παρέστησαν
2922 888 3073 952 αὖθις
3131 892 3456 949 ἀνασωθέντι
3524 894 3661 969 πρὸς
3712 895 3785 947 τά

2136 974 2405 1049 βασίλεια.
2454 978 2694 1033 Θωπείαν
2738 978 2827 1033 οὖν
2880 979 3083 1043 ἐκεῖνος
3142 986 3207 1055 τῇ
3258 985 3470 1053 συνήθει
3540 984 3783 1055 ἀπονοίᾳ

2132 1066 2625 1139 συγκερασάμενος,
2666 1067 2754 1121 καὶ
2812 1071 2900 1123 οἷα
2956 1071 3045 1123 καὶ
3104 1066 3289 1148 φοϐεῖν
3342 1073 3454 1145 ἅμα
3492 1075 3580 1127 καί
3636 1073 3782 1127 λεαί-

2132 1174 2237 1207 νειν
2278 1156 2378 1222 τήν
2420 1153 2798 1229 ἐπενεχθεῖσαν
2845 1159 3053 1227 αὐτοῖς,
3110 1164 3191 1232 τῷ
3239 1157 3438 1229 δοκεῖν,
3498 1162 3779 1239 αἰσχύνην

2132 1243 2189 1297 ἐκ
2219 1245 2319 1312 τῆς
2350 1245 2567 1317 ἀτιμίας
2616 1245 2816 1317 ταύτης
2862 1248 3220 1323 βουλόμενος,
3254 1252 3458 1323 Δεινὸν,
3490 1251 3695 1326 ἔλεγεν,
3734 1255 3782 1306 ὦ

2131 1334 2414 1407 παρόντες.
2444 1334 2533 1388 καὶ
2567 1334 2773 1411 σφόδρα
2823 1334 3015 1404 δεινὸν,
3048 1340 3109 1393 τὸ
3157 1340 3252 1401 τὰς
3297 1340 3553 1417 μεγίστας
3609 1342 3783 1414 τιμᾶς

2133 1421 2321 1483 ἁπλῶς
2346 1422 2489 1478 οὕτω
2532 1424 2621 1477 καὶ
2670 1424 2980 1499 ἀλογίστως
3029 1426 3331 1501 προΐεσθαι.
3378 1431 3616 1486 Ειὼθατι
3672 1432 3783 1505 γάρ

2131 1512 2185 1565 αἱ
2236 1512 2361 1585 παρ’
2417 1512 2564 1584 ἀξίαν
2643 1513 2928 1588 εὐπραγίαι
2984 1514 3113 1578 τοῦς
3186 1518 3453 1587 ἀνοήτους
3507 1520 3570 1573 οὐ
3638 1520 3785 1594 πρὸς

2134 1598 2338 1654 εῦνοιαν
2369 1600 2620 1676 ἐρεθίζειν
2674 1603 2909 1674 μᾶλλον,
2952 1602 3078 1659 ἀλλ’
3109 1604 3187 1667 εἷς
3236 1608 3429 1678 θράσος
3482 1610 3616 1661 κατᾶ
3666 1610 3783 1662 τῶν

2132 1686 2500 1745 εὐσεϐούντων
2534 1690 2790 1765 ἐπαίρειν.
2824 1694 2991 1750 Οῦται
3019 1696 3122 1769 γὰρ
3169 1696 3243 1755 ὡς
3302 1696 3460 1770 ὁρᾶτε
3530 1696 3791 1771 μεγάλης

2132 1780 2259 1852 παρ’
2298 1781 2431 1851 ἡμῖν
2494 1776 2652 1852 δόξης
2713 1779 3087 1855 ἐπιτυχόντες,
3150 1782 3339 1855 φιλίας
3394 1804 3451 1837 τε
3506 1784 3790 1859 ἡμετέρας

2138 1869 2224 1922 καὶ
2285 1866 2588 1942 παρρησίας
2646 1866 2764 1924 οὐδ’
2813 1869 2945 1940 ὅσης
2996 1870 3163 1925 εἰπεῖν
3224 1870 3652 1942 ἀπολαύσαντες,
3705 1875 3790 1934 ὡς

2143 1959 2218 2030 μή
2281 1958 2440 2030 μόνον
2494 1958 2648 2013 αὐτοὶ
2706 1959 2772 2013 τά
2826 1964 3016 2031 πρῶτα
3073 1960 3249 2039 φέρειν
3307 1960 3382 2023 εἷς
3440 1961 3787 2031 οἰκειότητα,

2138 2044 2283 2101 ἀλλά
2313 2048 2397 2101 καὶ
2434 2048 2648 2119 ὲτὲρους
2690 2048 2980 2117 ἐξοικειούν
3028 2051 3163 2121 ἡμῖν
3215 2048 3491 2117 δύνασθαι,
3521 2050 3609 2104 καὶ
3673 2057 3789 2120 ζη-

2140 2134 2352 2197 λωτοὺς
2386 2136 2435 2191 ἐν
2488 2138 2687 2211 βραχεῖ
2733 2138 2823 2191 καὶ
2876 2132 3271 2210 περιϐλέπτους
3305 2138 3615 2215 ἐργάζεσθαι
3650 2140 3792 2194 τού-

2137 2245 2252 2285 τοις
2312 2227 2474 2280 ἁπασι
2536 2226 2733 2299 μεκράν
2797 2226 3069 2290 ἐπιθέντες
3129 2224 3331 2298 λήθην,
3364 2227 3520 2289 τέλος
3580 2226 3638 2283 δὶ
3693 2230 3793 2283 καὶ

2136 2320 2245 2370 τῶν
2300 2315 2567 2391 μεγίστων
2625 2318 2756 2371 θεῶν
2818 2317 2906 2370 καὶ
2955 2318 3122 2371 αὐτοῦ
3156 2317 3279 2379 Διὸς
3309 2318 3797 2393 κατολιγωρήσαν-

2136 2427 2242 2473 τες,
2284 2407 2342 2467 ὃς
2373 2407 2581 2461 πάντων
2620 2407 2712 2479 μὲν
2740 2403 3094 2482 δημιουργὸς,
3120 2409 3328 2462 πάντων
3363 2406 3418 2462 δὲ
3441 2409 3572 2462 θεῶν
3603 2430 3664 2463 τε
3696 2410 3794 2462 καὶ

2138 2494 2431 2569 ἀνθρώπων
2463 2498 2641 2568 πατήρ
2675 2496 2804 2549 εἶναι
2840 2495 3169 2564 πιστεύεται,
3200 2496 3291 2550 τὸν
3328 2496 3617 2572 λεγόμενον
3653 2518 3793 2570 προ-

2136 2585 2489 2657 τετιμήκασιν
2524 2587 2754 2655 Ἰησοῦν,
2806 2585 3058 2659 γυναικὸς
3116 2585 3233 2640 υἱὸν
3284 2581 3411 2639 ὄντα
3450 2585 3538 2640 καὶ
3598 2585 3795 2641 τέκτο-

2136 2696 2245 2741 νος,
2306 2673 2395 2727 καὶ
2454 2676 2680 2749 σταυρὸν
2739 2674 2853 2747 ἅμα
2911 2672 3028 2729 δυσὶ
3106 2674 3430 2749 κακούργοις
3488 2673 3593 2729 ἅπὸ
3653 2678 3794 2731 Ἰου-

2140 2762 2304 2819 δαίων
2336 2767 2723 2839 κατακριθὲντα
2751 2767 2843 2819 καὶ
2889 2764 3217 2841 πικρότατον
3267 2761 3437 2820 ὅντως
3497 2766 3787 2839 ὑπομεμε⁹

2137 2855 2343 2925 νηκότα
2378 2856 2621 2918 θάνατον.
2656 2852 2816 2909 Ἀλλ’
2846 2854 2950 2929 ἐγὼ
2990 2856 3206 2916 πάντως
3254 2855 3461 2909 τούτων
3493 2854 3691 2923 αἴτιος,
3726 2856 3791 2917 ες

2134 2966 2193 3020 γε
2245 2945 2334 2999 καὶ
2388 2943 2525 3017 πέρα
2562 2947 2657 2998 τοῦ
2700 2943 2921 3018 μετρίου
2976 2942 3358 3020 φιλάνθρωπος
3394 2944 3523 2997 εἶναι
3570 2943 3784 3018 βουλό-

2141 3054 2318 3107 μενος,
2351 3033 2543 3111 φίλους
2585 3032 2775 3093 οὐτοὺς
2831 3033 2920 3087 καὶ
2950 3034 3250 3095 κοινωνοὺς
3278 3040 3379 3103 τῆς
3426 3030 3785 3106 εὐδαιμονίας

2138 3124 2505 3196 ἐποιησάμην.

2210 3218 2282 3270 Ε’.
2317 3213 2474 3270 Οὕτω
2504 3210 2737 3290 σφοδρὸν
2777 3210 3090 3274 κατατείνας
3118 3214 3211 3267 τὸν
3237 3212 3433 3288 λύγον,
3458 3210 3640 3267 ἔπειτα
3674 3216 3787 3267 πά-

2140 3305 2223 3359 λιν
2278 3302 2633 3358 ύποκλέπτειν
2688 3301 2885 3363 αὐτοὺς
2938 3306 3016 3374 τῷ
3093 3300 3359 3376 μειλιχίῳ
3417 3304 3786 3376 πειρώμενος,

2140 3392 2345 3467 ἥμερόν
2374 3414 2424 3447 τι
2462 3390 2665 3468 βλέψας
2704 3392 2795 3446 καὶ
2854 3389 3093 3467 φιλικὸν,
3131 3388 3289 3446 Ἀλλ’
3321 3389 3470 3465 εἴπερ
3519 3392 3574 3444 οἱ
3626 3392 3787 3445 αὐτοὶ

2140 3484 2225 3537 καὶ
2276 3486 2363 3535 νῦν
2426 3481 2561 3551 ἐστε,
2624 3479 2746 3559 ἔφη.
2810 3482 3031 3555 Σέργιός
3104 3501 3162 3535 τε
3237 3479 3326 3534 καὶ
3388 3481 3649 3554 Βάκχος’
3694 3482 3791 3535 καὶ

2147 3574 2220 3645 μή
2298 3591 2380 3631 τις
2460 3572 2609 3643 ὑμῶν
2688 3572 2789 3639 τήν
2875 3567 3112 3625 διάνοιαν

2145 3659 2378 3733 δαίμων,
2434 3658 2716 3729 αἰδέσθητε
2794 3660 2890 3732 μὶν
2959 3660 3021 3713 τὸ
3083 3656 3217 3734 μέγα
3288 3663 3383 3713 τοῦ
3452 3659 3796 3731 ἀξιώματος,

2144 3748 2425 3821 αἰδέσθητε
2457 3747 2515 3804 δί
2543 3750 2605 3804 τὸ
2634 3749 2862 3823 καθαρὸν
2906 3748 2994 3802 καὶ
3027 3748 3291 3821 ἄψευστον
3324 3756 3424 3816 τῆς
3458 3748 3671 3822 φιψίας,
3698 3750 3797 3803 καὶ

2150 3842 2224 3913 μή
2281 3840 2348 3894 τά
2402 3838 2476 3901 είς
2531 3838 2658 3902 τοὺς
2709 3837 2859 3899 θεοὺς
2893 3836 3067 3897 οὕτως
3100 3832 3443 3897 εὐσεϐοῦντες
3514 3836 3795 3915 ὀφθείητε,

2146 3929 2388 4000 ἀσυνήθη
2438 3928 2527 3983 καὶ
2585 3927 2735 3998 ξένην
2797 3927 3087 4002 θρησκείαν
3146 3926 3458 4002 εἰσάγοντες
3514 3926 3605 3980 καὶ
3654 3928 3799 3999 ἡμῖν

2146 4021 2270 4093 περὶ
2328 4020 2388 4075 τὸ
2458 4013 2615 4077 σέϐας
2676 4014 3077 4094 διαφερόμενοι,
3138 4015 3230 4077 οὓς
3293 4014 3463 4089 ἐχρῆν
3510 4014 3641 4089 ἄχρι
3703 4018 3800 4070 καὶ

2148 4110 2311 4164 αὐτοῦ
2344 4107 2574 4163 θανάτου
2603 4107 2693 4161 τὸν
2722 4114 2823 4175 τῆς
2856 4104 3043 4180 φιλίας
3090 4107 3225 4176 ἡμῖν
3277 4110 3537 4177 συμπνεῖν
3594 4102 3798 4178 ἔρωτα.

2144 4201 2235 4259 Ὠς
2281 4193 2455 4272 ἔγωγε
2503 4196 2591 4250 καὶ
2655 4196 2980 4270 βαρυτάταις
3031 4192 3288 4247 κολάσεσι
3338 4200 3577 4268 χρῆσθαι
3629 4190 3801 4247 δυνά-

2154 4309 2333 4362 μενος,
2366 4288 2454 4341 καὶ
2486 4290 2809 4358 τυραννικῶς
2845 4285 3007 4355 ὑμᾶς,
3038 4284 3083 4336 ὦ
3114 4282 3291 4359 φίλοι,
3319 4284 3592 4358 βίαζεσθαι
3626 4285 3802 4358 (χρή-

2150 4399 2314 4451 σομαι
2353 4378 2452 4451 γὰρ
2499 4374 2575 4430 ἔτι
2622 4380 2701 4447 τῷ
2745 4375 2958 4443 συνήθει
3010 4374 3385 4447 προσρήματι)
3420 4392 3433 4406 ·
3492 4371 3639 4427 ἀλλὰ
3693 4374 3801 4439 τὴν

2150 4466 2429 4544 φιλίαν,ὧ
2489 4466 2624 4533 θεοὶ,
2681 4462 3038 4535 δυσωποῦμαι
3078 4461 3169 4516 καὶ
3221 4459 3312 4515 διὰ
3365 4466 3527 4516 τοῦτο
3558 4461 3647 4515 καὶ
3696 4462 3799 4524 τάς

2147 4556 2415 4630 τιμωρίας
2470 4554 2634 4624 ὀκνῶ,
2668 4554 2756 4607 καὶ
2812 4554 2909 4620 τὴν
2974 4552 3093 4627 βίαν
3172 4552 3307 4605 ἑκὼν
3383 4546 3799 4623 ἀναϐάλλομαι.

2220 4648 2284 4710 ς’.
2344 4645 2562 4700 Τούτων
2640 4643 2962 4702 ἀκούσαντες
3030 4641 3082 4695 οἱ
3158 4645 3413 4717 γενναῖοι,
3491 4638 3801 4714 χαριέντως

2151 4735 2329 4808 ἡρέμα
2377 4735 2465 4787 καὶ
2506 4730 2753 4806 ὁμαλῶς,
2798 4732 2919 4788 ’Ὀτι
2974 4731 3067 4802 μὶν
3120 4729 3221 4783 οὐκ
3276 4727 3647 4801 ἐπελαθόμεθά
3698 4751 3801 4784 σου

2148 4832 2246 4893 τῆς
2297 4826 2507 4901 φιλίας,
2541 4822 2713 4892 εἶπον,
2756 4818 2888 4874 οὐδὲ
2938 4818 3225 4896 ἀχάριστοι
3275 4818 3397 4890 περί
3442 4817 3537 4879 τὰς
3579 4817 3799 4893 εὐεργε-

2150 4914 2268 4978 σίας
2319 4913 2407 4968 καὶ
2460 4912 2622 4985 τιμὰς
2679 4910 3049 4986 γεγενήμεθα·
3085 4904 3232 4961 ἀλλὰ
3289 4912 3375 4959 καὶ
3417 4904 3705 4981 φιλοῦμεν,
3752 4907 3800 4961 εἰ

2148 5002 2234 5057 καί
2292 5024 2409 5057 τινα
2464 5000 2666 5076 ἕτερον,
2698 5000 2787 5051 καὶ
2839 4995 3112 5066 δοσπότην
3161 4996 3461 5071 ἡγούμεθα,
3485 4995 3573 5049 καὶ
3624 4994 3802 5051 πάντα

2147 5096 2281 5164 ἡμῖν
2336 5089 2380 5145 εἰ
2424 5089 2506 5158 σὺ,
2539 5090 2833 5161 τεκμήριον
2883 5087 3117 5159 ὑπάρχει
3166 5085 3328 5160 σαφὲς
3363 5083 3425 5137 τὸ
3464 5083 3551 5137 καὶ
3583 5089 3798 5147 πιστῶς

2148 5182 2221 5243 εἷς
2266 5179 2419 5256 δεῦρο
2487 5180 2885 5252 ὕπηρετεῖσθαι,
2952 5176 3039 5229 καὶ
3115 5172 3482 5250 συνδιαφέρειν
3558 5193 3638 5227 σοι
3724 5176 3799 5228 τά

2144 5292 2298 5345 κοινρ
2350 5265 2676 5335 ςπουδαίως,
2740 5266 2829 5320 καὶ
2919 5263 3087 5337 μηδὲν
3168 5265 3305 5336 μήτε
3372 5263 3565 5338 μικρὸν
3646 5264 3801 5333 μήτε

2150 5368 2356 5436 μεῖζον,
2412 5360 2846 5436 ἀγνωμονοῦντες
2896 5362 3145 5436 φανῆναι,
3200 5352 3339 5428 μηδέ
3394 5374 3445 5408 τι
3491 5349 3799 5427 προδιδόν-

2141 5453 2299 5523 ταςῆ
2361 5447 2699 5523 ἀμελοῦντας
2760 5450 2867 5501 τῶν
2923 5444 3294 5516 καθηκόντων.
3346 5440 3554 5500 Οὔκουν
3596 5445 3797 5516 ἡμεῖς,

3203 3571 3458 3647 φθονερὸς
3536 3568 3798 3642 ἐπήρωσε
