4106 6200
331 284 479 345 1013

1309 283 1779 345 MARTYRIUM
1829 282 1935 343 SS.
1990 281 2244 343 SEGRII
2293 282 2389 343 ET
2434 282 2735 345 BACCHI.

3570 288 3723 349 1014

324 441 583 516 οὐδεμίαν
623 443 1015 519 ἀγνωμοσύνην
1057 441 1091 509 ἢ
1136 439 1321 515 φιλίας
1366 440 1663 516 ὀλιγωρίαν
1724 439 1956 513 ἐγκαλεῖ⁴

2084 443 2198 497 Nos
2246 458 2381 513 ergo
2433 458 2537 497 nec
2592 444 2803 511 ingrati
2858 444 3038 498 animi
3099 445 3384 513 criminis,
3436 449 3537 501 aut
3585 462 3727 501 con—

322 544 441 595 σθαι
502 534 661 603 ἄξιοι,
713 531 827 586 οὐδ’
878 532 961 585 ’ὁτι
1021 552 1105 584 σοι
1157 532 1291 585 κατά
1348 535 1508 602 μῖσος
1584 530 1969 609 διαφερόμεθα,

321 622 798 697 φιλανθρωπότατε
847 618 1110 695 βασιλεῦ.
1174 618 1345 674 Ἀλλά
1405 617 1681 688 διέστησεν
1737 622 1883 691 ἡμᾶς
1936 622 1970 688 ἡ

319 713 448 779 κενὴ
502 710 635 777 αὕτη
682 709 806 783 περὶ
865 712 931 764 τὰ
980 707 1187 763 εἴδωλα
1233 708 1409 777 πλάνη
1461 710 1549 763 καὶ
1592 710 1655 764 τὸ
1715 710 1788 770 εἰς
1828 716 1969 787 σαφῆ

322 800 379 853 σὲ
424 821 483 853 τε
534 801 623 853 καὶ
673 799 1134 873 ὁμολογουμένηο
1166 799 1519 853 καταπίπτειν
1552 799 1849 867 ἀπώλειαν,
1878 800 1967 853 καί

319 887 454 959 πρὸς
512 888 601 941 τὸν
656 886 770 941 ἴσον
836 888 1226 960 κατενεχθῆναι
1311 884 1554 941 κίνδυνον
1626 887 1966 961 ἀναγκάζειν.

318 977 466 1037 ’Ἑως
528 976 755 1050 μὲνγὰρ
814 976 934 1049 περὶ
996 976 1166 1047 μόνην
1218 976 1315 1043 τὴν
1378 978 1646 1048 κοσμικὴν
1689 977 1967 1049 στρατείαν

320 1063 704 1138 ἐξηταζόμεθα,
765 1062 917 1119 οὐδὲν
958 1068 1063 1118 τῶν
1134 1062 1361 1119 δεόντων
1422 1067 1585 1137 ἡμεῖς
1627 1064 1965 1138 ένελίπομεν.

320 1156 698 1229 Μαρτυρήσεις
754 1157 888 1227 ἡμῖν
948 1154 1035 1208 καὶ
1096 1154 1258 1215 αὐτὸς
1334 1155 1519 1229 ὅτιπερ
1571 1155 1631 1210 οὐ
1704 1155 1969 1228 ῥᾳθυμίαν

316 1242 434 1297 τινα
492 1240 620 1297 οὐδὲ
676 1242 933 1316 ἀμέλειαν
992 1248 1100 1298 τῶν
1162 1244 1212 1298 έν
1282 1246 1440 1321 χερσὶ
1490 1246 1963 1319 κατεγνώσθημεν,

315 1331 462 1387 ἀλλά
491 1332 690 1407 θερμὸν
724 1335 842 1409 περὶ
876 1338 1044 1387 ταῦτα
1072 1334 1163 1387 τὸν
1225 1333 1392 1402 ζῆλον
1435 1332 1682 1408 εἴχομεν,
1746 1336 1835 1389 καὶ
1868 1334 1964 1388 ὅσα

314 1420 481 1475 πάλιν
554 1419 605 1474 έν
682 1422 837 1493 νόμῳ
913 1428 1263 1495 Χριστιανοῖς
1338 1420 1630 1495 ἐτελοῦμεν
1690 1422 1961 1493 ἑκάστοτε,

312 1510 401 1563 καὶ
440 1510 529 1563 τὸν
560 1510 687 1564 Θεὸν
726 1510 792 1564 τὰ
823 1508 1019 1565 δυνατά
1051 1512 1183 1585 ὑπὲρ
1213 1512 1369 1583 ὕμῶν
1400 1510 1715 1581 ἱλεούμεθα.
1738 1509 1959 1581 Ἐπειδή

314 1598 400 1651 καὶ
434 1597 561 1652 οὐτὸ
598 1600 705 1653 τῶν
746 1597 930 1653 καλῶν
996 1601 1058 1654 τὸ
1105 1600 1397 1678 κεφάλαιον
1451 1599 1738 1677 ἀφελέσθαι
1798 1600 1960 1677 φιλο-

312 1693 506 1749 νεικεῖς
557 1689 727 1760 ἡμᾶς,
786 1690 882 1756 τήν
918 1684 1183 1757 ἀσέϐειαν,
1216 1690 1306 1744 καὶ
1366 1691 1492 1744 Θεὸν
1546 1695 1823 1761 ζημιῶσαι
1862 1692 1959 1758 τὴν

2089 531 2422 602 temptionis
2441 531 2856 601 amicitiaijure
2880 549 3193 603 possumus
3211 536 3466 589 accusari
3494 552 3507 601 ;
3544 550 3728 604 neque

2088 622 2241 691 quod
2276 626 2385 675 ate
2420 625 2651 691 propter
2680 620 2879 675 odium
2913 622 3324 691 dissideamus,
3361 640 3391 677 ο
3433 624 3727 695 benignis-

2086 711 2234 765 sime
2251 710 2590 781 imperator.
2616 709 2726 763 Sed
2757 726 2862 765 nos
2884 711 3170 780 disjunxit
3190 711 3313 781 ipse
3334 728 3517 766 vanus
3541 729 3720 777 error,

2085 800 2278 855 cultus
2310 799 2783 865 simulacrorum,
2818 803 2873 854 et
2904 799 3059 870 quod
3090 803 3153 853 tu
3178 799 3241 854 in
3264 804 3480 855 certum
3516 817 3580 855 ac
3606 818 3721 854 ma-

2084 889 2359 944 nifestum
2393 889 2618 943 incidas
2649 888 2971 955 interitum,
3002 892 3059 943 et
3085 904 3189 943 nos
3212 904 3444 959 quoque
3466 905 3638 959 cogas
3660 890 3719 943 in

2085 978 2235 1033 idem
2270 977 2563 1032 deturbari
2619 976 2959 1046 periculum.
3014 978 3155 1031 Nam
3190 977 3449 1047 quandiu
3483 978 3719 1048 quidem

2081 1067 2356 1138 agebatur
2385 1068 2456 1123 de
2484 1066 2607 1122 sola
2637 1067 2939 1121 mundana
2984 1064 3213 1132 militia,
3258 1082 3364 1121 nos
3398 1066 3543 1120 nihil
3579 1083 3717 1137 prat-

2079 1156 2445 1211 termisimus
2466 1171 2688 1221 eorum,
2714 1171 2841 1226 quas
2866 1160 3106 1224 oportet.
3128 1154 3209 1208 Tu
3236 1154 3359 1224 ipse
3381 1156 3548 1209 nobis
3571 1155 3716 1209 feres

2078 1245 2505 1313 testimonium,
2558 1260 2664 1299 nos
2712 1243 2772 1298 in
2822 1242 2984 1298 nulla
3033 1259 3112 1310 re,
3163 1259 3293 1314 quas
3341 1247 3494 1299 esset
3542 1260 3714 1314 expe-

2078 1334 2310 1400 dienda,
2357 1332 2535 1388 ullius
2584 1332 2855 1387 socordia:
2901 1336 3002 1386 aut
3050 1330 3413 1402 negligentiae
3460 1349 3713 1403 unquam

2077 1422 2255 1477 fuisse
2302 1422 2627 1487 damnatos,
2692 1421 2791 1475 sed
2838 1420 2900 1475 in
2957 1420 3031 1476 iis
3089 1422 3262 1475 rebus
3320 1422 3485 1476 nobis
3534 1422 3715 1477 fuisse

2075 1527 2261 1566 acrem
2293 1511 2497 1565 zelum.
2535 1513 2599 1563 Et
2627 1526 2830 1565 rursus
2853 1525 3219 1580 quaecunque
3248 1510 3318 1565 de
3341 1526 3500 1566 more
3521 1510 3714 1567 Chris-

2074 1600 2392 1656 stianorum
2428 1600 2781 1671 peregimus,
2814 1600 2885 1653 iis
2916 1600 3091 1654 Deum
3115 1616 3345 1670 quoque
3369 1616 3468 1671 pro
3499 1600 3714 1656 viribus

2072 1690 2235 1746 vobis
2254 1689 2613 1745 reddidimus
2632 1688 2972 1760 propitium.
2995 1688 3280 1750 Quoniam
3302 1695 3493 1743 autem
3518 1689 3711 1760 ipsum

314 1776 548 1853 ἐσχάτην
608 1777 810 1846 ταύτην
870 1779 1071 1851 ζημίαν
1118 1779 1206 1833 καὶ
1266 1779 1331 1848 ἢν
1388 1776 1517 1833 οὐδὲ
1568 1779 1875 1853 ὑπενεγκεῖν
1906 1778 1956 1833 ἂν

2073 1796 2305 1852 quoque
2356 1781 2640 1835 bonorum
2692 1783 2887 1850 caput,
2936 1794 3142 1848 nempe
3196 1778 3485 1848 pietatem,
3538 1781 3706 1835 nobis

312 1862 539 1936 εὐσεϐἧς
569 1868 722 1940 ψυχὴ
757 1864 996 1938 δύναιτο,
1029 1873 1207 1939 τιμῶν
1249 1888 1306 1922 τε
1338 1865 1428 1922 διὰ
1475 1872 1637 1923 τοῦτο
1686 1868 1774 1921 καὶ
1806 1866 1964 1945 φιλοο

308 1957 495 2030 τιμίας
551 1960 1006 2031 ἀναμιμνήσκεις,
1035 1964 1152 2021 πῶς
1195 1959 1294 2013 οὐκ
1326 1960 1548 2031 ἀμαθῶς
1581 1954 1728 2033 ἔχειν
1761 1980 1817 2013 σε
1871 1963 1965 2013 τοῦ

308 2047 482 2101 καλοῦ
535 2044 758 2111 δικαίως
814 2045 873 2101 ἂν
943 2047 1188 2121 ε’ίποιμεν
1221 2068 1233 2082 ·
1305 2049 1386 2103 ὅτι
1441 2050 1526 2103 καὶ
1590 2044 1961 2123 παραϐάλλεις

313 2135 457 2191 ὅλως·
512 2136 646 2191 αὖτᾶ
711 2135 1079 2210 προσάλληλα
1134 2140 1219 2192 καὶ
1282 2138 1445 2193 οἱονεί
1502 2142 1598 2193 τοῦ
1656 2138 1961 2213 κρείττονος

312 2228 447 2299 ἡμῖν
500 2228 599 2295 τὴν
659 2225 861 2301 α’ίρεσιν
925 2222 1250 2301 ἐπιτρέπεις,
1298 2222 1543 2289 ἀσεϐείας
1615 2228 1806 2305 φαμὲν,
1861 2234 1961 2296 τῆς

311 2314 449 2388 πρὸς
479 2314 571 2368 τὸν
610 2315 762 2383 Θεὸν,
794 2314 884 2367 καὶ
918 2312 1103 2389 φιλίας
1151 2314 1498 2389 ἀνθρωπίνης
1529 2314 1618 2369 καὶ
1672 2312 1830 2384 δόξης
1860 2320 1962 2383 τῆς

306 2400 400 2457 ’ίσα
457 2401 870 2478 παραρῥεούσης
933 2402 1133 2473 ὕδατι;
1194 2408 1317 2463 Πῶς
1368 2402 1423 2458 δὲ
1456 2424 1538 2457 σοι
1572 2403 1661 2457 καὶ
1692 2406 1959 2473 κοινωνή-

309 2513 474 2564 σομεν
506 2492 595 2546 ἐπὶ
626 2491 825 2563 τούτῳ,
856 2492 945 2545 καὶ
980 2493 1110 2566 οὐχὶ
1140 2492 1451 2546 τούναντίον
1494 2494 1585 2547 καὶ
1614 2494 1713 2561 τὴν
1773 2492 1960 2569 φιλίαν

306 2582 396 2636 καὶ
454 2584 553 2651 τὴν
612 2584 779 2655 τιμὴν
838 2582 928 2636 καὶ
980 2581 1025 2636 ε’ί
1088 2604 1139 2637 τι
1190 2580 1332 2636 ἄλλο
1390 2588 1578 2655 μεῖζον
1612 2584 1960 2658 ἦν,ἀρνησό-

309 2682 482 2743 μεθα;
518 2675 640 2733 Πῶς
683 2669 738 2726 δέ
770 2672 831 2725 οὐ
891 2670 953 2725 σὺ
1008 2669 1221 2744 μᾶλλον
1279 2672 1611 2747 ἀγνωμονῶν
1639 2672 1703 2726 νά
1734 2694 1794 2749 γε
1825 2674 1959 2747 πρὸς

306 2759 434 2813 Θεὸν
497 2758 691 2832 ἁλίσκῃ
745 2761 836 2814 τὸν
893 2760 981 2814 καὶ
1030 2761 1163 2814 αὐτό
1214 2781 1299 2814 σοι
1340 2762 1402 2815 τὸ
1435 2761 1569 2815 εἶναι
1599 2762 1687 2816 καί
1728 2762 1788 2815 τὸ
1828 2761 1958 2815 ἀνα-

306 2852 458 2901 πνεῖν
518 2850 962 2922 παρασχόμενον,
1014 2850 1070 2910 ὅς
1120 2850 1359 2923 ἄναρχος
1410 2848 1484 2902 ὢν
1536 2850 1627 2904 καὶ
1687 2848 1955 2913 συναϊδιος

301 2940 379 3007 τῷ
436 2937 802 3012 γεγεννηκότι,
852 2938 944 2992 καὶ
999 2938 1126 3001 τοὺς
1191 2939 1455 3013 οὐρανοὺς
1530 2943 1608 3010 τῷ
1657 2937 1806 3014 λόγῳ
1866 2933 1955 2994 καὶ

300 3025 400 3091 τὴν
458 3031 560 3099 γῆν
616 3025 946 3095 ὑποστήσας,
994 3026 1084 3080 τὸν
1116 3024 1392 3102 ἄνθρωπόν
1422 3047 1479 3081 τε
1513 3028 1699 3101 χερσίν
1731 3027 1955 3089 οἰκείαις

305 3110 728 3189 ἐδημιούργησε,
776 3114 865 3169 καὶ
918 3114 1175 3187 ἀθανασίᾳ
1256 3120 1443 3171 τοῦτον

308 3200 536 3273 βασιλέα
594 3207 700 3259 τῶν
763 3201 849 3258 ἒπῖ
912 3211 1013 3277 γῆς
1084 3207 1471 3275 κατεστήσατο,
1539 3206 1773 3280 καθάπερ
1832 3208 1952 3261 τινὰ

308 3290 556 3365 βασιλεια
603 3293 665 3348 τὸ
719 3292 1016 3349 κάλλιστον
1049 3295 1320 3366 ξάπάντων
1361 3295 1629 3366 ἀποτάξας
1660 3296 1805 3369 αὐτῷ
1862 3299 1953 3351 τὸν

303 3378 649 3455 παράδεισον.

1534 3115 1779 3190 ἒτίμησε,
1839 3118 1951 3185 καὶ,

370 3650 441 3704 Z'.
484 3647 636 3718 Ιιλήν
672 3641 815 3704 ἀλλᾶ
874 3648 1041 3722 μηδὲν
1096 3654 1230 3723 ἡμῖν
1282 3652 1576 3726 ἀχθεσθῇς,
1622 3650 1664 3707 ὦ
1698 3652 1948 3727 βασιλεῦ,

300 3735 345 3789 εἰ
395 3736 482 3789 καὶ
548 3739 880 3811 μακροτέραν
952 3740 978 3793 6
1027 3738 1195 3814 λόγος
1220 3743 1503 3811 ποιήσεται
1534 3744 1631 3811 τήν
1668 3739 1947 3816 διήγησιν.

298 3824 399 3878 Καὶ
452 3824 478 3876 6
528 3824 657 3885 Θεὸς
727 3825 819 3896 μὲν
897 3826 1037 3881 οὕτω
1104 3826 1422 3902 φιλότιμος,
1480 3831 1576 3892 τὰς
1643 3831 1948 3905 εὐεργεσίας

296 3913 443 3989 φημὶ
502 3912 637 3986 πρὸς
697 3914 787 3967 τὸν
846 3915 1128 3989 ἄνθρωπον
1165 3938 1176 3951 ι
1211 3918 1238 3972 6
1290 3915 1346 3971 δὲ
1389 3917 1571 3995 φθόνῳ
1602 3918 1828 3980 κλαπεὶς
1861 3921 1949 3972 καὶ

297 3998 470 4073 ἡδονῇ
530 4003 652 4074 (φεῦ
713 4006 853 4075 μοι),
911 4000 1214 4069 δελεασθεὶς
1263 4004 1470 4069 ἀθλίως
1509 4007 1713 4062 τούτων
1743 4004 1952 4077 ἐξέπεσε

294 4090 535 4144 πάντων·
586 4090 677 4144 καὶ
708 4091 736 4145 6
768 4093 895 4168 πρὶν
938 4093 1186 4163 ζηλωτὸς
1224 4093 1458 4158 ἐλεεινὸς
1500 4097 1705 4170 ἑωρᾶτο
1736 4098 1825 4151 καὶ
1859 4096 1951 4152 δα-

295 4178 474 4253 κρύων
510 4176 596 4233 διὰ
625 4181 723 4248 τὴν
757 4184 1051 4259 ,συμφορὰν
1088 4182 1251 4253 ἄξιος.
1287 4186 1346 4242 Ὀ
1376 4184 1586 4247 πλάσας
1643 4186 1822 4241 τοίνυν
1861 4188 1949 4242 καὶ

298 4265 710 4344 δημιουργήσας
762 4272 909 4344 ἡμᾶς
962 4273 1109 4341 Θεὸς,
1154 4275 1564 4351 φιλανθρώποις
1614 4275 1780 4331 πάλιν
1822 4276 1953 4332 ἰδὼν

294 4354 607 4434 ἀφοαλμοῖς
662 4359 722 4413 τὸ
778 4364 887 4414 τῶν
959 4360 1175 4416 οἰκείων
1245 4368 1443 4437 χειρῶν
1506 4359 1663 4441 ἔργον
1725 4368 1787 4420 τὸ
1821 4369 1951 4429 Θεὸς

296 4444 431 4499 εἶναι
473 4446 550 4517 μὴ
592 4444 916 4518 μεταϐαλὼν
970 4450 1102 4523 ὅπερ
1153 4450 1241 4519 ἦν,
1284 4449 1489 4525 ἐγένετο
1523 4450 1591 4507 δι’
1641 4456 1787 4527 ἡμᾶς
1822 4455 1949 4508 ἀνα-

298 4535 592 4608 μαρτήτως
644 4537 774 4611 ὅπερ
846 4539 1033 4611 ἡμεῖς.
1096 4541 1195 4595 Καὶ
1254 4541 1482 4615 σταυρὸν
1543 4540 1801 4605 ἑκουσίως
1860 4543 1949 4597 καὶ

296 4622 523 4676 Θάνατον
577 4621 824 4687 ὑπελθὼν
870 4626 963 4679 τὸν
1032 4624 1229 4690 ἄνωθέν
1276 4648 1333 4682 τε
1389 4633 1466 4699 τῷ
1526 4630 1778 4704 ἡμετέρῳ
1808 4631 1950 4705 γένει

294 4706 696 4781 καταϐεϐλήκει
754 4712 1045 4786 πολέμιον,
1096 4715 1186 4769 καὶ
1216 4738 1219 4741 ·
1254 4718 1400 4788 ἡμᾶς
1453 4723 1553 4785 τῆς
1582 4724 1778 4791 πικρᾶς
1813 4718 1951 4775 ἐκεί-

296 4823 390 4872 νης
468 4802 895 4881 αἷχρμαλωσίας
987 4808 1431 4881 ἀνασωσάμενος,
1510 4812 1607 4880 τὴν
1683 4814 1949 4886 προτέραν

299 4887 547 4944 ἀπέδωκε
589 4888 903 4968 φιλαγάθως
956 4893 1285 4969 ἐλευθερίαν,
1344 4899 1433 4951 καὶ
1501 4898 1618 4953 ὅθεν
1694 4897 1782 4953 διὰ
1846 4903 1947 4969 τὴν

298 4979 579 5052 παρακοήν
612 4980 1035 5056 ἐκπεπτώκαμεν
1087 4983 1225 5039 έκεῖν
1276 4984 1442 5040 πάλιν
1499 4984 1587 5041 διὰ
1638 4985 1949 5065 φιλανθρω-

298 5068 425 5129 πίας
477 5070 624 5141 ἠμᾶς
680 5068 1008 5149 ἐπανήγαγε.
1063 5074 1170 5130 Τὸν
1232 5072 1298 5145 δή
1343 5082 1565 5131 τοιαῦτα
1615 5076 1705 5131 διά
1743 5099 1799 5133 σε
1845 5101 1947 5134 πα-

300 5157 459 5211 Θόντα
525 5159 613 5211 καὶ
680 5159 945 5215 τοιούτων
1000 5183 1057 5217 σε
1113 5162 1280 5218 πάλιν
1319 5166 1739 5237 καταξιώσαντα,
1773 5170 1946 5240 (κοινὴ

298 5247 400 5320 γὰρ
458 5244 767 5320 ἀνθρώποις
835 5248 1016 5323 ὥσπερ
1071 5254 1105 5319 ἡ
1164 5250 1408 5307 ἀπώλεια
1464 5253 1743 5329 πρότερον,
1804 5256 1947 5312 οὕτω

294 5332 451 5402 καὶή
516 5332 837 5410 ἰλευθερία),
872 5344 1059 5394 τοῦτον
1110 5339 1271 5402 αὐτὸς
1331 5342 1530 5405 ἀθετῶν
1584 5345 1671 5398 καὶ
1730 5344 1805 5407 εἷς
1860 5347 1950 5401 τὸν

294 5422 503 5478 ἐκείνου
559 5428 785 5501 σταυρὸν
848 5429 1225 5483 ἀποσκώπτων
1310 5431 1467 5484 ποίαν
1563 5434 1950 5507 ἀγνωμοσύνης

294 5506 609 5583 ὕπερϐολήν
640 5514 1029 5591 καταλείπεις;
1063 5520 1197 5583 Ἰσθι
1236 5520 1417 5575 τοίνυν
1461 5521 1534 5584 ὡς
1584 5506 1647 5577 οὐ
1681 5506 1949 5594 κοινωνή-

298 5601 462 5676 σομέν
511 5622 593 5657 σοι
652 5610 753 5677 τῆς
784 5608 1049 5680 rota-311;:
1104 5608 1446 5684 ἀχαριστίας,
1499 5607 1621 5666 οὒδὲ
1678 5613 1766 5667 τὸν
1810 5613 1949 5686 ἡμέ-

2076 1869 2382 1926 contendis
2431 1868 2704 1935 adimere,
2745 1873 2803 1923 et
2837 1873 2949 1922 Deo
2999 1884 3104 1923 nos
3144 1868 3387 1937 privare,
3422 1870 3576 1939 quod
3623 1875 3712 1924 est

2075 1961 2356 2013 damnum
2388 1967 2729 2027 extremum,
2778 1964 2831 2012 et
2862 1957 3014 2029 quod
3064 1957 3157 2028 pia
3188 1973 3302 2012 non
3348 1959 3532 2028 possit
3565 1960 3711 2013 ferre

2075 2048 2296 2117 anima,
2337 2054 2390 2102 et
2418 2052 2723 2118 propterea
2756 2046 2999 2101 honores
3029 2053 3080 2101 et
3113 2045 3315 2102 laudes
3349 2047 3516 2101 nobis
3549 2062 3708 2102 revo-

2074 2154 2169 2192 cas
2216 2137 2273 2192 in
2329 2136 2696 2199 memoriam,
2752 2136 3042 2205 quomodo
3095 2140 3149 2189 te
3194 2135 3331 2189 boni
3380 2140 3435 2190 et
3483 2134 3710 2190 honesti

2071 2225 2338 2297 ignarum
2369 2241 2484 2279 non
2513 2226 2642 2294 jure
2692 2223 3036 2290 dixerimus,
3077 2223 3231 2292 quod
3264 2226 3320 2276 et
3350 2239 3437 2291 ea,
3471 2230 3531 2277 ut
3562 2238 3709 2292 quo-

2070 2315 2384 2371 dammodo
2419 2311 2832 2384 praestantioris
2865 2311 3033 2366 nobis
3065 2311 3243 2365 facias
3273 2312 3585 2380 Optionem,
3619 2311 3711 2367 in-

2069 2410 2157 2462 ter
2194 2422 2253 2462 se
2284 2407 2532 2461 invicem
2564 2404 2803 2461 omnino
2836 2404 3086 2467 confers,
3112 2404 3406 2473 pietatem,
3441 2404 3705 2475 inquam,

2069 2498 2126 2550 in
2161 2497 2365 2563 Deum,
2397 2500 2452 2550 et
2482 2496 2800 2550 humanam
2841 2493 3157 2548 amicitiam
3190 2497 3247 2547 et
3276 2494 3546 2565 gloriam,
3580 2511 3705 2563 quas

2070 2601 2230 2656 aeque
2248 2602 2312 2639 ac
2334 2602 2486 2655 aqua
2510 2582 2880 2654 praeterﬂuit?
2903 2582 3202 2646 Quomodo
3226 2591 3416 2636 autem
3437 2582 3543 2636 hac
3568 2583 3625 2636 in
3646 2598 3706 2637 re

2066 2678 2260 2730 tecum
2307 2674 2739 2736 conveniemus,
2792 2676 2847 2726 et
2876 2687 2993 2726 non
3041 2675 3263 2737 contra,
3298 2670 3616 2726 amicitiam
3649 2674 3706 2725 et

2066 2764 2369 2829 honorem,
2402 2768 2458 2818 et
2488 2761 2537 2818 si
2568 2762 2707 2832 quid
2757 2760 2833 2816 sit
2875 2759 3036 2815 aliud
3068 2759 3279 2830 majus,
3312 2759 3704 2830 negabimus?

2066 2853 2366 2917 Quomodo
2412 2855 2607 2906 autem
2659 2866 2773 2905 non
2826 2854 2890 2905 tu
2937 2848 3123 2919 magis
3167 2847 3379 2918 ingrati
3422 2848 3482 2902 in
3515 2847 3701 2902 Deum

2064 2941 2245 2998 animi
2274 2940 2535 2995 criminis
2556 2937 2943 3003 convinceris,
2963 2937 3063 3007 qui
3097 2935 3356 3006 idipsum
3382 2935 3505 3005 tibi,
3544 2936 3698 3006 quod

2062 3035 2119 3086 et
2145 3029 2247 3095 sis,
2278 3037 2331 3085 et
2363 3028 2633 3100 respiras,
2668 3026 2959 3098 praabuit?
2988 3025 3094 3089 Qui
3126 3040 3257 3080 cum
3303 3028 3493 3080 careat
3540 3024 3698 3095 prin-

2065 3120 2239 3191 cipio,
2299 3119 2473 3173 verbo
2521 3116 2706 3172 effecit
2746 3119 2810 3171 ut
2858 3115 3067 3171 cmlum
3120 3118 3177 3169 et
3223 3118 3376 3169 terra
3425 3112 3699 3168 consiste-

2064 3212 2224 3265 rent:
2250 3212 2305 3264 et
2336 3207 2628 3263 hominem
2663 3203 2910 3276 propriis
2952 3204 3223 3259 manibus
3254 3210 3338 3258 est
3371 3202 3697 3271 fabricatus,

2062 3303 2118 3354 et
2182 3296 2482 3352 honoravit
2536 3311 2667 3351 cum
2700 3293 3155 3360 immortalitate,
3188 3296 3245 3348 et
3292 3307 3513 3359 eorum,
3575 3306 3697 3363 quas

2061 3392 2201 3443 sunt
2230 3386 2289 3441 in
2314 3392 2485 3448 terra,
2518 3383 2691 3440 veluti
2716 3383 3030 3454 quemdam
3060 3397 3256 3453 regem
3289 3380 3608 3449 constituit,
3640 3380 3697 3433 id

2061 3477 2213 3547 quod
2264 3479 2351 3531 est
2396 3474 2657 3530 omnium
2706 3471 3186 3543 pulcherrimum,
3240 3486 3446 3541 nempe
3479 3469 3701 3540 paradi-

2060 3581 2215 3632 sum,
2246 3564 2297 3619 ei
2328 3563 2674 3619 attribuens.

2131 3652 2247 3708 VII.
2283 3651 2564 3708 Caeterum
2597 3667 2669 3706 ne
2702 3649 2865 3705 nobis
2896 3665 3266 3714 succenseas,
3294 3665 3325 3703 ο
3359 3648 3693 3718 imperator,

2059 3742 2106 3798 si
2164 3740 2349 3796 oratio
2408 3739 2726 3810 longiorem
2784 3738 3004 3793 factura
3047 3737 3123 3793 sit
3168 3736 3577 3792 narrationem.
3629 3735 3696 3788 Et

2060 3830 2215 3886 Deus
2238 3829 2473 3901 quidem
2502 3829 2629 3897 fuit,
2656 3832 2721 3883 ut
2743 3826 2883 3893 dixi,
2907 3830 3022 3882 tam
3049 3825 3366 3881 munificus
3393 3825 3451 3878 in
3483 3824 3695 3878 benefi-

2060 3919 2165 3975 ciis
2197 3919 2253 3973 in
2300 3917 2595 3972 hominem
2648 3916 3032 3972 conferendis.
3088 3914 3186 3970 Ille
3236 3922 3424 3969 autem
3478 3912 3696 3966 invidia

2059 4007 2351 4072 seductus,
2384 4010 2439 4061 et
2458 4005 2749 4077 voluptate
2771 4005 2883 4075 (hei
2911 4004 3052 4059 mihi
3075 4003 3111 4074 l)
3144 4005 3456 4071 inescatus,
3488 4000 3697 4056 misere

2060 4094 2299 4152 omnino
2331 4094 2401 4150 ab
2425 4094 2497 4149 iis
2518 4094 2730 4149 excidit
2755 4110 2767 4149 ε
2792 4098 2847 4148 et
2877 4094 2978 4163 qui
3009 4092 3169 4163 prius
3192 4091 3541 4146 censebatur
3572 4090 3699 4144 bea-

2059 4190 2171 4249 tus,
2215 4188 2562 4256 conspectus
2584 4188 2671 4240 est
2697 4182 3067 4249 miserabilis,
3101 4186 3157 4236 et
3188 4182 3459 4253 lacrymis
3491 4181 3700 4249 dignus

2060 4277 2293 4347 propter
2358 4272 2770 4328 calamitatem.
2842 4272 2947 4337 Qui
3018 4272 3207 4339 itaque
3257 4288 3363 4325 nos
3424 4269 3589 4324 ﬁnxit
3646 4276 3703 4324 et

2062 4361 2376 4418 fabricatus
2425 4366 2513 4416 est
2565 4362 2727 4428 Deus,
2780 4377 2913 4416 cum
2955 4358 3224 4430 benignis
3272 4375 3475 4414 rursus
3518 4357 3703 4413 oculis

1980 4450 2303 4547 Dvidisset
2354 4466 2496 4520 opus
2546 4466 2787 4507 suarum
2839 4464 3143 4513 manuum,
3199 4449 3375 4503 Deum
3428 4464 3553 4503 esse
3586 4464 3701 4501 non

2063 4548 2319 4607 mutans,
2354 4541 2507 4611 quod
2543 4540 2777 4611 quidem
2810 4542 2952 4604 erat,
2998 4537 3183 4593 factus
3215 4541 3300 4591 est
3332 4539 3565 4607 propter
3596 4550 3701 4589 nos

2060 4634 2209 4691 citra
2256 4637 2555 4704 peccatum
2608 4633 2687 4701 id,
2720 4634 2871 4703 quod
2908 4648 3035 4687 nos.
3087 4630 3347 4699 Cumque
3386 4644 3613 4684 crucem
3644 4632 3701 4681 et

2059 4728 2305 4780 mortem
2338 4740 2447 4779 sua
2478 4728 2681 4795 sponte
2713 4722 3002 4787 subiisset,
3037 4728 3090 4776 et
3112 4718 3473 4791 superiorem
3505 4716 3699 4771 inimi-

2059 4831 2192 4870 cum
2250 4822 2444 4869 nostro
2494 4830 2702 4884 genere
2763 4810 3094 4883 prostravit,
3154 4814 3212 4864 et
3260 4807 3428 4862 nobis
3477 4807 3547 4860 ab
3596 4805 3698 4859 illa

2058 4907 2264 4962 acerba
2295 4903 2537 4960 servatis
2564 4902 2914 4969 calamitate,
2948 4900 3197 4972 benigne
3224 4898 3471 4969 priorem
3506 4894 3696 4949 reddi-

2056 4995 2139 5050 dit
2170 4993 2491 5048 libertatem
2522 5008 2534 5059 ;
2570 4994 2626 5046 et
2667 4990 2821 5045 unde
2852 4990 3175 5045 excidimus
3219 4989 3451 5058 propter
3494 4982 3694 5037 inobe—

2057 5084 2355 5151 dientiam,
2406 5082 2544 5136 illuc
2576 5098 2681 5136 nos
2714 5082 2942 5135 reduxit
2972 5082 3208 5150 propter
3238 5092 3406 5131 suam
3439 5074 3697 5128 clemen—

2057 5173 2217 5227 tiam.
2260 5176 2399 5227 Eum
2435 5175 2652 5240 autem,
2696 5170 2794 5241 qui
2822 5172 3053 5239 propter
3082 5170 3137 5221 te
3178 5164 3313 5220 talia
3346 5178 3551 5233 passus
3582 5161 3697 5215 fue-

2057 5266 2164 5328 rat,
2189 5262 2363 5332 idque
2390 5277 2521 5316 cum
2540 5270 2685 5315 esset
2714 5262 2878 5327 Deus,
2903 5266 2953 5313 et
2978 5262 3032 5312 te
3059 5255 3237 5311 tantis
3259 5254 3429 5309 rebus
3452 5252 3695 5323 dignum

2058 5354 2364 5407 censuerat
2407 5350 2761 5421 [communis
2814 5352 2899 5403 est
2950 5347 3105 5402 enim
3150 5342 3507 5409 hominibus,
3543 5340 3695 5395 sicut

2058 5441 2222 5511 prius
2251 5439 2544 5506 interitus,
2595 5439 2676 5493 ita
2708 5453 2863 5493 nunc
2915 5432 3187 5505 libertas].
3221 5437 3285 5487 tu
3334 5431 3527 5501 ipsum
3562 5446 3697 5485 con-

2057 5534 2347 5598 temnens,
2379 5533 2435 5584 et
2466 5543 2696 5584 crucem
2738 5526 2898 5582 illius
2930 5525 3146 5591 ridens,
3181 5520 3467 5594 quomodo
3495 5536 3607 5575 non
3638 5536 3696 5575 es

2057 5619 2229 5692 longe
2247 5618 2717 5691 ingratissimus?
2738 5615 2899 5675 Scias
2920 5629 3055 5687 ergo
3078 5630 3183 5670 nos
3206 5628 3320 5669 non
3344 5611 3570 5667 futuros
3592 5608 3696 5666 tibi
