4042 6222
352 277 532 389 11018

1727 278 2007 349 MENSIS

2151 276 2432 342 TOBElt.
3630 272 3796 335 1016

372 439 562 499 socios
592 438 806 511 ingrati
836 437 1017 494 animi
1050 437 1311 504 crimine,
1338 452 1526 509 neque
1557 440 1818 493 nostrum
1841 437 2017 492 bene-

2150 453 2282 507 τερον
2312 431 2600 506 εὐτργέτην
2630 432 2719 486 καὶ
2768 429 2952 502 ἀληθῆ
3004 431 3132 487 Θεὸν
3192 426 3563 505 ἀρνησόμεθα.
3598 429 3685 486 Ti
3736 427 3799 484 δὲ

373 531 650 587 factorem
699 531 758 584 et
803 542 1011 583 verum
1058 526 1243 583 Deum
1293 540 1423 584 esse
1484 529 1820 598 negaturos.
1878 529 2013 594 Quis

2150 523 2260 597 api
2316 525 2412 576 σοῦ
2469 522 2879 596 προτεινόμενα,
2940 519 3186 596 βασιλεῦ,
3218 518 3271 575 εἷ’
3319 541 3378 575 τε
3433 520 3616 595 ἀγαθᾶ
3661 519 3789 588 εἷεν,

375 622 568 675 autem
621 635 655 674 a
702 621 759 674 te
807 617 1204 689 proferuntur,
1253 632 1286 673 o
1334 616 1668 688 imperator,
1719 616 1839 672 sive
1895 615 2016 671 sint

2155 608 2231 665 ἷ’τε
2280 610 2369 665 καὶ
2420 607 2683 686 δυσχερῆ,
2727 610 2818 666 καὶ
2858 610 3016 666 αὑτὸν
3049 609 3323 686 ἐπάγοντα
3366 609 3627 676 θάνατον,
3662 607 3788 663 Esti-

375 708 552 775 bona,
583 705 703 762 sive
733 705 1017 775 difﬁcilia,
1065 710 1122 762 et
1158 704 1247 762 vel
1276 705 1458 777 ipsam
1489 707 1730 762 mortem
1763 704 2017 760 inferen-

2150 724 2225 773 της
2283 705 2422 777 ἡμῖν
2473 705 2680 759 ἅπαντα
2738 702 3020 778 παροπτέα
3082 699 3170 757 διὰ
3210 703 3451 779 Χριστὸν
3489 701 3581 755 καὶ
3614 721 3785 777 φρον-

376 797 479 865 tia,
510 800 652 853 sunt
697 811 862 868 seque
904 813 939 852 a
989 795 1156 853 nobis
1204 799 1440 868 propter
1485 794 1785 852 Christum
1822 794 2014 867 despi-

2150 789 2277 854 :i80:
2305 789 2565 866 οὐδεμιᾶς
2596 793 2739 864 ἄξια.

376 885 598 955 cienda,
632 891 689 940 et
716 902 749 940 a
779 884 947 941 nobis
976 901 1092 941 non
1132 884 1410 942 curanda.

449 974 600 1030 VIII.
651 973 755 1030 llis
816 975 959 1031 adeo
1006 981 1331 1047 opportune
1377 979 1436 1032 et
1468 975 1734 1046 jucunde
1773 973 1947 1030 dictis
1986 987 2019 1027 a

381 1064 759 1136 martyribus.
792 1064 1174 1120 Maximianus
1219 1063 1457 1136 quidem
1486 1065 1599 1122 fuit
1627 1065 1709 1122 ita
1737 1067 1933 1121 motus
1961 1067 2021 1120 st

380 1153 609 1211 volebat
639 1152 843 1211 acerbe
868 1154 1079 1226 punire
1108 1158 1367 1211 sanctos.
1401 1154 1623 1211 Rursus
1656 1156 1848 1210 autem
1873 1169 2016 1209 cun-

380 1244 671 1310 ctabatur,
720 1248 778 1299 et
824 1242 1128 1300 differebat
1179 1243 1440 1316 aggredi,
1471 1243 1789 1316 respiciens
1818 1257 2018 1300 eorum

381 1331 771 1404 splendorem,
799 1336 855 1387 et
883 1348 1000 1388 non
1046 1331 1245 1389 volens
1291 1332 1498 1390 talium
1536 1332 1788 1391 virorum
1832 1332 2022 1389 facere

374 1424 690 1495 jacturam.
720 1420 1042 1478 Verebatur
1072 1422 1252 1492 enim,
1298 1437 1370 1479 ne
1401 1422 1666 1491 cruciati,
1712 1438 1846 1479 cum
1873 1420 2021 1478 veri-

381 1513 561 1566 tatem
608 1508 670 1566 in
721 1508 912 1566 medio
960 1510 1283 1568 multorum
1326 1510 1504 1569 libere
1553 1518 1749 1570 essent
1787 1511 2020 1579 elocuti,

383 1600 594 1656 deinde
622 1607 1029 1673 permanerent
1057 1604 1297 1658 omnino
1318 1602 1669 1659 immobiles.
1694 1603 1806 1660 Eos
1829 1602 2024 1674 itaque

383 1690 589 1746 statuit
620 1689 1015 1747 transmittere
1046 1691 1118 1746 ad
1140 1691 1490 1748 Antiochum
1521 1691 1726 1749 ducem
1748 1691 2021 1756 Orientis,

383 1786 447 1834 ut
480 1778 581 1850 qui
613 1777 900 1847 omnium,
932 1779 1030 1850 qui
1059 1783 1226 1836 erant
1271 1782 1330 1836 in
1362 1781 1490 1852 ejus
1539 1785 1847 1854 potestate,
1879 1787 2027 1838 esset

381 1867 852 1935 crudelissimus,
901 1876 954 1925 et
983 1868 1070 1925 vel
1121 1868 1244 1926 solo
1275 1870 1513 1928 nomine
1543 1876 1740 1944 posset
1767 1887 1867 1929 eos
1894 1888 2027 1943 per-

385 1965 596 2015 terrere
630 1973 643 2012 :
676 1961 733 2014 et
761 1959 915 2030 quod
968 1963 1204 2031 propter
1243 1960 1481 2031 majoris
1523 1960 1761 2017 honoris
1797 1961 2025 2017 deside-

386 2050 562 2120 rium,
593 2048 692 2105 ille
730 2050 1148 2106 Maximianum
1190 2051 1536 2108 observandi
1568 2068 1767 2109 curam
1798 2069 2023 2126 gerens,

387 2156 421 2194 a
450 2137 634 2194 nullis
664 2138 982 2194 abstinebit
1012 2139 1321 2211 machinis,
1353 2157 1469 2213 quo
1499 2157 1599 2198 eos
1628 2150 1938 2215 oppugnet,
1971 2148 2030 2200 et

387 2228 457 2282 ad
492 2242 663 2282 suam
695 2227 961 2282 traducat
1000 2230 1372 2285 sententiam.
1414 2230 1696 2289 Praeterea
1726 2237 1791 2288 ut
1821 2235 1878 2289 et
1910 2233 2029 2290 lon-

389 2331 525 2387 gum
558 2317 667 2371 iter
696 2322 752 2370 et
782 2316 1239 2388 ignominiosum
1273 2323 1393 2375 tam
1423 2319 1715 2377 intensam
1750 2322 2032 2379 relaxaret

391 2405 804 2473 constantiam,
834 2411 892 2462 et
921 2422 1018 2463 eos
1049 2407 1266 2464 sensim
1297 2426 1330 2466 a
1362 2410 1573 2482 pietate
1603 2412 1943 2479 dimoverat,
1976 2416 2033 2468 et

392 2496 642 2552 maxime
671 2497 824 2567 quod
852 2497 977 2568 ipse
1008 2513 1234 2570 quoque
1261 2500 1578 2559 Antiochus
1600 2506 1724 2559 erat
1753 2504 1838 2560 eis
1869 2503 2031 2575 prius

393 2584 714 2655 subjectus,
738 2586 889 2658 apud
925 2603 1099 2659 quem
1132 2593 1301 2645 erant
1344 2590 1613 2661 sistendi,
1645 2597 1702 2648 et
1731 2610 1764 2650 a
1793 2610 1908 2665 quo
1931 2594 2033 2664 ju-

394 2674 653 2731 dicandi.
683 2675 746 2731 Id
788 2674 944 2733 enim
992 2677 1244 2734 maxime
1286 2680 1477 2752 tangit
1515 2681 1778 2738 animum
1807 2699 2032 2752 eorum,

395 2764 495 2836 qui
525 2768 663 2819 sunt
692 2762 936 2821 honesto
982 2765 1107 2823 loco
1147 2767 1286 2837 nati,
1338 2771 1491 2840 quod
1533 2771 1635 2842 qui
1676 2771 1840 2843 prius
1870 2788 2034 2844 pare-

392 2853 553 2922 bant,
607 2850 695 2908 eis
742 2857 945 2923 postea
987 2855 1298 2926 imperent,
1349 2862 1406 2913 et
1453 2857 1536 2924 eis
1583 2862 1845 2930 utantur,
1904 2864 2035 2916 tan-

394 2957 568 3012 quam
599 2940 904 3012 subjectis,
936 2959 1052 2999 non
1083 2945 1268 3001 multo
1290 2950 1426 3002 ante
1455 2948 1684 3003 fuerant
1709 2964 1908 3005 eorum
1940 2949 2037 3006 do-

397 3028 545 3085 mini
604 3036 658 3086 et
707 3030 1122 3087 benefactores.
1173 3032 1530 3091 Consecutus
1561 3053 1814 3107 namque
1851 3038 2039 3094 fuerat

400 3119 556 3175 hunc
586 3119 835 3174 ducatus
867 3120 1269 3192 magistratum
1293 3123 1617 3181 Antiochus
1642 3122 1835 3198 ipsius
1859 3125 2040 3183 admi-

2200 973 2278 1031 η’.
2310 971 2532 1030 Τούτων
2565 971 2829 1044 εὐκαίρως
2861 970 3003 1026 οὓτω
3041 969 3134 1026 καὶ
3172 967 3349 1041 ἡδέως
3393 975 3509 1034 τοῖς
3575 970 3783 1043 μάρτυ-

2128 1082 2209 1116 σιν
2288 1063 2784 1138 ὑπαγορευθέντων,
2845 1062 2873 1117 ὁ
2950 1061 3291 1134 Μαξιμιανὸς
3367 1060 3596 1116 ἐκινεῖτο
3683 1061 3780 1132 μὲν

2131 1152 2234 1208 ὑπὸ
2289 1157 2388 1208 τοῦ
2433 1156 2632 1225 ουμοῦ,
2680 1152 2771 1206 καὶ
2820 1155 3031 1226 πικρῶς
3090 1151 3317 1221 αἰκίζειν
3387 1148 3516 1213 τοὺς
3588 1149 3780 1224 ἀγίους

2130 1239 2425 1313 ἠϐούλετο’
2458 1240 2621 1295 ὤκνει
2680 1238 2738 1295 δὲ
2795 1239 2958 1295 πάλιν
2998 1240 3090 1294 καὶ
3144 1236 3478 1296 ἀνεϐάλλετο
3533 1241 3633 1308 τήν
3691 1238 3782 1312 έγο

2131 1332 2406 1409 χείρησιν,
2462 1332 2524 1385 τὸ
2585 1330 2869 1407 περιφανὲς
2921 1328 3098 1385 αὐτῶν
3178 1325 3603 1402 εὐλαϐούμενος,
3692 1328 3780 1382 καὶ

2135 1422 2234 1478 οὐκ
2299 1421 2501 1476 ἐθέλων
2559 1416 2765 1495 ἀνδρῶν
2826 1418 3090 1474 τοιούτων
3176 1419 3475 1489 ὑποστῆναι
3560 1419 3780 1492 ζημίαν.

2135 1507 2364 1568 Ἐδεδίει
2427 1510 2531 1584 γὰρ
2590 1510 2666 1583 μή
2711 1508 2802 1564 καὶ
2856 1506 3261 1584 τιμωρηθέντες
3325 1508 3424 1577 τήν
3479 1506 3661 1583 ἀρχὴν
3691 1508 3783 1561 καὶ

2132 1598 2633 1676 παῤῥησιασάμενοι
2691 1595 2926 1655 εὐσεϐῶν
2984 1597 3034 1654 ἒν
3098 1599 3248 1673 μέσῳ
3294 1599 3539 1671 πολλῶν,
3580 1600 3694 1653 εἶτα
3719 1598 3784 1652 τὸ

2134 1692 2382 1767 παράπαν
2441 1689 2763 1763 ἀμετάθετοι
2813 1686 3184 1763 διαμείνωσιν,
3244 1687 3468 1762 Ἀμέλει
3518 1689 3610 1743 καὶ
3656 1690 3787 1745 Ἀν-

2134 1782 2313 1857 τιόχῳ
2368 1784 2449 1853 τῷ
2485 1785 2586 1850 τῆς
2634 1778 2936 1856 ,Ανατολῆς
2990 1777 3145 1834 δουκὶ
3175 1777 3553 1851 παραπέμπειν
3584 1777 3788 1839 αὐτοὺς

2132 1867 2294 1947 ἔγνω,
2352 1870 2427 1931 ὡς
2484 1869 2543 1924 ἂν
2604 1868 2874 1942 ὠμοτάτῳ
2932 1867 3147 1923 πάντων
3174 1871 3280 1924 τῶν
3324 1868 3413 1923 ὑπ’
3442 1868 3613 1923 αὐτοῦ
3644 1867 3790 1936 ὃντι,

2133 1961 2223 2016 καί
2254 1960 2360 2015 ἀπὸ
2417 1957 2588 2033 ψιλοῦ
2645 1959 2791 2037 τάχα
2846 1957 3059 2013 καὶτοῦ
3095 1958 3391 2031 ὀνόματος,
3417 1955 3789 2027 καταπλήξειν

2135 2049 2330 2111 αὐτοὺς
2381 2046 2683 2122 δυναμένῳ·
2746 2048 2836 2102 καὶ
2893 2048 2978 2101 ὅτι
3027 2046 3116 2102 διὰ
3175 2046 3424 2120 μείζονος
3472 2053 3645 2119 τιμῆς
3674 2043 3792 2122 gss-

2138 2161 2218 2195 σιν
2277 2141 2377 2209 τὴν
2436 2140 2781 2211 Μαξιμιανοῦ
2850 2137 3134 2213 θεραπείαν
3184 2134 3384 2199 ἐκεῖνος
3444 2132 3786 2205 σπουδάζων,

2138 2227 2399 2302 οὐδεμιᾶς
2457 2226 2701 2304 ἀφέξεναι
2754 2233 3034 2302 μηχανῆς,
3095 2226 3244 2289 ὃπως
3322 2225 3485 2287 αὐτὸς
3538 2222 3641 2298 ’ἑλῃ
3702 2224 3794 2279 καί

2143 2317 2502 2395 μεταπείσειε.
2540 2317 2680 2392 Πρὸς
2710 2316 2950 2387 τούτοις,
2981 2312 3071 2370 ’ίνα
3098 2314 3191 2370 καὶ
3219 2316 3254 2385 ἡ
3301 2314 3482 2389 μακρὰ
3505 2311 3797 2386 ὁδοιπορία

2138 2410 2228 2465 καὶ
2285 2408 2482 2481 ἄτιμος
2539 2412 2639 2476 τῆς
2688 2405 2979 2468 ἐνστάσεως
3046 2403 3229 2466 αὐτοῖς
3290 2404 3619 2480 δποχαλάσῃ
3673 2406 3791 2475 ,την

2140 2498 2407 2566 εὐτονίαν,
2464 2496 2555 2551 καὶ
2608 2494 2788 2572 ἠρέμα
2853 2497 3164 2570 μεταστήσῃ
3213 2498 3314 2565 τῆς
3368 2489 3669 2562 εὐσεϐείας,
3702 2494 3790 2548 καὶ

2145 2586 2386 2663 μάλιστα
2425 2587 2507 2641 ὅτι
2565 2586 2658 2641 καὶ
2705 2585 2807 2640 ὑπὸ
2861 2590 3025 2661 χεῖρα
3080 2586 3348 2658 πρότερον
3385 2583 3578 2646 αὐτοῖς
3633 2584 3704 2652 ἦν
3760 2584 3789 2637 ὁ

2142 2677 2420 2752 Ἀντίοχος
2455 2694 2468 2709 ·
2528 2677 2574 2748 ᾧ
2631 2672 2721 2730 καί
2766 2674 3104 2751 παραστῆναί
3159 2694 3218 2729 τε
3264 2674 3354 2727 καὶ
3387 2673 3476 2746 ὑφ’
3506 2673 3569 2726 οὗ
3608 2672 3794 2747 κριθή-

2143 2768 2323 2823 σεσθαι
2367 2763 2626 2839 ἔμελλον.
2672 2765 2741 2822 Ὅ
2787 2760 2852 2833 δὴ
2913 2763 3002 2818 καὶ
3050 2761 3217 2819 πλέον
3258 2765 3358 2831 τῆς
3404 2767 3512 2817 τῶν
3548 2758 3605 2817 εὖ
3640 2781 3800 2837 γεγο-

2142 2857 2316 2914 νότων
2371 2858 2557 2930 ψυχῆς
2616 2851 2946 2922 ἄπτεται,τὸ
2975 2850 3105 2915 τοὺς
3146 2851 3410 2927 πρότερον
3453 2851 3799 2925 ἀρχομένους

2144 2946 2335 3024 ἄρχειν
2384 2966 2441 3000 τε
2495 2943 2671 3000 αὐτῶν
2720 2942 2938 3019 ὕστερον
2984 2943 3071 2997 καὶ
3121 2942 3386 3012 ὑπηκόοις
3417 2943 3657 3016 χρῆσθαι
3689 2946 3804 3005 τοῖς

2146 3035 2209 3092 οὐ
2241 3036 2346 3110 πρὸ
2385 3033 2601 3090 πολλοῦ
2654 3031 2939 3094 δεσπόταις
2984 3031 3157 3087 αὐτῶν
3215 3030 3306 3085 καὶ
3354 3029 3663 3107 εὐεργέταις
3705 3049 3801 3104 γε-

2147 3125 2489 3201 γενημὲνοις.
2537 3121 2832 3197 Ἐτύγχανε
2885 3121 2988 3196 γὰρ
3037 3121 3137 3191 τὴν
3181 3119 3440 3190 τοιαύτην
3483 3123 3582 3174 τοῦ
3613 3116 3806 3178 δουκὸς

399 3205 602 3263 rabilis
632 3206 813 3279 Sergii
847 3208 1285 3269 intercessione.
1326 3212 1437 3269 Sed
1483 3192 1689 3271 revera-
1707 3215 1854 3272 nihil
1882 3217 2039 3274 vide-

2150 3192 2327 3291 ἀρχην
2363 3214 2390 3268 ὁ
2423 3192 2712 3286 Ἀντίοχος
2726 3192 2999 3284 ,μεσιτείᾳ
3045 3208 3307 3284 πρότερον
3348 3212 3446 3264 τοῦ
3488 3206 3804 3283 θαυμαστοῦ

402 3304 498 3353 tur
553 3300 672 3354 tam
720 3298 887 3355 facile
937 3316 1314 3372 marcescere,
1366 3307 1542 3377 atque
1589 3305 1937 3364 beneficium
1983 3308 2044 3363 in

404 3384 601 3442 animo
630 3385 859 3458 ingrato
882 3388 1232 3460 plantatum.
1267 3394 1322 3448 Is
1343 3394 1500 3450 enim
1521 3411 1636 3451 non
1660 3396 1852 3453 solum
1874 3413 2049 3470 appa-

406 3474 525 3531 ruit
546 3475 785 3533 minime
808 3493 933 3534 esse
955 3481 1292 3538 recordatus
1318 3482 1603 3553 beneﬁcii,
1637 3489 1704 3541 ut
1732 3489 2047 3559 procedens

312 3568 315 3573 '
409 3565 677 3623 ostendet
721 3566 942 3637 oratio;
992 3569 1093 3626 sed
1142 3571 1384 3642 perinde
1433 3588 1499 3629 ac
1547 3573 1619 3631 ab
1666 3574 1786 3632 illis
1816 3592 2051 3633 summa

411 3655 658 3713 affectus
698 3653 938 3728 injuria,
972 3673 1067 3715 eos
1113 3661 1395 3733 tractavit,
1429 3666 1486 3720 et
1516 3663 1600 3720 eis
1630 3666 1824 3738 gravia
1853 3666 2052 3722 intulit

412 3744 715 3818 supplicia.
782 3749 974 3822 Atque
1038 3751 1421 3811 mittebantur
1484 3758 1713 3828 quidem
1774 3758 1847 3814 ad
1916 3774 2050 3815 eum

413 3833 623 3903 sancti,
663 3835 841 3894 vincti
873 3839 1034 3910 gravi
1069 3845 1292 3899 catena.
1324 3844 1409 3899 Ad
1441 3862 1575 3901 eum
1608 3855 1802 3903 autem
1835 3847 2053 3920 scripta

414 3928 537 3980 erat
564 3923 737 3982 etiam
777 3927 1024 3998 epistola
1065 3930 1138 3985 ab
1188 3931 1553 4003 imperatore,
1601 3952 1733 4007 quae
1764 3936 1849 3993 sic
1880 3936 2054 3993 habe-

414 4014 549 4070 bat:
582 4013 836 4071 Deorum
883 4018 1140 4073 maxima
1188 4021 1547 4091 providentia
1589 4041 1787 4082 omnes
1817 4026 2052 4096 quidem

415 4102 704 4172 homines,
738 4104 993 4163 maxime
1042 4111 1238 4165 autem
1278 4111 1391 4166 mei
1432 4111 1660 4183 imperii
1691 4115 1974 4172 satellites
2001 4118 2058 4173 et

416 4191 751 4263 stipatores,
804 4194 863 4250 in
909 4195 1040 4253 illos
1089 4212 1214 4254 esse
1262 4199 1410 4270 pios,
1455 4202 1610 4259 etiis
1655 4220 1880 4271 rursus,
1914 4219 2057 4277 quos

419 4279 508 4336 illi
538 4281 745 4353 dignos
776 4291 1123 4343 censuerunt
1162 4288 1430 4361 imperio,
1467 4290 1593 4347 vult
1622 4292 1877 4365 obedire,
1911 4298 1968 4350 et
1997 4294 2057 4352 in

418 4385 516 4425 eos
548 4386 676 4426 esse
706 4377 871 4443 grato
912 4374 1128 4435 animo.
1169 4377 1477 4450 Propterea
1515 4378 1673 4437 hunc
1702 4382 1967 4455 Sergium
2000 4387 2058 4439 et

418 4458 729 4532 Bacchum,
763 4464 863 4534 qui
893 4464 954 4520 in
986 4466 1126 4523 deos
1168 4466 1407 4538 quidem
1447 4480 1839 4541 apparuerunt
1867 4473 2052 4544 impii,

418 4552 475 4605 et
503 4565 565 4606 se
595 4549 1053 4610 Christianorum
1105 4556 1443 4627 adjunxisse
1486 4557 1774 4632 religioni,
1806 4562 2055 4618 convicti

419 4646 552 4695 sunt
583 4646 775 4696 autem
817 4642 1080 4699 criminis
1109 4643 1322 4716 ingrati
1370 4646 1429 4701 in
1480 4663 1572 4703 me
1617 4648 1822 4716 animi,
1853 4658 1907 4707 et
1931 4652 2053 4722 jam

419 4732 618 4785 nostro
669 4729 970 4798 tribunali,
1021 4734 1079 4788 et
1117 4741 1314 4790 nostra
1353 4737 1782 4794 examinatione
1804 4738 2055 4809 judicati

419 4822 563 4874 sunt
594 4817 843 4891 indigni,
876 4821 986 4876 sub
1014 4823 1308 4879 tutissima
1336 4824 1602 4883 custodia
1630 4835 1684 4882 et
1713 4828 1963 4885 vinculis
1984 4830 2053 4884 ad

418 4909 584 4962 tuam
615 4907 1053 4965 transmisimus
1083 4912 1484 4969 constantiam.
1520 4914 1576 4969 Si
1606 4930 1743 4987 ergo
1775 4917 2055 4988 poeniten-

418 4995 504 5052 tia
559 4997 721 5052 ducti
778 4995 893 5053 diis
950 4998 1421 5070 sacriﬁcaverint,
1483 5002 1787 5060 solvantur
1842 5006 1914 5061 ab
1972 5008 2054 5063 eis

418 5084 715 5155 impositis
758 5086 1026 5156 vinculis,
1066 5092 1124 5145 et
1166 5089 1331 5162 digni
1368 5098 1718 5149 censeantur
1756 5094 1971 5152 honore
2001 5100 2059 5153 et

419 5175 843 5232 benevolentia.
887 5178 1327 5236 Revocabuntur
1367 5182 1525 5238 enim
1558 5200 1764 5242 rursus
1794 5204 1828 5243 a
1857 5190 2059 5243 nostra

422 5263 700 5335 potentia,
734 5264 1131 5339 recipientque
1179 5268 1400 5341 priores
1448 5270 1719 5345 honores,
1753 5279 1854 5330 aut
1882 5275 2055 5331 etiam

420 5354 690 5424 majores,
724 5360 1016 5428 eruntque
1059 5358 1333 5430 deinceps
1371 5359 1432 5416 in
1480 5360 1607 5418 loco
1656 5368 1713 5419 et
1743 5365 1945 5421 ordine
1975 5366 2058 5421 eis

421 5441 804 5500 convenienti.
831 5445 928 5502 Sin
961 5451 1157 5504 autem
1188 5448 1568 5507 immobiliter
1598 5453 1775 5523 priori
1804 5454 2060 5510 haereant

422 5532 749 5604 sententiae,
778 5533 977 5608 legum
1005 5538 1250 5610 subjecti
1290 5539 1411 5596 sint
1440 5542 1785 5612 austeritati,
1807 5544 2060 5621 ipsaque

421 5622 672 5681 essentia
701 5626 758 5683 et
786 5625 902 5683 vita
927 5641 1067 5685 ense
1098 5628 1397 5700 priventur
1436 5646 1571 5687 cum
1604 5631 1755 5689 aliis.
1788 5632 1949 5692 Vale.

2150 3302 2373 3379 Σεργίου
2426 3299 2805 3379 παρειληφώς.
2868 3297 3021 3356 Ἀλλ’
3088 3294 3261 3354 ἔοικεν
3335 3295 3560 3368 ἀληθῶς
3644 3295 3802 3352 οὐδὲν

2151 3392 2324 3454 οὕτως
2373 3390 2707 3465 εὐμάραντον
2754 3388 2908 3459 εἶναι,
2964 3388 3037 3451 ὡς
3117 3387 3432 3462 ἀνθρωπίνη
3506 3389 3675 3462 χάρις
3748 3386 3801 3442 ἓν

2151 3482 2434 3558 ἀχαρίστῳ
2463 3484 2618 3556 ψυχῇ
2668 3481 3005 3559 φυτευθεῖσα,
3036 3478 3210 3540 Οὗτος
3257 3476 3358 3554 γὰρ
3407 3474 3560 3532 οὐδὶν
3608 3474 3800 3550 ἀπομ-

2151 3570 2494 3646 νημονεύσας
2555 3570 2718 3644 μόνον
2775 3568 2960 3631 αὐτοῖς
3005 3575 3106 3638 τῆς
3155 3566 3460 3642 εὐεργεσίας
3492 3564 3686 3644 ἐφάνη,
3728 3567 3801 3627 ὡς

2152 3662 2220 3717 τὰ
2273 3665 2370 3716 τοῦ
2422 3659 2592 3735 λόγου
2640 3658 2906 3734 προϊόντα
2954 3654 3222 3728 δηλώσει,
3262 3654 3409 3711 ἀλλᾶ
3457 3655 3700 3728 καθάπερ
3746 3657 3813 3711 τᾶ

2156 3748 2359 3826 ἔσχατα
2418 3750 2508 3804 ὑπ’
2549 3746 2771 3803 ἐκείνων
2818 3743 3124 3818 ἀδικηθεὶς,
3172 3744 3347 3807 οὕτως
3395 3744 3582 3809 αὐτοῖς
3630 3744 3812 3820 ἐχρή-

2156 3860 2306 3895 σατο·
2366 3840 2455 3893 καὶ
2497 3837 2641 3894 οὕτω
2689 3836 2937 3916 χαλεπὰς
2994 3834 3240 3912 ἐπήγαγε
3272 3833 3565 3909 τιμωρίας.
3598 3835 3805 3907 Ἐπέμη

2155 3952 2323 3986 ποντο
2384 3930 2477 4004 μὶν
2538 3926 2629 3983 οὖν
2676 3929 2727 3982 οἱ
2775 3926 2923 4002 ἅγιοι
2981 3926 3119 4001 πρὸς
3169 3925 3352 3993 αὐτὸν,
3400 3922 3589 3979 ἁλύσει
3622 3924 3817 4000 βαρείᾳ

2158 4017 2458 4093 δεδεμένοι.
2504 4016 2841 4092 Ἐγέγραπτο
2882 4013 2940 4071 δὲ
2996 4014 3145 4088 αὐτῷ
3192 4014 3284 4069 καὶ
3344 4010 3612 4083 ἐπιστολή
3670 4014 3820 4087 παρᾶ

2162 4107 2431 4185 βασιλέως
2517 4104 2722 4182 ἔχουσα
2807 4105 3005 4167 οὓτως.
3060 4105 3124 4162 Ἠ
3200 4107 3307 4158 τῶν
3372 4107 3507 4167 θεῶν
3584 4105 3818 4179 μεγίστη

2157 4198 2411 4273 πρόνοια,
2459 4196 2553 4253 καὶ
2600 4196 2803 4258 πάντας
2873 4195 2967 4269 μὶν
3028 4193 3375 4269 ἀνθρώπους,
3449 4188 3693 4266 μάλιστα
3764 4190 3823 4248 δέ

2159 4286 2288 4351 τοὺς
2331 4293 2430 4356 τῆς
2486 4284 2626 4360 ἒμῆς
2679 4283 2956 4359 βασιλείας
3010 4281 3345 4344 ὑπασπιστάς
3396 4301 3455 4337 τε
3520 4280 3612 4335 καὶ
3662 4278 3824 4356 δορυ.

2162 4377 2384 4455 φόρους,
2444 4370 2679 4437 εὐσεϐεῖς
2745 4394 2804 4429 τε
2859 4373 2925 4427 τὰ
2981 4371 3057 4435 είς
3107 4369 3343 4431 ἐκείνους
3391 4370 3481 4424 καὶ
3542 4375 3660 4432 τοῖς
3733 4370 3826 4426 ὑπ’

2169 4465 2386 4522 ἐκείνων
2439 4463 2603 4521 πάλιν
2660 4462 2854 4540 ἄρχειν
2900 4462 3254 4535 ἠξιωμένοις,
3311 4461 3446 4533 ἡμῖν
3505 4461 3823 4531 πειθηνίους

2090 4529 2300 4610 Ι)εἶναι
2352 4553 2633 4630 βούλεται,
2682 4552 2770 4607 καὶ
2825 4550 3192 4625 εὐγνώμονας.
3244 4547 3341 4603 Διά
3377 4547 3548 4603 ταῦτά
3594 4567 3683 4602 τοι
3733 4547 3826 4602 καὶ

2165 4646 2390 4722 Σέργιον
2420 4646 2615 4698 τοῦτον
2646 4641 2739 4697 καὶ
2767 4641 2869 4718 τὸγ
2884 4640 2996 4734 ξὺν
3026 4640 3176 4711 αὐτῷ
3206 4638 3424 4712 Βάκχον
3474 4631 3693 4699 ἀσεϐεῖς
3728 4636 3824 4711 μὲν

2160 4740 2228 4790 τᾶ
2268 4732 2397 4808 περὶ
2445 4730 2572 4793 τοὺς
2623 4732 2778 4796 θεοὺς
2824 4726 3200 4808 ἀνᾶφανέντας,
3249 4726 3341 4782 καὶ
3387 4730 3456 4802 τῇ
3510 4730 3619 4781 τῶν
3681 4728 3825 4800 Χρι-

2164 4827 2395 4880 στιανῶν
2436 4820 2840 4898 προσθεμένους
2890 4817 3170 4893 θρησκείᾳ,
3220 4814 3345 4892 περῖ
3414 4816 3562 4889 ἡμᾶς
3616 4811 3676 4869 δὲ
3733 4814 3825 4890 ἀγ.

2163 4913 2417 4987 νώμονάς
2456 4932 2515 4966 τε
2559 4911 2650 4966 καὶ
2692 4908 3020 4986 ἀχαρίστους
3080 4903 3507 4982 ἐληλεγμένους,
3535 4902 3628 4960 καί
3677 4907 3826 4981 παρὰ

2161 5002 2324 5059 τοῦτο
2379 5001 2620 5063 πολλαῖς
2670 5000 2961 5076 τιμωρίαις
3015 4993 3396 5068 ὗπυϐληθῆναι
3478 4993 3825 5072 ὀφείλοντας,

2165 5090 2410 5166 ἀναξίους
2472 5089 2582 5162 ἤδη
2631 5090 2728 5146 τοῦ
2787 5088 3065 5164 ἡμετέρου
3116 5088 3369 5163 βήματος
3407 5084 3498 5139 καὶ
3553 5090 3657 5154 τῆς
3696 5086 3829 5160 παρ’

2165 5184 2326 5255 ἡμῶν
2384 5180 2559 5236 αὐτῶν
2620 5179 2906 5252 ἐξετάσεως
2969 5175 3340 5253 νομισθέντας,
3411 5175 3516 5230 ὑπὸ
3582 5172 3823 5252 ἀσφαλε-

2168 5273 2332 5344 στάτη
2385 5273 2595 5347 φρουρᾷ
2640 5268 2730 5324 καὶ
2781 5267 3002 5342 δεσμοῖς
3049 5270 3120 5341 τῇ
3161 5268 3230 5341 σῇ
3288 5262 3607 5339 στερρότητι
3651 5283 3824 5338 παρε-

2164 5363 2473 5436 πέμψαμεν.
2507 5359 2571 5417 Εἰ
2608 5359 2701 5434 μὲν
2761 5357 2853 5413 οὖν
2913 5353 3378 5432 μεταμεληθέντες
3437 5351 3653 5408 θύσειαν
3706 5359 3825 5416 τοῖς

2167 5456 2333 5523 θεοῖς,
2364 5453 2470 5505 τῶν
2522 5446 2736 5523 δεσμῶν
2791 5467 2852 5503 τε
2893 5451 3002 5503 τῶν
3039 5445 3395 5519 ἐπικειμένων
3426 5443 3612 5506 αὐτοῖς
3645 5440 3823 5515 λυθή-

2163 5560 2368 5612 τωσαν,
2411 5540 2501 5595 καὶ
2550 5541 2719 5613 τιμῆς
2765 5537 3151 5608 ἀξιωθήτωσαν
3215 5533 3429 5610 μᾶλλον
3503 5532 3595 5587 καὶ
3657 5531 3824 5606 εὐμε-

2166 5629 2308 5694 νείας
2342 5649 2355 5663 ·
2425 5627 2902 5701 ἀνακληθήσονται
2968 5628 3073 5703 γὰρ
3140 5627 3293 5691 αὖθις
3357 5623 3445 5680 καὶ
3512 5622 3659 5697 παρὰ
3729 5620 3826 5679 τοῦ
