4106 6200
293 305 443 366 1017

1290 306 1774 370 MARTYRIUM
1823 308 1937 370 SS.
1985 308 2242 369 SERGII
2291 309 2389 368 ET
2435 309 2732 370 BACCHI.

3548 309 3702 368 {018

291 463 560 536 ἡμετέρου
607 462 860 532 κράτους
893 462 980 516 καὶ
1020 463 1114 524 τάς
1147 483 1204 518 τε
1251 469 1518 538 προτέρας
1567 463 1952 539 ἀπολήψονται
1983 468 2146 539 τιμὰς
2201 467 2234 535 ἢ
2295 466 2386 520 καὶ
2447 465 2682 538 μείζους,
2743 467 2832 520 καὶ
2883 466 2935 518 ἐν
2976 467 3120 536 τάξτι
3257 467 3608 541 προσηκούσῃ
3642 467 3704 520 τὸ

295 553 484 607 λοιπὸν
537 549 746 606 ἔσονται
829 550 873 604 εἰ
935 548 994 605 δὲ
1031 558 1132 620 τῆς
1187 549 1578 627 προλαϐούσης
1637 555 1982 628 ἀμεταθέτως
2041 551 2265 635 ἔχονται
2321 557 2548 630 γνώμης
2609 559 2678 629 τῇ
2737 555 3101 628 αὐστηρότητι
3159 561 3265 610 τῶν
3319 557 3505 630 νόμων
3563 557 3705 612 ὐπο-

293 639 604 712 ϐληθὲν-τες,
627 643 716 696 καῖ
747 641 878 696 αύτὸ
915 644 1048 715 μετὰ
1069 648 1174 697 τῶν
1209 641 1394 698 ἄλλων
1427 645 1488 700 τὸ
1513 646 1646 700 εἶναι
1667 649 1757 702 καί
1796 649 1858 702 τὸ
1891 653 1988 722 ζῇν
2023 647 2110 703 δια
2138 651 2326 726 ξίφους
2359 647 2828 724 ἀφαιρεοήτῶσαν.
2863 647 3134 720 Ἐρρωσο.

363 741 434 790 8'.
467 734 546 790 Τὰ
589 739 814 788 coax-3m
861 733 1153 807 γραλματα
1206 733 1464 798 λαϐόντες
1505 739 1554 791 οἱ
1589 743 1935 813 στρατιῶται,
1975 744 2032 806 Α

295 823 404 876 εἶτα
459 823 548 876 καὶ
597 825 724 883 τους
773 823 962 897 ἁγίους
1027 821 1438 898 παραλαϐόντες
1493 825 1623 882 ὁδοῦ
1702 827 1944 902 εἷ’χοντο.

296 915 420 968 Τιῖλν
469 912 692 966 οἶκῖτιον
726 911 784 966 δὲ
837 933 997 980 τ.νες,
1037 917 1114 985 τῷ
1159 927 1216 968 τε
1267 915 1445 988 ὁμοίῳ
1496 919 1618 990 περί
1667 919 1764 986 τήν
1797 917 1946 971 εὐσέ-

299 997 446 1054 ὗξεαν
483 1001 636 1072 ζήλῳ
669 1001 756 1056 καὶ
809 1000 873 1068 δὴ
929 1003 1016 1056 καὶ
1069 1003 1204 1077 πρὸς
1261 1004 1390 1066 τοὺς
1451 1004 1713 1068 δεσπότας
1767 1006 1952 1076 εύνοίᾳ

297 1093 660 1162 νενικημένοι,
729 1091 1038 1145 συνείποντο
1103 1093 1192 1146 καὶ
1274 1093 1452 1162 αὐτοὶ,
1557 1097 1794 1169 καθάπερ
1891 1094 1950 1148 ού

302 1183 452 1252 μένῳ
505 1181 571 1233 τὰ
605 1181 832 1251 σώματα
865 1178 1233 1236 δεδουλῶσθαι
1270 1183 1458 1256 μόνον,
1489 1184 1634 1240 ἀλλὰ
1675 1185 1764 1240 καὶ
1797 1186 1953 1256 πόθῳ

296 1269 392 1330 τὰς
462 1269 641 1345 ψυχας
701 1269 1056 1342 βουλόμενοι.
1118 1270 1184 1326 O'i
1238 1274 1325 1327 καὶ
1383 1277 1490 1328 τῶν
1552 1276 1717 1350 ἀγέων
1757 1277 1956 1344 ἤκουον

299 1359 435 1430 πρὸς
483 1356 766 1427 ἀλλήλους
829 1359 1024 1432 μεταξὺ
1090 1360 1616 1438 κοινολογουμένων·
1703 1367 1776 1428 ὼς
1855 1367 1958 1444 ἄρα

298 1455 398 1514 τῆς
429 1447 618 1508 νυκτὸς
676 1449 794 1510 καθ’
852 1445 918 1516 ἤν
961 1456 1061 1518 τῆς
1115 1449 1332 1512 πόλεως
1365 1453 1652 1526 Ῥωμαίων
1709 1455 1956 1530 ἐξῄεσαν,

303 1535 546 1609 Θειοτέρα
602 1555 682 1596 τις
741 1534 865 1610 ὄψις
924 1535 1261 1614 ἐπιφανεῖσα,
1317 1539 1532 1616 θαρρεῖν
1602 1543 1785 1606 αὐτοῖς
1847 1545 1960 1600 ἐκέ-

305 1623 426 1680 λευε
454 1625 548 1679 τὸν
597 1623 800 1700 ἀγῶνα,
845 1625 936 1680 καὶ
985 1630 1394 1703 προθυμότερον
1452 1637 1550 1700 τῆς
1591 1630 1768 1702 καλῆς
1827 1633 1961 1689 ἐκεί-

309 1735 408 1785 νης
467 1711 556 1768 διὰ
623 1717 856 1790 Χριστὸν
907 1711 1126 1791 ἔχεσθαι
1183 1721 1430 1792 πορείας.
1465 1722 1558 1776 Διὸ
1615 1722 1704 1776 καὶ
1756 1724 1858 1778 ὑπὸ
1896 1723 1964 1798 τῇ

307 1803 494 1860 ἁλύσει
525 1809 592 1878 τῇ
635 1802 833 1878 σιδηρᾷ
882 1805 1160 1879 βαίνοντες
1219 1808 1414 1864 ἐκεῖνοι
1447 1811 1534 1864 καὶ
1565 1817 1682 1874 τοῖς
1716 1809 1960 1886 δεσμοῖς,

305 1893 532 1955 ἀλύπως
568 1895 686 1966 μεθ’
715 1891 920 1963 ἡδονῆς
946 1895 1215 1970 ἔψαλλον.
1246 1899 1332 1953 Ἐν
1365 1902 1431 1972 τῇ
1475 1897 1587 1972 ὁδῷ
1615 1905 1722 1955 τῶν
1761 1923 1961 1974 μαρτυ-

311 1981 439 2057 ρίων
485 2002 580 2035 σου
637 1979 988 2060 ἐτέρφθημεν,
1043 1984 1226 2060 Κύριε,
1261 1987 1336 2048 ὡς
1385 1987 1468 2042 ἐπὶ
1523 1989 1682 2043 παντὶ
1715 1989 1961 2064 πλούτῳ·

2127 741 2219 797 ΙΧ.
2254 743 2398 796 Cum
2453 743 2554 797 has
2605 742 2826 796 litteras
2859 747 2914 796 et
2944 747 3180 796 sanctos
3231 742 3386 796 viros
3437 742 3704 812 accepis-

2057 835 2188 886 sent
2219 831 2456 900 milites,
2487 831 2638 886 viam
2672 835 2808 886 sunt
2839 830 3106 902 ingressi.
3132 829 3378 894 Quidam
3415 837 3607 885 autem
3640 847 3708 884 ex

2059 919 2314 988 famulis,
2347 925 2405 975 et
2434 919 2610 976 simili
2657 920 2777 976 zelo
2807 919 2866 974 in
2893 919 3189 992 pietatem,
3237 923 3292 976 et
3329 921 3388 974 in
3437 919 3710 974 dominos

2061 1009 2194 1065 victi
2247 1009 2664 1080 benevolentia,
2709 1026 2806 1066 eos
2843 1025 3078 1082 quoque
3125 1013 3261 1065 sunt
3306 1007 3508 1076 secuti,
3539 1007 3710 1079 quasi

2063 1117 2177 1155 non
2211 1115 2452 1169 corpora
2483 1099 2672 1156 solum
2707 1099 2840 1172 legi,
2866 1100 2963 1156 sed
2997 1100 3171 1156 etiam
3203 1099 3427 1155 animas
3457 1097 3714 1155 volentes

2063 1189 2179 1246 Deo
2211 1189 2446 1245 servire.
2480 1189 2586 1254 Qui
2617 1190 2791 1246 etiam
2846 1189 3157 1245 audierunt
3205 1191 3442 1244 sanctos
3475 1191 3628 1244 inter
3660 1202 3722 1242 se

2066 1277 2485 1349 colloquentes,
2518 1283 2574 1335 et
2603 1279 2883 1346 dicentes,
2917 1279 3072 1350 quod
3119 1283 3309 1348 nocte,
3344 1294 3460 1349 qua
3496 1275 3716 1348 egressi

2067 1371 2203 1423 sunt
2234 1383 2264 1423 e
2295 1367 2524 1424 civitate
2554 1369 2968 1435 Romanorum,
3002 1367 3200 1424 divina
3243 1368 3508 1437 quaedam
3543 1382 3718 1438 appa-

2068 1473 2201 1514 rens
2233 1457 2376 1514 visio
2400 1457 2582 1529 jussit
2610 1475 2708 1516 eos
2740 1459 3052 1530 conﬁdere,
3084 1466 3138 1515 et.
3169 1459 3320 1514 bono
3351 1473 3477 1513 esse
3521 1455 3720 1511 animo

2071 1549 2140 1604 ad
2200 1553 2516 1616 certamen,
2577 1553 2634 1604 et
2690 1548 2960 1606 alacriter
3033 1549 3257 1620 ingredi
3337 1548 3552 1604 bonum
3611 1544 3721 1600 iter

2071 1643 2304 1710 propter
2346 1638 2665 1694 Christum.
2700 1639 3082 1704 Quamobrem
3133 1637 3240 1694 etsi
3289 1639 3488 1692 essent
3535 1635 3724 1692 ferrea

2071 1727 2170 1782 illa
2193 1727 2368 1782 vincti
2403 1729 2626 1798 catena,
2650 1727 2794 1783 citra
2826 1727 3155 1784 molestiam
3181 1731 3235 1782 et
3265 1741 3400 1781 cum
3434 1724 3725 1795 voluptate

2071 1815 2402 1888 psallebant
2428 1833 2440 1870 :
2469 1816 2533 1872 In
2564 1817 2658 1872 via
2687 1816 3156 1872 testimoniorum
3189 1823 3422 1872 tuorum
3454 1810 3728 1869 delectati

2073 1922 2298 1974 sumus,
2331 1905 2592 1974 Domine,
2625 1909 2908 1978 tanquam
2957 1905 3016 1960 in
3067 1903 3341 1960 omnibus
3387 1901 3626 1958 divitiis.
3659 1901 3726 1956 In

2070 1993 2582 2066 justiﬁcationibus
2635 1995 2751 2051 luis
2795 1995 3060 2052 meditati
3089 2011 3322 2062 sumus,
3353 1998 3409 2049 et
3435 1992 3580 2064 legis
3611 1994 3725 2045 tute

309 2073 396 2128 Ἐν
425 2076 544 2134 τοῖς
602 2070 931 2145 δικαιώμασί
987 2095 1082 2129 σου
1115 2077 1490 2152 μελετήσομεν
1521 2080 1612 2134 καὶ
1663 2085 1758 2134 τοῧ
1791 2082 1963 2154 νόμου

476 2161 488 2180 ν
591 2161 606 2180 Ί
682 2160 700 2180 Ν
795 2163 820 2180 Α
913 2167 924 2180 Ι
1011 2175 1027 2180 Α
1140 2167 1194 2180 In
1325 2173 1348 2180 ..ι
1431 2167 1444 2180 1
1547 2169 1565 2180 ι
1619 2177 1642 2180 _.
1843 2168 1894 2180 ιι

2086 2102 2188 2140 non
2225 2101 2433 2140 sumus
2473 2083 2655 2140 obliti.
2681 2083 2742 2140 In
2777 2083 3068 2140 mandatis
3083 2084 3202 2140 tuis
3225 2079 3728 2148 meditabimur,et

310 2181 404 2215 σου
435 2161 532 2216 ούκ
588 2160 1089 2236 ἐπιλησϐησόμεοα.
1139 2167 1224 2222 Ἐν
1256 2173 1376 2229 ταῖς
1427 2167 1670 2231 ἐντολαῖς
1701 2192 1799 2225 σου
1831 2168 1961 2224 ἀδο-

309 2248 674 2326 λεσχήσομεν,
715 2251 805 2306 καὶ
863 2251 1236 2326 ἐκζητήσομεν
1293 2255 1389 2317 τὰς
1425 2255 1586 2322 ὁδούς
1641 2281 1755 2315 σου.
1792 2259 1934 2330 Ζησό

312 2341 446 2410 μεοα
475 2339 564 2394 καὶ
595 2338 904 2418 φυλὰξομεν
933 2343 1060 2403 τοὺς
1107 2341 1310 2419 λόγους
1355 2366 1471 2402 σου.
1507 2352 1683 2402 Πᾶσαν
1715 2349 1810 2404 οὖν
1867 2350 1964 2418 τὴν

310 2426 434 2483 ὁδὸν
491 2428 696 2500 ἐκείνην
747 2429 962 2494 ἀπόνως
1005 2431 1309 2498 ἀνύσαντες,
1369 2429 1419 2488 ἕν
1461 2457 1568 2490 τινι
1619 2433 1965 2512 Βαρϐα).ησὼ

308 2517 470 2573 πόλει
519 2525 618 2588 τῆς
699 2520 1058 2592 Λιμητα-ιέων
1143 2520 1301 2598 ἐγγὺς
1394 2527 1736 2598 κατάγονται.
1804 2529 1970 2583 Ἐνοα

311 2603 649 2680 διατρίϐοντι
679 2608 758 2678 τῷ
801 2605 952 2663 δουκὶ
987 2611 1331 2682 παρέστησαν
1367 2614 1661 2690 Ἀντιόχῳ.
1693 2617 1970 2691 χαρίεντες

317 2697 408 2768 μὲν
443 2695 534 2751 καὶ
593 2693 812 2774 φαιδροί
869 2699 968 2766 τήν
1030 2695 1178 2772 ὅφιν,
1213 2701 1311 2768 τὴν
1343 2699 1400 2756 δὲ
1439 2709 1539 2772 τῆς
1597 2707 1783 2779 ψυχῆς
1829 2704 1971 2780 εὖγε-

312 2807 452 2841 νειαν
480 2791 558 2857 τῷ
613 2791 710 2841 τοῦ
740 2787 907 2855 ἤθους
937 2789 992 2842 εὖ
1049 2788 1200 2861 μάλα
1250 2787 1640 2854 διαδεικνύντες
1677 2793 1972 2866 ἐλευθερίῳ

317 2875 540 2948 Ἀμέλει
570 2876 660 2930 καὶ
692 2877 744 2930 οἳ
773 2881 882 2931 τῶν
911 2880 1290 2954 περιεστώτων
1341 2881 1618 2956 ὀφθαλμοὶ
1679 2887 1778 2952 τῆς
1842 2883 1976 2938 ἐκεί-

315 2987 421 3020 νων
456 2964 574 3027 Οέας
607 2965 753 3028 ὅλως
804 2963 1122 3042 ἕξήρτηντο·
1155 2969 1244 3022 καὶ
1293 2968 1418 3024 οὐδὲ
1445 2969 1644 3044 ῥᾳδίως
1673 2973 1764 3028 ἀπ’
1795 2975 1973 3028 αὐτῶν

326 3054 652 3130 ἀφίστασθαι
701 3051 927 3124 ἤθελον,
985 3055 1112 3110 ἀλλ’
1159 3055 1384 3122 ἐκτενῶς
1435 3059 1508 3122 εἷς
1541 3060 1734 3124 αὐτοὺς
1765 3063 1973 3138 ἑώρων,

330 3143 422 3198 καὶ
448 3143 676 3220 γλυκεῖά
703 3166 788 3207 τις
817 3147 950 3214 ἦσσν
981 3148 1189 3220 Θεάτρῳ
1219 3151 1549 3228 πανήγυρις.

405 3233 460 3288 l'.
495 3234 830 3308 Θεασάμενος
889 3235 1066 3290 τοίνυν
1133 3238 1324 3300 αὐτοὺς
1383 3238 1532 3302 ὅπως
1586 3242 1736 3316 εἶχον
1769 3243 1796 3296 ὁ
1831 3240 1975 3312 δοὺξ,

329 3321 440 3378 εἶτα
471 3322 556 3376 καὶ
588 3324 651 3377 τὰ
689 3323 956 3397 βασιλέως
1016 3325 1276 3399 ἀναγνοὺς
1330 3329 1648 3403 γράμματα,
1693 3335 1822 3409 σιγῇ
1862 3335 1977 3387 καθ’

329 3411 520 3468 ἑαυτὸν
580 3413 942 3488 ἀπεθαύμαζε’
1001 3416 1093 3471 καὶ
1150 3415 1318 3472 πάλιν
1386 3421 1585 3482 αὐτοὺς
1661 3419 1980 3486 ἐπανεθεᾶτο

333 3501 474 3577 μέγα
501 3523 555 3557 τι
613 3503 700 3558 καὶ
739 3505 922 3558 καινὸν
977 3506 1106 3560 εἶναι
1167 3507 1442 3579 οἰόμενος,
1501 3509 1650 3571 ὅπως
1705 3512 1780 3574 εἷς
1823 3517 1982 3567 τοῦτο

2073 2173 2444 2246 exquiremus
2493 2173 2616 2230 vias
2676 2181 2826 2230 tuas.
2880 2173 3180 2242 Vivamus,
3226 2179 3282 2228 et
3331 2169 3728 2226 custodiemus

2073 2283 2372 2322 sermones
2421 2269 2572 2321 tuos.
2619 2265 2762 2321 Cum
2821 2281 2950 2335 ergo
3001 2267 3188 2320 totum
3235 2261 3380 2318 illud
3432 2261 3542 2318 iter
3581 2259 3729 2314 citra

2075 2357 2328 2412 laborem
2361 2356 2770 2422 confecissent,
2801 2356 3169 2412 diversantur
3197 2353 3257 2410 in
3290 2350 3540 2424 quadam
3581 2349 3728 2406 civi—

2077 2449 2216 2512 tate,
2263 2445 2499 2501 nomine
2551 2444 2878 2514 Barbalcso,
2911 2461 3086 2517 prope
3139 2443 3438 2516 regionem
3489 2439 3731 2494 Limite-

2079 2550 2342 2590 neorum.
2361 2535 2484 2598 Quo
2511 2533 2720 2590 inloco
2743 2549 2873 2589 cum
2901 2535 3020 2588 dux
3041 2535 3366 2588 versaret-ur
3387 2527 3734 2594 Antiochus,

2082 2627 2213 2678 ante
2236 2639 2368 2678 eum
2397 2627 2539 2679 sunt
2563 2623 2852 2695 producti,
2877 2621 2992 2678 leti
3016 2621 3248 2694 quidem
3273 2623 3328 2674 et
3349 2617 3508 2674 vultu
3533 2615 3739 2684 alacri,

2082 2713 2260 2770 animi
2311 2718 2506 2770 autem
2561 2713 2920 2770 nobilitatem
2973 2710 3312 2768 liberalibus
3362 2707 3736 2764 ostendentes

2085 2803 2362 2859 moribus.
2387 2807 2596 2860 Eorum
2627 2803 2846 2872 itaque,
2873 2801 2974 2875 qui
3007 2801 3166 2873 ipsos
3199 2796 3732 2859 circumsistebant,

2085 2892 2234 2948 oculi
2265 2895 2429 2947 erant
2477 2907 2682 2947 omnes
2740 2891 2800 2946 in
2862 2906 2960 2948 eos
3019 2888 3305 2960 conjecti:
3343 2891 3398 2942 et
3429 2901 3534 2941 nec
3567 2883 3736 2938 facile

2087 2981 2462 3052 desistebant,
2497 2983 2596 3037 sed
2632 2981 2799 3038 ﬁrmo
2829 2984 2885 3036 et
2917 2980 3142 3036 intento
3192 2977 3400 3035 obtutu
3457 2991 3555 3032 eos
3587 2971 3740 3045 aspi-

2088 3069 2318 3126 ciebant
2342 3085 2356 3136 ;
2381 3073 2666 3141 erantque
2689 3068 2798 3140 ipsi
2832 3067 3058 3125 theatro
3083 3065 3412 3138 jucundum
3445 3062 3738 3135 quoddam

2089 3159 2519 3232 spectaculum.

2159 3247 2222 3304 X.
2285 3249 2421 3305 Cum
2480 3265 2576 3304 eos
2633 3263 2768 3320 ergo
2827 3247 3070 3304 vidisset
3139 3246 3256 3302 dux
3327 3242 3613 3316 quomodo
3682 3257 3743 3297 se

2091 3338 2390 3404 haberent,
2426 3341 2482 3392 et
2514 3337 2724 3392 deinde
2753 3337 2929 3392 etiam
2961 3334 3202 3406 legisset
3232 3333 3460 3390 litteras
3491 3331 3742 3403 impera-

2091 3428 2256 3496 toris,
2287 3428 2498 3483 tacitus
2547 3427 2697 3498 apud
2745 3443 2806 3482 se
2854 3427 3276 3496 admirabatur,
3307 3429 3364 3480 et
3402 3440 3500 3480 eos
3537 3437 3740 3478 rursus

2093 3516 2615 3589 contemplabatur,
2638 3531 2912 3588 magnum
2939 3515 3076 3587 quid
3109 3531 3240 3572 esse
3269 3517 3326 3570 et
3358 3527 3568 3570 novum
3599 3511 3748 3567 exis-

329 3591 712 3665 γενναιότητος
741 3613 800 3646 τε
845 3593 934 3647 καὶ
977 3593 1194 3668 τόλμης
1227 3595 1423 3666 ἦλθον,
1466 3598 1539 3660 ὡς
1569 3600 1658 3653 καὶ
1699 3599 1974 3656 κολάσεων

2093 3608 2330 3675 timens,
2363 3605 2520 3677 quod
2552 3605 2622 3660 ad
2655 3609 2872 3661 tantam
2919 3605 3338 3676 processissent
3385 3601 3562 3658 animi
3607 3617 3742 3656 ma-

331 3679 424 3732 καὶ
465 3679 706 3734 ἀπειλῶν
738 3681 826 3736 καὶ
869 3681 1028 3753 δόξης
1077 3685 1166 3739 καὶ
1227 3683 1392 3740 αὐτοῦ
1451 3684 1516 3756 δὴ
1575 3693 1980 3764 καταφρονὴσαι

333 3773 430 3823 τοῦ
493 3769 764 3842 βασιλέως
813 3773 903 3826 καὶ
961 3774 1085 3848 περῖ
1143 3773 1439 3851 ἐλαχίστου
1471 3779 1648 3832 Οέσϐαι
1680 3781 1772 3834 τὸν
1830 3781 1983 3834 θανα-

331 3878 446 3913 τον.
479 3859 584 3915 Τὸν
614 3865 714 3927 τῆς
771 3861 969 3930 τάξεως
1029 3859 1084 3916 δὲ
1131 3863 1289 3936 ’ὅμως
1339 3869 1771 3942 κομενταρτξσιον
1831 3868 1987 3924 καλέ-

333 3967 446 4014 σας,
503 3947 638 4009 Τοὺς
695 3945 950 4020 δεσμίους
1005 3951 1253 4022 τούτους,
1310 3949 1436 4032 ἔφη,
1477 3955 1836 4030 παραλαϐὼν,
1881 3959 1984 4014 ὑπὸ

331 4041 540 4114 φρουρᾷ
597 4037 692 4110 μὲν
743 4039 898 4112 τήρει
951 4061 1044 4112 μοι
1094 4045 1162 4115 τῇ
1217 4041 1637 4120 ἀσφαλεστάτῃ·
1671 4045 1818 4114 πλὴν
1857 4045 1984 4120 μηδ’

333 4128 512 4181 ὁτιοῦν
563 4124 881 4202 λυπηρὸνῆ
949 4125 1259 4200 ἀϐούλητον
1323 4133 1713 4206 ὑπομένοντας·
1777 4135 1985 4212 ὄψομαι

335 4217 438 4292 γὰρ
495 4217 588 4270 καὶ
641 4216 716 4278 είς
767 4215 1022 4292 δευτέραν
1077 4220 1276 4284 αὐτοὺς
1333 4219 1589 4292 ἐξέτασιν.
1658 4227 1827 4282 Οὗτοι
1890 4229 1982 4302 μὲν

335 4307 450 4376 οὖν,
481 4309 619 4364 κατὰ
647 4310 708 4364 τὸ
739 4307 934 4371 δουκὸς
966 4310 1293 4389 πρόσταγμα
1323 4311 1374 4369 ἒν
1411 4319 1490 4388 τῷ
1547 4317 1781 4395 ἀσφαλεῖ
1835 4321 1987 4376 κλει-

337 4397 546 4461 σῇἐντες
603 4405 704 4468 τῆς
761 4398 1008 4474 φυλακῆς
1075 4401 1300 4477 ἑσπέρας
1377 4403 1820 4482 καταλαϐούσης,
1910 4413 1986 4474 εἰς

334 4487 647 4562 προσευχὴν
711 4489 934 4552 ἑαυτοὺς
1007 4491 1246 4560 ἀνῆκαν·
1317 4491 1758 4576 Ἐπίίῖλεσξιονἐς)ν
1815 4503 1985 4574 ἡμᾶς,

340 4576 606 4653 λέγοντες.
669 4577 719 4648 ἐξ
805 4579 962 4654 ἆγίου
1038 4602 1156 4648 σου,
1217 4581 1478 4654 Δέσποτα,
1535 4591 1985 4666 κατοικητηρίου·

333 4667 416 4722 ὅτι
478 4668 506 4722 ὁ
562 4665 758 4742 ἒχθρὸς
826 4667 1102 4724 ὠνείδισεν
1151 4673 1297 4744 ἡμᾶς
1331 4669 1418 4728 διὰ
1453 4675 1515 4729 τὸ
1549 4678 1636 4730 σὸν
1671 4677 1866 4753 ὄνομα,
1897 4681 1986 4736 καὶ

337 4754 469 4817 λαὸς
511 4757 696 4831 δίφρων
755 4759 1038 4832 παρώξυνε
1091 4759 1154 4814 τὸ
1213 4755 1386 4834 ὄνομα
1426 4784 1520 4818 σου
1559 4765 1620 4820 τὸ
1675 4765 1854 4842 ἅγιον·
1897 4767 1988 4823 καὶ

341 4845 416 4932 μή
471 4842 730 4932 παραδῷς
783 4844 1088 4920 ἀνθρώποις
1139 4849 1340 4922 θηρίων
1391 4849 1748 4928 ἂγριωτέροις
1807 4855 1988 4932 ψυχᾶς

2087 3695 2480 3769 gnitudinem,
2513 3699 2574 3750 ut
2605 3697 2659 3750 et
2691 3692 3005 3766 supplicia,
3037 3697 3096 3748 et
3125 3694 3342 3762 minas,
3373 3695 3431 3747 et
3477 3687 3746 3762 gloriam,

2090 3789 2147 3840 et
2201 3785 2394 3856 ipsum
2453 3783 2626 3839 etiam
2703 3783 3066 3854 despicerent
3133 3781 3573 3854 imperatorem,
3628 3778 3743 3832 imo

2089 3878 2332 3932 mortem
2365 3889 2599 3945 quoque
2631 3873 2862 3928 minimi
2913 3873 3188 3930 facerent.
3221 3869 3509 3928 Accersito
3541 3870 3738 3924 autem

2090 3961 2594 4020 commentariensi
2621 3981 2634 4018 :
2666 3961 2896 4033 Accipe,
2930 3961 3142 4034 inquit,
3175 3961 3284 4017 hos
3312 3959 3558 4024 vinctos,
3589 3961 3646 4012 et
3681 3957 3738 4010 in

2090 4053 2353 4109 custodia
2385 4053 2618 4124 quidem
2650 4067 2814 4108 serva
2833 4050 3150 4119 tutissima,
3177 4048 3324 4106 nihil
3345 4051 3539 4105 autem
3567 4061 3740 4118 grave

2093 4147 2192 4198 aut
2257 4141 2571 4198 molestum
2650 4141 3047 4198 sustinentes:
3107 4155 3206 4196 eos
3281 4137 3434 4194 enim
3510 4151 3738 4192 reservo

2093 4231 2524 4288 examinationi.
2562 4235 2745 4302 Atque
2774 4231 2814 4286 ii
2846 4229 3084 4303 quidem
3117 4231 3288 4302 jussu
3332 4227 3496 4284 ducis
3526 4226 3587 4281 in
3617 4229 3746 4280 tuta

2091 4321 2306 4376 inclusi
2355 4320 2643 4388 custodia,
2705 4335 2840 4376 cum
2897 4319 3152 4376 venisset
3201 4333 3458 4388 vespera,
3519 4315 3746 4386 seipsos

2094 4409 2384 4466 dederunt
2432 4409 2719 4465 orationi:
2751 4409 2998 4480 Adspice
3031 4409 3103 4464 ad
3147 4423 3270 4478 nos,
3315 4408 3589 4472 dicentes,
3621 4403 3742 4460 Do-

2097 4499 2274 4567 mine,
2307 4514 2335 4554 e
2367 4503 2568 4554 sancto
2599 4501 2699 4554 tuo
2749 4497 3119 4553 habitaculo:
3153 4496 3428 4567 quoniam
3469 4493 3743 4549 inimicus

2095 4604 2204 4644 nos
2252 4587 2480 4660 probris
2529 4587 2738 4656 affecit,
2772 4591 2828 4642 et
2861 4587 3108 4659 populus
3160 4585 3444 4658 insipiens
3491 4582 3742 4638 irritavit

2097 4693 2306 4733 nomen
2365 4684 2630 4732 sanctum
2691 4683 2878 4732 tuum.
2913 4676 2982 4732 Et
3031 4691 3100 4732 ne
3151 4676 3344 4732 tradas
3405 4670 3742 4728 hominibus

2097 4765 2234 4822 feris
2282 4765 2734 4822 immanioribus
2784 4765 3010 4822 animas
3055 4765 3162 4821 tibi
3208 4763 3596 4822 conﬁtentes:
3639 4761 3739 4816 sed

2097 4855 2288 4926 aspice
2355 4857 2424 4910 ad
2483 4859 2898 4911 testamentum
2971 4863 3157 4924 tuum,
3215 4859 3272 4910 et
3327 4853 3559 4922 suscipe
3615 4865 3746 4918 nos,

339 4931 838 5008 ἐξομολογουμὲνα.
878 4955 980 4990 σοι’
1025 4935 1154 4991 ἀλλ’
1185 4934 1482 5014 ἐπίϐλεψον
1533 4943 1607 5004 εἷς
1637 4945 1734 5013 τὴν
1789 4931 1974 5017 διασή-

2099 4943 2364 5010 Domine,
2423 4947 2479 4999 et
2535 4943 2760 5000 redime
2816 4959 2922 5000 nos
2981 4947 3218 5016 propter
3273 4959 3486 4998 nomen
3553 4944 3744 4996 tuum.

337 5041 438 5091 κην
468 5043 585 5091 σου,
625 5023 718 5077 καὶ
775 5021 1072 5081 ἀντιλαϐοὖ
1111 5029 1295 5100 ἡμῶν,
1329 5029 1512 5104 Κύριε,
1571 5033 1660 5086 καὶ
1711 5031 1987 5110 λύτρωσαι

336 5111 484 5183 ἡμᾶς
540 5105 714 5166 ἕνεκεν
745 5117 843 5168 τοῦ
902 5115 1174 5188 ὀνόματός
1216 5137 1332 5170 σου”
1393 5117 1474 5174 ὅτι
1535 5122 1568 5189 ἡ
1621 5105 1988 5202 ὑπερήερανεια

337 5203 446 5254 τῶν
507 5201 811 5274 μισούντων
877 5225 955 5274 σε,
1014 5203 1233 5280 γέγονεν
1293 5205 1376 5282 ἐφ’
1432 5210 1580 5280 ἡμᾶς
1636 5201 1854 5286 ἲσχυρᾶ.
1891 5220 1988 5268 Και

337 5295 438 5358 τῆς
485 5289 653 5360 εὐχῆς
701 5289 810 5362 ἤδη
856 5291 1224 5366 τελεσθείσης,
1280 5295 1459 5370 βραχὺ
1508 5298 1642 5372 πρὸς
1674 5301 1838 5356 ὕπνον
1869 5300 1992 5358 δια-

335 5377 610 5452 τραπεῖσιν
669 5379 896 5456 ἄγγελος
965 5384 1152 5448 αὐτοῖς
1218 5384 1456 5454 ἐπιστὰς,
1525 5385 1674 5460 ἡλίῳ
1735 5391 1830 5462 μὲν
1889 5393 1988 5462 τὴν

342 5467 560 5540 μορφὴν
627 5467 842 5538 ἐοικὼς,
913 5469 1141 5548 φαιδρὸν
1201 5469 1257 5528 δὲ
1287 5473 1376 5528 καὶ
1433 5480 1534 5544 τῆς
1567 5475 1793 5550 ἐσθῇτος
1825 5477 1990 5548 αὑτῆς

337 5554 696 5628 ἀπολάμπον,
765 5565 1040 5637 Θαρσεῖτε,
1101 5563 1234 5638 φησί
1291 5565 1425 5636 πρὸς
1511 5565 1727 5636 αὐτοὺς,
1789 5568 1841 5622 οἱ
1895 5573 1991 5622 τοῦ

337 5649 582 5720 Χριστοῦ
632 5645 846 5723 δοῦλοι,
878 5650 966 5705 καὶ
1020 5651 1097 5724 μὴ
1149 5649 1418 5727 φοϐεῖσθε·
1454 5650 1659 5728 ἑδραῖοι
1694 5653 1748 5710 δὲ
1782 5656 1993 5730 μᾶλλον

2098 5035 2380 5100 Quoniam
2430 5035 2707 5108 superbia
2758 5051 2980 5104 eorum,
3015 5036 3114 5106 qui
3145 5043 3197 5091 te
3231 5035 3498 5100 oderunt,
3529 5033 3588 5087 in
3639 5049 3747 5088 nos

2099 5126 2281 5180 evasit
2323 5123 2634 5181 vehemens
2665 5141 2730 5180 ac
2760 5133 2984 5196 potens.
3018 5123 3270 5180 Peractis
3318 5127 3512 5179 autem
3558 5121 3747 5193 preci-

2099 5213 2225 5279 bus,
2249 5229 2380 5268 cum
2404 5215 2473 5269 ad
2507 5230 2778 5270 somnum
2811 5218 3008 5270 essent
3037 5213 3320 5282 conversi,
3342 5213 3426 5268 eis
3456 5229 3742 5284 apparens

2101 5303 2366 5376 angelus,
2389 5303 2498 5360 soli
2529 5303 2760 5374 quidem
2793 5303 2980 5359 forma
3009 5303 3236 5371 similis,
3259 5306 3316 5358 et
3346 5319 3410 5358 ex
3442 5301 3567 5374 ipsa
3599 5317 3742 5374 quo-

2103 5407 2214 5462 que
2243 5401 2399 5448 veste
2439 5391 2628 5447 letum
2682 5391 3050 5462 splendorem
3101 5391 3405 5448 amittens:
3438 5390 3746 5456 Confidite,

2103 5481 2186 5537 eis
2218 5481 2380 5552 dixit,
2411 5479 2558 5538 servi
2591 5479 2824 5548 Christi,
2867 5485 2924 5536 ct
2972 5481 3150 5537 nolite
3193 5481 3430 5548 timere;
3457 5481 3556 5537 sed
3599 5485 3748 5535 state

2105 5571 2256 5626 ﬁrmi
2306 5573 2362 5625 et
2407 5569 2650 5627 stabiles
2701 5571 2760 5627 in
2808 5570 3042 5628 Domini
3101 5569 3282 5628 nostri
3335 5572 3471 5628 Jesu
3533 5569 3747 5626 Christi

2105 5659 2488 5716 confessione.
2507 5662 2527 5716 Ι
2535 5675 2634 5732 pse
2649 5659 2806 5718 enim
2823 5663 2909 5718 est
2921 5660 3228 5730 vobiscum,
3247 5659 3516 5718 defensor
3531 5663 3739 5720 vester.
