4106 6200
369 245 522 306 1019

1708 248 1989 311 MENSIS
2035 246 2416 310 OCTOBER.

3619 249 3643 306 1
3660 246 3782 306 020

368 408 466 461 Ille
517 405 747 476 quidem
798 406 917 462 haec
975 407 1136 462 dixit.
1179 407 1265 463 Illi
1326 412 1519 463 autem
1579 425 1710 465 cum
1741 424 1771 464 e
1803 423 2005 465 somno

2145 426 2169 459 ν
2201 412 2267 475 τῆ
2300 406 2436 479 πρὸς
2466 405 2556 460 τὸν
2608 403 2804 480 Κύριον
2838 405 2999 475 ἡμῶν
3031 404 3245 474 Ἰησοῦν
3292 405 3517 477 Χριστὸν
3560 403 3779 477 ὁμολο-

364 496 614 551 fuissent
659 496 910 563 excitati,
946 504 997 550 et
1030 497 1180 551 inter
1228 514 1310 565 se,
1352 502 1409 552 et
1440 498 1691 565 famulis,
1724 498 1820 569 qui
1870 515 2001 554 cum

365 587 448 641 eis
478 586 877 653 versabantur,
907 586 1224 655 angelicam
1274 587 1429 643 illam
1488 594 1793 644 narrarunt
1834 589 2007 646 visio-

364 692 520 730 nem.
556 675 623 729 Et
656 691 788 730 cum
822 680 1019 732 essent
1050 676 1283 732 illorum
1332 677 1507 733 animi
1559 695 1758 734 rursus
1807 678 2009 749 repleti

365 763 599 829 ﬁducia,
642 764 754 819 laeti
805 765 1137 837 psallebant
1188 766 1423 837 singuli.
1461 789 1484 818 α
1531 769 1617 822 Ad
1668 768 2006 835 Dominum,

365 871 496 912 cum
527 854 860 919 tribularer,
894 855 1136 909 clamavi
1166 872 1179 911 :
1212 862 1269 911 et
1298 857 1593 912 exaudivit
1626 873 1715 912 me
1747 858 1817 913 de
1852 874 2014 912 mon-

366 949 421 1000 te
449 948 650 1000 sancto
682 960 805 999 suo.
836 943 952 1015 Ego
984 945 1248 1016 dormivi,
1281 950 1338 1001 et
1368 952 1671 1017 separatus
1719 963 1870 1003 sum.
1900 949 2012 1001 Ex-

369 1033 616 1101 surrexi,
675 1033 951 1105 quoniam
1022 1034 1303 1089 Dominus
1369 1051 1461 1091 me
1519 1036 1844 1107 suscipiet:
1898 1053 2011 1092 non

372 1123 585 1178 timebo
618 1140 651 1176 a
682 1122 938 1177 millibus
978 1123 1198 1193 populi,
1233 1124 1331 1195 qui
1368 1140 1459 1180 me
1498 1125 1558 1181 in
1597 1125 1795 1181 orbem
1846 1125 2013 1181 inva-

373 1214 540 1268 dunt.
574 1213 779 1279 Surge,
811 1211 1075 1279 Domine,
1111 1229 1271 1269 serva
1313 1230 1423 1269 me.
1458 1216 1743 1280 Quoniam
1792 1219 1893 1270 tua
1932 1219 2017 1270 est

374 1303 555 1369 salus,
584 1307 640 1358 et
677 1318 852 1374 super
894 1304 1170 1374 populum
1222 1308 1384 1360 tuum
1430 1305 1756 1362 benedictio
1790 1307 1949 1361 tua‘.
1986 1327 2015 1355 ››

447 1554 546 1612 XI.
579 1556 787 1613 Statim
815 1573 949 1631 ergo
981 1576 1191 1618 sumno
1226 1579 1411 1633 mane,
1443 1565 1558 1620 dux
1588 1564 1823 1636 quidem
1854 1566 2021 1622 sede-

380 1645 477 1701 bat
532 1645 590 1701 in
648 1647 870 1703 excelso
943 1651 1280 1706 tribunali:
1340 1656 1391 1708 ei
1453 1660 1646 1709 autem
1714 1655 2024 1711 assistebat

2115 494 2206 568 γίᾳ
2259 501 2439 564 στῆτε’
2500 494 2657 556 αὐτὸς
2712 496 2814 568 γὰρ
2884 493 2996 549 ἐστι
3048 495 3164 566 μεθ’
3226 494 3380 566 ὑμῶν
3412 492 3779 565 ἂντιλήπτωρ

2118 586 2290 657 ὑμῶν.
2324 585 2385 642 Ὀ
2439 586 2531 656 μὲν
2593 582 2658 653 δὴ
2714 588 2881 638 ταῦτα
2940 584 3056 638 εἶπε
3091 602 3102 615 ·
3136 586 3232 637 τοῦ
3281 584 3453 637 ὕπνου
3497 579 3555 636 δὲ
3588 580 3777 636 διανα-

2119 675 2332 735 στάντες
2386 674 2603 740 ἐκεῖνοι,
2635 672 2908 743 ἀλλήλοις
2966 694 3023 727 τε
3073 672 3303 734 καὶτοῖς
3345 674 3595 725 συνοῦσιν
3631 670 3780 725 ciri-

2116 783 2235 824 ταις
2289 764 2388 830 τὴν
2451 759 2747 836 ἀγγελικὴν
2818 759 3025 831 ἐκείνην
3089 758 3424 833 διηγήσαντο
3485 757 3783 824 ὀπτασίαν,

2120 851 2219 906 Καὶ
2256 850 2350 911 τὰς
2407 850 2587 923 ψυχὰς
2617 850 2847 922 θάρσους
2894 846 3354 917 ὑποπλησθὲντες,
3417 850 3533 919 μεθ’
3566 843 3782 914 ἡδονῆς

2119 939 2284 994 πάλιν
2340 932 2601 1012 ἔψαλλον⁹
2664 939 2805 1013 Πρὸς
2877 936 3070 1012 Κύριον
3128 936 3182 991 ἐν
3247 942 3327 1009 τῷ
3367 931 3650 1001 θλίϐεσθαί
3711 955 3785 1006 με

2121 1028 2396 1102 ἐκέκραξα,
2454 1028 2543 1082 καὶ
2598 1027 2867 1098 ἐπήκουσέ
2926 1048 3031 1100 μου
3089 1026 3138 1098 ἐξ
3194 1026 3352 1098 ὂρους
3392 1026 3546 1098 ἁγίου
3580 1024 3779 1078 αὐτοῦ.

2122 1116 2267 1193 Ἐγὼ
2320 1115 2644 1188 ἐκοιμήθην,
2702 1117 2790 1171 καί
2824 1115 3061 1170 ὕπνωσα·
3098 1115 3411 1189 ἐξηγέρθην,
3460 1114 3541 1168 δτι
3582 1112 3782 1179 Κύριος

2124 1206 2479 1281 ἄντιλήψεταί
2542 1225 2668 1279 μου⁶
2738 1205 2799 1260 ού
2861 1201 3237 1277 σοϐθθήσομαι
3299 1204 3403 1258 ἀπὸ
3490 1199 3781 1277 μυριάδων

3514 1293 3783 1359 Ἀνάστα,

2126 1386 2313 1459 Κύριε,
2345 1387 2518 1440 τῶσόν
2583 1407 2669 1459 με,
2701 1386 2785 1440 ’ὁτι
2843 1390 2939 1439 σοῦ
2990 1383 3129 1438 ἐστιν
3165 1385 3201 1453 ἡ
3254 1381 3500 1457 σωτηρία
3536 1381 3629 1435 καὶ
3691 1380 3787 1434 ἐπὶ

2128 1477 2219 1531 τὸν
2252 1475 2384 1531 λαόν
2414 1497 2507 1531 σου
2535 1478 2569 1546 ἡ
2593 1474 2817 1553 εὐλογία
2839 1496 2953 1531 σου.

2203 1568 2307 1624 IA'.
2340 1564 2514 1627 Εὐθὺς
2545 1563 2602 1620 δὲ
2661 1566 2774 1639 ἅμα
2830 1564 2998 1640 πρωΐ,
3030 1565 3058 1619 ὁ
3090 1561 3213 1634 δοὺξ
3248 1564 3341 1637 μὶν
3372 1561 3459 1617 ἐπὶ
3496 1563 3784 1635 μετεώρου

2131 1658 2374 1724 καθῆστο
2429 1660 2527 1711 τοῦ
2579 1656 2845 1730 βήματος,
2901 1655 3249 1729 παρειστήκει
3308 1651 3364 1708 δὲ
3441 1652 3593 1722 αύτῷ
3687 1649 3789 1703 καὶ

2126 1294 2263 1351 λαοῦ
2328 1300 2433 1350 τῶν
2490 1294 2677 1368 κύκλῳ
2752 1296 3235 1367 συνεπιτιθεμένων
3318 1314 3433 1366 μοι.

382 1736 653 1792 universa
722 1753 955 1811 quoque
1029 1746 1255 1797 caterva
1326 1742 1615 1800 militaris.
1675 1744 1817 1800 Cum
1886 1759 2023 1816 ergo

2145 1743 2270 1800 ἵπαν
2327 1746 2388 1800 τὸ
2464 1745 2851 1821 στρατιωτικὸν
2915 1744 3212 1817 σύνταγμα.
3272 1741 3794 1814 Μεταπεμψάμενος

2166 1834 2193 1845 ..
2297 1836 2310 1845 .
2368 1836 2379 1845 .
2483 1838 2510 1845 _
2676 1831 2694 1845 ς
2967 1834 2977 1845 .
3068 1833 3080 1845 .
3133 1830 3144 1845 .
3329 1830 3342 1845 .
3411 1830 3425 1845 .
3497 1832 3509 1845 .
3736 1828 3749 1845 ,

384 1824 779 1882 accersivisset
816 1832 1043 1884 sanctos
1072 1846 1102 1885 e
1128 1832 1408 1901 custodia,
1432 1833 1595 1902 jubet
1642 1833 1756 1905 legi
1798 1833 2026 1888 litteras

384 1914 467 1969 eis
497 1914 892 1973 audientibus.
917 1917 1080 1980 Quod
1101 1935 1232 1976 cum
1260 1920 1479 1977 factum
1503 1929 1690 1978 esset:
1715 1922 2028 1993 Oportebat

388 2004 647 2075 quidem,
708 2005 917 2077 inquit,
978 2024 1099 2074 vos,
1179 2014 1447 2078 parentes
1515 2012 1711 2081 jussui
1790 2010 2031 2083 gloriosi

386 2093 772 2163 imperatoris,
800 2094 914 2150 diis
945 2097 1287 2165 sacrificare,
1322 2102 1377 2153 et
1408 2115 1522 2154 non
1563 2098 1720 2154 illius
1752 2099 2030 2155 humani-

386 2186 566 2237 tatem
599 2182 670 2237 atl
702 2182 849 2238 iram
898 2200 1228 2255 provocare.
1262 2186 1546 2250 Quoniam
1595 2192 1788 2243 autem
1838 2187 2028 2243 nescio

388 2271 488 2341 qui
522 2272 737 2327 factum
771 2272 867 2340 sit,
894 2278 959 2328 ut
988 2282 1041 2329 et
1071 2273 1235 2331 illum
1266 2278 1337 2331 ad
1369 2276 1525 2332 illam
1560 2276 2028 2350 provocaveritis,

388 2362 445 2415 et
485 2377 518 2415 a
566 2363 731 2416 tanta
790 2361 975 2433 gloria
1032 2363 1380 2432 excideritis,
1419 2373 1477 2423 et
1523 2367 1653 2423 illas
1709 2367 2033 2438 profundas

389 2449 706 2507 amiseritis
754 2452 1019 2508 divitias:
1054 2458 1113 2510 at
1142 2471 1298 2511 nunc
1356 2456 1566 2512 saltem
1622 2457 1787 2513 nobis
1846 2454 2031 2512 velitis

388 2538 640 2606 obedire,
676 2540 832 2597 vobis
862 2542 1305 2601 consulentibus
1334 2562 1401 2602 ea
1428 2564 1555 2619 qua
1587 2551 1727 2603 sunt
1763 2544 2033 2603 conduci-

389 2627 551 2685 bilia.
583 2628 674 2685 Sic
705 2631 859 2687 enim
893 2632 1085 2704 priore
1133 2634 1302 2706 longe
1351 2636 1629 2707 majorem
1676 2636 1945 2709 gloriam,
1978 2637 2034 2690 et

390 2718 639 2789 majores
697 2735 854 2791 opes,
914 2725 970 2777 et
1027 2720 1141 2779 alia
1199 2724 1351 2781 bona
1406 2728 1561 2797 apud
1619 2726 2031 2796 imperatorem

390 2809 850 2880 consequemini.
885 2812 1032 2877 Quid
1077 2812 1233 2869 enim
1275 2818 1362 2870 est
1407 2831 1599 2886 grave,
1633 2815 1683 2870 si
1713 2815 1867 2886 quod
1918 2829 2034 2869 non

388 2896 660 2967 potuistis
709 2899 872 2969 prius
924 2900 1268 2973 intelligere,
1301 2904 1419 2958 sive
1466 2904 1610 2959 forte
1655 2903 1901 2968 fortuna,
1934 2916 2034 2957 seu

392 2983 585 3056 aliquo
618 2986 730 3042 alio
761 3004 922 3056 casu,
956 3005 1112 3044 nunc
1142 3006 1275 3045 cum
1325 2991 1662 3062 diligentius
1704 2990 2035 3047 considera-

390 3074 612 3138 veritis,
635 3074 715 3140 id,
740 3076 894 3145 quod
918 3080 1163 3148 oportet,
1188 3084 1454 3135 accurate
1474 3079 1855 3151 eligatis?Est
1877 3078 2033 3133 enim

2135 1834 2225 1890 ούν
2288 1836 2390 1889 ἀπὸ
2445 1838 2545 1900 τῆς
2602 1831 2847 1912 φυλακας
2898 1834 3024 1893 τυὺς
3058 1830 3264 1907 ἁγίους,
3300 1830 3375 1893 εἰς
3409 1830 3652 1899 ἐπήκοον
3681 1828 3793 1882 αύ-

2130 1930 2237 1980 τῶν
2298 1925 2705 2001 ἀναγνωσθῆναι
2763 1920 2970 1977 κελεύει
3018 1921 3085 1975 τὰ
3139 1922 3456 1996 γράμματα.
3509 1918 3586 1976 Οὗ
3628 1936 3793 1991 γενιι⁸

2137 2018 2319 2087 μένου,
2385 2008 2680 2069 ὑπολαϐὼν
2746 2012 2926 2081 αὐτὸς,
2987 2009 3092 2066 ἔδει
3154 2012 3247 2083 μὲν
3279 2011 3369 2064 ἀπ’
3417 2003 3789 2084 ἀρχῇς,ἕφη,

2133 2109 2225 2175 Τῷ
2271 2107 2367 2158 τοῦ
2418 2101 2741 2158 καλλινίκου
2789 2100 3055 2177 βασιλέως
3101 2099 3422 2174 πρόσταγμα
3467 2096 3791 2155 πεισθέντας

2137 2194 2296 2267 ὑμᾶς,
2348 2194 2498 2247 θῦσαί
2536 2212 2591 2246 τε
2637 2197 2753 2253 τοῖς
2820 2194 2986 2257 θεοῖς,
3034 2190 3123 2245 καὶ
3178 2190 3277 2256 τὴν
3318 2188 3521 2242 ἐκείνου
3557 2186 3635 2259 μή
3678 2205 3791 2238 πα·

2137 2281 2383 2357 ροργίσαι
2442 2279 2870 2357 φίλανθρωπίαν·
2929 2277 3042 2334 ἐπεὶ
3100 2277 3177 2349 δὲ,
3235 2277 3286 2331 τί
3348 2275 3606 2336 παθόντες
3686 2271 3795 2327 ούκ

2137 2370 2277 2436 οῖδα,
2338 2369 2539 2424 ἐκεῖνόν
2597 2390 2657 2424 τε
2712 2366 3079 2442 παρωξύνατε,
3128 2365 3220 2421 καὶ
3278 2366 3544 2434 τοσαύτης
3626 2361 3798 2416 ἐκπε-

2137 2460 2386 2514 πτώκατε
2419 2455 2601 2530 δόξης,
2632 2456 2722 2511 καὶ
2753 2456 2844 2511 τὸν
2891 2456 3058 2529 βαθὺν
3112 2453 3318 2509 ἐκεῖνον
3374 2450 3617 2508 πλοῦτον
3653 2451 3797 2504 ἀπο-

2137 2543 2464 2619 ϐεϐλήκατε.
2502 2544 2647 2601 ἀλλὰ
2693 2549 2784 2599 νῦν
2836 2543 2928 2600 οὖν
2986 2543 3284 2600 ὑπακοῦσαί
3332 2564 3391 2598 τε
3416 2545 3549 2614 ἡμῖν
3580 2540 3798 2613 προθυ-

2142 2639 2355 2711 μςιθητε
2400 2636 2466 2690 τὰ
2522 2632 2786 2699 λυσιτελῆ
2846 2628 3305 2707 συμϐουλεύουσι,
3336 2632 3424 2686 καὶ
3480 2635 3596 2691 τοῖς
3648 2633 3804 2692 θεοῖς

2139 2730 2293 2790 θῦσαι
2326 2724 2613 2795 θελήσασι.
2643 2725 2801 2782 Οὕτω
2830 2724 2936 2798 γὰρ
2980 2721 3042 2777 ἂν
3076 2720 3237 2795 δόξης
3282 2742 3340 2776 τε
3401 2721 3651 2793 μείζονος
3684 2737 3800 2770 πα-

2141 2813 2351 2891 ραπολὺ
2415 2820 2516 2882 τῆς
2573 2813 2839 2887 προτέρας
2895 2813 2985 2867 καὶ
3049 2809 3293 2866 πλούτου
3324 2809 3412 2864 καὶ
3465 2813 3571 2863 τῶν
3599 2804 3799 2861 ἄλλων

2140 2909 2248 2960 τῶν
2301 2905 2446 2978 παρὰ
2507 2899 2724 2977 βασιλεῖ
2782 2900 2968 2956 καλῶν
3029 2899 3384 2955 ἀπολαύσετε.
3438 2896 3540 2955 Καὶ
3599 2895 3651 2950 τί
3687 2894 3800 2969 γὰρ

2139 2998 2301 3048 τοῦτο
2334 2991 2530 3063 δεινὸν,
2561 2992 2622 3046 τὸ
2657 2993 2733 3065 μή
2776 2989 3096 3061 δυνηθέντας
3127 2990 3190 3043 τὸ
3237 2985 3354 3043 δέον
3388 2983 3617 3041 συνιδεῖν
3651 2983 3808 3059 πρό-

2142 3103 2317 3158 τερον,
2349 3080 2445 3145 εἴθ’
2510 3081 2613 3137 ὑπὸ
2668 3079 2846 3155 τύχης
2904 3080 2996 3134 καὶ
3042 3099 3192 3140 τινος
3224 3076 3403 3147 ἄλλης
3430 3071 3803 3149 περιπετείας,

395 3162 579 3218 multo
639 3142 822 3220 levius
880 3142 1114 3235 peccare
1151 3142 1407 3241 propter
1462 3142 1854 3241 ignorantiam
1904 3168 2033 3238 ejus

2145 3176 2234 3227 νῦν
2279 3171 2373 3244 μὶν
2421 3173 2549 3244 γοῦν
2608 3165 2975 3242 σκεψαμένους
3014 3167 3077 3222 τὸ
3124 3172 3400 3239 προσῆκον
3433 3164 3649 3227 ἐλὲσθαι
3702 3163 3806 3215 σὺν

395 3252 547 3324 quod
597 3255 682 3309 est
728 3252 944 3309 bonum
986 3259 1043 3310 et
1090 3258 1475 3328 conducibile,
1509 3273 1681 3331 quam
1724 3258 1821 3314 ubi
1854 3272 2040 3330 agno-

395 3340 547 3396 veris
595 3353 959 3410 perseverare
1003 3342 1062 3398 in
1114 3345 1521 3416 deterioribus,
1556 3351 1613 3403 et
1644 3364 1755 3403 non
1791 3346 2041 3402 transire

398 3428 469 3483 ad
520 3428 579 3483 id
629 3430 778 3500 quod
828 3435 916 3487 est
969 3432 1199 3489 melius.
1250 3435 1396 3491 Nam
1455 3436 1603 3491 illud
1662 3436 1897 3507 quidem
1953 3436 2043 3490 est

398 3521 698 3589 peccatum
730 3518 1093 3591 ignorantiae,
1122 3523 1230 3579 hoc
1262 3528 1457 3581 autem
1504 3525 1670 3580 malae
1720 3524 1954 3589 mentis,
1989 3527 2043 3579 et

397 3622 525 3679 qua;
581 3612 721 3664 sunt
778 3608 951 3674 mala,
999 3629 1100 3667 sua
1142 3617 1347 3685 sponte
1403 3615 1692 3687 eligentis.
1742 3614 1888 3669 Nam
1938 3628 2042 3685 ego

397 3696 631 3768 quidem
662 3698 828 3755 valde
857 3702 1163 3768 accendor,
1195 3708 1251 3759 et
1281 3703 1456 3760 aliam
1490 3709 1737 3760 vestram
1772 3712 2045 3774 reputans

400 3785 743 3854 amicitiam,
776 3792 834 3844 et
864 3791 1173 3847 recordans
1204 3793 1352 3863 ejus,
1389 3795 1543 3865 quod
1572 3811 1603 3849 a
1633 3792 1799 3850 vobis
1830 3791 2045 3862 accepi,

399 3875 688 3947 beneficii,
720 3881 777 3933 et
822 3879 1074 3937 maxime
1118 3898 1151 3937 a
1197 3885 1274 3950 te,
1305 3883 1539 3939 domine
1598 3883 1678 3938 mi
1736 3880 1915 3953 Sergi,
1948 3896 2049 3951 per

401 3979 573 4034 quem
618 3965 774 4023 hunc
821 3968 963 4025 mihi
1014 3971 1207 4042 paravi
1254 3974 1679 4044 magistratum.
1711 3972 1820 4027 Sed
1853 3970 2048 4027 nescio

400 4052 538 4123 quid
570 4070 758 4126 agam,
784 4073 916 4113 cum
951 4059 1180 4115 fortuna
1211 4077 1303 4117 res
1335 4063 1419 4117 sic
1450 4060 1961 4129 administraverit,
1988 4061 2051 4115 ut

402 4154 509 4211 ego
542 4142 773 4212 quidem
802 4144 973 4201 hodie
1023 4149 1255 4204 sedeam
1308 4150 1518 4219 iudex;
1551 4166 1651 4206 vos
1682 4154 1894 4215 autem,
1930 4151 2050 4203 tan-

402 4247 581 4303 quam
634 4233 737 4303 rei,
788 4237 954 4292 stetis
1010 4241 1143 4293 ante
1193 4255 1381 4294 meum
1441 4238 1717 4310 tribunal,
1768 4236 2051 4294 reddituri

402 4322 687 4379 rationem
718 4327 920 4380 vestra
952 4325 1011 4380 in
1044 4328 1182 4381 deos
1213 4327 1369 4398 ipsos
1412 4328 1659 4383 invictos
1707 4325 2049 4398 impietatis,

403 4420 458 4468 et
488 4411 650 4484 pium
683 4413 1091 4486 imperatorem
1123 4416 1552 4472 inobedientim.

471 4592 603 4651 ΧΙΙ.
636 4595 726 4650 Sic
757 4610 891 4667 ergo
929 4599 986 4652 et
1023 4595 1115 4651 his
1162 4595 1556 4654 allicientibus
1606 4596 1796 4653 verbis
1844 4595 2045 4651 Antio-

405 4683 554 4741 chus
593 4685 969 4741 conveniebat
1012 4692 1268 4753 sanctos,
1300 4690 1356 4743 et
1385 4688 1571 4745 amice
1620 4685 2049 4759 quodammodo

406 4788 505 4828 eos
553 4773 953 4847 alloquebatur
1001 4776 1333 4845 consulens,
1367 4785 1420 4833 et
1453 4779 1625 4846 bona,
1658 4782 1721 4833 ut
1749 4776 2051 4832 videbatur

406 4861 489 4918 eis
520 4878 865 4934 suggerens,
899 4880 1015 4936 quo
1047 4865 1159 4920 sibi
1190 4865 1557 4936 imperatoris
1592 4864 2049 4923 benevolentiam

406 4957 787 5026 compararet.
806 4953 1039 5010 Sciebat
1059 4955 1234 5023 enim,
1259 4965 1514 5027 quantus
1537 4961 1686 5012 esset
1707 4955 1863 5011 illius
1888 4971 2052 5013 amor

403 5044 463 5101 in
512 5061 629 5113 eos,
660 5048 715 5100 et
764 5044 916 5115 quod
976 5043 1211 5114 plurimi
1271 5045 1481 5101 faceret
1531 5046 1671 5101 tales
1723 5044 1880 5100 viros
1935 5062 2050 5101 non

405 5135 670 5190 amittere
697 5150 711 5189 :
743 5133 850 5189 hoc
882 5148 1017 5189 cum
1049 5150 1118 5189 ex
1158 5133 1355 5189 multis
1385 5134 1514 5189 aliis
1545 5135 1897 5204 conjectans,
1927 5138 2049 5190 tum

405 5239 473 5279 ex
504 5224 632 5289 hoc,
666 5225 819 5294 quod
850 5240 947 5280 eos
980 5223 1140 5279 nullo
1186 5223 1428 5279 voluerit
1476 5228 1764 5281 tormento
1796 5225 2049 5295 subjice-

407 5328 490 5379 re,
536 5313 636 5367 sed
688 5328 786 5382 per
839 5313 991 5369 hanc
1050 5312 1237 5370 solam
1295 5313 1746 5386 ignominiosam
1783 5315 1854 5369 ad
1888 5313 2051 5369 illum

408 5399 750 5456 missionem
805 5403 1063 5459 studeret
1110 5416 1209 5459 eos
1252 5402 1310 5459 iu
1356 5402 1707 5459 contrariam
1758 5402 2054 5460 traducere

482 5574 503 5607 δ
533 5572 682 5631 Psal.
716 5590 858 5644 cxxx,
894 5575 919 5631 1
946 5592 960 5644 ;
995 5592 1077 5647 ιιι,
1108 5579 1143 5633 6
1174 5594 1302 5651 sqq.

2146 3257 2437 3338 ἀκριϐείας
2500 3259 2703 3332 Πολλῷ
2755 3259 2860 3335 γὰρ
2913 3259 3243 3335 κουφότερον
3301 3253 3371 3310 δι’
3423 3252 3635 3327 ἄγνοιαν
3697 3254 3804 3305 τοῦ

2147 3352 2319 3407 καλοῦ
2367 3350 2457 3406 καὶ
2515 3351 2889 3427 συμφέροντος
2946 3348 3227 3421 ἁμαρτεῖν,
3260 3345 3295 3415 ἢ
3355 3340 3646 3417 ἐπιγνόντα
3673 3344 3804 3427 τοῖς

2149 3443 2391 3516 χείροσιν
2446 3426 2719 3513 ἐπιμεῖναι
2765 3439 2855 3492 καὶ
2917 3439 2991 3509 μὴ
3031 3440 3346 3510 μεταπεσεῖν
3380 3433 3514 3507 πρὸς
3563 3431 3624 3485 τὸ
3660 3426 3808 3503 βάλε

2148 3552 2284 3587 τιον.
2318 3530 2397 3588 Τὸ
2451 3532 2544 3602 μὲν
2594 3528 2695 3606 γὰρ
2752 3529 2974 3602 ἂγνοίας
3035 3526 3177 3581 ἐστὶν
3248 3526 3572 3599 ἁμάρτημα,
3615 3521 3681 3575 τὸ
3742 3516 3809 3571 δὶ

2150 3621 2381 3696 γνώμης
2424 3619 2750 3675 ἐθελοκάκου
2807 3616 2897 3672 καὶ
2958 3618 3246 3691 μοχθηρᾶς
3292 3610 3679 3688 προαιρέσεως.
3714 3609 3811 3668 Ὠς

2152 3708 2323 3784 ἔγωγε
2367 3709 2503 3764 πάνυ
2561 3704 2767 3784 σφόδρα
2817 3707 2969 3779 ὑμῶν
3027 3703 3400 3781 περικαίομαι,
3432 3702 3530 3772 τήν
3562 3722 3619 3756 τε
3646 3698 3807 3769 ἄλλη

2152 3798 2610 3872 ἀναλογιζόμενος
2666 3793 3097 3875 φιλανθρωπίαν,
3134 3794 3224 3849 καὶ
3285 3790 3351 3861 δὴ
3409 3792 3498 3847 καί
3564 3788 3810 3862 διαμνη-

2158 3889 2395 3961 μονεύων
2464 3887 2589 3959 ὅμῖν
2647 3889 2743 3941 τοῦ
2800 3883 2972 3940 καλοῦ
3022 3883 3112 3938 καὶ
3177 3890 3276 3951 τῆς
3335 3880 3657 3957 εύεργεσίας,
3714 3880 3808 3934 καὶ

2161 3977 2394 4051 μάλιστα
2434 3976 2518 4031 σοὶ
2566 3980 2644 4047 τῷ
2700 3976 2873 4049 κυρίῳ
2934 3993 3029 4045 μοι
3086 3973 3321 4047 Σεργίῳ,
3372 3967 3442 4025 δι’
3482 3968 3544 4025 ού
3575 3969 3663 4023 καὶ
3704 3972 3810 4037 τήν

2158 4067 2337 4144 ἀρχὴν
2401 4064 2600 4134 ταύτην
2661 4064 2995 4134 ἐκτησάμην.
3051 4059 3208 4118 Ἀλλ’
3267 4060 3366 4115 οὐκ
3395 4056 3577 4113 ortas
3627 4078 3681 4112 τι
3714 4057 3809 4111 καὶ

2160 4153 2363 4230 δράσω,
2422 4161 2522 4223 τῆς
2593 4152 2769 4227 τύχης
2824 4150 2966 4205 οὕτω
3020 4151 3086 4205 τὰ
3149 4168 3445 4224 πραγματα
3503 4144 3808 4216 διαθείσης,

2159 4244 2293 4299 ὥστε
2340 4243 2531 4317 κριτὴν
2586 4241 2675 4295 καὶ
2741 4238 2839 4312 ἐμὲ
2904 4240 3164 4308 καθῆσθαι
3221 4240 3481 4310 τήμερον·
3544 4236 3684 4307 ὑμᾶς
3751 4231 3811 4287 δέ

2152 4333 2250 4388 ’ίσα
2299 4332 2390 4387 καὶ
2430 4328 2739 4391 καταδίκοις
2795 4333 2875 4401 τῷ
2933 4326 3051 4401 ἐμῷ
3134 4325 3492 4401 παρίστασθαι
3568 4325 3808 4398 βήματι,

2160 4422 2327 4497 λόγον
2361 4418 2646 4498 ὑφέξοντας
2673 4420 2747 4473 ὧν
2774 4418 2851 4479 είς
2880 4438 2937 4472 τε
2972 4416 3099 4478 τοὺς
3155 4416 3460 4486 ἀηττήτους
3517 4413 3668 4478 θεοὺς
3713 4413 3811 4467 αύ-

2153 4509 2308 4579 τοὺς,
2338 4508 2427 4563 καὶ
2458 4508 2548 4562 τὸν
2591 4500 2784 4575 εὺσεϐῆ
2819 4499 3047 4579 βαςιλέα
3083 4503 3543 4578 παρηνομήσατε.

2227 4600 2329 4657 ΙΒ’.
2372 4598 2530 4656 Οὕτω
2575 4598 2668 4669 μὶν
2708 4594 2798 4651 οὖν
2838 4592 2928 4649 καὶ
2967 4594 3236 4654 τοιούτοις
3270 4590 3585 4668 ἐπαγωγοῖς
3621 4590 3811 4663 ῥήμαο

2160 4710 2240 4744 σιν
2273 4685 2613 4763 ὁἈντίοχος
2666 4689 2782 4745 τοῖς
2831 4682 3007 4759 ἆγίοις
3067 4680 3291 4755 ὡμίλει,
3338 4683 3429 4735 καί
3481 4677 3673 4733 ὠσανεῖ
3705 4700 3811 4750 φι-

2158 4777 2291 4840 λίως
2333 4776 2514 4837 αύτόῖς
2556 4772 2851 4848 διελέγετο,
2885 4768 3275 4845 συμϐουλεύων
3310 4767 3439 4825 ούδὶ
3475 4769 3542 4823 τὰ
3591 4768 3811 4842 χρηστὰ

2157 4866 2379 4928 ἐκείνοις
2431 4863 2718 4924 ὑποτιθείςο
2778 4860 2909 4916 ἀλλ’
2954 4861 3131 4933 ἐαυτῴ
3186 4858 3401 4933 μᾶλλον
3452 4859 3553 4926 τὴν
3592 4856 3811 4931 βασιλι-

2158 4958 2257 5027 κὴν
2303 4954 2737 5030 μνηστευόμενος
2802 4949 3107 5025 θεραπείαν.
3149 4946 3303 5018 ᾝδει
3342 4949 3445 5024 γὰρ
3494 4947 3613 5007 οἶος
3668 4940 3810 5019 ἔρως

2158 5046 2345 5118 ἐκείνῳ
2392 5049 2471 5116 τῷ
2523 5039 2760 5117 βασιλεῖ,
2817 5040 2907 5095 καὶ
2965 5040 3115 5099 ὅπως
3173 5037 3321 5110 αύτῷ
3371 5037 3494 5110 περὶ
3526 5034 3811 5105 πλείστου,

2159 5138 2221 5191 τὸ
2265 5136 2339 5206 μή
2397 5131 2678 5192 τοιούτους
2719 5126 2915 5203 ἄνδρας
2973 5122 3296 5195 ἀποϐαλεῖν,
3345 5125 3405 5181 ἐκ
3453 5122 3682 5180 πολλῶν
3715 5125 3810 5177 καὶ

2158 5222 2344 5279 ἄλλων
2376 5225 2535 5276 τοῦτο
2567 5219 2633 5290 δὴ
2683 5218 3136 5292 τεκμαιρόμενος,
3169 5217 3259 5271 καὶ
3288 5219 3368 5287 τῷ
3403 5212 3646 5287 μηδεμιᾷ
3674 5213 3814 5267 τού-

2158 5334 2282 5375 τους
2343 5311 2596 5380 ἐθελῆσαι
2659 5306 2875 5383 βασάνῳ
2931 5299 3270 5379 περιϐαλεῖν
3312 5301 3461 5358 ἀλλὰ
3518 5300 3608 5357 διὰ
3634 5300 3813 5373 μόνης

2157 5409 2256 5473 τῆς
2298 5400 2493 5474 ἄτίμου
2549 5396 2749 5468 ταύτης
2807 5396 2943 5471 πρὸς
2995 5392 3194 5450 ἐκεῖνον
3249 5392 3583 5463 ἀποστολῆς,
3645 5409 3812 5465 μετα-
