4106 6200
291 285 437 343 1021

1304 274 1779 338 MARTYBIUM
1828 271 1933 333 SS.
1985 270 2238 333 SERGII
2283 277 2378 336 ET
2423 277 2726 337 BACCHI.

3534 270 3685 333 1022

286 441 463 493 πείσεν
526 435 720 498 αὐτοὺς
785 433 1151 508 βουληθῆναι,
1210 435 1399 494 ὁποῖος
1470 431 1535 500 δὴ
1598 429 1937 503 Μαξιμιανὸς

2051 434 2419 502 sententiam,
2489 438 2685 505 utpote
2760 435 2912 504 quod
2975 436 3043 488 ad
3117 434 3232 489 hmc
3305 433 3684 505 excogitanda

287 529 580 606 τεχνᾶσϐαι
640 529 805 580 ταῦτα
869 523 1173 598 βαρύτατός
1243 544 1293 578 τε
1355 523 1445 577 καὶ
1505 519 1928 581 ποικιλώτατος.

289 604 465 671 Ἀλλὰ
522 615 793 675 τοιούτοις
859 613 952 686 μὶν
1014 615 1041 666 ὁ
1099 611 1412 687 Ἀντίοχος,
1469 609 1648 684 ὥσπερ
1711 604 1931 688 ἔφημεν,

291 703 638 778 θελκτηρίοις
698 701 1056 757 ὑποκλέπτειν
1116 703 1183 756 τά
1247 706 1438 775 πρῶτα
1497 699 1688 774 λόγοῖς
1739 697 1935 758 αὐτοὺς

292 795 581 868 ἐπειρᾶτοξ
615 795 747 850 Εἶτα
778 792 1078 865 προσετίθει
1127 793 1188 845 τὸ
1227 792 1314 844 καὶ
1370 797 1484 851 τοῖς
1532 785 1932 868 φοϐερωτέροις

289 889 385 939 τοῦ
436 887 640 938 σκοποῦ
684 887 1059 954 μετακινῆσαι,
1111 880 1198 933 καὶ
1247 887 1346 949 τῆς
1390 879 1680 956 ἐργάσεως.
1714 877 1773 934 Et
1830 875 1933 952 γάρ

851 993 975 1043 μου,
1063 971 1262 1043 Αὲγων,
1319 973 1460 1043 ξταῖς
1546 967 1932 1041 παραινέσεσικ,

290 1064 499 1136 ἀνάγκη
568 1084 660 1135 μοι
721 1061 936 1122 πάντως
989 1056 1136 1116 ἔσται
1192 1060 1281 1115 καὶ
1356 1061 1422 1114 τά
1487 1058 1935 1134 προστεταγμένα

291 1156 466 1204 ποιεῖν
502 1167 514 1179 ⁸
566 1149 654 1204 καὶ
703 1149 775 1210 ὡς
826 1148 1020 1225 ἐχθρὸν
1073 1145 1286 1221 μᾶλλον
1333 1150 1401 1221 τῇ
1441 1145 1672 1221 ὑμετέρᾳ
1699 1146 1932 1223 προσφέ-

292 1250 470 1312 ρεσθαι
517 1235 980 1311 μεγαλοπρεπείᾳ.
1015 1237 1115 1292 Καὶ
1148 1235 1320 1298 πολὺς
1352 1237 1416 1305 ἦν
1453 1234 1640 1312 ἐφεξῆς
1673 1240 1788 1295 τοῖς
1826 1237 1934 1288 τῶν

287 1327 665 1400 κολαστηρίων
735 1326 961 1398 ὀνόμασι
1023 1327 1110 1379 καί
1175 1331 1293 1387 ταῖς
1350 1323 1623 1388 ἀπειλαῖς.
1681 1325 1840 1381 Ἄλλ⁹
1884 1324 1933 1376 οἱ

297 977 372 1048 μὴ
460 971 765 1042 πεισθείητὲ
851 993 975 1043 μου,
1063 971 1262 1046 Λέγων,
1319 973 1460 1043 Qui;

289 1411 440 1492 ἅγιοι
501 1416 766 1489 μάρτυρες
826 1413 949 1470 οἷὶτε
1006 1415 1264 1476 Θωπείαις
1327 1412 1754 1487 μαλαττόμενοι,
1813 1409 1934 1466 οὔτε

287 1503 540 1568 ἀπειλαῖς
596 1503 1030 1576 ταπεινούμενοι,
1093 1506 1225 1564 Τοῖς
1301 1503 1391 1557 τὸν
1450 1502 1687 1577 Χριστὸν
1748 1503 1931 1574 μόνον,

287 1593 463 1663 εἶπον,
504 1594 549 1646 ὦ
587 1590 835 1663 δικαστά,
865 1593 957 1646 καὶ
1013 1594 1113 1661 τήν
1172 1593 1298 1666 παρ’
1351 1592 1500 1663 αὐτῷ
1546 1591 1930 1664 κρυπτομένην

291 1685 434 1751 ζωὴν
464 1679 716 1757 κερδάναι
756 1679 1171 1757 προελομένοις,
1207 1679 1421 1742 οὐδενὸς
1456 1681 1608 1754 μέλει
1649 1685 1756 1736 τῶν
1784 1679 1934 1755 ῥεόν-

2045 522 2430 578 Maximianus
2481 527 2630 578 esset
2676 523 3021 577 vaferrimus
3059 526 3115 577 et
3154 523 3688 594 ingeniosissimus.

2046 609 2156 664 Sed
2208 610 2300 667 his
2348 612 2578 683 quidem
2620 612 2848 668 blandis
2898 621 2948 666 et
3009 610 3438 682 pellicientibus
3496 611 3686 666 verbis

2047 700 2208 770 prius
2270 703 2589 758 conabatur
2651 718 2749 758 eos
2802 700 3018 757 illicere
3076 701 3417 756 Antiochus.
3475 701 3686 756 Deinde

2045 801 2287 847 conatus
2317 796 2400 848 est
2429 793 2604 847 etiam
2639 796 2853 847 terrore
2884 807 2981 846 eos
3023 808 3054 845 a
3089 807 3262 861 scopo
3295 789 3596 844 traducere
3628 793 3685 843 et

2045 882 2369 937 constantia
2405 899 2417 936 :
2451 883 2509 937 Si
2561 882 2718 937 enim
2767 881 2928 950 meis,
2960 881 3182 947 dicens,
3214 894 3328 934 non
3380 877 3683 950 parueritis

2046 968 2577 1040 adhortationibus,
2605 971 2716 1026 erit
2757 969 2899 1026 mihi
2951 968 3189 1024 omnino
3239 982 3469 1023 necesse
3501 966 3686 1021 facere

2046 1071 2166 1125 qua:
2208 1062 2346 1114 sunt
2403 1059 2734 1131 imperata:
2783 1064 2839 1114 et
2880 1075 2993 1130 me,
3031 1061 3311 1130 tanquam
3356 1054 3686 1121 inimicum,

2046 1161 2244 1217 gerere
2292 1146 2352 1202 in
2403 1152 2656 1204 vestram
2707 1147 3226 1221 magniﬁcentiam.
3268 1150 3332 1201 Et
3384 1149 3516 1216 post
3563 1143 3688 1199 hinc

2042 1235 2262 1292 multus
2297 1237 2405 1292 fuit
2444 1237 2501 1292 in
2545 1237 2959 1294 enumerandis
3001 1235 3335 1292 nominibus
3369 1235 3684 1291 tormento-

2047 1341 2199 1392 rum,
2235 1329 2290 1381 et
2338 1326 2514 1382 minis
2573 1326 2948 1383 intentandis.
2981 1327 3088 1382 Sed
3141 1323 3324 1381 sancti
3383 1327 3685 1394 martyres,

2047 1432 2236 1486 neque
2275 1415 2576 1472 blanditiis
2599 1417 2864 1484 emolliti,
2891 1433 3080 1488 neque
3113 1415 3287 1471 minis
3311 1413 3517 1486 dejecti
3542 1429 3554 1467 :
3589 1412 3692 1481 Iis,

2046 1505 2336 1573 dixerunt,
2381 1507 2481 1578 qui
2525 1506 2816 1562 Christum
2867 1507 3081 1573 solum,
3123 1522 3155 1562 ο
3209 1506 3406 1576 judex,
3455 1510 3510 1559 et
3561 1519 3686 1574 quas

2046 1596 2197 1666 apud
2231 1595 2425 1666 ipsum
2459 1596 2746 1652 absconsa
2767 1601 2876 1666 est,
2907 1595 3086 1651 vitam
3121 1595 3327 1650 lucrati
3351 1592 3685 1660 statuerint,

2045 1685 2190 1740 nihil
2230 1689 2318 1742 est
2351 1702 2500 1744 curae
2539 1703 2606 1742 ex
2647 1688 2717 1743 iis
2749 1704 2872 1758 qua:
2905 1687 3096 1742 ﬂuunt
3126 1690 3181 1742 et
3213 1686 3528 1751 intereunt,
3566 1698 3679 1738 non

285 1794 391 1827 των
429 1771 637 1827 τούτων
678 1772 768 1825 καὶ
827 1771 1222 1847 φθειρομένων,
1267 1772 1328 1825 οὐ
1377 1778 1570 1843 τιμῆς,
1632 1772 1693 1824 ού
1746 1767 1930 1840 δόξης,

2051 1774 2251 1844 honor,
2286 1791 2401 1833 non
2434 1776 2636 1847 gloria,
2664 1794 2776 1833 non
2811 1776 3086 1848 potentia,
3120 1793 3234 1832 non
3269 1773 3490 1845 aliquid
3523 1771 3678 1828 aliud

289 1860 350 1915 οὐ
409 1858 743 1934 δυναμένων,
796 1858 906 1918 Ἴδε
964 1860 1088 1934 γὰρ,
1147 1863 1331 1934 ἡμεῖς,
1390 1861 1479 1914 καὶ
1534 1858 1772 1914 ἀπειλῶν
1832 1863 1936 1914 τῶν

288 1952 433 2025 παρά
507 1955 603 2006 σοῦ
669 1951 760 2004 καὶ
825 1949 1127 2005 καλακειῶν
1205 1948 1397 2020 ἐπίσης
1472 1953 1938 2026 καταφρονοῦμεν,

289 2041 382 2095 καὶ
416 2038 632 2103 οὐδενὸς
663 2038 808 2102 ὅλως
844 2045 950 2094 τῶν
1006 2039 1280 2114 ὑμετέρων
1323 2039 1710 2116 φροντίζομεν.
1734 2041 1938 2096 Παῦσαι

291 2135 576 2206 τοιγαροῦν
635 2130 854 2203 πονηρά
907 2130 1042 2184 κατὰ
1096 2129 1188 2183 τὸν
1244 2125 1366 2205 ὅφιν
1419 2132 1553 2202 ἡμῖν
1619 2129 1709 2184 καὶ
1780 2128 1939 2191 αὐτὸς

293 2215 700 2292 συμϐουλεύων.
736 2220 984 2293 Ὀρῶμεν
1032 2219 1132 2294 γάρ
1199 2220 1303 2274 ὑπὸ
1360 2220 1424 2273 τά
1476 2217 1643 2293 χείλη
1696 2239 1791 2273 σου
1847 2218 1940 2273 τὸν

293 2307 393 2375 ἱὸν,
427 2308 513 2363 καὶ
574 2305 663 2363 διά
692 2312 852 2363 τοῦτο
883 2307 972 2362 καὶ
1025 2309 1122 2377 τὴν
1185 2304 1505 2382 συμϐουλὴν
1561 2309 1633 2369 ὡς
1687 2308 1939 2382 χαλεπὴν

294 2396 451 2452 οὗσον
514 2391 813 2465 ἐπιϐουλὴν
866 2396 1252 2470 ἐκτρεπόμεθα.
1307 2399 1396 2466 Μὴ
1473 2397 1649 2452 τοίνυν
1696 2395 1942 2466 ἐξαπατῶ

296 2488 390 2542 τὸν
450 2487 635 2562 καιρὸν
696 2485 772 2546 εἷς
832 2486 1006 2559 μάτην
1041 2484 1349 2540 ἀναλίσκων
1383 2487 1471 2541 καὶ
1503 2490 1670 2540 κενῶν
1705 2482 1942 2540 ἐλπίδων

297 2576 584 2652 ἐχόμενος,
641 2573 776 2631 Οὔτε
830 2577 930 2652 γάρ
978 2575 1235 2646 κολάζων
1295 2577 1563 2651 αἱρήσεις,
1616 2573 1739 2631 οὕτε
1794 2577 1944 2631 ἀπει-

293 2665 404 2720 λῶν
462 2666 666 2728 πείσεις
721 2663 1040 2720 καταλιπεῖν
1115 2668 1208 2720 τὸν
1282 2671 1457 2736 ζῶντα
1514 2667 1666 2733 Θεὸν,
1718 2663 1940 2739 δαίμοσι

297 2752 354 2809 δε
408 2759 614 2831 κωφοῖς
682 2753 771 2808 καὶ
849 2755 1195 2825 ἀναισθήτοις
1282 2754 1468 2819 θυσίαν
1543 2761 1939 2832 προσενεγκεῖν.

291 2849 457 2916 ⁸Ημῖν
516 2846 620 2918 γάρ
659 2844 748 2898 καὶ
793 2864 854 2898 το
915 2841 1002 2898 διά
1056 2845 1296 2918 Χριστὸν
1347 2844 1566 2919 ἀγαθὸν,
1609 2847 1698 2899 καὶ
1757 2846 1818 2900 τὸ
1873 2842 1942 2899 δι’

301 2934 458 2988 αὐτὸν
517 2931 686 2988 πάλιν
743 2933 1028 2997 ἀποθανεῖν
1085 2931 1296 3009 κέρδος.
1339 2935 1416 2989 Σὺ
1456 2931 1513 2988 δὲ
1545 2932 1670 2989 ἀλλ’
1719 2935 1817 2989 οὐκ
1879 2934 1936 2988 ἃν

301 3022 452 3098 έχοις
482 3044 536 3078 τι
557 3022 646 3078 καὶ
674 3023 834 3086 αὐτὸς
871 3027 1121 3078 τοιοῦτον
1158 3024 1275 3099 περὶ
1305 3029 1415 3080 τῶν
1448 3023 1659 3080 οἰκείων
1695 3021 1854 3079 είδώλ
1869 3045 1942 3079 ων

306 3111 496 3168 εἰπεῖν.
531 3111 787 3182 Ἀληθῶς
819 3111 918 3187 γὰρ
950 3110 1204 3186 ἀργύριόν
1238 3113 1340 3166 εἶσι
1389 3113 1479 3168 καὶ
1529 3112 1755 3192 χρυσίον
1786 3111 1940 3189 ἔργα,

307 3206 508 3276 χειρῶν
570 3201 887 3278 ἀνθρώπων,
921 3198 1072 3255 οὐδὲν
1121 3202 1246 3264 τοὺς
1304 3201 1377 3264 εἷς
1436 3202 1570 3257 αὖτά
1617 3204 1945 3268 πεποιθότας
1978 3184 2026 3252 C

306 3290 508 3358 ὠνῆσαι
543 3287 830 3364 δυνάμενα.
864 3291 1090 3363 ’Ὁμοιοι
1140 3290 1322 3354 αὐτοῖς
1357 3294 1596 3367 γένοιντο
1649 3295 1699 3346 o't
1741 3299 1952 3366 τιμῶν-

300 3397 387 3438 τες
410 3376 562 3446 αὐτὰ,
596 3378 684 3432 καὶ
715 3379 908 3439 πάντες
943 3379 993 3432 οἱ
1021 3377 1342 3442 πεποιθότες
1374 3379 1456 3434 ἐπ’
1486 3381 1696 3442 αὐτοῖς,

374 3474 469 3523 II".
501 3468 563 3525 Ὀ
595 3465 720 3539 δοὺξ
751 3467 932 3524 τοίνυν
960 3472 1186 3523 τοιαῦτα
1235 3475 1476 3544 φανερῶς
1524 3473 1943 3549 φθεγξαμένους,

295 3555 386 3610 καὶ
419 3555 593 3619 οὕτως
626 3552 944 3632 ἐλευθερίως
996 3552 1226 3632 ἔχοντας
1275 3561 1402 3624 τοὺς
1451 3560 1723 3634 γενναίους
1789 3560 1941 3632 ἰδὼν,

297 3647 385 3700 καὶ
418 3647 581 3722 γνοὺς
625 3645 698 3708 ὡς
738 3646 834 3702 οὐκ
875 3646 934 3704 ἄν
962 3669 1096 3704 ποτε
1145 3648 1333 3724 λόγοις
1379 3651 1573 3712 αὐτοὺς
1620 3659 1938 3724 μεταπεῖσαι

300 3731 554 3805 δυνηθείη
591 3735 726 3810 πρὸς
756 3737 852 3805 την
887 3734 974 3792 διὰ
1033 3739 1277 3810 βασάνων
1328 3745 1510 3814 πεῖραι
1560 3741 1760 3816 ἐχώρει
1800 3763 1811 3774 ·
1848 3743 1932 3796 καὶ

293 3824 385 3877 τὸν
467 3824 560 3895 μὲν
634 3823 888 3896 μεκάριον
969 3826 1187 3902 Σέργιον
1274 3827 1652 3904 ἀσφαλεστάτη
1728 3836 1939 3909 φρουρᾷ

296 3909 592 3985 παρεδίδου
673 3911 851 3985 τούτῳ
919 3911 1077 3983 δῆθεν
1164 3913 1529 3992 ἀμειϐόμενος
1606 3920 1769 3974 αὐτὸν
1834 3927 1934 3990 τῆς

295 4000 600 4074 εὐεργεσίας
636 4021 649 4035 θ
709 4003 799 4056 τὸν
856 4004 1071 4078 Βάκχον
1115 4003 1173 4060 δὲ
1220 4003 1308 4061 διά
1363 4007 1634 4084 τεσσάρων
1692 4009 1934 4084 ἰσχυρῶς

294 4087 601 4161 ὶκταθέντα,
658 4091 970 4166 βουνεύρόις
1022 4094 1190 4166 ὠμῶς
1247 4094 1459 4152 ἐκέλευε
1514 4098 1932 4170 καταξαίνεσθαι.

294 4177 454 4234 ⁹Αλλ’
485 4181 550 4248 ἦν
609 4178 738 4235 ἰδεῖν
791 4184 1018 4256 γνώμην
1064 4183 1263 4258 πολλῷ
1296 4187 1506 4262 φύσεως
1549 4188 1937 4265 ἰσχυροτέραν,

294 4267 383 4321 καὶ
433 4268 746 4344 προαίρεσιν
804 4281 1123 4345 σωματικῆς
1173 4275 1347 4346 πάσης
1401 4278 1520 4351 βίας
1565 4279 1930 4357 ὑψηλοτέραν.

295 4356 445 4431 Μέρη
497 4358 588 4429 μὲν
647 4360 748 4433 γάρ
797 4366 897 4415 τοῦ
951 4365 1213 4439 παναγίου
1254 4366 1505 4439 σώματος
1563 4367 1766 4426 ἐκείνου
1814 4356 1930 4436 ταῖς

296 4445 539 4518 μάστιξιν
611 4447 998 4523 ἀποσπώμενα,
1074 4455 1209 4528 πρὸς
1292 4456 1452 4510 αὐτὸν
1528 4459 1656 4532 ἀέρα
1736 4457 1930 4536 διερρι-

2052 1881 2274 1932 eorum,
2307 1883 2432 1936 quas
2485 1870 2584 1921 aut
2627 1867 2954 1922 demulcere
2997 1868 3260 1937 possunt,
3295 1870 3392 1920 aut
3423 1860 3693 1918 molestia

2053 1954 2302 2010 afﬁcere.
2335 1954 2450 2011 Nos
2481 1955 2635 2011 enim
2666 1959 2723 2011 et
2771 1958 2900 2012 tuas
2941 1955 3151 2022 minas,
3185 1957 3241 2009 et
3277 1950 3596 2008 blanditias
3627 1967 3695 2006 ex

2051 2059 2217 2114 aequo
2261 2044 2710 2100 contemnimus.
2745 2047 2919 2101 Cessa
2967 2060 3100 2114 ergo
3151 2047 3212 2098 tu
3255 2057 3508 2113 quoque,
3541 2040 3695 2096 sicut

2051 2149 2292 2204 serpens
2323 2133 2492 2190 nobis
2527 2133 2677 2189 mala
2708 2133 3325 2190 consulere.Videmus
3351 2130 3508 2186 enim
3535 2129 3692 2184 virus

2052 2222 2164 2277 sub
2197 2222 2309 2278 tuis
2342 2221 2520 2278 labris
2551 2239 2564 2278 :
2597 2226 2654 2278 et
2692 2223 2820 2280 ideo
2853 2221 3164 2278 consilium
3204 2225 3374 2276 tuum
3407 2223 3690 2290 tanquam

2053 2327 2253 2382 graves
2304 2327 2644 2367 aversamur
2690 2311 2953 2368 insidias.
2988 2311 3070 2367 Ne
3101 2326 3234 2382 ergo
3269 2308 3508 2376 fallaris,
3540 2311 3692 2363 tem-

2052 2419 2163 2473 pus
2219 2402 2434 2458 frustra
2481 2418 2856 2471 consumens,
2888 2407 2944 2458 et
2988 2420 3020 2456 a
3059 2417 3206 2458 vana
3255 2415 3356 2472 spe
3387 2398 3690 2470 pendens:

2052 2509 2241 2563 neque
2279 2493 2436 2548 enim
2486 2493 2740 2565 puniens
2796 2491 3182 2564 expugnabis,
3215 2506 3405 2562 neque
3459 2490 3693 2544 minans

2052 2581 2457 2654 persuadebis,
2491 2586 2556 2637 ut
2603 2582 2890 2638 viventem
2913 2581 3146 2652 quidem
3179 2585 3356 2635 Deum
3393 2577 3693 2650 relinqua-

2053 2687 2206 2740 mus,
2237 2671 2604 2728 daemonibus
2625 2676 2814 2728 autem
2847 2671 3045 2728 surdis
3073 2674 3130 2727 et
3152 2668 3311 2726 nullo
3343 2683 3515 2724 sensu
3549 2683 3694 2738 prae-

2053 2759 2192 2816 ditis
2223 2762 2534 2816 offeramus
2566 2761 2938 2818 sacriﬁcium.
2973 2759 3152 2816 Nobis
3191 2757 3342 2814 enim
3375 2761 3431 2812 et
3461 2759 3694 2828 prepter

2053 2849 2345 2906 Christum
2393 2850 2608 2918 vivere,
2660 2855 2749 2906 est
2788 2851 3058 2905 bonum:
3109 2852 3165 2904 et
3213 2850 3448 2919 propter
3499 2845 3691 2916 ipsum

2054 2954 2259 2994 rursus
2291 2941 2460 3009 mori,
2492 2940 2744 2996 lucrum.
2777 2941 2857 2996 Tu
2891 2945 3088 2995 autem
3123 2937 3265 2992 nihil
3297 2935 3408 2992 tale
3439 2934 3697 3007 potueris

2054 3027 2246 3084 dicere
2295 3029 2364 3084 de
2411 3029 2530 3085 tuis
2589 3028 2943 3086 simulacris.
2988 3028 3132 3082 Vere
3171 3026 3327 3081 enim
3370 3028 3508 3080 sunt
3543 3045 3562 3072 ι
3601 3039 3696 3077 ar-

2053 3119 2284 3187 gentum
2305 3121 2606 3187 etaurum,
2623 3133 2798 3190 opera
2821 3133 3102 3172 manuum
3117 3114 3424 3170 hominum
3445 3111 3491 3180 5,
3518 3132 3544 3162 α
3567 3126 3692 3182 qua!

2060 3204 2204 3260 nihil
2237 3211 2488 3277 possunt
2519 3207 2791 3278 prodesse
2822 3207 2915 3274 iis,
2943 3206 3040 3277 qui
3063 3205 3120 3260 in
3153 3203 3293 3276 ipsis
3323 3218 3487 3259 suam
3521 3200 3696 3256 collo-

2059 3299 2268 3352 carunt
2300 3295 2594 3353 fiduciam.
2628 3297 2864 3354 Similes
2895 3313 3032 3368 ergo
3063 3295 3145 3352 eis
3178 3295 3318 3351 ﬁant
3351 3294 3411 3360 ii,
3443 3291 3542 3363 qui
3574 3291 3697 3362 ipsa

2023 3392 2026 3395 '
2057 3385 2275 3452 colunt,
2307 3391 2363 3441 et
2389 3403 2588 3443 omnes
2619 3387 2715 3460 qui
2747 3387 3050 3444 confidunt
3079 3386 3140 3442 in
3172 3386 3275 3441 eis.

2126 3473 2266 3529 Xlll.
2303 3476 2446 3531 Cum
2491 3491 2628 3546 ergo
2661 3476 2779 3531 dux
2816 3476 3053 3531 vidisset
3091 3490 3187 3530 eos
3223 3479 3342 3529 tam
3374 3478 3567 3544 aperte
3608 3471 3696 3525 lo-

2053 3567 2236 3629 cutos,
2271 3568 2547 3637 tantaque
2604 3579 2735 3620 esse
2775 3564 3043 3636 praeditos
3100 3563 3366 3620 libertate
3406 3565 3462 3616 et
3512 3559 3695 3615 animi

2052 3652 2453 3723 magnitudine
2491 3671 2503 3721 ;
2537 3661 2591 3709 et
2650 3652 3031 3710 intellexisset
3079 3652 3203 3708 fieri
3263 3668 3379 3707 non
3419 3664 3590 3720 posse
3631 3651 3696 3701 ut

2046 3741 2238 3796 verbis
2272 3742 2354 3796 eis
2382 3743 2777 3814 persuaderet,
2808 3741 3092 3813 processit
3126 3741 3194 3797 ad
3223 3738 3548 3812 periculum
3586 3751 3689 3807 per

2044 3833 2336 3886 tormenta
2384 3830 2713 3887 faciendum
2746 3848 2758 3886 :
2791 3835 2848 3888 et
2877 3833 3112 3888 beatum
3159 3829 3394 3900 quidem
3425 3823 3686 3892 Sergium

2043 3919 2104 3975 in
2158 3920 2518 3976 tutissimam
2586 3921 2826 3977 tradidit
2886 3920 3238 3988 custodiam,
3299 3933 3399 3990 pro
3455 3917 3687 3984 accepto

2043 4009 2324 4065 beneficio
2358 4025 2489 4064 eum
2523 4009 2602 4065 sic
2635 4026 3024 4066 remunerans
3055 4027 3068 4066 :
3102 4007 3395 4065 Bacchum
3426 4007 3620 4060 autem
3655 4018 3688 4056 a

2042 4105 2290 4169 quatuor
2318 4099 2538 4154 fortiter
2569 4103 2894 4168 extensum,
2926 4100 3104 4156 boum
3135 4098 3327 4154 nervis
3350 4094 3531 4167 jussit
3551 4092 3690 4149 caedi

2043 4189 2372 4246 crudeliter.
2405 4193 2513 4246 Sed
2566 4191 2777 4247 licebat
2824 4191 3017 4248 videre
3066 4198 3319 4246 mentem
3370 4187 3541 4259 longe
3585 4202 3689 4240 na-

2043 4283 2174 4335 tura
2214 4279 2534 4346 fortiorem,
2569 4285 2626 4336 et
2664 4281 2841 4337 animi
2873 4280 3208 4336 institutum
3240 4279 3292 4333 vi
3324 4275 3531 4350 quavis
3562 4291 3693 4330 cor-

2041 4370 2200 4440 poris
2224 4369 2526 4425 excelsius.
2562 4369 2708 4426 Nam
2741 4369 3096 4426 sanctissimi
3118 4368 3352 4440 quidem
3380 4365 3537 4422 illius
3567 4381 3691 4420 cor-

2043 4457 2202 4529 poris
2216 4462 2412 4530 partes
2431 4458 2638 4514 avulsas
2661 4459 2928 4532 ﬂagellis,
2944 4458 3392 4529 disjiciebantur
3411 4457 3470 4511 in
3493 4455 3690 4526 ipsum

290 4539 566 4590 -ῑττοῦντο⁸
632 4537 880 4608 αἱμάτων
939 4537 996 4595 δὲ
1052 4544 1184 4596 κατὰ
1250 4551 1349 4620 γῆς
1404 4544 1655 4624 ἐφέροντο
1715 4549 1931 4624 ῥύακες,

2051 4563 2264 4617 aerem,
2297 4563 2399 4618 per
2437 4552 2649 4604 terram
2685 4553 2877 4605 autem
2928 4549 3265 4604 ferebantur
3304 4545 3409 4602 rivi
3457 4545 3692 4616 sangui-

290 4625 381 4679 καί
441 4623 736 4700 σπλάγχνα
783 4629 876 4700 μὲν
922 4635 1029 4684 τῶν
1063 4638 1271 4706 σαρκῶν
1328 4633 1656 4708 ἔγυμνοῦντο
1687 4641 1787 4709 τὴν
1837 4649 1935 4712 τῆς

295 4714 508 4790 φύσεως
593 4716 763 4785 αὐτῆς
833 4715 1124 4774 διάπλασιν
1186 4729 1301 4784 τοῖς
1359 4730 1616 4797 παροῦσιν
1670 4729 1942 4786 ἀνακαλυ-

299 4823 523 4857 πτοντα.
560 4805 729 4878 Ψυχὴ
772 4803 830 4860 δὲ
887 4808 976 4862 καὶ
1022 4808 1155 4880 αὐτή
1204 4810 1492 4867 ἀπολιπεῖν
1542 4817 1635 4870 τὸν
1692 4819 1940 4890 ἀθλητὴν

301 4889 446 4952 ὅλως
505 4889 849 4968 ἐπειγομένη,
911 4895 1065 4968 ὅμως
1112 4899 1332 4973 ἐπέμενε
1387 4903 1478 4957 καὶ
1551 4905 1775 4969 πλείους
1825 4889 1946 4964 ἔπι-

302 4986 540 5052 ζητοῦσα
594 4983 869 5055 κολάσεις,
919 4986 1009 5043 ’ἱνα
1064 4990 1498 5068 φιλοτιμοτέρων
1555 4999 1771 5061 πάντως
1830 4999 1947 5056 ἐπι-

294 5071 437 5145 τῦχη
467 5071 553 5125 ταὶ
583 5073 692 5129 τῶν
725 5071 1017 5148 βραϐείων.
1054 5079 1316 5155 Ἒχαιρον
1370 5084 1596 5158 ἄγγελοι
1637 5089 1736 5154 τήν
1791 5089 1945 5164 ὑπερ-

295 5163 402 5244 φυᾶ
480 5165 575 5214 τοῦ
665 5163 938 5238 μάρτυρος
1023 5169 1306 5244 καρτερίαν
1375 5172 1627 5241 ὁρῶντες.
1677 5163 1944 5233 Ἠνιῶντο

295 5241 546 5317 δαίμονές
593 5271 650 5304 τε
695 5251 898 5306 ἑαυτῶν
957 5258 1124 5324 ἧτταν
1179 5259 1281 5312 ὑπὸ
1336 5266 1454 5323 ταῖς
1526 5265 1737 5318 πάντων
1791 5263 1945 5339 ὄψεσι

295 5330 731 5430 Θριαμβεύοντες.
791 5341 1258 5419 ’Δπαγορεύοντες
1341 5349 1393 5403 οἱ
1469 5348 1664 5424 δήμιοι
1724 5357 1793 5427 τῇ
1839 5330 1949 5430 ’γῇ

292 5421 675 5482 κατεκλίνοντο
711 5447 724 5461 ο
755 5430 852 5485 καὶ
915 5433 942 5488 ὁ
1005 5434 1231 5510 μάρτυς,
1261 5437 1404 5502 εἶπες
1444 5437 1504 5494 ἃν
1561 5440 1718 5497 αὐτὸν
1777 5439 1947 5507 ὄντως

367 5588 387 5623 ⁸
419 5588 568 5650 Psal.
600 5610 759 5668 cxx",
789 5598 844 5654 4.

2049 4635 2141 4691 nis
2169 4652 2181 4691 :
2208 4639 2264 4692 et
2283 4637 2508 4693 viscera
2530 4637 2763 4709 quidem
2789 4637 3166 4693 nudabantur
3182 4636 3474 4704 carnibus,
3509 4633 3694 4704 ipsius

2053 4728 2270 4780 naturas
2311 4725 2720 4783 formationem
2769 4725 3088 4798 aperientia
3135 4725 3207 4781 iis
3255 4724 3354 4796 qui
3403 4724 3690 4779 aderant:

2053 4814 2249 4869 anima
2279 4819 2494 4882 autem,
2529 4831 2655 4886 quae
2705 4816 2830 4886 ipsa
2869 4831 3096 4886 quoque
3128 4814 3409 4870 athletam
3447 4812 3694 4868 festina-

2054 4903 2155 4957 bat
2204 4903 2554 4975 relinquere,
2588 4904 2918 4960 sustinebat
2953 4910 3170 4975 tamen,
3204 4905 3378 4960 etiam
3409 4902 3576 4975 plura
3607 4919 3695 4956 re-

2057 4989 2297 5060 quirens
2329 4991 2635 5062 supplicia,
2672 4996 2732 5046 ut
2763 4991 3002 5048 omnino
3034 4989 3501 5047 muniﬁcentiora
3536 5005 3696 5044 asse-

2057 5079 2590 5148 quereturbravia.
2627 5080 2996 5136 Lzetabantur
3039 5079 3248 5150 angeli,
3292 5080 3551 5136 videntes
3598 5080 3700 5132 ad-

2057 5166 2376 5222 mirabilem
2406 5169 2680 5240 martyris
2704 5173 3122 5226 constantiam.
3144 5169 3567 5226 Cruciabantur
3587 5169 3700 5222 daa-

2059 5271 2283 5327 mones,
2317 5259 2470 5328 quod
2526 5262 2690 5329 parta
2733 5259 2803 5314 de
2847 5258 2931 5315 eis
2990 5260 3244 5329 victoria,
3278 5260 3337 5314 in
3389 5263 3698 5331 conspectu

2056 5343 2318 5400 omnium
2365 5346 2798 5417 quodammodo
2858 5349 3165 5404 duceretur
3212 5349 3270 5404 in
3315 5347 3699 5420 triumphum.

2061 5433 2310 5492 Lictores
2340 5435 2479 5493 fessi
2512 5436 2673 5494 humi
2707 5438 3150 5518 accumbebant.
3174 5438 3474 5511 Martyrem
3507 5445 3699 5496 autem
