4106 6200
465 284 616 344 1023

1817 301 2101 366 MENSIS
2147 305 2526 367 OCTOBER.

3711 304 3873 364 10:24

458 447 660 504 videns
691 449 936 507 dixisses
974 470 1106 509 cum
1142 456 1223 513 ita
1253 473 1381 514 esse
1410 461 1698 530 affectum,
1732 469 1794 520 ut
1827 483 1944 522 non
1977 473 2096 524 tam

2213 464 2341 521 ίὸὼν
2403 465 2740 541 διακείμενον
2811 469 2874 523 οὐ
2947 469 3166 542 μάστιξι
3247 465 3482 542 μᾶλλον,
3543 468 3580 538 ἢ
3649 467 3873 522 ἄνθεσιν

463 535 660 606 ﬂagris
685 555 889 606 caesus,
910 559 1083 612 quam
1113 546 1304 601 vernis
1327 547 1562 605 ﬂoribus
1585 568 1933 624 conspersus
1949 556 2102 613 vide-

462 632 642 682 retur.
662 628 917 684 Tandem
939 647 1036 700 per
1052 649 1216 689 voces
1233 635 1500 694 caelestes
1515 645 1751 697 vocatus
1765 647 1856 698 est
1877 645 1944 699 ad
1963 646 2103 700 bea-

459 717 584 770 tum
604 717 791 772 locum
808 720 1039 789 quietis,
1056 723 1253 779 anima
1272 726 1601 798 depositain
1620 747 1826 788 manus
1843 733 2098 804 Opilicis.

532 805 680 860 XIV.
715 806 1091 878 Martyricum
1143 819 1336 869 autem
1387 817 1544 874 illius
1592 837 1804 892 corpus
1837 841 1869 878 a
1900 824 2103 880 bestiis

461 894 693 965 quidem
741 897 1138 956 devorandum
1183 907 1451 973 exposuit
1499 907 1594 964 ille
1627 909 1808 980 judex
1839 911 2098 983 iniquus.

460 985 768 1052 Ignorabat
799 994 1013 1057 autem,
1049 991 1278 1061 qualem
1307 1012 1506 1052 curam
1547 1004 1708 1070 gerat
1745 1016 1969 1072 eorum,
2003 1003 2102 1075 qui

463 1072 658 1142 ipsum
713 1074 986 1147 diligunt,
1019 1079 1175 1135 illius
1234 1082 1408 1155 Deus,
1461 1087 1557 1158 qui
1610 1088 1786 1144 etiam
1849 1072 2102 1148 ferarum

466 1166 729 1217 naturam
761 1168 867 1220 scit
917 1169 1218 1227 traducere
1245 1173 1320 1229 ad
1355 1177 1883 1248 mansuetudinem,
1917 1185 1974 1237 et
2005 1197 2103 1252 per

468 1250 598 1306 illas
629 1253 820 1309 adhuc
845 1257 1068 1326 majora
1100 1260 1283 1316 facere
1315 1264 1611 1322 miracula.
1645 1267 1798 1323 Ferae
1831 1269 1985 1324 enim
2011 1286 2100 1325 re-

461 1342 658 1397 veritze
689 1345 1028 1411 certamina,
1063 1365 1191 1418 quae
1223 1368 1326 1422 pro
1357 1353 1570 1424 pietate
1595 1355 1666 1412 ab
1691 1372 1757 1411 eo
1789 1362 1955 1413 erant
1976 1375 2104 1414 sus-

463 1434 646 1500 cepta,
680 1449 795 1488 non
827 1433 1012 1491 solum
1049 1438 1276 1495 nullum
1311 1457 1376 1496 ex
1403 1444 1527 1514 ejus
1558 1446 1837 1502 membris
1860 1448 2102 1503 omnino

462 1523 698 1590 tangere
754 1525 1200 1596 sustinuerunt;
1237 1531 1338 1586 sed
1381 1533 1576 1601 etiam,
1611 1536 1750 1592 dum
1801 1537 1873 1591 ad
1905 1535 2102 1607 sepul-

465 1625 628 1666 crum
659 1609 904 1668 ferretur
930 1632 960 1669 a
993 1616 1351 1690 Christianis,
1385 1637 1520 1678 eum
1553 1625 1950 1695 sequebantur
1981 1627 2102 1682 fun-

465 1706 664 1770 gentes
695 1717 935 1759 munere
964 1705 1304 1778 satellitum,
1337 1714 1395 1765 et
1435 1713 1535 1767 Dei
1569 1713 1762 1770 hostes
1798 1722 1989 1787 aperte
2019 1733 2105 1770 ar-

463 1793 707 1860 guentes
737 1792 1026 1848 amentiae.
1047 1795 1137 1851 Sic
1158 1798 1562 1870 ergoinclytus
1594 1803 1854 1860 Bacchus
1884 1820 1950 1860 ea
1981 1821 2104 1875 quae

462 1880 734 1950 cupiebat
765 1887 1088 1953 assecutus,
1109 1888 1176 1942 ad
1201 1889 1454 1946 cmlestia
1485 1894 1718 1948 transiit
1747 1893 2102 1952 habitacula.

530 1970 648 2027 XV.
697 1972 935 2043 Sergius
966 1979 1156 2031 autem
1193 1979 1384 2035 socius
1414 1980 1540 2050 ejus
1572 1982 1810 2038 relictus
1841 1987 1898 2038 et
1927 1983 2104 2039 mole-

464 2057 578 2114 stia
607 2061 1045 2119 distrahebatur
1078 2074 1312 2138 propter
1341 2072 1786 2141 separationem,
1819 2077 1875 2129 et
1901 2089 2106 2130 rursus

466 2148 662 2204 lzetitia
709 2160 940 2222 propter
986 2158 1495 2226 exspectationem.
1530 2161 1638 2217 Sed
1688 2179 1803 2219 non
1845 2163 2108 2235 despexit

469 2255 603 2293 cum
663 2256 810 2312 aegre
868 2241 1142 2300 ferentem
1221 2250 1646 2318 separationem
1722 2253 1914 2309 dulcis
1977 2254 2105 2323 ejus

469 2327 697 2383 amicus
747 2334 804 2385 et
834 2330 1174 2390 familiaris:
1208 2337 1309 2391 sed
1342 2338 1469 2395 laeto
1507 2340 1666 2395 vultu
1698 2342 1929 2398 divinus
1962 2343 2105 2398 Bac-

470 2416 634 2485 chus,
659 2421 717 2473 et
744 2424 1023 2477 consueto
1046 2422 1243 2480 habitu
1269 2426 1507 2484 militari
1531 2438 1702 2486 noctu
1725 2431 1775 2486 ei
1798 2447 2104 2503 apparens,

469 2522 600 2562 cum
650 2507 906 2564 amicum
946 2513 1332 2584 convenisset,
1362 2520 1418 2573 et
1445 2533 1579 2574 eum
1613 2519 1974 2593 implevisset
2004 2538 2108 2576 au-

473 2595 662 2663 dacia,
684 2601 742 2653 et
761 2598 888 2668 ejus
909 2600 1182 2658 discussit
1206 2605 1525 2678 tristitiam,
1551 2609 1847 2680 animique
1877 2610 2108 2683 aegritu-

473 2685 690 2755 dinem,
715 2691 772 2742 et
800 2687 1109 2748 ﬁrmiorem
1143 2693 1554 2768 fortioremque
1585 2699 1838 2754 reddidit
1871 2701 1939 2755 ad
1971 2717 2108 2771 sup-

467 2773 662 2846 plicia.
713 2776 815 2832 Die
857 2784 1054 2836 autem
1105 2785 1371 2854 sequenti
1420 2787 1538 2841 dux
1566 2804 1774 2844 rursus
1806 2789 2017 2845 sedens
2048 2791 2107 2844 in

461 2863 744 2920 tribunali
795 2881 927 2922 cum
981 2868 1214 2925 beatum
1249 2878 1512 2929 curasset
1543 2875 1782 2946 produci
1813 2876 2105 2948 Sergium,

464 2952 758 3010 leoninam
797 2955 1006 3026 pellem
1040 2975 1259 3016 exuens
1298 2962 1644 3031 versipellis,
1679 2964 1872 3020 induit
1900 2964 2106 3036 pellem

467 3041 679 3113 vulpis.
712 3043 782 3097 Et
812 3061 943 3100 cum
978 3046 1034 3101 in
1059 3063 1192 3103 eum
1225 3052 1536 3151 quamdam
1573 3052 1835 3110 ﬁnxisset
1865 3052 2109 3152 benevo-
2135 3082 2188 3152 Ο

467 3131 728 3198 tentiam,
761 3132 831 3186 ad
866 3133 1042 3189 ﬁdem
1075 3135 1399 3194 faciendam
1440 3139 1662 3211 aliquid
1701 3145 2106 3200 accommoda—

466 3221 588 3274 tum
625 3221 1124 3294 ostendens,quod
1159 3225 1378 3284 scilicet
1407 3227 1568 3284 illum
1594 3231 2006 3303 magistratum
2039 3250 2106 3290 ex

464 3325 531 3364 eo
561 3313 766 3366 nactus
802 3316 970 3380 esset,
1005 3329 1136 3370 eum
1184 3316 1486 3375 blanditiis
1517 3323 1792 3378 evocabat
1828 3325 1899 3379 ad
1933 3325 2104 3380 sacri-

465 3400 785 3472 ﬁcandum,
811 3404 1123 3473 perfectam
1137 3412 1192 3463 et
1210 3407 1536 3466 absolutam
1567 3429 1600 3468 a
1619 3412 1843 3470 Christo
1873 3431 2102 3487 separa-

463 3489 683 3547 tionem
714 3491 764 3548 ei
794 3492 990 3550 volens
1023 3498 1261 3556 reddere
1277 3517 1380 3571 pro
1411 3503 1710 3574 beneficio,
1744 3505 1983 3573 stultus,
2015 3505 2100 3560 sic

465 3594 698 3652 quoque
744 3583 961 3640 sensim
1003 3600 1135 3641 eum
1170 3588 1511 3660 alloquens:
1545 3592 1728 3648 Pudet
1768 3609 1859 3649 me
1889 3593 2096 3650 veteris

462 3668 622 3726 illius
655 3671 959 3744 felicitatis,
993 3680 1050 3732 et
1090 3678 1530 3751 beneficiorum,
1572 3699 1700 3755 quae
1732 3684 1791 3739 in
1835 3700 1927 3740 me
1957 3701 2096 3740 con-

462 3758 666 3826 tulisti,
699 3761 1051 3820 amicissime
1099 3766 1283 3839 Sergi,
1319 3785 1425 3826 nec
1473 3775 1529 3826 te
1559 3773 1797 3843 quidem
1841 3774 2096 3846 amplius

459 3849 578 3904 fero
600 3849 811 3906 intueri
841 3852 927 3908 sic
957 3871 1120 3910 reum
1152 3861 1403 3915 stantem
1433 3877 1535 3932 pro
1562 3866 1778 3919 nostro.
1809 3864 2096 3920 Tribuna-

458 3935 521 4008 li,
556 3938 651 4010 qui
683 3955 813 3996 sum
848 3943 1150 4011 minimus,
1180 3946 1229 4002 si
1260 3965 1394 4004 cum
1417 3953 1516 4006 tuo
1538 3953 1800 4009 conferar
1820 3953 2095 4025 splendo-

460 4043 543 4096 re,
565 4032 790 4100 tuasque
812 4031 1098 4104 amicitiae,
1122 4039 1178 4090 et
1194 4039 1460 4108 potentiae
1490 4056 1666 4112 opera
1686 4058 1817 4097 sum
1847 4059 2096 4114 praesen-

458 4119 574 4171 tem
590 4123 895 4177 assecutus
919 4122 1354 4194 magistratum.
1372 4127 1475 4185 llle
1497 4130 1729 4201 quidem
1753 4131 1874 4188 haec
1886 4132 2095 4190 callide

461 4204 834 4273 dicebat,hoc
847 4211 1034 4268 solum
1059 4215 1421 4284 machinans,
1438 4223 1504 4274 ut
1520 4234 1654 4275 eum
1667 4221 1908 4277 omnino
1930 4221 2093 4278 blan-

455 4294 546 4350 dis
567 4297 758 4354 verbis
775 4297 1033 4372 illiceret,
1057 4309 1114 4360 et
1136 4305 1535 4364 fraudulenter
1551 4310 1621 4364 ad
1635 4311 1900 4367 eamdem
1919 4312 2024 4368 ded
2035 4329 2093 4367 u-

457 4388 608 4439 ceret
629 4385 988 4458 religionem.
1015 4391 1116 4449 Ille
1137 4399 1363 4452 autem:
1390 4395 1496 4454 Sed
1522 4397 1696 4466 sime,
1719 4398 1929 4471 inquit,
1949 4400 2093 4458 velis

451 4488 611 4530 nunc
641 4490 871 4548 quoque
900 4478 958 4534 in
992 4482 1260 4539 maximis
1290 4485 1459 4540 bonis
1483 4486 1740 4558 accipere
1763 4487 2092 4546 benefacto-

453 4577 600 4633 rem,
632 4572 900 4640 prompto
930 4578 984 4626 el
1013 4572 1187 4628 alacri
1219 4574 1414 4630 animo
1444 4575 1548 4630 tibi
1581 4577 1688 4633 hac
1721 4577 1780 4634 in
1812 4596 1873 4635 re
1904 4580 2088 4636 inser-

451 4654 629 4710 viam.
677 4659 821 4713 Nam
876 4674 1007 4715 cum
1041 4663 1097 4717 te
1151 4661 1465 4720 liberavero
1509 4666 1582 4722 ab
1641 4666 1750 4724 hac
1801 4669 2089 4740 profunda

453 4743 811 4816 deceptione,
860 4748 1150 4806 adducam
1200 4752 1274 4808 ad
1313 4752 1503 4811 lucem
1549 4755 1830 4826 veritatis,
1861 4761 1917 4813 et
1949 4758 2090 4830 Regi

452 4831 772 4890 immortali
804 4838 1040 4894 reddam
1073 4840 1439 4900 familiarem.

518 4923 661 4980 XVI.
711 4925 837 4982 Non
876 4927 1146 4987 lubenter
1193 4935 1382 4990 audiit
1426 4951 1511 5004 ea,
1553 4952 1674 5007 quae
1725 4937 2086 5008 dicebantur,

448 5013 621 5071 homo
671 5016 768 5088 qui
817 5021 1183 5079 assuefactus
1241 5028 1365 5080 erat
1412 5025 1708 5097 interitui;
1742 5029 1844 5084 sed
1891 5029 2088 5086 statim

451 5104 721 5177 Sergium
773 5109 1005 5180 gravius
1041 5115 1097 5167 et
1143 5113 1404 5170 severius
1451 5116 1742 5188 aspiciens
1776 5133 1790 5172 :
1824 5118 1904 5174 Ne
1931 5118 2086 5187 deos,

448 5191 660 5264 inquit,
719 5195 1094 5269 blasphemes
1156 5201 1542 5262 immortales.
1604 5209 1820 5279 Martyr
1892 5214 2084 5262 autem

445 5286 638 5339 acrius
670 5289 842 5342 utens
875 5288 1106 5346 dicendi
1136 5289 1422 5363 libertate,
1446 5298 1634 5352 totum
1679 5296 1924 5352 faciebat
1955 5313 2088 5353 con-

446 5373 681 5429 trarium
710 5391 722 5428 :
749 5381 806 5432 et
864 5377 1018 5435 illius
1053 5381 1190 5437 deos
1221 5383 1513 5440 afﬁciebat
1535 5384 1761 5456 probris
1789 5403 1854 5442 ac
1885 5391 2088 5442 contu-

445 5459 651 5529 meliis,
685 5471 738 5519 et
767 5480 864 5521 eos
895 5469 1086 5525 solum
1141 5471 1382 5529 nomina
1422 5477 1667 5531 vocabat
1696 5491 1754 5532 re
1792 5476 2082 5532 carentia:

445 5563 542 5604 eos
576 5565 727 5620 vero,
759 5553 855 5621 qui
888 5555 1018 5613 illos
1052 5559 1374 5617 adorabant
1399 5566 1456 5619 et
1488 5564 1778 5634 colebant,
1813 5566 2084 5623 ostende-

445 5637 543 5694 bat
573 5639 760 5698 multo
781 5642 1004 5702 minore
1025 5661 1199 5705 sensu
1227 5665 1355 5709 esse
1383 5653 1655 5724 praeditos
1678 5671 1852 5727 quam
1878 5656 2088 5714 surdos

2208 556 2443 632 ἐαρινοῖς
2486 556 2838 633 καταχὲσθαι.
2873 558 3018 618 Ἕως
3067 555 3156 610 ἒπῖ
3205 558 3298 611 τὸν
3369 556 3702 631 μακαριστὸν
3769 563 3871 624 τῆς

2206 645 2557 708 ἀναπαύσεως
2611 643 2681 700 δι’
2739 645 3061 720 ἐπουρανίου
3120 653 3307 725 φωνῆς
3372 644 3580 716 ἐκλήθη
3660 645 3866 714 τόπον⁹

2205 740 2322 796 ταῖς
2353 740 2446 789 τοῦ
2479 733 2822 810 δημιουργοῦ
2867 735 3025 810 χερσῖ
3075 737 3175 804 τῆν
3225 737 3411 810 ψυχὴν
3459 735 3868 810 παραθέμενος.

2281 825 2378 882 IA'.
2409 826 2483 879 T6
2537 824 2716 898 μέντοι
2776 826 3106 898 μαρτυρικὸν
3162 823 3369 879 ἐκείνου
3435 830 3595 896 σῶμα
3661 826 3872 897 βρῶμα

2211 915 2304 986 μεν
2361 914 2550 988 θηρσὶν
2612 915 2639 968 6
2700 913 3018 988 παράνομος
3083 911 3342 983 δικαστὴς
3409 913 3591 968 ἐτίθει.
3646 912 3870 985 Ἠγνόει

2212 1000 2265 1057 δὲ
2321 1002 2534 1064 πάντως
2591 1004 2780 1064 ὁποῖος
2837 1004 2904 1071 ἧν
2963 999 3222 1073 κήδεσθαι
3281 1003 3391 1057 τῶν
3468 1000 3783 1080 φιλούντων
3842 1003 3870 1054 6

2207 1090 2412 1147 ἐκείνου
2469 1093 2622 1163 Θεὸς,
2689 1094 2747 1155 ’ὸς
2821 1091 2910 1146 καὶ
2988 1091 3194 1165 θηρίων
3268 1089 3387 1146 οἶδε
3461 1091 3618 1170 φῦσιν
3692 1111 3863 1162 μετα-

2208 1177 2431 1237 ϐάλλειν
2483 1182 2559 1243 είς
2610 1183 2954 1256 ἡμερότητα,
2987 1183 3076 1234 καὶ
3131 1180 3362 1252 μείζονα
3409 1175 3487 1234 ἔτι
3535 1178 3607 1234 δι’
3640 1177 3867 1234 ἐκείνων

2207 1275 2661 1348 θαυματοισργεῖν.
2723 1273 2862 1330 Τοὺς
2906 1272 3007 1344 γὰρ
3076 1270 3209 1343 ὑπὲρ
3275 1276 3375 1339 τῆς
3447 1263 3724 1329 εὐσεϐείας
3782 1268 3867 1321 αἶ-

2209 1359 2460 1434 δούμενοι
2542 1364 2639 1415 τοῦ
2714 1357 2908 1434 ἀνδρὸς
2967 1357 3165 1420 ἄθλους
3225 1362 3276 1413 οἱ
3325 1360 3509 1434 θῆρες,
3569 1358 3634 1412 οὐ
3690 1359 3867 1429 μόνον

2208 1447 2332 1504 οὐδὲ
2362 1450 2560 1523 ψαῦσαί
2607 1470 2753 1511 τινος
2782 1453 2890 1504 τῶν
2922 1449 3091 1502 αὐτοῦ
3121 1446 3304 1520 μελῶν
3343 1446 3490 1509 ὅλως
3530 1447 3869 1521 ἠνέσχοντο,

2207 1537 2352 1594 ἀλλὰ
2407 1539 2496 1592 καὶ
2554 1539 2692 1612 πρὸς
2748 1539 2923 1614 ταφὴν
2981 1537 3084 1592 ὑπὸ
3153 1538 3491 1612 Χριστιανῶν
3567 1537 3870 1612 φερομένῳ

2207 1626 2560 1701 παρείποντο,
2629 1625 2946 1703 δορυφόρων
3013 1626 3160 1699 τάξιν
3234 1625 3708 1698 ἀποπληροῦντες,
3775 1626 3869 1678 καὶ

2136 1717 2310 1824 Βτήν
2374 1720 2451 1787 τῷ
2527 1716 2818 1793 θεομαχῶν
2896 1714 3079 1770 ἄνοιαν
3150 1718 3392 1793 φανερῶς
3456 1712 3866 1788 διελέγχοντες.

2218 1805 2290 1824 n?‘
2449 1806 2465 1823 ἱ
2567 1804 2593 1824 Ὗ
2680 1806 2694 1824 ι
2763 1806 2776 1824 9
2827 1802 2872 1824 Ιδ
3056 1805 3127 1824 ἣν
3175 1823 3206 1824 κέ
3334 1805 3361 1821 ⁸³⁵*
3457 1803 3471 1824 2
3530 1803 3606 1824 ῨΛῙ
3673 1823 3680 1824 κ
3781 1823 3797 1824 7

2216 1805 2374 1862 Οὕτω
2409 1806 2504 1878 μὲν
2535 1804 2626 1859 οῦν
2673 1806 2700 1859 ὁ
2752 1802 3004 1877 ἀοίδιμος
3056 1805 3273 1878 Βάκχος
3322 1805 3395 1856 ὧν
3454 1803 3712 1876 ἐπεθ·5μει
3772 1823 3868 1856 τυ-

2216 1895 2352 1969 χὼν,
2384 1895 2519 1968 πρὸς
2567 1897 2662 1955 τὰς
2690 1892 2740 1948 ἓν
2772 1893 3021 1967 οὐρανοῖς
3053 1893 3252 1962 σκηνὰς
3285 1887 3569 1947 διαϐαίνει.

2288 1987 2387 2040 ΙΕ’.
2411 1985 2471 2041 Ὀ
2493 1982 2759 2044 σύναθλος
2792 1980 2849 2038 δὲ
2877 1984 3100 2058 Σέργιος
3128 1981 3478 2059 ἀπολειφθεὶς
3502 1979 3650 2054 λύπῃ
3682 2000 3743 2033 τε
3778 1976 3868 2033 δια

2214 2075 2304 2128 τὸν
2329 2074 2614 2148 χωρισμὸν
2664 2072 2754 2127 καὶ
2810 2069 2982 2147 ἡδονῇ
3013 2071 3176 2127 πάλιν
3214 2069 3304 2126 διὰ
3331 2070 3396 2124 τὰ
3423 2067 3868 2143 προσδοκώμενα

2216 2161 2513 2235 ἐμερίζετο.
2557 2161 2711 2219 Ἀλλ’
2771 2161 2832 2216 οὐ
2882 2158 3148 2235 περιεῖδεν
3229 2160 3393 2214 αὐτὸν
3448 2162 3526 2230 τῷ
3583 2161 3867 2235 χωρισμῷ

2214 2253 2489 2325 κάμνοντα
2546 2253 2573 2306 ὁ
2639 2250 2844 2326 γλυκὺς
2905 2251 3116 2322 ἑταῖρος
3200 2248 3290 2304 καὶ
3358 2247 3587 2322 ἐραστής
3631 2264 3644 2277 ⁸
3710 2246 3866 2301 ἄλλα

2216 2342 2413 2418 φαιδρᾷ
2459 2345 2527 2416 τῇ
2573 2339 2695 2414 ὄψει
2733 2342 2760 2394 6
2794 2345 2936 2405 θεῖος
2979 2341 3197 2414 Βάκχος
3228 2339 3318 2394 καὶ
3351 2338 3563 2407 συνήθει
3615 2341 3697 2408 τῷ
3763 2343 3865 2405 τῆς

2217 2432 2496 2508 στρατείας
2576 2431 2824 2503 σχήματι
2907 2429 3100 2491 νυκτὸς
3185 2426 3460 2504 ἐπιφανεῖς
3523 2425 3609 2480 καὶ
3674 2423 3866 2480 διαλε-

2217 2519 2372 2598 χθεὶς
2402 2524 2481 2592 τῷ
2529 2517 2674 2597 φίλῳ
2729 2517 2820 2574 καὶ
2879 2518 3106 2593 θάρσους
3164 2515 3475 2587 ἐτίπλήσας,
3504 2515 3566 2569 τὸ
3613 2516 3868 2587 σκυθρω-

2215 2611 2318 2664 πόν
2360 2630 2417 2664 τε
2454 2616 2552 2678 τῆς
2594 2607 2825 2682 ἀθυμίας
2875 2605 3115 2677 διέλυσε,
3161 2607 3250 2662 καὶ
3307 2603 3704 2682 ἀσφαλέστερον
3749 2603 3865 2674 ἅμα

2215 2698 2304 2754 καὶ
2360 2697 2725 2776 γενναιότερον
2807 2697 2944 2772 πρὸς
3023 2695 3122 2758 τὰς
3212 2691 3519 2768 μελλούσας
3585 2691 3862 2765 τιμωρίας

2219 2785 2484 2859 διέθηκεν.
2521 2788 2611 2849 Εἰς
2646 2785 2701 2842 δὲ
2730 2787 2827 2856 τῆν
2866 2786 2989 2859 ἑξῆς
3055 2782 3276 2849 καθίσας
3331 2785 3359 2838 6
3401 2779 3525 2852 δοὺξ
3556 2780 3644 2835 ἐπὶ
3679 2781 3866 2855 βήμα-

2217 2899 2331 2945 τος,
2380 2880 2471 2931 καί
2527 2884 2616 2931 τὸν
2689 2877 2955 2950 μακάριον
3047 2873 3382 2951 παραγαγὼν
3468 2870 3689 2945 Σέργιον
3760 2871 3864 2936 τήν

2218 2965 2448 3035 λεοντῆν
2479 2961 2776 3022 ἀποϐαλὼν
2809 2966 2836 3020 ὁ
2881 2962 3160 3034 ποικίλος,
3190 2963 3290 3032 τὴν
3333 2959 3624 3028 ἀλωπεκῆν
3679 2956 3867 3014 ἐνδύε-

2216 3076 2302 3109 ται
2338 3073 2351 3089 ⁸
2411 3055 2499 3110 καί
2539 3076 2661 3110 τινα
2719 3054 3071 3128 πλασάμενος
3140 3050 3216 3114 είς
3263 3050 3423 3106 αὑτὸν
3480 3045 3711 3116 εὔνοιαν,
3773 3048 3868 3102 καὶ

2217 3146 2406 3201 πιστὸν
2441 3142 2602 3214 δῆθεν
2642 3141 2966 3211 ἐπιδεικνὺς,
3009 3143 3092 3198 ὅτι
3141 3143 3241 3211 τὴν
3294 3140 3470 3216 ἀρχὴν
3519 3136 3730 3207 ἒκείνην
3781 3138 3872 3192 ὑπ’

2216 3235 2380 3290 αὐτοῦ
2464 3241 2746 3305 κτῆσαιτο,
2794 3231 3107 3294 κολακείαις
3181 3229 3338 3286 αὐτὸν
3435 3229 3512 3291 εἷς
3590 3227 3654 3282 τὸ
3722 3229 3875 3280 θεῖον

2216 3323 2539 3395 ἐξεκαλεῖτο,
2581 3324 2679 3391 τῆν
2759 3319 3004 3392 παντελῆ
3083 3323 3320 3394 Χριστοῦ
3388 3315 3758 3390 ἀλλοτρίωσιν
3816 3315 3870 3370 ἐν

2214 3415 2358 3484 τάξει
2425 3413 2668 3491 χαρίτων
2728 3410 3025 3468 ἀποδοῦναι
3081 3408 3442 3487 βουλόμενος,
3505 3409 3532 3462 δ
3591 3407 3870 3479 θεομισὴς

2211 3505 2299 3559 καὶ
2357 3504 2612 3573 ἀνόητος,
2645 3503 2823 3579 ἡρέμα
2874 3501 2930 3557 δὲ
2975 3502 3065 3556 καὶ
3113 3504 3279 3555 ταῦτα
3352 3496 3656 3577 ὕποφωνῶν
3693 3515 3706 3527 ·
3761 3497 3873 3550 Αἱ-

2212 3596 2480 3671 σχύνομαι
2524 3596 2623 3662 τήν
2668 3593 2903 3647 παλαιὰν
2955 3589 3165 3660 ἐκείνην
3226 3585 3572 3661 εὐδαιμονίαν
3609 3584 3702 3639 καὶ
3761 3584 3866 3646 τᾶς

2210 3685 2286 3747 εἷς
2349 3683 2446 3757 ἐμὲ
2519 3683 2770 3759 χάριτας,
2828 3680 3051 3756 φίλτατε
3125 3678 3337 3755 Σέργιε,
3387 3676 3721 3751 αἰσχύνομαι

2207 3775 2338 3836 τοὺς
2395 3774 2553 3836 θεοὺς
2604 3773 2694 3827 καὶ
2762 3769 2887 3827 οὐδὲ
2944 3771 3071 3845 ὁρᾷν
3122 3767 3198 3824 ἔτι
3259 3788 3316 3822 σε
3362 3765 3508 3844 φέρω
3565 3760 3864 3819 κοτάδικον

2209 3863 2353 3919 οὕτω
2408 3867 2488 3934 τῷ
2535 3861 2785 3936 ἡμετέρῳ
2849 3862 3056 3933 ϐήματι
3113 3855 3531 3932 παριστάμενον,
3567 3855 3595 3907 6
3640 3851 3866 3907 πολλο-

2207 3956 2330 4016 στὸς
2388 3952 2497 4029 ἐγὼ
2551 3953 2687 4027 πρὸς
2742 3954 2841 4020 τῆν
2909 3952 3007 4020 σὴν
3072 3947 3402 4023 ἐπιφάνειαν,
3433 3946 3526 4000 καὶ
3588 3950 3688 4013 τῆς
3751 3950 3860 4010 σῆς

2207 4043 2392 4123 φιλίας
2447 4042 2536 4098 καὶ
2596 4040 2902 4104 δυναστείας
2961 4036 3115 4116 ἔργον
3169 4041 3268 4108 τῆν
3337 4039 3611 4110 παροῦσαν
3670 4034 3862 4108 ἀρχῆν

2205 4133 2606 4210 περικείμενος.
2637 4133 2699 4189 Ὀ
2753 4131 2847 4205 μὶν
2902 4128 2991 4185 οῦν
3035 4127 3361 4204 πανούργως
3417 4123 3574 4199 ἔλεγε
3620 4123 3688 4178 τὰ
3743 4142 3865 4230 τοί;

2706 4221 2717 4230 .
3104 4219 3116 4230 .
3371 4212 3396 4230 ..
3627 4212 3640 4228 .
3692 4211 3706 4224 ι

2205 4228 2359 4292 αῦτα,
2415 4225 2577 4278 τοῦτο
2649 4221 2813 4294 μόνον
2885 4239 2943 4274 τε
3002 4219 3314 4295 χρώμενος,
3367 4212 3514 4274 ὅπως
3581 4211 3746 4266 αὐτὸν
3803 4211 3859 4278 ἐξ

2205 4313 2436 4374 ἅπαντος
2491 4308 2780 4384 ὑποκλέψῃ
2831 4306 2920 4362 καὶ
2985 4306 3122 4380 πρὸς
3180 4307 3279 4373 τῆν
3339 4300 3462 4372 ἴσην
3517 4300 3662 4371 αὐτῷ
3719 4301 3863 4371 θρη-

2122 4433 2180 4502 D
2207 4401 2382 4457 σκείαν
2442 4397 2684 4474 δολερῶς
2744 4398 3108 4474 ὑπαγάγηται.
3140 4396 3201 4452 Ὀ
3257 4392 3334 4465 δὲ,
3359 4389 3518 4450 Ἀλλ’
3549 4389 3597 4444 εἴ
3630 4387 3850 4465 βούλει,

2319 4489 2332 4502 ι
2472 4489 2485 4502 ι
2557 4493 2583 4502 α
2671 4486 2685 4502 9
2836 4491 2856 4502 υ
3044 4485 3054 4502 Ι
3299 4485 3326 4498 -ι
3437 4481 3451 4502 3
3488 4482 3641 4502 γηΑΡγ.
3703 4475 3823 4502 -.Ὶ--

2202 4489 2357 4568 φησὶ,
2397 4489 2489 4544 καὶ
2529 4493 2618 4542 νῦν
2667 4486 2718 4542 ἐν
2767 4491 2886 4550 τοῖς
2933 4485 3206 4562 μεγίστοις
3259 4485 3366 4538 τῶν
3427 4481 3642 4555 ἀγαθῶν
3702 4475 3857 4568 εὐερ-

2200 4565 2360 4655 γέτην
2404 4572 2591 4634 λαϐεῖν
2633 4597 2698 4650 με
2754 4577 3036 4651 πρόθυμος
3085 4571 3279 4646 ἔσομαί
3322 4591 3404 4648 γε,
3439 4565 3848 4642 Ἐλευθερώσας

2197 4670 2300 4745 γάρ
2388 4690 2444 4724 σε
2533 4674 2632 4737 τῆς
2702 4664 2923 4744 βαθείας
3013 4665 3216 4735 ταύτης
3290 4662 3522 4732 ἀπάτης,
3585 4663 3664 4762 τῷ
3739 4666 3857 4762 ,τῆς

2199 4757 2456 4828 ἀληθείας
2495 4757 2748 4830 προσάξω
2806 4755 2946 4835 φωτὶ
3005 4753 3094 4808 καὶ
3173 4751 3390 4826 βασιλεῖ
3452 4753 3532 4820 τῷ
3589 4749 3842 4822 ἀθανᾶτῳ

2198 4847 2594 4922 προσοικειώσο
2606 4867 2723 4920 μαι.

2271 4938 2360 5000 Ις’.
2418 4936 2533 4993 Οὐκ
2598 4936 2826 5005 ἤκουσεν
2896 4931 3076 5004 ἡδέως
3152 4936 3262 4988 τῶν
3330 4927 3642 5004 λεγομὲνων
3690 4928 3718 4981 ὃ
3778 4932 3856 5001 τῇ

2197 5025 2446 5097 ἀπωλείᾳ
2485 5025 2812 5090 συνεθισθεὶς
2878 5022 3161 5098 ἅνθρωπος
3193 5041 3205 5053 ·
3239 5017 3364 5075 ἀλλ’
3426 5011 3852 5091 ἐμϐριθέστερον

2197 5115 2391 5170 αὐτίκα
2419 5115 2624 5190 Σεργίῳ
2653 5115 2715 5169 τὸ
2751 5112 2976 5188 βλέμμα
3007 5106 3285 5166 ἐπιϐαλών
3319 5128 3332 5142 θ
3372 5108 3471 5177 Μὴ
3529 5104 3852 5182 βλασφήμει

2194 5205 2323 5268 τοὺς
2381 5205 2697 5273 ἀθανάτους,
2737 5197 2863 5282 ἔφη,
2912 5201 3088 5266 θεούς.
3125 5201 3228 5258 Καὶ
3269 5200 3297 5254 6
3351 5197 3556 5272 μάρτυς
3612 5191 3692 5263 δὲ,
3725 5195 3853 5268 θερ-

2201 5295 2427 5372 μότερον
2465 5294 2624 5350 πάλιν
2664 5296 2732 5368 τῇ
2783 5290 3058 5368 παρρησίᾳ
3120 5288 3493 5366 χρησάμενος,
3532 5283 3855 5372 τούναντίον

2197 5371 2345 5441 ἅπαν
2396 5386 2612 5441 ἐποίει·
2673 5384 2763 5440 καὶ
2834 5383 2963 5445 τοὺς
3031 5381 3237 5437 ἐκείνου
3296 5379 3416 5440 θεὸς
3486 5371 3731 5450 ἐξύϐριζὲ
3789 5395 3856 5428 τε

2197 5477 2286 5530 καὶ
2320 5477 2563 5549 ὀνόματα
2596 5478 2759 5548 μόνον
2801 5471 2996 5535 αὐτοὺς
3036 5468 3218 5526 ἐκάλει
3249 5467 3582 5568 πραγμάτων
3615 5462 3800 5568 ἔρημα
3835 5484 3850 5496 ·

2195 5563 2286 5618 καὶ
2343 5565 2472 5626 τοὺς
2546 5565 2979 5639 προσκυνοῦντας
3029 5559 3088 5615 δὲ
3132 5561 3220 5615 καὶ
3284 5553 3614 5630 σεϐομένους
3645 5553 3850 5614 αὐτοὺς

2196 5653 2680 5728 ἀναισθητοτέρους
2721 5650 2924 5724 πολλῷ
2970 5655 3077 5706 τῶν
3122 5653 3321 5731 κωφῶν
3372 5644 3588 5704 ἱκείνων
3633 5639 3848 5699 ἒδείκνυ
