4042 6222
238 352 390 413 1025

1240 342 1718 423 MARTYBIUM
1764 337 1870 401 SS.
1920 337 2179 400 SERGII
2226 337 2324 396 ET
2367 335 2666 397 BACCHI.

3484 342 3638 403 1026

232 513 390 566 θεῶν.
432 509 493 566 Ὀ
525 504 649 576 δοὺξ
698 502 875 560 τοίνυν
926 503 1000 566 ὡς
1052 504 1195 579 ἑώρα
1246 504 1549 558 κολακειῶν
1606 522 1664 557 τε
1715 500 1888 575 κρείτ-

2022 499 2127 557 llos
2168 500 2322 556 deos.
2355 500 2481 556 Dux
2538 503 2733 555 autem
2766 502 3076 572 postquam
3110 502 3250 560 vidit
3283 503 3544 575 Sergium
3587 508 3642 563 et

231 620 309 653 τω
392 598 485 653 καὶ
564 595 803 651 ἀπειλῶν
882 595 973 649 τὸν
1043 593 1291 668 Σὲργιον,
1341 593 1431 647 καὶ
1489 588 1604 647 οὐδ’
1638 592 1887 646 ὁπωσοῦν

234 684 566 743 ὑποδιδόντα
611 691 711 754 τῆς
752 682 1076 758 παρρησίας,
1110 680 1304 736 αὐτίκα
1360 682 1460 749 τὴν
1518 678 1886 753 κατεψευσμέ-

232 797 326 848 νην
386 776 595 845 ἐκείνην
647 772 833 852 φιλίαν
882 775 971 827 καὶ
1030 773 1093 827 τὸ
1149 776 1494 846 προσωπεῖον
1529 768 1889 842 ἀποδυσάμε-

235 886 327 927 νος
386 865 517 939 ὅπερ
558 865 625 932 ἦν
685 860 925 938 ἒναργῶς
974 858 1347 929 ἀπεδείκνυτο,
1406 859 1496 915 καὶ
1562 859 1638 921 ὡς
1696 853 1889 917 ἔοικεν,

243 957 289 1011 ΙΙ
321 953 507 1023 πολλή
555 972 681 1025 μου,
707 952 1217 1028 φησίν,ἠμερότης,
1247 948 1336 1004 καὶ
1368 948 1431 1003 τὸ
1462 948 1697 1023 ἀκαίρως
1728 951 1888 1002 τοῦτο

240 1045 377 1119 πρός
450 1064 505 1097 σε
563 1040 972 1119 φιλάνθρωπον,
1030 1040 1202 1094 ταῦτά
1261 1060 1318 1094 σε
1374 1039 1511 1114 πρὸς
1573 1037 1890 1107 ἀλαζονείαν

243 1132 459 1206 ἐπῆρεο
511 1131 600 1185 καὶ
661 1128 802 1185 οὕτω
858 1130 977 1183 καθ’
1043 1131 1206 1202 ἡμῶν
1264 1149 1321 1183 τε
1376 1127 1550 1183 αὐτῶν
1615 1127 1705 1181 καὶ
1756 1131 1890 1190 θεῶν

244 1221 464 1297 ἠρέθισε
488 1224 593 1274 τῶν
631 1219 909 1297 μεγάλων.
944 1217 1125 1275 ’Δλλὰ
1164 1216 1253 1273 καὶ
1298 1218 1389 1272 τὸν
1450 1220 1615 1291 τῦφον
1676 1216 1891 1289 ἀπομα-

244 1314 413 1385 θήσῃ,
464 1310 519 1365 εὗ
579 1307 721 1379 οἶδα,
764 1308 851 1363 καὶ
908 1306 1220 1381 ἐπιμελήσῃ
1287 1313 1390 1375 τῆς
1450 1303 1759 1375 αὐθαδείας,
1803 1305 1893 1359 καὶ

240 1401 427 1476 γνώσῃ
466 1399 687 1453 σεαυτὸν
747 1398 811 1452 οὐ
865 1398 1091 1471 μεσίτην
1140 1396 1262 1471 ἄρτι
1318 1400 1425 1450 τῶν
1476 1400 1673 1451 κοινῶν
1743 1390 1895 1467 ὄντα,

241 1486 368 1544 οὐδὲ
412 1489 558 1563 παρὰ
613 1484 831 1561 βασιλεῖ
866 1488 932 1541 τὰ
987 1485 1204 1561 μεγάλα
1262 1484 1577 1559 δυνάμενον,
1600 1483 1746 1540 ἀλλὰ
1793 1505 1897 1539 κα-

238 1578 493 1651 τάκριτον
552 1578 644 1631 καὶ
704 1572 991 1649 δεσμώτην
1048 1576 1138 1629 καὶ
1196 1574 1328 1629 εἷ’τι
1387 1572 1530 1629 ἄλλο
1576 1579 1693 1635 τοῖς
1754 1573 1895 1629 οὕτω

241 1671 497 1745 φρονοῦσι
556 1665 718 1720 κακὸν
788 1664 995 1721 ἕπεται.
1055 1666 1152 1718 Καὶ
1210 1663 1404 1718 αὐτίκα
1459 1665 1560 1732 τὴν
1636 1663 1742 1717 ἀπὸ
1799 1668 1896 1717 τοῦ

241 1757 506 1838 φρουρίου
583 1758 804 1830 Σουρῶν
853 1753 940 1809 ἐπὶ
1015 1754 1114 1822 τὴν
1174 1751 1338 1808 πόλιν
1379 1753 1669 1826 Ῥωσαφὼν
1740 1752 1896 1807 στελ-

241 1846 477 1920 λόμενος
535 1842 757 1907 ποθείαν
816 1843 844 1896 ὁ
902 1840 1052 1913 δοὺξ,
1110 1839 1361 1917 σιδηραῖς
1424 1848 1685 1917 κρηπῖσιν
1732 1840 1897 1910 ἥλοις

242 1935 385 2006 ὀξέσι
442 1932 887 2008 ἐμπεπαρμέναις
950 1933 1042 1987 τὸν
1089 1931 1339 2003 ἀθλητὴν
1406 1930 1737 2001 δποδεθῆναι
1797 1951 1897 1986 πα-

248 2024 560 2099 ρασκευάζει
596 2042 609 2055 ·
662 2022 751 2077 καὶ
813 2022 1106 2096 ἀχήματος
1160 2020 1323 2083 αὐτὸς
1383 2015 1593 2089 ἐπιϐὰς,
1654 2017 1895 2095 ἔμπροσ-

244 2117 332 2169 Θεν
391 2115 463 2175 ὡς
522 2113 642 2186 εἶχε
672 2108 856 2165 ποδῶν
895 2111 1115 2189 τρέχειν
1183 2111 1275 2165 τὸν
1332 2108 1484 2186 ἅγεον
1532 2108 1618 2165 ἐπὶ
1653 2105 1895 2182 ἑϐδομη-

244 2204 411 2258 κοντά
460 2222 567 2257 που
613 2198 862 2261 σταδίους
914 2198 1046 2274 ἄχρι
1104 2198 1513 2274 Τετραπυργίας
1577 2200 1892 2275 ἠνάγκαζεν.

240 2293 398 2349 Ὅσοι
470 2290 566 2361 μὶν
624 2287 717 2343 οὖν
798 2286 1066 2362 ἀπορρέον
1130 2288 1192 2343 τὸ
1251 2285 1433 2342 ποδῶν
1510 2290 1649 2361 αἷμα
1704 2288 1893 2362 ἑώρων

246 2378 539 2453 θαυμάζειν
586 2397 646 2432 τε
693 2377 879 2439 αὐτοῖς
932 2378 1177 2451 ἀτεχνῶς
1238 2375 1415 2450 ἐπῄει,
1448 2377 1538 2430 καὶ
1576 2377 1669 2431 τὸν
1724 2376 1897 2445 ἀθλη-

240 2469 339 2537 τὴν
406 2474 506 2536 τῆς
560 2465 843 2541 καρτερίας
901 2465 1323 2536 ἐκπλήττεσθαι.
1390 2464 1613 2538 Ἐκείνῳ
1674 2463 1730 2519 δὲ
1796 2465 1899 2540 ἄρα

246 2558 301 2613 αἱ
366 2561 475 2612 τῶν
530 2553 1005 2630 προσδοκωμένων
1063 2552 1282 2616 ἐλπίδες
1351 2551 1560 2627 ῥανίδες
1614 2552 1900 2627 παρακλη-

246 2668 380 2708 σεως
441 2646 577 2714 ἦσαν
621 2644 670 2717 ἐξ
737 2644 968 2719 οὐρανοῦ
1025 2644 1291 2712 στάζουσα
1346 2642 1430 2698 κτὶ
1487 2644 1549 2697 τὸ
1602 2644 1736 2718 βαρὺ
1789 2647 1896 2699 τῶν

248 2733 454 2790 ὀδυνῶν
517 2734 903 2809 ὑπεκούιριζον,
935 2730 1185 2801 ἀλύπως,
1216 2752 1275 2787 τε
1334 2730 1515 2806 εἴχετο
1577 2738 1676 2801 τῆς
1745 2728 1898 2804 ὁδοῦ,

247 2825 335 2879 καὶ
368 2823 460 2879 σὺν
492 2822 666 2897 ἡδονῇ
696 2828 865 2878 ταῦτα
891 2820 1225 2896 ὑπέψαλλεν·
1255 2846 1276 2875 ι
1300 2821 1609 2895 ’Υπομὲνων
1642 2822 1902 2895 ὒπέμεινα

248 2916 338 2969 τὸν
398 2915 592 2988 Κύριον
620 2933 633 2945 θ
666 2911 903 2987 προσέχε
938 2934 1030 2986 μοι
1088 2912 1177 2967 καὶ
1220 2911 1505 2981 είσήκουσε
1532 2914 1631 2976 τῆς
1665 2908 1899 2981 δεησεώς

257 3022 406 3077 μου’
452 3004 542 3057 καὶ
592 3002 831 3079 ἀνήγαγέ
884 3021 950 3075 με
994 2998 1053 3056 ἔκ
1102 3000 1308 3057 λάκκου
1355 3000 1756 3074 ταλαιπωρίας,
1810 3000 1901 3054 καὶ

1929 1888 1983 1954 Β

1998 589 2322 657 blanditiis,
2356 594 2414 645 et
2437 589 2611 646 minis
2628 604 2756 645 esse
2782 591 3157 662 superiorem,
3180 597 3237 649 et
3267 593 3409 649 nihil
3443 596 3637 651 remit-

1997 681 2216 734 tentem
2250 678 2319 733 de
2348 676 2625 748 loquendi
2656 676 2946 745 libertate,
2980 678 3141 734 illam
3172 680 3369 737 statim
3402 682 3643 738 ementi-

1999 772 2115 823 tam
2159 783 2375 823 exuens
2417 766 2731 824 amicitiam
2765 772 2820 821 et
2867 783 3192 838 personam,
3226 774 3421 841 aperte
3448 780 3638 827 osten-

2002 857 2089 913 dit
2120 857 2176 912 id
2210 858 2362 928 quod
2394 861 2517 913 erat
2550 872 2563 911 :
2595 860 2673 924 et,
2707 856 2910 927 Magna
2939 874 3086 925 mea,
3120 858 3331 931 inquit,
3365 877 3645 917 mansue-

2002 947 2164 1014 tudo,
2224 950 2279 1001 et
2345 946 2467 1001 haec
2534 945 2592 1001 in
2641 949 2696 1002 te
2747 946 3085 1017 importuna
3157 948 3509 1020 benignitas,
3572 952 3642 1005 ad

2003 1035 2391 1106 arrogantiam
2451 1038 2507 1090 te
2546 1034 2901 1103 extulerunt,
2934 1041 2990 1091 et
3022 1036 3107 1093 sic
3137 1037 3195 1091 in
3244 1055 3348 1095 nos
3380 1038 3552 1110 ipsos,
3589 1046 3647 1095 et

2003 1127 2141 1182 deos
2183 1142 2427 1198 magnos
2474 1130 2884 1199 provocarunt.
2917 1127 3026 1182 Sed
3061 1128 3325 1186 dedisses
3356 1132 3471 1201 (sat
3500 1132 3643 1203 scio)

2004 1215 2366 1286 superbiam,
2399 1219 2456 1271 et
2503 1215 2862 1273 Oblivisceris
2898 1220 3011 1271 tuae
3042 1220 3411 1290 arrogantiae,
3459 1226 3516 1276 et
3544 1236 3651 1277 co-

2003 1320 2250 1377 gnosces
2273 1304 2517 1373 teipsum
2552 1321 2669 1361 non
2700 1320 2827 1361 esse
2859 1322 3053 1363 rerum
3083 1309 3482 1366 communium
3517 1328 3649 1365 am-

2004 1394 2160 1467 plius
2190 1394 2657 1464 intercessorem,
2690 1411 2876 1465 neque
2925 1411 3100 1467 posse
3142 1397 3460 1468 plurimum
3492 1402 3648 1473 apud

2004 1483 2435 1553 imperatorem,
2456 1484 2556 1539 sed
2590 1498 2717 1540 esse
2750 1484 3092 1542 damnatum
3125 1495 3177 1543 et
3206 1488 3488 1561 vinetum,
3511 1496 3568 1547 et
3598 1492 3648 1546 si

2006 1572 2161 1643 quod
2207 1571 2367 1628 aliud
2400 1572 2621 1628 malum
2679 1574 2942 1643 sequitur
2971 1591 3088 1644 eos,
3121 1578 3220 1648 qui
3254 1578 3335 1635 ita
3364 1583 3646 1636 sentiunt.

2007 1662 2071 1717 Et
2102 1663 2301 1717 statim
2333 1679 2366 1717 a
2408 1662 2681 1733 prmsidio
2720 1666 2999 1719 Surorum
3034 1666 3149 1721 dux
3183 1669 3559 1738 proﬁciscens
3592 1672 3648 1726 in

2007 1750 2300 1807 civitatem
2346 1750 2770 1822 Rosapborum,
2803 1753 2977 1809 efﬁcit
3011 1760 3071 1809 ut
3101 1756 3395 1813 calceatur
3434 1759 3653 1816 athleta

2008 1841 2281 1912 crepidis,
2322 1840 2523 1896 ferreis
2574 1840 2751 1898 clavis
2804 1842 3047 1899 conﬁxis
3092 1860 3105 1899 :
3155 1850 3212 1901 et
3259 1852 3653 1905 conscendens

2003 1930 2357 1998 vehiculum,
2393 1930 2583 2002 coegit
2630 1938 2893 1987 sanctum
2945 1933 3026 1988 ita
3074 1935 3316 2005 pedibus
3358 1940 3651 2010 allectum,

2004 2024 2136 2075 ante
2168 2021 2362 2091 ipsum
2384 2036 2614 2077 currere
2646 2022 2713 2076 ad
2750 2024 3119 2093 septuaginta
3150 2026 3340 2083 stadia
3372 2045 3558 2101 usque
3580 2031 3651 2085 ad

2000 2108 2467 2181 Tetrapyrgiam.
2502 2111 2691 2181 Atque
2741 2111 3079 2183 quicunque
3110 2115 3345 2185 quidem
3384 2119 3654 2175 videbant

2004 2199 2349 2270 sanguinem
2381 2214 2411 2255 e
2442 2200 2686 2270 pedibus
2728 2200 3101 2273 defluentem,
3139 2204 3223 2260 eis
3264 2206 3434 2277 plane
3465 2210 3655 2264 admi-

2006 2288 2123 2343 rari
2157 2288 2425 2344 veniebat
2469 2288 2526 2343 in
2562 2297 2838 2359 mentem,
2872 2295 2928 2348 et
2958 2291 3188 2348 athletae
3230 2300 3463 2367 stupere
3514 2299 3653 2355 tole-

2006 2377 2279 2433 rantiam.
2309 2378 2539 2450 Martyri
2562 2386 2752 2435 autem
2784 2396 2919 2452 spes
2952 2397 3175 2454 eorum,
3202 2401 3326 2456 quae
3350 2393 3649 2458 exspecta-

2006 2467 2241 2534 bantur,
2268 2472 2434 2524 erant
2462 2472 2639 2540 guttas
2670 2469 3104 2540 consolationis,
3137 2490 3261 2545 quae
3292 2476 3577 2533 cadebant
3618 2494 3648 2535 e

2006 2558 2170 2625 ccelo,
2220 2563 2278 2614 et
2327 2558 2595 2615 levabant
2643 2560 2913 2615 dolorum
2970 2564 3336 2633 gravitatem.
3384 2570 3450 2621 Et
3507 2568 3653 2623 citra

2008 2648 2334 2703 molestiam
2379 2648 2656 2719 pergebat
2698 2648 2806 2705 iter
2853 2651 3099 2721 ingredi,
3134 2652 3184 2708 ei
3216 2653 3337 2711 haec
3368 2658 3660 2727 psallebat

2008 2752 2141 2792 cum
2178 2737 2377 2792 laetitia
2410 2753 2476 2791 ;‹‹
2511 2738 2866 2808 Exspectans
2894 2742 3212 2811 exspectavi
3247 2745 3579 2811 Dominum,
3605 2755 3658 2801 et

2008 2826 2261 2881 intendit
2283 2826 2447 2884 mihi.
2465 2827 2534 2882 Et
2555 2826 2847 2883 exaudivit
2869 2830 3332 2899 deprecationem
3363 2850 3545 2889 meam
3567 2854 3579 2891 :
3605 2844 3658 2891 ct

2009 2916 2208 2971 eduxit
2222 2932 2311 2972 me
2327 2916 2398 2971 de
2415 2915 2544 2972 lacu
2567 2917 3030 2986 afﬂictionis,ete
3050 2919 3171 2976 luto
3196 2920 3443 2979 faecis.Et
3457 2928 3661 2980 statuit

2010 3004 2070 3060 in
2088 3005 2401 3061 latitudine
2424 3005 2600 3077 pedes
2624 3021 2807 3073 meos,
2830 3012 2885 3063 et
2904 3008 3114 3064 direxit
3137 3026 3372 3081 gressus
3398 3028 3556 3069 meos
3568 3016 3605 3066 ⁸.
3629 3037 3656 3064 »ι

250 3094 357 3149 ἀπὸ
384 3092 575 3162 πηλοῦ
599 3091 778 3163 ἴλύος,
807 3091 898 3147 καὶ
930 3089 1145 3162 ἔστησεν
1182 3090 1232 3145 ἐν
1264 3090 1566 3166 εὐρυχώρῳ
1595 3091 1721 3152 τοὺς
1750 3088 1920 3155 πόδας
1954 3114 2058 3165 μου
2090 3094 2179 3148 καὶ
2218 3097 2505 3151 κατεύθυνε
2532 3094 2597 3150 τὰ
2626 3090 2941 3169 διαδήματα
2973 3118 3097 3171 μου.

324 3191 420 3240 ΙΖ’.
466 3185 555 3245 Ὠς
616 3181 671 3238 δὲ
744 3184 834 3238 καὶ
890 3184 989 3251 τὴν
1046 3182 1438 3257 τετραπυργίαν
1507 3179 1614 3251 ἤδη
1668 3180 1902 3235 κατελα-

252 3270 367 3344 60v,
426 3272 582 3328 αὐτὸν
652 3274 746 3346 μὲν
808 3272 858 3328 ἐν
928 3273 1144 3351 φυλακῇ
1214 3270 1500 3344 δεσμώτην
1550 3266 1903 3343 ἐλάμϐανεν·

254 3362 395 3416 οὕτω
427 3362 768 3438 προσταχθὲν
807 3362 909 3415 ὑπὸ
955 3365 1051 3415 τοῦ
1103 3360 1295 3423 δουκός
1333 3381 1345 3394 ·
1398 3360 1601 3415 ἐκεῖνον
1656 3357 1712 3414 δὲ
1744 3379 1907 3433 φρον-

253 3448 399 3513 τίδες
446 3450 497 3504 ἐν
547 3451 705 3525 χερσὶ
753 3447 1037 3523 δημοσίων
1072 3451 1407 3525 πραγμάτων
1437 3449 1607 3527 εἶχον.
1646 3446 1906 3522 Ἐσπέρας

256 3538 313 3595 δὲ
360 3538 467 3611 ἤδη
521 3539 822 3614 γενομένης
876 3540 1040 3614 μόνος
1090 3541 1237 3615 παρᾶ
1268 3542 1335 3613 τῇ
1378 3540 1596 3617 φυλακῇ
1630 3541 1657 3593 ὁ
1702 3538 1907 3613 μάρτυς

256 3629 603 3708 ἀπολεινρθεῖς
635 3654 662 3682 ‹‹
708 3631 773 3687 Οἱ
806 3628 1094 3696 ἐσθίοντες,
1130 3652 1155 3683 ι
1189 3624 1448 3703 ἔψαλλεν,
1486 3654 1511 3681 ι(
1563 3628 1757 3704 ἄρτους
1803 3649 1911 3701 μου

260 3718 598 3794 ἐμεγάλυναν
661 3718 743 3773 ἐπ’
816 3721 915 3792 ἒμὶ
981 3719 1332 3793 πτερνισμὸν.
1397 3742 1425 3770 ››
1486 3717 1584 3771 Καὶ
1636 3718 1910 3795 σχοινίοις

263 3805 522 3862 διέτειναν
582 3805 785 3882 παγίδα
841 3814 959 3869 τοῖς
1019 3806 1148 3861 ποσί
1212 3827 1339 3879 μου,
1389 3807 1479 3860 καὶ
1541 3803 1912 3880 διελογίσαντο

261 3902 358 3952 τοῦ
415 3896 771 3952 ὑποσκελίσαι
831 3897 896 3951 τὰ
962 3891 1280 3968 διαδήματά
1341 3916 1467 3969 μου.
1520 3894 1678 3950 Ἀλλ’
1728 3893 1912 3965 αὺτὸς,

266 3986 452 4061 Κύριε,
503 3988 693 4061 Κύριε,
762 3986 1075 4065 πρὸιροασον
1137 3984 1329 4047 αὐτοὺς
1388 3984 1478 4038 καὶ
1554 3982 1914 4038 ὑποσκὲλισον

267 4077 483 4147 αὐτοὺς,
512 4078 602 4131 καὶ
654 4075 805 4150 ῥῦσαι
856 4076 962 4131 ἀπὸ
1004 4070 1210 4129 ἀσεϐῶν
1258 4076 1357 4143 τήν
1418 4075 1603 4147 ψυχήν
1671 4094 1775 4145 μου
1825 4074 1913 4127 καὶ

269 4166 326 4221 ἐκ
380 4168 566 4242 χειρὸς
626 4166 785 4227 κυνὸς
858 4167 957 4235 τὴν
1047 4171 1308 4237 μονογενῆ
1404 4184 1529 4236 μου.
1574 4164 1733 4227 ’Όθεν
1786 4160 1914 4217 οὐδὲ

268 4255 653 4329 ἀπαράκλητον
706 4254 866 4308 αὐτοῦ
914 4256 1013 4323 τήν
1062 4255 1246 4327 ψυχὴν
1285 4251 1452 4307 πάλιν
1484 4253 1511 4305 ὁ
1550 4250 1678 4313 τοὺς
1720 4261 1913 4330 στεφα-

264 4364 386 4405 νους
419 4344 568 4415 αὐτῷ
598 4342 813 4397 πλὲκων
853 4341 1049 4396 ἄνωθεν
1082 4338 1345 4415 περιεῖδεν
1372 4360 1383 4373 ·
1420 4339 1564 4395 ἀλλὰ
1584 4336 1912 4413 κηδεμονίαν

263 4452 320 4485 τε
378 4428 596 4498 πολλὴν
662 4431 787 4505 περὶ
852 4429 1042 4485 τοῦτον
1105 4427 1488 4497 ἐπιδείκνυται,
1538 4428 1625 4483 καὶ
1684 4427 1916 4503 ἄγγελον

268 4520 415 4592 αὐτῷ
452 4521 587 4573 κατᾶ
621 4519 789 4591 μέσην
838 4517 1103 4591 ἐκπέμπει
1151 4518 1250 4584 τὴν
1293 4517 1455 4571 νύκτα
1489 4536 1501 4549 ·
1546 4518 1603 4577 ὃς
1650 4516 1916 4589 πρότερον

266 4611 364 4676 τήν
426 4606 632 4663 ἐκείνου
690 4609 876 4682 ψυχὴν
918 4605 1093 4676 ἡδέως
1152 4606 1614 4679 ἀνακτησάμενος,
1666 4605 1777 4661 εἶτα
1826 4608 1915 4660 καὶ

264 4701 361 4752 τοῦ
432 4698 685 4769 σώματος
748 4696 1122 4768 ἐπιμεληθεὶς,
1178 4696 1267 4749 καὶ
1324 4694 1456 4757 τοὺς
1527 4692 1697 4755 πόδας
1754 4694 1919 4749 αὐτοῦ

2004 3364 2248 3434 jubente

2077 3187 2245 3241 XVII.
2288 3188 2606 3259 Postquam
2640 3192 2834 3246 autem
2858 3191 2984 3261 jam
3018 3193 3426 3263 pervenissent
3454 3197 3657 3251 Tetra-

2008 3274 2295 3345 pyrgiam,
2328 3280 2521 3345 ipsum
2554 3278 2790 3348 quidem
2823 3280 3050 3350 excepit
3080 3281 3367 3349 custodia,
3401 3284 3549 3339 duce
3582 3286 3659 3339 ita

2309 3380 2322 3419 :
2365 3364 2530 3420 illum
2591 3370 2781 3421 autem
2834 3372 3105 3437 urgentes
3138 3386 3288 3426 cura)
3331 3373 3659 3443 reipublicae

2014 3455 2330 3507 tenuerunt
2377 3456 2751 3523 occupatum.
2786 3455 2927 3509 Cum
2963 3460 3156 3511 autem
3192 3457 3306 3528 iam
3363 3466 3515 3515 esset
3565 3479 3650 3516 ve-

2018 3556 2169 3609 sper,
2197 3548 2411 3611 martyr
2440 3540 2675 3597 relictus
2715 3542 2875 3598 solus
2908 3544 2967 3599 in
3016 3546 3296 3616 custodia,
3331 3549 3616 3619 psallebat
3646 3567 3659 3605 :

2021 3651 2049 3681 ‹‹
2079 3630 2185 3693 Qui
2235 3631 2623 3685 comedebant
2654 3648 2830 3701 panes
2864 3649 3039 3701 meos,
3075 3637 3528 3705 magniﬁcarunt
3559 3658 3662 3694 su-

2019 3736 2121 3791 per
2152 3735 2243 3775 me
2265 3719 2800 3791 supplantationem
2824 3722 2863 3775 ”¹.
2890 3722 3001 3777 nEt
3024 3724 3259 3780 funibus
3281 3729 3663 3785 extenderunt

2018 3808 2294 3880 laqueum
2318 3810 2563 3881 pedibus
2595 3810 2827 3876 meis,et
2849 3812 3245 3883 cogitaverunt
3279 3816 3661 3886 supplantare

2020 3918 2259 3974 gressus
2288 3918 2469 3957 meos.
2498 3903 2606 3959 Sed
2631 3907 2713 3968 tu,
2738 3903 3003 3971 Domine,
3028 3905 3295 3973 Domine,
3318 3909 3586 3976 praeveni,
3614 3915 3668 3963 et

2020 3990 2335 4063 supplanta
2366 4007 2499 4048 eos:
2531 3996 2589 4047 et
2619 3992 2800 4049 libera
2826 3993 2897 4049 ab
2930 3993 3129 4065 impiis
3161 3996 3415 4051 animam
3442 4013 3663 4052 meam:

2020 4087 2077 4138 et
2125 4082 2195 4137 de
2228 4098 2403 4135 manu
2448 4082 2609 4137 canis
2640 4082 2875 4138 unicam
2908 4098 3117 4139 meam.
3151 4086 3337 4149 Quare
3381 4102 3484 4140 nec
3530 4102 3669 4142 con-

2025 4170 2327 4225 solationis
2358 4175 2652 4242 expertem
2702 4173 2827 4242 ejus
2872 4172 3130 4227 animam
3164 4190 3362 4229 rursus
3402 4175 3671 4246 dexpcxit

2025 4260 2097 4329 is,
2127 4264 2225 4333 qui
2276 4278 2306 4316 e
2352 4261 2578 4331 superis
2607 4261 2657 4318 ei
2689 4263 2955 4317 nectebat
2985 4278 3247 4329 coronas,
3281 4265 3382 4319 sed
3415 4270 3471 4319 et
3515 4264 3669 4320 mul-

2027 4356 2143 4407 tam
2176 4368 2238 4407 se
2266 4351 2393 4421 ejus
2423 4368 2621 4406 curam
2680 4367 2879 4422 gerere
2910 4353 3182 4418 ostendit,
3230 4360 3281 4410 et
3314 4353 3586 4425 angelum
3617 4355 3670 4409 ei

2026 4441 2188 4497 misit
2219 4442 2409 4496 media
2441 4446 2608 4495 nocte
2662 4458 2676 4497 :
2720 4442 2841 4511 qui,
2876 4457 3009 4497 cum
3044 4443 3205 4513 prius
3236 4442 3384 4497 illius
3414 4445 3667 4499 animam

2020 4532 2279 4602 jucunde
2311 4534 2653 4598 recreasset,
2686 4534 2741 4587 et
2778 4530 2987 4585 deinde
3018 4531 3193 4586 etiam
3227 4548 3439 4603 corpus
3470 4550 3673 4588 curas-

2028 4626 2137 4687 set,
2174 4628 2226 4676 et
2286 4622 2481 4693 pedes,
2532 4620 2627 4693 qui
2662 4621 2810 4676 male
2842 4638 2900 4677 se
2949 4620 3260 4690 habebant,
3294 4634 3577 4688 sanasset,
3620 4628 3677 4678 et

2026 4718 2307 4783 tanquam
2339 4728 2471 4767 cum
2522 4712 2772 4782 quodam
2803 4711 2991 4767 amico
3022 4717 3077 4766 et
3125 4712 3358 4767 concive
3390 4728 3495 4767 suo
3526 4714 3677 4767 ami-

266 4788 524 4861 πονήρως
584 4786 687 4841 ὑπὸ
742 4789 852 4839 τῶν
907 4782 1142 4859 πληγῶν
1218 4778 1446 4858 ἔχοντας
1522 4783 1765 4857 ὑγιασας,
1825 4784 1903 4837 κα

2027 4800 2262 4857 cissime
2293 4805 2448 4857 esset
2476 4802 2726 4865 locutus,
2760 4804 2815 4856 et
2837 4816 2971 4855 eum
3002 4800 3329 4872 amplexus,
3353 4802 3520 4870 longe
3553 4801 3673 4855 ala-

266 4876 503 4948 καθαπερ
599 4875 797 4949 ἑταίρῳ
878 4875 982 4929 τινὶ
1050 4876 1138 4929 καὶ
1198 4873 1513 4948 συμπολίτῃ
1576 4872 1915 4951 φιλικώτατα

271 4965 587 5044 διαλεχθεὶς
646 4966 734 5020 καὶ
766 4966 1270 5037 κατασπασάμενος,
1304 4965 1746 5039 προσθυμότερον
1780 4961 1920 5018 πολ-

273 5055 353 5127 λῷ
380 5056 515 5130 πρὸς
547 5056 639 5109 τὸν
672 5053 856 5129 ἄγῶνα
893 5052 1163 5123 διέθηκεν.

345 5145 457 5200 ΙΗ’.
516 5145 721 5200 Ἑωθεν
800 5143 980 5198 τοίνυν
1035 5142 1258 5206 καθίσας
1333 5142 1423 5197 ’ἐπὶ
1498 5145 1597 5197 τοῦ
1670 5142 1920 5217 βήματος

274 5231 436 5286 παλιν
495 5234 523 5287 ὁ
585 5230 730 5303 δοὺξ,
780 5230 992 5287 κελεύει
1057 5232 1167 5286 τισῖ
1226 5235 1331 5286 τῶν
1372 5232 1748 5304 περιεστώτων
1802 5230 1925 5307 ἀφε-

274 5319 539 5393 λομένους
596 5323 689 5376 τὸν
752 5322 1017 5395 μακάριον
1075 5320 1179 5375 ἀπὸ
1231 5327 1327 5389 τῆς
1381 5318 1629 5397 φυλακῆς
1680 5318 1761 5387 (οὐ
1820 5321 1922 5393 γὰρ

276 5408 436 5473 αὐτὸς
482 5406 703 5464 δυνατὸν
751 5410 888 5464 εἶναι
942 5412 1249 5484 χρησασθαι
1295 5413 1416 5470 τοῖς
1452 5408 1610 5461 ποσὶν
1656 5406 1758 5460 ὑπὸ
1814 5410 1924 5459 τῶν

276 5497 505 5571 πληγῶν
561 5494 723 5573 ᾤετο)
780 5499 917 5575 πρὸς
969 5499 1153 5554 ἒκυτὸν
1216 5498 1305 5553 καὶ
1350 5498 1412 5552 τὸ
1469 5498 1623 5572 βῆμα
1676 5494 1921 5568 κομίσαι.

348 5686 371 5720 ⁸
403 5685 552 5743 Psal.
586 5705 777 5755 xxxix,
814 5690 837 5744 1
874 5705 1005 5761 sqq.
1110 5688 1130 5720 ⁷
1164 5688 1314 5743 Psal.
1348 5704 1437 5759 XL,
1475 5688 1563 5742 10.

2026 4890 2266 4947 eriorem
2300 4890 2552 4945 reddidit
2581 4891 2653 4945 ad
2684 4897 2993 4946 certamen.

2098 5139 2305 5194 XVIII.
2340 5138 2509 5194 Mane
2542 5153 2673 5209 ergo
2719 5138 2931 5194 sedens
2970 5138 3086 5193 dux
3144 5139 3201 5194 in
3254 5140 3550 5208 tribunali,
3576 5142 3676 5212 ju-

2030 5228 2127 5283 bet
2158 5228 2515 5298 quibusdam
2565 5243 2633 5281 ex
2680 5228 2775 5291 iis,
2808 5228 2907 5297 qui
2952 5228 3284 5292 adstabant,
3318 5235 3380 5283 ut
3412 5240 3677 5286 sanctum

2031 5319 2297 5374 tollentes
2326 5333 2358 5372 e
2388 5316 2657 5372 custodia
2678 5318 2887 5387 (neque
2918 5317 3072 5372 enim
3096 5318 3331 5388 putabat
3355 5318 3477 5373 ﬁeri
3510 5336 3679 5391 posse

2032 5424 2146 5479 prae
2182 5406 2390 5478 plagis,
2424 5409 2487 5461 ut
2518 5410 2780 5461 uteretur
2800 5406 3088 5478 pedibus),
3113 5407 3185 5461 ad
3208 5424 3378 5463 suum
3412 5409 3678 5465 deterant

2032 5495 2469 5554 tribunal.Cum
2493 5494 2577 5551 illi
2604 5500 2802 5552 autem
2834 5496 3213 5553 accessissent
3243 5497 3300 5553 in
3325 5498 3671 5571 custodiam,
