4106 6200
468 326 619 385 1027

1815 325 2094 387 MENSIS
2141 327 2518 390 OCTOBER.

3717 342 3872 404 10:28

455 485 656 542 statim
713 485 822 542 fuit
879 492 1116 557 martyr,
1186 490 1249 542 ut
1307 487 1524 558 aquila,
1582 496 1911 555 renovatus,
1975 504 2076 544 non

2199 492 2318 542 Τῶν
2379 487 2434 546 δὲ
2499 492 2633 564 πρὸς
2687 496 2786 565 τήν
2853 494 3102 572 φυλακῆν
3150 503 3637 579 παραγενομένων,
3697 507 3864 568 ἀετὸς

457 577 648 632 ablata
695 584 987 633 senectute
1038 578 1137 633 sed
1180 577 1453 634 omnibus
1499 577 1864 635 vulneribus.
1905 579 2100 649 Neque

454 667 610 721 enim
643 683 790 738 opus
823 666 1028 720 habuit
1077 683 1278 736 manu,
1312 684 1438 738 qua:
1473 682 1605 721 eum
1638 667 1968 736 sustineret,
2001 675 2100 722 aut

456 756 508 810 ei
561 756 800 810 omnino
850 771 1016 825 opem
1053 755 1224 810 ferret
1278 757 1346 810 ad
1389 755 1860 827 ingrediendum,
1891 756 1990 812 sed
2040 759 2098 811 et

457 845 659 900 leviter
717 845 1170 916 ingrediehatur,
1221 851 1276 899 et
1326 845 1566 916 pulchre
1625 847 1983 912 movebatur,
2043 850 2098 900 et

453 937 576 989 erat
624 949 821 988 revera
853 933 1016 988 testis
1072 934 1183 988 ﬁde
1213 934 1424 1004 dignus
1456 934 1679 990 invictae
1729 939 1786 988 et
1831 935 2094 1005 omnipo-

455 1021 628 1078 tentis
661 1021 873 1078 Christi
907 1021 1161 1077 virtutis.
1195 1023 1336 1078 Cum
1369 1023 1521 1078 enim
1567 1023 1650 1078 sic
1683 1024 1949 1078 affectum
1984 1025 2097 1077 dux

452 1113 775 1184 aspexisset
797 1111 1047 1177 eminus,
1071 1113 1225 1182 apud
1258 1128 1318 1166 se
1350 1111 1670 1167 mirabatur
1691 1112 1922 1168 tacitus.
1949 1114 2093 1168 Cum

453 1208 643 1256 autem
667 1202 786 1271 jam
821 1217 998 1271 prope
1028 1205 1204 1264 esset,
1236 1216 1361 1256 eam
1395 1217 1514 1256 rem
1548 1202 1788 1256 vocabat
1820 1203 2093 1272 magiam,

452 1295 508 1345 et
556 1290 692 1346 deos
742 1289 996 1359 jurabat,
1028 1294 1085 1344 et
1131 1305 1228 1345 eos
1289 1290 1526 1344 vocabat
1574 1290 1635 1345 in
1693 1291 2092 1346 testimonium

455 1397 656 1437 eorum
687 1396 818 1452 quae
868 1379 1114 1435 dicebat.
1149 1379 1295 1444 Quid
1350 1384 1438 1436 est
1481 1382 1636 1436 enim
1668 1381 1847 1448 aliud,
1880 1381 2090 1451 aiebat,

453 1470 604 1541 quod
628 1479 680 1526 et
712 1471 862 1540 apud
890 1469 1295 1540 imperatorem
1342 1471 1393 1524 ei
1419 1471 1577 1542 prius
1599 1474 1824 1526 tantam
1847 1473 2094 1543 praebuit

452 1559 743 1628 fiduciam,
777 1565 836 1614 et
883 1575 1038 1615 nunc
1090 1560 1288 1616 statim
1321 1560 1492 1630 sopiit
1542 1569 1596 1616 et
1644 1561 1874 1616 obtudit
1931 1579 2091 1618 acres

447 1648 677 1705 dolores
708 1647 1036 1714 vulnerum,
1062 1648 1174 1704 nisi
1209 1654 1406 1720 aperta
1439 1649 1652 1721 magia,
1677 1655 1730 1705 et
1760 1650 1934 1706 verba
1965 1668 2089 1722 quae

448 1743 511 1793 ut
564 1739 881 1809 plurimum
931 1738 1155 1796 curiose
1186 1742 1243 1794 et
1294 1738 1611 1809 sophistica
1661 1739 2091 1796 incantantur?

2210 577 2274 645 ἦν
2305 576 2362 632 ἔκ
2410 589 2600 650 καινῆς
2634 585 2665 638 ό
2700 586 2907 659 μάρτυς
2940 584 3000 641 οὒ
3032 589 3092 643 τὸ
3144 598 3340 666 γῆρας,
3372 593 3520 648 ἀλλὰ
3562 597 3663 657 τὰς
3714 595 3865 667 πλη-

2206 667 2304 741 γὰς
2351 669 2522 734 πάσας
2571 671 2998 748 ἀποξυσάμενος.
3056 677 3197 735 Οὐδὲ
3255 682 3358 757 γὰρ
3414 680 3611 755 ἐδεήθη
3669 687 3865 760 χειρὸς

2207 755 2529 831 ἀνεχούσης,
2587 760 2622 828 ἢ
2681 763 2744 817 τὸ
2832 766 3084 840 παράπαν
3161 767 3307 840 αὑτῷ
3357 769 3864 845 συλλαμϐανούσης

2207 844 2344 916 πρὸς
2409 849 2507 915 τήν
2594 844 2836 923 πορείαν,
2896 853 3041 910 ἀλλᾶ
3119 858 3338 934 κούφως
3389 882 3446 915 τε
3503 857 3684 917 ἔϐαινε
3772 865 3862 918 καὶ

2210 935 2439 1010 σοϐαρὸν
2495 938 2742 1010 ἐκινεῖτο,
2801 945 2890 998 καὶ
2952 946 3155 1021 μάρτυς
3220 950 3286 1017 ἦν
3365 950 3586 1020 ἀληθῶς
3640 954 3865 1023 ἀξιόπιο

2207 1049 2330 1089 στος
2375 1036 2476 1098 τῆς
2531 1032 2753 1107 ἀμάχου
2803 1035 2891 1088 καὶ
2929 1039 3256 1103 πανσθενοῦς
3292 1045 3387 1095 τοῦ
3420 1046 3657 1116 Χριστοῦ
3688 1043 3862 1100 δυνά-

2211 1137 2376 1187 μεως.
2411 1119 2569 1176 Οὕτω
2601 1119 2657 1176 δὲ
2687 1123 2845 1178 αὐτὸν
2879 1126 2906 1178 ὁ
2949 1123 3078 1197 δοὺξ
3123 1123 3321 1202 ἔχοντα
3360 1130 3641 1206 πόρρωθεν
3692 1157 3859 1190 κατι-

2207 1202 2336 1274 δὼν,
2387 1209 2572 1286 ἡσυχῆ
2630 1213 2749 1266 καθ’
2801 1212 2990 1269 ἑαυτὸν
3047 1215 3421 1292 ἀπεθαύμαζεν
3455 1239 3469 1253 ·
3522 1222 3595 1283 ὡς
3655 1221 3713 1278 δὲ
3766 1226 3853 1279 καὶ

2204 1292 2439 1365 πλησίον
2489 1297 2700 1371 γένοιτο
2751 1298 2883 1372 ἤδη,
2911 1304 3135 1380 μαγείαν
3167 1327 3224 1361 τε
3271 1308 3334 1362 τὸ
3373 1314 3601 1386 πρᾶγμα
3642 1312 3855 1384 ἐκάλει,

2202 1384 2292 1438 καὶ
2342 1385 2496 1448 θεοὺς
2561 1385 2802 1461 ἐπώμνυ,
2862 1392 2951 1446 καὶ
3004 1395 3278 1468 μάρτυρας
3352 1397 3545 1460 αὐτοὺς
3604 1399 3851 1456 ἐποιεῖτο

2201 1477 2307 1526 τῶν
2361 1472 2693 1550 λεγομὲνων.
2727 1477 2794 1534 Τί
2842 1479 2941 1554 γάρ
2997 1479 3137 1537 ἐστιν
3191 1481 3393 1560 ἕτερον,
3434 1481 3638 1562 ἔλεγεν,
3671 1489 3700 1543 ’ὁ
3763 1492 3853 1545 καί

2201 1563 2345 1635 παρὰ
2397 1561 2617 1636 βασιλεῖ
2665 1567 2926 1642 πρότερον
2968 1569 3115 1642 αὑτῷ
3164 1573 3432 1645 τοσαύτην
3476 1561 3711 1656 παρεῖχε
3755 1583 3856 1648 τήν

2200 1651 2526 1727 παρρησίαν,
2585 1655 2674 1709 καὶ
2727 1660 2817 1711 νῦν
2879 1657 3044 1714 πάλιν
3101 1661 3197 1723 τὰς
3250 1663 3420 1733 ὀξείας
3466 1651 3572 1720 τῶν
3606 1651 3854 1744 πληγῶν

2201 1737 2389 1803 ὀδύνας
2448 1740 2693 1815 ἐκοίμισέ
2747 1765 2806 1800 τε
2863 1747 2952 1801 καὶ
3011 1744 3427 1822 ἤμϐλυνεν,δτι
3487 1755 3564 1827 μή
3647 1737 3853 1831 μαγεία

453 1828 671 1884 Exhinc
722 1831 846 1901 jam
898 1828 968 1884 de
1018 1828 1216 1900 Sergio
1259 1845 1418 1899 spem
1469 1828 1774 1900 adjiciebat
1809 1847 1821 1884 :
1855 1835 1910 1886 et
1954 1846 2076 1885 cun:

2203 1833 2377 1908 σαφὴς
2417 1831 2506 1885 καὶ
2549 1833 2714 1930 Λόγου
2744 1834 3049 1914 περιέργως
3077 1839 3152 1900 ὡς
3195 1839 3262 1896 τὰ
3315 1841 3502 1897 πολλά
3540 1843 3628 1898 καὶ
3691 1828 3851 1924 σοφι-

450 1935 585 1973 eum
617 1922 876 1974 curasset
905 1935 1078 1990 quam
1113 1919 1372 1990 proxime
1395 1919 1804 1984 sistendum,si
1838 1921 1982 1975 forte
2007 1920 2090 1974 fa-

450 2007 787 2064 miliaritate
811 2023 944 2062 eum
964 2007 1045 2062 sic
1067 2006 1345 2073 alliceret,
1362 2007 1584 2078 placide
1607 2024 1740 2062 eum
1767 2007 2086 2079 alloquens,

446 2102 503 2152 et
559 2097 631 2151 ad
691 2097 938 2168 priorem
1004 2101 1293 2150 revertens
1348 2097 1798 2153 assentationem
1860 2114 1874 2153 :
1943 2099 2086 2155 Rem

447 2187 782 2256 quamdam,
825 2183 1034 2249 aiebat,
1070 2184 1318 2238 arbitmr
1358 2185 1613 2239 divinam
1661 2191 1717 2241 et
1772 2186 2084 2242 incredibi-

441 2271 579 2340 lem,
608 2273 760 2343 quod
817 2273 876 2327 in
937 2271 1141 2328 multis
1183 2273 1430 2342 deliciis,
1465 2278 1522 2329 et
1554 2275 1790 2343 divitiis,
1823 2284 1877 2331 et
1903 2276 2082 2331 hone-

447 2360 550 2413 stis
585 2359 844 2413 moribus
875 2359 1180 2424 educatus,
1205 2365 1325 2415 tam
1359 2361 1581 2416 fortiter
1602 2363 1806 2418 tuleris
1829 2363 1937 2419 hoc
1965 2368 2082 2420 tam

442 2464 613 2519 grave
655 2452 1032 2503 tormentum.
1063 2449 1169 2504 Sed
1211 2450 1340 2520 ejus
1380 2466 1709 2507 sermonem
1759 2453 1959 2508 statim
1994 2453 2080 2508 in-

439 2543 809 2609 terrumpens
831 2543 1088 2610 martyr:
1115 2539 1236 2594 Non
1261 2543 1399 2595 sunt
1423 2541 1585 2608 mihi,
1603 2541 2078 2614 inquit,ojudex,

441 2633 798 2684 tormentum
828 2629 1153 2699 praesentia,
1187 2630 1287 2684 sed
1320 2647 1478 2686 sacra
1511 2638 1746 2704 prapter
1784 2634 2077 2691 Christum

440 2733 675 2789 pompa,
703 2722 761 2773 et
813 2718 1024 2774 festum
1081 2717 1325 2788 celebre,
1360 2737 1449 2776 me
1497 2721 1567 2776 ad
1618 2722 1809 2794 ipsum
1867 2724 2077 2780 coelum

429 2807 857 2878 jucundissime
889 2809 1321 2864 transmittens.
1355 2809 1479 2865 Dux
1508 2810 1703 2882 itaque
1746 2812 1934 2868 adhuc
1964 2830 2078 2868 ma-

432 2897 520 2968 gis
569 2898 906 2967 desperans,
943 2905 1207 2953 sanclum
1249 2899 1596 2954 transmittit
1635 2900 1692 2954 in
1737 2903 2072 2957 custodiam.

432 2987 560 3055 Ipse
592 2990 788 3040 autem
821 2985 1053 3040 interim
1087 3003 1321 3057 operam
1369 2988 1548 3043 dabat
1587 3005 1919 3046 mensarum
1952 2992 2074 3048 lau-

430 3075 575 3129 titiae
624 3077 679 3128 et
711 3073 942 3141 laetitiae,
977 3078 1040 3129 ut
1068 3076 1169 3144 qui
1201 3093 1314 3130 non
1360 3077 1546 3132 solum
1591 3078 1686 3133 iraa
1720 3083 1774 3134 et
1822 3082 2073 3138 crudeli-

433 3163 567 3217 tatis
599 3162 698 3217 sed
729 3163 903 3216 etiam
936 3161 1248 3234 voluptatis
1274 3164 1446 3220 vellet
1475 3181 1601 3222 esse
1631 3182 1852 3226 servus.

497 3408 640 3464 XIX.
672 3412 817 3465 Cum
849 3413 1043 3466 autem
1078 3411 1228 3466 viam
1264 3428 1469 3469 rursus
1499 3419 1650 3471 esset
1679 3417 2071 3487 ingressurus,

426 3501 482 3554 et
498 3497 568 3552 ad
601 3497 1006 3570 Rosaphorum
1039 3501 1411 3558 contenderet
1441 3505 1796 3574 praesidium,
1821 3507 1890 3562 ad
1916 3507 2070 3578 quod

432 3586 702 3652 tendens,
735 3605 766 3644 a
798 3588 955 3644 Sutis
984 3589 1275 3660 profectus
1307 3590 1514 3660 fuerat,
1548 3594 1831 3652 athletam
1863 3612 2071 3652 rursus

433 3675 727 3747 prioribus
774 3677 1093 3733 calceatum
1127 3680 1395 3752 crepidis,
1428 3697 1462 3735 a
1504 3683 1877 3756 Tetrapyrgia
1908 3686 2073 3741 duxit

432 3780 614 3835 usque
653 3766 723 3820 ad
761 3766 1041 3838 Rosapha.
1072 3768 1215 3824 Cum
1245 3776 1439 3826 autem
1471 3787 1604 3827 eum
1636 3774 1837 3830 eadem
1870 3791 2072 3830 rursus

431 3852 750 3910 luctantem
784 3857 1124 3912 necessitate
1151 3859 1388 3916 vidisset
1413 3866 1751 3932 martyrem,
1784 3865 2068 3934 eamdem,

434 3948 535 3998 aut
591 3944 767 3999 etiam
828 3945 1108 4015 majorem
1169 3949 1475 4004 ostendere
1531 3950 1956 4019 fortitudinem,
2016 3959 2074 4010 et

429 4031 606 4101 viam,
657 4049 786 4104 quas
843 4038 930 4089 est
987 4051 1020 4090 a
1077 4034 1240 4091 Suris
1287 4053 1470 4108 usque
1500 4039 1571 4093 ad
1616 4040 1904 4112 Rosapha,
1938 4059 2069 4098 cum

433 4121 634 4176 ferreis
665 4119 781 4177 illis
813 4123 1066 4194 crepidis
1114 4125 1260 4180 citra
1290 4125 1547 4182 laborem
1577 4130 1912 4199 confecisse,
1940 4148 2068 4187 om-

429 4210 568 4266 nino
598 4212 917 4283 desperans
951 4215 1068 4271 fore
1092 4219 1154 4270 ut
1177 4221 1520 4287 mutaretur,
1547 4219 1718 4289 jubet
1747 4221 1896 4276 beati
1922 4238 2066 4278 mar-

428 4298 574 4370 tyris
623 4305 795 4371 caput
827 4303 1110 4373 amputari
1152 4303 1364 4373 gladio.
1398 4304 1642 4364 Ducitur
1669 4309 1866 4380 itaque
1909 4327 2066 4367 mar-

428 4393 520 4458 tyr
547 4406 580 4443 a
613 4389 904 4447 militibus
936 4392 1005 4446 ad
1049 4393 1242 4448 locum
1283 4398 1827 4454 consummationis.
1863 4402 2068 4474 Magna

428 4479 625 4533 autem
681 4479 997 4537 multitudo
1045 4482 1300 4538 virorum
1343 4488 1400 4539 et
1429 4486 1742 4542 mulierum
1773 4493 1829 4543 et
1875 4491 2066 4546 omnis

425 4567 608 4622 astatis
667 4570 1146 4639 consequebatur,
1182 4576 1242 4626 ut
1272 4589 1405 4628 eum
1451 4575 1711 4632 viderent
1768 4586 1820 4632 et
1870 4580 2059 4635 decer-
2092 4575 2150 4641 D

425 4658 667 4726 tantem,
719 4661 777 4712 et
824 4658 1176 4726 vincentem,
1236 4665 1292 4716 et
1347 4667 1704 4721 coronatum.
1749 4668 2062 4732 Quinetiam

420 4743 559 4814 ipsa:
617 4761 847 4816 quoque
903 4747 1035 4802 ferae
1094 4747 1266 4805 veluti
1325 4757 1502 4822 captaa
1561 4755 1814 4824 quodam
1867 4775 2063 4814 amore

419 4832 672 4900 athletae,
705 4834 922 4890 relictis
964 4838 1213 4910 propriis
1262 4842 1542 4912 cavernis,
1575 4859 1706 4899 eum
1754 4845 1976 4914 placide
2008 4852 2064 4904 et

425 4928 730 4979 mansuete
777 4925 1164 4994 deducebant,
1208 4928 1368 4984 illius
1418 4931 1655 5002 quidem
1689 4934 1922 4992 beatum
1956 4940 2062 4993 iter

419 5013 854 5082 quodammodo
879 5015 1212 5086 probantes,
1235 5023 1289 5076 et
1318 5021 1811 5091 commendantes,
1847 5025 2059 5098 impios

420 5107 614 5158 autem
647 5119 707 5159 re
737 5103 865 5174 ipsa
895 5111 1225 5175 arguentes,
1263 5109 1414 5178 quod
1446 5125 1617 5180 quem
1651 5113 1783 5168 ferai
1813 5122 1952 5172 sunt
1977 5135 2062 5174 re-

417 5191 628 5260 veritae,
663 5192 774 5263 ipsi
810 5194 979 5264 plane
1009 5196 1141 5252 caeci
1174 5197 1550 5255 interﬁciunt.
1586 5199 1683 5257 Ille
1705 5209 1898 5260 autem
1928 5223 2057 5263 cum

419 5279 490 5333 ab
522 5281 611 5345 iis,
645 5282 746 5352 qui
777 5299 911 5338 eum
944 5283 1257 5354 ducebant,
1291 5285 1579 5344 militibus
1617 5291 1789 5348 breve
1820 5295 2056 5365 aliquod

2169 4777 2363 4836 πάντες
2444 4773 2855 4846 ἐπηκολούθουν

2201 1925 2396 1981 στικῶς
2488 1919 2861 1995 ἒπᾳδόμενοι;
2906 1927 3175 1982 Ἐντεῦθεν
3271 1930 3361 1986 καὶ
3477 1919 3848 2008 ἀπεγίνωσκεν

2194 2008 2302 2079 ἤδη
2357 2011 2604 2086 Σέργιον,
2637 2013 2726 2066 καὶ
2775 2016 2866 2070 τὸν
2918 2014 3086 2093 ἄνδρα
3128 2020 3210 2074 δτι
3260 2019 3541 2096 ἐγγυτᾶτω
3571 2046 3853 2098 παραστη-

2194 2100 2449 2172 σάμενος,
2507 2099 2562 2155 εἷ’
2597 2123 2712 2164 πως
2760 2101 2855 2158 κᾶν
2907 2104 3080 2169 οὕτως
3125 2108 3406 2186 ὑποκλέψῃ
3441 2118 3559 2175 ταῖς
3619 2115 3849 2171 οἰκειώ-

2193 2209 2358 2255 σεσιν,
2389 2188 2610 2263 ἡμέρως
2674 2211 2733 2245 τε
2792 2189 3055 2259 διατεθεὶς
3124 2198 3197 2258 ὡς
3264 2198 3521 2272 μάλιστα,
3577 2205 3666 2257 καὶ
3730 2213 3842 2275 τῆς

2191 2281 2462 2352 προτέρας
2531 2279 2696 2334 πάλιν
2753 2281 2890 2354 πρὸς
2955 2285 3115 2340 αὐτὸν
3199 2289 3436 2352 θωπείας
3520 2295 3842 2367 γενόμενος,

2191 2368 2343 2421 Θεῖόν
2382 2388 2456 2436 τι,
2489 2362 2688 2443 ἔλεγεν,
2722 2372 2961 2444 ἡγοῦμαι
3001 2373 3090 2428 καὶ
3139 2371 3386 2444 ἄπιστον,
3418 2383 3536 2443 πῶς
3564 2378 3613 2434 ἒν
3643 2383 3842 2457 πολλῇ

2191 2457 2446 2530 θεραπείᾳ
2500 2457 2589 2511 καὶ
2637 2457 2861 2532 πλούτῳ
2925 2461 3017 2515 καὶ
3085 2461 3271 2531 ἤθεσιν
3331 2466 3530 2531 ἄλλοις
3583 2474 3839 2548 τραφεὶς,

2185 2546 2284 2613 τήν
2375 2547 2680 2621 βαρυτάτην
2759 2550 2990 2623 βάσανον
3069 2554 3270 2625 ταύτην
3339 2557 3482 2611 οὕτω
3567 2546 3841 2634 γενναίως

2188 2635 2507 2710 ὑπήνεγκας.
2563 2635 2739 2692 Ἀλλᾶ
2823 2640 2922 2708 τὴν
3008 2640 3229 2714 ὁμιλίαν
3307 2643 3460 2710 εὐθὺς
3515 2649 3544 2701 ὁ
3624 2651 3840 2723 μάρτυς

2185 2722 2331 2794 αὐτῷ
2382 2723 2688 2799 ἐπικόψας·
2751 2726 2829 2784 Οὐ
2893 2728 3120 2802 βάσανός
3183 2752 3286 2804 μου
3344 2734 3410 2788 τὰ
3461 2722 3728 2810 παρόντα,
3796 2745 3842 2795 ῶ

2186 2810 2429 2882 δικαστά,
2462 2811 2586 2869 ἀλλ’
2636 2814 2754 2888 ἰερᾶ
2806 2812 2894 2870 διὰ
2959 2819 3199 2892 Χριστὸν
3257 2825 3454 2895 πομπὴ
3517 2827 3606 2880 καὶ
3656 2831 3842 2899 πανήο

2181 2921 2334 2977 γυρις
2388 2903 2526 2975 πρὸς
2565 2903 2723 2958 αὐτόν
2778 2925 2844 2978 με
2883 2907 2972 2961 τὸν
3017 2906 3243 2981 οὐρανὸν
3299 2909 3497 2980 ἥδιστα
3545 2919 3842 2992 παραπέμ-

2181 3011 2376 3049 πουσα.
2422 2997 2480 3049 'O
2529 2989 2653 3062 δοὺξ
2699 2993 2876 3048 τοίνυν
2925 2995 3012 3050 ἐπὶ
3071 2997 3238 3054 πλέον
3297 2999 3450 3066 αὖθις
3523 2989 3840 3079 ἀπαγορεύ-

2181 3103 2298 3150 σας,
2357 3085 2424 3156 τῇ
2475 3082 2692 3157 φυλακῇ
2751 3085 3103 3159 παραπέμπει
3161 3090 3253 3144 τὸν
3301 3087 3482 3168 ἅγιον.
3515 3095 3699 3158 Αὐτὸς
3772 3095 3835 3152 δὲ

2098 3184 2147 3252 C
2177 3173 2299 3246 περῖ
2337 3172 2603 3246 τραπέζας
2636 3174 2756 3251 εἶχε
2801 3175 2891 3229 καὶ
2937 3177 3027 3231 τὸν
3065 3178 3258 3250 μεταξὺ
3298 3182 3472 3237 πάντα
3517 3185 3832 3260 καθυπάγει

2177 3261 2364 3336 καιρὸν
2407 3259 2588 3337 ὥσπερ
2649 3262 2708 3316 οὐ
2767 3265 2944 3337 θυμοῦ
2995 3266 3160 3338 μόνον
3191 3269 3281 3323 καὶ
3321 3271 3640 3343 ὠμότητος,
3674 3259 3833 3331 ἀλλὰ

2177 3370 2268 3404 και
2297 3348 2500 3420 ἡδονῆς
2531 3352 2665 3406 εἶναι
2700 3352 3066 3427 βουλόμενος.

2247 3442 2346 3497 19⁵.
2391 3441 2538 3496 Ἐπεὶ
2599 3438 2656 3495 δὲ
2726 3443 2984 3508 ἅπτεσθαι
3041 3445 3130 3499 καὶ
3183 3445 3348 3502 πάλιν
3412 3448 3540 3506 ὁδοῦ
3596 3447 3838 3526 ἔμελλε,

2177 3528 2265 3582 καὶ
2323 3529 2458 3620 πρὸς
2515 3530 2577 3584 τὸ
2629 3531 2924 3608 Ῥωσαφῶν
2982 3534 3237 3610 ἠπείγετο
3297 3538 3577 3615 φρούριον,
3637 3541 3724 3620 ἐφ’

2178 3618 2268 3671 καὶ
2298 3619 2397 3686 τήν
2432 3619 2610 3694 ἀρχὴν
2657 3620 2878 3694 ἀπορῶν
2928 3621 3185 3697 ὥρμητο,
3215 3631 3335 3690 ταῖς
3392 3618 3690 3706 προτέραις
3730 3634 3835 3688 αὗ-

2178 3708 2260 3770 θις
2288 3707 2380 3761 τὸν
2412 3706 2660 3778 ἀθλητὴν
2696 3707 2974 3780 ὑποδήσας
3005 3719 3255 3787 κρηπῖσι,
3300 3718 3399 3786 τήν
3457 3719 3564 3774 ἀπό
3619 3722 3838 3796 Τετρα-

2178 3793 2405 3871 πυργίας
2468 3797 2633 3870 μέχρι
2700 3802 2992 3875 Ῥωσαφῶν
3073 3800 3234 3858 αὐτὸν
3313 3803 3573 3873 ⁴ἤλαυνεν.
3631 3793 3740 3873 Ὦς
3774 3810 3837 3868 δὲ

2175 3887 2244 3957 τῇ
2294 3886 2432 3958 αὐτῇ
2483 3884 2649 3940 πάλιν
2697 3886 2904 3962 ἀνάγκῃ
2955 3887 3282 3962 παλαίοντα,
3313 3895 3413 3963 τήν
3447 3896 3613 3965 αὗτήν
3645 3898 3684 3966 ἢ
3733 3904 3830 3955 καὶ

2181 3974 2351 4045 μείζω
2397 3973 2679 4049 καρτερίαν
2738 3974 3169 4051 ἐπιδεικνύμενον
3237 3979 3341 4037 ε’ίδε
3393 3983 3486 4038 τὸν
3548 3987 3826 4064 μάρτυρα,

2177 4063 2264 4116 καὶ
2315 4064 2413 4130 τήν
2465 4063 2570 4118 ἀπὸ
2639 4069 2861 4140 Σουρῶν
2911 4067 3043 4140 ἄχρι
3091 4069 3385 4150 Ῥωσαφῶν
3470 4071 3594 4130 ὁδὸν
3681 4063 3827 4149 μετά

2175 4155 2282 4207 τῶν
2335 4149 2572 4226 σιδηρῶν
2618 4152 2903 4227 κρηπίδων
2954 4154 3168 4212 ἐκείνων
3207 4160 3439 4232 ἀπονητί
3471 4160 3824 4238 διανύσαντα,

2173 4243 2272 4309 τήν
2360 4236 2669 4312 μεταϐολὴν
2746 4243 3082 4299 παντάπασιν
3157 4249 3447 4325 ἂπογνοὺς,
3506 4253 3646 4332 ξίφει

2179 4330 2447 4404 μακαρίαν
2527 4331 2691 4385 αὐτοῦ
2778 4332 3021 4409 κεφαλὴν
3112 4336 3498 4411 ἀποτμηθῆναι
3571 4330 3822 4403 κελεύει,

2175 4419 2393 4494 Ἀγεται
2437 4420 2530 4492 μὲν
2570 4419 2660 4474 οὖν
2720 4421 2823 4476 ὑπὸ
2877 4428 2984 4478 τῶν
3040 4432 3142 4495 τῆς
3200 4429 3400 4499 τάξεως
3462 4429 3678 4502 λοιπὸν,
3725 4434 3824 4490 ἐπὶ

2172 4509 2262 4561 τὸν
2317 4514 2417 4576 τῆς
2470 4508 2808 4573 τελειώσεως
2872 4511 3041 4568 τόπον
3093 4516 3120 4568 ὁ
3183 4519 3410 4593 μάρτυς.
3463 4519 3704 4597 Ἀνδρῶν
3757 4522 3825 4580 δὲ

2172 4596 2314 4651 πολύ
2344 4618 2395 4652 τι
2445 4597 2659 4667 πλῆθος
2717 4602 2802 4654 καί
2863 4607 3131 4676 γυναικῶν
3165 4607 3255 4660 καὶ
3311 4609 3533 4678 ἡλικίας
3579 4596 3822 4685 ἀπάσης,

2173 4684 2354 4760 ὥσπερ
2397 4686 2448 4740 ἐν
2497 4687 2672 4760 σκότῳ
2721 4691 2902 4767 φωτὸς
2935 4691 3011 4754 εἷς
3038 4695 3140 4760 τὴν
3171 4694 3334 4750 πόλιν
3362 4684 3819 4775 προηγουμένου,

2953 4778 3091 4836 ὥστε
3173 4783 3571 4860 ἀγωνιζόμενον
3654 4790 3821 4847 αὐτὸν

2173 4859 2324 4934 ἰδεῖν,
2383 4864 2470 4917 καὶ
2529 4869 2760 4920 νικῶΑτα
2820 4889 2907 4922 και
2979 4874 3431 4949 στεφανούμενον.
3479 4878 3655 4936 Ἀλλᾶ
3720 4884 3815 4938 καὶ

2169 4952 2328 5025 θῆρες
2387 4951 2587 5025 ἄγριοι;
2636 4957 2878 5031 καθάπερ
2924 4979 2976 5012 τι
3025 4958 3284 5033 ἐρωτικὸν
3340 4965 3428 5020 καὶ
3482 4968 3634 5024 οὗτοι
3666 4973 3812 5044 πρὸς

2166 5041 2260 5094 τὸν
2309 5041 2553 5112 ἀθλητὴν
2600 5044 2878 5116 παθόντες,
2930 5052 3039 5102 τῶν
3087 5049 3304 5106 οἰκείων
3358 5055 3654 5130 ἀπάραντες
3687 5041 3810 5136 τρω-

2168 5127 2328 5197 λεῶν,
2379 5131 2601 5205 ἡμέρως
2682 5133 2843 5189 αὐτὸν
2914 5136 3006 5191 καὶ
3073 5146 3380 5214 προσηνῶς,
3427 5127 3814 5222 παρέπεμπον,

2168 5217 2369 5273 ἐκεῖνον
2419 5220 2512 5292 μὲν
2562 5224 2975 5312 τῆς-μακαρίας
3020 5225 3202 5301 ὥσπερ
3258 5217 3818 5312 πορείας-ἄπο-δεχόέ

2170 5326 2346 5378 μενοι,
2393 5309 2519 5370 τοὺς
2570 5307 2780 5374 ἀσεϐεῖς
2849 5311 2903 5368 δὲ
2952 5317 3228 5390 πράγματι
3271 5317 3673 5398 διελέγχοντες,
3727 5329 3818 5384 δτι

413 5371 651 5436 tempus
711 5371 972 5440 petiisset
1019 5374 1090 5427 ad
1135 5375 1557 5446 orationem,et
1613 5381 1683 5434 ab
1713 5381 1832 5438 illis
1877 5385 2057 5454 impe-

416 5459 644 5524 trasset,
679 5458 749 5512 ad
800 5475 975 5514 suum
1013 5461 1208 5517 statim
1243 5465 1554 5522 Dominum
1588 5471 1768 5524 totam
1801 5472 2056 5530 animam

418 5541 646 5599 extollit
675 5559 807 5600 cum
844 5547 1050 5603 oculis.
1085 5549 1327 5623 Deinde,
1361 5570 1495 5610 cum
1543 5557 1595 5610 ei
1643 5567 1969 5618 revocasset
1996 5563 2054 5620 in

417 5635 766 5692 memoriam
799 5653 966 5694 suam
999 5643 1564 5703 commiserationem
1593 5650 1664 5704 ad
1712 5667 1910 5709 eorum
1943 5671 2054 5726 quo

2167 5397 2224 5449 ὃν
2280 5398 2368 5450 καὶ
2422 5401 2583 5472 θῆρες
2633 5398 2934 5473 ᾐδέσθησαν
2991 5405 3146 5460 αὐτοὶ
3213 5407 3333 5463 λίαν
3402 5397 3816 5488 τυιρλὼττοντες

2166 5484 2493 5559 ἀναιροῦσιν.
2548 5488 2610 5544 Ὁ
2657 5487 2714 5542 δὲ
2760 5490 2890 5554 τοὺς
2940 5491 3173 5568 ἄγοντας
3215 5484 3546 5572 στρατιώτας
3598 5504 3810 5581 βραχύν

2165 5593 2282 5627 τινα
2346 5577 2532 5650 καιρὸν
2581 5576 2662 5639 εἷς
2717 5584 3035 5660 προσευχὴν
3077 5583 3327 5656 αἰτήσας,
3373 5590 3459 5643 καὶ
3504 5576 3643 5666 παρί
3677 5576 3812 5651 ἑκεί-

2165 5683 2268 5716 νων
2329 5658 2510 5721 λαϐὼν
2572 5663 2706 5736 ὅλην
2769 5658 3119 5744 εόοὒς-πρὸς
3183 5674 3273 5729 τὸν
3308 5677 3497 5734 ἑαυτοῦ
3538 5658 3805 5755 δεσπότην
