4106 6200
259 285 412 346 1029

1300 274 1779 341 MARTYRIUM
1826 274 1933 335 SS.
1982 273 2239 335 SEliGII
2285 277 2380 337 ET
2423 278 2724 339 BACCHI.

3510 278 3665 345 1030

260 446 396 519 μετᾶ
423 448 530 499 τῶν
565 440 864 519 ὀφθαλμῶν
894 440 1034 515 αἴρει
1074 438 1163 494 καὶ
1205 440 1304 507 τὴν
1364 439 1574 513 ψυχήν.
1629 436 1761 494 Εἶτα
1810 437 1908 503 τῆς
1940 502 1943 507 ι

2064 454 2151 507 ue,
2177 439 2273 509 qui
2303 436 2465 495 illum
2496 438 2860 509 occidebant,
2892 442 3135 499 vocabat
3177 444 3663 517 misericordiam,

258 534 461 595 οἰκείας
528 530 859 606 συμπαθείας
917 530 1082 585 αὐτὸν
1126 527 1463 602 ἅναμνήσας,
1531 524 1640 597 ἤδη
1699 526 1788 580 καὶ
1837 523 1910 587 εἷς

257 621 411 680 ἔλεον
467 628 575 678 τῶν
631 625 905 699 φονευτῶν
981 619 1199 674 ἐκείνων
1249 617 1574 689 ἐξεκαλεῖτο,
1633 617 1688 671 Ὀ
1751 614 1910 689 μόνῃ,

258 712 459 789 λέγων,
526 712 823 788 ἆγαθότητῖ
870 709 937 766 τὰ
984 708 1154 764 πάντα
1204 705 1638 783 δημιουργήσας,
1709 707 1742 759 ἀ
1797 704 1913 759 κατ’

261 802 444 858 εἲκόνα
474 803 573 871 σήν
630 802 725 855 τὸν
783 799 1063 873 ἄνθρωπον
1116 795 1418 858 διαπλάσας
1464 796 1553 849 καὶ
1585 792 1776 869 ἄρχειν
1804 798 1911 849 τῶν

263 889 591 965 ὁμοδούλων
655 888 1167 966 προχειρισάμενος,
1204 887 1232 940 ὁ
1273 885 1363 939 καὶ
1410 886 1509 954 τήν
1540 883 1770 953 ἐντολὴν
1818 903 1916 938 πα-

267 975 535 1056 ραϐάντας
608 978 698 1031 καὶ
771 976 1105 1047 ἠθετηκότας
1173 994 1231 1029 σε
1306 973 1399 1029 τὸν
1464 971 1756 1043 δεσπότην,
1825 973 1915 1027 καὶ

267 1068 590 1144 ἀγνώμονας
664 1067 788 1137 περὶ
865 1066 956 1120 τὸν
1030 1065 1318 1141 εὐεργέτην
1386 1062 1743 1141 ἀναφανέντας
1837 1063 1913 1133 μή

264 1157 641 1230 ἀπωσάμενος,
702 1153 848 1210 ἀλλᾶ
899 1153 989 1208 καὶ
1037 1153 1105 1212 δι’
1159 1155 1307 1226 ἡμᾶς
1348 1152 1641 1228 γενόμενος
1706 1149 1921 1225 ἄνθρω-

264 1268 391 1317 πος,
422 1246 513 1301 καὶ
564 1243 765 1301 δούλου
813 1244 1027 1321 μορφὴν
1083 1236 1393 1310 ἀναλαϐὼν,
1450 1243 1541 1295 καὶ
1570 1240 1741 1295 πάντα
1780 1240 1914 1295 ἐκών

272 1334 594 1407 ὑπομείνας,
626 1332 713 1388 καὶ
778 1330 917 1407 μηδὲ
977 1332 1200 1397 θάνατον
1254 1332 1317 1386 τὸ
1364 1329 1674 1386 τελευταῖον
1725 1350 1918 1404 παραι-

264 1424 571 1496 τησάμενος
634 1422 796 1483 αὐτὸς
854 1422 1121 1496 σύγγνωθι
1180 1418 1272 1475 καὶ
1328 1424 1418 1474 νῦν
1479 1424 1599 1480 τοῖς
1647 1418 1723 1480 εἷς
1771 1421 1920 1492 ἡμᾶς

263 1512 728 1586 πλημμελήσασν
787 1512 878 1565 καὶ
941 1511 1004 1565 τὸ
1060 1509 1212 1584 παχὺ
1272 1506 1430 1563 τοῦτο
1504 1511 1602 1577 τῆς
1674 1504 1919 1568 ἀσεϐείας

264 1601 428 1679 νέφος
488 1598 779 1672 διατεμὼν,
835 1600 926 1654 καὶ
984 1602 1084 1665 τῆς
1139 1604 1237 1654 τοῦ
1314 1598 1513 1673 ἐχθροῦ
1606 1594 1918 1671 τυραννίδος

265 1690 394 1753 τοὺς
448 1689 672 1753 ἀθλίους
729 1687 1096 1765 ἐλευθερώσας
1134 1693 1250 1768 φῶς
1296 1710 1353 1743 τε
1397 1691 1541 1743 θεῖον
1599 1687 1783 1751 αὐτοῖς
1819 1694 1920 1756 τῆς

270 1788 373 1850 σῆς
429 1778 744 1853 ἐπίλαμψον
805 1778 1055 1855 χάριτος,
1108 1780 1200 1833 καὶ
1254 1776 1579 1833 ἁνακάλεσαι
1637 1778 1923 1847 πεπλανη-

275 1868 473 1943 μένους
540 1868 737 1930 αὐτοὺς
794 1873 875 1940 τῷ
937 1865 1158 1941 μεγάλῳ
1217 1865 1307 1921 καὶ
1362 1870 1654 1938 θαυμαστῷ
1697 1864 1926 1937 ὀνόματι

272 1960 364 2015 καὶ
412 1961 479 2031 τῇ
537 1956 766 2028 ἀληθείᾳ
831 1977 946 2013 σου.
1008 1956 1111 2012 Καὶ
1168 1957 1315 2027 ἡμᾶς
1361 1952 1417 2009 δέ
1444 1954 1570 2016 τοὺς
1625 1954 1758 2027 ὑπὲρ
1808 1958 1926 2025 σοῦ,

279 2048 539 2111 Δέσποτα.
593 2044 1080 2124 σφαγιαζομένους,
1139 2047 1226 2099 καὶ
1288 2044 1381 2106 τὰς
1441 2045 1621 2123 ψυχὰς
1666 2044 1827 2105 αὐτὸς
1858 2047 1927 2115 τῇ

284 2138 592 2214 προαιρέσει
667 2135 757 2191 καὶ
813 2137 880 2191 τὰ
939 2136 1167 2208 σώματα
1212 2134 1573 2195 καταθύοντας
1631 2134 1704 2195 ὡς
1762 2135 1930 2207 ἱερεῖα

287 2225 466 2298 δεκτὰ,
534 2227 607 2287 ὡς
668 2226 854 2289 θυσίαν
911 2223 1190 2282 εὐάρεστον
1242 2220 1550 2297 πρόσδεξαι,
1607 2221 1695 2276 καὶ
1755 2223 1828 2284 εἰς
1868 2222 1931 2276 τὸ

287 2318 380 2371 σὸν
421 2316 802 2388 θυσιαστήριον
853 2313 916 2369 τὸ
975 2313 1218 2387 ὑπεράνω
1260 2317 1369 2367 τῶν
1421 2313 1666 2386 οὐρανῶν
1710 2310 1935 2385 εὐφραι-

283 2404 547 2480 νομένους
614 2403 888 2478 εἰσήγαγε.
947 2406 1128 2460 Ταῦτα
1182 2400 1550 2476 προσηύξατο,
1616 2400 1705 2455 καὶ
1777 2402 1932 2477 φωνὴ

281 2501 472 2553 τοῦτον
524 2494 722 2549 ἐκεῖθεν
778 2492 971 2548 αὕτίκα
1024 2492 1227 2548 ἐκάλει·
1281 2513 1370 2547 και
1421 2492 1622 2561 ταύτης
1685 2490 1935 2564 ἀσμένως

282 2587 486 2647 ἐκεῖνος
514 2585 762 2657 καὶμεθ¹
793 2582 1000 2652 ἡδονῆς
1040 2581 1296 2643 ἂκυόσας.
1329 2583 1419 2635 τὸν
1459 2578 1744 2655 τράχηλον
1779 2579 1934 2642 εὐθὺς

284 2677 359 2738 ὡς
407 2672 602 2744 ἥδιστα
650 2673 929 2747 ὑποσχὼν,
960 2674 1059 2741 την
1114 2672 1449 2745 μαρτυρικήν
1498 2670 1807 2743 ἐκτέμνεται
1846 2690 1936 2723 κε-

284 2765 487 2842 φαλὴν,
520 2758 762 2836 ἑϐδόμην
800 2763 923 2817 τότε
969 2765 1066 2816 τοῦ
1103 2756 1412 2835 ἀκτωϐρίου
1466 2761 1635 2833 μηνὸς
1685 2758 1935 2833 ἄγοντος,

280 2856 371 2909 καὶ
420 2853 555 2929 πρὸς
602 2854 693 2907 τὸν
759 2850 1031 2906 καλοῦντα
1083 2850 1266 2927 τρέχει
1326 2850 1625 2919 Δεσπύτην,
1658 2848 1746 2903 καὶ
1799 2849 1935 2922 πρὸς

279 2944 407 3006 τοὺς
474 2942 769 3021 στεφάνους
832 2942 952 3016 ὁρᾷ,
1001 2942 1091 2995 καὶ
1132 2939 1463 3016 φιλοτίμους
1507 2938 1595 2993 ἐπὶ
1633 2945 1734 3008 τῆς
1769 2959 1936 3014 κεφα-

284 3032 390 3102 λῆς
436 3032 628 3094 αὐτούς
672 3032 762 3086 καὶ
822 3028 1110 3091 ὑποτελεῖς
1172 3027 1516 3103 ὑποδέχεται.
1567 3032 1685 3083 Τῶν
1717 3048 1775 3099 γε
1829 3028 1934 3099 μὴν

1958 1828 2012 1894 Β

2026 526 2269 584 dicens:
2320 528 2430 593 Qui
2478 528 2603 585 sola
2659 528 2917 585 bonitate
2963 531 3161 587 omnia
3209 548 3273 587 es
3320 536 3660 603 fabricatus,

2025 616 2125 686 qui
2154 632 2337 687 genus
2369 617 2687 673 humanum
2711 619 2782 673 ad
2816 625 2976 674 luam
3012 620 3326 691 imaginem
3358 624 3660 689 elﬁnxisti,

2025 709 2081 761 et
2132 707 2440 778 praefecisti
2494 708 2768 763 omnibus
2816 723 2829 764 :
2890 709 2990 778 qui
3049 711 3245 777 etiam,
3309 729 3443 767 cum
3494 719 3660 768 tuum

2024 797 2367 866 transgressi
2398 804 2591 852 essent
2624 803 3065 869 praaceptum,et
3094 804 3148 854 te
3180 800 3492 857 Dominum
3526 820 3667 857 con-

2027 886 2473 957 tempsissentet
2488 886 2547 941 in
2568 886 2984 944 benefactorem
3001 889 3213 959 ingrati
3234 892 3663 962 apparuissent,

2027 990 2122 1030 eos
2152 991 2264 1029 non
2298 975 2584 1046 repulisti,
2617 977 2734 1030 imo
2770 986 3003 1049 propter
3034 995 3139 1034 nos
3171 979 3340 1036 homo
3374 981 3555 1036 factus
3579 997 3663 1047 es,

2027 1069 2081 1119 et
2121 1063 2272 1119 servi
2332 1065 2578 1120 formam
2638 1066 2928 1138 accepisti,
2985 1075 3041 1123 et
3094 1069 3293 1125 omnia
3344 1069 3667 1126 voluntarie

2028 1153 2382 1221 sustinuisti,
2414 1159 2471 1209 et
2500 1170 2605 1211 nec
2646 1163 2887 1211 mortem
2919 1156 3154 1228 quidem
3187 1162 3481 1229 postremo
3504 1176 3669 1216 recu-

2028 1243 2195 1311 sasti,
2239 1244 2366 1314 ipse
2423 1260 2657 1314 quoque
2714 1262 2869 1299 nunc
2900 1246 3134 1316 ignosce
3192 1248 3290 1314 iis,
3322 1250 3423 1319 qui
3454 1249 3514 1304 in
3565 1266 3670 1306 nos

2033 1338 2434 1404 peccaverunt,
2467 1336 2526 1388 et
2575 1333 2680 1389 hac
2732 1351 2926 1390 crassa
2975 1335 3127 1392 nube
3185 1337 3502 1408 impietatis
3550 1339 3672 1394 dis-

2033 1439 2227 1490 cussa,
2259 1425 2315 1478 et
2343 1441 2375 1478 a
2414 1423 2722 1495 tyrannide
2760 1424 2983 1479 inimici
3025 1424 3286 1483 liberatis
3318 1428 3571 1497 miseris,
3605 1428 3673 1483 il-

2031 1510 2255 1567 lucesce
2286 1511 2371 1567 eis
2416 1511 2611 1568 divina
2653 1513 2780 1569 luce
2829 1522 2936 1569 tuae
2969 1515 3189 1586 gratiae,
3234 1521 3293 1571 et
3342 1533 3544 1573 revoca
3574 1535 3673 1573 eos

2029 1604 2290 1663 errantes
2322 1617 2529 1671 magno
2573 1606 2669 1657 tuo
2714 1605 2770 1656 et
2810 1603 3137 1659 admirabili
3171 1604 3405 1661 nomine
3436 1610 3492 1660 et
3526 1606 3673 1661 veri-

2029 1692 2168 1745 tate.
2217 1690 2393 1745 Porro
2442 1695 2638 1746 autem
2685 1708 2791 1747 nos
2824 1709 3073 1763 quoque,
3107 1695 3207 1764 qui
3250 1710 3350 1764 pro
3384 1702 3456 1761 te,
3490 1712 3521 1750 ο
3563 1695 3673 1751 Do-

2035 1779 2213 1846 mine,
2265 1784 2611 1848 mactamur,
2650 1780 2927 1852 ipsasque
2957 1784 3182 1839 animus
3215 1790 3270 1839 et
3302 1801 3544 1856 corpora
3575 1802 3673 1840 no-

2040 1872 2158 1923 stra
2187 1873 2391 1938 sponte
2412 1869 2829 1936 sacriﬁcamus,
2855 1872 3087 1943 suscipe
3109 1877 3388 1944 tanquam
3412 1883 3676 1947 acceptas

2038 1956 2258 2012 hostias
2290 1971 2349 2012 et
2403 1963 2636 2029 gratum
2698 1960 3069 2027 sacriﬁcium,
3104 1967 3160 2015 et
3200 1965 3269 2017 ad
3305 1980 3463 2020 aram
3498 1972 3675 2031 tuam,

2038 2063 2166 2118 quae
2227 2051 2312 2101 est
2340 2063 2522 2118 supra
2552 2047 2749 2114 omlos,
2782 2049 3051 2104 introduc
3082 2050 3360 2108 latentes.
3396 2053 3524 2107 Haec
3553 2071 3677 2108 ora-

2038 2138 2117 2190 vit
2151 2160 2165 2204 ;
2214 2140 2271 2191 et
2328 2152 2461 2192 eum
2502 2137 2698 2192 statim
2732 2155 2832 2193 vox
2866 2138 3027 2193 illinc
3058 2141 3298 2196 vocavit.
3328 2142 3510 2205 Quam
3543 2159 3677 2198 cum

2041 2223 2139 2279 ille
2171 2225 2441 2280 lubenter
2495 2229 2715 2281 etcum
2772 2227 3063 2297 voluptate
3121 2229 3419 2298 audiisset,
3461 2231 3676 2286 collum

2043 2315 2310 2388 protinus
2340 2314 2607 2370 alacriter
2657 2316 2983 2386 porrigens,
3036 2322 3333 2374 truncatur
3375 2321 3680 2391 martyrico

2044 2406 2250 2476 capite,
2283 2404 2536 2474 septimo
2587 2407 2802 2459 mensis
2832 2406 3094 2463 Octobris
3126 2426 3140 2476 ;
3177 2414 3232 2463 et
3279 2411 3453 2464 currit
3486 2411 3555 2464 ad
3586 2426 3683 2465 vo-

2044 2501 2267 2549 cantem
2308 2494 2637 2560 Dominum,
2672 2511 2703 2549 ο,
2761 2511 2876 2564 quo
2908 2512 3171 2561 coronas,
3207 2513 3423 2567 easque
3457 2499 3681 2568 magni-

2046 2585 2185 2637 ﬁcas
2215 2588 2272 2637 et
2304 2584 2612 2652 praeclaras
2644 2584 2907 2653 suspicit.
2942 2586 3020 2639 Ex
3053 2586 3122 2639 iis
3164 2593 3358 2641 autem
3393 2587 3681 2652 nonnulli,

2046 2673 2148 2743 qui
2205 2672 2274 2725 ad
2325 2673 2702 2741 spectandam
2754 2682 3032 2727 venerant
3092 2675 3681 2743 consummationem,

2045 2777 2179 2817 cum
2212 2760 2532 2831 pretiosum
2566 2759 2709 2814 illud
2744 2776 2957 2832 corpus
2991 2762 3103 2833 piis
3132 2771 3185 2817 et
3217 2764 3554 2833 optantibus
3588 2781 3686 2818 su-

2047 2848 2355 2905 stulissent
2386 2849 2680 2917 manibus,
2713 2854 2767 2904 et
2788 2850 3148 2921 peregissent
3178 2869 3264 2919 ea,
3300 2870 3420 2923 quae
3441 2855 3509 2908 de
3531 2870 3689 2908 more

2048 2939 2192 2993 fiunt
2224 2940 2281 2992 in
2315 2937 2639 3009 sepultura,
2677 2938 2951 3008 praeclare
2980 2944 3036 2995 et
3068 2941 3372 3011 magniﬁce
3401 2942 3686 3013 deposue-

2050 3033 2187 3082 runt
2217 3029 2367 3098 apud
2402 3027 2594 3096 ipsum
2628 3026 2816 3082 locum
2844 3030 3125 3099 martyrii.

285 3123 423 3178 κατὰ
482 3122 599 3185 θέαν
638 3122 778 3181 τινὲς
823 3127 924 3190 τῆς
966 3118 1302 3179 τελειώσεως
1353 3116 1825 3188 συνεληλοθότων,
1884 3118 1946 3171 τὸ
1993 3115 2176 3187 τίμιον
2235 3112 2408 3169 ἐκεῖνο
2486 3119 2646 3187 σῶμα
2703 3110 2983 3170 εὑλοϐέσιν
3038 3116 3151 3191 ἅμα
3234 3119 3323 3173 καὶ
3398 3119 3689 3181 ποθούσαις

283 3210 603 3284 ἀνελόμενοι
666 3214 784 3271 ταῖς
817 3208 998 3288 χερσὶ,
1029 3209 1115 3263 καὶ
1152 3207 1251 3263 ὅσα
1313 3206 1476 3281 νόμοι
1509 3206 1584 3269 εἷς
1648 3210 1821 3283 ταφῆν
1889 3202 2218 3274 τελέσάντες,
2253 3206 2521 3278 Λαμπρῶς
2587 3204 2676 3257 καὶ
2743 3204 3058 3279 φιλοτίμως
3097 3208 3220 3280 παρ’
3260 3208 3413 3279 αὐτῷ
3479 3212 3558 3281 τῷ
3587 3217 3688 3278 τῆς

292 3300 589 3375 μαρτυρίας
620 3300 775 3370 τόπῳ
804 3298 1110 3355 κατέθεσαν.

358 3474 433 3529 Κ’.
491 3471 704 3543 Χρόνου
755 3466 812 3523 δὲ
869 3471 1074 3543 συχνοῦ
1132 3464 1534 3541 διαγενομένου,
1569 3468 1678 3520 τῶν
1738 3466 1937 3537 θερμοο

2124 3464 2234 3519 ΧΧ.
2270 3463 2415 3518 Cnm
2448 3466 2642 3519 autem
2672 3464 2918 3521 multum
2943 3466 3368 3524 intercessisset
3391 3470 3695 3541 temporis,

288 3559 457 3632 τέρων
512 3558 653 3618 τινες
710 3557 833 3629 περὶ
875 3558 974 3626 την
1036 3550 1325 3625 εὐσέϐειαν,
1377 3555 1481 3610 ἀπὸ
1520 3560 1621 3610 τοῦ
1680 3552 1942 3633 φρουρίου

294 3649 516 3719 Σουρῶν
576 3644 917 3719 ἀφικόμενοι,
977 3643 1265 3717 ὑφελέσθαι
1352 3645 1412 3698 τὸ
1496 3648 1590 3698 τοῦ
1672 3644 1946 3717 μάρτυρος

298 3734 548 3808 λείψανον
605 3731 939 3807 ἐπεχείρουν.
996 3733 1057 3789 Ὁ
1108 3730 1185 3801 δὲ,
1219 3730 1330 3787 ε’ίτε
1400 3735 1474 3805 μὴ
1527 3730 1699 3795 θέλων
1759 3731 1945 3785 ἑαυτὸν

304 3826 583 3897 ζημιῶσαι
622 3823 722 3889 τήν
754 3820 942 3885 πόλιν,
971 3818 1077 3875 ε’ίτε
1112 3823 1188 3894 μή
1220 3819 1592 3895 ἄνασχόμενος
1632 3822 1721 3875 τὸν
1770 3819 1951 3874 κοινὸν

305 3911 575 3984 θησαυρὸν
656 3907 800 3963 ’ίδιον
878 3909 1122 3984 γενέσθαι
1207 3911 1372 3979 τινὸς,
1460 3908 1644 3986 φλόγα
1712 3906 1954 3982 μεγάλην

305 4004 542 4055 ποιεῖται
596 4005 697 4068 τῆς
745 3997 980 4066 κλοπῆς,
1040 4000 1306 4071 μηνυτὴν·
1375 3998 1467 4051 καὶ
1536 4002 1642 4071 πῦρ
1727 3996 1954 4073 ἀναφθὲν

306 4088 529 4159 ἐκεῖθεν,
564 4087 759 4163 ἄθρόον
822 4085 1139 4159 δημοσιεύει
1193 4088 1285 4142 τὸν
1346 4084 1535 4143 δόλον.
1570 4087 1660 4141 καὶ
1715 4089 1813 4156 τὴν
1868 4092 1961 4155 ζη-

315 4178 438 4249 μίαν
495 4176 648 4238 εύθῦς
698 4172 1132 4250 παραδείκνυσιν.
1167 4176 1229 4230 Οἱ
1286 4174 1337 4229 ἐν
1380 4181 1448 4249 τῇ
1507 4180 1793 4252 Ῥωσαφῶν
1854 4173 1963 4229 τοί-

314 4286 429 4334 νυν,
485 4263 766 4338 πολεμίων
825 4261 1122 4337 ἐπιδημίαν
1176 4264 1237 4318 τὸ
1280 4269 1509 4339 πρᾶγμα
1567 4265 1702 4319 εἶναι
1758 4264 1964 4319 ὑπολα-

312 4351 522 4423 ϐόντες,
572 4349 794 4408 ἔνοπλοι
853 4354 1050 4415 πάντες
1119 4351 1178 4407 ἐκ
1241 4357 1337 4407 τοῦ
1403 4351 1676 4431 αἰφνιδίου
1740 4357 1820 4425 τῷ
1868 4356 1964 4408 τοῦ

318 4445 593 4517 μάρτυρος
654 4443 959 4521 ἐρίστανται
1045 4444 1218 4518 ταφῳ.
1315 4443 1418 4498 Καὶ
1510 4443 1767 4514 μαθόντες
1835 4441 1968 4517 ὅπερ

312 4534 405 4602 ἦν,
462 4534 559 4600 τὴν
612 4532 886 4609 ὑφαίρεσίν
946 4553 1005 4586 τε
1072 4529 1371 4587 διεκώλυον
1432 4532 1520 4587 καὶ
1589 4532 1767 4586 οὐκέτι
1844 4530 1969 4586 οὐδὲ

313 4621 590 4694 ἐπιμεῖναι
646 4625 724 4692 τῷ
774 4621 928 4693 τόπῳ
976 4619 1103 4682 τοὺς
1184 4620 1289 4675 ἄπὸ
1370 4625 1589 4695 Σουρῶν
1654 4620 1967 4695 ἠνείχοντο,

318 4709 449 4766 Εἶτα
501 4709 685 4783 μέντοι
744 4707 935 4763 πολλὰ
995 4708 1280 4780 δεηθέντας
1319 4711 1416 4783 ὀψὲ
1472 4713 1558 4764 καὶ
1598 4708 1761 4781 μόλις
1796 4729 1971 4782 παρα-

325 4804 501 4871 μεῖναι
561 4800 743 4873 βραχυ
813 4799 1218 4873 συνεχώρησεν.
1279 4800 1339 4852 Οἱ
1381 4796 1438 4853 δὲ
1494 4800 1591 4867 τήν
1648 4797 1972 4873 προσεδρίαν

329 4888 404 4959 μὴ
463 4886 643 4961 ἀρχὴν
682 4884 832 4964 ἔχειν
896 4884 1037 4958 μηδέ
1086 4885 1356 4960 ἄπρακτον
1410 4882 1793 4962 βουληθέντες,
1852 4886 1977 4941 ναόν

322 4995 443 5028 τινα
475 4976 669 5048 μικρὸν
718 4974 803 5030 ἐπὶ
858 4980 936 5046 τῷ
994 4975 1146 5049 τάφω
1196 4973 1501 5048 ἐδείμαντο,
1562 4976 1651 5030 καὶ
1683 4975 1825 5031 οὓτω
1861 4974 1977 5048 μεθ’

326 5061 533 5132 ἡδονῆς
580 5064 851 5132 ἐπανῆκον
898 5068 976 5135 τῷ
1027 5061 1212 5118 δοῦναι
1262 5063 1477 5137 μᾶλλον
1527 5065 1561 5133 ἢ
1633 5060 1838 5135 λαϐεῖν,
1887 5065 1977 5119 τὸν

324 5154 460 5225 πρὸς
519 5152 610 5208 τὸν
667 5152 916 5222 ἀθλητὴν
978 5152 1142 5207 πόθον
1196 5154 1618 5229 ἀφοσιώσαντες.
1671 5157 1817 5209 Κατὰ
1888 5175 1978 5225 μι-

325 5237 455 5313 κρὸν
515 5237 573 5294 δὶ
609 5246 710 5309 τῆς
759 5242 882 5311 περὶ
925 5244 1015 5296 τὸν
1050 5244 1285 5315 Σωτῆρα
1314 5243 1401 5296 καὶ
1438 5242 1631 5315 Κύριον
1662 5244 1821 5312 ἡμων
1860 5244 1977 5309 Ἰη-

327 5333 454 5383 σοῦν
508 5329 740 5401 Χριστὸν
796 5326 1066 5405 εὐσεϐείας
1122 5328 1496 5401 ἐπιδιδούσης,
1544 5329 1828 5385 ἐπίσκοποι
1884 5330 1978 5384 τὸν

328 5417 561 5490 ἀριθμὸν
621 5410 999 5473 πεντεκαίδεκα
1035 5425 1136 5488 τῆς
1191 5417 1408 5481 πόλεως
1474 5419 1768 5496 Ῥωσαφῶν
1853 5415 1980 5472 ε’ίσω

329 5507 607 5580 γενόμενοι
651 5508 776 5561 ναόν
825 5508 882 5563 ὸε
927 5512 1042 5569 τοῖς
1104 5509 1284 5584 ἆγίοις
1360 5514 1628 5585 περιφανῆ
1706 5507 1980 5581 ἀνιστῶσι,

333 5594 421 5651 καὶ
451 5597 639 5650 τοῦτον
700 5597 1136 5671 καθιερῶσαντες,
1168 5596 1219 5651 ἐν
1280 5597 1424 5670 αὐτῷ
1454 5598 1518 5651 τὰ
1568 5603 1682 5662 θεῖα
1712 5597 1799 5651 καὶ
1844 5616 1981 5670 μαρ-

2054 3553 2289 3624 quidam
2321 3568 2390 3607 ex
2422 3552 2516 3619 iis,
2550 3552 2651 3623 qui
2691 3559 2856 3609 erant
2905 3555 3117 3625 pietate
3167 3557 3563 3625 ferventiores,
3597 3576 3695 3613 ve-

2056 3643 2281 3699 nientes
2323 3660 2356 3698 a
2403 3642 2668 3713 presidio
2709 3643 3014 3714 Surorum,
3073 3646 3294 3716 agressi
3352 3654 3489 3701 sunt
3520 3647 3698 3701 surri-

2060 3747 2194 3803 pere
2216 3730 2490 3801 reliquias
2522 3732 2813 3801 martyris.
2848 3732 2950 3788 Ille
2973 3741 3189 3803 autem,
3222 3749 3323 3789 seu
3358 3751 3471 3789 non
3502 3735 3700 3789 volens

2061 3822 2275 3877 damno
2307 3820 2535 3875 afficere
2564 3821 2877 3887 civitatem,
2920 3838 3023 3877 seu
3057 3839 3173 3877 non
3216 3822 3514 3878 sustinens
3545 3839 3701 3877 com-

2065 3926 2300 3965 munem
2331 3909 2667 3966 thesaurum
2728 3927 2856 3966 esse
2913 3911 3158 3982 alicujus
3215 3912 3539 3983 preprium,
3580 3928 3703 3967 ma-

2067 4015 2242 4071 gnam
2276 3998 2564 4053 ﬂammam
2598 3999 2787 4055 effecit
2820 3999 2953 4054 furti
2986 3999 3233 4055 indicem
3269 4017 3282 4054 :
3317 4006 3373 4055 et
3402 4000 3557 4071 ignis
3587 4000 3707 4054 illic

2070 4104 2370 4157 accensus,
2394 4088 2594 4143 dolum
2629 4088 2939 4145 manifeste
2958 4088 3287 4159 publicans,
3312 4090 3587 4145 damnum
3622 4105 3710 4144 re-

2074 4185 2241 4248 pente
2272 4176 2545 4233 ostendit.
2604 4177 2712 4242 Qui
2744 4176 2923 4246 igitur
2961 4184 3125 4233 erant
3158 4178 3214 4232 in
3248 4179 3480 4234 civitate
3529 4179 3715 4234 Rosa-

2073 4266 2348 4337 phorum,
2380 4265 2601 4336 opinati
2630 4266 2943 4321 adventum
2976 4266 3231 4321 hostium
3277 4282 3342 4323 eo
3375 4266 3715 4337 signiﬁcari,

2076 4355 2285 4411 armati
2319 4370 2520 4408 omnes
2542 4354 2737 4409 statim
2762 4354 3082 4410 adveniunt
3103 4357 3173 4410 ad
3195 4356 3529 4427 sepulcrum
3562 4372 3719 4411 mar-

2078 4443 2240 4516 tyris.
2276 4442 2383 4506 Qui
2427 4458 2561 4497 cum
2622 4442 2988 4499 rescivissent
3035 4444 3091 4498 id
3139 4445 3294 4515 quod
3354 4449 3497 4509 erat,
3543 4450 3600 4500 et
3649 4461 3720 4500 ne

2080 4534 2367 4589 auferrent
2399 4532 2842 4603 prohibuerunt,
2876 4538 2932 4588 et
2964 4550 3078 4590 non
3111 4533 3265 4603 passi
3298 4540 3436 4589 sunt
3466 4534 3722 4590 Snrenos

2082 4619 2338 4690 amplius
2371 4635 2604 4675 manere
2627 4620 2687 4675 in
2720 4635 2786 4675 eo
2817 4619 2961 4676 loco.
2995 4621 3078 4676 llli
3110 4627 3302 4678 autem
3336 4638 3467 4677 cum
3502 4622 3724 4677 nollent

2083 4709 2296 4763 frustra
2340 4711 2396 4763 et
2442 4708 2725 4764 inutiliter
2763 4710 3084 4781 advenisse,
3140 4728 3377 4781 parvum
3425 4712 3722 4783 quoddam

2085 4796 2364 4866 templum
2409 4797 2467 4850 in
2518 4796 2783 4868 sepulcro
2842 4803 3275 4856 extstruxerunt
3311 4817 3323 4854 :
3358 4808 3411 4855 et
3455 4800 3540 4854 sic
3590 4814 3723 4853 cum

2086 4885 2297 4958 gaudio
2335 4885 2654 4953 redierunt,
2690 4886 2900 4958 dando,
2928 4891 3138 4960 magis,
3161 4907 3335 4960 quam
3362 4888 3723 4960 accipiendo,

2087 4992 2190 5031 suo
2222 4975 2281 5029 in
2312 4979 2587 5030 sanctum
2619 4975 2907 5033 desiderio
2947 4979 3392 5035 satisfacientes.
3436 4978 3727 5034 Paulatim

2087 5070 2280 5120 autem
2336 5069 2631 5119 crescente
2686 5066 2895 5135 pietate
2926 5066 2985 5122 in
3032 5068 3383 5123 Salvatorem
3418 5074 3475 5123 et
3522 5068 3726 5124 Domi-

2089 5169 2229 5208 num
2272 5156 2541 5207 nostrum
2590 5153 2789 5209 Jesum
2822 5156 3136 5223 Christum,
3177 5157 3435 5228 episcopi
3487 5172 3727 5211 numero

2089 5242 2443 5313 quindecim,
2487 5243 2739 5314 ingressi
2792 5244 3087 5301 civitatem
3121 5246 3547 5317 Rosaphorum,
3581 5245 3727 5300 insi-

2089 5348 2201 5404 gne
2250 5330 2532 5402 templum
2588 5332 2808 5388 sanctis
2839 5340 3145 5391 exstruunt
3174 5342 3231 5391 et
3270 5351 3401 5391 cum
3433 5334 3493 5389 id
3523 5350 3725 5391 conse-

2090 5425 2371 5488 crassent,
2405 5420 2464 5474 in
2496 5436 2561 5475 eo
2591 5421 2992 5491 deposuerunt
3021 5425 3245 5480 divinas
3277 5428 3599 5495 martyrum
3636 5441 3729 5479 re-

2090 5510 2348 5580 liquias;
2392 5510 2462 5564 ad
2521 5510 2767 5581 gloriam
2799 5511 2924 5582 Dei,
2973 5517 3032 5569 et
3086 5513 3315 5571 Domini
3375 5511 3558 5569 nostri
3587 5512 3730 5573 Jssu

2093 5598 2329 5665 Christi,
2374 5615 2547 5670 quem
2596 5600 2757 5658 decet
2801 5600 3009 5671 honor,
3054 5605 3325 5675 potentia,
3362 5604 3632 5672 majeslas
3679 5615 3732 5661 ot
