4106 6200
404 300 553 359 1031

1746 295 2025 358 MENSIS
2057 293 2448 356 ‘OC'I‘OBER.

3657 287 3824 347 103:2

400 458 856 530 magniﬁcentia,
889 475 1045 516 nunc
1069 460 1124 514 et
1155 474 1405 530 semper,
1438 466 1492 514 et
1514 458 1570 514 in
1614 459 1824 515 secula
1855 471 2036 514 smcu-
2066 469 2093 529 ί

2198 454 2339 530 ›ρικᾶι
2396 453 2676 509 κατέθεντο
2737 453 2964 527 λείψανα
3021 453 3095 514 εἰς
3167 450 3320 522 δόξαν
3382 455 3516 507 Θεοῦ
3595 455 3824 524 Πατρός

397 547 607 605 lorum.
631 549 832 605 Amen.

2151 633 2368 708 κράτος,
2441 630 2802 707 μέγαλωσ·3νη
2876 653 2934 687 τε

2155 722 2245 777 λαὶ
2279 722 2381 793 ἀεὶ,
2413 724 2504 777 καὶ
2537 723 2613 784 εἰς
2643 723 2768 784 τοὺς
2795 722 2997 784 αἰῶνας
3027 725 3134 776 τῶν
3159 722 3391 778 αἰώνων.
3427 721 3632 792 ’Δμήν.

2151 544 2240 599 καὶ
2299 543 2501 619 Κυρίου
2559 544 2719 615 ἡμῶν
2777 545 2960 614 Ἰησοῦ
3015 542 3351 616 Χριστοῦ,ᾦ
3406 541 3604 613 πρέπει
3652 539 3826 610 τιμῆ,

3017 632 3104 686 καὶ
3186 629 3662 708 μεγαλοπρέπεια,
3726 632 3824 682 νῦν

1876 960 2630 1123 DltME’t‘ltlt
2720 955 3493 1111 MAltTYltlS

1556 1179 2099 1236 THESSALONICIE
2137 1179 2209 1235 IN
2251 1179 2682 1236 MACEDONIA.

510 1447 707 1504 Tomo
783 1438 1085 1519 sequenti,
1135 1437 1227 1519 in
1306 1434 1770 1519 δαρριριηεηιο-
1807 1434 1885 1519 αα
1957 1433 2444 1519 Illetaphrastem,
2524 1438 2784 1519 extant“
2834 1431 3226 1519 celeberrimi
3301 1429 3596 1519 martyris
3671 1430 3836 1488 Acta

409 1525 587 1586 varia
643 1543 678 1583 a
736 1510 1021 1582 Cornelio
1068 1510 1247 1578 'Biaao
1306 1510 1683 1577 in'Octobri
1739 1510 2152 1576 Bollandiano
2213 1515 2292 1574 ad
2351 1515 2514 1574 diem
2572 1516 2610 1573 8
2666 1512 2954 1574 collecta.
3025 1514 3196 1572 Inter
3250 1529 3323 1571 ea
3380 1510 3610 1588 legitur
3666 1527 3836 1586 opus

411 1603 737 1684 Symeonis
763 1602 1205 1684 Metaphrastaa
1248 1597 1416 1677 quod
1459 1597 1545 1657 ibi
1585 1595 1855 1673 videsis;
1889 1595 2376 1657 commentarius
2409 1595 2573 1655 enim
2615 1593 2788 1655 Actis
2823 1596 2887 1654 S.
2936 1591 3229 1653 Demetrii
3258 1591 3552 1670 praeﬁxas
3585 1598 3837 1669 partem

412 1680 607 1746 a'toto
637 1683 819 1744 avelli
849 1699 973 1742 non
1006 1680 1173 1740 sinit.

1254 1922 1662 2051 ΒΙΟΣ
1743 1920 2051 2050 ΚΑΙ
2140 1919 3009 2051 ΠΟΛΙΤΕΙΑ

731 2157 981 2253 ΤΟΥ
1062 2154 1221 2250 ΕΝ
1303 2152 1720 2249 ΑΓΙΟΙΣ
1804 2151 2299 2248 ΠΑΤΡΟΣ
2386 2151 2754 2246 ΗΜΩΝ
2839 2149 3525 2283 ΔΙΟΝΥΣΙΟΥ

1378 2305 1776 2362 ΕΗΙΣΚΟΠΟΥ
1820 2308 2124 2376 ΑΘΗΝΩΝ,
2174 2307 2301 2361 ΤΟΥ
2340 2305 2873 2363 ΑΡΕΙΟΠΑΓΙΤΟΥ.

1145 2570 1554 2694 VlTA
1641 2571 1846 2692 ET
1929 2569 3102 2695 CONVERSATIO

1237 2758 1624 2846 SANCTI
1694 2758 2195 2844 DIONYSII
2248 2759 3022 2847 AREOPAGITZE-

1707 2891 2022 2947 EPISCOPI
2061 2891 2555 2948 ATHENIENSIS.

1610 3018 1763 3081 (Opp.
1794 3018 2031 3081 Dionysii
2053 3020 2265 3084 Areop.,
2288 3023 2327 3069 t.
2360 3021 2426 3075 ll,
2450 3022 2656 3084 p.589.)

505 3270 654 3326 Olim
715 3267 952 3340 quidem
1003 3268 1148 3324 ﬁdes
1193 3267 1307 3324 sita
1350 3271 1473 3324 erat
1501 3268 1560 3324 in
1595 3269 1820 3341 ﬁguris,
1851 3274 1907 3326 et
1947 3271 2086 3326 aeni-

2258 3268 2434 3324 Πάλαι
2473 3271 2565 3343 μὲν
2599 3268 2650 3324 ἐν
2701 3270 2895 3332 τόποις
2924 3271 2991 3339 ἦν
3019 3269 3084 3324 τὰ
3137 3273 3236 3343 τῇς
3283 3267 3518 3330 πίστεως
3547 3266 3639 3322 καὶ
3671 3267 3848 3340 αἰνίγ-

437 3359 757 3432 gmatibus,
790 3361 847 3413 et
876 3357 1030 3412 nube
1080 3358 1302 3413 umbrae
1334 3361 1490 3414 tecta
1519 3363 1642 3416 erat
1671 3358 1772 3415 lux
1801 3360 2075 3415 veritatis.

435 3451 755 3518 Postquam
775 3450 972 3501 autem
1005 3453 1214 3502 nostrae
1234 3446 1438 3503 salutis
1469 3465 1747 3521 magnum
1780 3453 2078 3520 peractum

441 3536 550 3592 fuit
585 3535 951 3608 mysterium,
984 3538 1042 3590 et
1085 3536 1185 3606 qui
1218 3536 1385 3590 ﬁnxit
1414 3535 1747 3606 singulatim
1770 3539 1942 3593 corda
1981 3555 2082 3593 no-

445 3629 589 3694 stra,
651 3641 770 3680 suas
810 3623 1186 3696 benignitatis
1249 3626 1304 3680 in
1338 3642 1441 3681 nos
1494 3626 1909 3692 misericordia,
1943 3627 2088 3682 citra

445 3718 753 3790 peccatum
805 3717 979 3769 natus
1009 3722 1094 3769 est
1126 3713 1283 3769 sicut
1313 3731 1420 3770 nos
1447 3731 1459 3768 :
1493 3719 1550 3770 et
1588 3715 1701 3770 alia
1731 3715 1930 3782 subiit,
1960 3732 2086 3786 quae

446 3808 585 3862 sunt
615 3804 888 3859 humanae
913 3803 1352 3869 imbecillitatis,
1377 3811 1437 3859 ut
1470 3819 1574 3875 ego
1598 3803 1847 3875 primam
1883 3805 2091 3875 recipe-

443 3910 567 3950 rem
615 3892 980 3949 nobilitatem
1017 3916 1032 3960 ;
1064 3895 1121 3949 et
1150 3897 1436 3961 postremo
1495 3893 1919 3949 condemnatus
1979 3893 2091 3948 fuit

441 3987 628 4040 morte
669 3981 862 4038 crucis
917 3997 932 4036 :
985 3989 1036 4038 et
1084 3997 1158 4038 ne
1193 3981 1383 4038 dicam
1424 3981 1660 4055 singula
1701 3987 1859 4054 (sunt
1905 3983 2091 4055 enim)

443 4071 626 4128 multa
649 4070 998 4127 intermedia
1011 4071 1344 4127 oeconomiae
1368 4071 1560 4128 carnis
1583 4077 1862 4143 susceptae
1888 4077 2095 4144 myste-

439 4162 548 4232 ria)
591 4161 767 4217 ﬁnem
823 4161 1050 4232 accepit
1106 4178 1383 4234 corporea
1430 4163 1844 4231 conversatio;
1886 4163 2092 4233 incipit

443 4254 636 4308 autem
661 4249 988 4322 spiritualis
1009 4268 1023 4320 ;
1047 4259 1099 4308 et
1130 4251 1192 4308 in
1223 4250 1432 4307 ccelum
1459 4251 1724 4307 ascendit
1755 4267 1920 4308 meus
1939 4251 2094 4307 Chri-

444 4348 590 4408 stus,
623 4344 680 4396 et
705 4341 774 4396 ad
809 4340 1006 4397 sedem
1049 4345 1350 4413 paternam
1400 4342 1708 4397 revertitur
1737 4359 1750 4410 ;
1784 4346 1859 4412 et,
1895 4342 1992 4415 qui
2027 4361 2092 4399 ex

445 4431 574 4503 ipso
598 4429 878 4501 procedit,
902 4429 1180 4502 Spiritum
1202 4431 1447 4485 demittit
1471 4430 1799 4503 discipulis,
1815 4437 1881 4488 ut
1903 4437 2098 4489 essent

446 4521 624 4577 duces
648 4519 910 4591 gentium
935 4518 1286 4574 inﬁdelium.
1309 4520 1415 4575 Per
1436 4537 1609 4591 quem
1643 4521 1848 4577 beatus
1872 4538 2098 4594 quoque

444 4609 662 4665 Paulus
692 4624 759 4664 ex
785 4607 994 4663 umbra
1024 4607 1310 4662 deductus
1341 4607 1451 4663 fuit
1472 4609 1542 4664 ad
1576 4608 1895 4665 veritatem.
1932 4611 2095 4666 Tunc

2187 3380 2341 3431 μασι,
2375 3360 2461 3413 xci
2491 3360 2553 3414 τὸ
2583 3367 2682 3430 τῆς
2715 3359 2972 3430 ἀληθείας
3004 3361 3201 3436 φέγγος
3231 3364 3310 3432 τῷ
3339 3365 3442 3427 τῆς
3492 3362 3646 3418 σκιᾶς
3695 3353 3850 3430 νέφει

2188 3450 2634 3508 συνεκαλύπτετο.
2669 3451 2815 3506 Ἐπεὶ
2873 3447 2929 3505 δὲ
2985 3451 3046 3504 τὸ
3107 3449 3252 3527 μέγα
3305 3455 3405 3518 τῆς
3448 3451 3608 3520 ἡμῶν
3658 3468 3850 3515 σωτη-

2191 3539 2305 3614 ρίας
2356 3539 2775 3616 ἐπραγματεόθη
2827 3541 3154 3613 μυστήριον,
3183 3538 3274 3593 καὶ
3304 3539 3332 3592 ὁ
3362 3537 3573 3597 πλάσας
3604 3535 3852 3609 καταμό-

2189 3651 2281 3691 νας
2327 3630 2422 3692 τὰς
2471 3627 2694 3704 καρδίας
2754 3631 2913 3703 ἡμῶν
2969 3633 3048 3702 τῷ
3095 3636 3196 3699 τῆς
3255 3627 3458 3689 οἰκείας
3507 3628 3632 3702 περὶ
3697 3629 3853 3698 ἡμᾶς

2193 3713 2358 3789 ο⁹ίκτῳ
2410 3717 2786 3791 χρηφιότητος
2843 3716 3240 3790 ἀναμαρτήτως
3297 3713 3509 3790 γέγονεν
3552 3714 3626 3774 ὡς
3657 3715 3848 3785 ἡμεῖς,

2189 3801 2368 3860 τᾶλλα
2417 3827 2477 3860 τε
2526 3804 2784 3876 ὑπῆλθεν,
2837 3807 2935 3859 ὅσα
2982 3812 3082 3875 τῆς
3141 3804 3486 3880 ἀνθρωπίνης
3513 3802 3653 3857 ἐστὶν
3687 3803 3851 3866 ἀσθε-

2192 3893 2460 3965 νείας,⁶ίν’
2493 3893 2602 3969 ἐγὼ
2657 3896 2755 3963 τὴν
2809 3895 3031 3970 πρώτην
3089 3889 3355 3949 ἀπολάϐω
3415 3893 3702 3968 εὐγένειαν*
3756 3892 3847 3945 καὶ

2192 3983 2349 4045 τέλος
2383 3985 2474 4039 τὸν
2508 3982 2597 4038 διὰ
2635 3987 2867 4057 σταυροῦ
2925 3984 3148 4039 θάνατον
3202 3982 3591 4057 κατακρίνεται·
3643 3981 3734 4035 καὶ
3761 3979 3853 4033 τίνα

2200 4076 2273 4147 μὴ
2306 4071 2371 4128 τὸ.
2399 4075 2520 4137 καθ’
2563 4069 2783 4128 ἕκαστον
2827 4071 2993 4147 λέγω,
3028 4071 3236 4146 (πολλὰ
3262 4071 3365 4147 γὰρ
3391 4072 3457 4126 τὰ.
3486 4069 3537 4125 έν
3569 4069 3717 4142 μέσῳ
3748 4075 3852 4138 τῆς

2197 4161 2520 4234 οἷ’κονομίας
2553 4163 2719 4216 αὐτοῦ
2780 4163 3100 4234 μυστήρια·)
3148 4161 3314 4234 πέρας
3362 4159 3428 4214 τὰ
3471 4165 3571 4228 τῆς
3601 4178 3852 4229 σωματι-

2194 4257 2295 4318 κῆς
2347 4248 2605 4322 ἐπιδημίας
2636 4247 2852 4324 δέχεται
2878 4270 2890 4282 ο
2923 4250 2987 4305 τὰ
3020 4247 3077 4304 δὲ
3113 4253 3210 4304 τοῦ
3233 4247 3538 4322 πνεύματος
3570 4246 3808 4324 ἄρχεται
3838 4261 3853 4275 ·

2198 4339 2286 4393 καὶ
2315 4338 2388 4401 εἷς
2423 4339 2683 4414 οὐρανοὺς
2717 4339 2744 4393 ὁ
2776 4337 2906 4411 έμὸς
2947 4339 3178 4412 Χριστὸς
3228 4336 3565 4414 ἀναφέρεταιο
3596 4336 3685 4391 καὶ
3712 4336 3855 4408 πρὸς

2197 4429 2288 4485 τὸν
2321 4430 2579 4503 πατρικὸν
2629 4429 2864 4484 ἐπάνεισι
2913 4430 3127 4504 θρόνονο
3163 4430 3250 4484 καὶ
3303 4429 3366 4483 τὸ
3416 4428 3854 4504 ἐκπορευόμενον

2203 4519 2366 4574 αὐτοῦ
2413 4524 2626 4592 Πνεῦμα
2657 4519 2743 4574 ἐπὶ
2791 4521 2890 4588 τὴν
2941 4523 3047 4572 τῶν
3106 4518 3346 4574 ἀπίστων
3378 4518 3542 4574 ἐθνῶν
3574 4517 3859 4590 καταπέμο

2205 4629 2291 4662 πει
2319 4615 2434 4670 τοῖς
2472 4611 2738 4681 μαθηταῖς
2768 4605 3016 4683 ὁδηγίαν,
3052 4606 3121 4663 δι’
3155 4608 3216 4662 οὒ
3245 4609 3334 4662 καὶ
3367 4609 3394 4662 ὑ
3430 4609 3695 4681 μακάριος
3721 4612 3865 4661 Παῦ-

441 4698 515 4769 is,
539 4698 663 4754 zelo
687 4696 899 4753 Christi
920 4696 1200 4768 percitus,
1229 4697 1726 4768 quemadmodum
1751 4699 1875 4771 ipse
1893 4704 2093 4770 captus

2206 4697 2304 4759 λος
2338 4699 2441 4752 ἀπὸ
2475 4705 2574 4767 τῆς
2607 4703 2757 4758 σκιᾶς
2804 4697 3223 4773 έχειραγωγήθη
3257 4698 3392 4771 πρὸς
3433 4697 3532 4760 τήν
3566 4696 3862 4767 ἀλήθειαν,

446 4788 554 4843 fuit
577 4787 646 4843 ad
674 4786 969 4858 pietatem,
1003 4785 1083 4840 ita
1106 4785 1283 4842 etiam
1315 4787 1514 4843 orbem
1535 4795 1696 4843 terra:
1718 4789 1787 4843 ad
1821 4805 1884 4844 se
1901 4789 2096 4845 stude-

448 4879 549 4935 bat
579 4877 887 4946 attrahere,
920 4880 978 4932 et
1025 4875 1252 4933 Christo
1285 4894 1386 4950 per
1414 4878 1588 4935 ﬁdem
1622 4879 1994 4950 conjungere.
2028 4880 2098 4933 Et

448 4971 515 5024 ut
545 4984 612 5023 ea
659 4966 930 5022 omittam
962 4982 1089 5038 quas
1122 4967 1194 5022 ab
1238 4966 1361 5038 ipso
1392 4967 1723 5040 Amphipoli
1757 4969 1906 5023 facta
1937 4973 2095 5038 sunt,

448 5062 506 5114 et
565 5057 624 5113 in
697 5055 1021 5126 Thessalia,
1072 5059 1128 5111 et
1182 5055 1457 5112 omnibus
1512 5056 1572 5111 in
1621 5055 1785 5122 locis,
1846 5057 1906 5112 in
1967 5058 2097 5129 qui-

449 5149 554 5203 bus
584 5147 714 5216 ejus
763 5161 978 5215 sermo,
1012 5145 1252 5216 perinde
1284 5161 1349 5201 ac
1381 5146 1650 5216 quedam
1684 5161 1917 5216 sagena,
1950 5146 2098 5202 mul-

449 5241 543 5292 tos
575 5237 819 5292 venatus
865 5239 954 5291 est
997 5236 1069 5292 ad
1103 5236 1399 5306 pietatem,
1433 5252 1634 5291 eorum
1668 5235 1859 5291 solum
1893 5237 2100 5290 memi—

453 5340 619 5391 nero,
651 5341 780 5395 quae
838 5325 1076 5381 Athenis
1133 5326 1281 5381 facta
1313 5333 1472 5396 sunt,
1503 5341 1606 5396 per
1637 5341 1763 5396 quae
1821 5324 1999 5380 etiam
2031 5324 2101 5379 ab

457 5412 734 5483 Apostolo
766 5413 889 5483 ipso
910 5431 1039 5470 vere
1062 5431 1310 5486 magnus
1333 5417 1538 5485 captus
1574 5413 1683 5468 fuit
1715 5413 2099 5485 Dionysius“;

459 5501 582 5575 qui,
616 5501 860 5572 patriam
886 5503 1124 5572 quidem
1149 5503 1366 5560 claram
1384 5509 1443 5559 et
1465 5507 1730 5575 parentes
1749 5501 1934 5558 claros
1965 5519 2102 5558 con-

453 5593 710 5657 secutus,
745 5590 820 5646 ad
871 5607 1146 5662 magnam
1197 5593 1460 5662 pervenit
1480 5591 1748 5664 gloriam.
1783 5591 1930 5648 Nam
1955 5591 2102 5661 justi

459 5676 695 5752 quidem
727 5681 917 5745 erant,
949 5679 999 5734 si
1033 5677 1136 5733 ulli
1169 5695 1238 5734 ex
1282 5679 1758 5745 Atheniensibus,
1792 5695 1865 5734 ne
1911 5678 2100 5736 dicam

459 5768 591 5835 soli,
623 5767 705 5822 ita
737 5769 802 5821 ut
826 5766 1061 5836 justitia
1093 5766 1322 5837 insigne
1349 5767 1464 5824 illis
1495 5771 1672 5840 esset,
1705 5768 1853 5840 aequi
1875 5767 2102 5839 amicis,

534 5893 560 5926 σ
587 5882 709 5935 Act.
744 5895 877 5934 xvu.

2204 4787 2325 4842 τότε
2355 4784 2420 4856 δὴ
2453 4787 2574 4840 τότε
2607 4788 2760 4859 ζήλῳ
2785 4791 2864 4859 τῷ
2895 4787 3017 4861 περί
3046 4785 3136 4842 τὸν
3186 4787 3414 4860 Χριστὸν
3459 4786 3615 4846 οὗτος
3662 4783 3863 4856 ἁλοὺς,

2207 4875 2263 4931 δν
2316 4875 2600 4951 ἐζωγρήθη
2659 4877 2862 4950 τρόπον
2920 4877 3059 4949 πρὸς
3099 4877 3198 4945 τήν
3235 4870 3524 4944 εὐσέϐειαν,
3555 4872 3746 4928 τοῦτον
3771 4877 3866 4930 καὶ

2205 4967 2303 5035 τὴν
2345 4964 2674 5038 οἰκουμένην
2699 4960 2947 5020 ἔσπευδεν
2973 4964 3482 5034 έπισπάσασθαι,καὶ
3516 4966 3738 5039 Χριστῷ
3771 4961 3867 5019 διὰ

2205 5061 2305 5124 τῆς
2337 5055 2568 5116 πίστεως
2609 5053 3011 5110 οἰκειώσασθαι.
3045 5054 3143 5108 Καὶ
3180 5054 3275 5108 ’ἱνα
3309 5057 3376 5108 τᾶ
3409 5051 3464 5109 ἒν
3523 5052 3870 5127 Ἀμφιπόλει

2207 5144 2294 5198 καὶ
2330 5144 2596 5213 Θεσσαλίᾳ
2624 5148 2803 5217 παρῶ,
2835 5145 2922 5199 καὶ
2973 5142 3024 5198 ἒν
3055 5144 3138 5205 οἷς
3170 5144 3198 5198 ὁ
3227 5143 3420 5197 τούτου
3455 5143 3644 5216 λόγος,
3678 5139 3870 5216 ὥσπερ

2206 5254 2290 5296 τις
2320 5235 2556 5306 σαγήνη,
2586 5232 2713 5293 τοὺς
2743 5231 2989 5294 πολλοὺς
3021 5234 3156 5307 πρὸς
3201 5234 3298 5301 τήν
3338 5226 3609 5287 εὐσέϐειαν
3638 5232 3868 5305 ἤγρευε,

2207 5325 2314 5375 τῶν
2349 5321 2399 5376 ἐν
2443 5323 2698 5392 ’ΛΟ-τίναις
2753 5323 2930 5394 μόνων
2974 5323 3380 5396 μνησθήσομαι,
3434 5319 3500 5375 δι“
3531 5319 3603 5375 ὧν
3639 5323 3871 5394 θήραμα

2207 5415 2285 5480 τῷ
2336 5411 2660 5484 Ἀποστόλῳ
2715 5411 2803 5465 καὶ
2857 5413 2882 5464 ὁ
2937 5411 3100 5485 μέγας
3146 5406 3296 5472 ὄντος
3327 5409 3640 5464 καθίσταται
3671 5410 3869 5462 Διονύ-

2213 5504 2348 5560 σῖος·
2412 5500 2469 5563 ὅς
2525 5497 2784 5573 πατρίδος
2847 5502 2940 5572 μὶν
3001 5499 3312 5578 ἐπιφανοῦς,
3344 5498 3612 5576 ἐπιφανῶν
3667 5495 3725 5552 δὲ
3771 5499 3867 5552 καὶ

2209 5589 2546 5665 γεννητόρων
2586 5587 2795 5663 τυχὼν,
2827 5587 2914 5643 ἐπὶ
2979 5587 3118 5663 μέγα
3167 5585 3327 5659 δόξης
3377 5587 3618 5660 ἀφίκετο.
3651 5587 3867 5644 Δίκαιοι

2217 5679 2311 5750 μὲν
2342 5679 2465 5753 γὰρ,
2509 5678 2659 5752 εἳπερ
2715 5699 2796 5740 τις
2844 5678 3170 5748 Ἀθηναίων,
3199 5676 3294 5732 ’ίνα
3345 5679 3421 5750 μὴ
3481 5674 3630 5752 λέγω
3680 5677 3866 5747 μόνον

2213 5768 2302 5823 καὶ
2335 5765 2646 5840 δικαιοσύνη
2688 5774 2804 5830 τοῖς
2861 5773 3103 5845 γονεῦσιν
3147 5769 3215 5839 ἦν
3257 5768 3319 5822 τὸ
3350 5765 3646 5842 ίπίσημονί
3676 5765 3867 5840 φίλοις

3835 6027 3852 6097 l
