4042 6222
240 337 394 398 1033

1288 335 1478 397 νΙΤΑ
1522 333 1581 394 S.
1628 334 1966 397 DIONYSII
2012 334 2559 399 AREOPAGIT/E.

3488 344 3644 405 1034

238 503 518 569 ἐπιεικεῖς,
551 503 753 576 ἥμεροι
781 505 897 563 τοῖς
928 500 1115 571 ξένοις,
1148 503 1263 563 τοῖς
1312 497 1536 560 όίκείοις
1575 496 1887 575 φιλὸίνθρω-

2009 501 2291 557 mansueti
2340 500 2743 574 hospitalibus,
2804 503 3037 574 benigni
3085 505 3143 561 in
3194 506 3534 577 familiares,
3585 513 3643 565 et

238 613 354 662 ποι,
387 591 707 666 χρηστότης
759 590 945 652 αὐτοῖς
996 589 1099 644 οὐκ
1146 586 1421 660 ἐπίδειξις,
1475 589 1894 661 ὑποκαθημένην

239 682 314 743 ὡς
343 683 409 736 τά
440 679 625 735 πολλά
671 681 771 748 τήν
828 679 1127 749 σκαιότητα
1175 676 1400 751 ἔχουσα,
1451 676 1595 733 ἀλλὰ
1637 698 1689 731 τι
1729 678 1892 751 σαφὲς

240 770 484 845 γέννημα
512 776 611 837 τῆς
642 771 849 843 ψυχῆς,
898 768 988 821 καὶ
1034 774 1134 835 τῆς
1186 760 1340 821 ἔνδον
1385 767 1669 842 χαρακτὴρ
1711 763 1895 829 διαθέ-

240 881 399 922 σεως.
432 856 654 926 Ἐπειδὴ
688 856 745 912 δέ
795 858 1057 928 Ἀθήνησι
1097 855 1314 920 Ηαῦλος
1363 856 1592 931 ἐγένετο,
1640 856 1727 910 καὶ
1776 861 1895 919 τοῖς

242 946 641 1023 Ἐπικουρείοις
706 946 773 1001 τὰ
822 946 1136 1021 Πυθαγόρου
1184 945 1505 1018 κρατύνουσι
1569 941 1889 1018 συμϐαλὼν,

244 1036 404 1112 ἔργου
436 1036 613 1113 εἷ’χετο
644 1041 721 1108 τῷ
750 1043 851 1105 τῆς
882 1030 1125 1090 ἀσεϐείας
1172 1034 1367 1097 αὐτοὺς
1415 1034 1716 1104 ἀποστῆσαι
1759 1032 1886 1111 δογ-

250 1129 450 1201 μάτων,
497 1126 587 1180 καὶ
640 1128 943 1198 μεταθεῖναι
984 1127 1120 1199 πρὸς
1168 1128 1265 1194 τήν
1319 1120 1607 1193 εὐσέϐειαν,
1656 1125 1783 1187 τοῦς
1829 1145 1888 1179 τε

246 1222 353 1272 τῶν
389 1213 635 1271 εἰδώλων
667 1215 1119 1292 καταστρέφεσθαι
1152 1212 1329 1277 ναοὺς.
1365 1214 1451 1267 καὶ
1485 1218 1686 1268 πεῖσαι.
1721 1214 1888 1283 Ἀθη-

244 1306 426 1367 ναίους
460 1304 509 1359 ἐν
542 1310 610 1379 τῇ
652 1303 853 1381 ἐσχατῃ
888 1304 1068 1375 ἡμέρᾳ
1098 1310 1197 1372 τῆς
1225 1302 1454 1377 κρίσεως
1500 1303 1890 1372 ἀναστήσεσθαι

250 1393 494 1467 μέλλειν,
514 1394 601 1447 καὶ
621 1391 771 1455 δίκας
795 1398 902 1446 τῶν
927 1393 1114 1453 αὑτοῖς
1154 1391 1517 1467 εἰργασμένων
1552 1392 1889 1466 εἰσπραχθῆ-

246 1486 449 1538 σεσθαι·
505 1483 651 1536 οὗτοι
691 1479 747 1536 δὲ
789 1487 897 1536 τῶν
953 1480 1141 1536 ἄλλων
1193 1483 1283 1536 ἅτε
1334 1478 1889 1553 δεισιδαιμονέστερον

246 1569 600 1644 διακείμενοι,
628 1572 717 1625 καὶ
751 1569 827 1632 είς
866 1568 1082 1631 πολλὰς
1131 1568 1287 1641 δόξας
1332 1570 1421 1625 καὶ
1470 1571 1677 1632 πίστεις
1732 1590 1891 1643 μερι-

246 1662 483 1733 ζόμενοι,
522 1660 870 1734 μυκτηρίζειν
905 1659 1063 1714 αὑτὸν
1106 1658 1446 1735 ἐπεχείρουν,
1490 1665 1690 1714 καινῶν
1732 1664 1889 1714 τινῶν

244 1756 334 1805 καὶ
365 1752 526 1820 ξένων
561 1747 860 1823 δαιμονίων
894 1748 1233 1826 καταγγελέα
1273 1749 1586 1811 καλοῦντες’
1638 1750 1788 1813 ὅπως
1836 1747 1891 1804 δὲ

2001 608 2133 648 vera
2163 591 2395 648 bonitas
2440 596 2561 647 erat
2590 592 2673 647 eis
2715 592 2965 661 bonitas,
3000 611 3111 650 non
3140 599 3475 663 ostentatio,
3510 616 3635 671 quas

2004 681 2177 737 habet
2231 680 2669 753 improbitatem
2738 697 2947 752 magna
3002 698 3071 737 ex
3119 689 3281 751 parte
3341 686 3638 744 insidian-

2001 775 2159 837 tem;
2190 770 2308 824 imo
2341 769 2576 841 quidam
2626 778 2863 841 apertus
2913 772 3120 826 animas
3162 773 3347 842 foetus,
3400 780 3456 829 et
3502 778 3637 831 cha-

2001 866 2187 914 racter
2242 859 2482 913 internae
2532 859 2874 914 affectionis.
2918 859 3234 931 Postquam
3285 868 3480 919 autem
3532 866 3641 920 fuit

2002 948 2213 1004 Paulus
2263 948 2523 1014 Athenis,
2575 952 2633 1003 et
2680 962 3031 1020 congressus
3078 966 3211 1005 cum
3254 952 3551 1023 Epicureis
3586 960 3641 1009 et

1999 1038 2228 1102 Stoicis,
2283 1037 2383 1109 qui
2425 1037 2754 1109 Pythagorae
2800 1039 3068 1107 dogmata
3118 1042 3511 1108 sectabantur,
3546 1044 3642 1097 in-

2001 1127 2194 1182 stabat
2240 1127 2420 1198 operi,
2470 1142 2680 1198 nempe
2728 1131 2791 1182 ut
2833 1143 2931 1184 eos
2962 1130 3269 1185 abduceret
3316 1147 3349 1184 a
3395 1131 3638 1203 dogma-

1999 1217 2158 1271 tibus
2202 1215 2543 1287 impietatis,
2595 1221 2651 1271 et
2705 1217 3038 1273 traduceret
3093 1220 3165 1273 ad
3230 1221 3524 1290 pietatem,
3584 1226 3641 1276 et

2000 1309 2279 1360 everteret
2345 1304 2563 1375 templa
2628 1304 3097 1373 simulacrorum,
3158 1311 3215 1362 et
3271 1310 3641 1377 persuaderet

2001 1393 2483 1457 Atheniensibus,
2531 1393 2650 1448 fore
2704 1396 2767 1447 ut
2813 1400 3185 1465 resurgerent
3214 1397 3271 1450 in
3306 1396 3515 1452 ultimo
3547 1399 3639 1452 die

1994 1485 2224 1556 judicii,
2269 1489 2325 1541 ct
2381 1486 2589 1541 darent
2638 1503 2834 1557 pcenas
2884 1502 3084 1542 eorum
3136 1505 3261 1559 quae
3328 1490 3636 1547 fecissent:

2000 1576 2061 1640 ii,
2114 1579 2177 1629 ut
2225 1573 2325 1645 qui
2374 1577 2569 1630 essent
2608 1574 2740 1631 aliis
2799 1575 2988 1631 affecti
3038 1577 3525 1647 superstitiosius,
3584 1585 3639 1636 et

2000 1665 2059 1719 in
2095 1665 2312 1721 multas
2344 1664 2513 1721 divisi
2562 1669 2755 1721 essent
2792 1665 3112 1738 opiniones,
3146 1669 3639 1739 aggrediebantur

2001 1770 2133 1809 eum
2163 1755 2543 1823 subsannare,
2574 1759 2841 1810 vocantes
2871 1771 3001 1810 eum
3033 1756 3499 1813 annuntiatorem
3534 1776 3638 1814 no-

250 1842 325 1913 μὴ
362 1844 726 1914 μυκτηρισμῷ
762 1840 920 1911 μόνον
964 1841 1089 1915 παρ’
1124 1840 1300 1893 αὐτῶν
1336 1838 1624 1909 βάλλοιτο,
1663 1838 1809 1893 ἀλλα
1838 1861 1892 1893 τι

2009 1861 2203 1900 vorum
2255 1845 2647 1915 quorumdam
2702 1844 3141 1900 daemoniorum.
3196 1844 3276 1902 Ne
3325 1856 3519 1902 autem
3564 1848 3636 1903 ab

244 1928 336 1985 καὶ
365 1935 471 1983 τῶν
500 1928 733 2003 ἀνιαρῶν
770 1928 1033 1997 ὑποσταίη
1086 1926 1238 1988 δίκας
1277 1934 1383 1983 τῶν
1440 1930 1528 1984 ὑπ’
1578 1928 1742 1985 αὑτοῦ
1791 1951 1887 1999 κη-

249 2016 588 2094 ρυττομένων
618 2014 820 2089 διδοὺς,
843 2012 1235 2089 ἐπιλαϐόμενοι
1254 2018 1419 2072 αὐτοῦ
1441 2016 1527 2072 ἐπὶ
1555 2018 1647 2073 τὸν
1667 2024 1885 2091 ’Ἄρειον

248 2108 417 2182 πάγον
449 2106 672 2182 ἤγαγον*
706 2107 765 2167 ὃς
797 2104 963 2168 τόπος
1017 2107 1109 2177 μὲν
1161 2108 1226 2174 ἦν
1276 2112 1614 2181 συναγωγῆς,
1664 2107 1890 2161 καὶτῶν

248 2198 487 2263 Ἀθηνῶν
525 2192 603 2250 ἔτι
632 2197 923 2259 καθίστατο
954 2192 1319 2267 δικαστήριον.
1372 2194 1435 2252 Εἰ
1485 2197 1586 2271 γὰρ
1617 2198 1703 2250 καὶ
1757 2197 1890 2250 Ῥω-

254 2291 407 2358 μαῖοι
440 2285 671 2339 ’πάντων
731 2286 855 2339 τότε
912 2283 1190 2359 ἐκράτουν,
1250 2284 1376 2339 ἀλλ’
1427 2286 1747 2355 Ἀθηναίους
1802 2286 1891 2339 καὶ

250 2371 709 2446 Λακεδαιμονίους
751 2374 1090 2446 αὐτονόμους
1140 2374 1368 2450 ἀφῆκαν.
1405 2373 1633 2450 Εἴρηται
1686 2372 1741 2428 δὲ
1798 2396 1895 2447 μυ-

248 2466 415 2526 θιγῶς
447 2463 614 2534 οὕτω,
653 2462 891 2537 καθάπερ
944 2462 1139 2518 ἐκεῖνοί
1197 2486 1378 2538 φασιν,
1438 2465 1542 2518 ἀπὸ
1589 2464 1685 2519 τοῦ
1738 2463 1894 2533 δίκην

249 2555 301 2609 ἐν
336 2554 480 2626 αὐτῷ
510 2555 601 2608 τὸν
633 2550 876 2607 Ποσειδῶ
916 2553 1051 2607 κατὰ
1080 2557 1177 2607 τοῦ
1225 2556 1430 2628 ’Ἄρεως
1477 2555 1760 2628 ὑποσχεῖν,
1810 2554 1892 2608 ὅτι

248 2645 341 2699 τὸν
402 2644 597 2697 τούτου
646 2644 761 2697 υἱὸν
806 2644 1104 2697 ἀπέκτεινεν
1157 2640 1528 2717 ³Αλιρῥόθιον.
1572 2643 1894 2718 Ἀγαγόντες

253 2732 346 2787 οῦν
379 2733 539 2787 αὑτὸν
572 2731 708 2803 (ἐπεὶ
742 2732 829 2786 καὶ
860 2737 941 2804 τῷ
972 2738 1078 2786 τῶν
1106 2733 1307 2807 θρόνων
1350 2732 1494 2805 ὕψει,
1544 2733 1631 2787 καὶ
1680 2738 1749 2807 τῇ
1797 2754 1896 2787 κα-

252 2821 600 2898 ταργουμένῃ
637 2823 798 2898 σοφίᾳ
834 2821 966 2895 μέγα
998 2820 1281 2899 ἐφρόνουν,
1313 2822 1399 2875 καὶ
1432 2822 1545 2895 ἅμα
1586 2827 1694 2877 τῶν
1742 2843 1899 2896 γινοτ

257 2912 429 2986 μένων
462 2911 723 2983 ἀκροαταὶ
752 2911 840 2965 καὶ
890 2911 1070 2983 κριταὶ
1118 2911 1508 2984 προεκάθηντο·
1561 2914 1634 2965 ὧν
1687 2913 1760 2973 εἷς
1807 2911 1896 2966 καὶ

254 3001 535 3061 Διονύσιος
567 3003 653 3070 ἦν,
688 3000 783 3054 κάν
812 3005 927 3062 τοῖς
979 2998 1166 3073 λόγοις
1212 3000 1310 3054 κάν
1358 3006 1477 3062 τοῖς
1519 2998 1896 3073 δικαστηρίοις

252 3091 315 3145 τὸ
346 3089 535 3145 πλεῖον
574 3086 1025 3167 ἀποφερόμενος)’
1062 3110 1091 3142 ιι
1118 3090 1216 3150 Τίς
1248 3091 1283 3157 ἡ
1312 3090 1473 3158 καινή
1506 3090 1640 3160 αὕτη
1672 3092 1757 3144 καὶ
1795 3091 1898 3144 ὑπὸ

255 3183 350 3233 σοῦ
372 3178 714 3250 λαλουμένη,
751 3203 777 3229 ››
810 3180 947 3252 πρὸς
977 3179 1068 3234 τὸν
1100 3178 1319 3233 Παῦλον
1353 3173 1574 3255 ἔφησαν,
1613 3201 1638 3233 ι
1671 3176 1896 3255 διδαχὴ,

2000 1935 2084 1990 eis
2117 1938 2486 2005 appeteretur
2524 1934 2649 1989 sola
2686 1934 3160 2001 subsannatione,
3195 1936 3297 1991 sed
3330 1937 3636 1992 molestum

2000 2024 2178 2079 etiam
2240 2023 2461 2095 aliquid
2521 2023 2854 2092 sustineret,
2916 2025 3059 2079 dans
3108 2023 3390 2081 rationem
3440 2042 3638 2081 eorum

2000 2129 2127 2184 quae
2159 2112 2233 2167 ab
2263 2112 2392 2182 ipso
2436 2111 2921 2183 praedicabantur,
2968 2111 3475 2183 apprehendentes
3504 2130 3637 2170 eum

2001 2200 2368 2257 duxeruntin
2393 2203 2775 2273 Areopagum,
2800 2201 2897 2273 qui
2922 2207 3060 2256 tunc
3081 2201 3317 2273 quidem
3336 2208 3456 2258 erat
3477 2203 3640 2259 locus

2001 2292 2493 2364 congregationis,
2518 2298 2571 2348 et
2592 2290 2952 2347 Athenarum
2977 2295 3100 2348 erat
3122 2292 3312 2347 adhuc
3329 2292 3639 2363 judicium.

2002 2382 2145 2437 Nam
2179 2382 2284 2438 etsi
2316 2386 2455 2436 tunc
2487 2380 2733 2436 Romani
2762 2380 2820 2435 in
2854 2397 3053 2437 omnes
3097 2382 3425 2437 obtinerent
3467 2384 3645 2451 impe-

2003 2471 2175 2539 rium,
2200 2470 2582 2525 Athenienses
2607 2473 2803 2524 tamen
2822 2473 2878 2524 et
2900 2470 3365 2526 Lacedaemonios
3386 2470 3476 2526 sui
3494 2471 3645 2541 juris

2003 2560 2377 2615 demiserunt.
2406 2557 2622 2613 Fabula
2638 2562 2855 2626 autem,
2876 2558 3029 2613 sicut
3049 2558 3405 2629 ipsidicunt,
3433 2576 3645 2615 nomen

2003 2648 2243 2719 accepit,
2279 2648 2435 2718 quod
2467 2646 2851 2717 Neptunusin
2890 2663 2955 2702 eo
2990 2651 3194 2702 contra
3232 2648 3474 2703 Martem
3516 2665 3648 2703 cau-

2004 2755 2117 2794 sam
2137 2736 2503 2802 sustinuerit,
2529 2737 2680 2806 quod
2705 2735 2882 2805 hujus
2910 2735 3095 2790 ﬁlium
3118 2735 3526 2791 Halirrothium
3550 2752 3645 2792 oc-

2004 2829 2259 2884 cidisset.
2292 2829 2435 2883 Cum
2459 2842 2593 2881 eum
2616 2841 2752 2897 ergo
2773 2825 3151 2881 adduxissent
3172 2826 3228 2880 in
3252 2826 3487 2881 illorum
3510 2842 3650 2881 con-

2006 2922 2292 2991 spectum,
2340 2917 2441 2988 qui
2480 2921 2535 2971 ct
2582 2922 2815 2986 prapter
2853 2915 3078 2971 sodium
3132 2916 3525 2983 altitudinem,
3570 2920 3647 2983 et,

2005 3026 2130 3082 quas
2164 3011 2504 3076 evacuatur,
2552 3005 2922 3077 sapientiam,
2972 3022 3033 3061 se
3068 3007 3368 3077 magnifice
3400 3009 3644 3063 circum-

2006 3098 2365 3170 spiciebant:
2399 3100 2456 3151 et
2488 3095 2664 3150 simul
2697 3110 2898 3151 eorum
2931 3111 3057 3165 quae
3090 3095 3323 3165 fiebant,
3356 3097 3648 3153 auditores

2010 3187 2313 3259 etjudices
2359 3184 2764 3256 praesidebant,
2815 3200 3064 3254 quorum
3120 3200 3275 3240 unus
3323 3185 3495 3240 etiam
3526 3196 3652 3241 erat

252 3269 343 3321 καὶ
371 3269 437 3322 τὰ
469 3267 607 3331 σοφά
635 3267 725 3321 καὶ
754 3264 1184 3339 περινενοημένα
1234 3267 1541 3343 σοφίσματα
1567 3288 1581 3337 ;
1626 3267 1715 3321 καὶ
1760 3268 1840 3329 τίς
1872 3270 1899 3322 6

2012 3246 2555 3348 Dionysius,-cujus
2586 3277 2642 3327 et
2672 3246 3031 3336 indicendo,
3070 3276 3128 3327 et
3151 3273 3470 3342 judicando
3500 3290 3649 3345 pra:-

256 3357 599 3431 θεάνθρωπος
637 3358 847 3425 Ἰησοῦς
884 3374 897 3422 ;
951 3356 1043 3410 καὶ
1077 3357 1104 3410 6
1146 3355 1232 3410 ἐπὶ
1281 3356 1449 3428 ξύλου
1502 3354 1778 3427 ζωοδότης
1810 3357 1902 3411 καὶ

254 3447 447 3520 κριτὴς
492 3445 892 3517 εὑθυνόμενος;
946 3444 1217 3515 ξενίζοντα
1273 3447 1374 3521 γάρ
1430 3467 1551 3500 τινα
1604 3446 1781 3522 φέρεις
1828 3447 1903 3509 εἰς

255 3538 350 3597 τὰς
382 3535 547 3598 ἀκοὰς
580 3538 765 3608 ἡμῶν.
819 3533 1138 3600 Βουλὸπεθα
1171 3538 1261 3591 οὗν
1310 3542 1531 3610 γνῶναι,
1578 3537 1630 3591 τί
1686 3538 1746 3591 ἄν
1783 3537 1905 3611 βού-

259 3623 415 3680 λοιτο
446 3629 636 3693 ταῦτα,
668 3624 757 3679 καὶ
788 3626 924 3700 πρὸς
956 3626 984 3679 ὃ
1016 3626 1257 3703 φέρουσι.
1293 3650 1319 3677 ››
1354 3624 1450 3679 Καὶ
1491 3627 1572 3695 ὃς,
1602 3627 1664 3679 τὸ
1685 3631 1904 3699 πρῶτον

261 3714 496 3789 ἐπαίρων
526 3735 583 3769 τε
614 3716 725 3787 ἅμα
752 3716 818 3769 τά
852 3713 1068 3769 ἐκείνων
1102 3716 1191 3770 καὶ
1242 3713 1311 3769 δι’
1362 3714 1578 3770 ἐπαίνου
1624 3712 1904 3788 τιθέμενος

260 3805 382 3857 οἷον
418 3803 582 3871 εἰκὸς,
612 3804 701 3858 ἳνα
734 3805 810 3876 μὴ
841 3809 958 3865 τοῖς
988 3804 1179 3874 ἀήθεσι
1208 3804 1299 3858 καὶ
1331 3803 1495 3875 ξένοις
1547 3801 1733 3877 λόγοις
1780 3824 1907 3874 τρα-

258 3892 510 3966 χὺνοιντο
559 3893 755 3965 (θυμὸν
812 3893 913 3967 γὰρ
975 3892 1316 3970 ὑποστρέφει,
1375 3892 1562 3967 φησὶν,
1621 3892 1905 3965 ἀπόκρισις

262 3982 682 4053 ὑποπίπτουσα),
717 4005 745 4033 ‹‹
778 3978 1029 4055 ’¹Λνδρες,
1076 3981 1244 4052 εἶπεν,
1305 3983 1607 4051 Ἀθηναῖοι,
1660 3983 1781 4055 περὶ
1830 3980 1906 4036 ὥν

260 4070 603 4139 πυνθάνεσθε,
652 4069 895 4142 ὕστερον,
951 4070 995 4125 εί
1048 4068 1219 4141 δοκεῖ,
1273 4068 1637 4147 διηγήσομαιο
1681 4075 1769 4124 νῦν
1850 4070 1907 4125 δὲ

257 4160 392 4213 κατᾶ
421 4162 593 4214 πάντα
638 4161 713 4221 ὡς
760 4157 1254 4234 δεισιμονεστέρους
1306 4161 1445 4232 ὑμᾶς
1494 4164 1704 4234 θεωρῶ.
1754 4169 1908 4235 Διερ-

259 4248 500 4322 χόμενος
528 4248 630 4323 γὰρ
662 4248 752 4302 καὶ
782 4249 851 4302 τὰ
880 4244 1194 4322 σεϐάσματα
1227 4250 1378 4322 ὑμῶν
1413 4247 1909 4322 ἀναθέωρῶν,εῦρον

258 4338 348 4391 καὶ
384 4338 591 4411 βωμὸν,
641 4337 692 4391 ἐν
740 4339 785 4409 ᾧ
834 4338 1229 4413 ἐπεγέγραπτο⁶
1293 4338 1583 4413 Ἀγνώστῳ
1622 4342 1751 4409 Θεῷ.
1807 4342 1906 4395 ’¹()ν

260 4428 352 4482 οῦν
415 4428 733 4503 ἀγνοοῦντες
787 4422 1073 4495 εὐσεϐεῖτε,
1131 4433 1322 4482 τοῦτον
1382 4427 1488 4503 ἐγὼ
1544 4426 1908 4503 καταγγέλλω

258 4516 409 4588 ὑμῖνο
452 4516 499 4571 εἰ
537 4515 640 4589 ἄρα
668 4516 1028 4589 ψηλαφήσετε
1068 4515 1247 4584 αὑτὸν,
1279 4517 1371 4571 καὶ
1422 4515 1649 4591 εὕροιτε,
1703 4523 1794 4571 καί
1848 4538 1908 4591 γε

2012 3367 2195 3438 cipuas
2224 3368 2385 3419 erant
2409 3368 2636 3434 partes:
2677 3383 2703 3411 «
2727 3364 2999 3426 Quaenam
3024 3367 3111 3417 est
3132 3362 3254 3418 haec
3276 3380 3443 3430 nova,
3469 3380 3597 3435 quas
3618 3382 3651 3421 a

2012 3462 2067 3513 te
2086 3454 2314 3520 dicitur,
2339 3453 2625 3517 doctrina,
2644 3472 2672 3500 »
2691 3451 2869 3505 Paulo
2887 3450 3179 3518 dixerunt,
3206 3473 3231 3503 α
3250 3454 3652 3525 sapientiaque

2012 3550 2069 3601 et
2092 3542 2387 3615 ingeniosa
2405 3540 2744 3595 decreta?et
2761 3539 2894 3610 quis
2913 3543 3002 3594 est
3016 3540 3189 3596 Jesus
3206 3540 3360 3596 Deus
3380 3548 3434 3596 et
3452 3541 3649 3610 homo,

2013 3639 2068 3689 et
2099 3634 2158 3688 in
2188 3632 2348 3703 ligno
2372 3629 2497 3684 vitze
2529 3629 2696 3683 dator
2717 3628 2992 3698 etjudex,
3012 3645 3043 3683 a
3071 3645 3187 3699 quo
3211 3630 3270 3684 in
3295 3631 3393 3699 jus
3416 3636 3653 3685 vocatur

2014 3720 2261 3793 quilibet
2287 3718 2618 3774 redditurus
2650 3715 2933 3772 rationem
2954 3718 2982 3770 ?
3012 3718 3284 3783 Quaedam
3316 3718 3471 3772 enim
3503 3735 3653 3773 nova

2014 3816 2072 3867 et
2103 3809 2292 3864 aliena
2322 3808 2511 3862 defers
2544 3806 2614 3861 ad
2661 3821 2831 3861 aures
2881 3810 3133 3861 nostras.
3192 3806 3466 3862 Volumus
3515 3821 3652 3876 ergo

2016 3902 2184 3967 scire,
2215 3898 2357 3970 quid
2391 3899 2510 3953 haec
2553 3895 2664 3952 sibi
2697 3896 2915 3964 volunt,
2957 3900 3010 3951 et
3045 3913 3157 3967 quo
3188 3897 3459 3952 tendunt.
3485 3917 3512 3945 »
3555 3896 3655 3952 Ille

2018 3994 2212 4047 autem
2265 4004 2356 4044 res
2403 4003 2599 4041 eorum
2648 3985 2905 4056 primum
2955 3985 3238 4041 extollens
3285 3990 3341 4041 et
3384 3986 3652 4051 laudans,

2018 4078 2350 4136 neinsuetis
2368 4080 2424 4132 et
2438 4075 2642 4131 alienis
2677 4075 2869 4130 verbis
2890 4074 3447 4147 irritarentur(iram
3474 4076 3655 4139 enim,

2018 4170 2100 4224 ait
2130 4168 2246 4237 ille,
2280 4166 2487 4222 avertit
2526 4182 2586 4221 se
2617 4164 2968 4220 submittens
2998 4164 3299 4235 responsio
3321 4165 3438 4237 (h):
3473 4185 3498 4216 α
3534 4165 3654 4219 Viri

2018 4256 2228 4328 inquit,
2268 4254 2667 4318 Athenienses,
2709 4253 2780 4307 de
2824 4252 2897 4308 iis
2927 4268 3049 4322 quae
3079 4252 3471 4323 interrogatis,
3505 4257 3659 4325 post-

2020 4346 2257 4400 modum
2290 4344 2338 4398 si
2362 4343 2444 4398 ita
2473 4340 2766 4397 videbitur
2787 4341 3072 4396 disseram
3100 4356 3112 4394 :
3142 4358 3299 4396 nunc
3330 4346 3524 4397 autem
3559 4359 3659 4413 per

2018 4434 2219 4490 omnia
2247 4430 2413 4501 quasi
2444 4430 2961 4502 superstitiosiores
2993 4446 3091 4485 vos
3122 4429 3309 4485 video.
3341 4431 3657 4485 Transiens

2019 4523 2196 4588 enim,
2248 4526 2305 4577 et
2354 4520 2642 4593 aspiciens
2688 4535 2751 4575 ea
2800 4535 2929 4590 quas
2978 4518 3184 4585 colitis,
3235 4518 3431 4573 inveni
3481 4518 3655 4572 etiam

262 4604 322 4659 οὑ
358 4604 564 4679 μακρὰν
614 4604 703 4681 ἀφ’
755 4605 985 4659 ἑκάστου
1037 4604 1191 4677 ὑμῶν
1243 4604 1579 4679 ὑπάρχοντα.
1626 4606 1713 4658 Ἐν
1765 4604 1899 4675 αὑτᾷ

2021 4629 2205 4681 aram,
2252 4610 2311 4666 in
2357 4627 2473 4681 qua
2518 4608 2867 4681 inscriptum
2900 4616 3065 4663 erat:
3107 4609 3290 4678 Ignoto
3322 4608 3444 4662 Deo.
3474 4609 3657 4671 Quem

259 4697 361 4769 γάρ
394 4699 569 4765 ζῶμεν
598 4695 689 4748 καί
719 4694 1018 4766 κινούμεθα
1047 4694 1136 4747 καὶ
1178 4693 1355 4767 ἐσμέν.
1382 4719 1409 4743 ››
1439 4696 1661 4750 Τούτων
1714 4695 1910 4748 ἐκεῖνοι

263 4783 605 4851 ἀκούσαντες,
645 4785 734 4837 καὶ
763 4785 845 4837 ὅτι
886 4783 1109 4859 πλήρης
1128 4784 1155 4837 6
1188 4782 1350 4857 λόγος
1374 4787 1594 4856 κομψῆς
1615 4783 1910 4858 ἐτύγχανεν

264 4873 517 4943 διανοίας,
575 4877 668 4929 οἷα
728 4876 959 4949 βροντῆς
1012 4876 1141 4950 ἤχῳ
1198 4874 1648 4949 καταπλαγέντες,
1700 4877 1912 4952 ἀφωνία

265 4965 603 5042 συνείχοντο.
636 4965 763 5038 Ὀψὲ
796 4962 851 5019 δὲ
884 4966 975 5019 καὶ
1029 4963 1192 5038 μόλις
1236 4989 1263 5016 ‹‹
1298 4964 1671 5037 Ἀκουσόμεθά
1716 4986 1809 5019 σου
1840 4970 1908 5038 τῇ

266 5051 536 5126 ὑστεραία,
582 5076 609 5102 ››
668 5050 1133 5129 ἐπιφθεγξάμενοι,
1182 5056 1279 5106 τοῦ
1322 5049 1677 5125 δικαστηρίου
1720 5057 1912 5107 τοῦτον

268 5144 498 5219 ἀφῆκαν.
556 5143 786 5211 Ἐξεισιν
827 5143 917 5196 οὖν
966 5143 993 5195 6
1026 5141 1240 5203 Παῦλος
1292 5143 1355 5197 οὐ
1402 5148 1579 5203 κεναῖς
1637 5143 1815 5217 χερσὶ,
1849 5143 1911 5197 τὸ

266 5230 548 5305 ᾀδόμενον
582 5231 708 5287 ἀλλ’
740 5231 1072 5309 ἐφεπόμενον
1105 5232 1199 5286 τὸν
1229 5229 1494 5306 πρόεδρόν
1524 5253 1583 5286 τε
1612 5232 1698 5285 καὶ
1750 5252 1911 5305 κορυ-

265 5328 423 5401 φαῖον
454 5328 553 5390 τῆς
583 5326 690 5375 τῶν
750 5324 1019 5398 σοφιστῶν
1069 5321 1375 5394 συμμορίας
1425 5316 1781 5395 παραλαϐὼν,
1818 5321 1910 5374 τὸν

270 5411 431 5485 μέγαν
454 5411 648 5465 τοῦτόν
682 5432 827 5483 φημι
862 5410 1160 5464 Διονύσιον·
1214 5410 1305 5464 καὶ
1352 5408 1533 5481 ὥτπερ
1579 5430 1662 5469 τις
1703 5406 1911 5481 Ὀλυμ-

266 5499 577 5569 πιονίκηςῆ
626 5500 950 5573 στρατηγὸς,
1008 5502 1106 5563 τῆς
1160 5496 1294 5560 ῗδίας
1344 5498 1601 5573 γλώττης
1652 5497 1911 5571 τρόπαιον

339 5669 415 5739 (h)
448 5670 613 5723 Prov.
648 5684 739 5721 xv.

583 5795 851 5856 ΡΑνι-ιιοι..
900 5794 1009 5855 Gn.
1057 5795 1233 5858 CXV.

2022 4718 2157 4773 ergo
2180 4701 2520 4772 ignorantes
2542 4698 2749 4767 colitis,
2772 4714 2904 4754 eum
2930 4697 3213 4753 annuntio
3234 4697 3426 4764 vobis;
3452 4697 3501 4751 si
3524 4710 3657 4750 eum

2025 4793 2166 4847 forte
2196 4788 2719 4855 contrectaveritis,
2765 4792 2822 4843 et
2869 4786 3227 4853 inveneritis,
3278 4785 3386 4841 etsi
3428 4802 3543 4840 non
3585 4784 3661 4838 sit

2023 4880 2191 4951 longe
2222 4878 2292 4932 ab
2345 4893 2698 4948 unoquoque
2728 4880 3008 4931 vestrum.
3063 4874 3128 4929 In
3174 4875 3301 4946 ipso
3332 4873 3487 4929 enim
3518 4872 3661 4927 vivi-

2022 4985 2176 5035 mus,
2210 4973 2267 5023 et
2295 4983 2613 5033 movemur,
2646 4972 2702 5020 et
2722 4981 2948 5020 sumus.
2971 4986 2998 5013 »
3029 4963 3158 5019 Hec
3180 4979 3310 5019 cum
3331 4962 3415 5017 illi
3439 4960 3664 5017 audiis-

2022 5063 2172 5125 sent,
2198 5057 2473 5129 quoniam
2498 5054 2771 5127 gravibus
2794 5051 3099 5108 sententiis
3118 5050 3284 5122 plena
3314 5054 3435 5105 erat
3456 5050 3663 5116 oratio,

2022 5153 2301 5218 tanquam
2324 5162 2466 5201 sono
2488 5144 2705 5200 tonitru
2738 5147 2931 5199 essent
2962 5140 3371 5211 obstupefacti,
3404 5138 3666 5210 elingues

2023 5242 2079 5293 et
2098 5236 2246 5291 muti
2269 5239 2585 5290 evaserant.
2607 5235 2752 5290 Cum
2768 5236 2961 5287 autem
2976 5231 3066 5285 vix
3086 5231 3319 5285 tandem
3344 5229 3662 5284 dixissent:

2025 5348 2053 5377 «
2085 5323 2397 5380 Audiemus
2442 5330 2494 5377 te
2534 5320 2839 5393 postridie,
2867 5342 2896 5370 »
2947 5334 3081 5375 eum
3129 5317 3478 5372 dimiserunt
3508 5332 3537 5370 e
3561 5316 3667 5386 ju-

2025 5416 2197 5469 dicio.
2218 5413 2672 5484 Egrediturergo
2697 5409 2929 5475 Paulus,
2953 5425 3065 5463 nou
3088 5406 3385 5469 inanibus,
3407 5409 3470 5459 ut
3490 5403 3665 5476 vulgo

2027 5505 2260 5571 dicitur,
2286 5502 2577 5567 manibus,
2600 5500 2694 5555 sed
2714 5514 2911 5555 secum
2927 5499 3180 5569 accepto,
3199 5495 3445 5566 quieum
3470 5509 3669 5565 seque-

3274 5788 3350 5846 33
