4042 6222
549 277 703 338 1035

1888 268 2174 329 MENSIS
2219 268 2602 330 OCTOBEB.

3740 278 3847 339 1036

543 441 734 507 batur,
756 435 1019 510 preside,
1044 438 1100 490 et
1122 430 1331 490 classis
1354 430 1751 503 sophistarum
1774 428 2052 501 principe,
2076 428 2150 484 ho

2267 426 2457 495 cursv
2514 429 2883 503 ποιησάμενος
2942 429 3031 485 καὶ
3088 431 3293 505 καρπὸν
3348 439 3583 489 τοιοῦτον
3632 442 3713 492 τοῦ
3757 442 3852 512 πρὸς

540 546 777 602 magno,
810 528 1076 597 inquam,
1106 523 1399 593 Dionysio.
1425 521 1505 576 De
1535 538 1673 592 quo,
1705 527 1984 590 tanquam
2017 518 2179 589 quis-

537 620 694 691 piam
746 618 927 673 victor
985 611 1345 685 Olympicus,
1392 615 1490 665 aut
1537 613 1653 664 dux
1701 608 2013 673 exercitus,
2060 624 2178 663 suae

532 706 747 779 linguae
778 703 962 760 erexit
992 700 1343 773 trophazum.
1378 703 1433 755 et
1475 698 1629 753 hunc
1661 698 1915 752 fructum
1949 695 2180 767 collegit

530 813 598 853 ex
629 796 884 851 oratione
912 808 1086 863 quam
1112 790 1320 846 habuit
1350 788 1424 844 ad
1444 787 1850 844 Athenienses.
1890 787 1965 841 Iis
1996 786 2175 851 enim,

529 901 655 956 quae
689 885 757 938 de
790 883 932 938 Jesu
984 880 1328 935 dicebantur
1359 894 1391 932 a
1422 893 1682 948 praecone
1728 874 2007 941 veritatis,
2041 890 2175 929 cum

526 992 558 1029 a
583 991 640 1029 se
665 974 829 1044 prius
850 971 1034 1026 visam
1064 968 1122 1023 in
1147 972 1409 1039 tempore
1427 965 1719 1038 passionis
1741 964 2173 1019 innovationem

524 1063 631 1121 sibi
656 1061 769 1133 ipsi
794 1059 1167 1130 explicuisset
1184 1056 1586 1119 luminarium,
1606 1059 1663 1110 et
1679 1054 1829 1109 banc
1850 1053 2173 1108 humanam

522 1152 888 1224 despexisset
920 1148 1286 1220 sapientiam,
1331 1149 1586 1201 sectatur
1616 1144 1856 1199 verbum
1888 1143 2173 1212 veritatis,

520 1249 577 1298 et
614 1240 965 1312 adjungitur
995 1235 1311 1308 Apostolo;
1353 1242 1406 1289 et
1454 1232 1914 1306 regenerationis
1944 1232 2171 1288 lavacro

519 1334 992 1398 consummatus,
1024 1328 1088 1382 fit
1115 1326 1294 1382 simul
1328 1324 1675 1395 discipulus,
1710 1329 1765 1380 et
1797 1340 1982 1396 praeco
2013 1323 2173 1379 Chri-

520 1420 613 1487 sti,
650 1422 749 1491 qui
782 1423 869 1473 est
902 1419 1125 1489 primus
1156 1416 1358 1471 doctor
1387 1413 1669 1469 veritatis.
1702 1413 1763 1467 Et
1790 1429 1923 1468 cum
1950 1414 2170 1485 primas

520 1510 655 1565 ﬁdei
688 1506 1129 1565 exercitationes
1161 1510 1217 1560 et
1246 1503 1591 1575 disciplinas
1624 1521 1654 1559 a
1684 1503 1851 1559 beato
1882 1502 2171 1573 percepis-

518 1604 608 1656 set
642 1599 969 1667 Hierotheo,
999 1601 1056 1653 et
1085 1595 1145 1651 in
1178 1595 1373 1662 verbo,
1407 1598 1463 1649 et
1494 1594 1553 1649 in
1580 1593 1694 1647 vita
1724 1593 1795 1647 ab
1819 1609 1883 1648 eo
1908 1594 2166 1659 docetur,

518 1693 574 1746 et
598 1688 782 1744 sancti
808 1687 1058 1759 Spiritus
1085 1684 1560 1741 communionem
1584 1684 1657 1738 ab
1679 1699 1746 1739 eo
1768 1682 2163 1754 consequitur.

517 1779 739 1835 Deinde
766 1776 1140 1833 escensiones
1172 1774 1231 1829 in
1264 1774 1436 1828 corde
1466 1789 1572 1828 suo
1604 1771 1945 1844 disponens,
1980 1771 2164 1842 philo-
2202 1788 2256 1855 B

517 1871 809 1941 sophatur
832 1868 1168 1933 veritatem;
1198 1864 1407 1937 quierit
1429 1880 1562 1919 cum
1584 1862 1846 1933 veritate,
1869 1863 1940 1917 de
1958 1862 2173 1926 anima,

516 1962 591 2016 de
623 1976 883 2031 corpore,
919 1974 984 2014 ac
1024 1958 1094 2012 de
1124 1956 1457 2011 substantia
1506 1970 1703 2010 rerum
1743 1954 2127 2025 gerendarum
2156 1968 2168 2007 :

525 2048 839 2103 mortiﬁcat
869 2045 1068 2102 omnia
1098 2044 1359 2099 membra
1380 2059 1506 2109 sua,
1532 2058 1659 2112 quae
1683 2046 1821 2096 sunt
1851 2056 2030 2112 super
2058 2045 2169 2095 ter-

524 2154 673 2202 ram,
692 2136 885 2191 carnis
904 2133 1118 2189 multas
1138 2133 1292 2203 leges
1310 2132 1672 2188 constituens
1690 2130 1760 2185 ad
1778 2130 2167 2186 obediendum

525 2223 761 2294 spiritui
788 2239 800 2288 ;
828 2224 992 2279 docet
1025 2236 1196 2276 aures
1217 2219 1543 2276 auscultare
1564 2236 1686 2290 quae
1717 2219 1935 2283 divina,
1959 2225 2011 2273 et
2042 2233 2165 2289 qua:

524 2320 664 2367 sunt
694 2314 764 2367 de
785 2313 898 2368 Deo
930 2312 1257 2376 audienda;
1284 2309 1355 2363 iis
1375 2313 1566 2365 autem
1591 2325 1716 2379 qua:
1740 2312 1876 2363 sunt
1896 2312 2056 2363 extra
2076 2324 2162 2373 ea,

522 2402 785 2457 divinum
820 2408 1037 2456 metum
1093 2397 1507 2454 inexorabilem
1555 2396 1790 2451 adhibet
1815 2396 2159 2465 ianitorem:

519 2495 577 2546 et
607 2496 791 2546 totum
825 2490 1060 2546 oculum
1084 2488 1331 2544 traducit
1354 2489 1419 2542 ad
1447 2486 1745 2542 veritatem
1770 2486 2163 2555 contemplan-

518 2581 672 2637 dam.
710 2581 872 2647 Quod
905 2587 1098 2635 autem
1123 2579 1193 2633 ad
1219 2577 1484 2649 linguam
1508 2576 1781 2648 pertinet,
1804 2583 1857 2630 et
1884 2575 1929 2630 si
1962 2591 2077 2630 non
2102 2576 2160 2631 in

514 2671 607 2738 iis,
642 2671 701 2726 in
736 2670 949 2742 quibus
976 2669 1298 2739 oportebat,
1332 2666 1471 2722 olim
1504 2667 1705 2722 edocta
1736 2666 1947 2731 fuerat,
1981 2664 2162 2734 philo-

515 2760 755 2832 sophice
785 2766 976 2815 tamen
1010 2764 1065 2812 et
1095 2757 1302 2825 Attice,
1349 2754 1644 2826 multaque
1684 2771 1816 2809 cum
1863 2753 2162 2826 diligentia

515 2852 738 2907 erudita
769 2853 913 2905 erat.
946 2848 1145 2917 Itaque
1168 2847 1324 2903 brevi
1351 2846 1667 2917 Dionysius
1698 2846 1754 2915 (ο
1784 2844 2158 2911 miraculum)

513 2944 752 3010 superat
801 2954 1020 3003 omnes,
1085 2936 1184 3006 qui
1247 2938 1700 3006 praacesserant:
1762 2938 1818 2988 et
1868 2950 1999 2988 cum
2052 2950 2161 3004 po—

509 3031 787 3082 testatem
810 3042 925 3080 non
948 3024 1291 3080 subfuratus
1310 3032 1480 3089 esset,
1504 3023 1602 3077 sed
1624 3037 1722 3091 per
1742 3023 1955 3092 gradus
1977 3026 2160 3078 trans-

511 3115 674 3170 iisset
702 3114 1024 3177 inferiores,
1060 3110 1301 3182 pulchre
1334 3111 1490 3180 pasci
1524 3109 1844 3178 didicisset,
1878 3110 1949 3165 ad
1980 3126 2153 3179 supe-

510 3204 667 3259 riora
697 3219 826 3258 mox
859 3200 1135 3272 pervenit,
1167 3203 1222 3255 et
1256 3200 1441 3269 pascit
1467 3202 1662 3270 postea
1693 3214 1826 3254 cum
1860 3198 2153 3270 experien-

507 3292 624 3361 tia;
675 3296 732 3347 et
782 3307 916 3346 cum
974 3290 1229 3345 modeste
1279 3304 1479 3359 parere
1536 3288 1851 3354 didicisset,
1905 3288 2153 3357 imperat

508 3378 831 3435 modestius
855 3397 868 3446 ;
894 3382 951 3432 et
972 3392 1097 3431 cum
1119 3375 1409 3430 docuisset
1432 3391 1563 3429 cum
1588 3375 1849 3434 veritate.
1882 3374 2147 3429 obiisset-

506 3484 620 3539 que
650 3483 854 3523 omnes
878 3465 1013 3521 boni
1037 3464 1258 3520 ordinis
1282 3468 1496 3533 partes,
1529 3464 1765 3518 tandem
1796 3464 1847 3517 ei
1877 3466 2149 3519 mandato

503 3558 865 3613 Athenarum
917 3554 1278 3627 pontiﬁcatu,
1326 3552 1505 3608 clavis
1550 3553 1809 3624 praesidet
1857 3552 2146 3619 Ecclesiae,

503 3647 873 3716 ostenditque
902 3661 1075 3699 suum
1126 3658 1469 3715 generosum
1522 3642 1803 3706 animum,
1837 3647 1893 3696 et
1934 3650 2146 3713 pugnat

504 3753 608 3807 pro
638 3751 845 3808 grege:
878 3733 1227 3807 expellitque
1249 3732 1487 3801 bestias,
1508 3737 1563 3787 et
1584 3733 1733 3801 ejus,
1759 3732 1913 3802 quod
1949 3733 2147 3787 morbo

499 3825 752 3894 laborat,
785 3840 984 3880 curam
1029 3823 1200 3894 gerit,
1246 3826 1303 3876 et
1333 3822 1483 3893 quod
1518 3821 1689 3892 longe
1731 3825 1819 3876 est
1852 3826 2143 3875 remotum

2291 516 2615 586 Ἀθηναίους
2678 515 2845 594 λόγου
2896 520 3126 593 θερίσας.
3179 523 3311 583 Τοῖς
3353 524 3457 597 γὰρ
3504 527 3637 599 παρὰ
3677 530 3753 581 τοῦ
3784 536 3851 595 τῆς

2287 603 2550 675 ἀληθείας
2594 608 2833 681 κήρυκος
2880 610 3003 683 περὶ
3069 614 3166 664 τοῦ
3224 616 3409 681 Ἰησοῦ
3467 612 3750 687 λεγομένοις
3786 620 3853 685 τήν

2288 698 2677 771 προοραθεῖσαν
2712 697 2860 771 αὑτῴ
2900 699 3033 753 κατᾶ
3061 701 3153 755 τὸν
3203 701 3390 775 καιρὸν
3420 706 3525 771 ,τοῦ
3570 706 3745 767 πάθους
3780 712 3852 760 τῶν

2287 790 2590 867 φωστήρων
2650 789 3009 863 καινοτομίαν
3060 787 3361 865 συμϐαλὼν
3410 792 3622 861 ἐκεῖνος,
3676 795 3750 849 καὶ
3786 805 3852 865 τῆς

2288 875 2630 949 ἀνθρωπίνης
2660 879 2861 946 ταύτης
2888 880 3082 955 σοφίας
3134 878 3420 953 ὑπεριδὼν,
3468 887 3564 935 τοῦ
3609 883 3749 955 λόγου
3787 893 3853 952 τῆς

2284 963 2541 1033 ἀληθείας
2572 964 2797 1041 γίνεται,
2830 966 2919 1021 καὶ
2969 972 3050 1039 τῷ
3106 968 3430 1041 Ἀποστὸλῳ
3478 972 3763 1035 συντίθεται·
3803 978 3855 1045 τῷ

2282 1075 2340 1109 τε
2400 1053 2615 1128 λουτρῷ
2670 1063 2769 1125 τῆς
2827 1056 3247 1131 παλιγγενεσίας
3297 1057 3620 1129 τελειωθεὶς,
3669 1064 3854 1133 μαθητὴς

2283 1143 2423 1215 ὁμοῦ
2454 1145 2543 1197 καὶ
2592 1145 2759 1217 κῆρυξ
2807 1146 3043 1220 Χριστοῦ
3098 1150 3194 1200 τοῦ
3244 1148 3465 1220 πρώτου
3519 1156 3613 1218 τῆς
3657 1149 3855 1218 ἀληθείας

2284 1228 2612 1286 διδασκάλου
2652 1233 2988 1291 καθίσταται.
3054 1232 3153 1287 Καὶ
3198 1236 3265 1289 τὰ
3325 1242 3515 1310 πρῶτα
3558 1239 3647 1305 τῆς
3689 1236 3855 1306 ἡλικίας

2281 1316 2597 1395 διατριϐῶν,
2655 1323 2744 1377 καὶ
2802 1320 3047 1387 παιδείας
3103 1328 3183 1395 τῷ
3252 1326 3521 1401 μακαρίτῃ
3580 1330 3852 1397 κοινωνήσας

2278 1409 2542 1483 Ἰεροθέῳ,
2574 1410 2691 1485 βίον
2729 1412 2830 1466 ὑπὸ
2869 1411 3049 1484 τούτῳ
3095 1418 3188 1467 καί
3241 1412 3401 1489 λόγον
3452 1412 3751 1470 παιδεύεται·
3792 1419 3852 1469 καί

2276 1505 2375 1567 τῆς
2406 1499 2573 1569 αὐτῆς
2605 1500 2752 1572 αὑτῷ
2780 1505 2875 1555 τοῦ
2908 1502 3069 1574 ἁγίου
3110 1502 3422 1575 Πνεὺματος
3467 1506 3730 1566 κοινωνίας
3761 1525 3852 1558 κατ-

2278 1590 2538 1659 αξιοῦται,
2588 1589 2678 1644 καὶ
2734 1586 3017 1651 ἀναϐάσεις
3064 1588 3115 1644 ἐν
3165 1596 3233 1664 τῇ
3285 1589 3481 1665 καρδίᾳ
3521 1592 3852 1664 ἀνατιθέμενος,

2278 1674 2569 1755 φιλοσοφεῖ
2622 1678 2721 1746 τὴν
2787 1676 3068 1747 ἀλήθειαν·
3130 1684 3283 1751 ζητεῖ
3330 1680 3466 1753 μετᾶ
3509 1688 3603 1749 τῆς
3660 1680 3854 1751 ἀληθείας

2280 1764 2401 1839 περῖ
2432 1769 2639 1844 ψυχῆς,
2672 1769 2796 1841 περὶ
2841 1768 3120 1841 σώματος,
3169 1769 3293 1843 περὶ
3342 1776 3443 1838 τῆς
3494 1776 3596 1825 τῶν
3641 1771 3855 1845 πρακτέων

2283 1855 2580 1930 ὑπάρξεως·
2627 1857 2801 1913 πάντα
2848 1864 3033 1935 νεκροῖ
3076 1860 3143 1914 τὰ
3203 1858 3346 1933 μέλη
3396 1862 3463 1914 τὰ
3510 1860 3592 1916 ἐπὶ
3643 1868 3728 1929 τῆς
3770 1868 3857 1934 γῆς,

2279 1943 2467 2000 πολλὰ
2494 1950 2563 2019 τῇ
2597 1947 2757 2020 σαρκὶ
2788 1950 3184 2020 νομοθετήσας,
3216 1948 3292 2011 εἰς
3322 1950 3595 2025 ὑποταγὴν
3633 1954 3716 2005 τοὺ
3740 1950 3857 2004 mei-

2283 2052 2473 2106 ματος·
2507 2032 2845 2112 παιδαγωγεῖ
2875 2038 2972 2105 τήν
3005 2036 3178 2107 ἀκοὴν
3207 2036 3307 2093 ὅσα
3326 2041 3446 2093 Θεῖα
3484 2041 3569 2094 καὶ
3614 2041 3720 2114 περί
3759 2044 3854 2093 Θεοῦ

2278 2121 2652 2188 ἐνωτίσασθαι·
2685 2131 2802 2187 τοῖς
2860 2123 2914 2180 δέ
2960 2126 3169 2181 τούτων
3219 2126 3372 2189 ἐκτὸς
3424 2130 3516 2183 τὸν
3564 2131 3691 2183 θεῖον
3729 2124 3853 2207 φόϐον

2276 2216 2520 2291 θυρωρὸν
2572 2215 2851 2296 ἐφίστησιν
2909 2218 3303 2293 ἀπαραίτητον·
3364 2218 3497 2276 ὅλον
3557 2220 3749 2296 μετάγει
3789 2221 3853 2273 τὸν

2274 2304 2555 2381 ὀφθαλμὸν
2589 2304 2675 2360 ἐπὶ
2706 2309 2809 2375 τήν
2843 2306 3122 2379 ἀλήθειαν,
3154 2309 3231 2363 Τὰ
3262 2309 3365 2385 γὰρ
3420 2317 3515 2380 τῆς
3566 2308 3801 2385 γλώττης,
3825 2308 3853 2361 εἰ

2271 2394 2359 2447 καὶ
2397 2395 2474 2467 μὴ
2508 2395 2561 2449 ἐν
2594 2396 2677 2457 οἷς
2726 2395 2896 2471 ἐχρῆν
2947 2398 3229 2473 πρότερον,
3283 2397 3416 2453 ἀλλ’
3466 2398 3554 2454 οὖν
3596 2398 3851 2476 φιλοσόοως

2269 2503 2326 2537 τε
2364 2483 2455 2537 καὶ
2508 2484 2771 2547 Ἀττικῶς
2820 2485 2909 2540 καὶ
2957 2486 3093 2560 πρὸς
3149 2482 3431 2562 ἀκρίϐειαν
3481 2484 3847 2543 ἐνεπεπαίδευτο·

2272 2571 2367 2625 Καὶ
2412 2569 2455 2626 ὢ
2490 2578 2585 2627 τοῦ
2632 2575 2949 2647 θαύματοςί
3002 2574 3055 2629 ἐν
3105 2576 3305 2652 βραχεῖ
3347 2577 3552 2637 πάντας
3600 2572 3849 2650 ὑπερϐαίνει

2268 2660 2393 2722 τοὺς
2426 2658 2748 2736 ἔμπροσθεν,
2782 2667 2843 2718 οὑ
2869 2663 3074 2738 κλέψας
3116 2667 3217 2733 τὴν
3272 2666 3515 2738 ἐξουσίαν
3565 2664 3679 2721 οὐδὲ
3719 2664 3848 2741 ἁρπά-

2270 2770 2386 2815 σας,
2420 2749 2566 2806 ἁλλα
2595 2751 2721 2813 τοὺς
2750 2754 2898 2808 κάτω
2934 2755 3175 2829 βαθμοὺς
3210 2752 3525 2824 διεξελθών.
3567 2757 3660 2813 Καὶ
3684 2757 3736 2810 τὸ
3759 2775 3847 2807 ποι-

2273 2839 2550 2911 μαίνεσθαι
2579 2840 2763 2903 καλῶς
2796 2840 3071 2916 ἐκμαθὼν,
3111 2848 3219 2898 τῶν
3252 2844 3360 2899 ἄνω
3395 2846 3539 2923 ταχὺ
3568 2844 3762 2919 γίνεται,
3784 2840 3845 2895 καὶ

2267 2934 2543 3001 ποιμαίνει
2582 2931 2713 3003 μετὰ
2740 2938 2841 3001 τῆς
2868 2933 3057 3006 πείρας
3090 2932 3337 3009 ὕστερον·
3371 2934 3467 2988 καὶ
3490 2932 3847 3007 ἐπιεικῶςᾶρ⁴(ε·

2268 3029 2388 3081 σθαι
2425 3018 2631 3091 μαθὼν,
2666 3021 2825 3094 ἄρχει
2856 3020 3269 3095 ἐπιεικέστερον·
3302 3023 3397 3076 καὶ
3442 3024 3573 3097 μετὰ
3617 3029 3703 3091 τῆς
3740 3021 3846 3087 ἄλη·

2268 3108 2411 3169 Θείας
2445 3104 2683 3180 διδάξας,
2746 3106 2834 3163 διὰ
2880 3110 3057 3180 πάσης
3100 3130 3160 3164 τε
3209 3108 3384 3165 ἐλθὼν
3442 3111 3689 3180 εὐταξίας,
3726 3107 3845 3165 τέλος

2262 3196 2360 3263 τὴν
2392 3200 2499 3250 τῶν
2539 3199 2783 3268 Ἀθηνῶν
2834 3200 3133 3261 πιστετθεὶς
3182 3197 3503 3275 προεδρίαν,
3549 3205 3647 3255 τῶν
3692 3198 3842 3253 οῗάκων

2260 3293 2360 3354 τῆς
2423 3285 2748 3357 Ἐκκλησίας
2812 3289 3249 3363 ὑπερκαθέζεται.
3308 3290 3371 3344 τό
3436 3312 3494 3346 τε
3530 3294 3622 3358 τῆς
3672 3290 3843 3364 γνώμης

2259 3380 2493 3449 γενναῖον
2560 3373 2902 3447 ἐπιδεικνύει,
2959 3378 3047 3432 καὶ
3102 3379 3455 3453 προπολεμεῖ
3490 3387 3586 3448 τῆς
3640 3379 3845 3448 ποίμνης,

2259 3463 2348 3516 καὶ
2380 3459 2647 3518 ἀποσοϐεῖ
2674 3465 2801 3525 τοὺς
2831 3467 3021 3540 Θῆρας,
3050 3468 3141 3521 καὶ
3170 3470 3270 3521 τοῦ
3325 3469 3677 3537 νενοσηκότος
3705 3463 3846 3534 ἐπιμε-

2261 3552 2462 3623 λεῖται,
2506 3553 2594 3607 καὶ
2650 3556 2711 3609 τὸ
2774 3558 3072 3631 μακρυνθεν
3134 3556 3418 3635 ἐπανάγει·
3480 3561 3569 3615 καὶ
3626 3557 3847 3613 συνελόντα

2259 3642 2441 3716 φάναι,
2474 3648 2602 3696 πᾶσι
2640 3643 2707 3697 τὰ
2739 3643 2911 3698 πάντα
2941 3646 3075 3699 κατὰ
3106 3648 3197 3702 τὸν
3232 3647 3398 3702 αὐτοῦ
3459 3647 3754 3704 διδάσκαλον
3788 3642 3843 3717 γί·

2256 3751 2419 3788 νεται.
2456 3731 2615 3788 Οὕτω
2645 3754 2703 3787 τε
2732 3732 2969 3804 διδάξας,
3000 3737 3088 3789 καὶ
3140 3737 3237 3804 τήν
3288 3736 3502 3810 Τριάδα
3550 3737 3842 3811 θεολογήσας,

2259 3825 2439 3899 σαφῶς
2474 3824 2595 3897 περὶ
2626 3828 2733 3877 τῶν
2769 3822 2954 3879 ἄλλων
2990 3821 3348 3899 διαλαμϐάνει
3387 3826 3678 3900 δυνάμεων.

498 3916 761 3971 reducit:
812 3918 889 3982 et,
924 3920 982 3968 ut
1021 3912 1198 3967 semel
1229 3912 1441 3978 dicam,
1476 3911 1631 3966 sicut
1670 3912 1794 3981 ejus
1827 3913 2124 3983 magister,
2175 3916 2448 3969 omnibus
2480 3916 2537 3969 tit
2588 3918 2784 3972 omnia
2816 3919 2901 3989 (i).
2953 3920 3092 3975 Cum
3146 3921 3230 3976 sic
3262 3927 3458 3977 autem
3510 3922 3766 3978 docuisset
3806 3922 3843 3970 et

500 4006 570 4061 de
600 4007 895 4063 Trinitatis
926 4002 1221 4059 divinitate
1253 4002 1650 4069 disseruisset,
1681 4002 1835 4056 clare
1868 4007 2071 4056 tractat
2101 4003 2171 4057 de
2201 4007 2467 4075 supernis
2513 4006 2843 4062 virtutibus.

570 4100 711 4150 Cum
763 4112 895 4150 vero
941 4094 1010 4149 ad
1076 4097 1299 4147 tantam
1362 4091 1717 4162 pervenisset
1765 4091 2031 4162 gratiam,
2087 4097 2147 4147 ut

501 4184 736 4255 quando
800 4184 1077 4255 Deiparas,
1135 4182 1288 4252 quod
1345 4184 1523 4235 Deum
1580 4180 1838 4250 suscepit
1889 4182 2144 4249 corporis

495 4273 800 4344 emigravit
829 4272 1095 4343 spiritus,
1148 4268 1323 4325 simul
1375 4270 1605 4324 adesset
1654 4284 1786 4324 cum
1842 4269 2140 4338 apostolis,

492 4363 588 4433 qui
624 4377 725 4433 per
754 4361 1028 4432 spiritum
1062 4368 1114 4415 et
1145 4360 1360 4415 nubem
1396 4360 1465 4413 ad
1500 4358 1651 4413 hanc
1686 4374 1909 4413 sacram
1945 4374 2138 4415 acces-

492 4456 691 4506 serant
720 4452 1103 4522 sepulturam,
1155 4466 1265 4503 non
1303 4447 1553 4517 amplius
1586 4448 1941 4502 existimavit
1971 4465 2137 4519 opor-

489 4547 610 4597 tere
659 4557 777 4595 una
808 4540 1058 4604 civitate,
1111 4554 1318 4607 nempe
1363 4538 1627 4604 Athenis,
1662 4536 2141 4593 circumscribere

489 4632 633 4687 tales
659 4647 797 4702 opes
831 4630 1065 4699 gratiae;
1115 4629 1214 4683 sed
1269 4627 1465 4682 volens
1520 4626 1907 4695 multiplicare
1951 4626 2137 4681 talen-

487 4726 641 4788 tum,
674 4728 727 4776 et
759 4717 926 4789 sequi
976 4718 1068 4773 sui
1123 4716 1384 4787 magistri
1416 4716 1676 4785 vestigia,
1710 4714 1923 4769 relictis
1955 4715 2135 4771 Athe-

490 4811 604 4877 nis,
636 4814 692 4865 et
722 4813 877 4863 terra
908 4816 961 4862 et
994 4806 1141 4861 mari
1188 4806 1374 4861 multa
1422 4821 1630 4876 passus
1662 4806 1876 4874 gravia,
1915 4821 2019 4859 nec
2052 4810 2139 4859 ta-

486 4914 620 4954 men
653 4898 724 4954 ab
765 4900 846 4954 eis
886 4899 1232 4963 retardatus,
1260 4898 1355 4951 sed
1383 4911 1765 4967 superbarum
1791 4912 1982 4949 rerum
2008 4912 2136 4951 con-

481 4987 861 5059 templatione
893 4986 1099 5042 inferis
1147 4986 1423 5041 omnibus
1456 4984 1767 5056 superatis,
1816 4984 1885 5039 ad
1916 4984 2129 5054 regiam

480 5079 675 5133 urbem
728 5076 987 5148 pervenit
1036 5077 1320 5141 Romam;
1372 5079 1429 5129 et
1485 5074 1705 5128 accedit
1764 5075 1995 5144 quidem
2057 5075 2126 5129 ad

474 5167 856 5236 Clementem,
890 5166 990 5237 qui
1039 5172 1178 5221 tunc
1209 5165 1405 5219 sedem
1440 5163 1675 5219 tenebat
1719 5163 2121 5233 apostolicam,

472 5257 689 5327 quique
720 5274 753 5312 a
798 5272 1008 5327 magno
1059 5256 1225 5311 Petro
1272 5255 1458 5309 fuerat
1511 5253 1773 5320 edoctus,
1825 5257 1881 5307 et
1925 5254 2015 5307 cui
2052 5255 2121 5306 ab

469 5344 569 5400 illo
632 5345 818 5399 fuerat
876 5345 1097 5401 credita
1147 5344 1333 5399 sedes.
1384 5343 1466 5397 Ad
1530 5358 1659 5397 eum
1711 5357 1846 5412 ergo
1898 5341 2122 5396 accedit

467 5434 799 5504 Dionysius,
831 5442 885 5488 et
924 5450 1061 5489 cum
1110 5433 1161 5489 ei
1207 5449 1379 5489 suum
1434 5431 1804 5503 exposuisset
1851 5434 2119 5501 Evange-

538 5595 602 5667 (ἰ)
636 5596 657 5651 Ι
689 5592 817 5651 Cor.
850 5609 929 5659 ιχ,
971 5593 1061 5649 22.

2329 4094 2430 4149 Καὶ
2465 4095 2538 4155 εἷς
2564 4100 2725 4150 τοῦτο
2756 4098 2985 4170 χάριτος
3038 4095 3235 4164 ἐλθὼν,
3291 4100 3390 4165 ὡς,
3443 4102 3603 4169 ἡνίκα
3645 4102 3699 4151 τι)
3724 4096 3845 4147 ττνεῦ-

2260 4203 2334 4253 μα
2366 4189 2466 4250 τῆς
2499 4184 2763 4237 Θεοτὸκου
2796 4186 3050 4257 σώματος
3107 4184 3356 4257 ἐξεδῆμει
3407 4195 3525 4252 τοῖς
3570 4182 3845 4242 ἀποστόλοις

2256 4268 2343 4323 διὰ
2375 4273 2677 4342 πνεύματος
2726 4272 2815 4326 καὶ
2864 4272 3095 4349 νευέλης
3144 4279 3211 4347 τῇ
3265 4277 3382 4349 ἱερᾷ
3421 4278 3612 4331 τούτου
3655 4276 3843 4327 innuit

2252 4364 2395 4436 ταρῇ
2431 4368 2809 4433 συμπαρεῖναι·
2850 4362 2947 4417 οὐκ
2978 4359 3054 4417 ἔτι
3102 4361 3210 4417 δεῖν
3256 4366 3394 4435 ᾤετο
3456 4371 3552 4438 μιᾷ
3598 4362 3843 4419 πὸλειταῖς

2254 4454 2506 4518 Ἀθη-καις
2538 4453 2623 4503 τὸν
2687 4456 2945 4505 τοσοῦτον
2996 4454 3326 4527 περιγράψαι
3378 4455 3615 4510 πλοῦτον
3657 4460 3739 4519 τῆς
3773 4447 3841 4520 χά·

2256 4559 2425 4611 ρῖτος·
2467 4539 2613 4593 ἀλλὰ
2642 4540 2703 4593 τὸ
2736 4539 3001 4595 τάλαντον
3048 4541 3495 4597 πολυπλασιάσαι
3545 4542 3841 4617 βουλόμενῢὲ

2247 4627 2335 4679 καὶ
2376 4630 2491 4681 κατ’
2537 4628 2687 4702 ἴχνος
2740 4624 2957 4692 ἔπεσθαι
3008 4634 3085 4701 τῷ
3137 4628 3473 4702 διδασκάλῳ,
3522 4634 3611 4692 τὰς
3661 4628 3838 4693 Ἀθήηέ

2246 4717 2559 4785 ἀπολιπὼν,
2594 4716 2781 4772 πολλὰ
2834 4720 2929 4790 μὲν
2980 4720 3113 4774 κατὰ
3170 4728 3271 4794 γῆν
3331 4723 3537 4792 παθὼν,
3595 4716 3758 4775 πολλὰ
3800 4709 3837 4764 δὲ

2242 4806 2499 4859 καὶκατὰ
2543 4805 2812 4861 θάλασσαν
2872 4808 3163 4881 ὑπομείνας
3222 4810 3289 4863 τὰ
3348 4808 3586 4884 δυσχερῆ
3645 4807 3721 4861 καὶ
3770 4822 3837 4875 μη·

2244 4891 2299 4947 δὲ
2358 4896 2463 4948 ὑπὸ
2523 4896 2733 4951 τούτων
2787 4898 3162 4971 κατασχεθεὶς,
3226 4897 3351 4953 ἀλλ’
3436 4900 3567 4972 ὑπὲρ
3624 4897 3683 4951 τὰ
3730 4896 3834 4947 κάτω

2240 4984 2407 5038 πάντα
2448 4990 2514 5058 τῇ
2557 4990 2663 5039 τῶν
2717 4984 2825 5039 ἂνω
2879 4988 3078 5059 Θεωρία
3130 4984 3439 5063 γενόμενος,
3482 4991 3579 5055 τήν
3631 4977 3834 5061 βασιλίδι

2239 5075 2462 5145 Ῥώμην
2522 5070 2948 5147 καταλαμϐάνει,
3013 5076 3100 5129 καὶ
3162 5079 3407 5150 πρόσεισι
3474 5077 3733 5147 Κλήμεντι
3770 5069 3830 5121 τὸν

2238 5161 2603 5217 ἁποστολικὸν
2665 5170 2956 5232 τηνικαῦτα
3015 5166 3204 5236 θρόνον
3268 5164 3526 5220 διέποντι·
3588 5167 3641 5225 ὃς
3689 5162 3828 5231 Πέτρῳ

2232 5257 2310 5323 τῷ
2349 5253 2568 5327 μεγάλῳ
2620 5252 2827 5329 ἐφοίτα,
2879 5255 2967 5307 καὶ
3014 5255 3103 5309 τὸν
3163 5254 3351 5330 Θρὸνον
3400 5257 3487 5309 ὑπ’
3538 5254 3723 5309 ἐκείνου
3762 5265 3822 5298 πε·

2230 5344 2505 5397 πίστευτο.
2547 5344 2734 5414 Τούτῳ
2797 5341 2887 5396 οὖν
2948 5345 3192 5415 πρόσεισι
3254 5343 3553 5409 Διονύσιος,
3616 5341 3695 5395 καὶ
3734 5333 3820 5391 καθ’

2228 5431 2416 5486 ἑαυτὸν
2450 5430 2805 5505 προσαναθείς
2855 5432 3189 5509 Εὑαγγέλιον
3238 5432 3297 5487 τό
3345 5454 3400 5488 τε
3445 5440 3544 5501 τῆς
3594 5425 3816 5485 διακονίας
