4106 6200
251 289 406 352 103⁸7

1306 287 1493 347 VITA
1537 285 1601 346 S.
1651 283 1998 345 DIONYSII
2043 284 2589 354 AREOPAGITJE.

3507 302 3661 364 1038

250 451 401 530 ἔργον
441 454 518 516 ὡς
567 453 866 528 όμοτρόπῳ
920 450 1010 506 καὶ
1060 447 1421 540 ὁμογνώμονι
1465 449 1895 540 κοινωσάμενος,

2013 449 2181 519 lium,
2250 457 2308 508 et
2356 471 2503 527 opus
2547 461 2694 515 sacri
2743 461 3071 533 ministerii,
3107 473 3168 522 ut
3217 469 3317 540 qui
3359 474 3511 530 esset
3562 472 3660 529 iis-

254 543 354 598 ὑπὸ
407 543 603 598 τούτου
661 541 1023 617 προτρέπεται
1088 539 1177 593 καὶ
1241 538 1379 612 πρὸς
1461 536 1679 611 ἑσπέρια
1737 557 1902 611 μετα-

253 627 414 701 ϐῆναι
463 633 624 707 μέρη·
677 629 888 693 ἄλλους
951 631 1044 703 μὲν
1098 629 1188 682 οὗν
1248 631 1356 682 τῶν
1415 628 1698 700 ἑπομένων
1753 625 1900 698 αὖτῷ

251 720 585 797 λειτουργῶν
615 721 873 799 ἀλλαχοῦ
904 725 1010 774 τῶν
1044 722 1250 791 κωμῶν
1285 739 1342 772 τε
1384 717 1471 772 καὶ
1521 715 1734 772 πόλεων
1788 714 1901 770 δια-

248 812 462 885 νείμας,
519 811 610 866 καὶ
677 812 739 866 τὸ
797 815 894 866 τοῦ
943 811 1076 863 Θεοῦ
1136 809 1406 880 σωτήριον
1455 804 1895 882 εὐαγγελίζεσθαι

248 904 783 980 παρεγγυησάμενος,
848 899 1161 957 Ῥουστικὸν
1240 897 1400 960 αὐτὸς
1479 899 1565 951 καὶ
1643 895 1899 951 Ἐλευθέ-

253 1013 386 1067 ριον,
416 993 507 1047 τὸν
571 992 665 1066 μὲν
713 989 1012 1065 ἱερωσύνης
1071 988 1363 1066 γρίσματι,
1416 985 1662 1056 διακονίᾳ
1711 984 1766 1039 δὲ
1816 1006 1897 1039 τε·

248 1082 550 1154 τιμημένον
607 1082 697 1135 τὸν
763 1080 1130 1152 Ἐλευθέριον,
1203 1081 1511 1154 συνεργοὺς,
1580 1076 1824 1148 καθάπερ
1866 1075 1894 1128 ὁ

253 1172 414 1246 μέγας
482 1170 819 1232 Ἀπόστολος
875 1169 1166 1226 Σιλουανὸν
1232 1169 1322 1223 καὶ
1375 1169 1665 1238 Τιμόθεον,
1724 1185 1894 1240 παρα-

245 1257 451 1332 λαϐὼν,
517 1262 606 1315 καὶ
673 1259 800 1321 τοὺς
867 1259 1146 1335 ἑσπερίους
1213 1253 1538 1313 καταλαϐὼν
1621 1255 1891 1316 Γαλάτας,

241 1351 302 1404 οὑ
336 1348 570 1428 διδαχῆς
605 1351 765 1421 μόνον
809 1351 1068 1423 ῥήμασιν,
1103 1345 1250 1402 ἀλλά
1275 1348 1366 1401 καὶ
1419 1345 1663 1417 σημείων
1706 1342 1894 1420 ἔργοις

238 1441 556 1504 ἀποστολῆς
613 1437 767 1514 ἔργον
825 1439 1126 1514 εἰργάζετο,
1191 1440 1358 1510 μέσος
1418 1442 1532 1498 τοῖς
1592 1437 1709 1490 καθ’
1769 1433 1891 1488 ἑκάς

239 1551 369 1600 στην
439 1533 710 1584 συνιοῦσιν
779 1527 1188 1604 ἐκφαινόμενος,
1265 1525 1392 1590 τοὺς
1454 1547 1511 1580 τε
1584 1532 1684 1594 τῆς
1752 1523 1893 1578 εὐσε-

245 1615 392 1681 ϐείας
443 1618 641 1692 λόγους
699 1615 1067 1680 ἀδιαλείπτως
1130 1616 1416 1686 ἀνακινῶν,
1475 1615 1564 1668 καὶ
1615 1614 1749 1687 πρὸς
1789 1615 1887 1681 την

245 1713 340 1764 τοῦ
397 1707 764 1777 πεποιηκότος
821 1706 1108 1783 ἐπίγνωσιν
1169 1706 1295 1766 τοὺς
1363 1704 1630 1779 ἀκροατὰς
1683 1702 1888 1776 ἐπαγό-

246 1819 423 1872 μενος.
482 1796 673 1858 Οὕτως
734 1794 824 1851 οὖν
871 1800 968 1851 τοῦ
1025 1794 1193 1869 λόγου
1232 1802 1331 1864 τῆς
1390 1792 1647 1864 ἀληθείας
1693 1812 1890 1866 κηρυσ-
1925 1825 1976 1890 Β

244 1887 496 1959 σομένου,
560 1887 649 1940 καὶ
727 1893 827 1954 τῆς
927 1885 1020 1958 μὲν
1109 1883 1254 1948 θείας
1331 1881 1733 1957 κρατυνομένης
1809 1880 1893 1934 πί-

245 1996 434 2040 στεως,
471 1973 799 2048 δαιμονικῆς
852 1972 909 2028 δὲ
965 1974 1143 2043 πάσης
1192 1974 1402 2043 ἀπάτης
1460 1972 1519 2026 ἐκ
1565 1969 1752 2026 ποδῶν
1801 1992 1892 2045 γι-

248 2067 504 2138 νομένης,
562 2069 670 2118 τῶν
723 2063 809 2119 ἐπὶ
867 2063 1046 2135 τούτῳ
1077 2062 1196 2116 τινὰ
1254 2061 1543 2131 συνόντων,
1597 2059 1892 2115 Λουκιανόν

249 2175 392 2232 φημι
430 2155 522 2208 τὸν
563 2150 844 2224 ἀοίδιμον,
876 2153 936 2214 ὅς
967 2151 1056 2206 καὶ
1104 2155 1172 2223 τῇ
1221 2155 1316 2204 105
1356 2145 1725 2223 πρεσϐυτέρου
1774 2147 1893 2220 ἀξίᾳ

247 2240 559 2316 ἐτετίμητο,
593 2244 952 2316 (συνήπτοντο
983 2243 1085 2316 γαρ
1117 2241 1262 2310 αὐτῷ
1296 2239 1500 2296 πολλοὶ
1559 2243 1665 2294 τῶν
1696 2239 1888 2314 ἀρετῆς

251 2330 860 2405 μεταποιουμὲνωνοτῷ
893 2331 1096 2402 ὁμοίῳ,
1149 2330 1299 2407 φασὶ,
1352 2330 1414 2383 τὸ
1464 2329 1706 2401 ὅμοιον.)
1756 2327 1891 2400 πρὸς

243 2422 341 2490 τῆν
370 2431 470 2489 τῆς
519 2419 904 2480 Βελουακὲνσις
954 2421 1123 2488 νήσου
1182 2418 1343 2472 πόλιν
1392 2416 1669 2492 ἐκπέμψας
1717 2417 1890 2492 κηρύ-

243 2513 404 2582 ξοντα
470 2511 570 2579 τήν
635 2504 930 2579 εὐσὲϐειαν,
1001 2509 1160 2570 αὐτὸς
1227 2507 1340 2581 ἃμα
1426 2510 1725 2578 Ῥουστικῷ
1799 2507 1889 2561 καὶ

246 2598 592 2674 Ἐλευθερίῳ,
634 2601 734 2668 την
789 2596 1027 2652 Γαλλίαν
1088 2597 1287 2662 λιπὼν,
1348 2596 1544 2650 ἄνωθεν
1605 2595 1754 2667 αὐτῷ
1808 2616 1891 2649 κε-

247 2689 720 2767 χρηματισμένον,
753 2687 804 2743 ἐν
837 2687 1072 2760 Παρισία
1104 2688 1374 2761 λεγομένῃ
1423 2689 1490 2758 τῇ
1540 2685 1700 2740 πόλει
1748 2684 1890 2759 γίνε-

245 2800 352 2845 ναι,
387 2778 460 2839 ὡς
502 2773 564 2832 ἀν
621 2777 752 2851 μετᾶ
805 2776 1108 2852 παρρησίας
1165 2777 1303 2849 αὐτῇ
1353 2777 1442 2830 τὸν
1483 2781 1582 2844 τῆς
1632 2772 1890 2844 ἀληθείας

246 2865 409 2943 λόγον
512 2865 1015 2941 ἐγκατασπείραντι,
1097 2866 1183 2920 καὶ
1275 2867 1367 2920 τὸν
1425 2869 1520 2920 107‘
1593 2865 1891 2939 μαρτυρίου

244 2957 304 3012 ἀν
314 2955 644 3030 αδησαμὲνῳ
728 2959 1009 3032 στέφανον,

246 3047 553 3119 ἀγωνοθὲτῃ
637 3052 974 3119 παραστῆναι
1063 3046 1178 3116 Θεῴ
1251 3045 1493 3118 γενηται,
1562 3044 1591 3098 6'
1656 3041 1724 3111 δὴ
1779 3049 1886 3098 τῶν

245 3133 443 3212 ἐφετῶν
493 3136 646 3207 αὖτῷ
691 3135 755 3190 τὸ
816 3135 1137 3210 ἀκρότατου’
1198 3133 1286 3188 καὶ
1343 3136 1370 3189 ’ὁ
1437 3135 1530 3208 μοὶ
1588 3135 1801 3209 προϊὼν
1862 3136 1890 3189 ὁ

246 3223 413 3299 λόγος
445 3221 764 3294 δηλώσειεν.

313 3315 400 3369 Ἐν
465 3314 640 3367 τοίνυν
699 3318 768 3386 τῇ
848 3313 1084 3387 Παρισίᾳ
1159 3313 1327 3386 ταύτῃ
1411 3314 1722 3388 γενόμενος,
1799 3312 1889 3366 καὶ

243 3401 433 3476 πλήρη
477 3403 577 3470 τήν
627 3402 792 3456 πόλιν
851 3401 1105 3461 ἀπιστίας
1164 3402 1356 3475 εὑρὼν,
1415 3400 1609 3456 κάλλει
1664 3403 1756 3475 μὶν
1799 3399 1888 3455 καὶ

512 2865 674 2941 ἐγκατ
684 2866 990 2940 ασπείραντι
1003 2911 1015 2935 ,
1097 2866 1183 2920 καὶ

1099 2957 1232 3028 μετά
1289 2954 1588 3032 παρῥησίας
1655 2955 1743 3009 καὶ
1811 2954 1889 3026 τῷ

249 3494 460 3568 μεγὲθει
492 3492 582 3547 καὶ
615 3490 817 3562 πλήθει
843 3497 950 3546 τῶν
986 3491 1036 3546 ἐν
1089 3491 1224 3564 αὐτῇ
1273 3489 1417 3546 πολύ
1463 3513 1513 3546 τι
1561 3497 1669 3546 τῶν
1719 3491 1885 3566 μεγά-

247 3593 359 3634 Λων
392 3579 606 3635 πόλεων
649 3579 1116 3661 ἀπολειπομένην·
1180 3584 1247 3654 τῇ
1291 3578 1345 3634 δὲ
1395 3576 1610 3651 ἀσεϐείᾳ
1645 3580 1889 3652 τοσούτῳ

245 3673 430 3722 πασῶν
488 3672 808 3741 κρατοῦσαν,
868 3671 978 3741 ὅσῳ
1050 3666 1187 3742 μηδὲ
1250 3665 1586 3743 παραϐαλεῖν
1636 3667 1888 3733 δύνασθαι

243 3755 475 3825 ἀπηνέσι
521 3775 581 3809 τε
638 3756 896 3810 πάντοθεν
955 3757 1374 3830 ἀπειλημμένην
1444 3758 1748 3833 οἰκήτορσι,
1800 3759 1886 3820 καὶ

245 3844 428 3919 ὣσπερ
493 3843 596 3899 τινὶ
661 3843 858 3918 τειχίῳ

244 3933 463 3988 ἐκείνων
533 3929 812 4007 ὠμὸτητι,

952 3847 1459 3924 περιπερραγμένην
1524 3847 1764 3923 ἰσχυρῶς
1821 3850 1889 3920 τῇ

905 3936 994 3989 καὶ
1059 3937 1260 4007 ταύτην
1330 3939 1437 3991 ἀντ’
1507 3935 1680 3992 ἄλλου
1744 3939 1890 3998 τινὸς

245 4021 622 4100 φυλακτηρίου
690 4023 1084 4099 προίσχουσαν*
1149 4024 1338 4089 ἄλλως
1401 4047 1458 4080 τε
1534 4025 1589 4080 δὲ
1663 4027 1752 4080 καὶ
1809 4027 1890 4080 ὅτι

243 4112 382 4188 πρὸς
431 4118 653 4186 καρπῶν
710 4113 958 4168 ἁπάντων
1030 4116 1200 4193 φορὰν
1267 4116 1493 4190 γόνιμος
1540 4115 1604 4184 ἦν
1639 4118 1672 4185 ἡ
1706 4114 1892 4184 πόλις,

245 4201 338 4255 καὶ
368 4207 487 4263 τοῖς
537 4200 858 4274 φιλοτίμοις
909 4209 1068 4257 πᾶσιν
1101 4203 1401 4273 εὐθηνοῦσα
1458 4206 1546 4258 καὶ
1596 4209 1891 4278 περιττοῖς,

247 4291 278 4345 ’ὀ
309 4288 648 4363 καὶμᾶλλον
705 4291 833 4353 τοὺς
883 4293 1114 4356 πολίτας
1171 4292 1396 4369 ἤλειφεν
1450 4294 1523 4356 εἷς
1571 4294 1778 4348 κακίαν·
1841 4293 1892 4348 ἐν

248 4379 389 4452 αὐτῇ
421 4377 600 4433 τοίνυν
644 4379 815 4440 οὕτως
875 4379 1081 4459 ἐχούσῃ
1141 4382 1449 4456 γενόμενος,
1509 4383 1722 4457 περιῄει
1774 4383 1896 4436 ἀνε-

248 4473 474 4543 ρευνῶν,
506 4465 553 4522 έί
582 4489 686 4523 που
715 4470 833 4524 τινὰ
865 4471 998 4545 πρὸς
1031 4471 1263 4545 ἡσυχίαν
1316 4471 1462 4545 εὕροι
1509 4472 1675 4526 τόπον
1725 4473 1898 4543 ἑαυτῷ

247 4555 582 4628 ἐπιτήδειον.
644 4558 746 4614 Καὶ
807 4555 873 4626 δὴ
933 4561 1023 4613 τὸν
1104 4559 1437 4632 ζητούμενον
1513 4561 1698 4634 τυχὼν
1748 4562 1900 4631 ναὸν,

248 4647 405 4711 εὐθὺς
436 4645 509 4707 ὠς
540 4648 575 4714 ἡ
610 4643 840 4719 δύναμις
873 4647 1010 4723 εἶχε,
1056 4647 1144 4702 καὶ
1197 4650 1280 4702 οἶα
1330 4649 1383 4703 ἐν
1435 4648 1700 4724 ἀλλοτρίᾳ
1745 4649 1891 4718 ξὲνυς

250 4732 325 4790 ὤν
358 4735 564 4797 ἐκεῖνος
596 4736 684 4789 καὶ
715 4733 950 4805 ἔπηλυς,
983 4738 1073 4790 καὶ
1128 4736 1376 4800 πολλοὺς
1432 4735 1578 4813 ἔχων
1638 4738 1765 4800 τοὺς
1816 4738 1898 4793 ἀν-

251 4827 597 4897 τικειμὲνους
649 4824 736 4879 διὰ
792 4825 856 4879 τὸ
910 4823 1240 4900 ὲτερόδοξον,
1296 4827 1559 4902 ἀνεγείρει
1611 4829 1898 4903 εὐκτήριον

252 4916 344 4969 καὶ
413 4914 562 4982 ναὸν,
634 4913 969 4992 αὐτόχρημα
1026 4915 1297 4989 σωτηρίαν
1357 4920 1570 4992 ψυχῶν.
1631 4918 1902 4990 Πάμπολυ

253 5001 358 5076 γάρ
389 5022 442 5055 τι
503 5000 718 5070 πλῆθος
768 4997 1032 5065 θεοσεϐῶν
1080 5002 1131 5057 ἐν
1178 5005 1356 5076 τούτῳ
1422 5006 1756 5082 συναγαγὼν,
1816 5006 1906 5060 καὶ

257 5092 422 5156 θύτας
477 5092 747 5164 καθαροὺς
805 5098 883 5165 τῷ
941 5098 1056 5165 Θεῷ
1107 5097 1610 5168 παραστησάμενος,
1669 5096 1907 5170 ποίμνην

258 5183 438 5254 ἁγίαν,
478 5181 553 5241 ὠς
594 5181 785 5253 εἷπείν,
832 5183 924 5237 τὸν
975 5184 1096 5238 ναὸν
1153 5183 1522 5259 ἀπειργάσατο
1579 5188 1646 5254 ἧς
1696 5188 1907 5259 ποιμήν

259 5267 420 5329 οὖνος
472 5270 538 5324 οὐ
584 5271 875 5343 μισθωτός·
919 5273 1092 5328 πάντα
1143 5273 1233 5328 τὸν
1287 5273 1506 5344 ἀπιστίᾳ
1551 5274 1911 5348 πλαιώμενον

257 5361 330 5432 τῇ
399 5364 496 5426 τῆς
567 5360 827 5429 ἀληθείας
887 5363 1103 5437 σύριγγι
1159 5364 1294 5436 πρὸς
1361 5363 1542 5419 πίστιν
1609 5362 1915 5416 ἀνακαλού-

263 5467 452 5521 μενος,
489 5446 582 5500 καὶ
621 5448 750 5509 τοὺς
816 5451 911 5522 μὲν
963 5455 1031 5525 τῇ
1085 5450 1262 5516 πλᾶνε
1311 5457 1600 5515 νοσοῦντας
1636 5458 1751 5512 τοῖς
1805 5473 1918 5505 σω-

257 5533 560 5608 τηριώδεσι
619 5543 725 5592 τῶν
791 5545 1012 5618 Γραφῶν
1087 5542 1396 5618 φαρμάκοις
1475 5542 1731 5614 ἰώμενος,
1791 5542 1918 5603 τους

259 5623 322 5680 δὲ
376 5622 486 5694 ἢδη
551 5627 1044 5701 συντετριμμένους
1200 5627 1519 5700 διδασκαλίᾳ
1567 5628 1918 5704 καταδεσμῶν

2010 541 2140 596 dem
2194 544 2455 634 moribus
2504 552 2558 603 et
2621 553 2910 607 sententia
2967 559 3482 631 communicasset,
3533 563 3660 634 ipse

2007 646 2141 686 eum
2191 633 2535 692 adhortatur
2562 638 2640 709 {ut
2687 645 2946 697 transeat
2990 643 3058 697 ad
3096 653 3288 716 partes
3322 633 3659 707 occidenta-

2007 717 2109 776 les.
2143 720 2287 778 Cum
2328 739 2397 778 ex
2446 725 2518 781 iis
2566 743 2722 799 ergo,
2757 729 2856 800 qui
2910 747 3041 786 eum
3093 736 3516 806 sequebantur,
3551 742 3656 796 mi-

2008 807 2210 866 nistris
2260 829 2361 883 per
2417 815 2576 872 vicos
2631 821 2687 873 et
2743 819 3005 875 civitates
3061 822 3207 878 alios
3260 825 3397 881 alibi
3456 829 3654 885 distri-

2005 897 2254 967 buisset,
2313 906 2371 957 et
2435 905 2692 964 salutare
2750 909 2851 964 Dei
2929 912 3309 983 Evangelium
3373 916 3655 986 jussisset

2005 988 2338 1060 praedicare,
2373 991 2612 1065 ipseque
2636 995 2934 1053 Rusticum
2959 1005 3014 1055 et
3037 1001 3456 1074 Eleutherium,
3484 1006 3650 1063 illum

2005 1077 2238 1147 quidem
2273 1080 2586 1138 chrismate
2625 1087 2958 1154 sacerdotii,
3001 1088 3159 1145 hunc
3190 1097 3406 1162 autem,
3441 1111 3651 1167 nempe

2003 1165 2427 1255 Eleutherium,
2495 1173 2867 1230 honestatum
2919 1177 3227 1236 diaconatu
3265 1222 3280 1247 ,
3333 1165 3654 1255 accepisset

2003 1253 2327 1326 adjutores,
2378 1275 2493 1314 non
2542 1277 2708 1318 secus
2756 1281 2820 1319 ac
2869 1281 3118 1338 magnus
3166 1253 3487 1340 Apostolus
3530 1273 3652 1344 Syl-

2003 1359 2218 1400 vanum
2251 1350 2310 1402 et
2350 1348 2712 1408 Timotheum
2761 1357 2818 1409 et
2865 1354 2936 1409 ad
2976 1355 3170 1412 Gallos
3200 1358 3456 1416 venisset
3497 1363 3650 1418 occi-

2002 1432 2288 1504 dentales,
2351 1454 2466 1493 non
2512 1440 2703 1496 solum
2754 1444 2946 1500 verbis
2987 1446 3286 1516 doctrinae,
3332 1451 3427 1504 sed
3475 1451 3650 1506 etiam

2003 1521 2304 1593 signorum
2325 1528 2594 1598 operibus
2626 1531 2976 1604 fungebatur
2999 1550 3240 1592 munere
3264 1539 3651 1613 apostolatus,

2002 1613 2233 1670 medius
2283 1632 2569 1688 apparens
2615 1620 2688 1676 iis
2756 1622 2857 1694 qui
2908 1624 2966 1678 in
3017 1641 3370 1699 unaquaque
3422 1629 3649 1686 civitate

2001 1703 2444 1774 conveniebant,
2478 1715 2531 1763 et
2572 1710 2642 1764 de
2674 1711 2884 1781 pietate
2913 1714 3093 1769 verba
3140 1715 3360 1772 faciens
3403 1718 3525 1773 sine
3557 1717 3651 1775 in-

2001 1792 2394 1864 termissione,
2423 1801 2479 1852 et
2509 1798 2794 1857 inducens
2840 1803 3137 1858 auditores
3169 1805 3238 1860 ad
3289 1805 3646 1876 agnitionem

2004 1880 2154 1950 ejus,
2189 1883 2289 1953 qui
2322 1883 2481 1954 ipsos
2510 1889 2744 1945 creavit.
2778 1891 2916 1946 Cum
2950 1891 3034 1947 sic
3062 1907 3196 1963 ergo
3227 1895 3486 1950 veritatis
3515 1911 3648 1951 ver-

2003 1969 2140 2025 bum
2192 1971 2621 2043 praedicaretur,
2676 1981 2733 2033 et
2781 1979 2974 2034 divina
3028 1981 3264 2052 quidem
3319 1983 3459 2038 ﬁdes
3509 2001 3643 2040 con-

2003 2057 2348 2128 ﬁrmaretur,
2399 2069 2761 2120 amoveretur
2824 2072 3019 2123 autem
3077 2069 3271 2124 omnis
3323 2072 3483 2127 t'raus
3532 2074 3646 2128 daa-

2001 2161 2267 2216 monum,
2300 2151 2612 2222 quemdam
2645 2169 2711 2208 ex
2745 2155 2817 2211 iis
2848 2156 2947 2226 qui
2981 2172 3114 2212 cum
3147 2174 3212 2214 eo
3244 2159 3647 2227 versabantur,

1999 2233 2303 2306 inclytum,
2355 2239 2619 2312 inquam,
2672 2243 3017 2312 Lucianum,
3051 2246 3151 2318 qui
3201 2247 3373 2302 etiam
3417 2249 3652 2320 presby-

2000 2324 2104 2378 teri
2139 2325 2425 2396 dignitate
2463 2333 2586 2384 erat
2612 2336 2847 2387 ornatus
2877 2333 3035 2402 (eum
3067 2335 3222 2390 enim
3249 2335 3650 2406 sequebantur

2001 2414 2174 2470 multi
2205 2431 2272 2471 ex
2310 2417 2384 2472 iis
2415 2418 2512 2489 qui
2565 2419 2834 2476 virtutem
2884 2422 3422 2493 amplectebantur;
3458 2425 3652 2480 simile

1998 2505 2178 2570 enim,
2223 2510 2284 2561 ut
2311 2507 2544 2575 dicitur,
2578 2509 2755 2565 simili
2805 2511 3169 2584 delectatur),
3205 2514 3364 2569 misit
3409 2515 3475 2569 ad
3506 2517 3648 2570 civi-

2000 2597 2176 2660 tatem
2232 2594 2436 2650 insulsa
2503 2597 2891 2666 Belvacensis,
2949 2601 3398 2672 praedicaturum
3459 2605 3650 2672 pieta-

1999 2687 2157 2751 tem;
2191 2682 2317 2754 ipse
2357 2701 2489 2740 vero
2521 2686 2698 2742 simul
2750 2703 2880 2742 cum
2933 2688 3170 2745 Rustico
3217 2693 3273 2745 et
3315 2690 3648 2748 Eleutherio

2001 2772 2185 2828 Gallia
2214 2774 2508 2846 Cisalpina
2557 2775 2775 2844 relicta,
2811 2793 2944 2832 cum
2994 2778 3104 2833 hoc
3153 2795 3494 2850 responsum
3544 2780 3648 2836 ba-

2002 2862 2226 2918 buisset
2257 2864 2330 2918 ab
2362 2863 2588 2935 angelo,
2620 2866 2777 2921 venit
2825 2865 2881 2920 in
2924 2866 3241 2934 civitatem,
3274 2883 3401 2940 quae
3432 2869 3650 2925 dicitur

2000 2951 2223 3017 Parisii,
2258 2960 2319 3008 ut
2367 2969 2500 3009 cum
2548 2953 2608 3009 in
2640 2970 2707 3010 ea
2753 2954 2992 3010 verbum
3024 2957 3364 3012 seminasset
3395 2957 3646 3029 pietatis,

2001 3045 2058 3096 et
2097 3041 2400 3098 redimitus
2449 3049 2600 3099 esset
2649 3060 2861 3100 corona
2910 3045 3195 3114 martyrii,
3246 3061 3380 3100 cum
3433 3047 3650 3102 ﬁducia

2001 3130 2304 3187 sisteretur
2316 3147 2507 3188 coram
2526 3133 2638 3188 Deo
2653 3134 3024 3205 agonotheta,
3047 3133 3205 3205 quod
3224 3133 3493 3206 equidem
3518 3136 3569 3191 ei
3588 3137 3648 3192 in

1922 3187 1972 3256 Ο
2004 3219 2148 3276 votis
2180 3227 2324 3290 erat,
2353 3223 2409 3276 et
2439 3221 2545 3277 huc
2587 3221 2646 3276 in
2678 3223 3060 3293 sequentibus
3090 3240 3326 3279 narrare
3358 3229 3646 3296 satagam.

2068 3313 2214 3366 Cum
2263 3325 2396 3380 ergo
2439 3309 2696 3366 venisset
2734 3312 2805 3366 ad
2856 3311 3007 3367 hanc
3050 3313 3410 3370 Parisiorum
3452 3314 3650 3370 civita-

2000 3407 2137 3466 tem,
2170 3402 2227 3454 et
2257 3415 2385 3454 eam
2417 3399 2730 3456 invenisset
2779 3399 3006 3471 plenam
3041 3401 3484 3472 incredulitate;
3519 3420 3645 3475 quae

1999 3504 2196 3544 eorum
2251 3487 2509 3559 quidem,
2543 3504 2670 3559 quae
2719 3489 2774 3543 in
2807 3489 2930 3561 ipsa
2974 3495 3161 3557 erant,
3212 3490 3649 3563 pulchritudine

2000 3581 2057 3632 et
2088 3577 2425 3633 excellentia
2471 3577 2805 3634 civitatibus
2848 3579 3075 3650 magnis
3125 3584 3248 3635 erat
3294 3579 3467 3651 longe
3497 3582 3647 3635 infe-

2002 3667 2136 3734 rior,
2171 3667 2470 3739 impietate
2501 3671 2690 3722 autem
2722 3668 2864 3723 adeo
2895 3676 3015 3723 erat
3045 3668 3321 3724 omnibus
3357 3670 3646 3741 superior,

2003 3761 2068 3811 ut
2106 3772 2178 3811 ne
2228 3759 2465 3827 possent
2516 3755 2747 3826 quidem
2797 3773 2928 3811 cum
2974 3773 3041 3812 ea
3071 3757 3352 3827 conferre,
3385 3758 3644 3830 undique

2002 3846 2074 3900 ab
2106 3845 2462 3900 immanibus
2492 3849 2771 3915 occupata
2799 3844 3241 3916 habitatoribus,
3273 3851 3329 3902 et
3358 3851 3641 3918 tanquam

2000 3933 2152 3990 vallo
2201 3933 2398 4006 aliquo
2447 3934 2610 3990 valde
2657 3935 2879 3990 munita
2929 3933 3165 3991 illorum
3198 3935 3558 4004 crudelitate,
3591 3941 3647 3992 et

2002 4040 2128 4080 eam
2162 4038 2479 4096 opponens,
2512 4027 2792 4096 tanquam
2825 4024 3062 4096 atiquod
3091 4024 3248 4080 aliud
3283 4024 3643 4097 praasidium.

2002 4114 2164 4169 Adde
2193 4113 2345 4184 quod
2378 4129 2512 4168 cum
2561 4112 2823 4169 omnium
2879 4113 3174 4170 fructuum
3225 4118 3378 4170 esset
3419 4113 3650 4170 fertilis-

2005 4202 2175 4270 sima,
2207 4209 2262 4258 et
2293 4202 2621 4257 abundaret
2652 4203 2905 4258 maxima
2936 4219 3130 4259 rerum
3163 4204 3426 4259 omnium
3460 4204 3650 4276 cepis,

2005 4294 2158 4348 cives
2191 4307 2328 4347 suos
2379 4292 2563 4363 magis
2611 4292 2896 4348 incitabat
2943 4294 3014 4348 ad
3047 4293 3201 4349 vitia.
3235 4294 3379 4351 Cum
3412 4293 3468 4348 in
3502 4293 3655 4348 hanc

2007 4398 2144 4454 ergo
2194 4383 2277 4438 sic
2331 4382 2590 4437 aﬁ‘ectam
2637 4383 2890 4439 venisset
2936 4383 3255 4452 civitatem,
3289 4384 3486 4440 obibat
3526 4400 3654 4455 per-

2010 4478 2277 4527 scrutans
2305 4470 2353 4526 si
2385 4487 2558 4542 quem
2608 4470 2802 4527 locum
2833 4476 3035 4544 aptum
3085 4473 3367 4530 inveniret
3397 4473 3468 4527 ad
3501 4471 3658 4543 quie-

1934 4545 1988 4612 D
2013 4566 2150 4616 tem.
2185 4560 2346 4623 Quod
2388 4563 2584 4616 autem
2617 4562 2913 4632 quaarebat
2961 4569 3336 4629 consecutus,
3381 4577 3483 4634 pro
3517 4560 3647 4614 viri-

2011 4649 2120 4705 bus
2151 4649 2348 4705 statim
2380 4649 2661 4720 templum
2705 4649 2910 4705 habuit
2942 4667 2955 4705 :
2988 4655 3046 4706 et
3078 4655 3140 4706 ut
3171 4651 3270 4723 qui
3319 4650 3381 4706 in
3430 4648 3663 4720 regione

2010 4739 2200 4794 aliena
2230 4743 2385 4795 esset
2426 4739 2640 4810 hospes
2688 4743 2745 4796 et
2797 4741 3036 4810 advena,
3068 4745 3124 4796 et
3170 4741 3384 4797 multos
3427 4739 3667 4795 haberet

2013 4831 2279 4884 adversos
2341 4832 2575 4899 propter
2638 4828 3037 4886 diversitatem
3089 4830 3410 4902 opinionis,
3459 4829 3670 4884 excitat

2015 4919 2329 4974 oratorium
2361 4923 2418 4974 et
2447 4917 2748 4990 templum,
2785 4921 2938 4992 quod
2988 4919 3160 4992 plane
3191 4925 3314 4977 erat
3357 4919 3512 4975 salus
3545 4918 3666 4973 ani-

2018 5024 2265 5063 marum.
2297 5008 2443 5062 Nam
2477 5024 2607 5062 cum
2633 5008 2950 5063 maximam
2977 5009 3204 5080 piorum
3233 5007 3667 5064 multitudinem

2019 5097 2079 5152 in
2138 5113 2204 5152 eo
2261 5100 2690 5168 congregasset,
2741 5101 2797 5152 et
2847 5113 3023 5169 puros
3073 5098 3498 5154 sacriﬁcatores
3556 5096 3670 5151 Deo

2021 5184 2406 5251 exhibuisset,
2461 5189 2730 5240 sanctum
2793 5201 3051 5258 gregem,
3107 5191 3174 5242 ut
3224 5184 3400 5242 semel
3458 5183 3673 5253 dicam,

2023 5273 2310 5344 templum
2343 5273 2560 5341 efﬁcit;
2595 5273 2766 5343 cujus
2811 5275 2933 5345 ipse
2984 5280 3108 5331 erat
3149 5283 3343 5347 pastor
3375 5289 3488 5329 non
3523 5289 3674 5327 mer-

2026 5364 2340 5420 cenarius:
2403 5361 2745 5433 quemlibet,
2806 5363 2904 5433 qui
2965 5365 3193 5419 errabat
3250 5362 3674 5434 incredulitate,

2029 5452 2284 5509 veritatis
2329 5451 2521 5506 ﬁstula
2567 5451 2635 5504 ad
2687 5451 2860 5507 ﬁdem
2914 5469 3212 5517 revocans,
3245 5457 3301 5507 et
3329 5468 3425 5506 eos
3457 5452 3554 5522 qui
3587 5469 3674 5506 eiu

2031 5561 2155 5597 rore
2189 5541 2570 5612 nigrotabant,
2615 5556 2825 5595 curans
2847 5542 3203 5598 salutaribus
3237 5540 3678 5596 medicamentis

2031 5632 2464 5702 Scripturarum
2502 5646 2514 5683 :
2550 5647 2647 5684 eos
2680 5635 2898 5700 autem,
2933 5633 3031 5702 qui
3069 5635 3194 5701 jam
3227 5635 3392 5686 erant
3421 5629 3676 5697 contriti,
