4106 6200
575 323 729 384 {039

1911 312 2197 375 MENSIS
2240 310 2626 373 OCTOBER.

3768 326 3881 385 lOlO

568 486 835 544 doctrina
865 484 1131 558 alligans,
1163 486 1221 539 et
1250 482 1319 538 ad
1371 496 1561 538 veram
1610 480 1828 537 ducens
1875 477 2203 535 sanitatem.

2321 476 2409 528 καὶ
2441 476 2575 551 πρὸς
2612 479 2709 547 τήν
2745 477 3011 549 ἀληθινὴν
3045 479 3189 555 ἃγων
3223 480 3423 556 ὑγείαν.
3456 482 3602 540 Ἀλλ’
3634 484 3763 561 ’ἰναγε
3797 491 3883 542 καθ’

568 578 675 634 Sed
699 582 765 633 ut
796 582 951 633 certa
983 576 1150 631 nobis
1180 574 1271 629 via
1304 574 1573 645 procedat
1602 571 1809 641 oratio,
1841 570 1947 626 hoc
1980 583 2212 639 quoque

569 669 696 738 ejus
725 665 1087 729 admirabile,
1124 667 1186 719 ut
1215 679 1279 718 ex
1314 662 1473 717 illius
1524 659 1784 730 epistolis
1834 658 1970 714 sciri
2005 662 2209 729 potest,

567 759 836 812 narrabo.
889 757 1091 809 Plures
1162 752 1397 823 quidem
1456 754 1620 806 erant
1684 748 1956 817 Dionysio
2004 747 2210 803 thera-

570 852 779 917 peutze,
812 860 964 900 unus
1005 850 1195 898 autem
1228 858 1295 897 ex
1325 841 1397 897 iis
1429 846 1551 896 erat
1581 839 1753 895 etiam
1804 837 2208 908 Demophilus,

570 936 670 1007 qui
703 935 842 990 civis
875 938 998 990 erat
1029 933 1338 1005 provinciae
1384 930 1774 996 Atheniensis,
1810 928 2124 998 habituque
2155 931 2213 982 et

567 1027 686 1082 vita
730 1023 1093 1092 monachus;
1144 1021 1562 1078 monachatum
1603 1025 1795 1075 autem
1838 1019 1889 1074 ei
1928 1019 2213 1088 imposue-

569 1120 703 1171 rant
752 1130 908 1184 purze
955 1118 1012 1167 et
1069 1113 1252 1167 sacris
1312 1110 1607 1166 initiantes
1664 1125 1870 1163 manus
1930 1107 2209 1179 Dionysii,

570 1206 707 1260 ordo
756 1203 850 1259 hic
894 1205 952 1257 et
1000 1200 1391 1256 ministerium
1436 1200 1559 1255 viro
1608 1199 1709 1255 isti
1756 1214 1789 1254 a
1821 1198 2113 1269 Dionysio,
2150 1201 2212 1251 ut

567 1297 844 1366 praeesset
868 1292 1069 1362 januis
1102 1289 1325 1360 templi.

639 1384 743 1438 llic
792 1397 925 1452 ergo
988 1378 1374 1451 DemOphilus
1423 1395 1553 1434 cum
1612 1377 1927 1449 aliquando
1970 1376 2212 1431 vidisset

564 1488 737 1527 suum
772 1470 1199 1542 presbyterum,
1234 1469 1544 1540 quemdam
1584 1467 1830 1538 impium
1864 1471 2040 1537 atque
2073 1482 2210 1537 pec-

568 1566 823 1617 catorem
872 1559 944 1614 ad
991 1558 1393 1630 paenitentiam
1445 1572 1811 1622 conversum,
1844 1555 2043 1626 illique
2074 1571 2208 1625 pro-

567 1651 855 1706 cidentem
907 1648 1357 1704 misericorditer
1387 1647 1704 1719 excepisse,
1739 1645 1981 1701 minime
2011 1645 2212 1699 leviter

565 1741 778 1809 ferens,
811 1741 871 1794 at
900 1739 1279 1794 exacerbatus
1310 1741 1364 1792 et
1394 1736 1549 1792 intra
1579 1736 1815 1791 sacrarii
1844 1737 2013 1806 adyta
2060 1734 2208 1789 exsi-

2323 561 2447 619 ὁδὸν
2482 566 2509 619 ὁ
2542 564 2708 643 λόγος
2752 570 2886 641 ἡμῖν
2941 572 3140 645 προῖῃ,
3188 572 3278 626 καὶ
3326 577 3483 628 τοῦτο
3527 574 3767 649 τεράστιον
3805 583 3882 631 τῶν

2322 652 2505 724 αὐτοῦ,
2549 657 2624 719 ὡς
2670 656 2728 712 ἐκ
2776 664 2882 713 τῶν
2940 659 3141 715 ἐκείνου
3199 658 3275 716 ἔνι
3338 668 3536 735 μαθεῖν,
3593 662 3883 740 διηγήσομαι.

2323 744 2584 817 Διονυσίῳ
2624 748 2946 819 θεραπευταὶ
2998 751 3093 823 μὲν
3139 751 3227 805 καὶ
3278 748 3472 826 ἕτεροι,
3518 756 3589 814 εἷς
3629 752 3677 808 δέ
3715 776 3784 817 τις
3825 758 3887 811 αὖ·

2320 836 2426 886 τῶν
2487 836 2576 889 καί
2637 837 2980 914 Δημόφιλος.
3038 840 3345 917 Δημοφίλῳ
3421 839 3473 896 δὲ
3541 842 3688 907 πόλις
3736 847 3764 913 ἡ
3809 851 3886 899 τῶν

2322 921 2569 991 Ἀθηνῶν
2602 924 2859 999 ἐπαρχία,
2896 927 3089 1003 σχῆμά
3114 950 3171 984 τε
3205 929 3293 983 καὶ
3330 930 3443 1005 βίος
3488 934 3732 1006 μονήρης·
3776 937 3824 987 τὸ

2324 1019 2560 1087 μονῆρες
2605 1014 2783 1088 τούτῳ
2822 1016 2880 1070 αἶ’
2934 1018 3163 1093 καθαραὶ
3223 1020 3311 1073 καὶ
3372 1021 3759 1094 ἱεροτελεστικαὶ
3802 1032 3888 1077 Azo-

2320 1101 2506 1155 νυσίου
2537 1109 2718 1177 χεῖρες
2770 1104 3043 1164 ἐπέθεσαν.
3104 1108 3261 1178 Τάξις
3309 1108 3444 1180 αὕτη
3492 1114 3629 1184 πάρᾶ
3673 1113 3889 1166 Διονυσίου

2321 1192 2407 1244 καὶ
2445 1190 2752 1268 λειτουργία
2781 1201 2861 1268 τῷ
2894 1193 3069 1272 ἀνδρί,
3109 1203 3228 1259 ταῖς
3271 1204 3368 1253 τοῦ
3416 1205 3542 1253 ναοῦ
3590 1199 3767 1263 πύλαις
3805 1202 3890 1275 ἐφε-

2324 1278 2530 1337 στάναι.

2391 1370 2452 1426 Ὀ
2490 1371 2665 1425 τοίνυν
2726 1373 3051 1453 Δημόφιλος
3109 1376 3287 1447 οὗτος,
3346 1379 3435 1432 τὸν
3481 1378 3663 1433 ἑαυτοῦ
3712 1376 3889 1453 spargi-

2318 1478 2471 1531 τερον
2542 1462 2870 1535 θεασάμενος
2951 1463 3341 1543 ἐπιστραφέντα
3414 1469 3529 1521 τινα
3599 1469 3721 1543 πρὸς
3775 1471 3890 1539 μετᾶ-

2320 1568 2468 1601 νοιαν
2549 1552 2845 1622 συμπαθῶς
2920 1551 3373 1629 προσδεξάμενον,
3421 1557 3603 1631 πράως
3659 1557 3747 1611 οὐκ
3790 1556 3892 1629 ἐνεγ-

2319 1636 2451 1705 κὼν,
2512 1637 2658 1693 ἀλλὰ
2712 1640 3050 1715 χαλεπήνας,
3117 1643 3267 1718 ίεῗσω
3324 1666 3381 1700 τε
3439 1652 3548 1700 τῶν
3612 1651 3701 1702 τοῦ
3758 1658 3893 1710 θυσιαο

2321 1727 2547 1798 στηρίου
2588 1727 2797 1785 ἀδύτων
2859 1732 3171 1807 γενόμενος,
3228 1736 3303 1790 ὧν
3364 1730 3650 1790 ἐπιϐαίνειν
3705 1737 3787 1790 οὐκ
3830 1736 3894 1789 ἀς-

567 1835 731 1886 stens
763 1847 893 1901 qua:
925 1830 1153 1901 ingredi
1177 1844 1546 1900 nequaquam
1571 1831 1786 1892 tutum,
1812 1841 1999 1897 neque
2028 1826 2203 1880 attin-

2322 1816 2507 1893 φαλὲς,
2568 1817 2692 1873 οὐδὲ
2750 1822 3082 1895 προσψαύειν
3138 1821 3312 1894 ὅσιον,
3369 1823 3787 1898 έκπομπευθῆναι
3829 1826 3895 1897 μὲν

566 1935 701 1991 gere
728 1924 1021 1987 sanctum,
1054 1918 1267 1973 Sancta
1310 1921 1647 1973 sanctorum
1682 1914 1909 1987 publice
1956 1914 2210 1971 ludibrio

566 2007 766 2063 haberi
820 2008 976 2075 facit,
1028 2008 1246 2061 bonum
1297 2011 1489 2061 autem
1531 2004 1698 2059 illum
1749 2003 2107 2059 sacerdotem
2158 2009 2212 2058 et

569 2100 939 2152 mansuetum
991 2095 1173 2166 plagis
1223 2093 1691 2149 intolerabilibus
1740 2092 1994 2163 subjicit,
2041 2100 2211 2163 atque

564 2185 625 2239 in
657 2184 860 2238 faciem
910 2183 1251 2253 percutiens,
1285 2182 1585 2248 obnititur,
1628 2188 1679 2237 et
1718 2197 1853 2237 cum
1885 2196 2095 2251 magna
2127 2197 2213 2236 re-

564 2271 819 2326 verentia
882 2270 1271 2338 accedentem,
1335 2271 1605 2326 audacter
1649 2269 1910 2325 calcibus
1960 2268 2209 2341 repellit,

562 2360 809 2429 impium
860 2376 925 2415 ac
975 2358 1282 2415 scelestum
1334 2359 1533 2415 dicens
1582 2374 1717 2416 eum
1749 2358 1849 2430 qui
1885 2373 1952 2414 ex
1987 2357 2210 2414 miseri-

560 2449 759 2505 cordia
800 2449 1001 2520 populi
1048 2448 1412 2521 ignorantias
1457 2448 1752 2520 descipere
1801 2448 2121 2517 statuisset,
2155 2451 2212 2503 et

557 2537 834 2610 Dionysio
861 2538 1153 2609 episcopo,
1189 2543 1362 2609 atque
1396 2544 1695 2611 pastorum
1732 2537 2005 2609 principi,
2041 2536 2210 2609 quasi

558 2643 837 2698 magnum
900 2627 1039 2697 quid
1092 2628 1161 2682 ad
1229 2628 1509 2685 virtutem
1584 2627 1888 2694 effecisset,
1959 2626 2208 2682 describi

559 2717 715 2789 quod
764 2717 1070 2784 acciderat,
1122 2734 1339 2789 susque
1387 2719 1577 2788 deque
1620 2718 1852 2787 jactans
1883 2716 1941 2770 in
1974 2716 2074 2771 illa
2105 2733 2207 2772 au-

559 2809 687 2864 daci
719 2807 987 2880 epistola,
1023 2809 1177 2879 quod
1213 2824 1325 2862 non
1359 2812 1480 2863 tam
1523 2808 1779 2878 seipsum
1813 2823 1989 2877 quam
2024 2808 2205 2861 Deum

560 2897 720 2951 ultus
764 2900 939 2950 esset.
976 2894 1124 2957 Quid
1156 2910 1291 2966 ergo
1320 2893 1462 2949 ille?
1490 2896 1663 2960 Num,
1698 2899 1763 2947 ut
1806 2894 2011 2959 vulgus
2044 2892 2206 2960 solet,

561 2985 671 3039 fuit
699 2982 897 3039 animo
942 2984 1315 3053 perturbatus
1337 2982 1364 3036 ‘I
1394 2990 1491 3036 aut
1522 2985 1821 3052 reputatus
1851 2985 1940 3035 est
1984 2980 2069 3036 vel
2105 2998 2206 3052 pa-

562 3089 694 3129 rum
740 3072 884 3142 quid
936 3071 1175 3133 omnino
1224 3071 1533 3126 mutavisse
1559 3071 1628 3125 de
1672 3085 1739 3125 ea
1780 3070 2036 3126 bonitate
2082 3088 2207 3141 quas

563 3165 615 3220 ei
646 3159 987 3218 coaluerat?
1007 3164 1127 3216 Hoc
1158 3161 1404 3217 minime
1431 3160 1542 3215 dici
1575 3163 1778 3230 potest.
1814 3160 2011 3231 Neque
2050 3163 2203 3216 enim

564 3256 717 3309 iacto
752 3248 907 3305 ultus
939 3256 1029 3306 est
1072 3267 1227 3320 eum,
1277 3249 1376 3320 qui
1418 3228 1793 3320 peccaverat;
1828 3228 1935 3303 sed
1972 3249 2118 3304 iacto
2156 3253 2213 3304 et
2240 3228 2289 3294 Ο

561 3359 825 3401 sermone
871 3339 1113 3397 salutari
1146 3339 1383 3406 erudiit,
1437 3355 1565 3410 quae
1615 3336 1783 3392 simul
1816 3338 1886 3391 ad
1938 3337 2209 3392 virtutem

559 3450 793 3491 omnem
827 3432 1291 3491 moderationem
1324 3430 1602 3484 informat
1618 3433 1675 3482 et
1712 3427 2206 3498 componitillam,

557 3523 817 3582 scribens
870 3522 1199 3596 epistolam.
1248 3523 1305 3575 et
1352 3516 1682 3589 exemplum
1716 3518 2203 3585 mansuetudinis,

555 3616 772 3684 Aaron,
807 3615 1011 3683 David,
1064 3622 1118 3671 et
1165 3614 1312 3670 alios
1362 3614 1679 3669 adducens.
1715 3612 1895 3683 Cujus
1942 3617 2003 3667 ut
2035 3612 2207 3667 omit-

559 3705 681 3756 tam
743 3704 918 3760 aliam
976 3706 1048 3760 ad
1091 3705 1309 3759 bonum
1360 3702 1843 3768 exhortationem,
1886 3701 2206 3756 meminero

564 3794 718 3846 certe
768 3794 1034 3859 visionis,
1083 3810 1262 3865 quam
1329 3792 1380 3848 ei
1437 3796 1652 3858 narrat,
1703 3796 1769 3847 ut
1818 3808 1944 3863 qua:
2002 3795 2204 3846 sancto

559 3878 743 3950 Carpo
777 3882 1125 3955 apparuerit.
1163 3881 1258 3937 Sic
1289 3889 1481 3936 autem
1523 3895 1584 3936 se
1624 3879 1798 3934 habet
1840 3880 1909 3934 ad
1942 3879 2200 3934 verbum.

637 3971 783 4026 Cum
816 3972 1130 4043 aliquando
1164 3971 1224 4025 in
1258 3971 1480 4024 Cretam
1512 3968 1821 4039 venissem,
1860 3984 1949 4023 me
1981 3968 2203 4038 Carpus

560 4063 811 4134 hospitio
860 4061 1104 4130 excepit,
1150 4058 1261 4127 vir,
1316 4059 1363 4113 si
1407 4057 1539 4129 quis
1583 4057 1757 4123 alius,
1798 4062 2035 4127 propter
2079 4074 2203 4111 ma-

558 4169 734 4225 gnam
768 4152 982 4207 mentis
1004 4152 1314 4221 puritatem
1341 4148 1409 4201 ad
1436 4147 1793 4202 cernendum
1819 4150 1997 4200 Deum
2021 4148 2203 4216 aptis-

556 4243 767 4296 simus.
798 4240 999 4311 Neque
1047 4239 1202 4295 enim
1246 4253 1443 4293 sacros
1494 4236 1901 4308 mysteriorum
1933 4237 2076 4291 ritus
2108 4253 2201 4307 ag-

558 4330 946 4401 grediebatur,
998 4327 1109 4383 nisi
1166 4326 1332 4398 prius
1373 4323 1481 4396 ipsi
1525 4325 1583 4379 in
1630 4323 1701 4377 iis
1749 4324 2038 4396 precibus,
2074 4342 2201 4396 quae

554 4423 727 4474 antea
758 4417 953 4489 perlici
1006 4417 1221 4481 solent,
1255 4431 1412 4469 sacra
1444 4419 1502 4469 et
1551 4413 1681 4468 laeta
1728 4414 2098 4484 apparuisset
2128 4414 2203 4469 vi-

552 4508 661 4562 sio.
707 4507 762 4562 ls
816 4505 1052 4578 quidem
1106 4505 1400 4572 narrabat,
1453 4519 1582 4558 cum
1633 4520 1665 4557 a
1706 4503 1981 4573 quodam,
2016 4503 2113 4574 qui
2165 4522 2198 4557 ιι

2320 1906 2386 1958 τὰ
2426 1906 2590 1982 Ἅγια
2619 1912 2725 1963 τῶν
2784 1910 2950 1984 ἁγίων
3009 1916 3184 1980 ποιεῖ,
3240 1911 3331 1966 τὸν
3402 1910 3458 1967 δὲ
3516 1914 3701 1989 ἀγαθὸν
3748 1913 3895 1967 ἐκείνου

2319 1993 2466 2070 ἱερέα
2506 1996 2595 2050 καὶ
2642 1998 2849 2072 ἥμερον
2901 1997 3147 2074 πληγαῖς
3203 1999 3264 2054 οὐ
3310 2008 3575 2077 φορηταῖς
3633 1996 3895 2056 ὑποϐάλλει·

2319 2086 2454 2142 κατά
2482 2108 2540 2142 τε
2585 2095 2683 2157 τῆς
2716 2088 2921 2165 κόῤῥης
2977 2091 3152 2144 παίων
3198 2091 3457 2159 ἆντωθεῖ,
3511 2093 3599 2148 καὶ
3648 2093 3765 2165 μετᾶ
3798 2091 3898 2146 πολι

2321 2178 2426 2247 λῆς
2490 2182 2591 2243 τῆς
2655 2177 2839 2242 αἰδοῦς
2903 2181 3200 2256 προσιόντα
3276 2185 3520 2257 θρασέως
3584 2183 3898 2251 ἀπολακτίζει,

2318 2263 2484 2338 ἀσεϐῆ
2525 2268 2831 2346 λέγωνκαὶ
2881 2271 3186 2347 ἀλιτήριον,
3242 2275 3332 2329 τὸν
3382 2275 3669 2352 ἀγαθότητι
3711 2279 3897 2348 παρορᾷν

2320 2358 2622 2432 ἠξιωμένον
2652 2360 2717 2415 τὰ
2745 2365 2841 2415 τοῦ
2886 2360 3023 2417 λαοῦ
3070 2362 3410 2438 ἀγνοήματα,
3461 2365 3551 2419 καὶ
3597 2369 3670 2435 τῷ
3710 2365 3900 2439 ἀρχιερεῖ

2321 2447 2585 2521 Διονυσίῳ
2617 2451 2705 2504 καὶ
2760 2452 3136 2525 ἀρχιποιμένι,
3169 2453 3244 2514 ὡς
3301 2452 3441 2528 μέγα
3489 2477 3543 2509 τι
3584 2454 3712 2526 πρὸς
3752 2453 3898 2527 ἀρετὴν

2319 2537 2693 2613 εἰργασμένος,
2727 2538 3077 2619 διαχαράττει
3125 2543 3188 2597 τὸ
3228 2545 3478 2619 γεγονὸς,
3532 2543 3637 2599 ἅνω
3676 2544 3754 2599 καὶ
3790 2544 3898 2597 κάτω

2319 2627 2570 2700 θρυλλῶν
2625 2636 2723 2699 τῆς
2781 2631 3031 2705 θρασείας
3091 2631 3297 2702 ἐκείνης
3348 2632 3661 2706 ἐπιστολῆς,
3716 2633 3778 2693 ὡς
3826 2631 3900 2706 οόχ

2319 2717 2507 2771 ἑαυτὸν
2541 2718 2773 2791 μᾶλλον,
2836 2720 2981 2775 αλλὰ
3037 2722 3124 2775 καί
3178 2723 3269 2776 τὸν
3330 2724 3457 2777 Θεὸν
3518 2722 3810 2793 έκδικήσειε.
3852 2723 3897 2776 Τί

2320 2808 2409 2864 οὖν
2440 2810 2689 2881 ἐκεῖνος;
2734 2813 2817 2885 ἆρ’
2865 2813 2900 2881 ἤ
2950 2814 3011 2868 τὸ
3059 2817 3168 2867 τῶν
3226 2813 3451 2869 πολλῶν
3509 2811 3714 2882 ἔπαθεν,
3764 2813 3794 2881 ἢ
3838 2810 3899 2864 καὶ

2322 2900 2513 2970 μικρὸν
2584 2898 2729 2960 ὅλως
2787 2907 2886 2969 τῆς
2955 2903 3255 2977 συντρόφου
3318 2897 3644 2974 μεταϐαλεῖν
3694 2902 3897 2973 ἐνομίσθη

2318 2988 2750 3062 χρηστότητοςς
2831 2986 3114 3063 οὕμενουν,
3193 2990 3292 3045 οὐκ
3365 2987 3510 3045 ἔστιν
3586 2991 3757 3058 εἰπεῖν,
3821 2984 3901 3042 οὐδ’

2317 3075 2459 3154 ἔργῳ
2514 3079 2605 3132 τὸν
2661 3081 3026 3153 ἡμαρτηκότα
3088 3080 3358 3153 ἠμύνατο,
3419 3078 3568 3135 ἀλλὰ
3627 3080 3761 3155 λόγῳ
3809 3078 3902 3145 θείῳ

2318 3169 2406 3224 καὶ
2462 3166 2802 3244 σωτηριώδει
2851 3166 3195 3224 πεπαίδευκε*
3246 3170 3346 3237 τήν
3395 3170 3536 3242 πρὸς
3586 3169 3765 3244 ἀρετὴν
3801 3164 3902 3238 ὁμοῦ

2318 3259 2406 3313 καὶ
2440 3264 2613 3313 πᾶσαν
2668 3258 2960 3331 εὐκοσμίαν
3019 3258 3289 3313 τυποῦσάν
3344 3279 3402 3313 τε
3457 3259 3553 3313 καὶ
3621 3258 3911 3333 ῥυθμίζουστν

2317 3347 2527 3418 ἐκείνην
2597 3346 2807 3422 γράψας
2866 3347 3183 3418 ἐπιστολὴν,
3234 3349 3326 3402 καὶ
3385 3350 3696 3422 πραότητος
3750 3344 3909 3401 ὑπόδει-

2317 3457 2432 3513 γμα
2474 3436 2563 3491 τὸν
2607 3438 2842 3511 Ἀαρὼν,
2890 3437 2980 3491 τὸν
3034 3436 3218 3506 Δαυίδ,
3276 3438 3365 3491 καὶ
3425 3439 3645 3513 ἑτέρους
3700 3456 3910 3510 παραπῃο

2316 3527 2559 3597 σάμενος·
2613 3528 2679 3596 ἧς
2723 3523 2815 3578 ’ίνα
2862 3546 2962 3581 τιλν
3014 3522 3193 3594 ἄλλην
3252 3527 3390 3600 πρὸς
3444 3528 3510 3581 τὸ
3560 3527 3746 3602 ἀγαθὸν
3791 3542 3910 3578 mu-

2316 3611 2463 3666 λίπω
2521 3611 2887 3685 παράκλησιν,
2946 3609 3097 3665 ἀλλὰ
3151 3618 3253 3679 τῆς
3312 3611 3580 3684 ὁράσεως,
3634 3613 3696 3682 ἧς
3749 3607 3912 3677 διέξεισι

2313 3699 2449 3773 πρὸς
2483 3699 2641 3754 αὐτὸν
2676 3700 2749 3760 ὡς
2787 3699 2891 3754 ὑπὸ
2940 3704 3037 3753 τοῦ
3086 3703 3192 3754 τῶν
3242 3699 3407 3773 ἁγίων
3469 3700 3763 3771 θεαθείσης,
3812 3717 3910 3769 μνη·

2315 3792 2607 3861 σθήσομαι.
2640 3787 2771 3862 Εἶχε
2804 3786 2861 3842 δὲ
2893 3788 3027 3843 κατὰ
3057 3786 3199 3858 λέξιν
3232 3789 3427 3851 οὕτως.

2386 3966 2678 4040 Γενόμενόν
2739 3966 2805 4034 μέ
2856 3987 2987 4021 ποτε
3039 3968 3177 4022 κατὰ
3254 3968 3352 4035 τὴν
3408 3971 3677 4042 ιΚρήτην,
3735 3970 3759 4023 ὁ
3811 3965 3913 4038 ἱερὸς

2313 4056 2675 4132 ἐξεναγώγησε
2729 4056 2963 4129 Κάρπος,
3015 4056 3168 4131 ἀνὴρ,
3228 4056 3319 4111 καὶ
3369 4055 3422 4110 εἷ’
3472 4078 3558 4120 τις
3624 4056 3806 4125 ἄλλος,
3854 4050 3914 4105 δεᾶ

2311 4144 2533 4214 πολλὴν
2560 4147 2902 4218 καθαρότητα
2949 4150 3043 4199 νοῦ
3093 4145 3228 4219 πρὸς
3280 4146 3533 4209 θεοπτίαν
3586 4144 3915 4215 ἐπιτηδειότα-

2311 4253 2424 4295 τος’
2458 4235 2544 4289 καὶ
2603 4238 2732 4306 γοῦν
2773 4232 2897 4288 οὐδὲ
2944 4239 3061 4296 ταῖς
3125 4234 3302 4308 ἁγίαις
3354 4240 3460 4289 τῶν
3518 4235 3821 4309 μοστηρίων
3857 4251 3916 4284 τε·

2313 4320 2495 4383 λεταῖς
2566 4320 2853 4397 ἐνεχείρει,
2928 4324 3001 4395 μή
3089 4323 3354 4399 πρότερον

2310 4410 2663 4485 προτελείους
2732 4413 2924 4490 εὐχὰς,
3013 4414 3157 4486 ἱερᾶς
3223 4413 3311 4468 καὶ

2310 4498 2757 4573 ὲπιφαινομένης.
2812 4503 3035 4578 Ἔλεγεν
3097 4500 3213 4574 οὖν,
3273 4502 3380 4569 ὅτι,
3433 4501 3808 4574 λελυπηκότος
3857 4496 3921 4552 αὖ·

3448 4326 3601 4396 αὖτῷ
3670 4324 3796 4379 κατὰ
3851 4320 3918 4377 τὰς

3393 4412 3658 4487 εὺμενοὺς
3721 4416 3918 4487 ὁράσεως

549 4596 664 4652 ﬁde
697 4595 1095 4667 religioneque
1129 4599 1329 4648 nostra
1375 4593 1730 4660 abhorreret,
1766 4593 1913 4647 forte
1944 4593 2197 4647 offensus

2314 4589 2400 4643 τόν
2440 4610 2575 4644 ποτε
2630 4594 2735 4643 τῶν
2793 4589 3031 4645 ἀπίστῶν
3078 4591 3243 4661 τινὸς,
3290 4594 3347 4665 (ἠ
3404 4589 3555 4661 λύπη
3616 4590 3674 4646 δὲ
3732 4594 3809 4659 ἦν,
3860 4589 3919 4641 ὅτι

548 4693 701 4741 esset
753 4683 1026 4754 (tristitiae
1058 4688 1252 4739 autem
1285 4698 1463 4738 causa
1502 4687 1644 4751 erat,
1679 4683 1831 4754 quod
1864 4681 1961 4736 ille
1990 4682 2061 4736 ab
2092 4682 2199 4736 Ec—

548 4775 725 4830 clesia
776 4773 1092 4844 quemdam
1143 4773 1213 4828 ad
1265 4772 1512 4842 impium
1544 4772 1772 4827 cultum
1821 4771 2194 4842 traduxerat),

546 4869 670 4919 tum
718 4879 853 4920 curn
901 4863 1099 4929 etiam,
1147 4862 1219 4917 ab
1266 4862 1393 4934 ipso
1445 4860 1790 4929 (Christiano
1831 4866 2063 4931 propter
2094 4860 2198 4914 ba-

545 4954 849 5025 ptismum)
903 4950 1113 5007 hilaria
1153 4957 1481 5021 agerentur,
1530 4966 1664 5005 cum
1714 4949 2023 5020 benignam
2066 4965 2193 5020 pro-

542 5047 790 5115 utroque
867 5043 935 5096 ad
999 5042 1178 5096 Deum
1225 5040 1618 5111 precationem
1668 5039 1909 5093 fundere
1958 5054 2193 5093 necesse

541 5138 713 5199 esset,
749 5133 980 5201 Deoque
1031 5131 1637 5202 servatore'adjutore
1686 5128 1984 5198 adjuncto,
2026 5127 2189 5183 illum

541 5220 776 5290 quidem
830 5226 1187 5286 convertere,
1230 5217 1388 5273 hunc
1438 5222 1630 5272 autem
1661 5216 1889 5271 vincere
1920 5216 2187 5286 benigni-

536 5312 674 5375 tate,
704 5324 810 5363 nec
840 5307 1128 5363 desistere
1172 5308 1483 5364 admonere
1532 5322 1635 5377 per
1680 5321 1852 5360 omne
1883 5304 2008 5358 vitae
2040 5308 2185 5359 tem-

537 5411 645 5466 pus
677 5410 861 5467 usque
894 5397 964 5450 ad
1002 5396 1159 5451 hunc
1188 5396 1380 5467 ipsum
1415 5394 1589 5459 diem,
1624 5402 1792 5463 atque
1837 5392 1919 5447 ita
1949 5392 2183 5447 domum

534 5500 634 5539 eos
691 5484 762 5538 ad
825 5484 924 5537 Dei
992 5486 1257 5540 notitiam
1328 5486 1633 5548 deducere,
1694 5482 1860 5551 quasi
1911 5481 2038 5551 jam
2097 5499 2182 5549 ea,

534 5574 606 5627 de
635 5570 849 5641 quibus
897 5575 1069 5627 antea
1120 5572 1477 5639 dubitarent,
1527 5571 1841 5640 dijudicata
1884 5574 2096 5641 essent,
2131 5580 2182 5626 et

534 5662 605 5719 ab
642 5659 714 5715 iis
743 5675 865 5728 quae
898 5658 1330 5717 inconsiderate
1368 5661 1496 5716 ausi
1528 5663 1739 5724 essent,
1770 5658 2030 5730 legitmie
2062 5678 2177 5729 pce-

2307 4685 2406 4747 τῆς
2466 4680 2795 4748 Ἐκκλησίας
2851 4678 3059 4741 ἐκεῖνος
3117 4681 3237 4734 τινὰ
3293 4682 3429 4755 πρὸς
3506 4682 3567 4735 τὸ
3626 4679 3782 4735 ἄθεον
3830 4680 3920 4733 ἁπε-

2305 4767 2623 4837 πλανησεν.)
2682 4762 2756 4821 ἔτι
2816 4773 2923 4821 τῶν
2986 4767 3232 4842 Ἰλυρίων
3286 4771 3509 4843 ἡμερῶν
3571 4769 3721 4841 αὐτῷ
3770 4766 3923 4823 τελονο

2310 4855 2508 4928 μένων,
2577 4853 2695 4911 δέον
2791 4856 3113 4933 ἀμφοτέρων
3192 4858 3588 4933 ἀγαθοπρεπῶς
3674 4856 3921 4931 ὑπερεύξα-

2305 4956 2447 5011 σθαι,
2516 4947 2605 4999 καὶ
2669 4946 2796 5000 Θεὸν
2854 4954 3075 5022 σωτῆρα
3129 4946 3485 5022 συλλήπτορα
3545 4942 3805 5015 λαϐόντα,
3856 4945 3920 4997 τὸν

2306 5034 2399 5106 μὶν
2432 5034 2767 5108 ἐπιστρέψαι,
2817 5036 2910 5089 τὸν
2966 5034 3024 5089 δὲ
3081 5035 3376 5109 ἀγαυότητι
3425 5042 3666 5105 νικῆσαι,
3727 5036 3816 5089 καὶ
3864 5032 3917 5103 μή

2302 5120 2575 5178 διαλιπεῖν
2606 5128 2957 5187 νουθετοῦντα
2990 5122 3079 5177 διὰ
3114 5124 3234 5199 βίου
3294 5126 3511 5194 παντὸς,
3567 5122 3734 5198 ἄχρις
3785 5124 3842 5178 οὗ
3877 5140 3920 5175 το

2301 5214 2564 5286 σήμερον,
2613 5214 2700 5266 καὶ
2762 5212 2935 5273 οὕτως
2994 5214 3079 5266 ἐπὶ
3126 5214 3223 5281 τὴν
3281 5213 3420 5276 θείαν
3481 5212 3678 5274 αὐτοὺς
3732 5212 3919 5287 ἀγαγεῖν

2297 5306 2523 5374 γνῶσιν,
2557 5301 2630 5363 ὡς
2653 5300 2713 5356 ἃν
2746 5300 2853 5372 ἤδη
2887 5303 2977 5357 καὶ
3031 5306 3140 5356 τῶν
3197 5297 3707 5379 ἀμφισϐητησίμων
3760 5301 3923 5356 αὐτοῖς

2296 5392 2646 5465 κρινομένων,
2678 5391 2769 5445 καὶ
2824 5398 2930 5446 τῶν
2992 5390 3215 5469 ἀλόγως
3267 5390 3676 5467 θρασυνομένων
3730 5389 3921 5461 ἐννόμῳ

2295 5477 2418 5554 δίκῃ
2474 5487 2768 5560 σωφρονεῖν
2828 5483 3299 5559 ἀναγκαζομένων·
3360 5481 3486 5537 ἀλλ’
3534 5479 3585 5535 ἒν
3638 5481 3817 5551 ἑαυτῷ
3860 5479 3921 5551 μὴ

2292 5590 2556 5643 προτερον
2601 5574 2761 5624 τοῦτο
2793 5572 3003 5640 παθὼν,
3051 5572 3149 5625 οὐκ
3196 5567 3297 5625 οἶδ’
3352 5569 3501 5631 ὅπως
3549 5570 3672 5623 τότε
3718 5567 3921 5635 πολλήν

2289 5680 2408 5713 τινα
2444 5660 2544 5726 τήν
2601 5655 2915 5732 δυσμένειαν
2960 5661 3048 5714 καὶ
3098 5661 3196 5728 τὴν
3246 5658 3465 5733 πικρίαν
3510 5659 3735 5728 ἐντήξας
3786 5655 3926 5711 ἐκοι-
