4106 6200
272 332 420 391 1041

1322 328 1497 390 Vl'l‘A
1553 334 1614 390 S.
1664 330 2004 392 DlONYSlI
2052 328 2594 391 AliEOPAGlT/E.

3516 332 3671 395 1042

271 493 444 563 μήθη.
512 490 819 566 κήτεδάρθη
885 492 1000 562 μὲν,
1070 490 1212 545 οὕτω
1272 494 1450 551 κακῶς
1490 486 1651 564 ἔχων·
1715 491 1907 566 ἑσπέρα

2026 510 2128 549 nas
2158 492 2352 549 dando
2390 492 2733 563 resipiscere
2782 498 3161 564 cogerentur;
3196 498 3321 550 tum
3368 498 3565 550 tamen
3616 493 3675 550 id

261 582 361 657 γὰρ
428 582 515 648 ἦν.
592 580 714 653 περὶ
784 579 841 634 δὲ
910 579 1075 653 μέσας
1140 581 1334 645 νόκτας
1401 580 1599 656 (εἰώθει
1665 582 1766 656 γὰρ
1833 583 1908 642 εἷς

260 666 416 724 τόνδε
453 670 542 723 τὸν
579 669 766 743 καιρὸν
798 670 961 729 αὐτὸς
996 668 1076 741 ἐφ’
1126 669 1317 723 ἑαυτοῦ
1366 671 1503 744 πρὸς
1554 670 1680 732 τοῦς
1730 669 1907 732 θείους

260 758 460 831 ὕμνους
529 757 925 834 ἐγρηγορέναι.)
1020 754 1351 811 διανίσταται
1422 759 1543 830 μὲν,
1610 755 1734 813 οὐδὲ
1798 764 1908 813 τῶν

260 846 440 902 ὕπνων
498 848 699 918 αὐτῶν,
755 846 980 903 πολλῶν
1032 868 1093 924 γε
1142 846 1335 917 ὄντων,
1386 847 1473 901 καὶ
1515 849 1594 902 ἀεὶ
1641 847 1906 923 έγνοπτο-

264 934 464 1009 μένων,
541 932 642 1009 ἔξω
726 943 975 1012 ταραχῆς
1064 938 1509 1010 παραπολαύσας’
1608 937 1775 999 ἑστὼς
1852 935 1909 992 δὲ

260 1026 415 1098 ὅμως
447 1025 524 1089 εἷς
553 1027 651 1095 τὴν
699 1027 840 1081 θείαν
889 1024 1113 1099 ὁμιλίαν
1166 1026 1266 1081 οὐκ
1321 1026 1529 1104 εὐαγῶς
1579 1029 1768 1097 ἠνιᾶτο
1818 1028 1907 1082 καὶ

260 1112 663 1193 ἐδυσχέραινεν,
713 1114 812 1170 οὐκ
857 1116 994 1170 εἶναι
1037 1113 1244 1170 δίκαιον
1292 1116 1489 1189 λέγων,
1542 1117 1587 1171 εἰ
1636 1122 1769 1188 ζῷεν
1821 1114 1907 1173 ἄν·

262 1199 383 1277 δρες
434 1202 579 1267 ἃθεοι
628 1202 716 1259 καί
757 1202 1165 1282 διαστρέφοντες
1218 1208 1312 1267 τὰς
1355 1203 1515 1266 ὁδοὺς
1566 1205 1763 1277 Κυρίου
1810 1207 1907 1269 τὰς

262 1291 485 1355 εὐθείαςο
546 1295 632 1349 καὶ
700 1299 871 1349 ταῦτα
936 1292 1129 1371 λέγων,
1185 1292 1356 1350 ἐδεῖτο
1414 1300 1511 1351 τοῦ
1570 1299 1705 1350 Θεοῦ
1770 1317 1910 1370 πρη-

260 1383 421 1458 στῆρί
479 1404 585 1438 τινι
640 1383 733 1444 τὰς
793 1384 1114 1462 ἀμφοτέρων
1174 1385 1395 1457 εἰσάπαξ
1461 1383 1712 1456 ἀνηλεῶς
1770 1386 1908 1441 ἀπο-

257 1475 458 1526 παῦσαι
527 1473 688 1541 ζωάς.
746 1475 931 1531 Ταῦτα
988 1471 1044 1528 δὲ
1110 1473 1303 1544 εἰπὼν,
1360 1469 1513 1549 ἔλεγε
1570 1472 1717 1547 δόξαι
1776 1472 1907 1531 ἰδεῖν

255 1559 408 1639 ἄφνω
434 1562 528 1617 τὸν
567 1564 717 1617 οἷκον
748 1562 800 1618 ἐν
852 1562 1003 1639 ᾧπερ
1055 1562 1292 1634 εἱστήκει
1336 1560 1722 1635 διαδονηθέντα
1771 1566 1903 1639 πρό-

253 1670 428 1723 τερον,
467 1651 557 1705 καὶ
590 1649 649 1706 ἐκ
678 1658 778 1722 τῆς
809 1651 1018 1730 ὀροφῆς
1068 1652 1142 1715 εἷς
1190 1649 1285 1707 δύο
1340 1652 1499 1726 μέσον
1552 1650 1904 1728 διαιρεθέντα,

255 1739 347 1794 καί
395 1760 517 1794 τινα
565 1742 737 1815 πυρὰν
793 1739 1124 1817 πολύφωτον
1182 1740 1501 1816 ἐπίπροσθεν
1570 1743 1757 1814 αὐτοῦ,
1815 1744 1906 1798 καὶ

256 1827 459 1898 ταύτην
519 1826 719 1901 (ἐδόκει
776 1831 876 1905 γάρ
934 1829 1127 1885 λοιπὸν
1188 1832 1452 1907 ὕπαιθρος
1510 1834 1536 1886 ὁ
1593 1833 1806 1905 τόπος),
1848 1833 1907 1888 ἐκ

257 1922 354 1973 τοῦ
408 1918 660 1993 οὐρανίου
712 1919 900 1993 χώρου
959 1920 1155 1994 μέχρις
1214 1919 1380 1975 αὐτοῦ
1438 1922 1904 1999 καταφερομένηνο

255 2008 347 2061 τὸν
406 2005 463 2062 δὲ
511 2007 735 2083 οὐρανὸν
789 2007 948 2063 αὐτὸν
1006 2008 1469 2082 ἂναπεπταμένον,
1531 2012 1621 2065 καὶ
1686 2009 1771 2065 ἐπὶ
1830 2015 1911 2084 τῷ

258 2095 416 2168 νώτῳ
472 2100 567 2151 τοῦ
627 2097 856 2172 οὐρανοῦ
896 2097 987 2152 τὸν
1035 2099 1270 2168 Ἰησοῦν,
1324 2098 1563 2174 ἀπείρων
1622 2099 1912 2175 ἀνθρωπο-

261 2183 417 2240 ειδῶν
450 2188 597 2258 αότῷ
638 2188 1059 2263 παρεστηκότων
1114 2187 1385 2265 ἀγγέλων.
1438 2188 1544 2245 Καὶ
1592 2194 1759 2244 ταῦτα
1813 2192 1906 2264 μὲν

265 2272 458 2331 ἄνωθεν
527 2277 772 2350 δρᾶσθαι,
847 2276 937 2332 καὶ
1012 2278 1173 2333 αὐτὸν
1244 2279 1555 2351 θαυμάζειν·
1637 2280 1783 2335 κάτω
1853 2277 1909 2335 δὲ

259 2365 432 2439 κύψας
466 2366 493 2419 ὁ
534 2365 779 2440 Κάρπος,
824 2364 954 2421 ἰδεῖν
1000 2363 1104 2446 ἔφη
1150 2369 1238 2422 καὶ
1273 2368 1543 2445 τοῦδαφος
1592 2368 1722 2424 αὐτὸ
1770 2371 1906 2446 πρὸς

257 2455 457 2529 ἀχανές
511 2476 564 2510 τι
630 2454 819 2533 χάσμα
871 2457 959 2511 καὶ
1025 2458 1300 2512 σκοτεινὸν
1343 2455 1753 2534 διεῤῥῃγμένον·
1815 2460 1906 2514 καὶ

254 2543 381 2606 τοῦς
427 2546 521 2617 μὲν
564 2542 761 2619 ἄνδρας
812 2545 1070 2616 ἐκείνους,
1128 2548 1211 2609 οἷς
1260 2547 1524 2620 ἐπηράτο,
1583 2548 1689 2620 πρὸ
1737 2549 1905 2603 αὐτοῦ

256 2633 483 2689 κατὰτὸ
538 2634 762 2707 στόμιον
821 2633 1097 2705 έστηκέναι
1154 2640 1251 2690 τοῦ
1310 2637 1616 2711 χάσματος,
1679 2637 1908 2711 ὑποτρό·

264 2744 422 2795 μους,
488 2721 783 2795 ἐλεεινοὺς,
842 2725 968 2779 ’ὀσον
1038 2723 1194 2779 οῦπω
1257 2726 1730 2801 καταφερομένους
1803 2728 1905 2782 ὑπὸ

257 2819 356 2881 τῆς
388 2816 496 2867 τῶν
549 2812 767 2868 οἷκείων
815 2810 998 2869 ποδῶν
1054 2815 1330 2878 ἀστασίας·
1392 2815 1629 2871 κάτωθεν
1685 2814 1743 2871 δὲ
1800 2817 1906 2873 ἀπὸ

255 2904 352 2956 τοῦ
404 2901 687 2975 χάσματος
738 2898 885 2981 ὄφεις
937 2903 1207 2978 ἀνέρπειν,
1256 2906 1345 2959 καὶ
1390 2906 1511 2978 περὶ
1570 2906 1696 2967 τοὺς
1737 2904 1907 2968 πόδας

258 2990 432 3046 αὐτῶν
506 2992 989 3067 ὑποκινουμένους,
1047 2995 1179 3050 ποτε
1230 2995 1322 3067 μὲν
1382 2995 1692 3071 ἀποσόρειν,
1753 2996 1908 3052 ἐπαν-

258 3080 611 3154 ειλουμένους
680 3077 793 3155 ἅμα
849 3084 941 3137 καὶ
1016 3080 1429 3160 έπιϐαροῦντας,
1524 3085 1612 3139 καὶ
1681 3085 1904 3140 ἐπανέλ-

258 3190 475 3233 κονταςο
528 3172 663 3226 ποτὶ
713 3168 770 3226 δὲ
806 3177 923 3233 τοῖς
984 3169 1222 3246 ὀδοῦσιν,
1252 3172 1289 3242 ἤ
1320 3178 1437 3234 τοῖς
1486 3173 1726 3248 οὐραίοις
1780 3175 1908 3229 ὑπο-

1939 1885 1993 1950 Β

2020 584 2171 653 quod
2196 597 2502 654 nunquam
2526 581 2638 637 sibi
2661 582 3049 650 usuvenisset,
3066 582 3217 638 haud
3242 584 3362 640 scio
3385 583 3673 655 quomodo

2021 690 2231 745 magno
2262 673 2517 744 quodam
2550 677 2608 728 et
2636 672 2843 728 acerbo
2873 672 3051 728 animi
3082 672 3281 728 dolore
3310 675 3673 741 confectum,

2020 764 2201 836 quieti
2232 778 2290 818 se
2321 764 2573 823 dedisse.
2590 780 2656 819 ac
2669 763 2903 834 quidem
2923 763 3236 819 dormiisse
3258 763 3337 818 ita
3361 762 3511 817 male
3534 762 3672 818 affe-

2019 858 2175 908 ctum
2218 852 2366 925 (erat
2408 854 2565 908 enim
2613 854 2915 923 vespera);
2951 852 3143 907 media
3193 855 3388 906 autem
3440 850 3672 906 circiter

2020 950 2182 997 nocte
2215 942 2446 1011 (solitus
2475 941 2630 998 enim
2652 947 2776 997 erat
2796 942 2906 998 hoc
2926 946 3188 1012 tempore
3211 956 3312 1011 per
3332 955 3394 996 se
3415 941 3485 995 ad
3511 939 3669 997 divi-

2021 1047 2127 1087 nos
2159 1032 2405 1100 hymnos
2446 1031 2711 1104 vigilare)
2757 1030 3075 1087 surrexisse
3106 1030 3362 1101 quidem,
3395 1045 3531 1085 oum
3565 1044 3670 1083 nec

2018 1138 2291 1177 somnum
2325 1122 2515 1193 ipsum
2549 1122 2648 1193 qui
2696 1120 2846 1176 altus
2887 1120 3114 1188 fuisset,
3148 1127 3201 1176 et
3231 1134 3459 1191 semper
3487 1119 3668 1173 inter-

2019 1214 2251 1283 ruptus,
2284 1210 2411 1266 sine
2458 1210 2903 1267 conturbatione
2950 1209 3238 1281 cepisset;
3273 1214 3526 1265 stantem
3577 1213 3673 1263 ta—

2018 1317 2152 1356 men
2204 1301 2273 1355 ad
2320 1299 2515 1355 divina
2561 1298 2875 1373 colloquia,
2926 1298 3253 1370 irreligiose
3302 1297 3562 1353 doluisse
3615 1301 3673 1352 et

2016 1390 2220 1446 acerbe
2252 1388 2478 1455 tulisse,
2502 1388 2789 1445 dicentem
2813 1406 2928 1446 non
2957 1404 3086 1444 esse
3106 1404 3339 1459 aequum
3371 1386 3525 1442 viros
3555 1386 3671 1441 im-

2019 1479 2145 1551 pios
2202 1478 2411 1545 vivere,
2445 1480 2502 1533 et
2534 1477 2633 1548 qui
2688 1477 2812 1534 vias
2866 1476 3110 1534 Domini
3166 1483 3351 1533 rectas
3397 1479 3678 1546 perverte-

2018 1570 2187 1634 rent;
2224 1566 2341 1623 hac
2365 1566 2675 1635 dicentem,
2709 1571 3008 1639 precatum
3057 1581 3186 1621 esse
3216 1582 3250 1620 a
3280 1565 3415 1632 Deo,
3452 1572 3511 1619 ut
3542 1578 3671 1619 am-

2018 1656 2219 1712 borum
2251 1656 2427 1711 vitam
2452 1656 2577 1711 sine
2600 1655 3000 1713 misericordia
3022 1654 3255 1710 turbine
3278 1654 3475 1725 aliquo
3499 1654 3667 1725 igneo

2017 1747 2409 1816 abrumperet.
2461 1747 2598 1811 Quae
2662 1762 2795 1801 cum
2854 1744 3117 1815 dixisset,
3177 1743 3670 1800 commemorabat

2017 1851 2076 1891 se
2106 1836 2293 1891 visum
2334 1851 2463 1891 esse
2491 1835 2685 1891 videre
2716 1838 2954 1906 repente
2984 1834 3219 1890 domum
3252 1832 3310 1888 in
3343 1849 3457 1903 qua
3483 1836 3666 1887 staret

2016 1922 2225 1995 agitari
2282 1924 2558 1995 primum,
2612 1923 2821 1980 deinde
2850 1940 2884 1978 a
2912 1924 3127 1979 vertice
3168 1922 3226 1977 in
3268 1923 3415 1977 duas
3470 1928 3667 1993 partes

2017 2013 2285 2069 dimidias
2314 2013 2516 2081 dividi,
2541 2016 2598 2068 et
2624 2018 2757 2069 ante
2786 2029 2848 2069 se
2880 2027 3084 2084 rogum
3120 2011 3436 2082 quemdam
3469 2008 3668 2080 magni

2015 2102 2281 2168 luminis,
2315 2118 2565 2173 eumque
2608 2102 2739 2173 (sub
2769 2102 2865 2158 dio
2898 2102 3053 2158 enim
3086 2101 3250 2158 locus
3280 2100 3379 2156 ille
3409 2115 3538 2155 esse
3584 2100 3668 2153 vi-

2016 2190 2284 2262 debatur)
2317 2208 2347 2246 e
2376 2191 2521 2246 cmlo
2548 2206 2732 2262 usque
2765 2191 2837 2246 ad
2869 2191 3126 2262 seipsum
3172 2190 3378 2246 deferri
3406 2204 3420 2243 :
3453 2186 3666 2243 caelum

2013 2296 2147 2336 vero
2191 2285 2479 2350 apertum,
2529 2284 2584 2335 et
2634 2281 2691 2335 in
2739 2294 2993 2335 convexa
3040 2278 3169 2334 coeli
3218 2277 3526 2349 superﬁcie
3574 2276 3670 2332 Je-

2014 2387 2167 2435 sum,
2210 2369 2619 2425 assistentibus
2676 2367 3209 2424 innumerabilibus
3266 2366 3512 2438 angelis,
3555 2364 3669 2419 ho-

2014 2459 2235 2514 minum
2270 2459 2457 2530 figura
2486 2462 2543 2514 et
2574 2458 2786 2528 specie.
2819 2460 3006 2529 Atque
3039 2456 3159 2512 haec
3190 2457 3429 2528 quidem
3463 2473 3496 2510 a
3527 2453 3669 2510 cosio

2011 2547 2196 2604 videri
2223 2563 2455 2602 summa
2499 2563 2632 2600 cum
2683 2563 2787 2601 sua
2832 2545 3235 2602 admiratione.
3277 2544 3423 2599 Cum
3470 2548 3669 2598 autem

2014 2637 2133 2707 ipse
2165 2637 2437 2692 deorsum
2483 2635 2683 2691 oculos
2723 2635 3125 2701 convertisset,
3159 2647 3390 2689 cernere
3417 2648 3477 2688 se
3508 2632 3672 2685 dice-

2011 2727 2110 2781 bat
2138 2727 2313 2782 etiam
2349 2734 2555 2780 terram
2606 2724 2794 2796 ipsam
2844 2724 2927 2779 ita
2957 2722 3321 2790 discessisse,
3354 2725 3420 2776 ut
3448 2719 3665 2777 obscu-

2011 2832 2111 2870 rus
2160 2814 2400 2885 quidam
2432 2821 2485 2868 et
2516 2812 2914 2869 tenebricosus
2967 2812 3160 2867 hiatus
3199 2810 3475 2865 exsistere
3504 2808 3668 2864 vide-

2012 2909 2213 2960 retur:
2249 2909 2424 2974 atque
2464 2901 2731 2958 homines
2778 2901 3015 2974 quidem
3067 2900 3200 2956 illos
3250 2899 3466 2970 quibus
3518 2896 3669 2953 male

2011 3000 2279 3066 precatus
2334 2998 2507 3065 esset,
2559 3002 2693 3049 ante
2741 3009 2804 3050 se
2850 2994 2919 3047 ad
2971 3008 3034 3046 os
3091 2990 3288 3046 hiatus
3345 2994 3494 3045 stare
3553 2993 3667 3043 tre-

2016 3092 2242 3141 mentes
2273 3091 2324 3139 et
2358 3085 2625 3154 miseros,
2659 3089 2717 3139 et
2746 3082 2845 3153 qui
2878 3082 2992 3138 fere
3024 3097 3136 3151 pm
3169 3080 3383 3151 pedum
3424 3093 3667 3134 suorum

2014 3174 2401 3230 instabilitate
2456 3175 2979 3244 demergerentur:
3028 3171 3101 3225 ab
3149 3167 3421 3224 inferiore
3474 3172 3665 3223 autem

260 3258 548 3338 τόφοντας,
598 3262 633 3332 ἢ
694 3260 1384 3339 ὑπογαργαλίζοντας,’καί
1445 3260 1533 3317 διὰ
1579 3265 1778 3326 παντὸς
1830 3264 1905 3327 εἰς

2019 3264 2144 3321 loco
2180 3281 2247 3321 ex
2285 3264 2453 3319 hiatu
2512 3278 2735 3334 angues
2792 3276 3025 3316 sursum
3084 3274 3336 3329 serpere,
3376 3264 3551 3328 atque
3598 3254 3671 3309 ad

260 3348 321 3401 τὸ
381 3348 580 3424 ἀχανὲς
639 3344 901 3422 ἐμϐαλεῖν
983 3351 1445 3426 μηχανωμένους·
1507 3351 1637 3407 εἶναι
1708 3350 1763 3408 δέ
1820 3354 1909 3408 καὶ

259 3434 451 3512 ἄνδρας
479 3439 633 3500 τινὰς
683 3437 734 3493 ἐν
776 3438 949 3511 μέσῳ,
992 3445 1108 3501 τοῖς
1150 3441 1301 3517 ὄφεσι
1352 3443 1488 3496 κατᾶ
1543 3446 1649 3497 τῶν
1696 3440 1906 3518 ἀνδρῶν

257 3527 785 3599 συνεπιτιθεμένους·
847 3525 1226 3592 διαδονοῦντας
1303 3532 1415 3604 ἅμα
1482 3530 1571 3585 καὶ
1624 3532 1909 3596 ὑπωθοῦν-

258 3636 357 3677 τας
399 3617 490 3669 καὶ
537 3618 952 3679 καταπαίοντας.
1020 3615 1274 3675 Ἐδόκουν
1342 3617 1397 3675 δὲ
1463 3622 1601 3675 εἶναι
1655 3623 1791 3697 πρὸς
1845 3622 1907 3676 τὸ

258 3710 440 3759 πεσεῖν
500 3704 697 3760 ἐκείνοι
752 3706 819 3761 τὰ
916 3707 1011 3780 μἐν
1104 3704 1343 3781 ἄκοντες,
1408 3709 1475 3765 τὰ
1550 3708 1607 3766 δὲ
1671 3712 1905 3782 ἑκόντες,

262 3793 367 3848 ὑπὸ
395 3798 493 3849 τοῦ
525 3798 692 3849 κακοῦ
722 3796 836 3849 κατ’
888 3793 1074 3871 ὀλίγον
1127 3796 1434 3871 βιαζόμεννι
1486 3800 1598 3873 ἅμα
1657 3800 1744 3855 καὶ
1784 3821 1906 3855 πει-

262 3882 511 3955 θόμενοι.

2018 3370 2215 3409 eorum
2269 3353 2461 3423 pedes,
2502 3368 2634 3407 cum
2683 3350 2900 3407 sensim
2948 3351 3334 3415 moverentur,
3369 3345 3668 3399 interdum

2020 3444 2256 3515 quidem
2290 3442 2517 3498 trahere
2547 3439 2926 3510 complicatos
2958 3436 3134 3493 simul
3168 3444 3222 3492 et
3253 3433 3670 3505 deprimentes,

2021 3537 2195 3605 atque
2226 3531 2640 3597 detrahentes;
2678 3530 2972 3585 interdum
3014 3526 3287 3582 dentibus
3327 3530 3429 3579 aut
3472 3520 3673 3578 caudis

2018 3622 2419 3685 incendentes,
2478 3619 2565 3677 vel
2623 3618 3045 3682 demulcentes,
3103 3615 3382 3684 omnique
3448 3613 3672 3668 ratione

2020 3716 2280 3779 agentes,
2324 3715 2387 3766 ut
2435 3726 2531 3766 eos
2584 3709 2642 3763 in
2700 3707 2862 3762 illam
2915 3706 3269 3761 immensam
3330 3700 3667 3772 voraginem

2019 3800 2343 3872 praecipites
2392 3798 2643 3866 darent;
2692 3796 2872 3852 fuisse
2938 3794 3111 3849 etiam
3172 3791 3323 3847 viros
3380 3789 3665 3861 quosdam

2017 3890 2078 3946 in
2128 3889 2343 3957 medio,
2385 3887 2487 3959 qui
2536 3902 2652 3943 una
2700 3901 2833 3941 cum
2874 3882 3249 3955 serpentibus
3297 3879 3358 3934 in
3407 3877 3677 3934 homines

260 3974 394 4031 illos
452 3976 813 4048 invaderent,
875 3977 1281 4051 exagitatione,
1342 3980 1541 4052 pulsu,
1594 3990 1648 4037 et
1708 3982 2123 4054 percussione;
2155 3980 2311 4037 visos
2362 3984 2558 4035 autem
2615 3993 2745 4034 esse
2797 3968 2954 4031 viros
3012 3972 3144 4029 illos
3201 3970 3484 4039 decidere,
3545 3985 3678 4040 par-

258 4064 362 4120 tim
394 4064 625 4131 invitos,
658 4064 870 4137 partim
901 4072 1126 4138 sponte,
1160 4069 1314 4139 quod
1348 4086 1381 4124 a
1412 4069 1567 4125 molo
1598 4073 1817 4128 sensim
1849 4075 2215 4145 cogerentur.

332 4151 527 4227 Ἔλεγε
585 4149 642 4206 δὶ
699 4153 727 4207 ὁ
774 4150 991 4226 Κάρπος
1050 4155 1236 4209 ἑαυτὸν
1295 4153 1515 4225 ἥδεσθαι
1580 4159 1727 4213 κάτω
1784 4158 1910 4235 βλέ-

260 4260 449 4295 ποντα’
516 4244 626 4295 τῶν
682 4238 791 4294 ἄνω
852 4239 909 4295 δὲ
965 4242 1213 4315 ἀμελεῖν
1276 4242 1647 4321 δυσχεραίνειν
1709 4247 1765 4302 δὲ
1821 4269 1909 4303 και

263 4329 575 4404 ὀλιγωρεῖν,
634 4328 717 4384 ὅτι
778 4332 855 4405 μή
914 4332 1258 4390 πεπτώκασιν
1312 4333 1445 4406 ἤδη,
1507 4336 1595 4392 καὶ
1650 4342 1727 4409 τῷ
1774 4338 1913 4413 πρά-

262 4438 434 4495 γματι
491 4416 765 4480 πολλάκις
823 4419 1135 4494 ἐπιθέμενον
1190 4424 1280 4477 καὶ
1340 4423 1764 4496 ὰδυνατήσαντα,
1822 4429 1911 4483 καὶ

262 4508 595 4581 ἀχθεσθῆναι
693 4509 785 4563 καὶ
886 4510 1271 4585 ἐπαράσασθαι·
1376 4516 1465 4568 καὶ

1566 4515 1747 4571 ἀνανιό
1754 4538 1913 4574 σαντα

2092 4159 2376 4217 Narrabat
2435 4173 2606 4231 porro
2662 4156 2888 4227 Carpus
2946 4168 3007 4210 se
3060 4152 3417 4222 voluptatem
3469 4160 3673 4219 capere

2022 4251 2280 4317 solitum,
2320 4265 2448 4305 cum
2508 4248 2785 4303 inferiora
2841 4246 3145 4316 aspiceret,
3187 4239 3489 4312 superiora
3541 4253 3673 4294 vero

2025 4340 2317 4412 negligere
2343 4357 2355 4394 :
2389 4338 2642 4411 graviter
2672 4340 2864 4392 autem
2908 4334 3056 4390 ferre
3086 4336 3143 4389 et
3172 4328 3486 4401 indignari,
3518 4327 3671 4398 quod

2024 4430 2282 4485 nondum
2389 4428 2795 4497 decidissent;
2858 4428 3033 4495 atque
3134 4421 3197 4477 in
3296 4419 3446 4474 hanc
3547 4431 3671 4473 rem

2024 4536 2157 4575 cum
2204 4534 2357 4591 saepe
2402 4518 2789 4586 incubuisset,
2825 4530 2931 4571 nec
2977 4510 3339 4586 profecisset,
3374 4517 3426 4563 et
3466 4506 3671 4570 acerbe

265 4595 449 4670 μόλις,
485 4594 617 4652 ἰδεῖν
651 4598 745 4671 μὲν
781 4598 935 4662 αὖθις
976 4601 1067 4655 τὸν
1117 4599 1369 4676 οὐρανὸν,
1412 4604 1592 4679 ὥσπερ
1640 4606 1731 4661 καὶ
1779 4608 1907 4682 πρό-

2020 4610 2240 4675 tulisse,
2274 4613 2332 4663 et
2362 4607 2513 4663 male
2561 4610 2861 4680 precatum
2914 4619 3080 4670 esse;
3114 4617 3247 4657 cum
3294 4598 3388 4653 vix
3434 4597 3669 4652 tandem

258 4706 414 4761 τερον
440 4688 690 4762 έωράκει’
742 4688 836 4743 τόν
888 4686 945 4743 δὲ
986 4690 1216 4761 Ἰησοῦν,
1269 4691 1563 4763 ἐλεήσαντα
1615 4696 1676 4750 τὸ
1724 4696 1911 4771 γιγνό-

265 4800 442 4851 μενον,
500 4780 853 4851 ἐξαναστῆναι
899 4787 997 4838 τοῦ
1086 4785 1475 4860 ὑπιρουρανίου
1544 4787 1759 4863 θρόνου,
1818 4790 1908 4843 καὶ

256 4864 365 4930 ἕως
425 4869 600 4924 αὐτῶν
661 4865 988 4940 καταϐάντα,
1047 4872 1137 4927 καὶ
1196 4879 1357 4949 χεῖρα
1418 4875 1623 4949 ἀγαθὴν
1682 4877 1907 4952 ὀρέγειν,

264 4957 507 5021 καὶτοὺς
550 4960 811 5035 ἀγγέλους
842 4961 989 5033 αὖτῷ
1034 4959 1698 5039 συνεπιλαμϐανομένους,
1740 4964 1908 5021 ἄλλον

263 5046 494 5104 ἄλλοθεν
551 5049 867 5128 ἀντέχεσθαι
936 5056 1050 5107 τοῖν
1123 5051 1360 5127 ἀνδροῖν·
1450 5057 1537 5110 καὶ
1596 5057 1764 5111 εἰπεῖν
1830 5061 1908 5129 τῷ

262 5137 469 5213 Κάρπῳ
519 5140 609 5195 τὸν
646 5141 879 5211 Ἰησοῦν,
936 5148 1037 5212 τῆς
1089 5144 1274 5217 χειρὸς
1311 5142 1419 5215 ἤδη
1478 5148 1905 5221 προτεταμένης·

264 5251 291 5283 ι
326 5234 459 5284 Παῖε
487 5234 602 5284 κατ’
631 5231 769 5304 ὶμοῦ
818 5230 1033 5287 λοιπόνο
1081 5232 1302 5305 ’ἐτοιμος
1350 5236 1451 5310 γάρ
1493 5235 1605 5307 εἰμι
1652 5238 1741 5290 καὶ
1776 5238 1905 5311 ὑπὲρ

260 5317 557 5391 ἀνθρώπων
632 5317 1059 5393 ἀνασωζομένων
1145 5323 1355 5391 παθεῖν,
1440 5324 1531 5376 καὶ
1607 5326 1904 5400 προσφιλές

262 5426 357 5477 μοι
396 5409 585 5477 τοῦτο,
622 5408 696 5479 μή
737 5406 925 5463 ἄλλων
959 5405 1374 5484 ἁμαρτανόντων
1410 5412 1728 5486 ἀνθρώπων.
1752 5410 1903 5481 Ηλήν

257 5494 381 5567 ὅρα,
444 5494 489 5549 εἰ
537 5494 722 5558 καλῶς
781 5493 896 5574 ἔχει
957 5519 1065 5567 σοι,
1124 5500 1222 5568 τὴν
1280 5499 1331 5555 ἐν
1391 5505 1471 5573 τῷ
1536 5501 1779 5577 χάσματι
1817 5503 1903 5556 καὶ

260 5583 399 5657 μετὰ
467 5588 578 5639 τῶν
644 5582 817 5663 ὄφεων
889 5590 1058 5660 μονὴν
1116 5588 1553 5660 ἀνταλλάξασθαι
1614 5598 1712 5661 τῆς
1774 5592 1908 5665 μετὰ

258 5677 393 5732 Θεοῦ
442 5671 535 5730 καί
569 5678 676 5731 τῶν
721 5675 937 5753 ἀγαθῶν
985 5679 1073 5735 καὶ
1127 5677 1529 5756 φιλανθρώπων
1577 5678 1843 5757 ἀγγέλων.
1877 5703 1906 5734 ››

2020 4698 2229 4753 cmlum
2280 4698 2625 4768 aspexisset,
2668 4696 2879 4752 vidisse
2927 4693 3165 4764 quidem
3209 4688 3355 4744 illud
3409 4701 3668 4749 rursum,

2020 4788 2511 4859 quemadmodum
2543 4786 2716 4841 etiam
2749 4788 2919 4840 antea
2938 4783 3197 4846 viderat;
3220 4779 3421 4833 Jesum
3447 4778 3665 4843 autem,

2020 4892 2191 4947 quem
2222 4876 2294 4929 ad
2328 4874 2786 4931 misericordiam
2811 4872 2867 4927 id
2893 4870 3046 4943 quod
3079 4868 3388 4941 gerebatur
3419 4878 3671 4919 commo-

2017 4966 2215 5033 visset,
2260 4980 2497 5020 manum
2556 4964 2871 5033 benignam
2934 4959 3274 5031 porrexisse,
3319 4962 3373 5010 et
3429 4952 3668 5024 angelos

2018 5057 2116 5127 qui
2152 5072 2266 5111 una
2296 5054 2576 5111 auxilium
2613 5053 2849 5122 ferrent,
2872 5052 3025 5106 viros
3047 5049 3227 5104 alium
3260 5045 3376 5101 alia
3405 5060 3473 5099 ex
3505 5052 3669 5113 parte

2018 5146 2352 5211 retinuisse,
2376 5145 2711 5214 dixisseque
2742 5144 2925 5212 Carpo
2956 5142 3151 5195 Jesum
3186 5140 3447 5209 porrecta
3478 5132 3665 5188 adhuc

2018 5252 2192 5290 manu
2218 5249 2231 5288 :
2261 5256 2289 5283 ‹‹
2324 5232 2450 5288 Feri
2482 5248 2573 5287 me
2596 5233 2719 5302 jam
2746 5250 2759 5299 ;
2789 5234 3027 5301 paratus
3058 5243 3189 5282 sum
3222 5224 3377 5280 enim
3410 5237 3663 5286 rursum,

2016 5323 2224 5380 salutis
2255 5322 2561 5379 hominum
2594 5337 2791 5389 causa,
2824 5324 3070 5375 mortem
3104 5314 3321 5388 perpeti
3355 5330 3370 5369 :
3404 5311 3665 5382 mihique

2016 5413 2124 5468 hoc
2155 5416 2493 5485 pergratum
2527 5419 2633 5479 est,
2656 5411 2793 5465 dum
2825 5408 2923 5464 alii
2954 5407 3222 5463 homines
3254 5418 3366 5459 non
3401 5404 3659 5474 peccent.

2015 5504 2124 5559 Sed
2155 5502 2305 5573 vide,
2339 5517 2481 5558 num
2531 5499 2637 5555 tibi
2688 5498 2825 5555 uti‘le
2855 5498 2930 5554 sit
2979 5496 3129 5552 hanc
3159 5495 3218 5550 in
3250 5493 3411 5549 hiatu
3442 5498 3495 5548 et
3525 5505 3660 5546 cum

2016 5592 2391 5663 serpentibus
2423 5589 2807 5654 mansionem,
2841 5585 3131 5644 mansioni
3160 5600 3289 5640 cum
3314 5582 3430 5637 Deo
3467 5585 3525 5636 et
3555 5580 3663 5635 be-

2016 5680 2213 5752 nignis
2228 5680 2649 5752 hominumque
2667 5676 2999 5735 amantibus
3013 5673 3238 5747 angelis
3252 5676 3656 5744 anteponere.»
