4106 6200
486 348 644 414 1043
1828 334 2114 402 MENSIS
2161 345 2169 393 l

2279 331 2545 397 l'OBER.
3703 336 3830 397 1044

481 512 613 569 Haec
683 512 824 565 sunt
900 522 1027 579 quae
1102 522 1204 576 ego
1263 504 1484 572 audita,
1539 518 1675 558 vera
1750 516 1876 556 esse
1962 499 2169 563 credo,

2279 497 2432 549 ἀῦτοὶ
2472 493 2612 548 ἐστιν
2645 494 2677 546 ἅ
2733 491 2838 566 ἐγὼ
2898 490 3145 557 ἀκηκοὼς
3205 490 3441 547 πιστεῦω
3494 491 3661 562 ἀληθῆ
3712 497 3839 551 εἷται.

558 597 865 669 Dionysius
896 596 1095 666 itaque
1114 593 1172 647 in
1199 593 1370 648 rebus
1400 589 1673 647 omnibus
1711 593 1835 644 erat
1856 587 1998 642 adeo
2022 586 2137 640 mi-

2322 583 2478 639 Οὕτω
2509 583 2573 637 τὰ
2603 584 2775 635 πάντα
2807 586 2981 655 πρᾶος
3016 584 3079 649 ἦν
3107 582 3197 635 καὶ
3240 583 3521 653 συμπαθὴς
3551 585 3631 635 καὶ
3680 585 3843 656 ἀόργη-

482 690 577 758 tis,
610 687 958 754 misericors,
984 688 1038 739 et
1061 684 1131 737 ab
1164 684 1250 737 ira
1282 682 1530 747 alienus,
1556 686 1619 737 ut
1651 696 1764 751 quo
1797 678 1970 734 altior
1999 694 2134 732 eva-

485 779 656 833 debat
708 776 889 839 faelis,
922 789 989 828 eo
1021 788 1082 829 se
1115 774 1302 843 magis
1354 772 1634 826 modestia
1664 768 2013 833 demitteret,
2048 782 2138 821 re—

486 869 624 939 gula
674 867 857 919 factus
905 863 1183 919 omnibus
1235 863 1306 916 ad
1347 860 1668 925 veritatem,
1701 862 1757 913 et
1790 857 2024 913 lucerna
2068 856 2137 909 ad

2246 696 2361 745 τος,
2390 676 2499 745 ὅσῳ
2521 679 2635 733 τοῖς
2661 671 2844 746 ἔργοις
2873 672 3353 744 ὑψοῦτο,τοσοῦτῳ
3374 677 3450 743 τῷ
3473 694 3503 747 φ
3520 674 3751 745 ;ονῆματι
3774 694 3845 727 τα-

2248 766 2620 834 πεινούμενος
2674 764 2845 815 κανῶν
2897 766 3011 821 τοῖς
3068 764 3196 814 πᾶσι
3247 763 3381 832 πρὸς
3432 762 3636 834 ἀρετήν·
3678 761 3845 835 λύχνος

2251 854 2326 916 εἰς
2361 852 2590 926 ὀδηγίαν
2629 857 2724 906 τοῦ
2764 853 3093 925 κρείττονος·
3150 852 3225 904 Δι’
3259 852 3286 904 ὃ
3323 849 3460 922 μηδὲ
3512 851 3605 904 ὑπὸ
3646 852 3729 904 τὸν
3774 852 3846 924 μό-

489 955 893 1009 deducendum
930 952 999 1007 ad
1035 952 1087 1005 id
1123 951 1276 1021 quod
1313 953 1400 1005 est
1446 948 1674 1003 melius.
1709 945 1988 1010 Quocirca
2037 960 2141 999 nec

490 1060 614 1099 eam
650 1040 929 1097 abscondi
956 1041 1065 1096 sub
1100 1039 1291 1095 modio
1333 1038 1466 1094 sivit
1496 1039 1569 1103 is,
1597 1038 1692 1108 qui
1726 1040 1811 1091 est
1839 1034 2005 1089 solus
2036 1048 2139 1088 au-

492 1135 617 1185 ctor
646 1128 947 1184 omnium:
983 1125 1086 1182 sed
1133 1126 1189 1180 in
1243 1124 1357 1180 alto
1406 1124 1570 1195 ponit
1615 1139 1715 1193 per
1746 1122 2051 1175 virtutem:
2086 1121 2143 1173 et

491 1218 647 1272 fama
669 1216 929 1288 protinus
952 1214 1286 1287 pervadens,
1307 1214 1624 1268 canebatur
1648 1213 1705 1266 in
1730 1228 1827 1267 ore
1852 1209 2141 1276 omnium,

493 1308 551 1361 in
602 1307 872 1363 omnibus
922 1321 1123 1360 omnes
1169 1304 1398 1359 vincere
1428 1303 1795 1375 Dionysium.
1830 1302 2005 1356 Porro
2039 1317 2143 1355 au-

492 1401 606 1451 tem
640 1411 843 1451 omnes
868 1394 937 1449 ad
960 1410 1091 1450 eum
1112 1393 1507 1455 confluebant,
1535 1410 1648 1447 non
1673 1391 1863 1447 solum
1899 1389 2143 1461 papula-

495 1501 587 1541 res
618 1489 675 1539 et
707 1485 984 1550 forenses,
1008 1482 1107 1538 sed
1133 1482 1231 1552 qui
1256 1486 1423 1537 erant
1452 1480 1662 1536 eruditi
1686 1484 1742 1534 et
1785 1479 2089 1549 insignes:
2117 1495 2147 1534 ο

494 1574 592 1643 qui
624 1571 788 1645 prius
821 1570 1165 1627 laborabant
1196 1570 1443 1636 insania,
1477 1574 1535 1623 et
1569 1568 1702 1623 feris
1734 1567 2027 1623 crudelius
2061 1569 2146 1621 la-

496 1661 770 1717 cerabant
819 1658 1156 1725 Ecclesiam,
1186 1660 1253 1713 ad
1290 1658 1453 1713 illum
1509 1658 1693 1713 virum
1741 1658 2063 1721 venientes,
2096 1664 2143 1710 et

496 1747 902 1804 admirabilem
956 1746 1115 1801 illam
1148 1751 1206 1800 et
1236 1746 1493 1800 divinam
1546 1745 1791 1811 linguam
1822 1744 2147 1808 audientes,

2253 940 2365 996 διον
2400 944 2428 997 ὁ
2472 947 2577 995 τῶν
2626 942 2876 995 ἀπάντων
2924 940 3101 1001 α’ίτιος
3156 939 3321 1013 μόνος
3379 940 3685 1014 κρῦπτεσθαι
3730 961 3847 994 συνε-

2254 1050 2529 1110 χωρησεν·
2564 1030 2690 1085 ἀλλ’
2722 1029 2803 1106 ἐφ’
2851 1028 3067 1103 ὑψηλοῦ
3111 1027 3177 1083 δι’
3228 1031 3421 1104 αρετῆς
3473 1030 3662 1099 τίθησι·
3710 1029 3784 1083 καὶ
3823 1032 3847 1097 ἡ

2253 1123 2438 1199 φήμη,
2473 1118 2669 1182 εὺθὲως
2696 1114 2958 1185 λαϐοῦσα,
2993 1116 3081 1171 διὰ
3112 1116 3324 1171 πάντων
3357 1115 3452 1191 ᾖδε
3508 1119 3786 1189 στομάτων,
3812 1117 3849 1169 ἐν

2252 1216 2383 1264 πᾶσι
2413 1208 2624 1263 πάντων
2654 1213 2868 1283 γρατεῖν
2917 1208 3215 1263 Διονύσιον.
3272 1207 3375 1260 Καὶ
3426 1204 3492 1275 δὴ
3542 1207 3670 1279 πρὸς
3700 1210 3850 1259 τοῦτον

2253 1302 2448 1361 πάντες
2473 1298 2747 1374 ἐπέρρεον·
2782 1298 2843 1351 οὗ
2874 1299 2934 1351 τὸ
2970 1295 3221 1370 δημῶδες
3275 1297 3432 1369 μόνον
3489 1299 3575 1351 καὶ
3625 1299 3852 1370 ἀγοραῖον,

2256 1386 2452 1441 ἀλλ’ὅ
2654 1388 2666 1405 “
2730 1386 2928 1441 “ιέλλ
3014 1386 3023 1401 ’
3182 1389 3219 1438 ’Ῑ
3355 1386 3423 1440 ἶὲ
3608 1391 3686 1417 ⁷·
3754 1384 3852 1419 ’ν

2457 1408 2548 1441 σον
2581 1408 2795 1441 καιτωι
2938 1407 3148 1460 ογιμων
3207 1408 3249 1453 ,ν
3278 1408 3369 1441 κα.
3429 1406 3668 1462 πιιρανιυν
3733 1406 3775 1439 οι
3820 1418 3854 1439 ιι

2256 1477 2518 1551 πρότερον
2550 1481 2617 1549 τῇ
2654 1477 2815 1548 μανίᾳ
2846 1475 3303 1549 κατειλημμένοι,
3334 1476 3423 1531 καὶ
3456 1477 3632 1550 θηρῶν
3683 1474 3852 1547 ὠμότε·

2261 1587 2352 1640 ρον
2386 1569 2485 1635 τὴν
2516 1567 2841 1635 Ἐκκκησίαν
2897 1566 3315 1639 σπαράττοντες,
3349 1566 3423 1627 ὡς
3462 1566 3555 1620 τὸν
3604 1562 3753 1638 ἄνδρα
3792 1586 3858 1638 γι-

2258 1657 2505 1730 νόμενοι,
2534 1657 2624 1710 καὶ
2655 1658 2752 1724 τῆς
2793 1658 3107 1729 θαυμαστῆς
3137 1655 3347 1725 ἐκείνης
3395 1655 3484 1708 καὶ
3537 1653 3675 1717 θείας
3714 1652 3859 1728 γλώτ-

2260 1769 2360 1818 της
2390 1746 2702 1816 ἀκούοντες,
2732 1748 2794 1801 τό
2834 1768 2892 1801 τε
2939 1752 3047 1801 τῶν
3093 1745 3331 1822 καρδιῶν
3382 1745 3620 1820 σκληρὸν
3670 1743 3861 1817 ἐμαλάτ-

497 1837 689 1893 cordis
721 1837 811 1891 sui
845 1836 1185 1891 molliebant
1216 1834 1513 1903 duritiam,
1538 1839 1594 1888 et
1621 1833 1691 1888 ad
1722 1849 1913 1888 veram
1950 1836 2007 1886 et
2042 1832 2153 1902 pri-

2279 1858 2440 1905 τοντο,
2472 1834 2559 1891 καί
2590 1840 2669 1908 τῷ
2717 1835 2967 1907 ἀληθινῷ
3016 1836 3105 1890 καὶ
3156 1836 3357 1908 πρώτῳ
3415 1834 3557 1908 φωτὶ
3606 1836 3859 1907 προσῄεσαν

499 1943 657 1982 mam
706 1927 894 1980 lucem
947 1924 1297 1979 accedebant
1330 1939 1431 1995 per
1462 1924 1786 1994 baptisma;
1821 1938 1936 1993 quo
1970 1924 2156 1992 magis

500 2020 665 2071 erant
691 2014 1036 2069 inﬂammati
1071 2014 1141 2067 ad
1174 2012 1401 2079 vitium,
1433 2027 1498 2066 eo
1531 2012 1931 2067 ferventiorem
1964 2018 2158 2065 osten-

507 2105 711 2159 dentes
742 2102 1276 2167 christianismun),
1311 2106 1365 2155 et
1396 2100 1463 2155 ad
1501 2116 1817 2168 summam,
1851 2099 1994 2153 nihil
2039 2105 2158 2153 tam

509 2195 637 2246 erat
658 2191 718 2245 in
743 2206 840 2245 ore
862 2191 1148 2254 omnium,
1175 2205 1342 2258 quam
1368 2188 1696 2260 Dionysius.
1721 2188 1862 2243 Cum
1888 2202 2022 2258 ergo
2042 2186 2162 2241 hac

513 2280 671 2334 fama
701 2281 785 2333 sic
817 2278 1167 2349 pervaderet,
1204 2278 1465 2333 doctrina
1499 2284 1688 2332 autem
1722 2278 2075 2342 dilataretur,
2109 2279 2164 2330 et

512 2370 659 2425 ﬁdes
705 2369 1149 2424 conﬁrmaretur
1196 2369 1545 2437 evidentius,
1586 2385 1680 2423 res
1719 2368 1909 2424 delata
1957 2372 2044 2422 est
2092 2365 2164 2420 ad

513 2458 938 2527 Domitianum,
961 2459 1029 2513 ad
1061 2458 1451 2513 suavissimum
1486 2459 1725 2529 inquam
1750 2456 2164 2513 Domitianumv

513 2548 600 2603 vel
625 2552 687 2603 ut
714 2549 902 2619 magis
927 2547 1155 2619 prOprie
1186 2548 1397 2610 dicam,
1424 2547 1888 2616 Daemonianum,
1914 2546 2009 2617 qui
2036 2561 2167 2601 con-

508 2643 598 2692 tra
660 2638 836 2692 Deum
896 2637 1126 2692 locutus
1160 2637 1264 2691 fuit
1296 2636 1668 2708 iniquitatem
1703 2637 1761 2691 in
1794 2635 2067 2707 superbia
2110 2638 2168 2690 et

514 2727 965 2797 contemptione,
1000 2731 1057 2782 et
1088 2742 1324 2781 manum
1364 2726 1474 2781 Deo
1505 2726 1802 2782 inimicam
1830 2724 2032 2780 extulit
2064 2724 2169 2779 ad-

513 2832 720 2870 versus
751 2815 924 2869 fidem
960 2815 1431 2870 Christianorum.
1466 2814 1567 2869 Hie
1598 2831 1735 2885 ergo
1768 2815 1907 2884 quid
1959 2812 2173 2867 machi-

516 2906 737 2961 natur?
759 2902 848 2957 vel
882 2904 1074 2973 potius
1106 2904 1247 2973 quid
1280 2904 1521 2958 docetur
1545 2920 1576 2957 a
1602 2909 1761 2973 patre
1784 2918 1890 2957 suo
1912 2902 2127 2956 Satana
2145 2899 2173 2951 ?

519 2994 737 3047 Omnes
770 2992 1003 3062 quidem
1034 2992 1153 3061 qui,
1187 3008 1314 3062 quas
1342 2990 1640 3045 christiani
1674 2990 1957 3057 sentiunt,
1982 2990 2173 3062 despi-

522 3097 691 3147 cere;
725 3079 1071 3148 Dionysium
1119 3084 1314 3133 autem
1358 3078 1543 3133 solum
1578 3078 1649 3133 de
1698 3079 1888 3134 medio
1934 3078 2170 3146 tollere;

522 3172 633 3225 hoc
688 3170 901 3233 sciens,
936 3168 1089 3237 quod
1130 3168 1177 3222 si
1222 3183 1354 3222 eum
1408 3166 1599 3223 solum
1649 3167 1869 3235 vicerit,
1904 3168 2175 3223 omnibus

521 3258 697 3313 fuerit
753 3256 1072 3328 superior;
1119 3256 1211 3311 sin
1260 3256 1479 3323 minus,
1542 3273 1743 3313 omnes
1801 3257 1921 3313 fore
1974 3257 2171 3313 Domi-
2205 3229 2255 3297 (ἶ

521 3348 681 3403 tiano
714 3346 1001 3402 fortiores.
1031 3345 1343 3415 Postquam
1370 3350 1567 3401 autem
1594 3346 1712 3402 haec
1746 3351 1936 3403 mente
1967 3347 2175 3418 agitas-

523 3442 633 3505 set,
666 3450 800 3490 eum
832 3434 1045 3490 excitat
1077 3434 1157 3489 ira
1187 3436 1468 3490 adversus
1511 3440 1844 3508 martyrem,
1876 3440 1935 3491 et
1967 3436 2177 3491 furoris

526 3541 789 3596 quaerens
812 3525 1328 3591 medicamentum,
1348 3525 1574 3581 nullum
1596 3525 1754 3581 aliud
1779 3526 2020 3592 invenit,
2037 3543 2178 3598 prae.

527 3619 618 3670 ter
646 3615 772 3685 ejus
806 3621 1070 3670 mortem.
1104 3615 1245 3669 Cum
1277 3614 1471 3684 itaque
1501 3632 1727 3683 omnes,
1761 3617 1861 3686 qui
1906 3617 2033 3687 ejus
2063 3616 2179 3671 im-

526 3704 686 3776 perio
719 3703 1018 3774 parebant,
1052 3713 1477 3775 congregasset,
1508 3720 1719 3775 eosque
1763 3706 2178 3776 assumpsisset

525 3793 621 3864 qui
651 3796 817 3847 erant
846 3792 897 3847 ei
929 3793 1187 3847 amentia
1217 3792 1460 3859 similes,
1488 3794 1671 3849 mittit
1700 3795 1767 3848 ad
1799 3796 2173 3865 quaarendum

526 3887 857 3953 martyrem.
884 3902 913 3930 ι(
949 3882 1037 3951 Et,
1061 3881 1109 3935 si
1141 3881 1192 3935 ei
1225 3881 1481 3976 quidem,
1505 3883 1716 3953 inquit,
1754 3884 2175 3951 persuaseritis,

530 3978 589 4026 ut
620 3972 691 4025 ad
725 3973 987 4024 nostram
1019 3970 1359 4027 traducatur
1376 3971 1737 4042 religionem,
1764 3971 1872 4027 hoc
1894 3977 1999 4038 est,
2022 3972 2178 4042 quod

531 4058 801 4114 desidero
834 4074 846 4112 :
882 4074 1132 4128 cumque
1164 4074 1297 4113 eum
1348 4060 1687 4130 acceperitis
1730 4060 2054 4131 vobiscum,
2088 4076 2177 4116 re-

530 4146 850 4202 vertimini.
886 4148 987 4203 Sin
1031 4152 1223 4203 autem
1275 4148 1467 4203 adhuc
1499 4150 1880 4219 permanserit
1908 4148 1967 4204 in
2000 4150 2183 4222 impia

530 4235 833 4305 religione,
869 4251 999 4291 eum
1035 4242 1220 4293 morte
1250 4237 1642 4294 condemnata.
1680 4259 1707 4287 »

606 4324 696 4378 Illi
731 4328 920 4380 autem
953 4342 1084 4381 cum
1118 4326 1238 4383 haec
1268 4328 1596 4383 audiissent
1623 4329 1694 4393 ab
1725 4326 2095 4400 imperatore,
2127 4334 2185 4385 et

530 4414 727 4469 furore
775 4416 1251 4484 accenderentur,
1286 4416 1383 4486 qui
1433 4417 1491 4472 in
1545 4417 1630 4472 eis
1678 4416 1994 4486 habitabat,
2027 4423 2085 4473 et
2114 4418 2184 4474 ad

535 4519 629 4558 res
677 4504 963 4575 gerendas
1012 4520 1174 4561 acres
1220 4506 1403 4561 videri
1454 4506 1666 4561 vellent
1694 4506 1745 4561 ei
1778 4509 1876 4579 qui
1927 4508 2179 4575 miserat,

2269 1924 2356 1980 διὰ
2384 1930 2479 1980 τοῦ
2542 1926 2933 2000 βαπτίσματος’
2989 1925 3100 1997 ὅσῳ
3150 1924 3315 1979 πλέον
3365 1928 3476 1979 τῶν
3536 1923 3709 1977 ἄλλων
3760 1922 3862 1993 πρὸς

2266 2019 2455 2070 κακίαν
2490 2018 2679 2093 πρώην
2706 2016 3093 2095 ἐφλέγμαινον,
3127 2016 3371 2088 τοσούτῳ
3405 2015 3595 2084 ζέοντα
3637 2015 3721 2068 τὸν
3758 2017 3861 2084 Χρι-

2270 2106 2587 2178 στιανισμὸν
2619 2103 3037 2177 ἐνδεικνύμενον
3072 2105 3159 2158 καὶ
3194 2102 3340 2163 ὅλως
3387 2100 3542 2157 οὐδὲν
3596 2102 3753 2161 οὓτως
3793 2098 3866 2152 ἀνὰ

2272 2195 2447 2265 στόμα
2476 2198 2593 2255 τοῖς
2625 2197 2804 2263 πᾶσιν,
2838 2192 2922 2247 ὅτι
2957 2194 3033 2265 μή
3069 2193 3347 2253 Διονύσιος
3378 2192 3467 2261 ἦν.
3518 2197 3601 2252 Ὡς
3637 2188 3717 2244 οὖν
3757 2187 3865 2242 οὕτω

2272 2288 2460 2353 ταῦτα,
2493 2284 2581 2337 καὶ
2614 2284 2647 2351 ἡ
2680 2284 2839 2360 φήμη
2893 2280 3187 2357 διέτρεχεν,
3220 2284 3255 2350 ἡ
3287 2278 3617 2336 διδασκαλία
3643 2299 3695 2333 τε
3738 2276 3868 2331 ἐπλαο

2271 2374 2480 2438 τόνετο,
2548 2372 2639 2426 καὶ
2708 2373 2741 2440 ἡ
2809 2374 2993 2434 πίστις
3056 2366 3371 2426 ἐϐεϐαιοῦτο
3435 2370 3758 2446 τρανότερον,
3814 2364 3869 2425 εἷς

2273 2463 2438 2524 ἀκοὰς
2495 2461 2615 2531 ἥκει
2672 2464 2735 2517 τὸ
2796 2469 3021 2539 πρᾶγμα
3071 2466 3411 2535 Δομετιανῷ,
3474 2462 3768 2534 Δομετιανῴ
3815 2460 3870 2525 τῷ

2274 2549 2446 2604 πάντα
2476 2546 2656 2620 δεινῷ-
2693 2554 3037 2622 Δαιμονιανῷ
3064 2547 3121 2603 δὲ
3166 2548 3382 2621 μᾶλλον
3434 2547 3607 2603 εἰπεῖν
3657 2540 3870 2601 οἰκειότε-

2279 2661 2391 2715 ρον,
2422 2645 2502 2712 τῷ
2535 2639 2838 2709 λαλήσαντι
2874 2641 3009 2694 κατὰ
3046 2643 3142 2693 τοῦ
3174 2642 3306 2694 Θεοῦ
3356 2636 3595 2704 ἀδικίαν,
3644 2636 3691 2691 ἐν
3722 2636 3872 2705 ὑπερη-

2279 2732 2438 2806 φανίᾳ
2464 2731 2551 2784 καὶ
2586 2727 2951 2800 ἒξουδενώσει,
2997 2729 3087 2783 καὶ
3120 2734 3279 2801 χεῖρα
3332 2729 3610 2802 θεομάχον
3652 2725 3771 2779 κατᾶ
3802 2726 3872 2787 τῆς

2276 2825 2383 2874 τῶν
2418 2824 2750 2893 Χριστιανῶν
2813 2819 2997 2892 ἄραντι
3054 2818 3310 2879 πίστεως.
3370 2818 3550 2878 Οὗτος
3602 2812 3690 2869 οὖν
3734 2811 3777 2867 τί
3802 2831 3872 2882 μη-

2281 2914 2529 2983 χανᾶται,
2568 2906 2780 2980 μᾶλλον
2812 2905 2868 2962 δὲ
2898 2908 2950 2962 τί
2977 2907 3123 2983 παρὰ
3152 2911 3248 2962 τοῦ
3288 2906 3496 2979 πατρὸς
3545 2903 3702 2959 αὐτοῦ
3746 2902 3873 2954 Σατᾶν

2282 2997 2693 3067 ἐκπαιδεόεται;
2740 2999 2953 3052 πάντων
3011 2998 3105 3070 μὲν
3156 3001 3263 3051 τῶν
3311 2996 3429 3051 ὅσοι
3483 2996 3552 3050 τὰ
3600 2992 3870 3067 Χριστιανῶν

2282 3092 2584 3166 φρονοῦσιν,
2648 3084 2942 3162 ὑπεριδεῖν,
3002 3087 3281 3141 Διονύσιον
3334 3083 3389 3140 δὲ
3436 3083 3606 3157 μόνον
3661 3080 3799 3143 ἑλεῖν,
3834 3073 3872 3129 ὦ

2286 3176 2439 3247 ἶδὼς,
2476 3178 2567 3247 ὡς,
2600 3178 2645 3233 εἶ
2674 3178 2869 3233 τούτου
2900 3178 3251 3253 περιγένηται
3287 3178 3481 3249 μόνου,
3527 3176 3726 3229 πάντων
3765 3164 3874 3223 ἔσται

2284 3271 2576 3342 κρατήσας
2612 3267 2657 3323 εἶ
2690 3266 2746 3322 δὲ
2780 3268 2855 3341 μή
2889 3267 3114 3334 τούτου,
3148 3268 3476 3339 Δομετιανοῦ
3536 3265 3717 3322 πᾶντες
3762 3253 3877 3327 στερ-

2289 3363 2525 3438 ρότεροι.
2558 3360 2713 3415 Ἐπεὶ
2747 3357 2803 3413 δὲ
2846 3362 3012 3412 ταῦτα
3060 3356 3271 3428 ἐνενόει,
3304 3358 3333 3410 ὁ
3366 3354 3543 3428 θυμὸς
3593 3352 3741 3407 αὐτὸν
3776 3342 3876 3438 Δἐγεί-

2289 3473 2366 3527 ρει
2408 3452 2542 3505 κατα
2574 3454 2669 3503 τοῦ
2703 3448 2994 3522 μάρτυρος,
3029 3448 3119 3503 καὶ
3178 3450 3354 3517 ζητῶν
3398 3450 3503 3513 τῆς
3558 3441 3735 3516 μανίας
3764 3434 3879 3507 ἴαμα,

2286 3546 2448 3595 τοῦτο
2486 3540 2650 3612 μόνον
2678 3538 2931 3611 εὑρίσκει,
2965 3538 3057 3592 τὸν
3091 3539 3259 3593 αὑτοῦ
3290 3534 3544 3591 θάνατον,
3577 3527 3780 3604 Ἀμέλει
3817 3522 3881 3576 καὶ

2286 3631 2490 3691 πάντας
2522 3628 2650 3689 τοὺς
2703 3628 2805 3682 ὑπὸ
2854 3632 3017 3702 χεῖρα
3070 3625 3402 3702 συναγαγὼν,
3459 3622 3590 3683 τοὺς
3649 3610 3881 3702 ἀπηνεξπέ·

2290 3741 2415 3795 ρους
2447 3739 2505 3774 τε
2533 3718 2624 3773 καὶ
2658 3716 2903 3777 ἐοικότας
2958 3718 3108 3787 αὐτῷ
3137 3716 3235 3783 τήν
3280 3712 3537 3769 ἀπόνοιαν
3586 3697 3884 3782 παραλαϐὼν,

2287 3810 2423 3864 κατᾶ
2456 3810 2677 3877 ζήτησιν
2720 3804 2984 3877 ἐκπέμπει
3034 3809 3129 3859 τοῦ
3184 3803 3478 3877 μάρτυρος,
3522 3800 3637 3866 καὶ,
3686 3823 3710 3847 ‹‹
3740 3792 3791 3851 El
3817 3790 3883 3861 μὲν

2288 3903 2367 3969 τῷ
2400 3898 2652 3970 ἡμετέρῳ
2679 3896 2898 3965 τοῦτον,
2929 3894 3084 3973 φησὶ,
3126 3892 3446 3965 μεταθέσθαι
3495 3884 3779 3959 σεϐάσματι
3804 3876 3887 3933 πεί-

2291 4009 2427 4055 σετε,
2457 3988 2603 4041 τοῦτ’
2638 3985 2762 4058 ἐμοὶ
2807 3983 2870 4039 τὸ
2920 3986 3284 4055 ποθούμενον,
3330 3981 3423 4035 καί
3470 3974 3723 4034 λαϐόντες
3768 3966 3887 4025 αὐτὸν

2295 4078 2411 4151 μεθ’
2443 4077 2671 4142 ἑαυτῶν,
2708 4071 3090 4148 ἂναστρὲψατε·
3126 4070 3170 4126 εἷ
3203 4068 3261 4125 δὲ
3291 4064 3367 4124 ἔτι
3400 4073 3469 4143 τῇ
3523 4059 3759 4121 δυσσεϐεῖ
3802 4057 3890 4112 ἐπι·

2295 4166 2468 4240 μένων
2499 4164 2583 4235 εἶή
2622 4164 2903 4240 θρησκείᾳ,
2939 4161 3165 4217 θάνατον
3200 4161 3367 4215 αὐτοῦ
3398 4156 3761 4231 κατακρίνατε.
3791 4170 3815 4199 κ

2364 4328 2432 4384 Ol
2465 4324 2543 4394 δὲ,
2576 4330 2737 4381 τοῦτο
2766 4324 2910 4398 παρᾶ
2950 4327 3048 4378 τοῦ
3094 4325 3425 4395 κρατοῦντος
3472 4316 3804 4380 ἀκούσαντες,
3846 4309 3895 4377 Tit

2291 4437 2349 4470 τε
2381 4417 2616 4486 συνοίκῳ
2669 4413 2830 4486 μανίᾳ
2881 4412 3308 4487 ὑποτυφόμενοι,
3358 4407 3449 4462 καὶ
3500 4403 3803 4480 δραστήριοι
3840 4398 3897 4487 τῆξ

2294 4504 2567 4578 πέμψαντι
2590 4482 2749 4575 δόξαι
2783 4482 3269 4579 φιλοτιμοόμενοι,
3302 4496 3536 4564 ἐπείτήν
3570 4482 3898 4579 Γαλλίανξαί

536 4573 850 4665 postquam
883 4599 1167 4650 venerunt
1198 4594 1253 4649 in
1285 4594 1527 4650 Galliam
1561 4573 1836 4667 tanquam
1870 4598 1999 4653 feras
2031 4573 2169 4668 quae1

2300 4573 2522 4660 ἔλαϐον,
2563 4591 2637 4653 ὣς
2662 4573 2805 4652 τινες
2864 4585 3166 4659 εἶσπηδωσι
3227 4593 3413 4661 θῆρεςο
3461 4582 3553 4639 καὶ
3601 4585 3764 4636 πᾶσαν
3809 4573 3900 4668 :5!!!-

536 4682 668 4738 dam
702 4683 977 4737 irruunt:
1011 4686 1064 4736 et
1096 4698 1229 4737 cum
1265 4697 1526 4750 omnem,
1560 4700 1687 4754 qum
1719 4684 1873 4739 circa
1904 4686 2018 4739 sita
2049 4690 2192 4752 erat,

536 4772 984 4827 conturbassent
1018 4771 1339 4841 regionem,
1364 4778 1755 4843 corrumpunt
1788 4774 2192 4845 simpliciores,

538 4864 605 4915 ut
636 4861 909 4915 docerent
953 4859 1191 4914 ubinam
1242 4860 1443 4915 beatus
1495 4862 1803 4933 Dionysius
1846 4868 2193 4917 versaretur.

539 4953 860 5019 Postquam
894 4954 1083 5003 autem
1119 4949 1435 5004 audierunt
1465 4965 1598 5004 eum
1631 4951 1846 5006 versari
1880 4953 1939 5006 in
1970 4951 2195 5005 civitate

542 5039 925 5107 Parisiorum,
953 5038 1197 5093 necdum
1234 5054 1353 5094 rem
1387 5044 1566 5094 totam
1591 5040 1894 5095 audierant
1915 5056 2044 5095 cum
2078 5039 2197 5094 illic

542 5130 777 5185 adsunt.
813 5130 1030 5185 Deinde
1080 5133 1486 5197 percontantes
1518 5131 1588 5184 de
1629 5130 1802 5185 rebus
1850 5130 2199 5189 christiano.

541 5234 695 5285 rum,
728 5218 1034 5274 inveniunt
1063 5217 1196 5272 tidei
1229 5217 1550 5273 doctrinam
1585 5233 1711 5275 esse
1742 5220 2063 5290 dispersam
2100 5236 2199 5292 per

542 5310 722 5360 totam
770 5308 1101 5364 civitatem:
1137 5306 1208 5361 de
1242 5306 1541 5362 miraculis
1592 5309 1861 5377 martyris
1896 5311 2044 5364 fiunt
2076 5326 2199 5364 cer-

541 5393 738 5460 tiores,
775 5396 925 5465 quod
961 5411 1162 5451 omnes
1193 5396 1435 5462 scilicet,
1471 5397 1571 5466 qui
1615 5398 1762 5452 male
1798 5414 1860 5452 se
1894 5399 2194 5464 haberent,

541 5490 832 5536 curasset:
866 5488 920 5538 et
952 5483 1080 5538 ideo
1116 5484 1542 5540 inrrcdulorum
1580 5487 1647 5539 ad
1685 5504 1811 5541 eum
1847 5487 2199 5541 conﬂuxisse

542 5577 852 5635 catervam,
877 5576 933 5625 ct
951 5590 1009 5626 se
1041 5575 1381 5643 adjunxisse
1413 5592 1542 5631 vero
1572 5576 1669 5630 Dei
1704 5577 1887 5630 cultui
1915 5592 1927 5631 ε
1955 5582 2011 5632 et
2040 5577 2194 5648 quod

546 5658 740 5719 omnis
771 5658 1079 5715 Germania
1108 5677 1231 5732 quae
1282 5662 1483 5718 multis
1532 5663 1693 5735 prius
1732 5664 2008 5739 gravibus
2037 5664 2197 5722 vitiis

2299 4683 2626 4755 παράξαντες
2672 4681 2770 4749 τὴν
2820 4678 3151 4753 περίχωρον,
3205 4672 3587 4751 ὑποφθείρουσι
3619 4668 3741 4730 τοὺς
3780 4662 3902 4755 εὔκρ-

2304 4754 2575 4845 λιυτέρους
2607 4770 2673 4823 τὰ
2700 4770 2835 4823 κατὰ
2860 4769 2954 4822 τὸν
2990 4768 3253 4841 μακάριον
3287 4761 3496 4831 διδάξαι
3527 4781 3586 4816 τε
3635 4760 3727 4814 κπὶ
3771 4754 3900 4845 sim-1“

2302 4835 2603 4916 Διονόσιον.
2631 4859 2720 4919 Ὧς
2754 4856 2811 4912 δὲ
2838 4835 3030 4912 τοῦτον
3062 4854 3113 4910 ἒν
3139 4835 3375 4929 ’Παρισίᾳ
3412 4858 3480 4927 τῇ
3541 4849 3695 4906 πόλει
3743 4835 3905 4914 διατρί-

2304 4947 2415 5005 ϐειν
2450 4948 2733 5016 ἐπύθοντο,
2768 4947 2922 5002 οὔπω
2953 4946 3016 5001 τὸ
3046 4950 3149 5000 πᾶν
3196 4944 3483 5011 ἐπύθοντο,
3532 4940 3619 4996 καὶ
3666 4940 3732 5010 τῇ
3779 4930 3904 4987 πόλει

2302 5038 2629 5115 ἐφίστανται.
2662 5038 2801 5094 Εἶτα
2829 5036 2895 5090 τὰ
2932 5034 3056 5109 περὶ
3101 5038 3210 5089 τῶν
3243 5034 3586 5108 Χριστιανῶν
3637 5027 3904 5099 ἐρευνῶσιν,

2303 5127 2609 5202 εὑρίσκουσι
2666 5129 2922 5199 πανταχῇ
2981 5125 3049 5178 τὰ
3107 5129 3203 5193 τῆς
3260 5122 3495 5182 πίστεως
3540 5110 3905 5185 ›‹.ατεστταρμιέ”νει

2305 5215 2633 5292 διδάγματα.
2680 5214 2807 5290 Περὶ
2856 5217 2963 5269 τῶν
3012 5217 3110 5267 τοῦ
3163 5213 3436 5287 μάρτυρος
3484 5206 3767 5281 τεραστίων
3797 5218 3907 5292 ,μαν-

2304 5309 2569 5377 θάνουσιν,
2602 5307 2677 5368 ὡς
2707 5304 2833 5365 τοὺς
2882 5302 3005 5377 περί
3060 5324 3112 5358 τι
3162 5304 3420 5376 πονήρως
3469 5297 3691 5376 ἔχοντας
3736 5288 3905 5345 πάντας

2307 5397 2536 5452 ἰάσαιτο.
2594 5394 2883 5451 Κάντεῦθεν
2942 5395 3005 5446 τὸ
3060 5396 3168 5446 τῶν
3262 5389 3502 5444 ἀπίστων
3558 5386 3701 5454 αὗτῷ
3750 5384 3907 5451 cf???“

2306 5484 2619 5561 ἑπιρῥεῦσαν
2673 5487 2739 5556 τῇ
2800 5477 3072 5552 θεοσεϐείᾳ
3140 5482 3405 5535 συνέθετο*
3458 5478 3545 5533 καὶ
3600 5477 3667 5533 circ
3720 5471 3905 5539 ἡπᾶῖα

2306 5574 2577 5648 Γερμανία
2605 5572 2841 5634 πολλοῖς
2871 5573 2933 5625 τὸ
2954 5571 3183 5645 πρόσθεν
3206 5570 3297 5624 καὶ
3331 5566 3527 5626 δεινοῖς
3558 5557 3901 5629 δεδουλωμένη

2302 5645 2495 5719 πάθεσί
2523 5682 2582 5718 τε
2619 5661 2709 5717 καὶ
2739 5661 3012 5739 πράξεσιν,
3061 5658 3123 5715 οὐ
3158 5659 3266 5734 μὴν
3308 5655 3456 5714 ἀλλὰ
3495 5654 3584 5710 καὶ
3628 5645 3902 5707 εἰδωλικοῖς
