4106 6200
257 342 410 407 1045

1317 340 1499 401 νιΤΑ
1546 341 1605 402 S.
1654 334 1997 401 DIONYSII
2048 333 2593 402 AREOPAGITAS.

3502 340 3656 405 1046

250 502 578 576 ὑποκειμένη
610 495 925 572 σεϐέσμασι,
966 500 1059 553 τὸν
1100 499 1299 553 οἰκεῖον
1349 498 1569 573 αὐχένα,
1615 503 1733 559 ταῖς
1767 506 1895 552 Διο-

2007 500 2284 556 servierat
2316 503 2372 556 et
2402 499 2590 568 factis,
2624 500 2945 571 quinetiam
3002 501 3263 574 subjecta
3309 509 3432 561 erat
3472 506 3655 562 cultui

248 593 437 647 νυσίου
469 588 745 667 διδαχαῖς,
779 586 981 642 ἐκεῖθεν
1015 586 1369 656 ὑπεξελοῦσα,
1403 592 1480 659 τῷ
1519 591 1615 642 τοῦ
1665 589 1900 662 Χριστοῦ

254 685 403 756 ζυγῷ
452 680 783 756 ὑπηγάγετο.
843 679 933 739 Ὠς
982 678 1071 732 οὗν
1116 676 1190 738 εἰς
1248 681 1446 751 γνῶσιν
1500 676 1704 745 αὐτοῖς,
1756 676 1898 732 οὕτω

247 775 418 824 ταῦτα
444 771 531 822 καὶ
591 766 777 822 πολλᾶ
832 764 990 841 ἕτερα
1043 765 1320 839 γεγονέναι
1379 764 1625 840 ἀφίκετο,
1684 768 1784 836 τήν
1840 785 1899 819 τε

247 862 347 912 τοῦ
380 858 614 930 Χριστοῦ
664 855 901 928 ποίμνην
950 853 1337 927 αὐξανομένην,
1383 855 1470 908 καὶ
1524 853 1649 916 τοὺς
1696 855 1898 908 ἑαυτῶν

248 944 402 1007 θεοὺς
432 946 890 1020 παρεωραμένους
941 944 1151 1017 ἑώρων,
1203 943 1299 1005 τάς
1346 963 1404 996 τε
1450 939 1673 1003 τελετὰς
1716 962 1898 1017 περιυ-

251 1030 569 1109 ϐρισμένας,
614 1034 702 1088 καὶ
754 1034 829 1093 εἷς
867 1034 995 1108 γόνυ
1038 1030 1294 1087 κλίνασαν
1345 1033 1443 1101 τήν
1490 1026 1754 1100 ἀσέϐειαν,
1808 1030 1896 1087 ἐπὶ

255 1122 469 1196 μᾶλλον
499 1120 826 1191 ἐκκαίονται,
861 1122 947 1175 καὶ
997 1127 1089 1175 τὸν
1140 1120 1350 1175 τούτων
1397 1122 1570 1175 αἳτιον
1623 1121 1759 1174 ὅπου
1806 1121 1895 1175 καὶ

250 1208 541 1288 διατρίϐων
571 1210 679 1281 εἷή,
710 1212 1082 1265 πυνθάνονται*
1117 1211 1206 1265 καὶ
1237 1212 1326 1265 τὸν
1364 1209 1650 1283 μακάριον,
1702 1210 1896 1285 ἀθρόον

249 1302 677 1372 ἐπεισπεσόντες,
738 1302 830 1355 σὺν
892 1302 1001 1373 ἅμα
1061 1298 1318 1372 δεσμοῦσι
1368 1305 1488 1361 τοῖς
1545 1302 1661 1374 μετ’
1709 1299 1894 1372 αὐτοῦ,

243 1392 347 1460 τήν
378 1391 522 1445 θείαν
552 1391 649 1445 ἀνὰ
682 1389 858 1462 στόμα
900 1386 1137 1464 διδαχὴν
1192 1384 1270 1443 ἔτι
1320 1390 1567 1467 φέροντα,
1628 1388 1715 1443 καὶ
1756 1411 1891 1465 προ-

244 1483 506 1551 κάθηνται
540 1478 817 1542 λυσσῶδές
848 1502 899 1535 τι
954 1480 1044 1534 καὶ
1099 1480 1322 1553 μανικὸν
1371 1478 1456 1533 ἐπὶ
1505 1480 1605 1548 τὴν
1661 1479 1891 1550 ἐξέτασιν

244 1568 516 1633 πνέοντες.
550 1568 785 1625 Εἷ’σεισιν
821 1567 912 1623 οῦν
956 1569 983 1623 ὁ
1024 1566 1278 1643 γεννάδας
1311 1568 1424 1642 ἅμα
1450 1569 1753 1641 Ῥουστικῷ
1802 1570 1891 1623 καὶ

248 1658 598 1733 Ἐλευθερίῳ,
657 1657 886 1733 ἆτρόμῳ
947 1655 1159 1729 διανοίᾳ
1216 1658 1305 1712 καὶ
1374 1657 1893 1734 πεπαρῥησιασμένῃ

247 1752 425 1823 ψυχῇ,
460 1748 637 1819 ὥσπερ
674 1747 751 1811 εἷς
781 1748 996 1822 ἑορτὴν,
1030 1747 1131 1801 οὐκ
1169 1745 1247 1808 εἴς
1294 1746 1479 1821 ἀγῶνα
1527 1745 1889 1820 καλοόμενος.

245 1838 347 1895 Καὶ
382 1834 448 1906 δὴ
496 1836 735 1912 θρασέως
784 1834 926 1891 οὕτω
974 1836 1064 1890 καὶ
1126 1837 1434 1911 αὐστηρῶς,
1475 1835 1549 1889 ’ίν’
1594 1835 1653 1891 ἐκ
1700 1857 1890 1903 προοι-
1923 1875 1977 1939 Β

245 1926 378 2000 μίου
404 1927 561 1987 εὐθὺς
591 1924 1011 1995 καταπλήξωσι,
1054 1927 1181 2000 φασὶ
1213 1926 1350 2000 πρὸς
1399 1926 1579 1981 αὐτόν·
1632 1950 1660 1978 ‹‹
1696 1925 1770 1980 Σὺ
1820 1926 1891 1995 εἴ,

243 2016 287 2070 ὦ
320 2015 594 2089 κατάράτη
630 2013 867 2091 κεφαλὴ,
904 2014 932 2068 ὁ
969 2013 1097 2075 τοὺς
1146 2014 1443 2087 ἡμενέρους
1489 2015 1641 2075 θεοὺς
1690 2013 1741 2067 ἐν
1789 2035 1900 2086 μη-

249 2102 362 2159 δενὶ
392 2105 698 2178 τιθέμενος,
729 2104 817 2158 καί
849 2104 945 2172 τήν
978 2105 1138 2176 ἡμῶν
1174 2103 1234 2158 ἐκ
1283 2103 1448 2175 μέσου
1494 2110 1724 2173 ποιῆσαι
1763 2105 1902 2177 θρη-

254 2193 434 2248 σκείαν
482 2191 806 2271 φιλονεικῶν
849 2214 863 2264 ;
934 2193 1248 2269 Ἀπόκριναι
1294 2190 1410 2262 οὖν,
1458 2194 1519 2247 τὸ
1578 2194 1756 2268 γένος,
1802 2193 1900 2261 τήν

250 2282 637 2357 ἐνεγκαμένην,
670 2284 731 2338 τὸ
762 2279 1117 2353 ἐπιτήδευμα.
1152 2306 1180 2333 ››
1221 2284 1282 2340 Ὀ
1330 2280 1406 2351 δὲ,
1458 2281 1899 2358 θαρῥαλεώτερος

253 2371 468 2447 μᾶλλον
507 2376 585 2444 τῷ
639 2373 773 2445 πρὸς
830 2372 1056 2446 Χριστὸν
1111 2373 1400 2445 γενόμενος
1457 2370 1640 2445 ἔρωτι*
1695 2396 1723 2425 ‹‹
1756 2373 1900 2447 Ἐγὼ

256 2463 375 2534 μὲν,
409 2461 454 2515 ὧ
505 2462 687 2531 οὗτος,
736 2459 918 2535 φησῖν,
970 2459 1064 2515 ’ίνα
1106 2463 1173 2516 τὰ
1218 2466 1313 2516 τοῦ
1358 2460 1547 2536 γὲνους
1592 2463 1653 2515 τό
1702 2483 1763 2535 γε
1809 2466 1899 2516 νῦν

255 2548 385 2626 ἔχον
417 2550 507 2604 καὶ
556 2551 655 2618 τήν
709 2547 944 2623 πατρίδα
994 2554 1175 2624 παρῶ,
1234 2551 1468 2624 Χριστοῦ
1522 2546 1721 2611 δοῦλος
1769 2551 1901 2605 εἶναι

260 2637 547 2713 ὁμολογῶ,
580 2640 668 2693 καὶ
705 2639 851 2712 μόνῳ
879 2639 1057 2711 τούτῳ
1094 2642 1173 2710 τῷ
1220 2659 1277 2693 τε
1321 2640 1545 2714 ἀνάρχῳ
1595 2641 1761 2712 Πατρὶ
1812 2642 1898 2695 καὶ

259 2732 339 2801 τῷ
407 2726 670 2801 συναϊδίῳ
737 2728 899 2783 αὑτοῦ
965 2727 1213 2803 λατρεύω
1304 2732 1597 2803 Ηνεύματι’
1662 2728 1903 2807 πέφευγα

267 2814 324 2871 δὲ
354 2817 441 2873 καὶ
471 2823 572 2887 τῆς
606 2818 757 2891 ὑμῶν
785 2816 1020 2887 πλάνης·
1074 2821 1153 2889 τῷ
1208 2817 1309 2892 γὰρ
1367 2816 1484 2890 ἐμῷ
1531 2820 1748 2893 Χριστῷ
1804 2818 1904 2874 πέ-

263 2909 449 2979 ποιθα,
507 2906 834 2983 Χαθαιρέτης
894 2907 1267 2982 στερρότατος,
1318 2905 1584 2978 ἀλείπτης
1647 2915 1904 2980 Χριστια-

259 3002 378 3058 νοῖς
407 2997 543 3071 πρὸς
599 2997 793 3072 ἀρετὴν
855 2996 1228 3069 ἑτοιμότατος.
1298 2998 1441 3071 Ηρὸς
1506 3001 1673 3052 ταῦτα
1740 2998 1790 3053 εἷ’
1851 3020 1903 3053 τι

250 3086 725 3161 προστεταγμένον
762 3087 914 3159 ὑμῖν,
956 3088 1244 3163 πράσσετε.
1279 3110 1308 3139 ››
1342 3087 1441 3142 Καὶ
1473 3089 1573 3157 τήν
1603 3094 1700 3143 τοῦ
1746 3090 1901 3166 ἁγίου

254 3173 472 3248 γνόντες
527 3176 577 3229 οἱ
638 3172 921 3249 δυσμενεῖς
983 3175 1117 3249 μετὰ
1173 3176 1431 3237 συνέσεως
1490 3174 1753 3245 ἔνστασιν,
1805 3178 1895 3231 τὸν

253 3264 425 3337 θυμὸν
457 3265 533 3327 εἱς
566 3264 801 3329 θωπείαν
835 3259 1137 3339 ἀμείϐουσι,
1170 3266 1281 3325 καὶ.
1318 3290 1346 3317 ‹‹
1377 3266 1470 3334 Μὴ
1502 3267 1604 3334 τὴν
1628 3267 1723 3335 σήν
1756 3264 1900 3321 ἔντι-

257 3373 358 3426 μον
390 3352 588 3409 πολιὰν
619 3355 923 3427 ἀτιμώσῃς,
957 3356 1106 3427 φασὶ.
1142 3353 1406 3424 Διονύσιε,
1443 3352 1584 3428 μηδὲ
1611 3356 1757 3410 τέλει
1795 3358 1895 3425 τὴν

253 3442 421 3521 φίλην
453 3443 692 3517 ἑταιρίαν
723 3448 905 3517 πικρῷ
952 3440 1228 3517 παραδῷς·
1279 3442 1529 3514 πείσθητι
1574 3445 1641 3499 τὰ
1686 3446 1899 3519 χρηστὰ

254 3528 719 3605 συμϐουλεύουσι,
750 3533 841 3588 καὶ
870 3533 932 3587 τὸ
973 3537 1071 3588 τοῦ
1105 3532 1379 3607 βασιλέως
1409 3534 1606 3606 κράτος
1638 3532 1707 3589 δι’
1737 3536 1896 3608 ἡμῶν

256 3620 493 3674 ἱκετεῦόν
528 3641 585 3674 σε
617 3618 994 3692 δυσωπήθητιο
1027 3622 1301 3694 πείσθητι,
1344 3621 1470 3700 φίλε
1522 3624 1727 3697 χρηστὲ
1777 3630 1897 3677 Διο-

250 3707 590 3779 νύσιε,⁸ξτοῖς
657 3709 945 3783 ἡμετέροις
1012 3712 1165 3764 θῦσαι
1232 3715 1394 3781 θεοῖς,
1469 3710 1739 3780 πείσθητι·
1807 3710 1896 3765 καὶ

249 3800 468 3870 πρῶτος
498 3800 607 3850 τῶν
640 3797 743 3852 ὑπὸ
781 3800 880 3867 τὴν
934 3796 1209 3871 βασιλείαν
1240 3795 1331 3872 ἔσῃ
1369 3801 1503 3872 μετὰ
1539 3804 1647 3853 τῶν
1701 3805 1831 3856 σῶν.
1868 3824 1889 3853 ι

254 3887 316 3943 Ὀ
343 3883 419 3955 δὲ,
449 3908 473 3938 α
501 3885 876 3957 Πεπλάνησθε,
900 3889 1053 3965 φησί,
1076 3891 1173 3957 τῆς
1197 3888 1460 3963 προτέρας
1488 3886 1699 3959 πλάνην
1731 3888 1791 3943 οὐ
1823 3891 1894 3961 (⁸)

250 3977 491 4050 χείρονα,
528 3976 574 4030 εἰ
603 3975 701 4047 ἐμὲ
732 3978 984 4047 συλήσειν
1013 3975 1049 4047 ἥ
1081 3999 1201 4033 τινα
1240 3983 1347 4033 τῶν
1381 3978 1528 4051 ἐμῶν
1582 3977 1725 4039 ὅλως
1776 3978 1892 4050 ᾠή-

246 4065 396 4134 θητεο
428 4067 578 4137 ἡμᾶς
600 4065 726 4140 γὰρ,
773 4063 830 4120 εὖ
882 4065 1016 4138 ξ’στε,
1069 4067 1130 4123 οὐ
1167 4068 1348 4141 τιμαὶ,
1399 4067 1498 4122 οὐκ
1548 4067 1781 4140 ἀτιμίαι,
1832 4067 1894 4121 οὐ

248 4154 500 4225 θωπεῖαι,
534 4154 603 4208 οὐ
639 4154 885 4229 βάσανοι,
921 4156 1021 4210 οὐκ
1050 4154 1193 4211 ἄλλο
1224 4177 1277 4211 τι
1307 4161 1413 4210 τῶν
1455 4156 1704 4211 ἁπάντων
1739 4154 1891 4211 οὐδὲν

247 4242 476 4317 χωρίσει
508 4249 765 4317 Χριστοῦ.
802 4268 830 4297 ››

2010 588 2469 657 simulacrorum,
2495 588 2707 645 collum
2731 604 2907 643 suum
2932 604 2999 643 ex
3022 590 3114 645 his
3137 593 3525 661 subtractum,
3550 596 3656 649 do-

2010 679 2197 734 ctrina
2228 677 2509 750 Dionysii,
2543 677 2847 748 subjunxit
2877 677 3024 749 jugo
3056 678 3290 736 Christi.
3323 684 3466 737 Cum
3522 700 3657 755 ergo

2009 766 2152 837 haec,
2186 771 2243 822 et
2273 767 2456 823 multa
2488 767 2598 822 alia
2649 767 2796 822 facta
2850 782 2999 832 esse,
3036 767 3109 822 ad
3155 784 3354 823 eorum
3405 770 3662 826 venisset

2008 856 2421 927 cognitionem,
2473 860 2529 911 et
2585 855 2797 911 Christi
2856 872 3090 928 gregem
3143 858 3359 927 augeri,
3411 867 3467 913 et
3522 876 3661 915 suos

2008 951 2143 1003 deos
2181 948 2464 1003 vidissent
2512 947 2745 1003 habitos
2788 946 3104 1016 despectui,
3138 955 3189 1002 et
3230 964 3336 1003 sua
3385 949 3663 1020 mysteria

2008 1037 2323 1105 contemni,
2346 1041 2403 1092 et
2422 1035 2763 1092 inclinatam
2786 1050 2911 1091 esse
2942 1036 3329 1107 impietatem,
3355 1039 3542 1109 magis
3566 1055 3660 1093 ac-

2006 1124 2361 1194 cenduntur,
2393 1131 2445 1180 et
2477 1132 2683 1196 rogant
2714 1124 2951 1179 ubinam
2986 1124 3293 1193 habitaret,
3328 1126 3426 1197 qui
3458 1143 3659 1182 eorum

2005 1223 2127 1270 erat
2159 1222 2355 1270 auctor
2380 1231 2392 1269 :
2417 1222 2470 1269 et
2501 1218 2735 1285 repente
2764 1214 2823 1268 in
2855 1213 3099 1269 beatum
3134 1214 3420 1271 irruentes
3457 1215 3661 1288 Diony-

2005 1304 2179 1369 sium,
2204 1319 2337 1358 eum
2360 1303 2535 1358 simul
2565 1302 2752 1374 ligant
2773 1318 2908 1357 cum
2932 1302 3006 1358 iis
3030 1303 3281 1372 quicum
3315 1304 3443 1375 ipso
3471 1310 3658 1372 erant,

2004 1392 2061 1446 in
2094 1408 2191 1448 ore
2223 1392 2479 1447 divinam
2503 1391 2695 1447 adhuc
2728 1391 3039 1447 habentem
3070 1392 3430 1460 doctrinam;
3460 1393 3659 1464 praesi-

2002 1481 2158 1548 dent,
2192 1481 2411 1536 rabiem
2447 1484 2499 1536 et
2530 1481 2787 1536 furorem
2840 1481 3133 1552 spirantes
3167 1482 3236 1537 ad
3272 1483 3659 1539 examinatio-

2002 1584 2157 1624 nem.
2182 1569 2512 1640 Ingreditur
2540 1585 2678 1639 ergo
2699 1568 2790 1623 vir
2817 1584 3136 1641 generosus
3166 1569 3345 1625 simul
3377 1587 3507 1625 cum
3542 1571 3660 1625 Ru-

2000 1659 2145 1713 stico
2177 1662 2232 1713 et
2263 1658 2617 1728 Eleutherio,
2641 1662 2835 1714 mente
2869 1658 3038 1714 ﬁrma
3070 1674 3137 1715 ac
3169 1660 3365 1715 stabili
3388 1665 3446 1716 et
3475 1660 3659 1715 libero

2001 1748 2220 1814 animo,
2254 1748 2493 1820 perinde
2541 1764 2606 1803 ac
2637 1748 2687 1803 si
2718 1752 3026 1804 vocaretur
3058 1749 3129 1803 ad
3166 1749 3401 1818 festum,
3437 1767 3552 1805 non
3586 1751 3653 1805 ad

2000 1842 2314 1893 certamen.
2364 1840 2716 1909 Arroganter
2771 1838 2950 1908 igitur
3008 1845 3062 1893 et
3119 1855 3347 1910 aspere,
3400 1842 3464 1893 ut
3522 1854 3657 1895 eum

2008 1928 2522 1998 perterrefacerent
2578 1926 2773 1981 statim
2830 1926 2889 1981 in
2950 1927 3262 1999 principio,
3308 1928 3357 1982 ei
3412 1926 3654 1983 dicunt:

2009 2040 2036 2068 ‹‹
2093 2017 2177 2072 Tu
2246 2033 2329 2082 es,
2388 2033 2420 2072 ο
2488 2017 2904 2072 exsecrandum
2982 2020 3171 2086 caput,
3253 2017 3355 2088 qui
3435 2024 3658 2074 nostros

2004 2106 2143 2160 deos
2222 2103 2390 2159 nihili
2464 2104 2629 2172 facis,
2689 2107 2746 2159 et
2801 2104 3110 2159 contendis
3165 2104 3235 2159 de
3292 2104 3481 2158 medio
3541 2120 3656 2159 no-

2005 2200 2187 2251 stram
2220 2193 2419 2249 tollere
2449 2192 2788 2264 religionem
2812 2193 2841 2246 ?
2866 2192 3171 2263 Responde
3201 2208 3359 2263 ergo,
3391 2192 3544 2263 quod
3584 2193 3660 2247 sit

2003 2289 2168 2340 tuum
2223 2299 2429 2355 genus,
2463 2298 2589 2353 quas
2621 2287 2675 2338 te
2708 2281 2909 2337 tulerit
2956 2280 3163 2351 patria,
3196 2285 3253 2335 et
3284 2283 3435 2351 quod
3486 2285 3656 2335 tuum

2005 2373 2288 2430 studium.
2325 2395 2352 2422 »
2388 2371 2488 2427 Ille
2536 2376 2757 2441 autem,
2790 2386 2986 2425 amore
3018 2370 3074 2424 in
3110 2369 3402 2425 Christum
3451 2371 3501 2425 ei
3552 2370 3659 2424 ad-

2006 2464 2179 2518 dente
2233 2463 2518 2529 animum,
2554 2464 2609 2515 et
2639 2460 2881 2517 faciente
2941 2475 3075 2514 eum
3134 2458 3658 2514 conﬁdentiorem:

2008 2574 2036 2603 ‹‹
2068 2554 2185 2623 Ego
2219 2552 2477 2622 quidem,
2500 2550 2712 2619 inquit,
2737 2566 2768 2605 ο
2792 2566 2915 2616 vos,
2942 2553 3007 2602 ut
3027 2553 3083 2603 et
3113 2564 3295 2618 genus
3328 2555 3379 2602 et
3412 2548 3660 2617 patriam

2006 2642 2270 2697 omittam
2304 2641 2360 2695 in
2395 2637 2725 2710 praesentia,
2750 2654 2843 2692 me
2863 2636 3077 2692 Christi
3108 2652 3341 2691 servum
3373 2651 3499 2691 esse
3521 2651 3661 2691 con-

2006 2733 2195 2798 fiteor,
2218 2734 2273 2785 et
2294 2744 2423 2783 eum
2455 2728 2666 2794 solum,
2694 2732 2750 2782 et
2799 2727 3047 2793 Patrem,
3088 2725 3189 2797 qui
3237 2730 3394 2781 caret
3442 2726 3661 2798 princi-

2007 2822 2121 2893 pio,
2147 2828 2200 2875 et
2222 2823 2572 2875 coasternum
2605 2819 2728 2888 ejus
2762 2814 2886 2872 colo
2909 2816 3210 2886 Spiritum.
3240 2815 3441 2886 Aufugi
3466 2820 3661 2870 autem

2006 2927 2039 2965 a
2068 2914 2259 2965 vestro
2290 2924 2505 2975 errore,
2538 2905 2935 2961 validissimus
2968 2906 3048 2973 (in
3082 2920 3210 2960 meo
3241 2905 3400 2960 enim
3430 2904 3663 2961 Christo

2005 2999 2190 3055 habeo
2215 2996 2511 3067 fiduciam)
2529 2999 2851 3051 vestrorum
2874 2995 3115 3050 deorum
3141 2992 3663 3060 deturbator,chri-

2006 3090 2449 3158 stianorumque
2479 3087 2549 3141 ad
2593 3085 2863 3140 virtutem
2914 3082 3249 3139 exhortator
3293 3083 3661 3154 promptissi-

2012 3194 2162 3233 mus.
2187 3178 2269 3231 Ad
2304 3176 2427 3231 haec
2454 3174 2643 3237 facite,
2669 3173 2719 3229 si
2751 3172 2888 3244 quid
2922 3175 3010 3228 est
3039 3171 3199 3227 vobis
3228 3170 3604 3241 imperatum.
3630 3193 3659 3222 »

2009 3266 2283 3323 Videntes
2333 3270 2529 3321 autem
2570 3261 2862 3330 molevoli,
2895 3262 3082 3317 sancti
3114 3260 3495 3316 constantiam
3527 3275 3660 3317 cum

2007 3354 2312 3427 prudentia
2335 3354 2727 3424 conjunctam,
2743 3351 2891 3405 iram
2918 3348 3221 3405 mutantin
3236 3349 3656 3414 adulationem,

2010 3448 2086 3513 et,
2111 3466 2138 3493 ‹‹
2165 3443 2242 3498 Ne
2276 3447 2459 3511 tuam,
2482 3458 2514 3496 o
2545 3438 2805 3509 Dionysi,
2838 3438 3062 3505 dicunt,
3095 3438 3364 3494 canitiem
3397 3438 3661 3494 atl'eceris

2008 3531 2383 3600 contumelia,
2410 3546 2596 3602 neque
2617 3529 2820 3585 charos
2842 3527 3074 3584 sodales
3096 3527 3268 3583 morti
3295 3528 3517 3583 acerbas
3541 3531 3661 3583 tra-

2008 3621 2257 3689 dideris;
2292 3635 2429 3692 pare
2486 3622 2639 3674 recte
2696 3616 3161 3679 consulentibus,
3194 3619 3251 3671 et
3296 3615 3661 3687 imperatoris

2008 3709 2351 3781 potentiam,
2383 3724 2483 3780 per
2532 3724 2638 3763 nos
2667 3712 2723 3762 te
2767 3710 3092 3776 rogantem,
3125 3705 3369 3760 revereri
3417 3720 3661 3776 persua-

2007 3799 2217 3866 dearis,
2251 3816 2283 3854 ο
2314 3798 2485 3854 chare
2515 3802 2569 3853 et
2602 3797 2747 3853 bone
2781 3793 3047 3867 Dionysi;
3078 3794 3191 3849 diis
3235 3793 3446 3849 nostris
3477 3793 3657 3848 sacri-

2005 3889 2178 3945 ﬁcare
2228 3886 2628 3959 persuadearis
2656 3889 2713 3941 et
2741 3884 2854 3941 eris
2885 3900 3018 3938 cum
3050 3883 3167 3939 tuis
3198 3883 3423 3953 primus
3455 3898 3655 3937 eorum

2005 3979 2103 4049 qui
2127 3982 2264 4033 sunt
2285 3977 2395 4033 sub
2417 3976 2678 4047 imperio.
2708 3995 2735 4023 »
2760 3973 2861 4029 Ille
2883 3976 3076 4028 autem
3104 3989 3117 4027 :
3144 3994 3172 4021 ‹‹
3200 3971 3421 4039 Vester,
3445 3971 3654 4040 inquit,

2005 4068 2098 4122 hic
2128 4083 2289 4122 error
2336 4071 2427 4124 est
2482 4066 2644 4137 pejor
2688 4063 2902 4135 priore,
2935 4062 2988 4118 si
3016 4060 3236 4133 putetis
3266 4061 3409 4126 fore,
3441 4064 3508 4115 ut
3540 4076 3652 4127 me,

2003 4162 2105 4213 aut
2137 4171 2398 4212 meorum
2445 4154 2697 4226 aliquem
2745 4150 3061 4208 seducatis.
3095 4151 3211 4205 Hoc
3241 4149 3395 4205 enim
3429 4148 3654 4217 sciatis,

2005 4248 2155 4319 quod
2191 4264 2296 4304 nos
2330 4263 2444 4302 non
2474 4245 2748 4315 honores,
2779 4259 2894 4299 non
2926 4239 3312 4309 contumeliae,
3345 4257 3461 4296 non
3490 4238 3653 4296 blan-

248 4333 428 4400 ditias,
462 4349 573 4389 non
606 4338 918 4404 tormenta,
951 4351 1138 4407 neque
1168 4336 1389 4409 aliquid
1422 4337 1577 4392 aliud
1605 4338 1842 4393 omnino
1874 4339 2162 4412 separabit
2194 4356 2226 4393 a
2257 4337 2502 4391 Christo.
2539 4357 2567 4384 »

322 4424 620 4495 Ἐντεῦθεν,
652 4424 767 4480 ἐπεὶ
822 4429 897 4498 μή
950 4427 1058 4481 οἷοί
1103 4447 1161 4481 τε
1212 4429 1415 4491 πείθειν
1472 4428 1788 4503 ἐτύγχανον,
1834 4430 1894 4483 τὸ

250 4518 597 4585 προσωπεῖον
674 4515 763 4569 καὶ
818 4516 918 4585 τήν
959 4515 1238 4589 ὑπόκρισιν
1299 4517 1647 4591 ἀποθέμενοι,
1706 4522 1783 4589 τῷ
1837 4539 1896 4573 τε

251 4607 409 4674 θυμῷ
439 4599 607 4657 πλέον
651 4601 919 4673 ζέσαντες,
973 4605 1065 4659 καὶ
1112 4613 1215 4675 τῆς
1260 4604 1517 4681 καθέδρας
1575 4608 1797 4680 μανικόν
1844 4629 1894 4662 τι

246 4690 335 4745 καὶ
381 4691 883 4765 παρακεκινημένον
938 4691 1327 4762 ἐξαναστάντες.
1379 4719 1405 4745 ‹‹
1442 4698 1571 4768 Παρ’
1617 4698 1792 4769 ὑμῶν,
1844 4697 1888 4750 ὦ

249 4778 491 4849 ἀνόητοι.
534 4779 797 4852 Διονυσίῳ
838 4782 960 4857 φασὶ
1009 4784 1097 4837 καὶ
1139 4788 1255 4845 τοῖς
1300 4783 1433 4855 μετὰ
1479 4786 1670 4850 αὐτοῦ,
1722 4786 1787 4839 τά
1833 4806 1891 4840 τε

248 4870 354 4921 τῶν
389 4872 524 4930 θεῶν
564 4868 878 4942 ἀτιμοῦται,
909 4871 996 4924 καὶ
1028 4870 1094 4925 τὰ
1121 4874 1217 4925 τοῦ
1246 4872 1642 4947 αὐτοκράτορος
1678 4896 1889 4946 μυκτη-

248 4954 471 5029 ρίζεται,
502 4959 590 5012 καὶ
629 4964 886 5032 μαγικαῖς
928 4959 1189 5021 ἐπινοίαις
1240 4957 1397 5029 δῆθεν
1430 4963 1502 5023 ὡς
1548 4975 1884 5036 θαυματουρ-

246 5045 393 5119 γίαις
425 5046 581 5117 ὑμεῖς
602 5046 729 5108 τοὺς
765 5049 870 5103 ὑπὸ
899 5050 996 5116 τὴν
1023 5046 1230 5103 τδὺτων
1265 5050 1440 5124 ἀρχὴν
1467 5052 1770 5107 ὑποσυλᾶτε
1800 5054 1888 5106 καὶ

243 5134 613 5211 σφετερίζεσθε
646 5156 661 5207 ;
695 5160 721 5188 ι)
748 5137 815 5193 Οἱ
839 5135 894 5192 δὲ
916 5139 1079 5210 ἅγιοι,
1106 5164 1133 5190 ‹‹
1157 5141 1378 5211 Ὅμοιοι
1420 5141 1602 5202 αὐτοῖς
1650 5143 1889 5217 γένοιντο

243 5223 294 5277 οἱ
333 5227 643 5295 τιμῶντεςί
697 5249 725 5277 ››
783 5231 882 5299 μιᾷ
918 5230 1054 5298 πρὸς
1097 5228 1293 5289 αὐτοὺς
1342 5227 1540 5305 ἔφησαν
1712 5236 1888 5304 φωνῇ·

250 5334 270 5362 ι
306 5312 469 5383 ἡμεῖς
512 5310 569 5366 δε
627 5312 688 5368 οὐ
755 5321 1007 5391 μαγικαῖς
1057 5314 1345 5386 ἐπινοίαις,
1398 5320 1470 5379 ὡς
1540 5319 1690 5373 αὐτοί
1740 5340 1889 5394 φατε,

246 5396 397 5454 ἀλλα
425 5404 491 5471 τῇ
522 5406 622 5454 τοῦ
651 5407 785 5457 Θεοῦ
816 5406 977 5475 ἡμῶν
1010 5405 1097 5459 καὶ
1140 5410 1207 5480 τῇ
1257 5412 1355 5461 τοῦ
1403 5413 1678 5476 ζωοποιοῦ
1726 5410 1892 5461 αὐτοῦ

243 5489 557 5563 Πνεῦματος
609 5490 897 5563 ἐπικλήσει
948 5493 1036 5549 καί
1088 5493 1322 5570 ἐνεργείᾳ
1373 5494 1602 5574 τυφλοῖς
1656 5498 1717 5551 τὸ
1770 5498 1893 5571 βλέ-

240 5600 384 5649 πειν,
426 5585 632 5659 γωφοῖς
662 5582 725 5637 τὸ
757 5581 971 5655 λαλεῖν,
1018 5586 1171 5657 βάσιν
1205 5606 1261 5641 τε
1292 5586 1531 5665 χωλοῖς,
1564 5587 1653 5641 καὶ
1696 5584 1894 5660 δαιμο-

2078 4431 2361 4501 Deinceps
2390 4445 2523 4499 ergo
2568 4443 2702 4483 cum
2737 4442 2853 4481 non
2884 4426 3121 4490 possent
3148 4423 3520 4496 persuadere,
3554 4421 3652 4477 de-

2006 4520 2195 4590 posita
2227 4534 2475 4591 persona
2499 4521 2554 4574 et
2577 4516 2972 4583 simulatione,
2997 4530 3131 4569 cum
3154 4513 3240 4567 ira
3271 4511 3460 4583 magis
3489 4511 3653 4566 effer-

1920 4592 1978 4657 D
2006 4608 2287 4673 buissent,
2318 4611 2376 4663 et
2406 4623 2436 4663 e
2468 4605 2742 4661 cathedra
2784 4603 3022 4669 furiose,
3055 4606 3111 4656 et
3141 4604 3335 4657 mente
3368 4600 3651 4669 quodam—

2000 4699 2171 4752 modo
2218 4701 2408 4752 emota
2462 4694 2853 4751 surrexissent
2887 4708 2900 4746 :
2940 4713 2968 4740 «
3011 4692 3056 4745 A
3090 4689 3270 4757 vobis,
3304 4706 3337 4745 ο
3367 4691 3649 4755 amentes,

2004 4785 2274 4858 Dionysio
2305 4784 2528 4852 dicunt,
2551 4787 2606 4838 et
2636 4782 2707 4837 ii
2738 4781 2836 4852 qui
2867 4796 2999 4837 cum
3033 4780 3156 4851 ipso
3188 4785 3370 4845 erant,
3401 4775 3480 4831 dii
3513 4792 3648 4831 con-

2003 4884 2363 4943 temnuntur,
2396 4878 2453 4929 et
2483 4874 2800 4943 imperator
2847 4871 3115 4927 irridetur
3141 4886 3153 4923 :
3186 4872 3243 4924 et
3273 4868 3495 4923 artibus
3526 4883 3649 4921 ma-

2001 4968 2165 5039 gicis,
2205 4964 2444 5037 perinde
2501 4979 2566 5018 ac
2617 4959 2942 5025 miraculis,
2974 4975 3093 5028 eos,
3129 4958 3228 5031 qui
3271 4958 3395 5027 ejus
3444 4959 3652 5028 parent

2002 5055 2267 5126 imperio,
2302 5053 2371 5108 ab
2403 5068 2468 5107 eo
2502 5051 2812 5118 abducitis,
2846 5054 2903 5105 et
2932 5050 3001 5104 ad
3029 5051 3249 5103 vestras
3297 5049 3489 5116 partes
3537 5049 3651 5100 tra-

2002 5143 2255 5200 ducitis?
2279 5165 2303 5191 »
2326 5140 2521 5197 Sancti
2544 5144 2759 5207 autem,
2777 5161 2803 5190 ‹‹
2829 5136 3062 5194 Similes
3085 5136 3167 5191 eis
3192 5135 3352 5201 fiant,
3372 5133 3472 5203 qui
3493 5133 3649 5204 ipsos

2000 5235 2223 5298 colunt,
2242 5231 2367 5287 neis
2383 5248 2498 5285 una
2520 5246 2653 5286 voce
2674 5228 2970 5295 dixerunt;
2998 5248 3020 5277 ιι
3044 5242 3148 5279 nos
3172 5230 3362 5277 autem
3389 5238 3501 5277 non
3532 5237 3650 5275 ma-

2002 5322 2143 5393 gicis
2195 5322 2438 5389 artibus,
2474 5325 2537 5373 ut
2568 5319 2779 5384 dicitis,
2817 5318 2911 5372 sed
2959 5316 3055 5369 Dei
3104 5314 3282 5367 nostri
3335 5316 3390 5366 et
3436 5310 3644 5365 viviﬁci

2002 5413 2129 5481 ejus
2180 5410 2433 5482 Spiritus
2474 5407 2832 5463 invocatione
2873 5410 2931 5459 et
2970 5402 3321 5474 operatione,
3355 5401 3519 5456 caecis
3566 5400 3647 5453 vi-

2001 5517 2153 5565 sum,
2188 5500 2367 5554 mutis
2415 5512 2767 5565 sermonem,
2800 5493 3026 5549 claudis
3056 5493 3412 5563 ingressum,
3444 5493 3501 5544 et
3531 5489 3645 5542 daa-

2003 5588 2287 5645 moniacis
2336 5587 2662 5660 prebemus
2717 5583 3097 5640 curationem.
3132 5583 3388 5647 Quorum
3430 5593 3501 5633 ne
3531 5578 3642 5633 sibi

314 5702 380 5772 (')
411 5702 527 5760 Aut
555 5702 869 5777 legendum
902 5704 1129 5780 χείρονα
1160 5707 1283 5766 sine
1313 5707 1400 5780 οὐ,
1434 5724 1563 5766 cum
1595 5708 1895 5782 interprete

2006 5713 2061 5767 ut
2093 5708 2468 5767 scribendum
2498 5702 2559 5760 οὑ
2591 5707 2889 5783 κρείττονα.
2924 5707 3081 5762 Eutr.
3117 5706 3282 5759 PATR.
