  <div class='ocr_page' id='page_1' title='image "/cluster/home/n/w/nwhite01/storage/ocr_20150623/115/hvd.32044073502262/529.png"; bbox 0 0 4042 6222; ppageno 0'>
   <div class='ocr_carea' id='block_1_1' title="bbox 391 297 551 357">
    <p class='ocr_par' dir='ltr' id='par_1_1' title="bbox 391 297 551 357">
     <span class='ocr_line' id='line_1_1' title="bbox 391 297 551 357; baseline 0 0"><span class='ocrx_word' id='word_1_1' title='bbox 391 297 470 357; x_wconf 91' lang='grc'><strong>10</strong></span> <span class='ocrx_word' id='word_1_2' title='bbox 482 297 551 357; x_wconf 73' lang='grc' dir='ltr'><strong>ιτ</strong></span> 
     </span>
    </p>
   </div>
   <div class='ocr_carea' id='block_1_2' title="bbox 1745 290 2461 358">
    <p class='ocr_par' dir='ltr' id='par_1_2' title="bbox 1745 290 2461 358">
     <span class='ocr_line' id='line_1_2' title="bbox 1745 290 2461 358; baseline -0.004 0"><span class='ocrx_word' id='word_1_3' title='bbox 1745 295 2034 358; x_wconf 88' lang='lat' dir='ltr'><strong>MENSIS</strong></span> <span class='ocrx_word' id='word_1_4' title='bbox 2077 290 2461 358; x_wconf 80' lang='lat' dir='ltr'><strong>OGTOBER.</strong></span> 
     </span>
    </p>
   </div>
   <div class='ocr_carea' id='block_1_3' title="bbox 3655 284 3813 347">
    <p class='ocr_par' dir='ltr' id='par_1_3' title="bbox 3655 284 3813 347">
     <span class='ocr_line' id='line_1_3' title="bbox 3655 284 3813 347; baseline 0 0"><span class='ocrx_word' id='word_1_5' title='bbox 3655 284 3813 347; x_wconf 67' lang='grc'><strong>1048</strong></span> 
     </span>
    </p>
   </div>
   <div class='ocr_carea' id='block_1_4' title="bbox 392 446 2070 529">
    <p class='ocr_par' dir='ltr' id='par_1_4' title="bbox 392 452 2039 529">
     <span class='ocr_line' id='line_1_4' title="bbox 392 452 2039 529; baseline 0.002 -22"><span class='ocrx_word' id='word_1_6' title='bbox 392 452 629 524; x_wconf 86' lang='lat' dir='ltr'><strong>quidem</strong></span> <span class='ocrx_word' id='word_1_7' title='bbox 648 460 894 524; x_wconf 90' lang='lat' dir='ltr'><strong>possunt</strong></span> <span class='ocrx_word' id='word_1_8' title='bbox 910 454 1082 510; x_wconf 83' lang='lat' dir='ltr'><strong>vestri</strong></span> <span class='ocrx_word' id='word_1_9' title='bbox 1107 454 1186 509; x_wconf 90' lang='lat' dir='ltr'><strong>dii</strong></span> <span class='ocrx_word' id='word_1_10' title='bbox 1211 454 1534 528; x_wconf 80' lang='lat' dir='ltr'><strong>quidquam</strong></span> <span class='ocrx_word' id='word_1_11' title='bbox 1557 456 1838 529; x_wconf 65' lang='lat' dir='ltr'><strong>prebere,</strong></span> <span class='ocrx_word' id='word_1_12' title='bbox 1857 460 1920 511; x_wconf 87' lang='lat' dir='ltr'><strong>ut</strong></span> <span class='ocrx_word' id='word_1_13' title='bbox 1938 472 2039 528; x_wconf 79' lang='lat' dir='ltr'><strong>qui</strong></span> 
     </span>
    </p>
   </div>
   <div class='ocr_carea' id='block_1_5' title="bbox 2183 446 3806 529">
    <p class='ocr_par' dir='ltr' id='par_1_5' title="bbox 2184 446 3806 528">
     <span class='ocr_line' id='line_1_5' title="bbox 2184 446 3806 528; baseline -0.005 -20"><span class='ocrx_word' id='word_1_14' title='bbox 2184 457 2281 508; x_wconf 83' lang='grc' dir='ltr'>ὦσι</span> <span class='ocrx_word' id='word_1_15' title='bbox 2314 451 2660 528; x_wconf 68' lang='grc' dir='ltr'><strong>προσέχομεν</strong></span> <span class='ocrx_word' id='word_1_16' title='bbox 2712 449 2881 505; x_wconf 69' lang='grc' dir='ltr'>ἳασιν·</span> <span class='ocrx_word' id='word_1_17' title='bbox 2951 450 3028 504; x_wconf 81' lang='grc' dir='ltr'>ὧν</span> <span class='ocrx_word' id='word_1_18' title='bbox 3089 447 3216 505; x_wconf 73' lang='grc' dir='ltr'>οὐδὲ</span> <span class='ocrx_word' id='word_1_19' title='bbox 3271 450 3484 510; x_wconf 74' lang='grc' dir='ltr'>ἑαυτοῖς</span> <span class='ocrx_word' id='word_1_20' title='bbox 3545 446 3702 502; x_wconf 67' lang='grc' dir='ltr'>οὐδὲν</span> <span class='ocrx_word' id='word_1_21' title='bbox 3757 449 3806 500; x_wconf 73' lang='grc' dir='ltr'>οἱ</span> 
     </span>
    </p>
   </div>
   <div class='ocr_carea' id='block_1_6' title="bbox 391 540 2044 618">
    <p class='ocr_par' dir='ltr' id='par_1_6' title="bbox 391 540 2044 618">
     <span class='ocr_line' id='line_1_6' title="bbox 391 540 2044 618; baseline 0.001 -20"><span class='ocrx_word' id='word_1_22' title='bbox 391 544 512 598; x_wconf 83' lang='lat' dir='ltr'><strong>sint</strong></span> <span class='ocrx_word' id='word_1_23' title='bbox 541 540 699 614; x_wconf 91' lang='lat' dir='ltr'><strong>ligna</strong></span> <span class='ocrx_word' id='word_1_24' title='bbox 729 550 782 598; x_wconf 87' lang='lat' dir='ltr'><strong>et</strong></span> <span class='ocrx_word' id='word_1_25' title='bbox 811 543 1058 615; x_wconf 79' lang='lat' dir='ltr'><strong>lapides.</strong></span> <span class='ocrx_word' id='word_1_26' title='bbox 1084 543 1151 599; x_wconf 85' lang='lat' dir='ltr'><strong>Os</strong></span> <span class='ocrx_word' id='word_1_27' title='bbox 1171 546 1325 599; x_wconf 81' lang='lat' dir='ltr'><strong>enim</strong></span> <span class='ocrx_word' id='word_1_28' title='bbox 1355 545 1573 615; x_wconf 72' lang='lat' dir='ltr'><strong>habent,</strong></span> <span class='ocrx_word' id='word_1_29' title='bbox 1597 554 1646 602; x_wconf 74' lang='lat' dir='ltr'><strong>et</strong></span> <span class='ocrx_word' id='word_1_30' title='bbox 1676 561 1783 602; x_wconf 79' lang='lat' dir='ltr'><strong>non</strong></span> <span class='ocrx_word' id='word_1_31' title='bbox 1815 545 2044 618; x_wconf 83' lang='lat' dir='ltr'><strong>loquun-</strong></span> 
     </span>
    </p>
   </div>
   <div class='ocr_carea' id='block_1_7' title="bbox 394 631 2039 704">
    <p class='ocr_par' dir='ltr' id='par_1_7' title="bbox 394 631 2039 704">
     <span class='ocr_line' id='line_1_7' title="bbox 394 631 2039 704; baseline 0.001 -18"><span class='ocrx_word' id='word_1_32' title='bbox 394 640 485 686; x_wconf 75' lang='lat' dir='ltr'><strong>tur</strong></span> <span class='ocrx_word' id='word_1_33' title='bbox 513 648 525 684; x_wconf 94' lang='lat'>:</span> <span class='ocrx_word' id='word_1_34' title='bbox 559 631 761 699; x_wconf 73' lang='lat' dir='ltr'><strong>oculos,</strong></span> <span class='ocrx_word' id='word_1_35' title='bbox 795 635 844 686; x_wconf 82' lang='lat' dir='ltr'><strong>et</strong></span> <span class='ocrx_word' id='word_1_36' title='bbox 879 647 986 688; x_wconf 86' lang='lat' dir='ltr'><strong>non</strong></span> <span class='ocrx_word' id='word_1_37' title='bbox 1017 632 1203 688; x_wconf 76' lang='lat' dir='ltr'><strong>vident</strong></span> <span class='ocrx_word' id='word_1_38' title='bbox 1231 649 1242 686; x_wconf 92' lang='lat'><strong>:</strong></span> <span class='ocrx_word' id='word_1_39' title='bbox 1277 650 1463 704; x_wconf 76' lang='lat' dir='ltr'><strong>aures,</strong></span> <span class='ocrx_word' id='word_1_40' title='bbox 1497 640 1547 691; x_wconf 84' lang='lat' dir='ltr'><strong>et</strong></span> <span class='ocrx_word' id='word_1_41' title='bbox 1579 650 1687 690; x_wconf 83' lang='lat' dir='ltr'><strong>non</strong></span> <span class='ocrx_word' id='word_1_42' title='bbox 1726 633 1963 689; x_wconf 76' lang='lat' dir='ltr'><strong>audiunt</strong></span> <span class='ocrx_word' id='word_1_43' title='bbox 1994 631 2039 687; x_wconf 62' lang='grc' dir='ltr'><strong>κ.</strong></span> 
     </span>
    </p>
   </div>
   <div class='ocr_carea' id='block_1_8' title="bbox 396 719 2045 794">
    <p class='ocr_par' dir='ltr' id='par_1_8' title="bbox 396 719 2045 794">
     <span class='ocr_line' id='line_1_8' title="bbox 396 719 2045 794; baseline 0.001 -20"><span class='ocrx_word' id='word_1_44' title='bbox 396 719 589 775; x_wconf 89' lang='lat' dir='ltr'><strong>Unum</strong></span> <span class='ocrx_word' id='word_1_45' title='bbox 613 720 721 776; x_wconf 89' lang='lat' dir='ltr'><strong>hoc</strong></span> <span class='ocrx_word' id='word_1_46' title='bbox 743 719 935 776; x_wconf 88' lang='lat' dir='ltr'><strong>solum</strong></span> <span class='ocrx_word' id='word_1_47' title='bbox 961 721 1125 776; x_wconf 87' lang='lat' dir='ltr'><strong>vobis</strong></span> <span class='ocrx_word' id='word_1_48' title='bbox 1147 722 1446 778; x_wconf 78' lang='lat' dir='ltr'><strong>efﬁciunt:</strong></span> <span class='ocrx_word' id='word_1_49' title='bbox 1474 724 1800 780; x_wconf 90' lang='lat' dir='ltr'><strong>accendunt</strong></span> <span class='ocrx_word' id='word_1_50' title='bbox 1822 723 2045 794; x_wconf 84' lang='lat' dir='ltr'><strong>ignem,</strong></span> 
     </span>
    </p>
   </div>
   <div class='ocr_carea' id='block_1_9' title="bbox 398 807 2045 882">
    <p class='ocr_par' dir='ltr' id='par_1_9' title="bbox 398 807 2045 882">
     <span class='ocr_line' id='line_1_9' title="bbox 398 807 2045 882; baseline 0.002 -20"><span class='ocrx_word' id='word_1_51' title='bbox 398 807 496 878; x_wconf 90' lang='lat' dir='ltr'><strong>qui</strong></span> <span class='ocrx_word' id='word_1_52' title='bbox 522 824 825 878; x_wconf 82' lang='lat' dir='ltr'><strong>nunquam</strong></span> <span class='ocrx_word' id='word_1_53' title='bbox 846 808 1091 866; x_wconf 82' lang='lat' dir='ltr'><strong>desinet.</strong></span> <span class='ocrx_word' id='word_1_54' title='bbox 1116 832 1143 858; x_wconf 86' lang='lat'>»</span> <span class='ocrx_word' id='word_1_55' title='bbox 1163 811 1242 865; x_wconf 89' lang='lat' dir='ltr'><strong>Ad</strong></span> <span class='ocrx_word' id='word_1_56' title='bbox 1257 827 1454 866; x_wconf 80' lang='lat' dir='ltr'><strong>versus</strong></span> <span class='ocrx_word' id='word_1_57' title='bbox 1477 811 1594 866; x_wconf 75' lang='lat' dir='ltr'><strong>hzec</strong></span> <span class='ocrx_word' id='word_1_58' title='bbox 1621 829 1752 867; x_wconf 91' lang='lat' dir='ltr'><strong>cum</strong></span> <span class='ocrx_word' id='word_1_59' title='bbox 1774 827 1888 866; x_wconf 90' lang='lat' dir='ltr'><strong>non</strong></span> <span class='ocrx_word' id='word_1_60' title='bbox 1913 826 2045 882; x_wconf 80' lang='lat' dir='ltr'><strong>pos-</strong></span> 
     </span>
    </p>
   </div>
   <div class='ocr_carea' id='block_1_10' title="bbox 400 897 2048 970">
    <p class='ocr_par' dir='ltr' id='par_1_10' title="bbox 400 897 2048 970">
     <span class='ocr_line' id='line_1_10' title="bbox 400 897 2048 970; baseline 0.001 -19"><span class='ocrx_word' id='word_1_61' title='bbox 400 900 529 952; x_wconf 91' lang='lat' dir='ltr'><strong>sent</strong></span> <span class='ocrx_word' id='word_1_62' title='bbox 560 897 788 967; x_wconf 88' lang='lat' dir='ltr'><strong>tyranni</strong></span> <span class='ocrx_word' id='word_1_63' title='bbox 823 898 1237 967; x_wconf 75' lang='lat' dir='ltr'><strong>contradicere,</strong></span> <span class='ocrx_word' id='word_1_64' title='bbox 1272 904 1431 956; x_wconf 91' lang='lat' dir='ltr'><strong>torve</strong></span> <span class='ocrx_word' id='word_1_65' title='bbox 1457 905 1512 956; x_wconf 92' lang='lat' dir='ltr'><strong>et</strong></span> <span class='ocrx_word' id='word_1_66' title='bbox 1535 901 1741 958; x_wconf 87' lang='lat' dir='ltr'><strong>insane</strong></span> <span class='ocrx_word' id='word_1_67' title='bbox 1770 916 1867 958; x_wconf 87' lang='lat' dir='ltr'><strong>eos</strong></span> <span class='ocrx_word' id='word_1_68' title='bbox 1897 899 2048 970; x_wconf 90' lang='lat' dir='ltr'><strong>aspi-</strong></span> 
     </span>
    </p>
   </div>
   <div class='ocr_carea' id='block_1_11' title="bbox 402 985 2046 1062">
    <p class='ocr_par' dir='ltr' id='par_1_11' title="bbox 402 985 2046 1062">
     <span class='ocr_line' id='line_1_11' title="bbox 402 985 2046 1062; baseline 0.003 -23"><span class='ocrx_word' id='word_1_69' title='bbox 402 985 642 1055; x_wconf 75' lang='lat' dir='ltr'><strong>cientes,</strong></span> <span class='ocrx_word' id='word_1_70' title='bbox 704 987 924 1043; x_wconf 74' lang='lat' dir='ltr'><strong>strictis</strong></span> <span class='ocrx_word' id='word_1_71' title='bbox 994 989 1207 1060; x_wconf 84' lang='lat' dir='ltr'><strong>gladiis</strong></span> <span class='ocrx_word' id='word_1_72' title='bbox 1274 1006 1338 1046; x_wconf 92' lang='lat' dir='ltr'><strong>se</strong></span> <span class='ocrx_word' id='word_1_73' title='bbox 1405 995 1608 1062; x_wconf 85' lang='lat' dir='ltr'><strong>parant</strong></span> <span class='ocrx_word' id='word_1_74' title='bbox 1662 991 1732 1046; x_wconf 89' lang='lat' dir='ltr'><strong>ad</strong></span> <span class='ocrx_word' id='word_1_75' title='bbox 1791 990 2046 1058; x_wconf 66' lang='lat' dir='ltr'><strong>caedem;</strong></span> 
     </span>
    </p>
   </div>
   <div class='ocr_carea' id='block_1_12' title="bbox 401 1075 2049 1147">
    <p class='ocr_par' dir='ltr' id='par_1_12' title="bbox 401 1075 2049 1147">
     <span class='ocr_line' id='line_1_12' title="bbox 401 1075 2049 1147; baseline 0.001 -17"><span class='ocrx_word' id='word_1_76' title='bbox 401 1080 458 1130; x_wconf 87' lang='lat' dir='ltr'><strong>et</strong></span> <span class='ocrx_word' id='word_1_77' title='bbox 489 1091 646 1141; x_wconf 92' lang='lat' dir='ltr'><strong>cum,</strong></span> <span class='ocrx_word' id='word_1_78' title='bbox 680 1080 963 1147; x_wconf 88' lang='lat' dir='ltr'><strong>tanquam</strong></span> <span class='ocrx_word' id='word_1_79' title='bbox 997 1075 1164 1146; x_wconf 85' lang='lat' dir='ltr'><strong>signo</strong></span> <span class='ocrx_word' id='word_1_80' title='bbox 1197 1076 1353 1145; x_wconf 87' lang='lat' dir='ltr'><strong>dato,</strong></span> <span class='ocrx_word' id='word_1_81' title='bbox 1387 1093 1488 1132; x_wconf 91' lang='lat' dir='ltr'><strong>eos</strong></span> <span class='ocrx_word' id='word_1_82' title='bbox 1519 1077 1856 1134; x_wconf 79' lang='lat' dir='ltr'><strong>eduxissent</strong></span> <span class='ocrx_word' id='word_1_83' title='bbox 1885 1080 2049 1132; x_wconf 81' lang='lat' dir='ltr'><strong>extra</strong></span> 
     </span>
    </p>
   </div>
   <div class='ocr_carea' id='block_1_13' title="bbox 403 1164 2048 1238">
    <p class='ocr_par' dir='ltr' id='par_1_13' title="bbox 403 1164 2048 1238">
     <span class='ocr_line' id='line_1_13' title="bbox 403 1164 2048 1238; baseline 0.001 -18"><span class='ocrx_word' id='word_1_84' title='bbox 403 1165 715 1233; x_wconf 89' lang='lat' dir='ltr'><strong>civitatem,</strong></span> <span class='ocrx_word' id='word_1_85' title='bbox 746 1164 970 1220; x_wconf 90' lang='lat' dir='ltr'><strong>vinctos</strong></span> <span class='ocrx_word' id='word_1_86' title='bbox 1018 1165 1243 1221; x_wconf 88' lang='lat' dir='ltr'><strong>ducunt</strong></span> <span class='ocrx_word' id='word_1_87' title='bbox 1294 1166 1366 1222; x_wconf 92' lang='lat' dir='ltr'><strong>ad</strong></span> <span class='ocrx_word' id='word_1_88' title='bbox 1407 1168 1701 1238; x_wconf 84' lang='lat' dir='ltr'><strong>quoddam</strong></span> <span class='ocrx_word' id='word_1_89' title='bbox 1741 1181 2048 1234; x_wconf 86' lang='lat' dir='ltr'><strong>cacumen,</strong></span> 
     </span>
    </p>
   </div>
   <div class='ocr_carea' id='block_1_14' title="bbox 403 1253 2052 1324">
    <p class='ocr_par' dir='ltr' id='par_1_14' title="bbox 403 1253 2052 1324">
     <span class='ocr_line' id='line_1_14' title="bbox 403 1253 2052 1324; baseline 0.002 -17"><span class='ocrx_word' id='word_1_90' title='bbox 403 1258 460 1308; x_wconf 91' lang='lat' dir='ltr'><strong>et</strong></span> <span class='ocrx_word' id='word_1_91' title='bbox 504 1256 748 1310; x_wconf 85' lang='lat' dir='ltr'><strong>tradunt</strong></span> <span class='ocrx_word' id='word_1_92' title='bbox 795 1253 1124 1324; x_wconf 81' lang='lat' dir='ltr'><strong>lictoribus,</strong></span> <span class='ocrx_word' id='word_1_93' title='bbox 1159 1257 1224 1310; x_wconf 90' lang='lat' dir='ltr'><strong>ut</strong></span> <span class='ocrx_word' id='word_1_94' title='bbox 1252 1270 1352 1311; x_wconf 87' lang='lat' dir='ltr'><strong>eos</strong></span> <span class='ocrx_word' id='word_1_95' title='bbox 1396 1255 1768 1312; x_wconf 85' lang='lat' dir='ltr'><strong>interﬁciant.</strong></span> <span class='ocrx_word' id='word_1_96' title='bbox 1826 1257 2052 1311; x_wconf 82' lang='lat' dir='ltr'><strong>Interea</strong></span> 
     </span>
    </p>
   </div>
   <div class='ocr_carea' id='block_1_15' title="bbox 403 1345 2054 1417">
    <p class='ocr_par' dir='ltr' id='par_1_15' title="bbox 403 1345 2054 1417">
     <span class='ocr_line' id='line_1_15' title="bbox 403 1345 2054 1417; baseline 0.001 -19"><span class='ocrx_word' id='word_1_97' title='bbox 403 1347 597 1398; x_wconf 86' lang='lat' dir='ltr'><strong>autem</strong></span> <span class='ocrx_word' id='word_1_98' title='bbox 632 1347 834 1414; x_wconf 89' lang='lat' dir='ltr'><strong>petunt</strong></span> <span class='ocrx_word' id='word_1_99' title='bbox 863 1345 1050 1400; x_wconf 87' lang='lat' dir='ltr'><strong>sancti</strong></span> <span class='ocrx_word' id='word_1_100' title='bbox 1081 1349 1313 1416; x_wconf 88' lang='lat' dir='ltr'><strong>tempus</strong></span> <span class='ocrx_word' id='word_1_101' title='bbox 1353 1345 1650 1417; x_wconf 89' lang='lat' dir='ltr'><strong>precandi,</strong></span> <span class='ocrx_word' id='word_1_102' title='bbox 1680 1345 1922 1401; x_wconf 85' lang='lat' dir='ltr'><strong>ﬂectunt</strong></span> <span class='ocrx_word' id='word_1_103' title='bbox 1957 1359 2054 1416; x_wconf 89' lang='lat' dir='ltr'><strong>ge-</strong></span> 
     </span>
    </p>
   </div>
   <div class='ocr_carea' id='block_1_16' title="bbox 410 1433 2054 1508">
    <p class='ocr_par' dir='ltr' id='par_1_16' title="bbox 410 1433 2054 1508">
     <span class='ocr_line' id='line_1_16' title="bbox 410 1433 2054 1508; baseline 0.001 -20"><span class='ocrx_word' id='word_1_104' title='bbox 410 1450 543 1490; x_wconf 90' lang='lat' dir='ltr'><strong>nua.</strong></span> <span class='ocrx_word' id='word_1_105' title='bbox 577 1434 728 1489; x_wconf 90' lang='lat' dir='ltr'><strong>Tum</strong></span> <span class='ocrx_word' id='word_1_106' title='bbox 759 1439 1169 1491; x_wconf 88' lang='lat' dir='ltr'><strong>sacrosanctus</strong></span> <span class='ocrx_word' id='word_1_107' title='bbox 1216 1433 1429 1491; x_wconf 87' lang='lat' dir='ltr'><strong>Christi</strong></span> <span class='ocrx_word' id='word_1_108' title='bbox 1463 1440 1683 1508; x_wconf 84' lang='lat' dir='ltr'><strong>martyr</strong></span> <span class='ocrx_word' id='word_1_109' title='bbox 1714 1435 2054 1506; x_wconf 87' lang='lat' dir='ltr'><strong>Dionysius,</strong></span> 
     </span>
    </p>
   </div>
   <div class='ocr_carea' id='block_1_17' title="bbox 410 1523 2056 1595">
    <p class='ocr_par' dir='ltr' id='par_1_17' title="bbox 410 1523 2056 1595">
     <span class='ocr_line' id='line_1_17' title="bbox 410 1523 2056 1595; baseline 0.002 -18"><span class='ocrx_word' id='word_1_110' title='bbox 410 1523 661 1579; x_wconf 87' lang='lat' dir='ltr'><strong>sublatis</strong></span> <span class='ocrx_word' id='word_1_111' title='bbox 693 1523 751 1578; x_wconf 90' lang='lat' dir='ltr'><strong>in</strong></span> <span class='ocrx_word' id='word_1_112' title='bbox 783 1524 996 1581; x_wconf 78' lang='lat' dir='ltr'><strong>coelum</strong></span> <span class='ocrx_word' id='word_1_113' title='bbox 1027 1524 1213 1582; x_wconf 88' lang='lat' dir='ltr'><strong>oculis</strong></span> <span class='ocrx_word' id='word_1_114' title='bbox 1237 1542 1249 1580; x_wconf 84' lang='lat'>:</span> <span class='ocrx_word' id='word_1_115' title='bbox 1275 1547 1303 1575; x_wconf 84' lang='lat'><strong>«</strong></span> <span class='ocrx_word' id='word_1_116' title='bbox 1337 1525 1582 1581; x_wconf 90' lang='lat' dir='ltr'><strong>Domine</strong></span> <span class='ocrx_word' id='word_1_117' title='bbox 1613 1526 1766 1582; x_wconf 85' lang='lat' dir='ltr'><strong>Deus</strong></span> <span class='ocrx_word' id='word_1_118' title='bbox 1793 1525 2056 1595; x_wconf 90' lang='lat' dir='ltr'><strong>omnipo-</strong></span> 
     </span>
    </p>
   </div>
   <div class='ocr_carea' id='block_1_18' title="bbox 408 1613 2054 1687">
    <p class='ocr_par' dir='ltr' id='par_1_18' title="bbox 408 1613 2054 1687">
     <span class='ocr_line' id='line_1_18' title="bbox 408 1613 2054 1687; baseline 0.003 -21"><span class='ocrx_word' id='word_1_119' title='bbox 408 1617 558 1679; x_wconf 86' lang='lat' dir='ltr'><strong>tens,</strong></span> <span class='ocrx_word' id='word_1_120' title='bbox 607 1613 738 1680; x_wconf 87' lang='lat' dir='ltr'><strong>Fili,</strong></span> <span class='ocrx_word' id='word_1_121' title='bbox 786 1614 1002 1686; x_wconf 86' lang='lat' dir='ltr'><strong>inquit,</strong></span> <span class='ocrx_word' id='word_1_122' title='bbox 1059 1614 1380 1687; x_wconf 90' lang='lat' dir='ltr'><strong>unigenite,</strong></span> <span class='ocrx_word' id='word_1_123' title='bbox 1430 1619 1486 1670; x_wconf 92' lang='lat' dir='ltr'><strong>et</strong></span> <span class='ocrx_word' id='word_1_124' title='bbox 1535 1620 1732 1671; x_wconf 89' lang='lat' dir='ltr'><strong>sancte</strong></span> <span class='ocrx_word' id='word_1_125' title='bbox 1781 1615 2054 1686; x_wconf 90' lang='lat' dir='ltr'><strong>Spiritus,</strong></span> 
     </span>
    </p>
   </div>
   <div class='ocr_carea' id='block_1_19' title="bbox 411 1704 2056 1777">
    <p class='ocr_par' dir='ltr' id='par_1_19' title="bbox 411 1704 2056 1777">
     <span class='ocr_line' id='line_1_19' title="bbox 411 1704 2056 1777; baseline 0.001 -19"><span class='ocrx_word' id='word_1_126' title='bbox 411 1708 614 1759; x_wconf 88' lang='lat' dir='ltr'><strong>sancta</strong></span> <span class='ocrx_word' id='word_1_127' title='bbox 661 1704 915 1760; x_wconf 80' lang='lat' dir='ltr'><strong>Trinitas</strong></span> <span class='ocrx_word' id='word_1_128' title='bbox 965 1705 1250 1777; x_wconf 89' lang='lat' dir='ltr'><strong>principio</strong></span> <span class='ocrx_word' id='word_1_129' title='bbox 1299 1721 1523 1770; x_wconf 86' lang='lat' dir='ltr'><strong>carens,</strong></span> <span class='ocrx_word' id='word_1_130' title='bbox 1559 1710 1616 1762; x_wconf 91' lang='lat' dir='ltr'><strong>et</strong></span> <span class='ocrx_word' id='word_1_131' title='bbox 1642 1707 1698 1762; x_wconf 92' lang='lat' dir='ltr'><strong>in</strong></span> <span class='ocrx_word' id='word_1_132' title='bbox 1730 1722 1906 1777; x_wconf 90' lang='lat' dir='ltr'><strong>quam</strong></span> <span class='ocrx_word' id='word_1_133' title='bbox 1943 1721 2056 1760; x_wconf 89' lang='lat' dir='ltr'><strong>non</strong></span> 
     </span>
    </p>
   </div>
   <div class='ocr_carea' id='block_1_20' title="bbox 2159 533 3803 614">
    <p class='ocr_par' dir='ltr' id='par_1_20' title="bbox 2159 533 3803 614">
     <span class='ocr_line' id='line_1_20' title="bbox 2159 533 3803 614; baseline -0.004 -20"><span class='ocrx_word' id='word_1_134' title='bbox 2159 540 2408 614; x_wconf 69' lang='grc' dir='ltr'>ὑμέτεροι</span> <span class='ocrx_word' id='word_1_135' title='bbox 2441 538 2574 603; x_wconf 82' lang='grc' dir='ltr'>θεοὶ,</span> <span class='ocrx_word' id='word_1_136' title='bbox 2617 540 2708 592; x_wconf 76' lang='grc' dir='ltr'>ἅτε</span> <span class='ocrx_word' id='word_1_137' title='bbox 2739 537 2872 608; x_wconf 82' lang='grc' dir='ltr'>ξύλα</span> <span class='ocrx_word' id='word_1_138' title='bbox 2902 537 2990 592; x_wconf 73' lang='grc' dir='ltr'>γαί</span> <span class='ocrx_word' id='word_1_139' title='bbox 3026 537 3192 604; x_wconf 89' lang='grc' dir='ltr'>λίθοι,</span> <span class='ocrx_word' id='word_1_140' title='bbox 3238 535 3422 592; x_wconf 79' lang='grc' dir='ltr'>δοῦναι</span> <span class='ocrx_word' id='word_1_141' title='bbox 3464 533 3803 605; x_wconf 70' lang='grc' dir='ltr'><strong>δεδύνηνται·</strong></span> 
     </span>
    </p>
   </div>
   <div class='ocr_carea' id='block_1_21' title="bbox 2156 620 3800 702">
    <p class='ocr_par' dir='ltr' id='par_1_21' title="bbox 2156 620 3800 702">
     <span class='ocr_line' id='line_1_21' title="bbox 2156 620 3800 702; baseline -0.003 -22"><span class='ocrx_word' id='word_1_142' title='bbox 2156 627 2343 700; x_wconf 79' lang='grc' dir='ltr'>Στὸμα</span> <span class='ocrx_word' id='word_1_143' title='bbox 2393 627 2488 700; x_wconf 72' lang='grc' dir='ltr'><strong>γὰρ</strong></span> <span class='ocrx_word' id='word_1_144' title='bbox 2539 620 2752 702; x_wconf 75' lang='grc' dir='ltr'>ἔχουσι,</span> <span class='ocrx_word' id='word_1_145' title='bbox 2814 627 2919 693; x_wconf 27' lang='grc' dir='ltr'>καὶ,</span> <span class='ocrx_word' id='word_1_146' title='bbox 2974 625 3036 680; x_wconf 79' lang='grc' dir='ltr'><strong>ού</strong></span> <span class='ocrx_word' id='word_1_147' title='bbox 3105 623 3391 678; x_wconf 70' lang='grc' dir='ltr'>λαλοῦσινο</span> <span class='ocrx_word' id='word_1_148' title='bbox 3455 623 3800 698; x_wconf 67' lang='grc' dir='ltr'>ὀφθαλμοὺς,</span> 
     </span>
    </p>
   </div>
   <div class='ocr_carea' id='block_1_22' title="bbox 2155 711 3803 788">
    <p class='ocr_par' dir='ltr' id='par_1_22' title="bbox 2155 711 3803 788">
     <span class='ocr_line' id='line_1_22' title="bbox 2155 711 3803 788; baseline -0.004 -18"><span class='ocrx_word' id='word_1_149' title='bbox 2155 717 2245 770; x_wconf 77' lang='grc' dir='ltr'>καὶ</span> <span class='ocrx_word' id='word_1_150' title='bbox 2296 715 2355 770; x_wconf 79' lang='grc' dir='ltr'>οὐ</span> <span class='ocrx_word' id='word_1_151' title='bbox 2421 711 2738 788; x_wconf 77' lang='grc' dir='ltr'>βλέπουσιν·</span> <span class='ocrx_word' id='word_1_152' title='bbox 2809 712 2944 783; x_wconf 85' lang='grc' dir='ltr'>ὦτα,</span> <span class='ocrx_word' id='word_1_153' title='bbox 3011 713 3102 767; x_wconf 77' lang='grc' dir='ltr'><strong>καὶ</strong></span> <span class='ocrx_word' id='word_1_154' title='bbox 3169 712 3265 767; x_wconf 83' lang='grc' dir='ltr'><strong>ούκ</strong></span> <span class='ocrx_word' id='word_1_155' title='bbox 3331 711 3640 767; x_wconf 78' lang='grc' dir='ltr'>ἁκούουσιν.</span> <span class='ocrx_word' id='word_1_156' title='bbox 3711 715 3803 766; x_wconf 70' lang='grc' dir='ltr'><strong>’Ἑν</strong></span> 
     </span>
    </p>
   </div>
   <div class='ocr_carea' id='block_1_23' title="bbox 2153 801 3805 879">
    <p class='ocr_par' dir='ltr' id='par_1_23' title="bbox 2153 801 3805 879">
     <span class='ocr_line' id='line_1_23' title="bbox 2153 801 3805 879; baseline -0.004 -19"><span class='ocrx_word' id='word_1_157' title='bbox 2153 809 2314 860; x_wconf 77' lang='grc' dir='ltr'>τοῦτο</span> <span class='ocrx_word' id='word_1_158' title='bbox 2348 803 2510 877; x_wconf 76' lang='grc' dir='ltr'>μόνον</span> <span class='ocrx_word' id='word_1_159' title='bbox 2544 804 2672 876; x_wconf 77' lang='grc' dir='ltr'>ὕμῖν</span> <span class='ocrx_word' id='word_1_160' title='bbox 2701 803 3004 879; x_wconf 75' lang='grc' dir='ltr'><strong>ἐνεργοῦσι,</strong></span> <span class='ocrx_word' id='word_1_161' title='bbox 3037 803 3098 856; x_wconf 83' lang='grc' dir='ltr'>τὸ</span> <span class='ocrx_word' id='word_1_162' title='bbox 3128 802 3488 872; x_wconf 71' lang='grc' dir='ltr'>ἄτελεύτητον</span> <span class='ocrx_word' id='word_1_163' title='bbox 3536 806 3644 873; x_wconf 66' lang='grc' dir='ltr'>πῦρ</span> <span class='ocrx_word' id='word_1_164' title='bbox 3689 801 3805 854; x_wconf 73' lang='lat' dir='ltr'><strong>civ:-</strong></span> 
     </span>
    </p>
   </div>
   <div class='ocr_carea' id='block_1_24' title="bbox 2157 888 3808 972">
    <p class='ocr_par' dir='ltr' id='par_1_24' title="bbox 2157 888 3808 972">
     <span class='ocr_line' id='line_1_24' title="bbox 2157 888 3808 972; baseline -0.005 -22"><span class='ocrx_word' id='word_1_165' title='bbox 2157 895 2464 972; x_wconf 69' lang='grc' dir='ltr'>φλέγουσιν.</span> <span class='ocrx_word' id='word_1_166' title='bbox 2496 917 2523 947; x_wconf 90' lang='grc'><strong>››</strong></span> <span class='ocrx_word' id='word_1_167' title='bbox 2559 893 2790 955; x_wconf 78' lang='grc' dir='ltr'>Τούτοις</span> <span class='ocrx_word' id='word_1_168' title='bbox 2822 891 3089 948; x_wconf 79' lang='grc' dir='ltr'><strong>ἀντειπεῖν</strong></span> <span class='ocrx_word' id='word_1_169' title='bbox 3125 890 3186 946; x_wconf 83' lang='grc' dir='ltr'><strong>ού</strong></span> <span class='ocrx_word' id='word_1_170' title='bbox 3241 890 3556 960; x_wconf 62' lang='grc' dir='ltr'>δυνηθέντες</span> <span class='ocrx_word' id='word_1_171' title='bbox 3615 891 3668 944; x_wconf 72' lang='grc' dir='ltr'>οἱ</span> <span class='ocrx_word' id='word_1_172' title='bbox 3716 888 3808 942; x_wconf 78' lang='grc' dir='ltr'>τύο</span> 
     </span>
    </p>
   </div>
   <div class='ocr_carea' id='block_1_25' title="bbox 2160 976 3807 1059">
    <p class='ocr_par' dir='ltr' id='par_1_25' title="bbox 2160 976 3807 1059">
     <span class='ocr_line' id='line_1_25' title="bbox 2160 976 3807 1059; baseline -0.005 -20"><span class='ocrx_word' id='word_1_173' title='bbox 2160 1005 2362 1059; x_wconf 87' lang='grc' dir='ltr'>ραννοι,</span> <span class='ocrx_word' id='word_1_174' title='bbox 2396 981 2561 1057; x_wconf 83' lang='grc' dir='ltr'>δριμύ</span> <span class='ocrx_word' id='word_1_175' title='bbox 2591 1004 2642 1037; x_wconf 92' lang='grc' dir='ltr'><strong>τι</strong></span> <span class='ocrx_word' id='word_1_176' title='bbox 2673 983 2761 1036; x_wconf 84' lang='grc' dir='ltr'>καὶ</span> <span class='ocrx_word' id='word_1_177' title='bbox 2792 983 3110 1059; x_wconf 63' lang='grc' dir='ltr'>παράφορον</span> <span class='ocrx_word' id='word_1_178' title='bbox 3143 980 3218 1041; x_wconf 82' lang='grc' dir='ltr'><strong>εἷς</strong></span> <span class='ocrx_word' id='word_1_179' title='bbox 3252 980 3448 1041; x_wconf 72' lang='grc' dir='ltr'>αὐτοὺς</span> <span class='ocrx_word' id='word_1_180' title='bbox 3503 976 3807 1047; x_wconf 72' lang='grc' dir='ltr'>ύπιδὸντες,</span> 
     </span>
    </p>
   </div>
   <div class='ocr_carea' id='block_1_26' title="bbox 2159 1066 3808 1152">
    <p class='ocr_par' dir='ltr' id='par_1_26' title="bbox 2159 1066 3808 1152">
     <span class='ocr_line' id='line_1_26' title="bbox 2159 1066 3808 1152; baseline -0.004 -25"><span class='ocrx_word' id='word_1_181' title='bbox 2159 1074 2247 1128; x_wconf 75' lang='grc' dir='ltr'><strong>καί</strong></span> <span class='ocrx_word' id='word_1_182' title='bbox 2279 1074 2345 1126; x_wconf 71' lang='grc' dir='ltr'><strong>τὰ</strong></span> <span class='ocrx_word' id='word_1_183' title='bbox 2373 1072 2497 1152; x_wconf 78' lang='grc' dir='ltr'>ξίφη</span> <span class='ocrx_word' id='word_1_184' title='bbox 2532 1073 2888 1144; x_wconf 80' lang='grc' dir='ltr'>σπασάμενοι,</span> <span class='ocrx_word' id='word_1_185' title='bbox 2922 1071 3057 1145; x_wconf 87' lang='grc' dir='ltr'>πρὸς</span> <span class='ocrx_word' id='word_1_186' title='bbox 3103 1070 3195 1124; x_wconf 87' lang='grc' dir='ltr'>τὸν</span> <span class='ocrx_word' id='word_1_187' title='bbox 3252 1070 3413 1146; x_wconf 72' lang='grc' dir='ltr'>φόνον</span> <span class='ocrx_word' id='word_1_188' title='bbox 3466 1066 3808 1136; x_wconf 78' lang='grc' dir='ltr'>ὁπλίζονται’</span> 
     </span>
    </p>
   </div>
   <div class='ocr_carea' id='block_1_27' title="bbox 2159 1157 3811 1234">
    <p class='ocr_par' dir='ltr' id='par_1_27' title="bbox 2159 1157 3811 1234">
     <span class='ocr_line' id='line_1_27' title="bbox 2159 1157 3811 1234; baseline -0.004 -17"><span class='ocrx_word' id='word_1_189' title='bbox 2159 1163 2249 1217; x_wconf 81' lang='grc' dir='ltr'>καὶ</span> <span class='ocrx_word' id='word_1_190' title='bbox 2302 1159 2366 1232; x_wconf 81' lang='grc' dir='ltr'>δὴ</span> <span class='ocrx_word' id='word_1_191' title='bbox 2410 1163 2485 1224; x_wconf 84' lang='grc' dir='ltr'>ὡς</span> <span class='ocrx_word' id='word_1_192' title='bbox 2553 1162 2657 1217; x_wconf 85' lang='grc' dir='ltr'><strong>ἀπὸ</strong></span> <span class='ocrx_word' id='word_1_193' title='bbox 2719 1161 2951 1234; x_wconf 85' lang='grc' dir='ltr'>σημείου</span> <span class='ocrx_word' id='word_1_194' title='bbox 3007 1161 3235 1221; x_wconf 79' lang='grc' dir='ltr'>τούτους</span> <span class='ocrx_word' id='word_1_195' title='bbox 3302 1157 3652 1234; x_wconf 80' lang='grc' dir='ltr'>ἐξαγαγόντες</span> <span class='ocrx_word' id='word_1_196' title='bbox 3707 1164 3811 1225; x_wconf 78' lang='grc' dir='ltr'>τῆς</span> 
     </span>
    </p>
   </div>
   <div class='ocr_carea' id='block_1_28' title="bbox 2161 1245 3813 1326">
    <p class='ocr_par' dir='ltr' id='par_1_28' title="bbox 2161 1245 3813 1326">
     <span class='ocr_line' id='line_1_28' title="bbox 2161 1245 3813 1326; baseline -0.004 -21"><span class='ocrx_word' id='word_1_197' title='bbox 2161 1250 2400 1316; x_wconf 70' lang='grc' dir='ltr'>πόλεως,</span> <span class='ocrx_word' id='word_1_198' title='bbox 2432 1248 2520 1304; x_wconf 84' lang='grc' dir='ltr'><strong>ἐπί</strong></span> <span class='ocrx_word' id='word_1_199' title='bbox 2574 1270 2697 1304; x_wconf 90' lang='grc' dir='ltr'>τινα</span> <span class='ocrx_word' id='word_1_200' title='bbox 2752 1251 2993 1326; x_wconf 71' lang='grc' dir='ltr'>κορυφὴν</span> <span class='ocrx_word' id='word_1_201' title='bbox 3052 1246 3332 1320; x_wconf 80' lang='grc' dir='ltr'>δεσμώτας</span> <span class='ocrx_word' id='word_1_202' title='bbox 3394 1247 3674 1321; x_wconf 70' lang='grc' dir='ltr'>ἀνάγουσι,</span> <span class='ocrx_word' id='word_1_203' title='bbox 3719 1245 3813 1299; x_wconf 73' lang='grc' dir='ltr'><strong>καὶ</strong></span> 
     </span>
    </p>
   </div>
   <div class='ocr_carea' id='block_1_29' title="bbox 2159 1334 3817 1415">
    <p class='ocr_par' dir='ltr' id='par_1_29' title="bbox 2159 1334 3817 1415">
     <span class='ocr_line' id='line_1_29' title="bbox 2159 1334 3817 1415; baseline -0.005 -19"><span class='ocrx_word' id='word_1_204' title='bbox 2159 1348 2279 1404; x_wconf 90' lang='grc' dir='ltr'>τοῖς</span> <span class='ocrx_word' id='word_1_205' title='bbox 2322 1338 2546 1414; x_wconf 89' lang='grc' dir='ltr'>δημίοις</span> <span class='ocrx_word' id='word_1_206' title='bbox 2589 1339 2657 1394; x_wconf 74' lang='grc' dir='ltr'>τὰ</span> <span class='ocrx_word' id='word_1_207' title='bbox 2709 1340 2846 1414; x_wconf 89' lang='grc' dir='ltr'>πρὸς</span> <span class='ocrx_word' id='word_1_208' title='bbox 2894 1339 3100 1415; x_wconf 71' lang='grc' dir='ltr'>σφαγὴν</span> <span class='ocrx_word' id='word_1_209' title='bbox 3151 1337 3542 1413; x_wconf 79' lang='grc' dir='ltr'>ἐγχειρίζουσι.</span> <span class='ocrx_word' id='word_1_210' title='bbox 3596 1334 3817 1402; x_wconf 71' lang='grc' dir='ltr'>Μεταξῦ</span> 
     </span>
    </p>
   </div>
   <div class='ocr_carea' id='block_1_30' title="bbox 2164 1426 3818 1507">
    <p class='ocr_par' dir='ltr' id='par_1_30' title="bbox 2164 1426 3818 1507">
     <span class='ocr_line' id='line_1_30' title="bbox 2164 1426 3818 1507; baseline -0.005 -18"><span class='ocrx_word' id='word_1_211' title='bbox 2164 1432 2221 1489; x_wconf 74' lang='grc' dir='ltr'>δὲ</span> <span class='ocrx_word' id='word_1_212' title='bbox 2276 1434 2462 1507; x_wconf 82' lang='grc' dir='ltr'>καιρὸν</span> <span class='ocrx_word' id='word_1_213' title='bbox 2523 1434 2575 1487; x_wconf 72' lang='grc' dir='ltr'>οἳ</span> <span class='ocrx_word' id='word_1_214' title='bbox 2632 1433 2781 1507; x_wconf 78' lang='grc' dir='ltr'>ἅγιοι</span> <span class='ocrx_word' id='word_1_215' title='bbox 2848 1431 3056 1487; x_wconf 77' lang='grc' dir='ltr'>αἰτοῦσι</span> <span class='ocrx_word' id='word_1_216' title='bbox 3123 1437 3464 1504; x_wconf 79' lang='grc' dir='ltr'>προσευχῆς,</span> <span class='ocrx_word' id='word_1_217' title='bbox 3533 1427 3623 1483; x_wconf 80' lang='grc' dir='ltr'>καὶ</span> <span class='ocrx_word' id='word_1_218' title='bbox 3686 1426 3818 1502; x_wconf 78' lang='grc' dir='ltr'>γόνυ</span> 
     </span>
    </p>
   </div>
   <div class='ocr_carea' id='block_1_31' title="bbox 2164 1519 3823 1594">
    <p class='ocr_par' dir='ltr' id='par_1_31' title="bbox 2164 1519 3823 1594">
     <span class='ocr_line' id='line_1_31' title="bbox 2164 1519 3823 1594; baseline -0.005 -15"><span class='ocrx_word' id='word_1_219' title='bbox 2164 1522 2463 1580; x_wconf 80' lang='grc' dir='ltr'>κλίνουσιν.</span> <span class='ocrx_word' id='word_1_220' title='bbox 2524 1525 2612 1578; x_wconf 85' lang='grc' dir='ltr'>Ἐν</span> <span class='ocrx_word' id='word_1_221' title='bbox 2661 1520 2908 1593; x_wconf 86' lang='grc' dir='ltr'>τοσούτῳ</span> <span class='ocrx_word' id='word_1_222' title='bbox 2966 1519 3022 1576; x_wconf 77' lang='grc' dir='ltr'>δὲ</span> <span class='ocrx_word' id='word_1_223' title='bbox 3071 1521 3098 1575; x_wconf 87' lang='lat'><strong>6</strong></span> <span class='ocrx_word' id='word_1_224' title='bbox 3132 1521 3461 1594; x_wconf 75' lang='grc' dir='ltr'>ἱερομάρτυς</span> <span class='ocrx_word' id='word_1_225' title='bbox 3517 1523 3618 1574; x_wconf 74' lang='grc' dir='ltr'>τοῦ</span> <span class='ocrx_word' id='word_1_226' title='bbox 3678 1521 3823 1591; x_wconf 75' lang='grc' dir='ltr'>Χρι-</span> 
     </span>
    </p>
   </div>
   <div class='ocr_carea' id='block_1_32' title="bbox 2167 1607 3820 1684">
    <p class='ocr_par' dir='ltr' id='par_1_32' title="bbox 2167 1607 3820 1684">
     <span class='ocr_line' id='line_1_32' title="bbox 2167 1607 3820 1684; baseline -0.004 -18"><span class='ocrx_word' id='word_1_227' title='bbox 2167 1616 2294 1667; x_wconf 80' lang='grc' dir='ltr'>στοῦ</span> <span class='ocrx_word' id='word_1_228' title='bbox 2344 1611 2644 1681; x_wconf 87' lang='grc' dir='ltr'>Διονύσιος,</span> <span class='ocrx_word' id='word_1_229' title='bbox 2690 1611 2753 1666; x_wconf 86' lang='grc' dir='ltr'>τὸ</span> <span class='ocrx_word' id='word_1_230' title='bbox 2819 1611 2978 1684; x_wconf 77' lang='grc' dir='ltr'>ἅμμα</span> <span class='ocrx_word' id='word_1_231' title='bbox 3042 1608 3119 1673; x_wconf 72' lang='grc' dir='ltr'><strong>εἷς</strong></span> <span class='ocrx_word' id='word_1_232' title='bbox 3185 1608 3443 1684; x_wconf 74' lang='grc' dir='ltr'>οὐρανοὺς</span> <span class='ocrx_word' id='word_1_233' title='bbox 3510 1607 3820 1668; x_wconf 73' lang='grc' dir='ltr'>ἀνατείνας·</span> 
     </span>
    </p>
   </div>
   <div class='ocr_carea' id='block_1_33' title="bbox 2169 1697 3822 1775">
    <p class='ocr_par' dir='ltr' id='par_1_33' title="bbox 2169 1697 3822 1775">
     <span class='ocr_line' id='line_1_33' title="bbox 2169 1697 3822 1775; baseline -0.004 -21"><span class='ocrx_word' id='word_1_234' title='bbox 2169 1700 2471 1755; x_wconf 79' lang='grc' dir='ltr'>«Δέσποτα</span> <span class='ocrx_word' id='word_1_235' title='bbox 2527 1701 2622 1755; x_wconf 77' lang='grc' dir='ltr'>Θεὲ</span> <span class='ocrx_word' id='word_1_236' title='bbox 2673 1699 3068 1774; x_wconf 83' lang='grc' dir='ltr'>παντόκρατορ.</span> <span class='ocrx_word' id='word_1_237' title='bbox 3127 1698 3237 1767; x_wconf 73' lang='grc' dir='ltr'>Υἱὲ,</span> <span class='ocrx_word' id='word_1_238' title='bbox 3289 1697 3443 1775; x_wconf 72' lang='grc' dir='ltr'>φησὶ,</span> <span class='ocrx_word' id='word_1_239' title='bbox 3503 1697 3822 1772; x_wconf 77' lang='grc' dir='ltr'>μονογενὶς,</span> 
     </span>
    </p>
   </div>
   <div class='ocr_carea' id='block_1_34' title="bbox 411 1785 2070 1895">
    <p class='ocr_par' dir='ltr' id='par_1_34' title="bbox 411 1791 2056 1865">
     <span class='ocr_line' id='line_1_34' title="bbox 411 1791 2056 1865; baseline 0.001 -18"><span class='ocrx_word' id='word_1_240' title='bbox 411 1793 565 1847; x_wconf 87' lang='lat' dir='ltr'><strong>cadit</strong></span> <span class='ocrx_word' id='word_1_241' title='bbox 595 1791 822 1858; x_wconf 88' lang='lat' dir='ltr'><strong>divisio,</strong></span> <span class='ocrx_word' id='word_1_242' title='bbox 848 1794 1081 1865; x_wconf 88' lang='lat' dir='ltr'><strong>suscipe</strong></span> <span class='ocrx_word' id='word_1_243' title='bbox 1103 1809 1402 1850; x_wconf 86' lang='lat' dir='ltr'><strong>servorum</strong></span> <span class='ocrx_word' id='word_1_244' title='bbox 1433 1799 1662 1850; x_wconf 88' lang='lat' dir='ltr'><strong>tuorum</strong></span> <span class='ocrx_word' id='word_1_245' title='bbox 1688 1794 1746 1849; x_wconf 92' lang='lat' dir='ltr'><strong>in</strong></span> <span class='ocrx_word' id='word_1_246' title='bbox 1774 1811 1909 1865; x_wconf 83' lang='lat' dir='ltr'><strong>pace</strong></span> <span class='ocrx_word' id='word_1_247' title='bbox 1933 1793 2056 1850; x_wconf 85' lang='lat' dir='ltr'><strong>ani-</strong></span> 
     </span>
    </p>
   </div>
   <div class='ocr_carea' id='block_1_35' title="bbox 2183 1785 3822 1895">
    <p class='ocr_par' dir='ltr' id='par_1_35' title="bbox 2183 1785 3822 1895">
     <span class='ocr_line' id='line_1_35' title="bbox 2183 1785 3822 1864; baseline -0.004 -20"><span class='ocrx_word' id='word_1_248' title='bbox 2183 1790 2256 1844; x_wconf 79' lang='grc' dir='ltr'><strong>ιαὶ</strong></span> <span class='ocrx_word' id='word_1_249' title='bbox 2292 1790 2441 1864; x_wconf 80' lang='grc' dir='ltr'>ἅγιον</span> <span class='ocrx_word' id='word_1_250' title='bbox 2479 1792 2719 1861; x_wconf 75' lang='grc' dir='ltr'>Πνεῦμα,</span> <span class='ocrx_word' id='word_1_251' title='bbox 2766 1787 2926 1862; x_wconf 82' lang='grc' dir='ltr'>Τριᾶς</span> <span class='ocrx_word' id='word_1_252' title='bbox 2974 1786 3096 1863; x_wconf 79' lang='grc' dir='ltr'>ἅγία</span> <span class='ocrx_word' id='word_1_253' title='bbox 3135 1789 3344 1862; x_wconf 80' lang='grc' dir='ltr'>ἂναρχε</span> <span class='ocrx_word' id='word_1_254' title='bbox 3390 1785 3482 1840; x_wconf 81' lang='grc' dir='ltr'>καὶ</span> <span class='ocrx_word' id='word_1_255' title='bbox 3532 1785 3822 1858; x_wconf 76' lang='grc' dir='ltr'>ἀμέριστε,</span> 
     </span>
     <span class='ocr_line' id='line_1_36' title="bbox 2261 1873 3760 1895; baseline 0 0"><span class='ocrx_word' id='word_1_256' title='bbox 2261 1879 2271 1895; x_wconf 87' lang='grc' dir='ltr'><strong><em>Ι</em></strong></span> <span class='ocrx_word' id='word_1_257' title='bbox 2317 1876 2340 1895; x_wconf 59' lang='grc' dir='ltr'><strong>δ</strong></span> <span class='ocrx_word' id='word_1_258' title='bbox 2377 1879 2396 1895; x_wconf 62' lang='lat' dir='ltr'><strong><em>b</em></strong></span> <span class='ocrx_word' id='word_1_259' title='bbox 2549 1879 2561 1895; x_wconf 77' lang='lat'><strong><em>\</em></strong></span> <span class='ocrx_word' id='word_1_260' title='bbox 2690 1882 2714 1892; x_wconf 64' lang='grc' dir='ltr'><em>υ</em></span> <span class='ocrx_word' id='word_1_261' title='bbox 2839 1882 2865 1892; x_wconf 71' lang='lat'><strong>~</strong></span> <span class='ocrx_word' id='word_1_262' title='bbox 2974 1873 2998 1893; x_wconf 56' lang='grc' dir='ltr'>λ</span> <span class='ocrx_word' id='word_1_263' title='bbox 3048 1876 3093 1895; x_wconf 73' lang='lat' dir='ltr'><strong>I‘</strong></span> <span class='ocrx_word' id='word_1_264' title='bbox 3244 1876 3258 1895; x_wconf 73' lang='lat'><strong>,</strong></span> <span class='ocrx_word' id='word_1_265' title='bbox 3391 1875 3405 1895; x_wconf 64' lang='grc' dir='ltr'><strong><em>τ</em></strong></span> <span class='ocrx_word' id='word_1_266' title='bbox 3468 1877 3481 1895; x_wconf 91' lang='grc'><em>1</em></span> <span class='ocrx_word' id='word_1_267' title='bbox 3621 1878 3634 1895; x_wconf 80' lang='grc' dir='ltr'><strong>Ι</strong></span> <span class='ocrx_word' id='word_1_268' title='bbox 3744 1876 3760 1888; x_wconf 67' lang='lat'><strong>‘</strong></span> 
     </span>
    </p>
   </div>
   <div class='ocr_carea' id='block_1_36' title="bbox 413 1881 2058 1954">
    <p class='ocr_par' dir='ltr' id='par_1_36' title="bbox 413 1881 2058 1954">
     <span class='ocr_line' id='line_1_37' title="bbox 413 1881 2058 1954; baseline 0.001 -16"><span class='ocrx_word' id='word_1_269' title='bbox 413 1899 556 1950; x_wconf 86' lang='lat' dir='ltr'><strong>mas,</strong></span> <span class='ocrx_word' id='word_1_270' title='bbox 583 1881 860 1954; x_wconf 89' lang='lat' dir='ltr'><strong>quoniam</strong></span> <span class='ocrx_word' id='word_1_271' title='bbox 895 1887 1131 1954; x_wconf 86' lang='lat' dir='ltr'><strong>prOpter</strong></span> <span class='ocrx_word' id='word_1_272' title='bbox 1154 1891 1203 1939; x_wconf 93' lang='lat' dir='ltr'><strong>te</strong></span> <span class='ocrx_word' id='word_1_273' title='bbox 1227 1888 1415 1940; x_wconf 89' lang='lat' dir='ltr'><strong>morte</strong></span> <span class='ocrx_word' id='word_1_274' title='bbox 1439 1885 1748 1940; x_wconf 79' lang='lat' dir='ltr'><strong>afﬁcimur.</strong></span> <span class='ocrx_word' id='word_1_275' title='bbox 1777 1907 1804 1934; x_wconf 86' lang='lat'>»</span> <span class='ocrx_word' id='word_1_276' title='bbox 1824 1885 1895 1939; x_wconf 88' lang='lat' dir='ltr'><strong>Et</strong></span> <span class='ocrx_word' id='word_1_277' title='bbox 1924 1900 2058 1939; x_wconf 89' lang='lat' dir='ltr'><strong>cum</strong></span> 
     </span>
    </p>
   </div>
   <div class='ocr_carea' id='block_1_37' title="bbox 413 1968 2058 2040">
    <p class='ocr_par' dir='ltr' id='par_1_37' title="bbox 413 1968 2058 2040">
     <span class='ocr_line' id='line_1_38' title="bbox 413 1968 2058 2040; baseline -0.001 -16"><span class='ocrx_word' id='word_1_278' title='bbox 413 1968 624 2034; x_wconf 81' lang='lat' dir='ltr'><strong>sancti,</strong></span> <span class='ocrx_word' id='word_1_279' title='bbox 654 1969 906 2038; x_wconf 86' lang='lat' dir='ltr'><strong>«Amen,</strong></span> <span class='ocrx_word' id='word_1_280' title='bbox 937 1991 959 2017; x_wconf 79' lang='grc' dir='ltr'><strong>ι</strong></span> <span class='ocrx_word' id='word_1_281' title='bbox 988 1969 1426 2040; x_wconf 86' lang='lat' dir='ltr'><strong>acclamassent,</strong></span> <span class='ocrx_word' id='word_1_282' title='bbox 1451 1986 1766 2025; x_wconf 85' lang='lat' dir='ltr'><strong>conversus</strong></span> <span class='ocrx_word' id='word_1_283' title='bbox 1791 1970 1861 2024; x_wconf 93' lang='lat' dir='ltr'><strong>ad</strong></span> <span class='ocrx_word' id='word_1_284' title='bbox 1893 1968 2058 2024; x_wconf 85' lang='lat' dir='ltr'><strong>licto-</strong></span> 
     </span>
    </p>
   </div>
   <div class='ocr_carea' id='block_1_38' title="bbox 413 2057 2058 2128">
    <p class='ocr_par' dir='ltr' id='par_1_38' title="bbox 413 2057 2058 2128">
     <span class='ocr_line' id='line_1_39' title="bbox 413 2057 2058 2128; baseline 0 -16"><span class='ocrx_word' id='word_1_285' title='bbox 413 2073 543 2112; x_wconf 89' lang='lat' dir='ltr'><strong>res:</strong></span> <span class='ocrx_word' id='word_1_286' title='bbox 571 2079 599 2106; x_wconf 91' lang='lat'><strong>«</strong></span> <span class='ocrx_word' id='word_1_287' title='bbox 623 2057 835 2122; x_wconf 89' lang='lat' dir='ltr'><strong>Facite,</strong></span> <span class='ocrx_word' id='word_1_288' title='bbox 869 2057 1083 2126; x_wconf 86' lang='lat' dir='ltr'><strong>inquit,</strong></span> <span class='ocrx_word' id='word_1_289' title='bbox 1112 2059 1269 2128; x_wconf 86' lang='lat' dir='ltr'><strong>quod</strong></span> <span class='ocrx_word' id='word_1_290' title='bbox 1305 2058 1412 2113; x_wconf 87' lang='lat' dir='ltr'><strong>fuit</strong></span> <span class='ocrx_word' id='word_1_291' title='bbox 1443 2058 1603 2114; x_wconf 89' lang='lat' dir='ltr'><strong>vobis</strong></span> <span class='ocrx_word' id='word_1_292' title='bbox 1635 2057 2058 2128; x_wconf 83' lang='lat' dir='ltr'><strong>imperatum.»</strong></span> 
     </span>
    </p>
   </div>
   <div class='ocr_carea' id='block_1_39' title="bbox 413 2147 2062 2221">
    <p class='ocr_par' dir='ltr' id='par_1_39' title="bbox 413 2147 2062 2221">
     <span class='ocr_line' id='line_1_40' title="bbox 413 2147 2062 2221; baseline 0.001 -20"><span class='ocrx_word' id='word_1_293' title='bbox 413 2147 500 2201; x_wconf 93' lang='lat' dir='ltr'><strong>Illi</strong></span> <span class='ocrx_word' id='word_1_294' title='bbox 531 2151 722 2202; x_wconf 89' lang='lat' dir='ltr'><strong>autem</strong></span> <span class='ocrx_word' id='word_1_295' title='bbox 755 2147 1011 2218; x_wconf 87' lang='lat' dir='ltr'><strong>primum</strong></span> <span class='ocrx_word' id='word_1_296' title='bbox 1068 2148 1303 2217; x_wconf 88' lang='lat' dir='ltr'><strong>quidem</strong></span> <span class='ocrx_word' id='word_1_297' title='bbox 1355 2149 1508 2204; x_wconf 88' lang='lat' dir='ltr'><strong>beati</strong></span> <span class='ocrx_word' id='word_1_298' title='bbox 1542 2147 1818 2221; x_wconf 83' lang='lat' dir='ltr'><strong>Dionysii,</strong></span> <span class='ocrx_word' id='word_1_299' title='bbox 1851 2147 2062 2204; x_wconf 88' lang='lat' dir='ltr'><strong>deinde</strong></span> 
     </span>
    </p>
   </div>
   <div class='ocr_carea' id='block_1_40' title="bbox 416 2235 2062 2309">
    <p class='ocr_par' dir='ltr' id='par_1_40' title="bbox 416 2235 2062 2309">
     <span class='ocr_line' id='line_1_41' title="bbox 416 2235 2062 2309; baseline 0.001 -19"><span class='ocrx_word' id='word_1_300' title='bbox 416 2235 638 2290; x_wconf 85' lang='lat' dir='ltr'><strong>Rustici</strong></span> <span class='ocrx_word' id='word_1_301' title='bbox 671 2239 729 2290; x_wconf 89' lang='lat' dir='ltr'><strong>et</strong></span> <span class='ocrx_word' id='word_1_302' title='bbox 760 2236 1077 2290; x_wconf 86' lang='lat' dir='ltr'><strong>Eleutherii</strong></span> <span class='ocrx_word' id='word_1_303' title='bbox 1129 2241 1301 2308; x_wconf 89' lang='lat' dir='ltr'><strong>caput</strong></span> <span class='ocrx_word' id='word_1_304' title='bbox 1346 2242 1672 2309; x_wconf 89' lang='lat' dir='ltr'><strong>amputant.</strong></span> <span class='ocrx_word' id='word_1_305' title='bbox 1704 2238 1810 2293; x_wconf 89' lang='lat' dir='ltr'><strong>Sed</strong></span> <span class='ocrx_word' id='word_1_306' title='bbox 1845 2253 1950 2292; x_wconf 88' lang='lat' dir='ltr'><strong>nec</strong></span> <span class='ocrx_word' id='word_1_307' title='bbox 2001 2237 2062 2292; x_wconf 91' lang='lat' dir='ltr'><strong>in</strong></span> 
     </span>
    </p>
   </div>
   <div class='ocr_carea' id='block_1_41' title="bbox 416 2323 2062 2399">
    <p class='ocr_par' dir='ltr' id='par_1_41' title="bbox 416 2323 2062 2399">
     <span class='ocr_line' id='line_1_42' title="bbox 416 2323 2062 2399; baseline 0.003 -21"><span class='ocrx_word' id='word_1_308' title='bbox 416 2323 526 2379; x_wconf 88' lang='lat' dir='ltr'><strong>hoc</strong></span> <span class='ocrx_word' id='word_1_309' title='bbox 572 2323 809 2394; x_wconf 78' lang='lat' dir='ltr'><strong>quidem</strong></span> <span class='ocrx_word' id='word_1_310' title='bbox 843 2324 896 2394; x_wconf 92' lang='grc' dir='ltr'>(ο</span> <span class='ocrx_word' id='word_1_311' title='bbox 928 2324 1191 2397; x_wconf 84' lang='lat' dir='ltr'><strong>Dionysi)</strong></span> <span class='ocrx_word' id='word_1_312' title='bbox 1222 2326 1292 2396; x_wconf 88' lang='lat' dir='ltr'><strong>is,</strong></span> <span class='ocrx_word' id='word_1_313' title='bbox 1328 2326 1428 2398; x_wconf 89' lang='lat' dir='ltr'><strong>qui</strong></span> <span class='ocrx_word' id='word_1_314' title='bbox 1473 2332 1711 2399; x_wconf 89' lang='lat' dir='ltr'><strong>propter</strong></span> <span class='ocrx_word' id='word_1_315' title='bbox 1753 2331 1809 2382; x_wconf 89' lang='lat' dir='ltr'><strong>te</strong></span> <span class='ocrx_word' id='word_1_316' title='bbox 1856 2343 2062 2398; x_wconf 88' lang='lat' dir='ltr'><strong>passus</strong></span> 
     </span>
    </p>
   </div>
   <div class='ocr_carea' id='block_1_42' title="bbox 417 2411 2062 2488">
    <p class='ocr_par' dir='ltr' id='par_1_42' title="bbox 417 2411 2062 2488">
     <span class='ocr_line' id='line_1_43' title="bbox 417 2411 2062 2488; baseline 0.003 -21"><span class='ocrx_word' id='word_1_317' title='bbox 417 2417 526 2482; x_wconf 90' lang='lat' dir='ltr'><strong>e‘st,</strong></span> <span class='ocrx_word' id='word_1_318' title='bbox 557 2411 669 2466; x_wconf 87' lang='lat' dir='ltr'><strong>fuit</strong></span> <span class='ocrx_word' id='word_1_319' title='bbox 715 2413 933 2469; x_wconf 92' lang='lat' dir='ltr'><strong>oblitus</strong></span> <span class='ocrx_word' id='word_1_320' title='bbox 965 2414 1094 2484; x_wconf 87' lang='lat' dir='ltr'><strong>ejus</strong></span> <span class='ocrx_word' id='word_1_321' title='bbox 1127 2416 1226 2486; x_wconf 90' lang='lat' dir='ltr'><strong>qui</strong></span> <span class='ocrx_word' id='word_1_322' title='bbox 1261 2423 1492 2488; x_wconf 91' lang='lat' dir='ltr'><strong>propter</strong></span> <span class='ocrx_word' id='word_1_323' title='bbox 1538 2417 1723 2488; x_wconf 88' lang='lat' dir='ltr'><strong>ipsum</strong></span> <span class='ocrx_word' id='word_1_324' title='bbox 1776 2416 2062 2486; x_wconf 88' lang='lat' dir='ltr'><strong>moritur;</strong></span> 
     </span>
    </p>
   </div>
   <div class='ocr_carea' id='block_1_43' title="bbox 419 2502 2066 2578">
    <p class='ocr_par' dir='ltr' id='par_1_43' title="bbox 419 2502 2066 2578">
     <span class='ocr_line' id='line_1_44' title="bbox 419 2502 2066 2578; baseline 0.003 -20"><span class='ocrx_word' id='word_1_325' title='bbox 419 2503 520 2558; x_wconf 90' lang='lat' dir='ltr'><strong>sed</strong></span> <span class='ocrx_word' id='word_1_326' title='bbox 556 2502 906 2558; x_wconf 86' lang='lat' dir='ltr'><strong>miraculum</strong></span> <span class='ocrx_word' id='word_1_327' title='bbox 931 2504 1106 2561; x_wconf 88' lang='lat' dir='ltr'><strong>etiam</strong></span> <span class='ocrx_word' id='word_1_328' title='bbox 1130 2505 1386 2561; x_wconf 88' lang='lat' dir='ltr'><strong>ostendit</strong></span> <span class='ocrx_word' id='word_1_329' title='bbox 1408 2506 1466 2561; x_wconf 91' lang='lat' dir='ltr'><strong>in</strong></span> <span class='ocrx_word' id='word_1_330' title='bbox 1489 2507 1913 2578; x_wconf 88' lang='lat' dir='ltr'><strong>amputatione.</strong></span> <span class='ocrx_word' id='word_1_331' title='bbox 1937 2510 2066 2563; x_wconf 88' lang='lat' dir='ltr'><strong>Ete-</strong></span> 
     </span>
    </p>
   </div>
   <div class='ocr_carea' id='block_1_44' title="bbox 421 2593 2064 2669">
    <p class='ocr_par' dir='ltr' id='par_1_44' title="bbox 421 2593 2064 2669">
     <span class='ocr_line' id='line_1_45' title="bbox 421 2593 2064 2669; baseline 0.003 -21"><span class='ocrx_word' id='word_1_332' title='bbox 421 2593 541 2648; x_wconf 90' lang='lat' dir='ltr'><strong>nim</strong></span> <span class='ocrx_word' id='word_1_333' title='bbox 591 2609 722 2649; x_wconf 91' lang='lat' dir='ltr'><strong>cum</strong></span> <span class='ocrx_word' id='word_1_334' title='bbox 771 2610 942 2650; x_wconf 90' lang='lat' dir='ltr'><strong>suum</strong></span> <span class='ocrx_word' id='word_1_335' title='bbox 977 2600 1146 2666; x_wconf 89' lang='lat' dir='ltr'><strong>caput</strong></span> <span class='ocrx_word' id='word_1_336' title='bbox 1181 2600 1458 2668; x_wconf 88' lang='lat' dir='ltr'><strong>tanquam</strong></span> <span class='ocrx_word' id='word_1_337' title='bbox 1491 2597 1723 2668; x_wconf 84' lang='lat' dir='ltr'><strong>aliquod</strong></span> <span class='ocrx_word' id='word_1_338' title='bbox 1757 2597 2064 2669; x_wconf 70' lang='lat' dir='ltr'><strong>praamium</strong></span> 
     </span>
    </p>
   </div>
   <div class='ocr_carea' id='block_1_45' title="bbox 421 2683 2070 2757">
    <p class='ocr_par' dir='ltr' id='par_1_45' title="bbox 421 2683 2070 2757">
     <span class='ocr_line' id='line_1_46' title="bbox 421 2683 2070 2757; baseline 0.004 -19"><span class='ocrx_word' id='word_1_339' title='bbox 421 2686 642 2755; x_wconf 84' lang='lat' dir='ltr'><strong>martyr</strong></span> <span class='ocrx_word' id='word_1_340' title='bbox 671 2683 791 2739; x_wconf 89' lang='lat' dir='ltr'><strong>suis</strong></span> <span class='ocrx_word' id='word_1_341' title='bbox 834 2685 1174 2757; x_wconf 46' lang='lat' dir='ltr'><strong>accepisset,</strong></span> <span class='ocrx_word' id='word_1_342' title='bbox 1198 2687 1496 2752; x_wconf 86' lang='lat' dir='ltr'><strong>manibus,</strong></span> <span class='ocrx_word' id='word_1_343' title='bbox 1529 2687 1739 2743; x_wconf 88' lang='lat' dir='ltr'><strong>transit</strong></span> <span class='ocrx_word' id='word_1_344' title='bbox 1777 2689 1847 2742; x_wconf 90' lang='lat' dir='ltr'><strong>ad</strong></span> <span class='ocrx_word' id='word_1_345' title='bbox 1877 2705 2070 2744; x_wconf 89' lang='lat' dir='ltr'><strong>remo-</strong></span> 
     </span>
    </p>
   </div>
   <div class='ocr_carea' id='block_1_46' title="bbox 421 2771 2070 2848">
    <p class='ocr_par' dir='ltr' id='par_1_46' title="bbox 421 2771 2070 2848">
     <span class='ocr_line' id='line_1_47' title="bbox 421 2771 2070 2848; baseline 0.002 -20"><span class='ocrx_word' id='word_1_346' title='bbox 421 2771 631 2828; x_wconf 87' lang='lat' dir='ltr'><strong>tiorem</strong></span> <span class='ocrx_word' id='word_1_347' title='bbox 663 2773 880 2830; x_wconf 91' lang='lat' dir='ltr'><strong>locum.</strong></span> <span class='ocrx_word' id='word_1_348' title='bbox 909 2774 1150 2830; x_wconf 90' lang='lat' dir='ltr'><strong>Ferebat</strong></span> <span class='ocrx_word' id='word_1_349' title='bbox 1169 2791 1304 2848; x_wconf 86' lang='lat' dir='ltr'><strong>ergo</strong></span> <span class='ocrx_word' id='word_1_350' title='bbox 1327 2776 1452 2848; x_wconf 90' lang='lat' dir='ltr'><strong>ipse</strong></span> <span class='ocrx_word' id='word_1_351' title='bbox 1483 2781 1657 2848; x_wconf 87' lang='lat' dir='ltr'><strong>caput</strong></span> <span class='ocrx_word' id='word_1_352' title='bbox 1686 2777 1744 2830; x_wconf 92' lang='lat' dir='ltr'><strong>in</strong></span> <span class='ocrx_word' id='word_1_353' title='bbox 1778 2777 2070 2847; x_wconf 89' lang='lat' dir='ltr'><strong>manibus,</strong></span> 
     </span>
    </p>
   </div>
   <div class='ocr_carea' id='block_1_47' title="bbox 424 2862 2076 2936">
    <p class='ocr_par' dir='ltr' id='par_1_47' title="bbox 424 2862 2076 2936">
     <span class='ocr_line' id='line_1_48' title="bbox 424 2862 2076 2936; baseline 0.002 -19"><span class='ocrx_word' id='word_1_354' title='bbox 424 2866 703 2932; x_wconf 86' lang='lat' dir='ltr'><strong>tanquam</strong></span> <span class='ocrx_word' id='word_1_355' title='bbox 736 2862 969 2934; x_wconf 89' lang='lat' dir='ltr'><strong>aliquod</strong></span> <span class='ocrx_word' id='word_1_356' title='bbox 1003 2865 1353 2934; x_wconf 76' lang='lat' dir='ltr'><strong>tr0pha2um,</strong></span> <span class='ocrx_word' id='word_1_357' title='bbox 1387 2883 1419 2922; x_wconf 90' lang='lat' dir='ltr'><strong>a</strong></span> <span class='ocrx_word' id='word_1_358' title='bbox 1451 2866 1645 2922; x_wconf 90' lang='lat' dir='ltr'><strong>divina</strong></span> <span class='ocrx_word' id='word_1_359' title='bbox 1680 2866 1916 2922; x_wconf 89' lang='lat' dir='ltr'><strong>omnino</strong></span> <span class='ocrx_word' id='word_1_360' title='bbox 1946 2883 2076 2936; x_wconf 88' lang='lat' dir='ltr'><strong>por-</strong></span> 
     </span>
    </p>
   </div>
   <div class='ocr_carea' id='block_1_48' title="bbox 424 2951 2072 3026">
    <p class='ocr_par' dir='ltr' id='par_1_48' title="bbox 424 2951 2072 3026">
     <span class='ocr_line' id='line_1_49' title="bbox 424 2951 2072 3026; baseline 0.002 -20"><span class='ocrx_word' id='word_1_361' title='bbox 424 2955 575 3006; x_wconf 88' lang='lat' dir='ltr'><strong>tatus</strong></span> <span class='ocrx_word' id='word_1_362' title='bbox 607 2951 815 3022; x_wconf 89' lang='lat' dir='ltr'><strong>gratia,</strong></span> <span class='ocrx_word' id='word_1_363' title='bbox 842 2968 1028 3023; x_wconf 88' lang='lat' dir='ltr'><strong>neque</strong></span> <span class='ocrx_word' id='word_1_364' title='bbox 1062 2954 1220 3023; x_wconf 87' lang='lat' dir='ltr'><strong>prius</strong></span> <span class='ocrx_word' id='word_1_365' title='bbox 1249 2954 1491 3021; x_wconf 87' lang='lat' dir='ltr'><strong>dimisit,</strong></span> <span class='ocrx_word' id='word_1_366' title='bbox 1527 2971 1699 3026; x_wconf 86' lang='lat' dir='ltr'><strong>quam</strong></span> <span class='ocrx_word' id='word_1_367' title='bbox 1732 2954 1962 3011; x_wconf 91' lang='lat' dir='ltr'><strong>mulieri</strong></span> <span class='ocrx_word' id='word_1_368' title='bbox 1985 2955 2072 3010; x_wconf 91' lang='lat' dir='ltr'><strong>di-</strong></span> 
     </span>
    </p>
   </div>
   <div class='ocr_carea' id='block_1_49' title="bbox 425 3040 2072 3115">
    <p class='ocr_par' dir='ltr' id='par_1_49' title="bbox 425 3040 2072 3115">
     <span class='ocr_line' id='line_1_50' title="bbox 425 3040 2072 3115; baseline 0.006 -25"><span class='ocrx_word' id='word_1_369' title='bbox 425 3040 564 3094; x_wconf 83' lang='lat' dir='ltr'><strong>vina</strong></span> <span class='ocrx_word' id='word_1_370' title='bbox 610 3040 858 3110; x_wconf 88' lang='lat' dir='ltr'><strong>quadam</strong></span> <span class='ocrx_word' id='word_1_371' title='bbox 915 3041 1154 3096; x_wconf 90' lang='lat' dir='ltr'><strong>omnino</strong></span> <span class='ocrx_word' id='word_1_372' title='bbox 1213 3059 1526 3098; x_wconf 84' lang='lat' dir='ltr'><strong>occurrens</strong></span> <span class='ocrx_word' id='word_1_373' title='bbox 1585 3042 1970 3115; x_wconf 88' lang='lat' dir='ltr'><strong>providentia,</strong></span> <span class='ocrx_word' id='word_1_374' title='bbox 2015 3045 2072 3100; x_wconf 91' lang='lat' dir='ltr'><strong>in</strong></span> 
     </span>
    </p>
   </div>
   <div class='ocr_carea' id='block_1_50' title="bbox 428 3126 2072 3203">
    <p class='ocr_par' dir='ltr' id='par_1_50' title="bbox 428 3126 2072 3203">
     <span class='ocr_line' id='line_1_51' title="bbox 428 3126 2072 3203; baseline 0.005 -23"><span class='ocrx_word' id='word_1_375' title='bbox 428 3126 592 3182; x_wconf 90' lang='lat' dir='ltr'><strong>illius</strong></span> <span class='ocrx_word' id='word_1_376' title='bbox 648 3127 917 3184; x_wconf 83' lang='lat' dir='ltr'><strong>manibus</strong></span> <span class='ocrx_word' id='word_1_377' title='bbox 958 3129 1250 3200; x_wconf 89' lang='lat' dir='ltr'><strong>deposuit,</strong></span> <span class='ocrx_word' id='word_1_378' title='bbox 1280 3131 1458 3188; x_wconf 89' lang='lat' dir='ltr'><strong>veluti</strong></span> <span class='ocrx_word' id='word_1_379' title='bbox 1491 3133 1799 3203; x_wconf 90' lang='lat' dir='ltr'><strong>quemdam</strong></span> <span class='ocrx_word' id='word_1_380' title='bbox 1832 3134 2072 3189; x_wconf 87' lang='lat' dir='ltr'><strong>thesau-</strong></span> 
     </span>
    </p>
   </div>
   <div class='ocr_carea' id='block_1_51' title="bbox 2168 1873 3824 1954">
    <p class='ocr_par' dir='ltr' id='par_1_51' title="bbox 2168 1873 3824 1954">
     <span class='ocr_line' id='line_1_52' title="bbox 2168 1873 3824 1954; baseline -0.003 -21"><span class='ocrx_word' id='word_1_381' title='bbox 2168 1876 2457 1954; x_wconf 80' lang='grc' dir='ltr'>πρόσδεξαι</span> <span class='ocrx_word' id='word_1_382' title='bbox 2505 1879 2599 1940; x_wconf 80' lang='grc' dir='ltr'>τὰς</span> <span class='ocrx_word' id='word_1_383' title='bbox 2649 1882 2755 1933; x_wconf 83' lang='grc' dir='ltr'><strong>τῶν</strong></span> <span class='ocrx_word' id='word_1_384' title='bbox 2800 1882 2909 1932; x_wconf 82' lang='grc' dir='ltr'><strong>σῶν</strong></span> <span class='ocrx_word' id='word_1_385' title='bbox 2971 1873 3184 1932; x_wconf 85' lang='grc' dir='ltr'>δούλων</span> <span class='ocrx_word' id='word_1_386' title='bbox 3241 1876 3294 1931; x_wconf 87' lang='grc' dir='ltr'><strong>ἐν</strong></span> <span class='ocrx_word' id='word_1_387' title='bbox 3363 1875 3552 1949; x_wconf 71' lang='grc' dir='ltr'>εἰρήνῃ</span> <span class='ocrx_word' id='word_1_388' title='bbox 3608 1876 3824 1952; x_wconf 70' lang='grc' dir='ltr'>ψυχᾶς,</span> 
     </span>
    </p>
   </div>
   <div class='ocr_carea' id='block_1_52' title="bbox 2170 1962 3827 2040">
    <p class='ocr_par' dir='ltr' id='par_1_52' title="bbox 2170 1962 3827 2040">
     <span class='ocr_line' id='line_1_53' title="bbox 2170 1962 3827 2040; baseline -0.002 -18"><span class='ocrx_word' id='word_1_389' title='bbox 2170 1969 2254 2022; x_wconf 81' lang='grc' dir='ltr'>’ὁτι</span> <span class='ocrx_word' id='word_1_390' title='bbox 2310 1966 2464 2022; x_wconf 69' lang='grc' dir='ltr'>ἕνεκα</span> <span class='ocrx_word' id='word_1_391' title='bbox 2521 1988 2615 2022; x_wconf 90' lang='grc' dir='ltr'><strong>σου</strong></span> <span class='ocrx_word' id='word_1_392' title='bbox 2675 1965 3070 2040; x_wconf 78' lang='grc' dir='ltr'>Θανατούμεθα.</span> <span class='ocrx_word' id='word_1_393' title='bbox 3107 1988 3134 2016; x_wconf 76' lang='grc' dir='ltr'>ι)</span> <span class='ocrx_word' id='word_1_394' title='bbox 3196 1966 3291 2020; x_wconf 83' lang='grc' dir='ltr'><strong>Καὶ</strong></span> <span class='ocrx_word' id='word_1_395' title='bbox 3349 1969 3456 2020; x_wconf 82' lang='grc' dir='ltr'><strong>τῶν</strong></span> <span class='ocrx_word' id='word_1_396' title='bbox 3517 1963 3691 2040; x_wconf 83' lang='grc' dir='ltr'>ἁγίων</span> <span class='ocrx_word' id='word_1_397' title='bbox 3759 1962 3827 2018; x_wconf 74' lang='grc' dir='ltr'>τὸ</span> 
     </span>
    </p>
   </div>
   <div class='ocr_carea' id='block_1_53' title="bbox 2175 2051 3831 2132">
    <p class='ocr_par' dir='ltr' id='par_1_53' title="bbox 2175 2051 3831 2132">
     <span class='ocr_line' id='line_1_54' title="bbox 2175 2051 3831 2132; baseline -0.004 -20"><span class='ocrx_word' id='word_1_398' title='bbox 2175 2080 2200 2111; x_wconf 75' lang='grc' dir='ltr'><strong>α</strong></span> <span class='ocrx_word' id='word_1_399' title='bbox 2227 2057 2282 2112; x_wconf 80' lang='grc' dir='ltr'><strong>Ἀ</strong></span> <span class='ocrx_word' id='word_1_400' title='bbox 2297 2058 2402 2130; x_wconf 72' lang='grc' dir='ltr'>μὴν</span> <span class='ocrx_word' id='word_1_401' title='bbox 2425 2081 2451 2109; x_wconf 75' lang='grc' dir='ltr'>ι)</span> <span class='ocrx_word' id='word_1_402' title='bbox 2477 2054 2957 2132; x_wconf 76' lang='grc' dir='ltr'>ἐπιφωνησάντων,</span> <span class='ocrx_word' id='word_1_403' title='bbox 2979 2056 3114 2131; x_wconf 83' lang='grc' dir='ltr'>πρὸς</span> <span class='ocrx_word' id='word_1_404' title='bbox 3138 2054 3268 2113; x_wconf 82' lang='grc' dir='ltr'>τοὺς</span> <span class='ocrx_word' id='word_1_405' title='bbox 3300 2052 3536 2126; x_wconf 79' lang='grc' dir='ltr'>δημίους</span> <span class='ocrx_word' id='word_1_406' title='bbox 3568 2051 3831 2125; x_wconf 75' lang='grc' dir='ltr'>ἐπιστρα-</span> 
     </span>
    </p>
   </div>
   <div class='ocr_carea' id='block_1_54' title="bbox 2171 2139 3830 2225">
    <p class='ocr_par' dir='ltr' id='par_1_54' title="bbox 2171 2139 3830 2225">
     <span class='ocr_line' id='line_1_55' title="bbox 2171 2139 3830 2225; baseline -0.004 -23"><span class='ocrx_word' id='word_1_407' title='bbox 2171 2148 2311 2225; x_wconf 57' lang='lat' dir='ltr'><strong>(psic,</strong></span> <span class='ocrx_word' id='word_1_408' title='bbox 2344 2171 2371 2200; x_wconf 90' lang='grc'><strong>‹‹</strong></span> <span class='ocrx_word' id='word_1_409' title='bbox 2405 2148 2480 2204; x_wconf 87' lang='grc' dir='ltr'><strong>Τὸ</strong></span> <span class='ocrx_word' id='word_1_410' title='bbox 2511 2145 2791 2211; x_wconf 78' lang='grc' dir='ltr'>κελευσθὲν</span> <span class='ocrx_word' id='word_1_411' title='bbox 2836 2147 2964 2220; x_wconf 84' lang='grc' dir='ltr'>ὑμῖν</span> <span class='ocrx_word' id='word_1_412' title='bbox 3011 2144 3300 2214; x_wconf 83' lang='grc' dir='ltr'>ἐκτελεῖτε,</span> <span class='ocrx_word' id='word_1_413' title='bbox 3335 2169 3362 2196; x_wconf 86' lang='grc'><strong>››</strong></span> <span class='ocrx_word' id='word_1_414' title='bbox 3411 2143 3596 2222; x_wconf 82' lang='grc' dir='ltr'>φησίν.</span> <span class='ocrx_word' id='word_1_415' title='bbox 3645 2143 3714 2200; x_wconf 86' lang='lat' dir='ltr'><strong>O&#39;t</strong></span> <span class='ocrx_word' id='word_1_416' title='bbox 3769 2139 3830 2196; x_wconf 70' lang='grc' dir='ltr'>δὲ</span> 
     </span>
    </p>
   </div>
   <div class='ocr_carea' id='block_1_55' title="bbox 2172 2233 3831 2312">
    <p class='ocr_par' dir='ltr' id='par_1_55' title="bbox 2172 2233 3831 2312">
     <span class='ocr_line' id='line_1_56' title="bbox 2172 2233 3831 2312; baseline -0.004 -20"><span class='ocrx_word' id='word_1_417' title='bbox 2172 2241 2362 2312; x_wconf 80' lang='grc' dir='ltr'>πρῶτα</span> <span class='ocrx_word' id='word_1_418' title='bbox 2399 2237 2491 2310; x_wconf 76' lang='grc' dir='ltr'><strong>μὲν</strong></span> <span class='ocrx_word' id='word_1_419' title='bbox 2528 2238 2629 2306; x_wconf 77' lang='grc' dir='ltr'>τήν</span> <span class='ocrx_word' id='word_1_420' title='bbox 2672 2241 2770 2291; x_wconf 81' lang='grc' dir='ltr'>τοῦ</span> <span class='ocrx_word' id='word_1_421' title='bbox 2821 2235 3093 2310; x_wconf 82' lang='grc' dir='ltr'>μακαρίου</span> <span class='ocrx_word' id='word_1_422' title='bbox 3151 2235 3453 2304; x_wconf 87' lang='grc' dir='ltr'>Διονυσίου,</span> <span class='ocrx_word' id='word_1_423' title='bbox 3501 2233 3620 2288; x_wconf 80' lang='grc' dir='ltr'>εἶτα</span> <span class='ocrx_word' id='word_1_424' title='bbox 3670 2233 3831 2288; x_wconf 87' lang='grc' dir='ltr'>Ῥου-</span> 
     </span>
    </p>
   </div>
   <div class='ocr_carea' id='block_1_56' title="bbox 2174 2319 3829 2399">
    <p class='ocr_par' dir='ltr' id='par_1_56' title="bbox 2174 2319 3829 2399">
     <span class='ocr_line' id='line_1_57' title="bbox 2174 2319 3829 2399; baseline -0.002 -19"><span class='ocrx_word' id='word_1_425' title='bbox 2174 2331 2362 2380; x_wconf 87' lang='grc' dir='ltr'>στικοῦ</span> <span class='ocrx_word' id='word_1_426' title='bbox 2406 2326 2498 2380; x_wconf 81' lang='grc' dir='ltr'><strong>καὶ</strong></span> <span class='ocrx_word' id='word_1_427' title='bbox 2555 2323 2898 2399; x_wconf 83' lang='grc' dir='ltr'>Ἐλευθερίου</span> <span class='ocrx_word' id='word_1_428' title='bbox 2966 2323 3282 2398; x_wconf 63' lang='grc' dir='ltr'>ἐκτέμνουσι</span> <span class='ocrx_word' id='word_1_429' title='bbox 3338 2321 3604 2399; x_wconf 70' lang='grc' dir='ltr'>κεφαλήν.</span> <span class='ocrx_word' id='word_1_430' title='bbox 3662 2319 3829 2379; x_wconf 80' lang='grc' dir='ltr'>Ἀλλ’</span> 
     </span>
    </p>
   </div>
   <div class='ocr_carea' id='block_1_57' title="bbox 2177 2408 3830 2490">
    <p class='ocr_par' dir='ltr' id='par_1_57' title="bbox 2177 2408 3830 2490">
     <span class='ocr_line' id='line_1_58' title="bbox 2177 2408 3830 2490; baseline -0.005 -18"><span class='ocrx_word' id='word_1_431' title='bbox 2177 2413 2302 2472; x_wconf 71' lang='grc' dir='ltr'>οὐδὲ</span> <span class='ocrx_word' id='word_1_432' title='bbox 2330 2415 2512 2490; x_wconf 73' lang='grc' dir='ltr'>τούτῳ</span> <span class='ocrx_word' id='word_1_433' title='bbox 2563 2421 2680 2488; x_wconf 83' lang='grc' dir='ltr'><strong>σοῦ,</strong></span> <span class='ocrx_word' id='word_1_434' title='bbox 2729 2414 2995 2485; x_wconf 85' lang='grc' dir='ltr'>Διονύσιε,</span> <span class='ocrx_word' id='word_1_435' title='bbox 3038 2416 3066 2469; x_wconf 97' lang='lat'><strong>6</strong></span> <span class='ocrx_word' id='word_1_436' title='bbox 3115 2411 3205 2469; x_wconf 73' lang='grc' dir='ltr'>διὰ</span> <span class='ocrx_word' id='word_1_437' title='bbox 3255 2415 3312 2468; x_wconf 66' lang='grc' dir='ltr'><strong>σε</strong></span> <span class='ocrx_word' id='word_1_438' title='bbox 3367 2413 3555 2477; x_wconf 85' lang='grc' dir='ltr'>παθὼν</span> <span class='ocrx_word' id='word_1_439' title='bbox 3604 2416 3705 2467; x_wconf 75' lang='grc' dir='ltr'>τοῦ</span> <span class='ocrx_word' id='word_1_440' title='bbox 3757 2408 3830 2465; x_wconf 82' lang='grc' dir='ltr'>δι’</span> 
     </span>
    </p>
   </div>
   <div class='ocr_carea' id='block_1_58' title="bbox 2176 2493 3829 2578">
    <p class='ocr_par' dir='ltr' id='par_1_58' title="bbox 2176 2493 3829 2578">
     <span class='ocr_line' id='line_1_59' title="bbox 2176 2493 3829 2578; baseline -0.004 -18"><span class='ocrx_word' id='word_1_441' title='bbox 2176 2506 2334 2562; x_wconf 82' lang='grc' dir='ltr'>αὐτὸν</span> <span class='ocrx_word' id='word_1_442' title='bbox 2369 2508 2692 2578; x_wconf 78' lang='grc' dir='ltr'>θνήσκοντος</span> <span class='ocrx_word' id='word_1_443' title='bbox 2729 2493 3108 2575; x_wconf 70' lang='grc' dir='ltr'>ἐπιλέλησταί·</span> <span class='ocrx_word' id='word_1_444' title='bbox 3147 2502 3292 2559; x_wconf 79' lang='grc' dir='ltr'>ἀλλὰ</span> <span class='ocrx_word' id='word_1_445' title='bbox 3323 2523 3376 2557; x_wconf 89' lang='grc' dir='ltr'><strong>τι</strong></span> <span class='ocrx_word' id='word_1_446' title='bbox 3404 2501 3494 2557; x_wconf 85' lang='grc' dir='ltr'>καὶ</span> <span class='ocrx_word' id='word_1_447' title='bbox 3543 2501 3673 2575; x_wconf 81' lang='grc' dir='ltr'>περὶ</span> <span class='ocrx_word' id='word_1_448' title='bbox 3722 2501 3829 2568; x_wconf 69' lang='grc' dir='ltr'>τὴν</span> 
     </span>
    </p>
   </div>
   <div class='ocr_carea' id='block_1_59' title="bbox 2179 2590 3833 2671">
    <p class='ocr_par' dir='ltr' id='par_1_59' title="bbox 2179 2590 3833 2671">
     <span class='ocr_line' id='line_1_60' title="bbox 2179 2590 3833 2671; baseline -0.005 -20"><span class='ocrx_word' id='word_1_449' title='bbox 2179 2596 2417 2669; x_wconf 79' lang='grc' dir='ltr'>ἐκτομὴν</span> <span class='ocrx_word' id='word_1_450' title='bbox 2464 2595 2740 2671; x_wconf 83' lang='grc' dir='ltr'>τεράστιον</span> <span class='ocrx_word' id='word_1_451' title='bbox 2802 2592 3189 2650; x_wconf 81' lang='grc' dir='ltr'>ἐπιδείκνυται.</span> <span class='ocrx_word' id='word_1_452' title='bbox 3249 2592 3353 2650; x_wconf 83' lang='grc' dir='ltr'><strong>Καὶ</strong></span> <span class='ocrx_word' id='word_1_453' title='bbox 3411 2593 3516 2669; x_wconf 76' lang='grc' dir='ltr'>γὰρ</span> <span class='ocrx_word' id='word_1_454' title='bbox 3555 2592 3658 2660; x_wconf 75' lang='grc' dir='ltr'>τήν</span> <span class='ocrx_word' id='word_1_455' title='bbox 3706 2590 3833 2644; x_wconf 69' lang='grc' dir='ltr'>ἑαυ-</span> 
     </span>
    </p>
   </div>
   <div class='ocr_carea' id='block_1_60' title="bbox 2177 2681 3831 2765">
    <p class='ocr_par' dir='ltr' id='par_1_60' title="bbox 2177 2681 3831 2765">
     <span class='ocr_line' id='line_1_61' title="bbox 2177 2681 3831 2765; baseline -0.005 -20"><span class='ocrx_word' id='word_1_456' title='bbox 2177 2695 2274 2745; x_wconf 78' lang='grc' dir='ltr'>τοῦ</span> <span class='ocrx_word' id='word_1_457' title='bbox 2304 2686 2567 2765; x_wconf 74' lang='grc' dir='ltr'>κεφαλὴν,</span> <span class='ocrx_word' id='word_1_458' title='bbox 2618 2685 2797 2763; x_wconf 78' lang='grc' dir='ltr'>ὥσπερ</span> <span class='ocrx_word' id='word_1_459' title='bbox 2854 2709 2906 2742; x_wconf 89' lang='grc' dir='ltr'><strong>τι</strong></span> <span class='ocrx_word' id='word_1_460' title='bbox 2960 2681 3235 2763; x_wconf 75' lang='grc' dir='ltr'>βραϐεῖον,</span> <span class='ocrx_word' id='word_1_461' title='bbox 3295 2685 3346 2740; x_wconf 86' lang='grc' dir='ltr'><strong>ἐν</strong></span> <span class='ocrx_word' id='word_1_462' title='bbox 3404 2689 3522 2740; x_wconf 83' lang='grc' dir='ltr'>ταῖν</span> <span class='ocrx_word' id='word_1_463' title='bbox 3576 2688 3770 2758; x_wconf 82' lang='grc' dir='ltr'>χεροῖν</span> <span class='ocrx_word' id='word_1_464' title='bbox 3803 2683 3831 2736; x_wconf 87' lang='lat'><strong>6</strong></span> 
     </span>
    </p>
   </div>
   <div class='ocr_carea' id='block_1_61' title="bbox 2185 2772 3830 2855">
    <p class='ocr_par' dir='ltr' id='par_1_61' title="bbox 2185 2772 3830 2855">
     <span class='ocr_line' id='line_1_62' title="bbox 2185 2772 3830 2855; baseline -0.004 -22"><span class='ocrx_word' id='word_1_465' title='bbox 2185 2779 2387 2853; x_wconf 82' lang='grc' dir='ltr'>μάρτυς</span> <span class='ocrx_word' id='word_1_466' title='bbox 2449 2775 2756 2850; x_wconf 79' lang='grc' dir='ltr'>δεξάμενος,</span> <span class='ocrx_word' id='word_1_467' title='bbox 2809 2776 2888 2855; x_wconf 64' lang='grc' dir='ltr'><strong>ἐφ’</strong></span> <span class='ocrx_word' id='word_1_468' title='bbox 2930 2778 3112 2832; x_wconf 73' lang='grc' dir='ltr'>ἱκανὸν</span> <span class='ocrx_word' id='word_1_469' title='bbox 3169 2775 3336 2830; x_wconf 83' lang='grc' dir='ltr'>τόπον</span> <span class='ocrx_word' id='word_1_470' title='bbox 3393 2772 3607 2832; x_wconf 82' lang='grc' dir='ltr'>δίεισιν,</span> <span class='ocrx_word' id='word_1_471' title='bbox 3663 2775 3830 2848; x_wconf 58' lang='grc' dir='ltr'><strong>Ἔφε-</strong></span> 
     </span>
    </p>
   </div>
   <div class='ocr_carea' id='block_1_62' title="bbox 2183 2862 3829 2944">
    <p class='ocr_par' dir='ltr' id='par_1_62' title="bbox 2183 2862 3829 2944">
     <span class='ocr_line' id='line_1_63' title="bbox 2183 2862 3829 2944; baseline -0.005 -21"><span class='ocrx_word' id='word_1_472' title='bbox 2183 2889 2267 2944; x_wconf 87' lang='grc' dir='ltr'><strong>ρεν</strong></span> <span class='ocrx_word' id='word_1_473' title='bbox 2298 2869 2389 2922; x_wconf 78' lang='grc' dir='ltr'><strong>οὖν</strong></span> <span class='ocrx_word' id='word_1_474' title='bbox 2427 2869 2526 2937; x_wconf 76' lang='grc' dir='ltr'>τήν</span> <span class='ocrx_word' id='word_1_475' title='bbox 2554 2867 2820 2942; x_wconf 74' lang='grc' dir='ltr'>κεφαλήν,</span> <span class='ocrx_word' id='word_1_476' title='bbox 2863 2867 3104 2941; x_wconf 80' lang='grc' dir='ltr'>καθάπερ</span> <span class='ocrx_word' id='word_1_477' title='bbox 3158 2887 3209 2921; x_wconf 90' lang='grc' dir='ltr'><strong>τι</strong></span> <span class='ocrx_word' id='word_1_478' title='bbox 3256 2865 3540 2939; x_wconf 85' lang='grc' dir='ltr'>τρόπαιον,</span> <span class='ocrx_word' id='word_1_479' title='bbox 3583 2862 3671 2917; x_wconf 79' lang='grc' dir='ltr'><strong>ἐπὶ</strong></span> <span class='ocrx_word' id='word_1_480' title='bbox 3717 2865 3829 2915; x_wconf 80' lang='grc' dir='ltr'><strong>τῶν</strong></span> 
     </span>
    </p>
   </div>
   <div class='ocr_carea' id='block_1_63' title="bbox 2181 2952 3832 3033">
    <p class='ocr_par' dir='ltr' id='par_1_63' title="bbox 2181 2952 3832 3033">
     <span class='ocr_line' id='line_1_64' title="bbox 2181 2952 3832 3033; baseline -0.004 -21"><span class='ocrx_word' id='word_1_481' title='bbox 2181 2962 2381 3033; x_wconf 78' lang='grc' dir='ltr'>χειρῶν</span> <span class='ocrx_word' id='word_1_482' title='bbox 2416 2956 2600 3027; x_wconf 80' lang='grc' dir='ltr'>αὐτὸς,</span> <span class='ocrx_word' id='word_1_483' title='bbox 2645 2957 2746 3011; x_wconf 80' lang='grc' dir='ltr'>ὑπὸ</span> <span class='ocrx_word' id='word_1_484' title='bbox 2789 2954 2935 3017; x_wconf 84' lang='grc' dir='ltr'>θείας</span> <span class='ocrx_word' id='word_1_485' title='bbox 2975 2957 3188 3016; x_wconf 80' lang='grc' dir='ltr'>πάντως</span> <span class='ocrx_word' id='word_1_486' title='bbox 3238 2953 3536 3028; x_wconf 76' lang='grc' dir='ltr'>φερόμενος</span> <span class='ocrx_word' id='word_1_487' title='bbox 3573 2952 3832 3026; x_wconf 77' lang='grc' dir='ltr'>χάριτος,</span> 
     </span>
    </p>
   </div>
   <div class='ocr_carea' id='block_1_64' title="bbox 2182 3040 3833 3121">
    <p class='ocr_par' dir='ltr' id='par_1_64' title="bbox 2182 3040 3833 3121">
     <span class='ocr_line' id='line_1_65' title="bbox 2182 3040 3833 3121; baseline -0.005 -19"><span class='ocrx_word' id='word_1_488' title='bbox 2182 3047 2271 3102; x_wconf 85' lang='grc' dir='ltr'><strong>καὶ</strong></span> <span class='ocrx_word' id='word_1_489' title='bbox 2322 3046 2382 3102; x_wconf 81' lang='grc' dir='ltr'>οὗ</span> <span class='ocrx_word' id='word_1_490' title='bbox 2427 3045 2690 3121; x_wconf 82' lang='grc' dir='ltr'>πρότερον</span> <span class='ocrx_word' id='word_1_491' title='bbox 2748 3048 2935 3118; x_wconf 80' lang='grc' dir='ltr'>ἂνῆκε,</span> <span class='ocrx_word' id='word_1_492' title='bbox 2993 3047 3122 3120; x_wconf 82' lang='grc' dir='ltr'>πρὶν</span> <span class='ocrx_word' id='word_1_493' title='bbox 3179 3043 3268 3100; x_wconf 80' lang='grc' dir='ltr'>ὅτε</span> <span class='ocrx_word' id='word_1_494' title='bbox 3321 3041 3388 3112; x_wconf 78' lang='grc' dir='ltr'>δὴ</span> <span class='ocrx_word' id='word_1_495' title='bbox 3429 3042 3642 3117; x_wconf 77' lang='grc' dir='ltr'>γυναικὶ</span> <span class='ocrx_word' id='word_1_496' title='bbox 3695 3040 3833 3094; x_wconf 70' lang='grc' dir='ltr'>κατὰ</span> 
     </span>
    </p>
   </div>
   <div class='ocr_carea' id='block_1_65' title="bbox 2183 3129 3835 3210">
    <p class='ocr_par' dir='ltr' id='par_1_65' title="bbox 2183 3129 3835 3210">
     <span class='ocr_line' id='line_1_66' title="bbox 2183 3129 3835 3210; baseline -0.005 -18"><span class='ocrx_word' id='word_1_497' title='bbox 2183 3136 2329 3192; x_wconf 80' lang='grc' dir='ltr'>Θείαν</span> <span class='ocrx_word' id='word_1_498' title='bbox 2379 3136 2594 3199; x_wconf 83' lang='grc' dir='ltr'>πάντως</span> <span class='ocrx_word' id='word_1_499' title='bbox 2649 3136 2983 3210; x_wconf 84' lang='grc' dir='ltr'>συνενεχθεὶς</span> <span class='ocrx_word' id='word_1_500' title='bbox 3041 3137 3300 3210; x_wconf 85' lang='grc' dir='ltr'>πρόνοιαν</span> <span class='ocrx_word' id='word_1_501' title='bbox 3362 3132 3576 3201; x_wconf 73' lang='grc' dir='ltr'>ἐκείνης</span> <span class='ocrx_word' id='word_1_502' title='bbox 3645 3129 3835 3186; x_wconf 83' lang='grc' dir='ltr'>παλᾶ-</span> 
     </span>
    </p>
   </div>
   <div class='ocr_carea' id='block_1_66' title="bbox 430 3216 2070 3321">
    <p class='ocr_par' dir='ltr' id='par_1_66' title="bbox 430 3218 2070 3298">
     <span class='ocr_line' id='line_1_67' title="bbox 430 3218 2070 3298; baseline 0.005 -27"><span class='ocrx_word' id='word_1_503' title='bbox 430 3218 876 3274; x_wconf 83' lang='lat' dir='ltr'><strong>rum.Jacebant</strong></span> <span class='ocrx_word' id='word_1_504' title='bbox 898 3225 1091 3277; x_wconf 90' lang='lat' dir='ltr'><strong>autem</strong></span> <span class='ocrx_word' id='word_1_505' title='bbox 1117 3221 1377 3293; x_wconf 88' lang='lat' dir='ltr'><strong>neglecta</strong></span> <span class='ocrx_word' id='word_1_506' title='bbox 1398 3231 1729 3280; x_wconf 79' lang='lat' dir='ltr'><strong>sanctorum</strong></span> <span class='ocrx_word' id='word_1_507' title='bbox 1752 3230 2070 3298; x_wconf 86' lang='lat' dir='ltr'><strong>martyrum</strong></span> 
     </span>
    </p>
   </div>
   <div class='ocr_carea' id='block_1_67' title="bbox 2183 3216 3834 3321">
    <p class='ocr_par' dir='ltr' id='par_1_67' title="bbox 2189 3216 3834 3301">
     <span class='ocr_line' id='line_1_68' title="bbox 2189 3216 3834 3301; baseline -0.005 -20"><span class='ocrx_word' id='word_1_508' title='bbox 2189 3247 2338 3300; x_wconf 86' lang='grc' dir='ltr'>μαις,</span> <span class='ocrx_word' id='word_1_509' title='bbox 2406 3226 2494 3281; x_wconf 80' lang='grc' dir='ltr'><strong>οἷά</strong></span> <span class='ocrx_word' id='word_1_510' title='bbox 2552 3245 2670 3280; x_wconf 90' lang='grc' dir='ltr'>τινα</span> <span class='ocrx_word' id='word_1_511' title='bbox 2738 3225 3026 3301; x_wconf 83' lang='grc' dir='ltr'>θησαυρὸν,</span> <span class='ocrx_word' id='word_1_512' title='bbox 3095 3223 3401 3288; x_wconf 74' lang='grc' dir='ltr'>ἐναπέθετο.</span> <span class='ocrx_word' id='word_1_513' title='bbox 3462 3224 3705 3279; x_wconf 81' lang='grc' dir='ltr'>Ἕκειντο</span> <span class='ocrx_word' id='word_1_514' title='bbox 3776 3216 3834 3273; x_wconf 77' lang='grc' dir='ltr'>δὶ</span> 
     </span>
    </p>
   </div>
   <div class='ocr_carea' id='block_1_68' title="bbox 433 3308 2074 3379">
    <p class='ocr_par' dir='ltr' id='par_1_68' title="bbox 433 3308 2074 3379">
     <span class='ocr_line' id='line_1_69' title="bbox 433 3308 2074 3379; baseline 0.006 -20"><span class='ocrx_word' id='word_1_515' title='bbox 433 3308 763 3361; x_wconf 88' lang='lat' dir='ltr'><strong>veneranda</strong></span> <span class='ocrx_word' id='word_1_516' title='bbox 793 3323 1049 3379; x_wconf 87' lang='lat' dir='ltr'><strong>corpora,</strong></span> <span class='ocrx_word' id='word_1_517' title='bbox 1076 3310 1209 3366; x_wconf 89' lang='lat' dir='ltr'><strong>feris</strong></span> <span class='ocrx_word' id='word_1_518' title='bbox 1233 3315 1290 3365; x_wconf 88' lang='lat' dir='ltr'><strong>et</strong></span> <span class='ocrx_word' id='word_1_519' title='bbox 1317 3311 1524 3368; x_wconf 88' lang='lat' dir='ltr'><strong>avibus</strong></span> <span class='ocrx_word' id='word_1_520' title='bbox 1554 3314 1623 3368; x_wconf 90' lang='lat' dir='ltr'><strong>ad</strong></span> <span class='ocrx_word' id='word_1_521' title='bbox 1656 3313 1946 3369; x_wconf 90' lang='lat' dir='ltr'><strong>edendum</strong></span> <span class='ocrx_word' id='word_1_522' title='bbox 1978 3329 2074 3370; x_wconf 89' lang='lat' dir='ltr'><strong>ex-</strong></span> 
     </span>
    </p>
   </div>
   <div class='ocr_carea' id='block_1_69' title="bbox 431 3395 2070 3472">
    <p class='ocr_par' dir='ltr' id='par_1_69' title="bbox 431 3395 2070 3472">
     <span class='ocr_line' id='line_1_70' title="bbox 431 3395 2070 3472; baseline 0.005 -21"><span class='ocrx_word' id='word_1_523' title='bbox 431 3395 642 3467; x_wconf 87' lang='lat' dir='ltr'><strong>posita,</strong></span> <span class='ocrx_word' id='word_1_524' title='bbox 675 3399 731 3452; x_wconf 86' lang='lat' dir='ltr'><strong>et</strong></span> <span class='ocrx_word' id='word_1_525' title='bbox 762 3413 866 3453; x_wconf 91' lang='lat' dir='ltr'><strong>nec</strong></span> <span class='ocrx_word' id='word_1_526' title='bbox 896 3398 1059 3469; x_wconf 88' lang='lat' dir='ltr'><strong>justa</strong></span> <span class='ocrx_word' id='word_1_527' title='bbox 1109 3399 1345 3471; x_wconf 89' lang='lat' dir='ltr'><strong>quidem</strong></span> <span class='ocrx_word' id='word_1_528' title='bbox 1397 3401 1710 3472; x_wconf 72' lang='lat' dir='ltr'><strong>sepultum</strong></span> <span class='ocrx_word' id='word_1_529' title='bbox 1741 3407 2070 3460; x_wconf 86' lang='lat' dir='ltr'><strong>consecuta.</strong></span> 
     </span>
    </p>
   </div>
   <div class='ocr_carea' id='block_1_70' title="bbox 505 3581 2076 3657">
    <p class='ocr_par' dir='ltr' id='par_1_70' title="bbox 505 3581 2076 3657">
     <span class='ocr_line' id='line_1_71' title="bbox 505 3581 2076 3657; baseline 0.005 -21"><span class='ocrx_word' id='word_1_530' title='bbox 505 3581 758 3638; x_wconf 88' lang='lat' dir='ltr'><strong>Lictores</strong></span> <span class='ocrx_word' id='word_1_531' title='bbox 789 3587 984 3638; x_wconf 90' lang='lat' dir='ltr'><strong>autem</strong></span> <span class='ocrx_word' id='word_1_532' title='bbox 1016 3599 1087 3639; x_wconf 89' lang='lat' dir='ltr'><strong>ne</strong></span> <span class='ocrx_word' id='word_1_533' title='bbox 1121 3583 1400 3641; x_wconf 87' lang='lat' dir='ltr'><strong>hactenus</strong></span> <span class='ocrx_word' id='word_1_534' title='bbox 1432 3584 1659 3657; x_wconf 77' lang='lat' dir='ltr'><strong>quidem</strong></span> <span class='ocrx_word' id='word_1_535' title='bbox 1692 3587 1864 3643; x_wconf 88' lang='lat' dir='ltr'><strong>irasci</strong></span> <span class='ocrx_word' id='word_1_536' title='bbox 1896 3588 2076 3644; x_wconf 84' lang='lat' dir='ltr'><strong>desie-</strong></span> 
     </span>
    </p>
   </div>
   <div class='ocr_carea' id='block_1_71' title="bbox 435 3671 2082 3747">
    <p class='ocr_par' dir='ltr' id='par_1_71' title="bbox 435 3671 2082 3747">
     <span class='ocr_line' id='line_1_72' title="bbox 435 3671 2082 3747; baseline 0.005 -21"><span class='ocrx_word' id='word_1_537' title='bbox 435 3675 592 3739; x_wconf 88' lang='lat' dir='ltr'><strong>runt,</strong></span> <span class='ocrx_word' id='word_1_538' title='bbox 625 3671 728 3727; x_wconf 88' lang='lat' dir='ltr'><strong>sed</strong></span> <span class='ocrx_word' id='word_1_539' title='bbox 759 3672 934 3728; x_wconf 89' lang='lat' dir='ltr'><strong>etiam</strong></span> <span class='ocrx_word' id='word_1_540' title='bbox 967 3673 1030 3729; x_wconf 92' lang='lat' dir='ltr'><strong>in</strong></span> <span class='ocrx_word' id='word_1_541' title='bbox 1061 3673 1221 3744; x_wconf 90' lang='lat' dir='ltr'><strong>ipsas</strong></span> <span class='ocrx_word' id='word_1_542' title='bbox 1251 3675 1456 3730; x_wconf 89' lang='lat' dir='ltr'><strong>furunt</strong></span> <span class='ocrx_word' id='word_1_543' title='bbox 1486 3674 1787 3747; x_wconf 89' lang='lat' dir='ltr'><strong>reliquias,</strong></span> <span class='ocrx_word' id='word_1_544' title='bbox 1822 3681 2082 3734; x_wconf 88' lang='lat' dir='ltr'><strong>statuen-</strong></span> 
     </span>
    </p>
   </div>
   <div class='ocr_carea' id='block_1_72' title="bbox 439 3761 2081 3836">
    <p class='ocr_par' dir='ltr' id='par_1_72' title="bbox 439 3761 2081 3836">
     <span class='ocr_line' id='line_1_73' title="bbox 439 3761 2081 3836; baseline 0.005 -21"><span class='ocrx_word' id='word_1_545' title='bbox 439 3766 525 3817; x_wconf 87' lang='lat' dir='ltr'><strong>tes</strong></span> <span class='ocrx_word' id='word_1_546' title='bbox 551 3777 650 3816; x_wconf 88' lang='lat' dir='ltr'><strong>eas</strong></span> <span class='ocrx_word' id='word_1_547' title='bbox 681 3761 739 3815; x_wconf 90' lang='lat' dir='ltr'><strong>in</strong></span> <span class='ocrx_word' id='word_1_548' title='bbox 774 3762 954 3818; x_wconf 89' lang='lat' dir='ltr'><strong>maris</strong></span> <span class='ocrx_word' id='word_1_549' title='bbox 985 3763 1338 3834; x_wconf 82' lang='lat' dir='ltr'><strong>profundum</strong></span> <span class='ocrx_word' id='word_1_550' title='bbox 1374 3765 1673 3836; x_wconf 88' lang='lat' dir='ltr'><strong>projicere,</strong></span> <span class='ocrx_word' id='word_1_551' title='bbox 1698 3783 1769 3822; x_wconf 90' lang='lat' dir='ltr'><strong>ne</strong></span> <span class='ocrx_word' id='word_1_552' title='bbox 1790 3767 1875 3823; x_wconf 91' lang='lat' dir='ltr'><strong>vel</strong></span> <span class='ocrx_word' id='word_1_553' title='bbox 1898 3769 2081 3824; x_wconf 89' lang='lat' dir='ltr'><strong>inani-</strong></span> 
     </span>
    </p>
   </div>
   <div class='ocr_carea' id='block_1_73' title="bbox 439 3849 2082 3922">
    <p class='ocr_par' dir='ltr' id='par_1_73' title="bbox 439 3849 2082 3922">
     <span class='ocr_line' id='line_1_74' title="bbox 439 3849 2082 3922; baseline 0.005 -18"><span class='ocrx_word' id='word_1_554' title='bbox 439 3853 610 3905; x_wconf 76' lang='lat' dir='ltr'><strong>matae</strong></span> <span class='ocrx_word' id='word_1_555' title='bbox 642 3849 941 3906; x_wconf 84' lang='lat' dir='ltr'><strong>efficerent</strong></span> <span class='ocrx_word' id='word_1_556' title='bbox 971 3852 1277 3922; x_wconf 87' lang='lat' dir='ltr'><strong>miracula,</strong></span> <span class='ocrx_word' id='word_1_557' title='bbox 1301 3859 1356 3908; x_wconf 88' lang='lat' dir='ltr'><strong>et</strong></span> <span class='ocrx_word' id='word_1_558' title='bbox 1386 3853 1512 3911; x_wconf 83' lang='lat' dir='ltr'><strong>ideo</strong></span> <span class='ocrx_word' id='word_1_559' title='bbox 1541 3855 1898 3913; x_wconf 89' lang='lat' dir='ltr'><strong>attraherent</strong></span> <span class='ocrx_word' id='word_1_560' title='bbox 1929 3857 2082 3913; x_wconf 89' lang='lat' dir='ltr'><strong>mul-</strong></span> 
     </span>
    </p>
   </div>
   <div class='ocr_carea' id='block_1_74' title="bbox 438 3939 2079 4018">
    <p class='ocr_par' dir='ltr' id='par_1_74' title="bbox 438 3939 2079 4018">
     <span class='ocr_line' id='line_1_75' title="bbox 438 3939 2079 4018; baseline 0.005 -23"><span class='ocrx_word' id='word_1_561' title='bbox 438 3947 526 3995; x_wconf 87' lang='lat' dir='ltr'><strong>tos</strong></span> <span class='ocrx_word' id='word_1_562' title='bbox 552 3939 625 3994; x_wconf 90' lang='lat' dir='ltr'><strong>ad</strong></span> <span class='ocrx_word' id='word_1_563' title='bbox 655 3940 1034 4010; x_wconf 86' lang='lat' dir='ltr'><strong>agnitionem.</strong></span> <span class='ocrx_word' id='word_1_564' title='bbox 1062 3943 1226 4005; x_wconf 84' lang='lat' dir='ltr'><strong>Quod</strong></span> <span class='ocrx_word' id='word_1_565' title='bbox 1269 3943 1466 4011; x_wconf 92' lang='lat' dir='ltr'><strong>etiam,</strong></span> <span class='ocrx_word' id='word_1_566' title='bbox 1501 3951 1564 4002; x_wconf 91' lang='lat' dir='ltr'><strong>ut</strong></span> <span class='ocrx_word' id='word_1_567' title='bbox 1594 3948 1677 4003; x_wconf 90' lang='lat' dir='ltr'><strong>eis</strong></span> <span class='ocrx_word' id='word_1_568' title='bbox 1709 3950 1894 4004; x_wconf 89' lang='lat' dir='ltr'><strong>visum</strong></span> <span class='ocrx_word' id='word_1_569' title='bbox 1935 3952 2079 4018; x_wconf 83' lang='lat' dir='ltr'><strong>erat,</strong></span> 
     </span>
    </p>
   </div>
   <div class='ocr_carea' id='block_1_75' title="bbox 438 4029 2081 4098">
    <p class='ocr_par' dir='ltr' id='par_1_75' title="bbox 438 4029 2081 4098">
     <span class='ocr_line' id='line_1_76' title="bbox 438 4029 2081 4098; baseline 0.007 -14"><span class='ocrx_word' id='word_1_570' title='bbox 438 4030 657 4086; x_wconf 84' lang='lat' dir='ltr'><strong>factum</strong></span> <span class='ocrx_word' id='word_1_571' title='bbox 681 4038 852 4098; x_wconf 88' lang='lat' dir='ltr'><strong>esset,</strong></span> <span class='ocrx_word' id='word_1_572' title='bbox 877 4029 987 4085; x_wconf 91' lang='lat' dir='ltr'><strong>nisi</strong></span> <span class='ocrx_word' id='word_1_573' title='bbox 1009 4031 1118 4086; x_wconf 91' lang='lat' dir='ltr'><strong>hoc</strong></span> <span class='ocrx_word' id='word_1_574' title='bbox 1142 4031 1358 4089; x_wconf 88' lang='lat' dir='ltr'><strong>malum</strong></span> <span class='ocrx_word' id='word_1_575' title='bbox 1384 4036 1691 4092; x_wconf 88' lang='lat' dir='ltr'><strong>consilium</strong></span> <span class='ocrx_word' id='word_1_576' title='bbox 1716 4039 1785 4093; x_wconf 91' lang='lat' dir='ltr'><strong>ad</strong></span> <span class='ocrx_word' id='word_1_577' title='bbox 1812 4039 2081 4095; x_wconf 78' lang='lat' dir='ltr'><strong>effectum</strong></span> 
     </span>
    </p>
   </div>
   <div class='ocr_carea' id='block_1_76' title="bbox 440 4115 2082 4189">
    <p class='ocr_par' dir='ltr' id='par_1_76' title="bbox 440 4115 2082 4189">
     <span class='ocr_line' id='line_1_77' title="bbox 440 4115 2082 4189; baseline 0.009 -19"><span class='ocrx_word' id='word_1_578' title='bbox 440 4115 645 4171; x_wconf 88' lang='lat' dir='ltr'><strong>deduci</strong></span> <span class='ocrx_word' id='word_1_579' title='bbox 664 4115 816 4172; x_wconf 87' lang='lat' dir='ltr'><strong>Deus</strong></span> <span class='ocrx_word' id='word_1_580' title='bbox 839 4118 1250 4189; x_wconf 90' lang='lat' dir='ltr'><strong>prohibuisset.</strong></span> <span class='ocrx_word' id='word_1_581' title='bbox 1268 4121 1414 4177; x_wconf 86' lang='lat' dir='ltr'><strong>Nam</strong></span> <span class='ocrx_word' id='word_1_582' title='bbox 1432 4139 1566 4180; x_wconf 91' lang='lat' dir='ltr'><strong>cum</strong></span> <span class='ocrx_word' id='word_1_583' title='bbox 1587 4127 1865 4182; x_wconf 87' lang='lat' dir='ltr'><strong>sensisset</strong></span> <span class='ocrx_word' id='word_1_584' title='bbox 1883 4143 2082 4185; x_wconf 89' lang='lat' dir='ltr'><strong>eorum</strong></span> 
     </span>
    </p>
   </div>
   <div class='ocr_carea' id='block_1_77' title="bbox 442 4204 2088 4289">
    <p class='ocr_par' dir='ltr' id='par_1_77' title="bbox 442 4204 2088 4289">
     <span class='ocr_line' id='line_1_78' title="bbox 442 4204 2088 4289; baseline 0.01 -31"><span class='ocrx_word' id='word_1_585' title='bbox 442 4204 708 4274; x_wconf 90' lang='lat' dir='ltr'><strong>consilia,</strong></span> <span class='ocrx_word' id='word_1_586' title='bbox 741 4221 808 4262; x_wconf 90' lang='lat' dir='ltr'><strong>ea</strong></span> <span class='ocrx_word' id='word_1_587' title='bbox 839 4223 964 4278; x_wconf 65' lang='lat' dir='ltr'><strong>quae</strong></span> <span class='ocrx_word' id='word_1_588' title='bbox 996 4210 1317 4279; x_wconf 90' lang='lat' dir='ltr'><strong>pretiosum</strong></span> <span class='ocrx_word' id='word_1_589' title='bbox 1354 4213 1623 4285; x_wconf 83' lang='lat' dir='ltr'><strong>martyris</strong></span> <span class='ocrx_word' id='word_1_590' title='bbox 1653 4219 1828 4285; x_wconf 88' lang='lat' dir='ltr'><strong>caput</strong></span> <span class='ocrx_word' id='word_1_591' title='bbox 1857 4232 2088 4289; x_wconf 90' lang='lat' dir='ltr'><strong>accepe-</strong></span> 
     </span>
    </p>
   </div>
   <div class='ocr_carea' id='block_1_78' title="bbox 445 4293 2086 4372">
    <p class='ocr_par' dir='ltr' id='par_1_78' title="bbox 445 4293 2086 4372">
     <span class='ocr_line' id='line_1_79' title="bbox 445 4293 2086 4372; baseline 0.01 -26"><span class='ocrx_word' id='word_1_592' title='bbox 445 4297 535 4348; x_wconf 89' lang='lat' dir='ltr'><strong>rat</strong></span> <span class='ocrx_word' id='word_1_593' title='bbox 555 4293 807 4364; x_wconf 91' lang='lat' dir='ltr'><strong>(mulieri</strong></span> <span class='ocrx_word' id='word_1_594' title='bbox 830 4313 1040 4353; x_wconf 89' lang='lat' dir='ltr'><strong>nomen</strong></span> <span class='ocrx_word' id='word_1_595' title='bbox 1060 4303 1180 4354; x_wconf 89' lang='lat' dir='ltr'><strong>erat</strong></span> <span class='ocrx_word' id='word_1_596' title='bbox 1200 4300 1441 4372; x_wconf 88' lang='lat' dir='ltr'><strong>Catula),</strong></span> <span class='ocrx_word' id='word_1_597' title='bbox 1460 4307 1712 4359; x_wconf 85' lang='lat' dir='ltr'><strong>mentem</strong></span> <span class='ocrx_word' id='word_1_598' title='bbox 1737 4321 1903 4360; x_wconf 90' lang='lat' dir='ltr'><strong>suam</strong></span> <span class='ocrx_word' id='word_1_599' title='bbox 1923 4322 2086 4362; x_wconf 90' lang='lat' dir='ltr'><strong>com-</strong></span> 
     </span>
    </p>
   </div>
   <div class='ocr_carea' id='block_1_79' title="bbox 443 4381 2083 4466">
    <p class='ocr_par' dir='ltr' id='par_1_79' title="bbox 443 4381 2083 4466">
     <span class='ocr_line' id='line_1_80' title="bbox 443 4381 2083 4466; baseline 0.009 -30"><span class='ocrx_word' id='word_1_600' title='bbox 443 4381 784 4440; x_wconf 87' lang='lat' dir='ltr'><strong>municabat</strong></span> <span class='ocrx_word' id='word_1_601' title='bbox 833 4385 1127 4454; x_wconf 85' lang='lat' dir='ltr'><strong>ﬁdelibus,</strong></span> <span class='ocrx_word' id='word_1_602' title='bbox 1163 4393 1222 4444; x_wconf 90' lang='lat' dir='ltr'><strong>ut</strong></span> <span class='ocrx_word' id='word_1_603' title='bbox 1253 4391 1366 4446; x_wconf 92' lang='lat' dir='ltr'><strong>Deo</strong></span> <span class='ocrx_word' id='word_1_604' title='bbox 1413 4397 1641 4462; x_wconf 88' lang='lat' dir='ltr'><strong>gratam</strong></span> <span class='ocrx_word' id='word_1_605' title='bbox 1675 4397 1732 4449; x_wconf 89' lang='lat' dir='ltr'><strong>et</strong></span> <span class='ocrx_word' id='word_1_606' title='bbox 1762 4399 2083 4466; x_wconf 90' lang='lat' dir='ltr'><strong>acceptam.</strong></span> 
     </span>
    </p>
   </div>
   <div class='ocr_carea' id='block_1_80' title="bbox 446 4467 2086 4552">
    <p class='ocr_par' dir='ltr' id='par_1_80' title="bbox 446 4467 2086 4552">
     <span class='ocr_line' id='line_1_81' title="bbox 446 4467 2086 4552; baseline 0.009 -30"><span class='ocrx_word' id='word_1_607' title='bbox 446 4467 512 4522; x_wconf 89' lang='lat' dir='ltr'><strong>Et</strong></span> <span class='ocrx_word' id='word_1_608' title='bbox 541 4484 674 4523; x_wconf 90' lang='lat' dir='ltr'><strong>cum</strong></span> <span class='ocrx_word' id='word_1_609' title='bbox 709 4469 1078 4542; x_wconf 88' lang='lat' dir='ltr'><strong>splendidam</strong></span> <span class='ocrx_word' id='word_1_610' title='bbox 1103 4477 1160 4529; x_wconf 88' lang='lat' dir='ltr'><strong>et</strong></span> <span class='ocrx_word' id='word_1_611' title='bbox 1179 4473 1400 4530; x_wconf 86' lang='lat' dir='ltr'><strong>lautam</strong></span> <span class='ocrx_word' id='word_1_612' title='bbox 1429 4483 1769 4548; x_wconf 89' lang='lat' dir='ltr'><strong>apparasset</strong></span> <span class='ocrx_word' id='word_1_613' title='bbox 1801 4495 2086 4552; x_wconf 90' lang='lat' dir='ltr'><strong>mensam,</strong></span> 
     </span>
    </p>
   </div>
   <div class='ocr_carea' id='block_1_81' title="bbox 441 4556 2087 4634">
    <p class='ocr_par' dir='ltr' id='par_1_81' title="bbox 441 4556 2087 4634">
     <span class='ocr_line' id='line_1_82' title="bbox 441 4556 2087 4634; baseline 0.009 -23"><span class='ocrx_word' id='word_1_614' title='bbox 441 4556 675 4613; x_wconf 87' lang='lat' dir='ltr'><strong>lictores</strong></span> <span class='ocrx_word' id='word_1_615' title='bbox 703 4561 927 4631; x_wconf 86' lang='lat' dir='ltr'><strong>accepit</strong></span> <span class='ocrx_word' id='word_1_616' title='bbox 952 4562 1232 4618; x_wconf 89' lang='lat' dir='ltr'><strong>convivio.</strong></span> <span class='ocrx_word' id='word_1_617' title='bbox 1260 4563 1498 4620; x_wconf 90' lang='lat' dir='ltr'><strong>Interim</strong></span> <span class='ocrx_word' id='word_1_618' title='bbox 1525 4581 1680 4634; x_wconf 88' lang='lat' dir='ltr'><strong>vero,</strong></span> <span class='ocrx_word' id='word_1_619' title='bbox 1706 4574 1843 4623; x_wconf 89' lang='lat' dir='ltr'><strong>dum</strong></span> <span class='ocrx_word' id='word_1_620' title='bbox 1877 4569 1915 4624; x_wconf 89' lang='lat' dir='ltr'><strong>ii</strong></span> <span class='ocrx_word' id='word_1_621' title='bbox 1949 4585 2087 4625; x_wconf 91' lang='lat' dir='ltr'><strong>con-</strong></span> 
     </span>
    </p>
   </div>
   <div class='ocr_carea' id='block_1_82' title="bbox 2186 3311 3833 3391">
    <p class='ocr_par' dir='ltr' id='par_1_82' title="bbox 2186 3311 3833 3391">
     <span class='ocr_line' id='line_1_83' title="bbox 2186 3311 3833 3391; baseline -0.005 -20"><span class='ocrx_word' id='word_1_622' title='bbox 2186 3316 2534 3391; x_wconf 83' lang='grc' dir='ltr'>ἆμελούμενα</span> <span class='ocrx_word' id='word_1_623' title='bbox 2565 3317 2632 3370; x_wconf 74' lang='grc' dir='ltr'>τὰ</span> <span class='ocrx_word' id='word_1_624' title='bbox 2676 3319 2782 3370; x_wconf 79' lang='grc' dir='ltr'><strong>τῶν</strong></span> <span class='ocrx_word' id='word_1_625' title='bbox 2835 3313 3004 3390; x_wconf 79' lang='grc' dir='ltr'>ἁγίων</span> <span class='ocrx_word' id='word_1_626' title='bbox 3058 3313 3344 3389; x_wconf 83' lang='grc' dir='ltr'>μαρτύρων</span> <span class='ocrx_word' id='word_1_627' title='bbox 3399 3311 3560 3384; x_wconf 82' lang='grc' dir='ltr'>τίμια</span> <span class='ocrx_word' id='word_1_628' title='bbox 3604 3311 3833 3383; x_wconf 81' lang='grc' dir='ltr'>σώματα</span> 
     </span>
    </p>
   </div>
   <div class='ocr_carea' id='block_1_83' title="bbox 2186 3401 3832 3484">
    <p class='ocr_par' dir='ltr' id='par_1_83' title="bbox 2186 3401 3832 3484">
     <span class='ocr_line' id='line_1_84' title="bbox 2186 3401 3832 3484; baseline -0.004 -22"><span class='ocrx_word' id='word_1_629' title='bbox 2186 3407 2345 3484; x_wconf 83' lang='grc' dir='ltr'>θηρσὶ</span> <span class='ocrx_word' id='word_1_630' title='bbox 2382 3406 2518 3482; x_wconf 72' lang='grc' dir='ltr'>βορὰ</span> <span class='ocrx_word' id='word_1_631' title='bbox 2547 3407 2634 3461; x_wconf 82' lang='grc' dir='ltr'>καὶ</span> <span class='ocrx_word' id='word_1_632' title='bbox 2679 3404 2886 3480; x_wconf 72' lang='grc' dir='ltr'>ὀρνέοις</span> <span class='ocrx_word' id='word_1_633' title='bbox 2937 3405 3286 3481; x_wconf 83' lang='grc' dir='ltr'>προκείμενα,</span> <span class='ocrx_word' id='word_1_634' title='bbox 3344 3401 3486 3478; x_wconf 73' lang='grc' dir='ltr'>μηδὲ</span> <span class='ocrx_word' id='word_1_635' title='bbox 3534 3410 3633 3472; x_wconf 82' lang='grc' dir='ltr'>τῆς</span> <span class='ocrx_word' id='word_1_636' title='bbox 3681 3423 3832 3457; x_wconf 86' lang='grc' dir='ltr'>νενο-</span> 
     </span>
    </p>
   </div>
   <div class='ocr_carea' id='block_1_84' title="bbox 2190 3492 2966 3570">
    <p class='ocr_par' dir='ltr' id='par_1_84' title="bbox 2190 3492 2966 3570">
     <span class='ocr_line' id='line_1_85' title="bbox 2190 3492 2966 3570; baseline 0.001 -21"><span class='ocrx_word' id='word_1_637' title='bbox 2190 3495 2459 3569; x_wconf 72' lang='grc' dir='ltr'>μισμένης</span> <span class='ocrx_word' id='word_1_638' title='bbox 2494 3492 2738 3569; x_wconf 83' lang='grc' dir='ltr'>λαχόντα</span> <span class='ocrx_word' id='word_1_639' title='bbox 2769 3499 2966 3570; x_wconf 78' lang='grc' dir='ltr'>ταφῆς.</span> 
     </span>
    </p>
   </div>
   <div class='ocr_carea' id='block_1_85' title="bbox 2259 3578 3834 3656">
    <p class='ocr_par' dir='ltr' id='par_1_85' title="bbox 2259 3578 3834 3656">
     <span class='ocr_line' id='line_1_86' title="bbox 2259 3578 3834 3656; baseline 0 -16"><span class='ocrx_word' id='word_1_640' title='bbox 2259 3583 2326 3640; x_wconf 74' lang='grc' dir='ltr'><strong>Οἱ</strong></span> <span class='ocrx_word' id='word_1_641' title='bbox 2371 3581 2556 3656; x_wconf 73' lang='grc' dir='ltr'>μέντοι</span> <span class='ocrx_word' id='word_1_642' title='bbox 2605 3579 2797 3654; x_wconf 74' lang='grc' dir='ltr'>ὁήμιοι</span> <span class='ocrx_word' id='word_1_643' title='bbox 2848 3579 2972 3636; x_wconf 75' lang='grc' dir='ltr'>οὐδὲ</span> <span class='ocrx_word' id='word_1_644' title='bbox 3033 3581 3198 3656; x_wconf 70' lang='grc' dir='ltr'>μέχρι</span> <span class='ocrx_word' id='word_1_645' title='bbox 3256 3578 3452 3636; x_wconf 83' lang='grc' dir='ltr'>τούτου</span> <span class='ocrx_word' id='word_1_646' title='bbox 3516 3585 3612 3648; x_wconf 79' lang='grc' dir='ltr'><strong>τῆς</strong></span> <span class='ocrx_word' id='word_1_647' title='bbox 3666 3578 3834 3652; x_wconf 75' lang='grc' dir='ltr'>ἀργῆς</span> 
     </span>
    </p>
   </div>
   <div class='ocr_carea' id='block_1_86' title="bbox 2188 3667 3834 3744">
    <p class='ocr_par' dir='ltr' id='par_1_86' title="bbox 2188 3667 3834 3744">
     <span class='ocr_line' id='line_1_87' title="bbox 2188 3667 3834 3744; baseline -0.005 -16"><span class='ocrx_word' id='word_1_648' title='bbox 2188 3669 2438 3744; x_wconf 74' lang='grc' dir='ltr'>ἔστησαν·</span> <span class='ocrx_word' id='word_1_649' title='bbox 2482 3671 2628 3728; x_wconf 81' lang='grc' dir='ltr'>ἀλλὰ</span> <span class='ocrx_word' id='word_1_650' title='bbox 2683 3670 2772 3726; x_wconf 83' lang='grc' dir='ltr'><strong>καὶ</strong></span> <span class='ocrx_word' id='word_1_651' title='bbox 2822 3675 2937 3732; x_wconf 87' lang='grc' dir='ltr'>τοῖς</span> <span class='ocrx_word' id='word_1_652' title='bbox 2993 3669 3272 3744; x_wconf 70' lang='grc' dir='ltr'>λειψάνοις</span> <span class='ocrx_word' id='word_1_653' title='bbox 3301 3669 3484 3728; x_wconf 79' lang='grc' dir='ltr'>αὐτοῖς</span> <span class='ocrx_word' id='word_1_654' title='bbox 3531 3667 3834 3740; x_wconf 78' lang='grc' dir='ltr'>ἐπιμαίνον-</span> 
     </span>
    </p>
   </div>
   <div class='ocr_carea' id='block_1_87' title="bbox 2189 3756 3831 3836">
    <p class='ocr_par' dir='ltr' id='par_1_87' title="bbox 2189 3756 3831 3836">
     <span class='ocr_line' id='line_1_88' title="bbox 2189 3756 3831 3836; baseline -0.005 -19"><span class='ocrx_word' id='word_1_655' title='bbox 2189 3784 2300 3833; x_wconf 86' lang='grc' dir='ltr'>ται,</span> <span class='ocrx_word' id='word_1_656' title='bbox 2345 3761 2586 3836; x_wconf 77' lang='grc' dir='ltr'>θαλάσσῃ</span> <span class='ocrx_word' id='word_1_657' title='bbox 2649 3759 2831 3817; x_wconf 73' lang='grc' dir='ltr'>δοῢναι</span> <span class='ocrx_word' id='word_1_658' title='bbox 2881 3759 2970 3815; x_wconf 80' lang='grc' dir='ltr'>καὶ</span> <span class='ocrx_word' id='word_1_659' title='bbox 3033 3761 3184 3835; x_wconf 83' lang='grc' dir='ltr'>βυθῷ</span> <span class='ocrx_word' id='word_1_660' title='bbox 3239 3759 3713 3834; x_wconf 82' lang='grc' dir='ltr'>προθυμούμενοι,</span> <span class='ocrx_word' id='word_1_661' title='bbox 3763 3756 3831 3815; x_wconf 82' lang='grc' dir='ltr'>ὡς</span> 
     </span>
    </p>
   </div>
   <div class='ocr_carea' id='block_1_88' title="bbox 2192 3844 3834 3924">
    <p class='ocr_par' dir='ltr' id='par_1_88' title="bbox 2192 3844 3834 3924">
     <span class='ocr_line' id='line_1_89' title="bbox 2192 3844 3834 3924; baseline -0.005 -17"><span class='ocrx_word' id='word_1_662' title='bbox 2192 3851 2250 3907; x_wconf 78' lang='grc' dir='ltr'>ἄν</span> <span class='ocrx_word' id='word_1_663' title='bbox 2306 3853 2380 3924; x_wconf 80' lang='grc' dir='ltr'><strong>μή</strong></span> <span class='ocrx_word' id='word_1_664' title='bbox 2431 3852 2525 3914; x_wconf 72' lang='grc' dir='ltr'>τὰς</span> <span class='ocrx_word' id='word_1_665' title='bbox 2579 3851 2742 3913; x_wconf 75' lang='grc' dir='ltr'>αὐτὰς</span> <span class='ocrx_word' id='word_1_666' title='bbox 2802 3852 2892 3905; x_wconf 79' lang='grc' dir='ltr'>καὶ</span> <span class='ocrx_word' id='word_1_667' title='bbox 2951 3849 3140 3924; x_wconf 74' lang='grc' dir='ltr'>ἄψυχα</span> <span class='ocrx_word' id='word_1_668' title='bbox 3197 3844 3344 3917; x_wconf 71' lang='grc' dir='ltr'>ὄντα,</span> <span class='ocrx_word' id='word_1_669' title='bbox 3404 3845 3834 3921; x_wconf 73' lang='grc' dir='ltr'>θαυμιτουργίας</span> 
     </span>
    </p>
   </div>
   <div class='ocr_carea' id='block_1_89' title="bbox 2194 3935 3830 4012">
    <p class='ocr_par' dir='ltr' id='par_1_89' title="bbox 2194 3935 3830 4012">
     <span class='ocr_line' id='line_1_90' title="bbox 2194 3935 3830 4012; baseline -0.006 -15"><span class='ocrx_word' id='word_1_670' title='bbox 2194 3940 2534 4012; x_wconf 76' lang='grc' dir='ltr'>ἐνδείξαιντο,</span> <span class='ocrx_word' id='word_1_671' title='bbox 2593 3941 2875 3996; x_wconf 81' lang='grc' dir='ltr'>κάντεῦθεν</span> <span class='ocrx_word' id='word_1_672' title='bbox 2932 3937 3130 4010; x_wconf 77' lang='grc' dir='ltr'>ἕλξωσι</span> <span class='ocrx_word' id='word_1_673' title='bbox 3202 3938 3331 4002; x_wconf 74' lang='grc' dir='ltr'>τοὺς</span> <span class='ocrx_word' id='word_1_674' title='bbox 3397 3936 3647 3999; x_wconf 72' lang='grc' dir='ltr'>πολλοὺς</span> <span class='ocrx_word' id='word_1_675' title='bbox 3700 3935 3830 4009; x_wconf 67' lang='grc' dir='ltr'>πρὸς</span> 
     </span>
    </p>
   </div>
   <div class='ocr_carea' id='block_1_90' title="bbox 2197 4023 3834 4108">
    <p class='ocr_par' dir='ltr' id='par_1_90' title="bbox 2197 4023 3834 4108">
     <span class='ocr_line' id='line_1_91' title="bbox 2197 4023 3834 4108; baseline -0.006 -21"><span class='ocrx_word' id='word_1_676' title='bbox 2197 4032 2504 4108; x_wconf 79' lang='grc' dir='ltr'>ἐπίγνωσιν.</span> <span class='ocrx_word' id='word_1_677' title='bbox 2549 4033 2617 4088; x_wconf 90' lang='grc' dir='ltr'><em>Ὅ</em></span> <span class='ocrx_word' id='word_1_678' title='bbox 2663 4029 2754 4100; x_wconf 77' lang='grc' dir='ltr'>δὴ,</span> <span class='ocrx_word' id='word_1_679' title='bbox 2813 4031 2887 4094; x_wconf 85' lang='grc' dir='ltr'>ὼς</span> <span class='ocrx_word' id='word_1_680' title='bbox 2946 4029 3126 4092; x_wconf 82' lang='grc' dir='ltr'>αὐτοῖς</span> <span class='ocrx_word' id='word_1_681' title='bbox 3187 4023 3354 4100; x_wconf 76' lang='grc' dir='ltr'>ἔδοξε,</span> <span class='ocrx_word' id='word_1_682' title='bbox 3393 4028 3603 4102; x_wconf 71' lang='grc' dir='ltr'>γέγονεν</span> <span class='ocrx_word' id='word_1_683' title='bbox 3663 4026 3742 4094; x_wconf 76' lang='grc' dir='ltr'>ἄν,</span> <span class='ocrx_word' id='word_1_684' title='bbox 3789 4023 3834 4078; x_wconf 76' lang='grc' dir='ltr'>εἴ</span> 
     </span>
    </p>
   </div>
   <div class='ocr_carea' id='block_1_91' title="bbox 2203 4110 3833 4196">
    <p class='ocr_par' dir='ltr' id='par_1_91' title="bbox 2203 4110 3833 4196">
     <span class='ocr_line' id='line_1_92' title="bbox 2203 4110 3833 4196; baseline -0.007 -17"><span class='ocrx_word' id='word_1_685' title='bbox 2203 4125 2278 4196; x_wconf 74' lang='grc' dir='ltr'>μὴ</span> <span class='ocrx_word' id='word_1_686' title='bbox 2307 4126 2374 4196; x_wconf 83' lang='grc' dir='ltr'>τῇ</span> <span class='ocrx_word' id='word_1_687' title='bbox 2406 4125 2618 4194; x_wconf 75' lang='grc' dir='ltr'>πονηρᾷ</span> <span class='ocrx_word' id='word_1_688' title='bbox 2659 4121 2827 4194; x_wconf 76' lang='grc' dir='ltr'>ταύτῃ</span> <span class='ocrx_word' id='word_1_689' title='bbox 2879 4120 3043 4194; x_wconf 72' lang='grc' dir='ltr'>πέρας</span> <span class='ocrx_word' id='word_1_690' title='bbox 3093 4118 3447 4192; x_wconf 73' lang='grc' dir='ltr'>ἐπενεχθῆναι</span> <span class='ocrx_word' id='word_1_691' title='bbox 3499 4113 3679 4189; x_wconf 76' lang='grc' dir='ltr'>βουλῇ</span> <span class='ocrx_word' id='word_1_692' title='bbox 3727 4110 3833 4168; x_wconf 84' lang='grc' dir='ltr'>διε-</span> 
     </span>
    </p>
   </div>
   <div class='ocr_carea' id='block_1_92' title="bbox 2198 4202 3835 4282">
    <p class='ocr_par' dir='ltr' id='par_1_92' title="bbox 2198 4202 3835 4282">
     <span class='ocr_line' id='line_1_93' title="bbox 2198 4202 3835 4282; baseline -0.007 -15"><span class='ocrx_word' id='word_1_693' title='bbox 2198 4212 2440 4268; x_wconf 85' lang='grc' dir='ltr'>κώλυσεν</span> <span class='ocrx_word' id='word_1_694' title='bbox 2477 4212 2504 4265; x_wconf 89' lang='lat'><strong>6</strong></span> <span class='ocrx_word' id='word_1_695' title='bbox 2544 4211 2693 4272; x_wconf 85' lang='grc' dir='ltr'><strong>Θεός.</strong></span> <span class='ocrx_word' id='word_1_696' title='bbox 2730 4208 3039 4282; x_wconf 78' lang='grc' dir='ltr'>Αίσθομὲνη</span> <span class='ocrx_word' id='word_1_697' title='bbox 3092 4208 3194 4282; x_wconf 74' lang='grc' dir='ltr'>γὰρ</span> <span class='ocrx_word' id='word_1_698' title='bbox 3245 4210 3344 4261; x_wconf 79' lang='grc' dir='ltr'><strong>τοῦ</strong></span> <span class='ocrx_word' id='word_1_699' title='bbox 3394 4202 3773 4275; x_wconf 83' lang='grc' dir='ltr'>βουλεύματος</span> <span class='ocrx_word' id='word_1_700' title='bbox 3800 4203 3835 4270; x_wconf 74' lang='grc' dir='ltr'>ἡ</span> 
     </span>
    </p>
   </div>
   <div class='ocr_carea' id='block_1_93' title="bbox 2196 4293 3838 4376">
    <p class='ocr_par' dir='ltr' id='par_1_93' title="bbox 2196 4293 3838 4376">
     <span class='ocr_line' id='line_1_94' title="bbox 2196 4293 3838 4376; baseline -0.007 -18"><span class='ocrx_word' id='word_1_701' title='bbox 2196 4305 2296 4370; x_wconf 78' lang='grc' dir='ltr'>τὴν</span> <span class='ocrx_word' id='word_1_702' title='bbox 2343 4301 2527 4374; x_wconf 87' lang='grc' dir='ltr'>τιμίαν</span> <span class='ocrx_word' id='word_1_703' title='bbox 2575 4299 2655 4373; x_wconf 81' lang='grc' dir='ltr'>τῷ</span> <span class='ocrx_word' id='word_1_704' title='bbox 2698 4303 2813 4372; x_wconf 85' lang='grc' dir='ltr'><strong>Θεῷ</strong></span> <span class='ocrx_word' id='word_1_705' title='bbox 2858 4297 3102 4376; x_wconf 78' lang='grc' dir='ltr'>κεφαλὴν</span> <span class='ocrx_word' id='word_1_706' title='bbox 3163 4295 3424 4370; x_wconf 77' lang='grc' dir='ltr'>δεξαμένη</span> <span class='ocrx_word' id='word_1_707' title='bbox 3486 4293 3689 4368; x_wconf 78' lang='grc' dir='ltr'>(ὄνομα</span> <span class='ocrx_word' id='word_1_708' title='bbox 3732 4299 3838 4346; x_wconf 81' lang='grc' dir='ltr'><strong>Κα-</strong></span> 
     </span>
    </p>
   </div>
   <div class='ocr_carea' id='block_1_94' title="bbox 2199 4383 3836 4468">
    <p class='ocr_par' dir='ltr' id='par_1_94' title="bbox 2199 4383 3836 4468">
     <span class='ocr_line' id='line_1_95' title="bbox 2199 4383 3836 4468; baseline -0.007 -22"><span class='ocrx_word' id='word_1_709' title='bbox 2199 4390 2372 4447; x_wconf 89' lang='grc' dir='ltr'>τούλα</span> <span class='ocrx_word' id='word_1_710' title='bbox 2399 4395 2468 4466; x_wconf 79' lang='grc' dir='ltr'>τῇ</span> <span class='ocrx_word' id='word_1_711' title='bbox 2500 4391 2729 4468; x_wconf 77' lang='grc' dir='ltr'>γυναικί)</span> <span class='ocrx_word' id='word_1_712' title='bbox 2779 4388 3056 4444; x_wconf 79' lang='grc' dir='ltr'>κοινοῦταί</span> <span class='ocrx_word' id='word_1_713' title='bbox 3102 4408 3224 4443; x_wconf 87' lang='grc' dir='ltr'>τινα</span> <span class='ocrx_word' id='word_1_714' title='bbox 3275 4391 3392 4448; x_wconf 90' lang='grc' dir='ltr'>τοῖς</span> <span class='ocrx_word' id='word_1_715' title='bbox 3441 4389 3653 4445; x_wconf 86' lang='grc' dir='ltr'>πιστοῖς</span> <span class='ocrx_word' id='word_1_716' title='bbox 3699 4383 3836 4458; x_wconf 84' lang='grc' dir='ltr'>γνώ-</span> 
     </span>
    </p>
   </div>
   <div class='ocr_carea' id='block_1_95' title="bbox 2205 4471 3836 4556">
    <p class='ocr_par' dir='ltr' id='par_1_95' title="bbox 2205 4471 3836 4556">
     <span class='ocr_line' id='line_1_96' title="bbox 2205 4471 3836 4556; baseline -0.007 -22"><span class='ocrx_word' id='word_1_717' title='bbox 2205 4502 2313 4554; x_wconf 89' lang='grc' dir='ltr'><strong>μην</strong></span> <span class='ocrx_word' id='word_1_718' title='bbox 2366 4481 2439 4541; x_wconf 88' lang='grc' dir='ltr'>ὡς</span> <span class='ocrx_word' id='word_1_719' title='bbox 2482 4481 2708 4556; x_wconf 73' lang='grc' dir='ltr'>ἀρεστήν</span> <span class='ocrx_word' id='word_1_720' title='bbox 2765 4483 2844 4551; x_wconf 82' lang='grc' dir='ltr'>τῷ</span> <span class='ocrx_word' id='word_1_721' title='bbox 2903 4481 3018 4550; x_wconf 84' lang='grc' dir='ltr'><strong>Θεῷ</strong></span> <span class='ocrx_word' id='word_1_722' title='bbox 3071 4476 3159 4532; x_wconf 79' lang='grc' dir='ltr'>καὶ</span> <span class='ocrx_word' id='word_1_723' title='bbox 3215 4472 3530 4531; x_wconf 76' lang='grc' dir='ltr'>ἀπόδεκτονο</span> <span class='ocrx_word' id='word_1_724' title='bbox 3591 4471 3680 4526; x_wconf 78' lang='grc' dir='ltr'>καὶ</span> <span class='ocrx_word' id='word_1_725' title='bbox 3735 4490 3836 4524; x_wconf 80' lang='grc' dir='ltr'>ποο</span> 
     </span>
    </p>
   </div>
   <div class='ocr_carea' id='block_1_96' title="bbox 2203 4559 3837 4643">
    <p class='ocr_par' dir='ltr' id='par_1_96' title="bbox 2203 4559 3837 4643">
     <span class='ocr_line' id='line_1_97' title="bbox 2203 4559 3837 4643; baseline -0.007 -19"><span class='ocrx_word' id='word_1_726' title='bbox 2203 4567 2408 4637; x_wconf 83' lang='grc' dir='ltr'>λυτελῆ</span> <span class='ocrx_word' id='word_1_727' title='bbox 2443 4567 2787 4643; x_wconf 78' lang='grc' dir='ltr'>παραθεμὲνη</span> <span class='ocrx_word' id='word_1_728' title='bbox 2831 4568 2930 4637; x_wconf 76' lang='grc' dir='ltr'>τῆν</span> <span class='ocrx_word' id='word_1_729' title='bbox 2975 4565 3262 4642; x_wconf 78' lang='grc' dir='ltr'>τράπεζαν,</span> <span class='ocrx_word' id='word_1_730' title='bbox 3317 4563 3394 4625; x_wconf 79' lang='grc' dir='ltr'>εἷς</span> <span class='ocrx_word' id='word_1_731' title='bbox 3443 4562 3681 4636; x_wconf 65' lang='grc' dir='ltr'>εὐωχίαν</span> <span class='ocrx_word' id='word_1_732' title='bbox 3716 4559 3837 4618; x_wconf 64' lang='grc' dir='ltr'>τοὺς</span> 
     </span>
    </p>
   </div>
   <div class='ocr_carea' id='block_1_97' title="bbox 444 4647 2070 4733">
    <p class='ocr_par' dir='ltr' id='par_1_97' title="bbox 444 4647 2070 4726">
     <span class='ocr_line' id='line_1_98' title="bbox 444 4647 2070 4726; baseline 0.009 -26"><span class='ocrx_word' id='word_1_733' title='bbox 444 4647 663 4702; x_wconf 88' lang='lat' dir='ltr'><strong>vivium</strong></span> <span class='ocrx_word' id='word_1_734' title='bbox 685 4647 918 4704; x_wconf 90' lang='lat' dir='ltr'><strong>inibant</strong></span> <span class='ocrx_word' id='word_1_735' title='bbox 942 4651 1091 4721; x_wconf 90' lang='lat' dir='ltr'><strong>apud</strong></span> <span class='ocrx_word' id='word_1_736' title='bbox 1121 4651 1447 4722; x_wconf 90' lang='lat' dir='ltr'><strong>mulierem,</strong></span> <span class='ocrx_word' id='word_1_737' title='bbox 1464 4655 1701 4726; x_wconf 87' lang='lat' dir='ltr'><strong>quidam</strong></span> <span class='ocrx_word' id='word_1_738' title='bbox 1725 4672 1792 4712; x_wconf 86' lang='lat' dir='ltr'><strong>ex</strong></span> <span class='ocrx_word' id='word_1_739' title='bbox 1817 4656 2070 4715; x_wconf 74' lang='lat' dir='ltr'><strong>ﬁdelibui</strong></span> 
     </span>
    </p>
   </div>
   <div class='ocr_carea' id='block_1_98' title="bbox 2183 4647 3835 4733">
    <p class='ocr_par' dir='ltr' id='par_1_98' title="bbox 2203 4649 3835 4733">
     <span class='ocr_line' id='line_1_99' title="bbox 2203 4649 3835 4733; baseline -0.008 -19"><span class='ocrx_word' id='word_1_740' title='bbox 2203 4657 2439 4733; x_wconf 83' lang='grc' dir='ltr'>δημίους</span> <span class='ocrx_word' id='word_1_741' title='bbox 2503 4651 2829 4732; x_wconf 63' lang='grc' dir='ltr'>παρέλαϐεν.</span> <span class='ocrx_word' id='word_1_742' title='bbox 2896 4657 2984 4711; x_wconf 89' lang='grc' dir='ltr'>Ἐν</span> <span class='ocrx_word' id='word_1_743' title='bbox 3057 4655 3167 4726; x_wconf 80' lang='grc' dir='ltr'><strong>ὅσῳ</strong></span> <span class='ocrx_word' id='word_1_744' title='bbox 3230 4649 3288 4706; x_wconf 69' lang='grc' dir='ltr'>δὲ</span> <span class='ocrx_word' id='word_1_745' title='bbox 3352 4651 3502 4707; x_wconf 80' lang='grc' dir='ltr'>οὗτοι</span> <span class='ocrx_word' id='word_1_746' title='bbox 3561 4650 3835 4704; x_wconf 77' lang='grc' dir='ltr'>εἱστιῶντο</span> 
     </span>
    </p>
   </div>
   <div class='ocr_carea' id='block_1_99' title="bbox 445 4736 2087 4812">
    <p class='ocr_par' dir='ltr' id='par_1_99' title="bbox 445 4736 2087 4812">
     <span class='ocr_line' id='line_1_100' title="bbox 445 4736 2087 4812; baseline 0.009 -22"><span class='ocrx_word' id='word_1_747' title='bbox 445 4736 737 4806; x_wconf 89' lang='lat' dir='ltr'><strong>accipiunt</strong></span> <span class='ocrx_word' id='word_1_748' title='bbox 764 4742 1080 4810; x_wconf 87' lang='lat' dir='ltr'><strong>martyrum</strong></span> <span class='ocrx_word' id='word_1_749' title='bbox 1130 4741 1431 4812; x_wconf 85' lang='lat' dir='ltr'><strong>reliquias,</strong></span> <span class='ocrx_word' id='word_1_750' title='bbox 1463 4749 1521 4800; x_wconf 92' lang='lat' dir='ltr'><strong>et</strong></span> <span class='ocrx_word' id='word_1_751' title='bbox 1551 4761 1649 4801; x_wconf 85' lang='lat' dir='ltr'><strong>eas</strong></span> <span class='ocrx_word' id='word_1_752' title='bbox 1697 4746 2087 4805; x_wconf 89' lang='lat' dir='ltr'><strong>abscondunt.</strong></span> 
     </span>
    </p>
   </div>
   <div class='ocr_carea' id='block_1_100' title="bbox 449 4825 2093 4909">
    <p class='ocr_par' dir='ltr' id='par_1_100' title="bbox 449 4825 2093 4909">
     <span class='ocr_line' id='line_1_101' title="bbox 449 4825 2093 4909; baseline 0.01 -30"><span class='ocrx_word' id='word_1_753' title='bbox 449 4825 876 4897; x_wconf 70' lang='lat' dir='ltr'><strong>Deinde,‘_finito</strong></span> <span class='ocrx_word' id='word_1_754' title='bbox 907 4829 1186 4900; x_wconf 90' lang='lat' dir='ltr'><strong>convivio,</strong></span> <span class='ocrx_word' id='word_1_755' title='bbox 1212 4848 1344 4888; x_wconf 90' lang='lat' dir='ltr'><strong>cum</strong></span> <span class='ocrx_word' id='word_1_756' title='bbox 1369 4851 1493 4891; x_wconf 90' lang='lat' dir='ltr'><strong>eam</strong></span> <span class='ocrx_word' id='word_1_757' title='bbox 1527 4852 1648 4891; x_wconf 91' lang='lat' dir='ltr'><strong>rem</strong></span> <span class='ocrx_word' id='word_1_758' title='bbox 1681 4837 2093 4909; x_wconf 87' lang='lat' dir='ltr'><strong>deprehendis-</strong></span> 
     </span>
    </p>
   </div>
   <div class='ocr_carea' id='block_1_101' title="bbox 447 4916 2089 4996">
    <p class='ocr_par' dir='ltr' id='par_1_101' title="bbox 447 4916 2089 4996">
     <span class='ocr_line' id='line_1_102' title="bbox 447 4916 2089 4996; baseline 0.009 -23"><span class='ocrx_word' id='word_1_759' title='bbox 447 4921 579 4973; x_wconf 88' lang='lat' dir='ltr'><strong>sent</strong></span> <span class='ocrx_word' id='word_1_760' title='bbox 610 4916 866 4986; x_wconf 90' lang='lat' dir='ltr'><strong>lictores,</strong></span> <span class='ocrx_word' id='word_1_761' title='bbox 901 4919 985 4975; x_wconf 89' lang='lat' dir='ltr'><strong>ira</strong></span> <span class='ocrx_word' id='word_1_762' title='bbox 1017 4920 1178 4977; x_wconf 89' lang='lat' dir='ltr'><strong>valde</strong></span> <span class='ocrx_word' id='word_1_763' title='bbox 1205 4929 1368 4980; x_wconf 87' lang='lat' dir='ltr'><strong>erant</strong></span> <span class='ocrx_word' id='word_1_764' title='bbox 1401 4927 1598 4996; x_wconf 84' lang='lat' dir='ltr'><strong>perciti</strong></span> <span class='ocrx_word' id='word_1_765' title='bbox 1627 4945 1640 4995; x_wconf 90' lang='lat'><strong>;</strong></span> <span class='ocrx_word' id='word_1_766' title='bbox 1675 4928 1774 4984; x_wconf 88' lang='lat' dir='ltr'><strong>sed</strong></span> <span class='ocrx_word' id='word_1_767' title='bbox 1807 4928 2089 4987; x_wconf 87' lang='lat' dir='ltr'><strong>fervorem</strong></span> 
     </span>
    </p>
   </div>
   <div class='ocr_carea' id='block_1_102' title="bbox 449 5005 2096 5078">
    <p class='ocr_par' dir='ltr' id='par_1_102' title="bbox 449 5005 2096 5078">
     <span class='ocr_line' id='line_1_103' title="bbox 449 5005 2096 5078; baseline 0.009 -16"><span class='ocrx_word' id='word_1_768' title='bbox 449 5005 549 5063; x_wconf 64' lang='lat' dir='ltr'><strong>ira:</strong></span> <span class='ocrx_word' id='word_1_769' title='bbox 580 5007 861 5064; x_wconf 88' lang='lat' dir='ltr'><strong>sedarunt</strong></span> <span class='ocrx_word' id='word_1_770' title='bbox 893 5025 1156 5078; x_wconf 83' lang='lat' dir='ltr'><strong>munera,</strong></span> <span class='ocrx_word' id='word_1_771' title='bbox 1181 5016 1236 5068; x_wconf 90' lang='lat' dir='ltr'><strong>et</strong></span> <span class='ocrx_word' id='word_1_772' title='bbox 1258 5013 1656 5072; x_wconf 85' lang='lat' dir='ltr'><strong>vehementem</strong></span> <span class='ocrx_word' id='word_1_773' title='bbox 1694 5018 1946 5074; x_wconf 86' lang='lat' dir='ltr'><strong>furorem</strong></span> <span class='ocrx_word' id='word_1_774' title='bbox 1978 5020 2096 5076; x_wconf 89' lang='lat' dir='ltr'><strong>dis-</strong></span> 
     </span>
    </p>
   </div>
   <div class='ocr_carea' id='block_1_103' title="bbox 451 5096 2090 5179">
    <p class='ocr_par' dir='ltr' id='par_1_103' title="bbox 451 5096 2090 5179">
     <span class='ocr_line' id='line_1_104' title="bbox 451 5096 2090 5179; baseline 0.01 -29"><span class='ocrx_word' id='word_1_775' title='bbox 451 5096 624 5152; x_wconf 88' lang='lat' dir='ltr'><strong>solvit</strong></span> <span class='ocrx_word' id='word_1_776' title='bbox 659 5097 869 5153; x_wconf 90' lang='lat' dir='ltr'><strong>mulier</strong></span> <span class='ocrx_word' id='word_1_777' title='bbox 899 5099 1165 5170; x_wconf 90' lang='lat' dir='ltr'><strong>pecunia.</strong></span> <span class='ocrx_word' id='word_1_778' title='bbox 1185 5103 1326 5158; x_wconf 86' lang='lat' dir='ltr'><strong>Cum</strong></span> <span class='ocrx_word' id='word_1_779' title='bbox 1354 5103 1436 5158; x_wconf 92' lang='lat' dir='ltr'><strong>illi</strong></span> <span class='ocrx_word' id='word_1_780' title='bbox 1468 5110 1665 5162; x_wconf 88' lang='lat' dir='ltr'><strong>autem</strong></span> <span class='ocrx_word' id='word_1_781' title='bbox 1697 5109 2090 5179; x_wconf 88' lang='lat' dir='ltr'><strong>recessissent,</strong></span> 
     </span>
    </p>
   </div>
   <div class='ocr_carea' id='block_1_104' title="bbox 449 5184 2092 5269">
    <p class='ocr_par' dir='ltr' id='par_1_104' title="bbox 449 5184 2092 5269">
     <span class='ocr_line' id='line_1_105' title="bbox 449 5184 2092 5269; baseline 0.01 -31"><span class='ocrx_word' id='word_1_782' title='bbox 449 5184 507 5239; x_wconf 88' lang='lat' dir='ltr'><strong>in</strong></span> <span class='ocrx_word' id='word_1_783' title='bbox 545 5186 795 5255; x_wconf 89' lang='lat' dir='ltr'><strong>quadam</strong></span> <span class='ocrx_word' id='word_1_784' title='bbox 841 5188 1015 5244; x_wconf 88' lang='lat' dir='ltr'><strong>domo</strong></span> <span class='ocrx_word' id='word_1_785' title='bbox 1062 5190 1300 5262; x_wconf 89' lang='lat' dir='ltr'><strong>deponit</strong></span> <span class='ocrx_word' id='word_1_786' title='bbox 1344 5194 1542 5250; x_wconf 87' lang='lat' dir='ltr'><strong>Catula</strong></span> <span class='ocrx_word' id='word_1_787' title='bbox 1592 5202 1910 5269; x_wconf 87' lang='lat' dir='ltr'><strong>martyrum</strong></span> <span class='ocrx_word' id='word_1_788' title='bbox 1958 5199 2092 5254; x_wconf 84' lang='lat' dir='ltr'><strong>reli-</strong></span> 
     </span>
    </p>
   </div>
   <div class='ocr_carea' id='block_1_105' title="bbox 452 5273 2095 5353">
    <p class='ocr_par' dir='ltr' id='par_1_105' title="bbox 452 5273 2095 5353">
     <span class='ocr_line' id='line_1_106' title="bbox 452 5273 2095 5353; baseline 0.01 -26"><span class='ocrx_word' id='word_1_789' title='bbox 452 5273 622 5344; x_wconf 88' lang='lat' dir='ltr'><strong>quias</strong></span> <span class='ocrx_word' id='word_1_790' title='bbox 681 5275 850 5332; x_wconf 91' lang='lat' dir='ltr'><strong>tertio</strong></span> <span class='ocrx_word' id='word_1_791' title='bbox 901 5279 1120 5336; x_wconf 88' lang='lat' dir='ltr'><strong>mensis</strong></span> <span class='ocrx_word' id='word_1_792' title='bbox 1171 5280 1459 5353; x_wconf 87' lang='lat' dir='ltr'><strong>Octobris,</strong></span> <span class='ocrx_word' id='word_1_793' title='bbox 1510 5285 1814 5344; x_wconf 88' lang='lat' dir='ltr'><strong>miraculis</strong></span> <span class='ocrx_word' id='word_1_794' title='bbox 1873 5288 2095 5344; x_wconf 76' lang='lat' dir='ltr'><strong>affatim</strong></span> 
     </span>
    </p>
   </div>
   <div class='ocr_carea' id='block_1_106' title="bbox 453 5362 2099 5447">
    <p class='ocr_par' dir='ltr' id='par_1_106' title="bbox 453 5362 2099 5447">
     <span class='ocr_line' id='line_1_107' title="bbox 453 5362 2099 5447; baseline 0.012 -31"><span class='ocrx_word' id='word_1_795' title='bbox 453 5362 900 5436; x_wconf 85' lang='lat' dir='ltr'><strong>proﬂuentibus,</strong></span> <span class='ocrx_word' id='word_1_796' title='bbox 933 5368 1174 5440; x_wconf 87' lang='lat' dir='ltr'><strong>perinde</strong></span> <span class='ocrx_word' id='word_1_797' title='bbox 1203 5388 1269 5428; x_wconf 90' lang='lat' dir='ltr'><strong>ac</strong></span> <span class='ocrx_word' id='word_1_798' title='bbox 1305 5373 1503 5445; x_wconf 90' lang='lat' dir='ltr'><strong>aliquo</strong></span> <span class='ocrx_word' id='word_1_799' title='bbox 1549 5375 1707 5432; x_wconf 88' lang='lat' dir='ltr'><strong>fonte</strong></span> <span class='ocrx_word' id='word_1_800' title='bbox 1754 5376 1995 5447; x_wconf 89' lang='lat' dir='ltr'><strong>pulchre</strong></span> <span class='ocrx_word' id='word_1_801' title='bbox 2042 5381 2099 5435; x_wconf 88' lang='lat' dir='ltr'><strong>et</strong></span> 
     </span>
    </p>
   </div>
   <div class='ocr_carea' id='block_1_107' title="bbox 454 5453 2095 5539">
    <p class='ocr_par' dir='ltr' id='par_1_107' title="bbox 454 5453 2095 5539">
     <span class='ocr_line' id='line_1_108' title="bbox 454 5453 2095 5539; baseline 0.011 -30"><span class='ocrx_word' id='word_1_802' title='bbox 454 5453 710 5511; x_wconf 89' lang='lat' dir='ltr'><strong>suaviter</strong></span> <span class='ocrx_word' id='word_1_803' title='bbox 740 5464 1034 5517; x_wconf 86' lang='lat' dir='ltr'><strong>manante.</strong></span> <span class='ocrx_word' id='word_1_804' title='bbox 1068 5461 1190 5518; x_wconf 90' lang='lat' dir='ltr'><strong>Non</strong></span> <span class='ocrx_word' id='word_1_805' title='bbox 1227 5464 1473 5520; x_wconf 88' lang='lat' dir='ltr'><strong>multum</strong></span> <span class='ocrx_word' id='word_1_806' title='bbox 1509 5467 1786 5539; x_wconf 87' lang='lat' dir='ltr'><strong>temporis</strong></span> <span class='ocrx_word' id='word_1_807' title='bbox 1817 5467 2095 5527; x_wconf 87' lang='lat' dir='ltr'><strong>interces-</strong></span> 
     </span>
    </p>
   </div>
   <div class='ocr_carea' id='block_1_108' title="bbox 525 5632 1102 5710">
    <p class='ocr_par' dir='ltr' id='par_1_108' title="bbox 525 5632 1102 5710">
     <span class='ocr_line' id='line_1_109' title="bbox 525 5632 1102 5710; baseline 0.007 -17"><span class='ocrx_word' id='word_1_808' title='bbox 525 5632 552 5670; x_wconf 67' lang='grc' dir='ltr'>ι</span> <span class='ocrx_word' id='word_1_809' title='bbox 584 5635 737 5697; x_wconf 83' lang='lat' dir='ltr'><strong>Psal.</strong></span> <span class='ocrx_word' id='word_1_810' title='bbox 771 5653 931 5710; x_wconf 75' lang='lat' dir='ltr'><strong>cmi,</strong></span> <span class='ocrx_word' id='word_1_811' title='bbox 960 5639 1017 5710; x_wconf 88' lang='lat'><strong>5,</strong></span> <span class='ocrx_word' id='word_1_812' title='bbox 1046 5640 1102 5697; x_wconf 87' lang='lat'><strong>6.</strong></span> 
     </span>
    </p>
   </div>
   <div class='ocr_carea' id='block_1_109' title="bbox 2199 4740 3838 4823">
    <p class='ocr_par' dir='ltr' id='par_1_109' title="bbox 2199 4740 3838 4823">
     <span class='ocr_line' id='line_1_110' title="bbox 2199 4740 3838 4823; baseline -0.008 -19"><span class='ocrx_word' id='word_1_813' title='bbox 2199 4749 2346 4823; x_wconf 83' lang='grc' dir='ltr'>παρᾶ</span> <span class='ocrx_word' id='word_1_814' title='bbox 2373 4751 2441 4822; x_wconf 79' lang='grc' dir='ltr'>τῇ</span> <span class='ocrx_word' id='word_1_815' title='bbox 2479 4747 2709 4823; x_wconf 77' lang='grc' dir='ltr'>γνναικὶ,</span> <span class='ocrx_word' id='word_1_816' title='bbox 2765 4749 2872 4801; x_wconf 77' lang='grc' dir='ltr'>τῶν</span> <span class='ocrx_word' id='word_1_817' title='bbox 2934 4747 3139 4800; x_wconf 81' lang='grc' dir='ltr'>πιστῶν</span> <span class='ocrx_word' id='word_1_818' title='bbox 3203 4762 3343 4805; x_wconf 88' lang='grc' dir='ltr'>τινες</span> <span class='ocrx_word' id='word_1_819' title='bbox 3407 4741 3474 4796; x_wconf 76' lang='grc' dir='ltr'>τὰ</span> <span class='ocrx_word' id='word_1_820' title='bbox 3529 4740 3690 4812; x_wconf 86' lang='grc' dir='ltr'>τίμια</span> <span class='ocrx_word' id='word_1_821' title='bbox 3737 4742 3838 4792; x_wconf 78' lang='grc' dir='ltr'><strong>τῶν</strong></span> 
     </span>
    </p>
   </div>
   <div class='ocr_carea' id='block_1_110' title="bbox 2206 4829 3840 4915">
    <p class='ocr_par' dir='ltr' id='par_1_110' title="bbox 2206 4829 3840 4915">
     <span class='ocr_line' id='line_1_111' title="bbox 2206 4829 3840 4915; baseline -0.008 -21"><span class='ocrx_word' id='word_1_822' title='bbox 2206 4837 2494 4915; x_wconf 86' lang='grc' dir='ltr'>μαρτύρων</span> <span class='ocrx_word' id='word_1_823' title='bbox 2529 4831 2980 4911; x_wconf 77' lang='grc' dir='ltr'>ὑπολαμϐάνουσι</span> <span class='ocrx_word' id='word_1_824' title='bbox 3025 4834 3254 4908; x_wconf 83' lang='grc' dir='ltr'>λείψανα</span> <span class='ocrx_word' id='word_1_825' title='bbox 3289 4831 3378 4886; x_wconf 80' lang='grc' dir='ltr'>καὶ</span> <span class='ocrx_word' id='word_1_826' title='bbox 3428 4829 3482 4886; x_wconf 83' lang='grc' dir='ltr'><strong>ἐν</strong></span> <span class='ocrx_word' id='word_1_827' title='bbox 3529 4837 3610 4903; x_wconf 78' lang='grc' dir='ltr'>τῷ</span> <span class='ocrx_word' id='word_1_828' title='bbox 3658 4831 3840 4907; x_wconf 63' lang='grc' dir='ltr'>ἀφανεῖ</span> 
     </span>
    </p>
   </div>
   <div class='ocr_carea' id='block_1_111' title="bbox 2198 4919 3841 4998">
    <p class='ocr_par' dir='ltr' id='par_1_111' title="bbox 2198 4919 3841 4998">
     <span class='ocr_line' id='line_1_112' title="bbox 2198 4919 3841 4998; baseline -0.009 -13"><span class='ocrx_word' id='word_1_829' title='bbox 2198 4926 2590 4991; x_wconf 81' lang='grc' dir='ltr'>κατατίθενται.</span> <span class='ocrx_word' id='word_1_830' title='bbox 2652 4926 2806 4998; x_wconf 79' lang='grc' dir='ltr'>Εἶτα,</span> <span class='ocrx_word' id='word_1_831' title='bbox 2857 4931 2957 4995; x_wconf 80' lang='grc' dir='ltr'><strong>τῆς</strong></span> <span class='ocrx_word' id='word_1_832' title='bbox 3005 4922 3245 4997; x_wconf 73' lang='grc' dir='ltr'>εὐωχίας</span> <span class='ocrx_word' id='word_1_833' title='bbox 3311 4919 3685 4991; x_wconf 74' lang='grc' dir='ltr'>διαλυθείσης,</span> <span class='ocrx_word' id='word_1_834' title='bbox 3733 4923 3841 4979; x_wconf 82' lang='grc' dir='ltr'>τοῖς</span> 
     </span>
    </p>
   </div>
   <div class='ocr_carea' id='block_1_112' title="bbox 2203 5009 3842 5094">
    <p class='ocr_par' dir='ltr' id='par_1_112' title="bbox 2203 5009 3842 5094">
     <span class='ocr_line' id='line_1_113' title="bbox 2203 5009 3842 5094; baseline -0.007 -21"><span class='ocrx_word' id='word_1_835' title='bbox 2203 5017 2427 5092; x_wconf 85' lang='grc' dir='ltr'>δημίοις</span> <span class='ocrx_word' id='word_1_836' title='bbox 2458 5017 2520 5072; x_wconf 87' lang='grc' dir='ltr'>τὸ</span> <span class='ocrx_word' id='word_1_837' title='bbox 2569 5021 2794 5093; x_wconf 78' lang='grc' dir='ltr'>πρᾶγμα</span> <span class='ocrx_word' id='word_1_838' title='bbox 2841 5015 3151 5094; x_wconf 75' lang='grc' dir='ltr'>φωράσασιν</span> <span class='ocrx_word' id='word_1_839' title='bbox 3201 5011 3289 5067; x_wconf 85' lang='grc' dir='ltr'><strong>ἐπὶ</strong></span> <span class='ocrx_word' id='word_1_840' title='bbox 3352 5011 3487 5087; x_wconf 80' lang='grc' dir='ltr'>μέγα</span> <span class='ocrx_word' id='word_1_841' title='bbox 3546 5010 3636 5064; x_wconf 79' lang='grc' dir='ltr'><strong>καὶ</strong></span> <span class='ocrx_word' id='word_1_842' title='bbox 3683 5009 3842 5063; x_wconf 66' lang='grc' dir='ltr'>πάλιν</span> 
     </span>
    </p>
   </div>
   <div class='ocr_carea' id='block_1_113' title="bbox 2203 5099 3843 5178">
    <p class='ocr_par' dir='ltr' id='par_1_113' title="bbox 2203 5099 3843 5178">
     <span class='ocr_line' id='line_1_114' title="bbox 2203 5099 3843 5178; baseline -0.008 -14"><span class='ocrx_word' id='word_1_843' title='bbox 2203 5109 2494 5164; x_wconf 81' lang='grc' dir='ltr'>ἀνεκινεῖτο</span> <span class='ocrx_word' id='word_1_844' title='bbox 2523 5107 2588 5162; x_wconf 84' lang='grc' dir='ltr'>τὰ</span> <span class='ocrx_word' id='word_1_845' title='bbox 2617 5109 2714 5161; x_wconf 81' lang='grc' dir='ltr'>τοῦ</span> <span class='ocrx_word' id='word_1_846' title='bbox 2753 5107 2929 5178; x_wconf 76' lang='grc' dir='ltr'>θυμοῦ</span> <span class='ocrx_word' id='word_1_847' title='bbox 2985 5102 3074 5158; x_wconf 85' lang='grc' dir='ltr'>καὶ</span> <span class='ocrx_word' id='word_1_848' title='bbox 3120 5099 3545 5176; x_wconf 84' lang='grc' dir='ltr'>διεθερμαίνετο·</span> <span class='ocrx_word' id='word_1_849' title='bbox 3595 5099 3744 5154; x_wconf 67' lang='grc' dir='ltr'>ἄλλα</span> <span class='ocrx_word' id='word_1_850' title='bbox 3786 5105 3843 5153; x_wconf 75' lang='grc' dir='ltr'>το</span> 
     </span>
    </p>
   </div>
   <div class='ocr_carea' id='block_1_114' title="bbox 2201 5189 3849 5272">
    <p class='ocr_par' dir='ltr' id='par_1_114' title="bbox 2201 5189 3849 5272">
     <span class='ocr_line' id='line_1_115' title="bbox 2201 5189 3849 5272; baseline -0.007 -19"><span class='ocrx_word' id='word_1_851' title='bbox 2201 5205 2302 5268; x_wconf 82' lang='grc' dir='ltr'>τῆς</span> <span class='ocrx_word' id='word_1_852' title='bbox 2334 5198 2503 5272; x_wconf 79' lang='grc' dir='ltr'>ὀργῆς</span> <span class='ocrx_word' id='word_1_853' title='bbox 2536 5195 2650 5266; x_wconf 73' lang='grc' dir='ltr'>ζέον</span> <span class='ocrx_word' id='word_1_854' title='bbox 2680 5196 2748 5250; x_wconf 76' lang='grc' dir='ltr'>τὰ</span> <span class='ocrx_word' id='word_1_855' title='bbox 2797 5193 2945 5262; x_wconf 84' lang='grc' dir='ltr'>δῶρα</span> <span class='ocrx_word' id='word_1_856' title='bbox 2991 5191 3272 5266; x_wconf 76' lang='grc' dir='ltr'>κατέψυξε,</span> <span class='ocrx_word' id='word_1_857' title='bbox 3322 5190 3412 5245; x_wconf 81' lang='grc' dir='ltr'>καὶ</span> <span class='ocrx_word' id='word_1_858' title='bbox 3454 5190 3518 5244; x_wconf 85' lang='grc' dir='ltr'>τὸ</span> <span class='ocrx_word' id='word_1_859' title='bbox 3564 5189 3711 5244; x_wconf 74' lang='grc' dir='ltr'>πολὺ</span> <span class='ocrx_word' id='word_1_860' title='bbox 3757 5191 3849 5243; x_wconf 66' lang='grc' dir='ltr'>τοῦ</span> 
     </span>
    </p>
   </div>
   <div class='ocr_carea' id='block_1_115' title="bbox 2206 5277 3852 5366">
    <p class='ocr_par' dir='ltr' id='par_1_115' title="bbox 2206 5277 3852 5366">
     <span class='ocr_line' id='line_1_116' title="bbox 2206 5277 3852 5366; baseline -0.005 -24"><span class='ocrx_word' id='word_1_861' title='bbox 2206 5285 2384 5362; x_wconf 73' lang='grc' dir='ltr'>θυμοῦ</span> <span class='ocrx_word' id='word_1_862' title='bbox 2434 5288 2781 5366; x_wconf 75' lang='grc' dir='ltr'>χρήμασινὴ</span> <span class='ocrx_word' id='word_1_863' title='bbox 2813 5285 2948 5361; x_wconf 84' lang='grc' dir='ltr'>γυνή</span> <span class='ocrx_word' id='word_1_864' title='bbox 3005 5281 3294 5358; x_wconf 77' lang='grc' dir='ltr'>παραλύει.</span> <span class='ocrx_word' id='word_1_865' title='bbox 3356 5279 3624 5334; x_wconf 78' lang='grc' dir='ltr'>Κάκείνων</span> <span class='ocrx_word' id='word_1_866' title='bbox 3677 5277 3852 5334; x_wconf 77' lang='grc' dir='ltr'>ἀπαλ-</span> 
     </span>
    </p>
   </div>
   <div class='ocr_carea' id='block_1_116' title="bbox 2207 5369 3854 5452">
    <p class='ocr_par' dir='ltr' id='par_1_116' title="bbox 2207 5369 3854 5452">
     <span class='ocr_line' id='line_1_117' title="bbox 2207 5369 3854 5452; baseline -0.007 -19"><span class='ocrx_word' id='word_1_867' title='bbox 2207 5375 2496 5452; x_wconf 72' lang='grc' dir='ltr'>λαγέντων,</span> <span class='ocrx_word' id='word_1_868' title='bbox 2541 5374 2592 5432; x_wconf 78' lang='grc' dir='ltr'>ἔν</span> <span class='ocrx_word' id='word_1_869' title='bbox 2649 5397 2754 5433; x_wconf 87' lang='grc' dir='ltr'>τινι</span> <span class='ocrx_word' id='word_1_870' title='bbox 2811 5376 2879 5432; x_wconf 82' lang='grc' dir='ltr'>τὰ</span> <span class='ocrx_word' id='word_1_871' title='bbox 2924 5377 3033 5429; x_wconf 83' lang='grc' dir='ltr'>τῶν</span> <span class='ocrx_word' id='word_1_872' title='bbox 3088 5371 3377 5448; x_wconf 73' lang='grc' dir='ltr'>μαρτύρων</span> <span class='ocrx_word' id='word_1_873' title='bbox 3421 5369 3653 5443; x_wconf 77' lang='grc' dir='ltr'>λείψανα</span> <span class='ocrx_word' id='word_1_874' title='bbox 3685 5372 3722 5438; x_wconf 77' lang='grc' dir='ltr'><strong>ἡ</strong></span> <span class='ocrx_word' id='word_1_875' title='bbox 3756 5390 3854 5441; x_wconf 73' lang='grc' dir='ltr'>μα-</span> 
     </span>
    </p>
   </div>
   <div class='ocr_carea' id='block_1_117' title="bbox 2207 5459 3856 5546">
    <p class='ocr_par' dir='ltr' id='par_1_117' title="bbox 2207 5459 3856 5546">
     <span class='ocr_line' id='line_1_118' title="bbox 2207 5459 3856 5546; baseline -0.007 -22"><span class='ocrx_word' id='word_1_876' title='bbox 2207 5487 2368 5546; x_wconf 82' lang='grc' dir='ltr'>καρια</span> <span class='ocrx_word' id='word_1_877' title='bbox 2424 5467 2680 5527; x_wconf 84' lang='grc' dir='ltr'>Κατούλα</span> <span class='ocrx_word' id='word_1_878' title='bbox 2744 5463 3035 5542; x_wconf 77' lang='grc' dir='ltr'>δομήματι</span> <span class='ocrx_word' id='word_1_879' title='bbox 3090 5461 3435 5533; x_wconf 82' lang='grc' dir='ltr'>κατατίθησι,</span> <span class='ocrx_word' id='word_1_880' title='bbox 3493 5459 3686 5532; x_wconf 82' lang='grc' dir='ltr'>τρίτην</span> <span class='ocrx_word' id='word_1_881' title='bbox 3763 5462 3856 5516; x_wconf 72' lang='grc' dir='ltr'><strong>τοῦ</strong></span> 
     </span>
    </p>
   </div>
  </div>
