4106 6200
297 341 450 404 1049

1600 341 1782 402 VITA
1833 346 1899 404 S.
1946 347 2399 408 ANDRONICI.

3546 343 3704 404 1050

295 495 604 554 ὁκτωῧαίου
666 501 840 572 μηνὸς
897 499 1141 573 ἄγοντος.
1195 505 1310 553 Τῶν
1379 497 1435 554 δὲ
1501 503 1790 574 θουμπὶτων
1863 507 2008 584 cii}

2105 510 2159 574 it,
2187 513 2241 562 et
2300 508 2713 563 convenientes
2761 507 3064 562 christiani
3124 506 3398 576 templum
3441 504 3706 575 gloriosis

295 610 436 650 τινος
497 596 682 663 πηγῆς
738 591 877 662 ὁμοὖ
942 589 1174 658 ναούσης
1247 590 1337 642 καὶ
1416 586 1659 659 ἥδιστον,
1713 592 1956 669 ὰρΟὸνως

297 679 705 754 προχεομὲνων,
766 681 827 734 οὐ
903 679 1047 734 πολὺ
1119 679 1182 733 τὸ
1268 676 1318 732 ἒν
1383 678 1532 752 μέσῳ
1610 682 1952 748 συνελθόντες

302 769 625 840 Χριστιανοὶ
681 769 804 822 ναὸν
849 775 969 830 τοῖς
1028 765 1375 829 καλλινίκοις
1449 769 1806 846 ἀνεγείρουςι,
1866 773 1954 828 καὶ

297 858 361 910 τὰ
410 857 563 928 τίμια
610 859 819 912 τούτων
875 859 924 912 ἐν
977 858 1124 929 αὖτῷ
1187 860 1501 913 ἀποτιθὲασι
1575 859 1823 934 λείψανα·
1881 864 1956 922 εἷς

2068 599 2317 652 excitant
2346 596 2686 662 victoribus,
2718 599 2774 650 et
2807 596 2864 649 in
2898 595 3022 665 ipso
3056 611 3256 648 eorum
3290 595 3574 664 pretiosas
3606 594 3706 648 de—

2068 691 2292 757 ponunt
2323 685 2630 755 reliquias:
2656 685 2724 740 ad
2753 684 2999 754 gloriam
3033 683 3132 738 Dei
3164 683 3375 748 Patris,
3399 687 3456 736 et
3480 683 3708 738 Domini

2067 776 2249 831 nostri
2281 776 2418 831 Jesu
2451 773 2660 829 Christi
2688 790 2700 829 :
2735 790 2903 843 quem
2929 774 3093 827 decet
3128 773 3312 826 honor
3341 776 3396 826 et
3427 773 3707 837 adoratio,

2067 881 2223 919 nunc
2246 869 2302 920 et
2333 880 2584 935 semper,
2611 869 2668 918 et
2699 864 2756 917 in
2791 861 3002 918 saecula
3035 859 3402 916 saeculorum.
3436 862 3637 915 Amen.

298 945 460 1001 δὸκαν
516 953 652 1002 Θεοῦ
724 949 956 1018 Ματρὸς,
1023 951 1113 1003 καὶ
1184 948 1388 1023 Κυρίου
1447 952 1606 1022 ἡμῶν
1680 954 1857 1021 Ἰησοῦ
1918 955 2175 1027 Χριστοῦ,
2246 954 2290 1024 ᾧ
2358 953 2549 1028 πρέπει
2615 953 2751 1025 τιμὴ
2812 951 2901 1004 καὶ
2969 947 3334 1023 προσκύνησις
3421 947 3498 1009 εἰς
3586 948 3715 1008 τοὺς

301 1034 524 1100 αἰῶνας.
560 1039 619 1094 Ἀ
631 1040 762 1110 μήν.

2933 1191 3718 1219 at

1019 1329 1491 1493 VITA
1603 1331 1769 1498 S.
1892 1329 3005 1495 ANDROCINI

1220 1617 1426 1745 ET
1491 1618 1872 1748 EJUS
1941 1616 2787 1750 CONJUGIS.

308 1833 482 1898 (Apud
514 1831 729 1882 Surium
774 1834 840 1883 ad
879 1834 1017 1884 diem
1049 1835 1108 1884 27
1152 1833 1460 1894 Februarii;
1511 1837 1689 1884 Grasce
1723 1849 1832 1884 non
1880 1840 2053 1887 exstat
2096 1839 2150 1887 in
2196 1851 2320 1886 mss.
2367 1838 2568 1897 Paris.;
2607 1837 2735 1885 socii
2777 1835 3111 1885 Bollandiani
3143 1836 3309 1886 Vitam
3341 1834 3396 1884 S.
3432 1833 3723 1884 Andronici

1168 1898 1343 1946 Grece
1378 1901 1428 1946 et
1460 1898 1644 1948 Latine
1676 1899 1927 1948 exhibent
1959 1914 2022 1949 ex
2052 1900 2271 1950 Meneis
2304 1900 2370 1948 ad
2403 1901 2543 1950 diem
2573 1902 2600 1948 9
2632 1900 2896 1960 Octobris)

391 2227 433 2279 Ι.
470 2225 530 2281 In
564 2226 772 2283 diebus
821 2227 1136 2283 Theodosii
1196 2228 1391 2300 Magni
1429 2228 1821 2300 imperatoris,
1846 2231 1970 2284 erat
1999 2229 2051 2294 A
2081 2245 2266 2300 usque
2291 2228 2360 2284 ad
2395 2229 2598 2284 horam
2634 2232 2855 2284 sextam
2892 2243 2906 2282 :
2941 2230 2995 2281 et
3029 2240 3319 2294 reversus,
3353 2221 3518 2277 audit
3550 2219 3728 2290 ejula-

318 2316 376 2369 in
411 2332 620 2388 magna
649 2317 793 2372 urbe
831 2317 1145 2373 Antiochia
1196 2318 1426 2388 juvenis
1483 2318 1721 2388 quidam
1770 2334 1970 2388 argen-

321 2405 528 2474 tarius,
563 2405 802 2462 nomine
825 2407 1205 2463 Andronicus.
1238 2407 1472 2477 Accepit
1504 2412 1696 2463 autem
1732 2423 1970 2462 uxorem

325 2495 502 2551 filiam
535 2497 872 2568 argentarii,
910 2497 1142 2553 nomine
1191 2497 1456 2553 Joannis.
1491 2501 1631 2552 Erat
1679 2515 1811 2553 vero
1843 2499 1972 2568 ejus

321 2600 534 2640 nomen
567 2586 907 2641 Athanasia.
959 2587 1096 2641 Erat
1139 2586 1295 2641 enim
1328 2602 1525 2641 revera
1554 2587 1887 2651 Athanasia,
1917 2587 1972 2640 id

321 2680 427 2743 est,
451 2676 823 2746 immortalis,
846 2681 902 2731 et
926 2677 1115 2742 iactis,
1140 2682 1196 2732 et
1221 2676 1593 2748 cogitatione.
1619 2677 1752 2731 Erat
1778 2681 1973 2731 autem

327 2766 693 2820 Andronicus
731 2766 897 2821 valde
947 2766 1101 2836 pius,
1136 2771 1191 2820 et
1221 2765 1426 2836 plenus
1466 2765 1634 2821 bonis
1677 2767 1974 2836 operibus.

329 2857 610 2914 Similiter
647 2874 782 2914 vero
841 2859 970 2928 ejus
1010 2874 1239 2930 quoque
1294 2875 1488 2914 uxor:
1551 2863 1719 2914 erant
1778 2863 1976 2914 autem

329 2947 497 3002 valde
527 2947 750 3003 divites.
788 2948 882 3004 Sic
913 2964 1047 3003 vero
1077 2949 1254 3004 vitam
1290 2965 1458 3004 suam
1501 2949 1747 3019 agebant
1778 2964 1981 3020 argen-

331 3038 565 3107 tariam,
597 3046 651 3091 et
671 3037 972 3092 facultates
997 3054 1139 3093 suas
1166 3037 1487 3093 diviserunt
1512 3038 1569 3093 in
1596 3043 1715 3094 tres
1747 3042 1978 3110 partes:

335 3143 511 3181 unam
545 3127 780 3197 quidem
830 3127 888 3182 in
933 3129 1220 3182 rationem
1255 3144 1602 3198 pauperum,
1635 3133 1691 3183 et
1720 3127 1890 3182 aliam
1924 3127 1982 3180 in

336 3217 614 3271 rationem
647 3216 1092 3285 monachorum,
1122 3223 1178 3271 et
1210 3217 1381 3272 aliam
1414 3218 1472 3272 in
1497 3218 1778 3273 rationem
1811 3217 1988 3271 facul-

337 3311 522 3361 tatum
556 3309 612 3361 et
644 3306 910 3361 officinae.
947 3306 1229 3362 Universa
1280 3315 1470 3362 autem
1507 3307 1714 3362 civitas
1757 3306 1988 3362 amabat

337 3395 638 3450 dominum
673 3397 1072 3452 Andronicum
1109 3400 1348 3466 propter
1385 3398 1515 3466 ejus
1547 3396 1913 3452 modestiam.

409 3483 480 3538 Il.
513 3484 794 3555 Cognovit
835 3489 1031 3540 autem
1066 3501 1232 3539 suam
1270 3501 1551 3553 uxorem;
1585 3490 1640 3540 et
1689 3501 1821 3540 cum
1854 3502 1987 3540 con-

2081 2323 2200 2372 tum
2239 2327 2293 2373 et
2343 2317 2689 2385 tumultum,
2735 2317 2833 2388 qui
2880 2316 3052 2371 fiebat
3100 2313 3258 2369 domi
3291 2329 3430 2366 suis.
3466 2309 3564 2364 Ille
3595 2325 3728 2363 vero

2083 2409 2463 2462 conturbatus
2494 2408 2772 2473 cucurrit,
2806 2411 2860 2460 et
2911 2405 3126 2460 invenit
3159 2418 3391 2458 omnem
3444 2401 3558 2456 fere
3591 2398 3754 2454 civi-‘

2085 2503 2258 2551 tatem
2293 2497 2450 2551 domi
2484 2513 2602 2552 suae
2626 2501 2682 2551 et
2716 2511 2926 2566 pueros
2949 2503 3228 2548 mortuos.

2156 2586 2253 2640 IIl.
2305 2589 2567 2657 Cumque
2618 2585 2857 2639 vidisset
2923 2583 3172 2636 infantes
3231 2581 3289 2634 in
3346 2579 3494 2633 lecto
3555 2574 3733 2632 simul

2080 2677 2361 2746 jacentes,
2397 2676 2698 2746 ingressus
2732 2675 2790 2729 in
2824 2689 2997 2728 suum
3031 2670 3372 2735 oratorium,
3407 2684 3467 2724 se
3498 2667 3737 2738 projecit

2089 2772 2224 2820 ante
2264 2770 2646 2832 Servatorem,
2698 2768 2754 2820 et
2804 2764 2947 2817 ﬂens
2981 2761 3165 2818 dixit‘
3195 2776 3208 2816 :
3247 2783 3273 2812 «
3304 2763 3434 2830 Ipse
3465 2772 3737 2828 egressus

2092 2870 2222 2909 sum
2257 2856 2452 2910 nudus
2510 2871 2577 2909 ex
2611 2858 2774 2909 utero
2827 2852 3025 2908 matris
3075 2866 3238 2915 mea,
3280 2851 3472 2903 nudus
3504 2860 3736 2917 quoque

2092 2945 2231 3000 illuc
2276 2952 2546 3000 revertar.
2580 2943 2870 2998 Dominus
2911 2940 3088 3008 dedit,
3131 2939 3416 2995 Dominus
3448 2934 3688 2991 abstulit
3721 2949 3734 2989 :

2094 3037 2242 3092 sicut
2297 3034 2542 3090 Domino
2599 3033 2789 3087 visum
2839 3035 2948 3100 est,
2982 3030 3060 3084 ita
3092 3029 3211 3083 fiat.
3258 3027 3341 3080 Sit
3375 3041 3584 3081 nomen
3624 3024 3739 3077 Do-

2095 3127 2235 3182 mini
2265 3125 2632 3180 benedictum
2666 3140 2734 3179 ex
2789 3123 2898 3178 hoc
2931 3138 3083 3176 nunc
3116 3124 3173 3175 et
3218 3134 3403 3188 usque
3452 3117 3511 3170 in
3559 3129 3742 3170 saecu-

2098 3217 2238 3271 lum.
2274 3238 2301 3264 ››
2336 3214 2488 3269 Uxor
2542 3219 2736 3267 autem
2796 3213 2922 3281 ejus
2979 3209 3272 3281 quarebat
3333 3221 3396 3262 se
3440 3205 3743 3269 suffocare,

2101 3307 2348 3361 dicens:
2411 3303 2625 3358 Moriar
2685 3317 2816 3357 cum
2879 3301 3024 3355 meis
3083 3297 3237 3353 filiis.
3301 3293 3581 3351 Convenit
3612 3308 3744 3346 vero

2102 3395 2376 3450 universa
2406 3393 2607 3448 civitas
2631 3393 2702 3446 ad
2737 3389 3060 3445 eﬂ'erendos
3096 3403 3323 3459 pueros,
3356 3387 3497 3440 adeo
3531 3385 3596 3437 ut
3626 3380 3744 3435 illic

2099 3490 2254 3542 esset
2307 3483 2636 3555 patriarcha
2686 3498 2822 3537 cum
2883 3485 3003 3535 toto
3062 3477 3215 3535 clero
3272 3493 3393 3531 suo.
3446 3476 3557 3529 Eos
3609 3488 3743 3528 vero

339 3573 608 3668 cepisset,
671 3575 894 3644 peperit
951 3575 1162 3641 ﬂlium,
1218 3578 1274 3630 et
1339 3575 1792 3630 nominaverunt
1859 3591 1987 3631 eum
2023 3603 2077 3668 Β
2103 3573 2501 3668 deposuerunt
2534 3569 2593 3624 in
2628 3567 2909 3668 martyrio
2942 3565 3128 3668 sancti
3159 3562 3371 3668 Juliani
3405 3577 3581 3630 supra
3598 3573 3746 3658 .avos

338 3660 646 3717 Joannem.
684 3666 826 3717 Cum
873 3679 1006 3718 vero
1055 3664 1243 3720 adhuc
1291 3665 1350 3718 in
1393 3669 1554 3720 utero
1605 3666 1990 3736 concepisset,

344 3752 566 3822 peperit
606 3751 810 3818 ﬁliam,
840 3756 896 3807 et
934 3753 1258 3808 nominavit
1307 3770 1435 3810 cam
1486 3755 1752 3823 Mariam,
1805 3771 1993 3826 nequc

345 3839 600 3910 amplius
630 3841 1120 3912 appropinquavit
1169 3843 1329 3898 uxori
1360 3844 1751 3899 Andronicus.
1788 3844 1993 3899 Confe-

347 3929 509 3984 rebat
532 3934 722 3984 autem
747 3946 920 3985 suum
945 3932 1195 3986 studium
1223 3933 1293 3988 ad
1319 3933 1631 4004 diligenter
1651 3938 1706 3988 et
1729 3933 1998 3988 lubenter

349 4016 756 4086 laborandum,
794 4035 926 4074 cum
961 4019 1089 4075 aliis
1123 4020 1337 4076 Christi
1381 4022 1708 4078 amantibus
1739 4030 2000 4093 argenta-

353 4107 474 4163 riis.
523 4107 830 4164 Dominico
889 4113 944 4164 et
987 4108 1080 4163 die
1137 4113 1394 4166 secundo
1453 4116 1510 4166 et
1567 4117 1770 4182 quarto
1823 4116 1880 4166 et
1938 4111 1998 4166 in

355 4197 680 4264 Parasceve,
716 4215 748 4252 a
802 4215 1045 4269 vespera
1102 4215 1292 4270 usque
1326 4201 1395 4254 ad
1460 4201 1816 4255 matutinum
1881 4201 2004 4255 ibat

358 4286 728 4342 Andronicus
759 4287 827 4342 ad
861 4287 1140 4343 lavandos
1180 4289 1334 4344 viros
1367 4305 1502 4345 suos
1551 4290 1780 4345 fratres.
1823 4289 2004 4345 Simi-

355 4373 487 4429 liter
540 4380 732 4431 autem
783 4376 908 4446 eius
948 4391 1180 4447 quoque
1226 4395 1369 4434 uxor
1416 4379 1484 4434 ad
1544 4378 1820 4435 lavandae
1879 4377 2005 4432 dili-

355 4467 558 4533 genter
614 4463 913 4520 mulieres.
983 4466 1120 4520 Post
1190 4473 1420 4539 tempus
1476 4484 1610 4524 vero
1696 4467 2004 4523 duodecim

356 4569 673 4620 annorum,
703 4554 974 4624 ingressa
1013 4559 1102 4610 est
1152 4558 1406 4626 quodam
1439 4557 1530 4611 die
1563 4573 1735 4612 mane
1767 4556 2008 4612 domina

357 4641 678 4697 Athanasia
709 4643 1088 4700 avoluntario
1121 4645 1220 4700 illo
1254 4646 1448 4700 labore
1470 4646 1540 4701 ad
1572 4646 1849 4701 videndos
1871 4663 2008 4701 suos

358 4731 534 4801 filios,
562 4739 614 4786 et
646 4732 866 4787 invenit
897 4749 995 4788 eos
1018 4734 1403 4806 suspirantes.
1431 4734 1534 4790 Illa
1550 4741 1741 4791 autem
1774 4741 2007 4791 contur-

359 4823 497 4876 bata
539 4820 803 4876 ascendit
857 4821 915 4875 in
958 4820 1170 4878 lectum
1219 4840 1408 4889 suum,
1469 4829 1525 4880 et
1579 4825 1777 4895 'posuit
1807 4825 2010 4881 ambos

360 4927 540 4982 supra
571 4915 774 4980 pectus
819 4927 1016 4965 suum.
1071 4912 1283 4968 Beatus
1331 4929 1464 4969 vero
1514 4915 1881 4970 Andronicus
1923 4913 2011 4969 in-

2102 3679 2261 3719 suos.
2287 3660 2595 3732 Accipiens
2621 3664 2810 3715 autem
2833 3660 3066 3713 beatum
3091 3653 3487 3710 Andronicum
3520 3649 3748 3719 episco-

2103 3769 2211 3824 pus
2239 3752 2540 3823 ingressus
2572 3755 2660 3805 est
2708 3751 2765 3804 in
2796 3749 2951 3802 azdes
2991 3747 3136 3816 ejus.
3176 3743 3340 3798 lllius
3381 3743 3573 3794 autem
3605 3753 3754 3792 uxor

2107 3841 2293 3897 noluit
2341 3841 2500 3895 abire
2559 3841 2615 3893 in
2675 3839 2913 3892 domum
2982 3850 3172 3902 suam,
3234 3833 3331 3886 sed
3397 3827 3629 3883 dormiit
3692 3825 3754 3879 in

2109 3931 2407 4002 martyrio.
2440 3928 2627 3985 Media
2673 3944 2807 3983 vero
2869 3929 3035 3981 nocte
3093 3924 3334 3994 apparet
3364 3919 3415 3973 ei
3448 3920 3661 3987 martyr
3693 3914 3752 4002 in

2112 4001 2310 4074 habitu
2340 4016 2636 4084 monachi,
2665 4017 2866 4070 dicens
2898 4015 2948 4070 ei
2983 4029 2996 4067 ε
3031 4015 3143 4066 Cur
3183 4027 3298 4065 non
3328 4007 3471 4063 sinis
3501 4020 3619 4070 eos,
3655 4001 3754 4074 qui

2112 4111 2207 4166 hic
2239 4118 2397 4178 sunt,
2448 4109 2807 4179 requiescere
2839 4106 2867 4159 ?
2897 4103 3002 4159 Illa
3034 4107 3230 4158 autem
3281 4099 3464 4153 dixit:
3514 4093 3756 4150 Domine

2114 4202 2216 4267 mi,
2267 4217 2338 4256 ne
2393 4199 2538 4254 mihi
2596 4195 2892 4260 irascaris,
2928 4209 3061 4248 nam
3123 4205 3251 4245 sum
3311 4187 3476 4243 valde
3521 4183 3757 4240 afﬂicta.

2117 4289 2409 4345 Habebam
2469 4292 2665 4342 autem
2699 4287 2844 4340 duos
2877 4283 3032 4338 solos
3067 4280 3239 4345 filios,
3271 4281 3325 4332 et
3358 4274 3531 4330 hodie
3553 4273 3755 4328 ambos

2117 4379 2294 4435 simul
2327 4377 2526 4432 extuli.
2563 4376 2664 4430 Ille
2685 4391 2818 4429 vero
2850 4372 2991 4426 dicit
3017 4389 3028 4426 :
3053 4373 3198 4434 Quot
3231 4383 3415 4421 annos
3447 4363 3565 4418 nati
3598 4362 3764 4416 erant

2117 4468 2204 4523 tui
2240 4467 2446 4538 pueri?
2471 4464 2576 4519 llla
2626 4480 2759 4519 vero
2811 4461 2950 4517 dicit
2979 4459 3028 4515 ei
3066 4475 3078 4512 :
3112 4458 3275 4513 Unus
3304 4459 3426 4512 erat
3461 4450 3766 4538 duodecim

2121 4537 2305 4612 annos
2351 4558 2546 4617 natus,
2609 4552 2753 4607 alter
2810 4565 2940 4606 vero
2995 4548 3218 4602 decem.
3267 4544 3367 4599 Ille
3398 4545 3591 4596 autem
3626 4537 3768 4592 dicit

2120 4646 2171 4700 ei
2201 4661 2214 4699 :
2239 4645 2350 4699 Cur
2373 4643 2550 4716 igitur
2589 4641 2721 4696 illos
2751 4640 2923 4694 deﬂes
2952 4638 2978 4691 ‘?
3008 4636 3241 4692 Utinam
3266 4633 3508 4688 deﬂeres
3531 4630 3768 4700 peccata

2121 4740 2243 4790 tua.
2278 4734 2407 4789 Dico
2441 4733 2596 4788 enim
2632 4730 2754 4796 tibi,
2787 4728 3014 4793 mulier,
3047 4726 3197 4798 quod
3241 4720 3525 4794 quomodo
3559 4721 3768 4771 natura

2124 4824 2377 4879 hominis
2408 4821 2584 4892 exigit
2629 4821 2849 4885 cibum,
2883 4823 2940 4872 et
2973 4815 3093 4870 fieri
3137 4830 3249 4868 non
3291 4813 3499 4882 potest,
3540 4811 3604 4861 ut
3646 4821 3762 4860 non

2130 4915 2295 4968 detur
2335 4913 2406 4968 ad
2457 4909 2900 4974 comedendum,
2935 4907 3014 4960 ita
3063 4903 3239 4957 etiam
3268 4899 3428 4972 pueri
3462 4897 3521 4950 in
3545 4895 3643 4950 illo
3676 4894 3770 4948 die

370 4975 628 5068 gressus,
687 4999 864 5069 coepit
921 4999 1175 5055 clamare
1233 5001 1289 5054 in
1350 5017 1584 5058 uxorem
1637 5019 1829 5071 suam,
1863 4975 2089 5074 quodC
2129 5006 2376 5074 poscunt
2423 5019 2454 5054 a
2507 4999 2734 5053 Christo
2795 4998 2945 5052 bona
2989 4996 3205 5058 futura,
3261 4989 3566 5044 dicentes:
3607 4983 3773 5074 Juste

369 5086 617 5141 multum
653 5086 954 5143 dormiret.
991 5088 1096 5143 Illa
1154 5095 1348 5144 autem
1409 5093 1553 5146 dixit
1589 5109 1601 5146 :
1637 5092 1758 5148 Noli
1818 5093 2011 5160 irasci,

365 5177 595 5231 domine
628 5176 725 5241 mi,
764 5177 922 5248 pueri
982 5178 1140 5233 enim
1192 5187 1327 5234 sunt
1365 5181 1598 5236 infirma
1637 5182 1964 5238 valetudine
1996 5199 2009 5238 :

368 5268 425 5318 et
473 5279 601 5319 cum
661 5266 974 5336 tetigisset,
1035 5266 1253 5323 invenit
1304 5285 1400 5324 eos
1450 5272 1632 5326 teneri
1676 5288 1708 5324 a
1738 5271 1914 5338 febre,
1955 5275 2014 5326 et

365 5352 511 5408 dicit
557 5355 865 5423 suspirans
901 5356 1064 5412 :Fiat
1093 5356 1361 5413 voluntas
1401 5358 1502 5414 Dei
1538 5375 1550 5412 :
1584 5364 1640 5414 et
1698 5359 1799 5414 ivit
1854 5367 2014 5415 extra

364 5440 681 5511 civitatem,
722 5444 790 5498 ad
838 5445 1194 5514 precandum
1240 5450 1508 5502 sanctum
1548 5446 2011 5504 Julianum.lllic

361 5530 516 5588 enim
566 5531 839 5602 jacebant
898 5535 1025 5606 ejus
1084 5541 1378 5608 parentes.
1461 5535 1590 5592 Fuit
1648 5541 1842 5594 autem
1892 5537 2013 5594 illic

433 5683 455 5720 ί
488 5683 597 5744 Job
626 5702 663 5757 ι,
684 5683 777 5742 21.

2123 5073 2331 5159 Judex,
2377 5088 2616 5160 privasti
2668 5103 2771 5142 nos
2804 5087 2976 5140 rebus
3021 5081 3290 5146 terrenis,
3324 5095 3396 5133 ne
3447 5092 3551 5130 nos
3590 5073 3768 5128 etiam

2127 5182 2314 5251 prives
2366 5178 2716 5234 ccelestibus.
2764 5175 2868 5230 Illa
2917 5177 3109 5227 autem
3150 5186 3281 5226 cum
3315 5165 3648 5229 audivisset,
3682 5164 3770 5217 est

2125 5273 2498 5339 compuncta,
2530 5271 2586 5322 et
2608 5263 3090 5320 mutavitluctum
3118 5261 3174 5315 in
3207 5257 3510 5331 gaudium,
3534 5255 3764 5309 dicens:

2124 5360 2176 5413 Si
2212 5374 2347 5429 ergo
2379 5356 2578 5412 vivunt
2609 5354 2712 5408 filii
2745 5353 2858 5408 mei
2891 5351 2948 5405 in
2983 5349 3143 5415 cmlo,
3177 5348 3316 5419 quid
3350 5347 3455 5402 ﬂeo
3483 5345 3510 5398 ‘i
3542 5347 3598 5399 et
3628 5358 3767 5398 con-

2123 5464 2310 5514 versa,
2355 5445 2584 5518 quaesiit
2636 5443 2905 5499 abbatem
2947 5439 3043 5510 qui
3079 5437 3128 5493 ei
3184 5438 3370 5492 fuerat
3426 5434 3678 5500 locutus,
3713 5435 3771 5487 et

2123 5553 2255 5595 cum
2287 5540 2476 5593 totum
2512 5535 2702 5590 locum
2733 5530 2990 5598 obiisset,
3017 5544 3132 5584 non
3155 5525 3394 5583 invenit.
3422 5523 3771 5584 Etsciscita-
