4106 6200
344 303 488 367 1051

1686 311 1964 372 MENSIS
2010 311 2388 374 OCTOBER.

3583 321 3747 381 1052

338 478 435 527 tur
491 491 523 528 a
565 474 835 544 janitore,
885 476 1086 532 dicens
1141 491 1154 528 :
1207 474 1312 530 Ubi
1361 478 1446 530 est
1494 474 1695 540 abbas,
1747 476 1848 546 qui
1895 479 1983 530 est
2013 475 2342 539 Ainvicem
2390 477 2748 534 salutassent
2789 483 2845 535 et
2889 481 3174 551 complexi
3204 481 3468 550 fuissent,
3505 484 3751 540 fuerunt

340 563 510 617 modo
541 562 655 618 huc
688 563 1034 635 ingressus?
1062 564 1200 618 Dicit
1232 563 1280 619 ei
1303 564 1523 633 janitor
1549 563 1755 618 :Vides
1780 579 1982 619 omnes

331 657 547 726 januas
573 658 892 726 obseratas,
927 671 979 713 at
1003 660 1148 713 dicis
1183 675 1195 712 :
1233 659 1338 712 Ubi
1371 663 1454 713 est
1475 659 1653 713 abbas
1687 658 1781 728 qui
1815 659 1982 713 modo

338 752 427 801 est
458 747 568 801 huc
617 748 917 818 ingressus
947 751 975 802 ‘?
1008 749 1140 803 Eam
1193 754 1383 803 autem
1416 749 1626 803 erudiit
1659 765 1987 818 paramona-

339 834 483 900 rius,
528 841 594 890 ut
652 837 746 906 qui
809 839 1069 894 scivisset
1129 855 1254 893 eam
1297 838 1509 893 vidisse
1540 838 1844 894 visionem.
1880 837 1984 891 Illa

337 938 493 990 vero,
531 931 683 977 metu
737 935 1015 995 correpta,
1057 928 1280 996 rogavit
1334 931 1397 980 ut
1429 926 1614 980 abiret
1644 926 1700 979 in
1752 927 1984 981 domum

342 1027 526 1066 suam.
571 1012 709 1067 Eam
762 1031 893 1069 vero
937 1015 1149 1084 accepit
1200 1016 1439 1083 janitor,
1483 1019 1538 1069 et
1571 1015 1895 1070 introduxit
1926 1013 1984 1068 in

341 1101 576 1157 domum
635 1119 822 1170 suam,
884 1109 939 1160 et
999 1110 1251 1160 narrawt
1321 1105 1528 1160 marito
1585 1121 1691 1160 suo
1750 1121 1816 1159 ea
1865 1119 1988 1174 quae

341 1191 582 1245 viderat.

412 1279 504 1334 IV.
553 1282 718 1337 Tunc
785 1283 928 1338 dicit
974 1284 1024 1338 ei
1094 1285 1262 1340 beata
1319 1283 1694 1339 Athanasia:
1748 1284 1985 1352 Revera,

343 1369 599 1436 domine,
660 1372 836 1427 etiam
894 1373 1225 1428 viventibus
1276 1373 1412 1428 filiis
1461 1372 1614 1428 volui
1673 1373 1883 1440 dicere,
1934 1375 1990 1428 et

342 1458 571 1512 erubui.
608 1459 748 1515 Ecce
779 1477 911 1532 ergo
964 1463 1140 1517 etiam
1180 1467 1308 1533 post
1352 1467 1594 1519 mortem
1628 1479 1828 1516 eorum
1861 1461 1987 1517 dico

346 1545 469 1601 tibi.
531 1549 586 1601 Si
622 1565 713 1603 me
745 1550 970 1617 audias,
1007 1551 1282 1621 conjicies
1333 1568 1421 1606 me
1453 1551 1510 1605 in
1548 1550 1985 1616 monasterium,

346 1642 404 1692 et
434 1638 655 1694 deflebo
716 1646 950 1710 peccata
1002 1659 1144 1697 mea.
1180 1645 1248 1696 Et
1297 1643 1436 1697 dicit
1483 1643 1580 1697 ei:
1629 1642 1758 1710 Abi,
1812 1641 1992 1712 proba

342 1729 504 1780 tuam
534 1730 944 1800 cogitationem
976 1749 1091 1786 una
1123 1731 1512 1799 hebdomade,
1545 1736 1601 1786 et
1633 1732 1682 1786 si
1723 1747 1991 1802 perman-

345 1817 490 1870 seris
523 1817 581 1872 in
617 1819 720 1873 hoc
754 1822 1072 1892 proposito,
1111 1821 1437 1893 loquemur.
1474 1822 1579 1877 Illa
1626 1830 1814 1877 autem
1857 1836 1989 1876 cum
2025 1845 2078 1910 B

349 1923 550 1960 rursus
583 1909 851 1975 venisset,
888 1910 1038 1964 idem
1091 1911 1252 1965 dixit.
1297 1913 1509 1966 Beatus
1542 1927 1673 1966 vero
1704 1910 1992 1964 Androni-

352 2009 452 2048 cus
474 1996 715 2050 accersit
745 2014 1011 2052 socerum
1039 2016 1234 2066 suum,
1265 2005 1317 2054 et
1349 2000 1398 2054 ei
1433 2000 1608 2053 tradit
1629 2013 1833 2054 omnes
1867 2013 2003 2052 suas

353 2082 679 2152 facultates,
739 2086 937 2142 dicens
974 2105 985 2141 :
1022 2089 1104 2142 Ad
1142 2096 1342 2143 sancta
1401 2088 1520 2143 loca
1580 2087 2004 2159 proficiscimur

354 2175 425 2227 ad
457 2177 764 2229 orandum.
794 2177 846 2230 Si
882 2178 1016 2246 quid
1051 2194 1185 2249 ergo
1220 2179 1385 2234 nobis
1418 2179 1691 2234 acciderit
1729 2177 2002 2233 humani-

359 2269 469 2329 tus,
507 2263 742 2317 habebis
793 2265 899 2319 has
947 2266 1272 2332 facultates,
1317 2273 1381 2322 ut
1411 2268 1482 2322 de
1513 2268 1594 2322 eis
1625 2267 1802 2322 facias
1846 2269 1998 2336 quod

358 2349 464 2404 tibi
497 2349 796 2406 videbitur.
832 2354 988 2424 Rogo
1022 2371 1156 2426 ergo
1187 2361 1262 2422 te,
1289 2365 1348 2410 ut
1380 2361 1531 2412 recte
1565 2373 1704 2428 agas
1736 2373 1869 2411 cum
1901 2361 2000 2412 tua

359 2440 575 2508 anima,
610 2445 665 2496 et
721 2458 786 2496 ex
825 2444 911 2514 iis,
963 2461 1089 2516 qua
1124 2446 1215 2501 hic
1246 2453 1403 2515 sunt,
1449 2448 1535 2502 fac
1591 2448 1998 2503 nosocomium

359 2534 414 2584 et
435 2532 857 2588 xenodochium
881 2537 1302 2592 monachorum
1324 2545 1404 2593 :et
1419 2554 1591 2593 manu
1606 2539 1800 2594 missis
1815 2539 1999 2594 servis

358 2620 502 2687 suis,
546 2622 706 2677 dedit
761 2625 842 2678 eis
918 2624 1129 2697 legata,
1165 2635 1218 2682 et
1267 2632 1501 2699 accepta
1541 2645 1715 2698 parva
1774 2628 1997 2682 benedi-

360 2709 542 2764 ctione
583 2718 635 2765 et
686 2712 915 2768 duobus
963 2717 1150 2786 equis,
1203 2717 1339 2771 exiit
1388 2723 1560 2773 noctu
1619 2734 1688 2772 ex
1745 2717 1998 2785 civitate,

360 2797 484 2868 ipse
541 2804 596 2854 et
637 2817 775 2856 uxor
823 2804 950 2872 ejus
1008 2805 1136 2859 soli.
1202 2806 1371 2860 Beata
1429 2814 1620 2861 autem
1679 2806 2001 2861 Athanasia

361 2889 593 2944 eminus
642 2891 788 2946 vidit
833 2894 1068 2948 domum
1120 2911 1308 2959 suam,
1336 2899 1391 2948 et
1430 2911 1665 2950 sursum
1711 2895 2002 2963 aspiciens

363 2977 422 3032 in
482 2978 690 3033 caelum
754 2981 940 3034 dixit:
994 2982 1166 3048 Deus,
1226 2984 1326 3055 qui
1377 2984 1571 3038 dixisti
1649 2982 1893 3038 Abrahae
1948 2986 2003 3038 et

365 3069 514 3123 Sara
547 3071 567 3102 ²
602 3086 614 3123 :
657 3092 677 3119 ι
714 3071 993 3139 Egredere
1042 3077 1257 3128 eterra
1312 3079 1434 3141 tua,
1475 3081 1528 3129 et
1576 3091 1605 3129 e
1661 3073 2003 3146 cognatione

366 3160 466 3210 tua
500 3174 513 3210 :
550 3165 603 3210 et
656 3159 780 3212 veni
832 3161 887 3214 in
941 3169 1172 3227 terram,
1209 3179 1382 3233 quam
1433 3164 1739 3219 ostendam
1785 3163 1928 3231 tibi;
1973 3186 2002 3213 ››

2096 565 2362 634 separati.
2426 566 2551 636 Ipse
2609 575 2798 622 autem
2861 570 3160 624 descendit
3217 572 3285 625 ad
3340 575 3562 627 Scetem
3612 591 3624 626 :
3693 579 3753 627 et

2096 667 2228 706 cum
2289 653 2590 709 adorasset
2647 662 2881 711 sanctos
2915 656 3118 712 Patres
3168 660 3220 712 in
3278 660 3482 726 Laura,
3519 661 3752 714 audivit

2096 741 2165 794 de
2198 742 2405 799 abbate
2437 743 2669 799 Daniele
2695 763 2707 813 ;
2733 755 2782 800 et
2818 762 2952 800 cum
2987 763 3051 801 eo
3085 749 3442 816 accessisset,
3477 768 3587 806 non
3626 752 3753 805 sine

2098 847 2308 900 magna
2362 833 2704 889 difﬁcultate
2761 851 2892 890 eum
2954 837 3136 906 potuit
3196 841 3553 893 convenire:
3617 840 3751 893 seni

2094 935 2227 976 vero
2267 922 2460 976 omnia
2499 923 2779 993 exposuit.
2835 925 2979 979 Dicit
3026 931 3216 981 autem
3269 929 3316 981 ei
3354 946 3523 982 senex
3560 947 3571 982 :
3608 930 3748 996 Abi,

2097 1014 2153 1062 et
2186 1011 2375 1064 adduc
2409 1029 2641 1066 uxorem
2681 1021 2860 1079 luam,
2890 1019 2946 1069 et
2998 1016 3203 1070 faciam
3253 1017 3356 1070 tibi
3409 1018 3647 1083 litteras,
3692 1023 3752 1071 ct

2099 1101 2351 1170 depones
2410 1118 2532 1155 eam
2593 1103 2648 1156 in
2682 1103 2976 1158 Thebaide
3017 1105 3072 1157 in
3133 1108 3481 1161 monasterio
3511 1108 3752 1161 Tahen-

2101 1191 2477 1244 nesiotarum.
2520 1191 2886 1247 Andronicus
2919 1199 3109 1248 autem
3148 1195 3302 1261 fecit,
3337 1197 3487 1249 sicut
3519 1198 3756 1252 dixerat

2099 1277 2145 1332 ei
2196 1294 2389 1346 senex,
2447 1283 2502 1334 et
2554 1279 2788 1347 absens,
2846 1282 3012 1337 duxit
3072 1298 3196 1338 eam
3257 1285 3325 1338 ad
3376 1301 3594 1340 senem.
3639 1286 3756 1349 Qui

2101 1364 2326 1423 locutus
2374 1376 2460 1423 est
2508 1369 2591 1423 eis
2642 1371 2886 1425 verbum
2929 1371 3137 1425 salutis
3174 1388 3185 1424 :
3220 1376 3274 1427 et
3307 1373 3470 1428 lactis
3512 1373 3752 1438 litteris,

2101 1457 2263 1510 misit
2311 1473 2408 1512 eos
2457 1459 2525 1512 ad
2573 1459 2990 1514 monasterium
3026 1459 3601 1516 Tabennesiotarum.
3649 1465 3758 1518 Be-

2099 1562 2262 1601 verso
2321 1563 2450 1602 vero
2505 1547 2855 1614 Andronico,
2913 1549 3070 1603 dedit
3128 1566 3301 1604 senex
3361 1551 3650 1618 habitum,
3700 1556 3762 1606 et

2102 1635 2300 1690 docuit
2350 1653 2479 1707 qua;
2531 1637 2599 1690 ad
2644 1641 2856 1690 statum
2909 1637 3202 1707 pertinent
3239 1641 3655 1706 monasticum,
3695 1648 3761 1697 et

2104 1726 2320 1780 mansit
2354 1727 2508 1796 apud
2541 1743 2673 1780 eum
2707 1742 2890 1781 annos
2923 1727 3246 1782 duodecim.

2177 1814 2262 1868 VI.
2300 1818 2430 1870 Post
2488 1817 2796 1874 duodecim
2825 1829 3018 1876 autem
3058 1838 3239 1876 annos
3273 1818 3495 1890 rogavit
3525 1835 3760 1886 senem.

2110 1906 2174 1956 ut
2217 1920 2277 1958 se
2326 1904 2647 1961 dimitteret
2689 1909 2758 1962 ad
2817 1914 3017 1964 sancta
3057 1909 3202 1965 loca.
3256 1909 3354 1965 Ille
3415 1925 3544 1964 vero
3608 1909 3763 1962 bene

2110 1997 2380 2061 precatus
2436 2011 2567 2049 eum
2612 1996 2852 2052 dimisit.
2889 1999 3075 2054 Ahbas
3135 2004 3328 2054 autem
3382 1997 3762 2053 Andronicus

2110 2082 2220 2135 iter
2253 2083 2466 2138 faciens
2529 2100 2626 2155 per
2695 2087 3021 2158 Egyptum,
3075 2089 3224 2143 sedit
3275 2090 3381 2142 sub
3436 2087 3624 2158 spina,
3690 2091 3762 2140 ut

2108 2171 2363 2226 animam
2424 2181 2709 2230 recrearet
2753 2178 2822 2230 ab
2878 2185 3032 2232 testu.
3080 2179 3224 2233 Ecce
3274 2182 3463 2232 autem
3531 2193 3597 2230 ex
3658 2177 3764 2231 Dci

2109 2261 2547 2331 dispensatione
2579 2265 2815 2320 veniens
2868 2266 2925 2320 in
2977 2265 3178 2320 habitu
3229 2266 3376 2320 virili
3418 2266 3543 2334 ejus
3584 2281 3758 2332 uxor,

2109 2367 2238 2423 qua:
2268 2350 2396 2421 ipsa
2427 2369 2656 2423 quoque
2714 2355 2834 2409 ibat
2883 2356 2952 2410 ad
2987 2361 3188 2410 sancta
3219 2355 3362 2410 loca.
3399 2355 3659 2424 Cumque
3691 2370 3761 2409 se

2107 2441 2354 2496 invicem
2389 2442 2762 2508 salutassent,
2806 2445 3078 2516 cognovit
3109 2445 3377 2501 columba
3416 2445 3758 2514 conjugem.

2107 2532 2236 2600 Ipse
2292 2547 2421 2586 vero
2464 2535 2754 2602 quomodo
2800 2536 3084 2604 potuisset
3135 2549 3483 2605 cognoscere
3541 2532 3750 2600 talem,

2107 2636 2232 2690 quae
2258 2629 2641 2687 emarcuerat,
2667 2622 3185 2692 pulchritudinem,
3209 2627 3265 2678 et
3287 2639 3411 2694 qua:
3435 2623 3758 2677 videbatur

2108 2715 2172 2764 ut
2225 2711 2490 2781 Ethiops
2519 2710 2545 2764 i’
2599 2712 2744 2766 Dicit
2792 2729 2924 2783 ergo
2984 2713 3074 2768 ei:
3126 2716 3248 2777 Quo
3279 2713 3463 2777 vadis,
3509 2712 3754 2767 domine

2109 2799 2302 2854 abba?
2350 2800 2451 2854 Ille
2501 2816 2634 2855 vero
2679 2800 2947 2856 dicitei:
3009 2801 3098 2856 Ad
3156 2808 3355 2857 sancta
3413 2801 3557 2856 loca.
3623 2802 3761 2870 Ipsa

2110 2894 2301 2944 autem
2336 2889 2476 2944 dicit
2524 2889 2573 2946 ei
2609 2907 2621 2944 :
2682 2890 2799 2960 Ego
2859 2906 3092 2962 quoque
3146 2890 3273 2946 volo
3304 2889 3443 2946 illuc
3483 2890 3584 2946 ire.
3625 2892 3765 2960 Ipsa

2109 2995 2242 3046 ergo
2295 2995 2499 3034 rursus
2546 2978 2684 3034 dicit
2715 2980 2763 3034 ei
2792 2996 2804 3034 :
2839 2979 2900 3034 Si
2925 2980 3089 3045 velis,
3112 2997 3317 3036 eamus
3349 2979 3516 3035 ambo
3550 2978 3760 3035 simul.

2110 3068 2218 3122 Sed
2255 3072 2532 3138 tanquam
2558 3085 2670 3124 non
2704 3068 2881 3123 simul
2914 3069 3122 3137 simus,
3151 3070 3551 3140 ingrediamur
3575 3068 3769 3123 silen-

2115 3158 2214 3214 tio.
2253 3158 2397 3213 Dicit
2445 3159 2846 3214 Andronicus:
2881 3158 2947 3213 Ut
2971 3159 3167 3228 jubes.
3203 3158 3416 3213 Deinde
3465 3159 3588 3229 ipsa
3619 3157 3774 3213 dicit

369 3245 491 3314 ipse
553 3262 708 3301 nunc
769 3263 999 3319 quoque
1054 3251 1237 3305 deduc
1289 3267 1394 3306 nos
1425 3251 1483 3307 in
1517 3252 1779 3308 timorem
1814 3255 2001 3308 tuum.
2033 3225 2083 3293 (ἶ
2117 3247 2205 3303 ei:
2267 3250 2387 3303 Non
2447 3265 2509 3302 es
2560 3264 2757 3302 revera
2816 3248 3141 3319 discipulus
3180 3248 3408 3303 abbatis
3457 3247 3777 3302 Danielis?

366 3335 509 3389 Ecce
541 3336 692 3390 enim
727 3337 1114 3408 relinquimus
1162 3341 1397 3395 domum
1435 3346 1696 3396 nostram
1749 3350 2007 3413 apertam

369 3427 604 3493 propter
625 3441 836 3479 nomen
870 3434 1030 3481 tuum
1068 3444 1080 3483 :
1118 3445 1186 3482 ne
1220 3433 1353 3482 ante
1386 3446 1488 3484 nos
1519 3429 1755 3484 claudas
1789 3428 2007 3484 ostium

368 3513 533 3583 regni
567 3514 650 3567 tui
686 3531 699 3579 ;
740 3521 793 3568 et
844 3515 1046 3571 ﬂentes
1102 3518 1271 3573 ambo
1315 3518 1583 3573 abierunt
1623 3535 1636 3585 ;
1669 3527 1721 3574 et
1754 3535 1887 3573 cum
1938 3517 2009 3572 ad

368 3607 572 3657 sancta
654 3603 779 3658 loca
855 3607 1265 3674 pervenissent,
1328 3609 1640 3664 adorarunt
1689 3624 1702 3665 :
1751 3613 1809 3663 et
1879 3623 2012 3664 cum

366 3691 577 3747 multos
634 3697 831 3748 Patres
877 3697 1306 3764 convenissent,
1338 3699 1582 3753 veniunt
1621 3699 1690 3752 ad
1743 3705 2008 3753 sanctum

369 3781 596 3837 Menam
629 3782 1008 3850 Alexandriae,
1043 3792 1096 3840 et
1123 3787 1395 3842 fruuntur
1427 3794 1694 3859 martyre.

441 3871 507 3926 V.
541 3871 701 3926 Circa
744 3873 945 3928 horam
988 3879 1182 3930 autem
1230 3893 1440 3932 nonam
1474 3877 1686 3948 aspicit
1734 3877 2012 3933 Androni-

371 3974 496 4026 cus,
526 3963 582 4015 et
629 3961 785 4017 videt
816 3963 1165 4019 monachum
1198 3966 1652 4021 contendentem
1702 3981 1833 4020 cum
1864 3964 2010 4021 laico

369 4053 424 4103 et
472 4050 523 4105 ei
581 4051 912 4108 dicentem:
955 4054 1072 4108 Cur
1116 4053 1386 4110 abbatem
1446 4055 1658 4124 injuria
1691 4055 1924 4111 afﬁcis?
1956 4056 2011 4110 Is

369 4153 502 4193 vero
535 4139 584 4194 ei
610 4141 838 4196 dicebat
871 4158 883 4197 :
923 4143 1182 4210 Domine,
1217 4142 1398 4199 locavi
1440 4143 1681 4199 bestiam
1715 4160 1904 4199 meam
1938 4145 2009 4199 ad

370 4229 614 4284 Scetem.
649 4232 766 4301 Ego
822 4247 954 4288 vero
986 4232 1037 4288 ei
1091 4233 1219 4290 dico
1248 4249 1261 4289 :
1305 4235 1519 4290 Eamus
1544 4235 1692 4305 jam,
1724 4238 1787 4290 ut
1826 4238 2010 4290 totam

371 4323 599 4373 noctem
660 4322 1050 4391 ambulemus;
1079 4328 1135 4378 et
1182 4339 1311 4381 cras
1355 4340 1541 4395 usque
1572 4327 1640 4380 ad
1669 4328 1915 4395 sextam,
1950 4328 2012 4380 ut

371 4409 778 4477 perveniamus
811 4421 939 4467 ante
979 4417 1183 4469 estum
1217 4413 1331 4469 diei
1367 4429 1379 4468 :
1419 4421 1473 4470 et
1503 4431 1616 4470 non
1648 4416 1774 4470 vult
1805 4419 1869 4470 ut
1892 4415 2013 4484 jam

369 4511 586 4553 eamus.
644 4499 790 4554 Dicit
848 4502 896 4556 ei
954 4502 1228 4557 dominus
1284 4503 1692 4560 Andronicus:
1751 4504 2015 4559 Habesne

2120 3343 2250 3408 Ipse
2309 3352 2441 3392 vero
2500 3337 2644 3392 dicit
2672 3337 2762 3394 ei:
2817 3337 3084 3393 Maxime.
3146 3337 3294 3392 Dicit
3348 3336 3521 3408 ipsa:
3565 3336 3774 3391 Preces

2121 3427 2275 3483 senis
2308 3443 2410 3481 nos
2444 3426 2902 3481 comitabuntur.
2939 3427 3084 3481 Dicit
3115 3426 3521 3481 Andronicus:
3554 3428 3772 3481 Amen.

2121 3517 2260 3573 Cum
2319 3520 2514 3570 autem
2575 3516 2752 3571 simul
2817 3516 3062 3587 ingressi
3094 3520 3308 3581 essent,
3343 3523 3396 3570 et
3426 3515 3776 3571 adorassent

2121 3609 2322 3660 sancta
2352 3605 2499 3670 loca,
2536 3605 2744 3660 reversi
2779 3611 2915 3660 sunt
2937 3605 3366 3661 Alexandriam.
3403 3604 3550 3659 Dicit
3580 3603 3776 3658 abbas

2121 3694 2481 3749 Athanasius
2500 3694 2693 3749 abbati
2717 3694 3046 3749 Andronico
3073 3711 3085 3747 :
3113 3694 3204 3748 Vis
3227 3709 3566 3748 maneamus
3585 3692 3776 3747 simul

2123 3785 2178 3839 in
2214 3784 2356 3839 cella
2385 3784 2411 3837 ?
2441 3783 2588 3838 Dicit
2620 3784 2991 3838 Andronicus
3025 3800 3038 3840 :
3081 3783 3261 3850 Certe,
3298 3786 3362 3838 ut
3395 3782 3589 3852 jubes.
3624 3781 3776 3836 Volo

2123 3879 2319 3929 autem
2353 3873 2605 3944 primum
2640 3873 2743 3938 ire,
2785 3879 2842 3927 et
2871 3872 3130 3942 accipere
3177 3887 3374 3943 preces
3406 3871 3576 3926 senis.
3617 3870 3778 3925 Dicit

2121 3965 2172 4019 ei
2207 3963 2387 4019 abbas
2419 3963 2771 4017 Athanasius
2803 3962 3021 4028 :Vade,
3051 3966 3108 4016 et
3145 3961 3487 4032 exspectabo
3528 3964 3584 4015 te
3611 3960 3774 4030 apud

2122 4053 2408 4109 Octavum
2463 4051 2752 4106 decimum
2790 4066 2801 4103 :
2837 4054 2893 4106 et
2939 4051 2987 4104 si
3020 4050 3238 4115 venias,
3273 4049 3424 4105 sicut
3475 4050 3587 4104 iter
3617 4047 3773 4102 feci-

2124 4160 2276 4209 mus,
2311 4141 2679 4196 manebimus
2713 4139 2966 4195 silentio.
3003 4139 3143 4194 Nam
3179 4139 3228 4194 si
3262 4144 3314 4194 te
3346 4155 3461 4194 non
3496 4138 3661 4207 ferat,
3700 4153 3774 4193 ne

2121 4232 2371 4288 veneris.
2431 4232 2547 4302 Ego
2599 4229 2753 4285 enim
2786 4233 2844 4284 te
2901 4231 3244 4300 exspectabo
3285 4229 3437 4299 apud
3465 4227 3776 4284 Decimum

2122 4329 2412 4379 octavum.
2445 4321 2544 4375 Ille
2576 4324 2766 4375 autem
2801 4318 3108 4388 profectus,
3143 4317 3420 4373 salutavit
3448 4332 3669 4382 senem,
3716 4321 3778 4371 et

2124 4413 2194 4466 de
2233 4427 2298 4467 eo
2331 4411 2442 4482 ipsi
2494 4407 2858 4464 renuntiavit.
2891 4408 3079 4464 Senex
3110 4424 3245 4463 vero
3276 4407 3418 4462 dicit
3449 4407 3500 4462 ei
3539 4423 3550 4462 :
3587 4407 3772 4473 Vade,

2123 4507 2182 4558 et
2214 4501 2390 4572 dilige
2438 4499 2757 4566 silentium,
2788 4502 2846 4554 et
2891 4513 3061 4553 mane
3093 4511 3224 4552 cum
3256 4497 3454 4564 fratre,
3487 4501 3574 4551 est
3607 4497 3771 4550 enim

371 4585 600 4657 aliquod
636 4588 790 4644 aliud
825 4591 1037 4645 animal
1062 4591 1088 4644 ‘?
1110 4591 1165 4646 Is
1187 4607 1319 4646 vero
1344 4592 1525 4648 dicit:
1561 4592 1826 4648 Maxime.
1866 4592 2016 4647 Dixit
2045 4596 2102 4661 D
2128 4591 2474 4657 monachus,
2499 4593 2561 4642 ut
2592 4603 2719 4642 esse
2749 4591 2990 4657 oportet.
3020 4589 3094 4641 Eo
3127 4589 3316 4641 autem
3351 4601 3596 4650 reverso,
3630 4599 3772 4638 cum

367 4684 564 4735 autem
600 4680 711 4751 ipsi
749 4698 759 4734 :
798 4682 969 4749 Vade,
1005 4684 1117 4737 duc
1150 4682 1289 4738 illud
1323 4685 1393 4738 ad
1428 4701 1540 4752 me,
1574 4692 1629 4740 et
1657 4684 1806 4749 veni,
1842 4689 1896 4738 et
1926 4700 2013 4738 ac-

367 4770 580 4840 cipiam
611 4787 716 4842 ego
741 4787 924 4826 unum
948 4772 1186 4839 animal,
1211 4781 1262 4828 et
1285 4774 1461 4828 abbas
1498 4790 1697 4842 unum,
1734 4774 2009 4844 quoniam

369 4874 473 4930 ego
523 4875 755 4931 quoque
789 4861 917 4916 volo
945 4861 1026 4916 ire
1071 4864 1138 4916 ad
1179 4863 1422 4918 Scetem.
1477 4863 1839 4919 Andronicus
1882 4881 2009 4919 vero

369 4949 508 5005 dicit
554 4951 716 5006 uxori
750 4966 888 5006 suae.
921 4951 1086 5007 Mane
1131 4951 1224 5007 hic
1265 4954 1416 5023 apud
1450 4957 1716 5008 sanctum
1761 4952 2007 5020 Menam,

363 5040 545 5096 donec
591 5041 943 5097 descendam
993 5041 1050 5096 in
1101 5041 1344 5109 Scetem,
1379 5048 1432 5097 et
1463 5043 1742 5113 accipiam
1775 5042 2007 5098 benedi-

364 5130 613 5186 ctionem
644 5150 674 5186 a
706 5133 998 5196 Patrihus,
1020 5137 1075 5186 et
1105 5136 1372 5187 revertar.
1403 5131 1546 5188 Dicit
1575 5132 1624 5187 ei
1659 5149 1801 5187 uxor
1830 5133 1956 5204 ejus
1988 5149 2003 5188 :

364 5219 567 5291 Accipe
615 5239 705 5276 me
753 5226 966 5277 tecum.
1005 5221 1102 5276 Ille
1158 5238 1290 5276 vero
1337 5221 1474 5276 dicit
1524 5223 1574 5277 ei
1610 5238 1621 5276 :
1651 5222 1855 5277 Mulier
1889 5241 2000 5279 non

361 5305 683 5378 ingreditur
705 5311 759 5364 in
788 5313 1027 5367 Scetem.
1064 5311 1169 5366 Illa
1201 5314 1393 5366 autem
1428 5311 1568 5366 dicit
1591 5311 1638 5367 ei
1664 5328 1797 5366 cum
1823 5312 1998 5367 fletu:

362 5396 612 5450 Habebis
644 5416 731 5453 me
757 5402 905 5470 apud
940 5404 1210 5456 sanctum
1245 5401 1490 5467 Menam,
1524 5400 1572 5455 si
1623 5401 1996 5465 remanseris,

361 5491 418 5542 et
464 5503 557 5542 me
606 5505 717 5545 non
765 5491 1062 5547 collocaris
1120 5493 1176 5548 in
1221 5492 1593 5548 monasterio.
1628 5492 1888 5563 Cumque
1937 5507 1999 5548 se

430 5669 451 5703 ³
483 5669 623 5726 Gen.
655 5684 757 5736 xu,
795 5673 845 5726 1.

2123 4678 2440 4733 invenisset
2472 4676 2739 4731 abbatem
2761 4674 3165 4738 Athanasium,
3198 4675 3535 4727 manserunt
3564 4668 3770 4733 simul,

2123 4770 2327 4824 timore
2376 4767 2478 4822 Dei
2520 4764 2752 4830 muniti,
2787 4763 2930 4818 alios
2963 4763 3265 4818 duodecim
3300 4779 3482 4815 annos
3518 4778 3530 4813 :
3563 4767 3619 4814 et
3651 4775 3774 4814 non

2120 4857 2387 4930 cognovit
2446 4856 2624 4911 abbas
2675 4854 3045 4909 Andronicus
3075 4868 3204 4908 eam
3239 4867 3367 4908 esse
3415 4867 3584 4906 suam
3635 4865 3776 4905 con-

2114 4950 2334 5020 iugem.

2191 5039 2312 5093 VII.
2338 5037 2498 5108 Saepe
2527 5050 2661 5106 ergo
2711 5033 3059 5090 ascendebat
3089 5047 3264 5086 senex
3297 5030 3370 5085 ad
3403 5046 3499 5086 eos
3523 5028 3766 5084 visitan-

2117 5127 2240 5190 dos,
2276 5143 2342 5182 ea
2373 5126 2490 5181 illis
2530 5125 2843 5188 disserens,
2874 5139 2998 5193 quae
3033 5121 3401 5192 pertinebant
3434 5118 3504 5172 ad
3539 5117 3766 5172 utilita-

2114 5222 2251 5274 tem.
2301 5215 2489 5272 Semel
2550 5219 2740 5268 autem
2775 5229 2906 5268 cum
2958 5210 3318 5267 ascendisset
3349 5225 3542 5273 senex,
3575 5211 3630 5261 et
3662 5222 3771 5261 eos

2111 5305 2613 5376 valerejussisset,
2637 5308 2950 5373 antequam
2974 5300 3080 5355 iret
3111 5300 3180 5355 ad
3214 5302 3480 5354 sanctum
3513 5299 3772 5363 Menam,

2113 5397 2264 5452 venit
2297 5396 2362 5449 ad
2400 5411 2533 5450 eum
2571 5394 2747 5448 abbas
2781 5390 3161 5456 Andronicus,
3195 5392 3252 5444 et
3281 5387 3421 5443 dicit
3451 5388 3500 5441 ei
3528 5402 3541 5441 :
3573 5384 3774 5441 Abbas

2105 5487 2461 5544 Athanasius
2521 5484 2685 5538 vadit
2753 5483 2822 5537 ad
2891 5480 3225 5537 Dominum.
3288 5477 3573 5533 Reversus
3631 5491 3774 5535 vero
