4106 6200
384 282 534 342 1055

1725 281 2004 343 MENSIS
2045 279 2425 342 OCTOBER.

3626 282 3795 344 1056

382 440 590 513 patria,
619 455 829 511 nempe
857 439 1213 509 Nicomedia,
1233 443 1293 496 et
1322 443 1447 496 erat
1476 444 1721 497 ornatus
1742 441 2019 512 operibus

2136 439 2440 512 ριζόμενος,
2497 444 2596 507 τῆς
2653 440 2755 513 γάρ
2817 436 3169 511 Νικομήδους
3230 440 3463 513 ὁρμᾶται
3523 442 3610 495 καὶ
3671 445 3791 501 τοῖς

381 530 636 601 pietatis,
668 545 799 584 cum
833 529 1012 585 nollet
1032 528 1296 584 habitare
1324 528 1383 583 in
1407 528 1794 586 tabernaculis
1826 545 2029 603 pecca-

380 622 597 687 torum,
620 623 678 674 et
707 618 971 674 divinum
997 618 1211 674 Christi
1236 634 1448 674 nomen
1476 619 1667 676 videre
1700 624 1816 675 tam
1843 621 2033 692 impu-

380 709 580 765 denter
612 707 839 763 irrideri
888 724 951 763 ac
984 708 1337 764 subsannari
1398 726 1516 763 non
1565 710 1869 764 ferendum
1902 726 2031 765 esse

379 805 659 865 censeret,
695 795 894 851 relicta
927 797 1088 853 urbis
1122 798 1496 865 habitatione,
1528 799 1895 870 amplectitur
1943 815 2031 853 so-

377 886 709 941 litudinem.
741 886 806 940 Et
838 902 970 941 cum
1004 886 1135 941 vitas
1169 887 1535 953 abstinentia,
1572 892 1628 943 et
1658 903 1889 944 secessu
1935 886 2024 941 in-

379 980 607 1031 ternum
659 974 958 1031 hominem
1008 984 1405 1047 expurgasset,
1437 976 1559 1032 zelo
1591 976 1743 1032 sicut
1785 992 2029 1048 magnus

381 1065 537 1121 Elias
567 1064 838 1120 refertam
855 1064 1092 1120 omnino
1110 1064 1639 1134 haberetanimam,
1656 1065 1855 1121 relicta
1879 1066 2032 1137 pari-

378 1159 467 1211 ter
488 1153 821 1217 solitudine,
846 1154 1153 1210 descendit
1174 1155 1245 1211 ad
1279 1154 1663 1212 habitandum
1690 1155 1749 1210 in
1780 1155 2025 1211 civitate.

450 1423 519 1480 II.
553 1424 695 1479 Cum
720 1430 912 1479 autem
946 1422 1016 1477 ad
1050 1422 1453 1493 imperatorias
1476 1421 2025 1478 constitutionesin-

380 1513 665 1569 tendisset
684 1514 905 1581 oculos,
929 1530 1055 1585 quae
1083 1529 1265 1584 supra
1286 1518 1482 1584 portas
1507 1513 1840 1584 proscripta:
1863 1517 2029 1569 erant

378 1602 653 1659 omnibus
672 1602 836 1659 valde
854 1602 1052 1658 ridens
1084 1602 1258 1658 talem
1277 1606 1572 1672 conatum,
1598 1602 1701 1657 fuit
1731 1602 1803 1658 ab
1828 1602 2028 1674 impiis

376 1693 771 1765 deprehensus
802 1692 1095 1763 protinus,
1119 1698 1177 1747 et
1206 1692 1403 1748 statim
1434 1692 1664 1749 vinctus
1691 1691 1802 1747 fuit
1831 1693 2025 1763 conje-

376 1786 507 1838 ctus
527 1783 586 1838 in
608 1781 955 1872 custodiam,
983 1786 1266 1854 tanquam
1291 1782 1488 1854 aliqua
1518 1783 1711 1853 prasda
1733 1780 2026 1838 sistendus
2052 1805 2107 1872 B

377 1888 572 1928 coram
597 1872 817 1942 judice.
867 1871 1181 1943 Postquam
1214 1878 1431 1939 autem,
1466 1872 1622 1943 quod
1657 1872 1871 1927 factum
1904 1872 2026 1927 fue-

383 1966 493 2029 rat,
552 1962 808 2019 delatum
871 1961 977 2018 fuit
1010 1962 1080 2017 ad
1130 1978 1301 2017 aures
1344 1960 1821 2034 magistratuum,
1848 1961 2028 2033 jussit

376 2052 559 2121 judex
590 2068 725 2107 eum
758 2050 893 2107 duci
922 2052 993 2106 ad
1035 2050 1313 2105 tribunal.
1347 2050 1417 2105 Et
1447 2051 1711 2121 protinus
1742 2049 2028 2120 sapiciens

380 2140 451 2196 ad
496 2157 629 2197 eum
672 2140 771 2211 qui
816 2141 1029 2196 ductus
1082 2141 1292 2207 fuerat,
1325 2155 1456 2195 cum
1487 2144 1721 2211 propter
1765 2144 2025 2195 teneram

384 2234 615 2286 aatatem
648 2234 942 2302 sperasset
971 2230 1092 2286 fore
1122 2235 1187 2286 ut
1216 2231 1405 2285 virum
1438 2237 1794 2303 expugnaret
1828 2230 2025 2286 fortis-

382 2320 631 2375 simum:
656 2321 932 2385 Quaenam
955 2324 1063 2385 est,
1086 2319 1300 2392 inquit,
1326 2324 1487 2377 tanta
1508 2323 1630 2389 tua,
1646 2320 2025 2391 quaedicitur,

380 2410 656 2479 amentia,
688 2428 816 2482 quas
849 2410 1021 2467 etiam
1072 2424 1250 2482 prope
1280 2410 1471 2467 effecit
1502 2415 1565 2467 ut
1602 2410 1915 2467 deduceret
1955 2409 2024 2465 ad

375 2502 773 2573 asperitatem,
806 2500 915 2558 nisi
969 2502 1097 2573 ipsa
1145 2518 1271 2573 quas
1308 2501 1419 2557 fuit
1457 2506 1769 2573 conspecta
1798 2505 2025 2573 species

375 2592 765 2661 persuasisset
795 2607 917 2647 rem
952 2607 1067 2647 non
1097 2590 1179 2646 ita
1212 2605 1274 2646 se
1307 2590 1519 2648 habere
1550 2609 1564 2647 :
1598 2595 1687 2648 est
1716 2591 1871 2646 enim
1897 2606 2025 2645 om-

376 2679 517 2737 nino
548 2681 826 2747 alienum,
859 2689 911 2737 et
952 2698 1067 2737 non
1102 2684 1585 2752 consentaneum,
1616 2682 1767 2737 hanc
1798 2681 2023 2737 libera-

378 2764 492 2821 lem
526 2767 796 2833 formam,
828 2774 885 2823 et
935 2772 1198 2839 apertum
1242 2768 1636 2824 characterem
1678 2765 2024 2834 nobilitatis,

377 2854 532 2910 facta
564 2858 801 2928 aggredi
836 2862 954 2913 tam
988 2862 1249 2917 audacia.
1286 2861 1424 2915 Ecce
1445 2873 1583 2929 ergo
1613 2855 1719 2912 tibi
1755 2853 2025 2926 proponi-

377 2948 472 2997 tur
504 2946 818 3001 multitudo
858 2946 1125 3017 deorum,
1156 2966 1279 3019 quis
1310 2946 1555 3004 diversis
1586 2941 2025 3014 operationibus

380 3033 436 3083 et
470 3031 933 3088 invocationibus
969 3034 1079 3090 sibi
1118 3036 1335 3091 affatim
1368 3036 1670 3104 comparat
1694 3030 2021 3085 veneratio-

377 3133 508 3173 nem
534 3133 547 3184 ;
572 3119 759 3189 ipsum
786 3137 1016 3193 quoque
1037 3123 1318 3196 templum
1341 3127 1428 3179 est
1443 3121 1547 3177 tibi
1569 3124 1866 3193 apertum:
1892 3135 2024 3175 san-

2134 530 2232 596 τῆς
2289 522 2561 591 εὐσεϐείας
2620 522 2803 603 ἔργοις
2875 527 3262 603 κοσμούμενος
3319 528 3369 583 ἐν
3429 532 3789 603 σκηνώμασιν

2138 614 2482 690 ἁμαρτωλῶν
2541 622 2812 671 κατοικεῖν
2873 617 2982 691 οὐχ
3038 617 3383 691 αἱρούμενον,
3444 620 3530 673 καὶ
3592 615 3793 687 ἀνέδην

2138 704 2279 759 οὕτω
2308 708 2370 760 τὸ
2418 710 2513 760 τοῦ
2562 709 2795 782 Χριστοῦ
2845 708 2989 761 θεῖον
3034 702 3213 780 ὄνομα
3245 709 3373 781 ὁρᾷν
3424 706 3793 782 διαχλευαζὸ-

2142 816 2324 869 μενον,
2355 796 2571 851 ἀνεκτὸν
2606 797 2714 871 οὐχ
2759 797 3089 871 ἡγούμενος.
3130 797 3341 871 ἀπάρας
3388 802 3495 853 τῶν
3540 798 3676 852 κατά
3728 799 3793 852 τὸ

2136 884 2264 941 ἄστυ
2326 882 2643 963 διατριϐῶν.
2710 888 2809 956 τὴν
2876 886 3107 961 ἐρημίαν
3177 887 3490 958 ἀσπάζεται,
3556 888 3646 943 καὶ
3708 893 3795 960 τῷ

2134 974 2384 1049 ἐγκρατεῖ
2414 976 2501 1031 καὶ
2564 978 2970 1054 ἀναχωρητικῷ
3032 980 3139 1052 βίῳ
3192 979 3283 1033 τὸν
3337 977 3483 1039 ἐντὸς
3540 979 3795 1042 ἀποκαθ-

2135 1066 2409 1139 ηράμενος
2479 1064 2788 1141 ἄνθρωπον,
2863 1068 2955 1122 καὶ
3032 1066 3163 1128 ὅλος
3240 1066 3412 1136 ζήλου
3488 1070 3624 1121 κατά
3690 1067 3789 1120 τὸν

2139 1156 2305 1232 μέγαν
2356 1154 2542 1212 Ἠλίαν
2604 1154 2872 1227 πλησθεὶς
2936 1158 3035 1227 τὴν
3101 1157 3309 1234 ψυχὴν,
3378 1157 3475 1224 τήν
3543 1156 3790 1229 ἐρημίαν

2133 1242 2421 1300 ἀπολιπῶν
2455 1245 2631 1315 αὖθις,
2682 1247 2818 1321 πρὸς
2868 1246 2960 1307 τὰς
3016 1244 3070 1300 ἐν
3113 1246 3275 1301 πόλει
3330 1244 3601 1321 διαγωγὰς
3648 1247 3794 1300 κάτ-

2133 1356 2287 1392 εισιν.

2204 1425 2282 1481 Β’.
2314 1426 2403 1489 Ὠς
2444 1423 2500 1480 δὶ
2548 1426 2684 1501 πρὸς
2732 1424 2828 1487 τὰς
2888 1423 3178 1499 βασιλικὰς
3231 1424 3441 1494 ἠτένισε
3491 1421 3789 1493 διατάξεις.

2132 1512 2191 1568 α’ί
2221 1517 2327 1568 τῶν
2354 1513 2545 1570 πυλῶν
2600 1513 2823 1590 ’ὐπερθεν
2872 1516 3203 1589 ἀνάγραπτοι
3254 1518 3412 1568 πᾶσιν
3460 1512 3791 1589 ἐτύγχανον,

2137 1602 2275 1678 μέγα
2349 1602 2719 1680 καταγελάσας
2785 1608 2882 1658 τοῦ
2950 1602 3383 1681 ἐγχειρήματος,
3466 1604 3789 1678 κατάφορος

2132 1690 2285 1755 εὐθὺς
2354 1697 2470 1755 τοῖς
2534 1687 2777 1747 ἀσεϐέσιν
2844 1691 3078 1767 ἐγένετο,
3147 1692 3234 1748 καὶ
3300 1690 3513 1771 φολακή
3582 1696 3789 1746 τοῦτον

2133 1782 2273 1858 εἶχεν
2334 1781 2525 1837 αὐτίκα
2578 1780 2825 1856 δέσμιον,
2867 1778 2980 1837 οἷόν
3028 1803 3083 1836 τι
3141 1783 3362 1856 θήραμα
3417 1782 3786 1856 παραστησό-

2140 1893 2297 1945 μενον
2326 1877 2405 1944 τῷ
2438 1869 2733 1943 δικάζοντι.
2767 1872 2923 1930 Ἐπεὶ
2966 1870 3023 1927 δὲ
3062 1874 3200 1947 πρὸς
3243 1873 3338 1935 τὰς
3370 1877 3474 1927 τῶν
3530 1870 3583 1927 ἒν
3637 1872 3791 1927 τέλει

2136 1961 2300 2024 ἀκοὰς
2364 1962 2642 2037 ἀνηνέχθη
2710 1963 2773 2017 τὸ
2848 1962 3089 2039 γεγονὸς,
3175 1960 3462 2038 ἀγώγιμον
3527 1961 3690 2016 αὐτὸν
3762 1963 3793 2016 ὁ

2135 2047 2394 2119 δικαστὴς
2449 2053 2583 2126 πρὸς
2628 2053 2691 2107 τὸ
2726 2052 2882 2127 βῆμα
2932 2052 3176 2127 γενέσθαι
3235 2048 3631 2106 διεκελεύσατο·
3693 2050 3794 2106 καὶ

2134 2141 2194 2202 ’ὸς
2261 2140 2335 2204 εἷς
2404 2142 2561 2197 αὐτὸν
2618 2142 2851 2217 ἀχθέντα
2917 2141 3070 2206 εὐθὺς
3110 2138 3341 2210 ἀπιδὼν,
3408 2140 3498 2195 καὶ
3565 2139 3657 2194 διὰ
3725 2142 3793 2195 τὸ

2134 2232 2317 2300 νεάζον
2350 2238 2448 2300 τῆς
2480 2230 2699 2301 ἡλικίας
2741 2230 2997 2302 συλήσειν
3046 2228 3288 2300 ἐλπίζων
3335 2230 3427 2285 τὸν
3471 2229 3791 2304 γενναιότα-

2132 2342 2249 2389 τον,
2292 2319 2398 2389 Γίς,
2430 2322 2475 2375 ὦ
2508 2322 2689 2391 οὗτος,
2721 2322 2755 2391 ἡ
2787 2321 3023 2391 τοσαύτη
3076 2319 3198 2395 περὶ
3249 2324 3367 2390 σοῦ,
3411 2312 3535 2397 ἔφη,
3586 2316 3793 2374 διαλα-

2136 2410 2377 2484 λουμένη
2430 2408 2689 2481 ἀναίδεια,
2731 2408 2765 2480 ἤ
2821 2433 2903 2473 τις
2958 2407 3155 2486 μικροῦ
3208 2430 3275 2483 με
3320 2408 3412 2464 καὶ
3460 2408 3595 2485 πρὸς
3652 2428 3796 2481 τρα-

2134 2499 2349 2574 χύτητα
2401 2499 2739 2576 ἐξενεχθῆναι
2785 2502 3111 2571 πεποίηκεν,
3145 2501 3191 2555 εἱ
3224 2500 3301 2572 μὴ
3347 2498 3480 2554 αὐτὸ
3530 2498 3592 2553 τὸ
3642 2495 3793 2561 εἶδος

2136 2590 2340 2660 θεαθὶν,
2405 2590 2483 2663 μὴ
2544 2591 2715 2653 οὕτως
2774 2584 2921 2668 ἔχειν
2979 2588 3272 2644 ἀνέπεισεν
3333 2586 3626 2662 ἀλλότριον
3680 2586 3791 2662 γὰρ

2133 2676 2307 2747 πάντη
2358 2678 2449 2731 καὶ
2506 2676 2896 2748 ἀνακόλουθον,
2968 2673 3104 2731 αἰδῶ
3136 2676 3394 2745 τοιαύτην
3453 2676 3542 2729 καὶ
3600 2693 3791 2748 χαρα-

2134 2772 2309 2840 κτῆρα
2376 2766 2703 2843 σαφέστατον
2787 2767 3084 2840 εὐγενείας,
3177 2760 3358 2841 ἔργοις
3436 2760 3791 2839 θρασυτέροις

2134 2850 2457 2931 ἔπιχειρεῖν.
2494 2854 2632 2911 Ἰδοὺ
2666 2856 2753 2912 σοὶ
2795 2856 2977 2911 τοίνυν
3028 2854 3243 2926 πληθὺς
3290 2854 3570 2928 πρόκειται
3621 2857 3794 2922 θεῶν,

2136 2941 2417 3020 διαφόροις
2483 2943 2778 3022 ἐνεργείαις
2854 2944 2944 3001 καὶ
3019 2942 3248 3015 κλήσεσι
3330 2941 3795 2998 καταπλουτοῦσα

2133 3033 2195 3087 τὸ
2224 3033 2430 3106 τίμιον,
2462 3032 2665 3109 ἀνέῳγέ
2698 3055 2783 3089 σοι
2814 3034 2903 3089 καὶ
2952 3033 3078 3095 ναὸς
3127 3031 3309 3094 αὐτός.
3362 3030 3553 3104 Βωμοὶ
3602 3027 3660 3085 δὲ
3705 3034 3795 3102 τῷ

2137 3120 2324 3196 λύθρῳ
2392 3127 2500 3178 τῶν
2598 3124 2846 3197 αἱμάτων
2914 3121 3332 3199 περιῤῥεόμενοι
3396 3122 3793 3192 τεθεώρηνται,

376 3206 551 3277 guine
572 3211 766 3263 autem
786 3226 1092 3282 conspersa
1111 3184 1429 3269 cernuntur
1452 3210 1659 3267 altaria
1682 3226 1695 3277 ;
1724 3207 2022 3279 publicum

2138 3184 2424 3285 πάνδημος
2492 3184 2674 3286 ἑορτὴ,
2723 3184 3189 3289 συγκεκρότηται,“
3238 3212 3326 3268 καὶ
3389 3216 3495 3266 τῶν
3556 3184 3797 3285 ἀγγείων

380 3298 595 3352 festum
617 3297 946 3355 celebratur
968 3306 1025 3357 et
1047 3308 1245 3373 parata
1271 3310 1410 3359 sunt
1441 3314 1799 3371 quaecunque
1820 3313 2027 3353 conve-

381 3384 553 3440 niunt
609 3386 915 3445 sacriﬁcio.
949 3390 1019 3445 Et
1050 3391 1154 3446 tibi
1213 3408 1349 3465 ergo
1382 3392 1597 3463 optime
1645 3386 1939 3453 consules,
1973 3390 2031 3441 et

379 3472 548 3529 nobis
579 3491 700 3531 rem
724 3482 948 3548 gratam
973 3480 1169 3551 facies,
1194 3481 1243 3537 si
1277 3482 1415 3537 deos
1446 3476 1715 3543 colueris,
1747 3479 1803 3532 et
1832 3474 1915 3533 eis
1938 3492 2032 3531 sa-

380 3563 747 3621 oriiicaveris.
793 3568 922 3624 [hac
954 3576 1257 3641 tyrannus.

446 3651 539 3708 IIl.
579 3654 791 3727 Martyr
823 3661 1019 3714 autem
1052 3659 1269 3731 Spiritu
1316 3665 1519 3717 sancto
1554 3666 1715 3719 totus
1746 3663 2026 3736 repletus,

377 3758 510 3797 cum
543 3760 606 3800 se
636 3744 803 3815 signo
825 3748 1038 3816 crucis,
1064 3750 1241 3805 veluti
1273 3751 1626 3822 quibusdam
1659 3753 1863 3823 armis,
1898 3771 2027 3809 mu-

378 3831 584 3888 niisset
616 3849 630 3887 :
661 3837 823 3891 Vana
854 3842 1013 3905 sunt,
1056 3841 1378 3911 respondit,
1412 3857 1443 3897 o
1483 3858 1719 3912 praeses,
1751 3858 1878 3914 quas
1908 3860 1941 3899 a
1970 3847 2026 3899 te

376 3927 805 3993 proponuntur.
840 3925 1039 3997 Neque
1058 3928 1212 3983 enim
1244 3946 1309 3984 ex
1333 3930 1508 3986 rebus
1539 3932 1796 3987 externis
1818 3936 1876 3988 et
1897 3948 2025 4003 qua:

380 4011 612 4067 minime
650 4013 869 4070 fuerint
908 4016 966 4070 in
1002 4020 1285 4087 potestate
1316 4018 1589 4088 alicujus,
1620 4020 1915 4077 metienda
1944 4027 2028 4076 est

374 4100 581 4169 pietas,
614 4117 739 4171 quae
770 4107 967 4174 aperte
993 4109 1083 4161 est
1125 4106 1262 4161 boni
1295 4106 1552 4162 instituti
1584 4112 1641 4163 et
1670 4108 1730 4164 in
1754 4109 1939 4165 nostri
1961 4108 2025 4163 li-

372 4186 493 4243 beri
537 4190 760 4246 arbitrii
804 4192 919 4248 sita
968 4198 1059 4249 est
1099 4199 1403 4265 potestate.
1438 4200 1649 4268 Atque,
1682 4196 1733 4252 si
1781 4199 2024 4270 quidem

376 4274 497 4330 ﬁeri
554 4293 666 4332 non
720 4284 909 4350 potest
956 4283 1052 4352 (ne
1084 4286 1139 4338 te
1198 4300 1313 4340 non
1370 4284 1518 4340 velle
1575 4285 1810 4357 dicam),
1860 4289 1924 4341 ut
1953 4286 2023 4341 ad

377 4381 562 4421 unum
594 4370 651 4422 et
682 4368 901 4425 trinum
944 4372 1209 4428 omnium
1259 4374 1509 4446 aspicias
1542 4375 1921 4448 principium,
1951 4377 2023 4432 ab

376 4469 574 4511 eorum
621 4456 838 4526 saltem,
872 4476 996 4531 quae
1048 4463 1326 4533 producta
1356 4464 1590 4520 fuerunt
1611 4465 1763 4521 bono
1796 4465 2018 4533 ordine,

2138 3300 2237 3355 ὅσα
2288 3303 2425 3375 πρὸς
2491 3300 2675 3366 θυσίην
2730 3301 3057 3372 κατάλληλα
3121 3301 3642 3376 προσηυτρέπισται.
3711 3297 3796 3353 Τά

2136 3388 2409 3444 κάλλιστα
2439 3391 2568 3466 γοῦν
2621 3394 2826 3462 σεαυτῷ
2873 3389 2963 3445 καὶ
3022 3392 3156 3463 ἡμῖν
3224 3388 3499 3468 χαρίσαιο,
3558 3387 3604 3441 εἰ
3662 3386 3797 3447 τοὺς

2138 3478 2291 3541 θεοὺς
2338 3480 2629 3551 τιμήσειας
2677 3478 2768 3533 καὶ
2819 3478 3005 3541 αὐτοῖς
3059 3478 3358 3541 ὲπιθύσαις.
3417 3477 3521 3535 Καὶ
3578 3476 3645 3530 τὰ
3695 3475 3798 3548 μὲν

2138 3572 2236 3621 τοῦ
2268 3569 2531 3643 τυράννου
2562 3572 2809 3627 τοιαῦτα.

2210 3658 2281 3715 Γ’.
2362 3659 2423 3715 Ὁ
2484 3655 2541 3712 δὲ
2613 3662 2817 3732 μάρτυς
2884 3656 3015 3720 ὅλος
3084 3656 3229 3721 ὅλως
3293 3660 3390 3712 τού
3477 3655 3799 3728 Πνεύματος

2132 3750 2229 3801 τοῦ
2300 3747 2459 3822 ἁγίου
2526 3749 2843 3821 γενόμενος,
2906 3749 3000 3803 καῖ
3063 3747 3143 3820 τῷ
3213 3751 3312 3802 τοῦ
3380 3750 3610 3821 σταυροῦ
3690 3766 3800 3815 ση-

2140 3837 2277 3907 μείῳ
2348 3838 2466 3891 οἷον
2532 3834 2690 3909 ὅπλῳ
2756 3836 2861 3890 τινὶ
2952 3838 3445 3915 περιφραξάμενος,
3541 3835 3794 3906 Μάταια,

2134 3924 2178 3979 ὦ
2246 3927 2493 4002 ἡγεμὼν,
2560 3925 2906 3997 ἀπεκρίνατο,
2974 3927 3039 3981 τὰ
3131 3927 3278 3998 παρά
3341 3928 3436 3979 σοῦ
3502 3924 3795 3998 προτεινό-

2136 4035 2289 4088 μενα,
2337 4012 2459 4069 οὐδὲ
2516 4016 2617 4090 γὰρ
2686 4015 2792 4070 ἀπὸ
2858 4019 2967 4071 τῶν
3035 4013 3211 4081 ἐκτὸς,
3276 4015 3365 4068 καὶ
3434 4011 3507 4067 ὧν
3568 4011 3669 4067 οὐκ
3723 4012 3793 4066 ἄν

2130 4126 2213 4165 τις
2316 4105 2529 4180 γένοιτο
2631 4104 2837 4179 κύριος,
2912 4104 2975 4158 τὸ
3074 4098 3307 4159 εὐσεϐεῖν
3405 4100 3791 4175 δοκιμάζεται,

2130 4194 2499 4270 προαιρέσεως
2566 4194 2771 4269 ἀγαθῆς
2831 4194 2921 4247 καὶ
2986 4196 3095 4248 τῶν
3164 4191 3245 4270 ἐφ’
3313 4194 3449 4265 ἡμῖν
3531 4190 3795 4264 ἄντικρυς

2133 4284 2404 4358 ὑπάρχον.
2436 4282 2497 4340 Εἰ
2534 4283 2626 4356 μὲν
2663 4280 2754 4337 οὖν
2786 4280 3051 4337 ἀδύνατον
3079 4280 3172 4335 ’ἱνα
3225 4282 3303 4355 μή
3336 4279 3484 4357 λέγω
3534 4274 3790 4349 ἀϐούλη-

2128 4395 2219 4429 τον
2253 4373 2385 4443 πρὸς
2414 4373 2513 4440 τήν
2572 4371 2694 4446 μίαν
2738 4392 2795 4427 σε
2846 4372 2937 4426 καὶ
2995 4370 3208 4427 πάντων
3267 4367 3552 4446 τριαδικὴν
3601 4370 3794 4444 ἀρχήν

2135 4460 2365 4534 ἀπίδεῖν,
2431 4459 2529 4517 κάν
2588 4461 2695 4517 ἀπὸ
2752 4468 2850 4531 τῆς
2915 4466 3022 4516 τῶν
3085 4460 3449 4537 παρηγμένων
3509 4459 3792 4530 εὐταξίας,

378 4543 534 4601 disce
556 4546 737 4603 Deum
771 4549 1198 4607 universorum.
1232 4551 1329 4607 Sin
1363 4558 1555 4610 autem
1588 4554 1829 4609 deorum
1864 4571 2018 4627 prae-

2136 4556 2225 4611 τὸν
2274 4554 2650 4631 γενεσιουργὸν
2710 4557 2817 4609 τῶν
2866 4552 3008 4609 ὅλων
3069 4553 3197 4608 Θεὸν
3260 4550 3655 4626 μαθητεύθητι.
3718 4553 3790 4607 Εἰ

379 4633 495 4689 fere
509 4636 965 4706 multitudinem,
991 4656 1093 4712 per
1112 4656 1256 4711 quos
1279 4642 1667 4714 simpliciores
1689 4644 1929 4699 deducis
1952 4644 2023 4699 ad

377 4722 721 4780 barathrum
756 4728 1051 4793 interitus,
1086 4733 1145 4785 at
1165 4745 1270 4802 ego
1297 4732 1532 4803 quidem
1564 4747 1669 4789 nec
1704 4748 1772 4788 ea
1802 4748 1928 4805 quas
1958 4736 2024 4788 tu

376 4812 523 4870 dicis
554 4815 755 4871 audire
787 4818 1072 4886 sustineo,
1107 4836 1293 4892 neque
1316 4821 1374 4877 in
1408 4822 1670 4878 animum
1704 4823 1932 4888 induco,
1958 4826 2024 4878 ut

374 4902 591 4960 talibus
622 4904 869 4963 delecter
899 4909 1220 4981 sacriﬁciis,
1240 4918 1300 4965 ut
1329 4911 1426 4981 qui
1457 4912 1567 4967 sim
1585 4912 1863 4985 praaditus
1893 4912 2022 4967 ani-

377 5007 473 5049 ma
525 4994 802 5068 participe
860 4998 1121 5068 rationis,
1150 5002 1207 5055 et
1243 5000 1314 5055 ad
1357 5016 1675 5071 supernum
1737 5002 2021 5056 mundum

376 5092 570 5155 aperte
617 5102 917 5158 properem
953 5106 966 5145 :
1020 5090 1125 5146 soli
1173 5094 1370 5147 autem
1422 5096 1633 5148 natura
1663 5091 1799 5161 Deo,
1833 5097 1890 5147 et
1919 5092 2021 5165 qui

378 5189 494 5229 non
526 5179 616 5231 est
656 5178 1405 5248 aspectabilis,sacriticabu
1434 5180 2019 5250 sacriﬁciumlaudis,

379 5266 437 5317 et
467 5262 578 5332 ipsi
625 5266 863 5322 reddam
912 5273 1043 5326 vota
1074 5284 1204 5326 mea
1232 5285 1427 5326 coram
1472 5274 1591 5327 toto
1623 5270 1839 5344 populo
1869 5273 2018 5342 ejus.

375 5348 479 5403 His
514 5350 599 5407 sic
632 5354 827 5422 dictis,
849 5359 1438 5430 tyrannus,deposita
1467 5375 1715 5431 persona
1743 5360 2019 5427 lenitatis,

370 5437 545 5509 jubet
574 5442 807 5510 quidem
843 5446 975 5500 exui
1030 5452 1357 5519 martyrem,
1390 5452 1449 5505 et
1478 5447 1644 5505 humi
1688 5454 2018 5520 extensum,

379 5528 752 5588 vehementer
780 5532 1090 5591 verberari.

2136 4642 2190 4699 δὲ
2222 4648 2355 4709 θεῶν
2383 4643 2599 4715 πληθὺν
2628 4648 2926 4717 προτιμᾷς,
2960 4640 3029 4697 δι’
3078 4642 3154 4697 ὧν
3204 4643 3331 4703 τοὺς
3377 4639 3794 4714 ἁπλουστέρους

2132 4732 2417 4809 χλευάζων
2451 4734 2588 4805 πρὸς
2616 4735 2676 4788 τὸ
2706 4740 2807 4801 τῆς
2856 4730 3133 4795 ἀπωλείας
3177 4733 3427 4805 κατάγεις
3481 4731 3788 4805 βάραθρον,

2132 4823 2259 4879 ἀλλ’
2304 4822 2414 4899 ἐγὼ
2456 4821 2579 4878 οὔτε
2624 4822 2835 4877 ἀκούειν
2892 4820 2964 4875 ὧν
3026 4821 3087 4875 σὺ
3142 4824 3247 4897 φης
3304 4821 3593 4894 ἀνέχομαί,
3654 4816 3790 4875 οὗτε

2130 4913 2340 4976 θυσίαις
2379 4912 2657 4975 τοιαύταις
2690 4913 2900 4987 χαίρειν
2941 4912 3289 4985 προῄρημαι,
3340 4913 3431 4966 ἅτε
3473 4914 3627 4985 ψυχῇ
3683 4919 3786 4966 λο-

2129 5007 2257 5079 γικῇ
2314 5003 2590 5075 τιμηθεὶς,
2646 5002 2734 5056 καὶ
2792 5003 2927 5074 πρὸς
2979 5002 3071 5056 τὸν
3131 4999 3271 5073 ιᾶνω
3328 5000 3533 5072 κόσμον
3592 5004 3788 5077 σαφῶς

2130 5092 2504 5169 ἐπειγόμενος
2544 5093 2711 5165 -μόνῳ
2764 5088 2819 5145 δὲ
2865 5094 2942 5161 τῷ
2999 5091 3152 5166 φύσει
3210 5089 3425 5165 ἀοράτῳ
3482 5093 3620 5160 Θεῷ,
3683 5100 3791 5152 θυα-

2129 5180 2245 5235 σίαν
2282 5181 2427 5236 θύσω
2468 5178 2742 5249 αἰνέσεως,
2792 5180 2881 5234 καὶ
2931 5179 3077 5250 αὐτῷ
3123 5178 3216 5240 τὰς
3264 5176 3428 5253 εὐχάς
3479 5200 3584 5252 μου
3638 5178 3790 5233 ἀπο-

2131 5267 2290 5325 δώσω
2357 5269 2594 5325 ἐναντίον
2661 5268 2859 5330 παντὸς
2925 5272 3021 5321 τοῦ
3091 5269 3228 5324 λαοῦ
3296 5266 3479 5326 αὐτοῦ.
3555 5266 3792 5324 Τούτων

2130 5358 2272 5415 οὕτω
2307 5357 2633 5434 λεχθέντων,
2664 5359 2723 5414 τὸ
2762 5365 2861 5427 τῆς
2895 5358 3182 5419 ἐπιεικείας
3225 5356 3561 5431 ἀποθέμενος
3606 5375 3788 5430 προσ⁸

2128 5454 2328 5504 ωπιῖον
2399 5449 2427 5503 ὁ
2491 5448 2769 5524 τύραννος,
2838 5444 3182 5520 περιδύεσθαι
3280 5448 3376 5520 μὲν
3451 5446 3787 5521 προστάττει

2127 5539 2221 5593 τὸν
2290 5539 2554 5615 μάρτυρα,
2624 5539 2713 5594 καὶ
2778 5536 2866 5593 ἰπὶ
2932 5543 3035 5614 γῆς
3098 5538 3324 5603 ταθέντα
3410 5533 3783 5616 σφοδρότερον

2126 5625 2440 5696 τύπτεσθαι.
