4106 6200
384 320 538 382 1057

1247 326 1727 389 MARTIRYUM
1776 325 1885 387 SS.
1933 327 2312 389 EULA‘JPII
2358 328 2459 387 ET
2506 329 2956 390 EULAMPI/E.

3626 326 3779 390 1058

449 483 520 539 Δ“.
575 483 663 546 Ὠς
719 482 775 539 δὲ
831 484 1087 559 γενναίως
1144 487 1234 542 καὶ
1291 484 1619 564 ἀνδρικῶςὸ
1654 490 1857 564 μάρτυς
1901 487 2018 544 ἆντ-

2206 490 2293 546 ιν.
2328 490 2643 561 Postquam
2675 496 2870 545 autem
2904 496 3125 564 martyr
3156 507 3438 564 generose
3467 495 3524 548 et
3554 492 3777 548 fortiter

378 576 495 648 εἶχε
525 573 661 647 πρὸς
708 575 801 635 τὰς
853 575 1136 649 βασάνους,
1201 576 1290 631 καὶ
1352 574 1476 632 οὐδὲ
1538 578 1731 653 μικρὰν
1792 578 2023 634 ἐπεπόν-

377 664 455 716 θει
500 659 821 733 ἀλλοίωσιν,
864 661 1209 734 διπλασιάζει
1260 664 1322 719 τὸ
1372 663 1537 740 δριμὺ
1588 673 1687 737 τῆς
1741 666 2022 729 κολάσεως

378 749 405 803 6
475 746 728 821 δικάζων,
796 752 885 805 καὶ
952 751 1163 825 νεύροις
1249 751 1603 815 λεπτοτάτοις
1676 755 2019 828 μαστίζεσθαι

374 842 566 894 τοῦτον
624 842 988 915 ἀπηνέστερον
1040 839 1398 900 διατάττεται.
1452 849 1524 900 ’Ἃ
1566 841 1721 915 δίκην
1782 842 2018 922 νιφάδων

376 932 455 997 τῷ
524 935 838 1003 μαρτυρικῷ
898 929 1260 1009 ἐπιφερόμενα
1318 932 1555 1007 σώματι,
1628 933 1845 1003 πολλὴν
1902 939 2023 996 τοῖς

376 1018 667 1081 πεπονθόσι
701 1020 881 1094 μέρεσι
913 1023 1011 1089 τήν
1057 1028 1160 1090 τῆς
1218 1020 1415 1093 ὀδύνης
1472 1023 1719 1094 αἱσθησιν
1786 1021 2022 1099 ἐνειργά-

379 1111 516 1175 ζετο⁶
552 1107 694 1162 ἀλλὰ
725 1110 813 1162 καὶ
850 1109 1025 1173 οὕτως
1068 1112 1095 1165 6
1130 1111 1333 1186 μάρτυς
1367 1109 1520 1167 οὐδὲν
1549 1112 1703 1191 ὤφθη
1737 1116 1833 1168 τοῦ
1886 1133 2020 1189 φρο-

376 1198 620 1269 νήματος
692 1198 928 1268 ὑπανεὶς,
978 1197 1014 1269 ἤ
1072 1208 1171 1269 τῆς
1236 1202 1373 1276 πρὸς
1437 1203 1528 1256 τὸν
1593 1202 1794 1277 Κύριον
1858 1204 2017 1275 ἡμῶν

376 1282 686 1349 ἐνδεδωκὼς
732 1286 986 1351 πίστεως.
1047 1291 1317 1346 Ἐντεῦθεν
1368 1289 1795 1361 ὰΑλεπάλληλοι
1854 1292 2020 1366 βασά-

374 1396 480 1429 νων
527 1374 663 1430 ἰδέαι
714 1378 953 1454 καθάπερ
1009 1379 1225 1453 κύματα
1279 1385 1358 1453 τῷ
1420 1381 1652 1458 μάρτυρι
1711 1382 2021 1457 προσεῤῥή-

372 1484 589 1537 γνυντο.
642 1466 816 1529 Εὐθὺς
875 1469 978 1543 γὰρ
1022 1469 1049 1522 6
1090 1469 1347 1544 τύραννος
1395 1470 1531 1546 πρὸς
1582 1470 1763 1545 ἑτέραν
1814 1472 2016 1545 εὕρεσιν

369 1553 639 1628 τιμωρίας
707 1554 980 1630 ἐτρέπετο,
1044 1558 1133 1613 καὶ
1195 1559 1340 1631 ξύλῳ
1404 1559 1496 1613 τὸν
1570 1556 1878 1632 ἀδάμαστον
1932 1563 2017 1614 biv-

372 1637 594 1713 δριάντα
667 1651 1077 1719 προσαναρτῶν,
1146 1649 1362 1720 ξεσμοῖς
1455 1649 1551 1709 τὰς
1610 1648 1807 1722 σάρκας
1873 1670 2021 1703 κατε-

373 1730 600 1803 δαπάνα,
635 1738 723 1789 καὶ
754 1737 820 1805 ἦν
857 1738 1023 1813 μέχρι
1068 1743 1282 1810 μυελῶν
1329 1738 1418 1792 καὶ
1481 1738 1679 1793 ὀστέων
1730 1740 1907 1795 αὐτῶν
1955 1742 2018 1795 τὸ

374 1820 543 1898 ἄλγος
613 1823 1009 1899 ὑποδυόμενον,
1069 1828 1157 1882 καὶ
1213 1831 1322 1883 τῶν
1398 1830 1625 1903 καιρίων
1688 1833 1868 1905 μερῶν
1920 1835 2018 1886 τοῦ

375 1912 631 1983 σώματος
664 1912 1062 1991 ἐφαπτόμενον.
1114 1918 1173 1973 Ὀ
1215 1913 1271 1971 δὲ
1318 1917 1545 1991 μάρτυς,
1586 1915 1755 1992 εὒχῆν
1800 1924 1868 1993 τῇ
1925 1921 2021 1992 βα-

379 2001 520 2073 σάνῳ
597 2004 975 2080 συγκεραννὺς,
1034 2007 1123 2060 καὶ
1183 2007 1259 2070 εἰς
1315 2004 1627 2081 ἐπικουρίαν
1692 2009 1783 2063 τὸν
1852 2011 2019 2065 αὐτοῦ

377 2089 677 2161 ἄθλοθέτην
738 2090 1131 2167 ἐπιϐοώμενος,
1178 2095 1239 2149 ού
1285 2097 1513 2170 πάσχειν
1559 2097 1793 2169 μᾶλλον,
1828 2098 1861 2168 ἢ
1896 2100 2016 2154 ἑτέ-

377 2200 472 2252 ρου
504 2181 835 2256 πάσχοντος,
875 2184 1033 2245 αὐτὸς
1082 2183 1214 2239 εἶναι
1262 2186 1454 2253 θεατὴς
1506 2184 1803 2260 ἐνομίζετο.
1867 2188 2017 2243 Ἐπεὶ

374 2263 431 2321 δὲ
471 2269 668 2330 ἱκανῶς
722 2269 990 2342 ἐνήθλησε
1044 2279 1160 2335 τοῖς
1222 2274 1458 2346 ξεσμοῖς,
1518 2274 1607 2329 καὶ
1668 2279 1771 2329 πᾶν
1832 2273 2017 2331 διατα-

372 2357 592 2430 ραχθὶν,
626 2359 688 2413 τὸ
740 2365 901 2434 σῶμα
948 2362 1239 2435 προῦκειτο
1290 2360 1551 2435 δυσειδὲς,
1602 2361 1864 2437 δαίμονες
1919 2367 2014 2439 μὲν

368 2444 444 2506 ὡς
476 2446 617 2507 εἰκὸς
651 2448 1076 2520 ὑπεξανίσταντο,
1126 2453 1257 2514 Θεὸς
1315 2449 1371 2507 δὲ
1420 2454 1510 2507 τὸν
1562 2453 1763 2507 οἰκεῖον
1816 2455 2014 2509 ἄνωθεν

369 2533 584 2609 ἐνίσχυε
642 2540 985 2614 στεφανίτην,
1045 2541 1135 2595 καὶ
1196 2542 1224 2595 6
1283 2541 1542 2610 δικάστῆς
1600 2541 1786 2597 ἑαυτὸν
1842 2546 2016 2613 ἡττώ-

370 2643 529 2696 μενον
568 2627 837 2701 καθορῶν,
871 2629 945 2691 ὡς
999 2631 1138 2702 μήτε
1182 2628 1371 2705 λόγοις
1415 2630 1535 2694 οἶός
1581 2651 1639 2686 τε
1687 2628 1761 2685 ὤν
1810 2631 2013 2696 πείθειν

367 2713 460 2766 τὸν
518 2715 819 2790 πάσχοντα,
882 2721 1020 2792 μήτε
1078 2720 1362 2788 θωπείαις,
1425 2722 1562 2792 μήτε
1616 2722 1757 2776 τισὶν
1818 2721 2016 2785 ἂλλαις

370 2799 656 2872 ὶπινοίαις,
689 2805 774 2860 ἐπὶ
827 2808 1084 2879 τοιαύτην
1133 2815 1309 2885 χωρεῖ
1366 2811 1623 2884 βάσανον,
1674 2814 1740 2880 ἧς
1789 2814 1823 2881 ἡ
1871 2811 2013 2881 ἀκοὴ

373 2896 489 2951 τοῖς
530 2891 630 2946 ὠσὶ
670 2896 760 2949 καί
804 2896 963 2969 μόνον
1013 2897 1377 2970 ἐμπίπτουσα,
1428 2898 1801 2972 συνταράττειν
1854 2898 2018 2955 δύνα-

366 3001 477 3046 ται,
508 2982 599 3045 καὶ
657 2992 877 3061 συγχεῖν
936 2989 1023 3042 καὶ
1074 2992 1196 3041 νοῦν
1238 2987 1326 3042 καί
1367 2985 1622 3045 διάνοιαν.
1686 2990 1862 3062 Ἰμᾶσι
1911 2991 2014 3067 γάρ

370 3081 595 3140 λεπτοῖς
625 3078 751 3140 τοῦς
791 3082 898 3131 τῶν
931 3075 1115 3131 ποδῶν
1147 3077 1236 3131 καὶ
1267 3081 1470 3152 χειρῶν
1524 3080 2014 3156 περισφιγχθέντας

372 3167 691 3238 δακτύλους,
744 3168 819 3231 εἰς
865 3167 1119 3222 τούπίσω
1169 3169 1581 3241 περιενεχθῆναι
1634 3168 1826 3243 βιαίως
1896 3166 2017 3223 δια-

2135 578 2347 636 restitit
2375 578 2701 644 tormentis,
2728 589 2785 634 et
2806 594 2913 635 nec
2936 580 3234 636 tantillum
3259 583 3495 652 quidem
3523 581 3629 637 fuit
3652 598 3777 638 mu-

2132 675 2309 739 tatus,
2342 668 2720 724 acerbitatem
2768 668 3041 739 supplicii
3075 670 3257 740 judex
3288 675 3479 739 auget,
3523 686 3777 741 eumque

2132 759 2323 815 nervis
2340 759 2481 815 credi
2502 756 2866 813 tenuissimis
2883 756 3134 829 imperat
3151 758 3483 813 crudeliter.
3510 760 3619 824 Qui
3642 777 3775 817 cum

2131 849 2261 903 nive
2301 848 2549 920 spissius
2597 846 2873 919 martyris
2924 846 3147 917 corpori
3187 846 3607 919 inﬂigerentur,
3641 850 3777 905 affe-

2131 939 2239 994 ctis
2272 938 2541 1009 partibus
2574 936 2897 992 ati‘erebant
2944 952 3218 1006 magnum
3264 952 3501 992 sensum
3535 937 3772 994 doloris.

2128 1028 2239 1084 Sed
2271 1028 2352 1083 sic
2385 1043 2616 1099 quoque
2666 1034 2887 1098 martyr
2926 1026 3073 1081 nihil
3103 1027 3265 1082 visus
3299 1031 3355 1082 et
3385 1026 3676 1083 remisisse
3705 1029 3773 1083 de

2132 1133 2239 1172 sua
2270 1114 2451 1171 animi
2485 1114 2886 1188 magnitudine
2911 1118 3009 1170 aut
3029 1116 3099 1170 de
3123 1131 3227 1171 sua
3248 1116 3362 1171 fide
3385 1115 3444 1170 in
3476 1115 3771 1171 Christum

2132 1205 2448 1261 Dominum
2472 1209 2740 1261 nostrum
2767 1204 2988 1277 aliquid
3014 1204 3319 1261 relaxasse.
3345 1205 3489 1260 Hinc
3512 1206 3781 1277 frequen-

2130 1300 2239 1361 tes,
2272 1300 2328 1350 et
2358 1310 2419 1350 se
2450 1294 2693 1351 invicem
2740 1301 3153 1364 consequentes
3184 1298 3611 1351 tormentorum
3648 1311 3775 1366 spe-

2130 1384 2269 1451 cies,
2321 1388 2592 1455 tanquam
2642 1382 2872 1451 ﬂuctus,
2923 1382 3311 1455 erumpebant
3352 1382 3413 1439 in
3446 1391 3777 1455 martyrem.

2132 1473 2341 1529 Statim
2379 1472 2536 1527 enim
2569 1489 2884 1529 conversus
2922 1478 3008 1528 est
3046 1475 3336 1541 tyrannus
3368 1474 3440 1527 ad
3474 1472 3776 1528 invenien-

2129 1563 2268 1618 dum
2304 1561 2461 1617 aliud
2486 1560 2878 1633 supplicium:
2906 1565 2963 1616 et
2986 1561 3141 1632 ligno
3165 1562 3500 1633 appendens
3527 1562 3777 1619 indomi-

2127 1655 2248 1707 tam
2284 1655 2557 1717 statuam,
2582 1650 2966 1705 consumebat
2986 1665 3190 1706 carnes
3221 1648 3691 1719 lacerationibus,
3716 1656 3775 1707 et

2131 1741 2199 1795 ad
2237 1739 2526 1795 medullas
2554 1746 2607 1794 et
2642 1755 2773 1794 ossa
2801 1754 2989 1809 usque
3020 1738 3257 1794 subibat
3286 1738 3453 1794 dolor
3481 1747 3536 1795 et
3564 1739 3777 1810 princi-

2131 1831 2290 1901 pales
2322 1833 2511 1901 partes
2534 1827 2794 1899 corporis
2816 1827 3159 1899 attingebat.
3189 1828 3409 1900 Martyr
3430 1834 3623 1883 autem
3658 1845 3780 1899 pre-

2131 1918 2297 1974 cibus
2329 1923 2690 1974 tormentum
2715 1922 3266 1989 contemperans,et
3285 1918 3377 1972 sui
3405 1918 3777 1987 Agonothetae

2129 2005 2411 2059 auxilium
2469 2005 2765 2071 invocans,
2826 2021 2938 2061 non
3005 2005 3194 2076 magis
3251 2005 3598 2060 censebatur
3654 2007 3778 2077 pati

2128 2110 2302 2165 quam
2338 2093 2449 2150 alio
2496 2092 2748 2165 patiente
2797 2094 2921 2164 ipse
2952 2109 3080 2149 esse
3110 2095 3420 2164 spectator.
3455 2094 3768 2165 Postquam

2127 2187 2320 2238 autem
2354 2182 2497 2238 satis
2528 2181 2839 2239 decertavit
2889 2181 3170 2238 adversus
3213 2181 3677 2253 dilacerationes,
3709 2189 3768 2240 et

2128 2271 2463 2329 universum
2522 2272 2881 2344 discerptum
2949 2287 3161 2343 corpus
3230 2270 3598 2342 propositum
3657 2272 3769 2328 fuit

2125 2364 2362 2431 aspectu
2394 2364 2627 2432 tetrum,
2654 2362 2946 2418 daemones
2969 2360 3228 2432 quidem,
3254 2363 3319 2415 ut
3339 2376 3443 2430 par
3471 2365 3615 2428 erat,
3648 2376 3771 2417 me-

2124 2451 2354 2521 rebant,
2385 2452 2540 2508 Deus
2590 2457 2786 2507 autem
2825 2468 2855 2507 e
2886 2452 3116 2522 superis
3165 2451 3492 2508 exsultabat
3540 2458 3773 2524 propter

2126 2556 2299 2596 suum
2344 2557 2559 2597 corona
2596 2540 2935 2596 redimitum
2986 2540 3286 2596 athletam.
3332 2539 3519 2597 Judex
3561 2542 3773 2598 deinde

2127 2646 2369 2686 cernens
2401 2647 2462 2686 se
2494 2645 2623 2686 esse
2653 2635 3021 2702 superatum,
3056 2645 3189 2684 cum
3222 2645 3328 2685 nec
3358 2630 3547 2686 verbis
3575 2636 3773 2702 posset

2127 2720 2474 2791 persuadere
2523 2718 2784 2791 patienti,
2838 2734 2940 2774 nec
2971 2716 3293 2784 blanditiis,
3326 2734 3429 2773 nec
3476 2718 3611 2774 ullis
3640 2720 3771 2774 aliis

2127 2810 2474 2878 rationibus,
2508 2808 2769 2881 procedit
2791 2811 2859 2864 ad
2885 2806 2997 2863 tale
3024 2812 3399 2877 tormentum,
3434 2810 3585 2881 quod
3611 2810 3661 2863 si
3682 2809 3769 2863 vel

2126 2900 2321 2958 solum
2355 2900 2428 2955 ad
2478 2915 2647 2955 aures
2695 2896 3015 2970 perveniat,
3068 2900 3259 2967 potest
3307 2899 3655 2953 conturbare
3704 2914 3771 2953 ac

2127 2991 2482 3047 confundere
2502 2996 2751 3045 mentem
2768 2992 2824 3043 et
2842 2987 3277 3059 cogitationem.
3299 2987 3601 3043 Tenuibus
3617 2987 3775 3043 enim

2127 3080 2271 3136 loris
2302 3080 2514 3151 pedum
2559 3082 2616 3134 et
2664 3092 2947 3133 manuum
3000 3076 3305 3131 adstrictos
3353 3075 3567 3147 digitos
3610 3077 3781 3147 jubet

2125 3168 2411 3225 violenter
2456 3166 2862 3234 circumtrahi,
2896 3165 3053 3236 quod
3087 3164 3136 3220 ei
3174 3164 3609 3220 intolerandum
3644 3165 3777 3220 red-

369 3258 666 3326 κελεύεται,
699 3257 789 3312 καὶ
821 3254 975 3327 δίκην
1031 3256 1287 3331 πτόρθου,
1314 3256 1381 3311 τὰ
1408 3261 1505 3311 τοῦ
1559 3258 1829 3332 μάρτυρος
1876 3258 2013 3333 μέρη

2130 3259 2299 3314 debat
2345 3257 2687 3313 cruciatum.
2722 3254 2867 3310 Nam
2911 3270 3039 3309 cum
3087 3253 3597 3325 confringet-antur
3634 3254 3772 3308 arti-

369 3347 747 3424 περιλυγίσας,
788 3346 1066 3425 ἀφόρητον
1091 3345 1239 3399 οὕτω
1267 3347 1365 3415 τήν
1398 3345 1666 3420 τιμωρίαν
1716 3347 2018 3421 εἰργάζετο.

369 3437 666 3512 Ἀγκώνων
722 3435 823 3511 γὰρ
890 3433 1360 3507 συνθραυομένων,
1428 3438 1645 3513 σφυρῶν
1705 3434 2023 3511 συνθλωμέ-

365 3549 495 3595 νων,
568 3522 778 3580 σκελῶν
844 3519 1305 3597 συντριϐομένων,
1373 3524 1462 3578 καὶ
1530 3525 1696 3579 οἱονεὶ
1763 3522 2025 3600 διατετρι-

369 3612 548 3693 γότων
614 3619 684 3689 τῇ
756 3615 845 3689 βίᾳ
907 3620 1008 3683 τῆς
1073 3612 1329 3676 στάσεως.
1405 3618 1604 3688 μικροῦ
1668 3616 2018 3679 θανατοῦσθαι

370 3700 645 3760 συνέϐαινε
673 3704 763 3759 τὸν
790 3703 1058 3775 ἀθλητήν,
1116 3706 1207 3759 ἅτε
1252 3710 1353 3772 τῆς
1406 3704 1670 3779 ἁρμονίας
1716 3706 1825 3760 τῶν
1876 3703 2022 3773 ίἱλων

373 3799 471 3850 τοῦ
504 3794 758 3867 σώματος
794 3793 995 3866 μελῶν,
1027 3800 1127 3864 τῆς
1158 3792 1385 3863 οἷ’κείας,
1420 3793 1780 3867 ἐξισταμένων
1828 3792 2021 3870 ἓνδρας

371 3883 462 3938 καὶ
506 3884 729 3953 τάξεως,
776 3884 865 3937 καὶ
919 3887 999 3955 τῷ
1054 3884 1298 3957 περιόντι
1356 3886 1455 3947 τῆς
1505 3879 1819 3959 ἀλγηδόνός
1885 3885 2021 3958 πρὸς

372 3973 560 4029 οἶκτον
593 3970 966 4050 ἐφελκομένων
994 3973 1085 4026 καὶ
1116 3972 1322 4048 ἄψυχα.

442 4066 515 4120 E’.
552 4061 707 4119 Ἀλλ’
738 4063 765 4117 6
799 4064 892 4134 μὶν
926 4063 1182 4135 τύραννος
1229 4062 1365 4137 πρὸς
1406 4063 1506 4131 τήν
1558 4059 1647 4117 διὰ
1691 4067 1798 4115 τῶν
1852 4057 2021 4137 ἔργων

367 4152 693 4222 ἰξατονήσας
741 4157 923 4215 πειθοῖ
982 4151 1116 4226 πρὸς
1165 4153 1265 4220 τὴν
1330 4148 1417 4205 διὰ
1467 4154 1575 4204 τῶν
1632 4149 1809 4226 λόγων
1868 4152 2021 4215 αὖθις

370 4242 573 4318 ἐχώρει
629 4246 709 4313 τῷ
766 4248 863 4311 τῆς
926 4239 1216 4311 διαλέξεως
1288 4241 1644 4314 προσωπείῳ,
1702 4242 1765 4296 τὸ
1820 4240 2021 4297 οίκεῖον

370 4328 747 4405 περιστέλλων
796 4327 1087 4400 ἀδύνατον,
1144 4333 1232 4385 καί
1299 4335 1491 4405 πρῶτα
1551 4330 1644 4403 μὲν
1704 4331 1793 4384 ἅτε
1850 4328 2020 4385 δεισι-

372 4415 791 4494 δαιμονέστερον
819 4418 948 4493 περὶ
988 4420 1050 4474 τὸ
1098 4416 1235 4474 ἴδιον
1297 4416 1642 4493 διακείμενος
1690 4416 1868 4488 σέϐας,
1919 4422 2019 4491 τήν

368 4527 425 4561 τε
462 4514 736 4581 θεοπρεπῆ
789 4512 886 4561 τοῦ
932 4508 1099 4583 λόγου
1168 4505 1375 4581 διέσυρε
1451 4510 1742 4582 σάρκωσιν,
1808 4508 1897 4563 καὶ
1956 4511 2022 4564 τὰ

2132 3346 2270 3413 culi,
2301 3352 2353 3402 et
2396 3344 2651 3401 violenta
2702 3342 3037 3399 extensione
3086 3343 3523 3413 quodammodo
3564 3341 3772 3397 stride-

2132 3440 2280 3505 rent,
2330 3434 2571 3505 contigit
2619 3431 2896 3487 athletam
2951 3446 3131 3502 prOpe
3189 3437 3371 3485 morte
3413 3430 3589 3497 affici,
3620 3432 3769 3501 quod

2130 3539 2441 3595 compages
2464 3521 2727 3577 omnium
2748 3520 3140 3575 membrorum
3164 3520 3424 3590 corporis
3449 3536 3482 3574 a
3509 3536 3617 3574 sua
3637 3519 3775 3575 sede

2131 3618 2187 3672 et
2217 3613 2418 3669 ordine
2449 3612 2918 3677 dimoverentur;
2953 3609 3095 3665 adeo
3128 3613 3191 3663 ut
3220 3612 3455 3680 propter
3479 3607 3774 3679 ingentem

2132 3704 2393 3759 dolorem
2428 3701 2498 3756 ad
2532 3698 2995 3755 misericordiam
3039 3697 3411 3754 traherentur
3451 3698 3623 3753 etiam
3654 3698 3777 3753 ina-

2133 3793 2311 3848 nima.

2200 4058 2270 4113 V.
2295 4055 2405 4111 Sed
2431 4058 2713 4127 tyrannus
2736 4053 2973 4125 quidem
2998 4068 3131 4108 cum
3155 4070 3269 4109 non
3295 4053 3582 4124 potuisset
3602 4051 3773 4109 factis

2132 4146 2497 4219 persuadere,
2522 4144 2591 4199 ad
2616 4143 3089 4215 persuadendum
3112 4142 3304 4199 verbis
3325 4160 3531 4200 rursus
3552 4159 3615 4200 se
3636 4159 3775 4198 con-

2131 4234 2258 4302 fert,
2293 4249 2543 4305 persona
2586 4230 3004 4302 disputationis
3050 4247 3221 4285 suam
3251 4234 3453 4302 tegens
3483 4231 3777 4303 impoten-

2129 4326 2291 4381 tiam.
2313 4325 2378 4380 Et
2391 4324 2645 4396 primum
2664 4323 2903 4395 quidem
2918 4366 2931 4390 ,
2945 4325 3010 4377 ut
3024 4321 3125 4393 qui
3144 4323 3776 4395 essetsuperstitiosius

2130 4413 2371 4469 affectus
2426 4414 2485 4467 in
2546 4429 2712 4468 suam
2773 4410 3135 4483 religionem,
3184 4410 3475 4467 lacerabat
3521 4412 3774 4468 divinam

2128 4502 2302 4557 Verbi
2323 4502 2512 4557 carnis
2543 4502 2997 4573 susceptionem,
3018 4501 3267 4571 ejusque
3297 4501 3699 4571 perpessiones
3720 4505 3777 4555 et

369 4596 568 4649 τούτου
600 4596 747 4665 πάθη
798 4595 888 4649 καὶ
933 4594 1160 4669 σταυρὸν
1212 4596 1393 4665 αὐτὸν,
1432 4597 1522 4650 καὶ
1572 4595 1668 4651 ὅσα
1727 4604 1828 4666 τῆς
1882 4600 2018 4671 ἡμε·

2130 4590 2320 4663 ipsam
2355 4605 2610 4659 crucem,
2662 4594 2720 4645 et
2771 4604 3130 4661 quaecunque
3178 4593 3321 4645 sunt
3367 4588 3533 4660 signa
3564 4593 3772 4645 nostrae

369 4684 532 4759 τέρας
591 4679 846 4757 σύμϐολα
898 4684 1193 4759 σωτηρίας,
1268 4685 1668 4760 προσκόμματα
1716 4684 2021 4742 σκανδάλου

371 4772 602 4841 ἐτίθετο,
670 4773 761 4827 ἐπὶ
821 4771 1038 4834 τούτοις
1094 4774 1183 4826 καὶ
1239 4776 1339 4843 τὴν
1396 4780 1504 4828 τῶν
1571 4775 1856 4849 στοιχείων
1912 4774 2019 4847 δη-

377 4861 662 4939 μιουργίαν
719 4857 1125 4937 προύϐάλλετο,
1185 4863 1260 4923 ὡς
1312 4862 1405 4934 μὲν
1462 4860 1649 4931 ἡδεῖαν
1708 4863 1892 4935 οὖσαν,
1944 4866 2018 4928 ὡς

372 4950 428 5007 δὲ
457 4952 773 5027 ἐπέραστον,
815 4951 904 5006 καὶ
959 4950 1267 5027 ἀνθρώποις
1328 4951 1402 5012 εἷς
1450 4950 1747 5007 ἀπόλαυσιν
1798 4954 2017 5030 προκεί-

375 5041 559 5114 μένην,
626 5043 718 5096 καὶ
785 5042 858 5103 ὡς
922 5038 1053 5115 μηδ’
1122 5040 1180 5094 ἄν
1241 5038 1460 5107 ἐθέλειν,
1532 5039 1672 5114 μηδὲ
1735 5040 1826 5097 τὸν
1885 5042 2014 5120 ἄγαν

366 5129 775 5205 τυφλώττοντα,
821 5138 921 5201 τῆς
980 5130 1039 5186 ἐκ
1084 5130 1288 5199 ταύτης
1347 5128 1618 5203 στέρεσθαι
1676 5129 1901 5202 ἡδονῆς.
1960 5135 2017 5187 '0

368 5218 425 5275 δὲ
460 5222 666 5296 μάρτυς
712 5222 799 5296 (ἠν
838 5222 939 5295 γὰρ
999 5228 1099 5290 τῆς
1156 5221 1397 5291 ἀληθοῦς
1456 5218 1646 5298 σοφίας
1703 5220 2014 5298 ἀνάπλεως)

366 5310 703 5387 ἀντιπαρῆγε
780 5315 887 5366 τῶν
989 5309 1194 5365 ἐκείνου
1288 5311 1423 5363 θεῶν
1515 5310 1577 5364 τὸ
1642 5309 1861 5375 ἀσθενὲς
1927 5315 2015 5368 καὶ

366 5398 699 5473 ἁνδρόθηλυ,
730 5403 793 5457 τὸ
836 5401 972 5474 πρὸς
1021 5398 1307 5472 ἀλλήλους
1363 5399 1607 5474 μάχιμόν
1640 5421 1696 5453 τε
1753 5401 1842 5455 καὶ
1895 5424 2018 5457 στα-

366 5486 582 5560 σιῶδες,
643 5490 732 5543 καὶ
810 5490 873 5545 τὸ
945 5496 1277 5564 σωματικοῖς
1346 5484 1780 5564 έγκαλινδεῖσθαι
1845 5494 2016 5563 παθή-

372 5598 525 5651 μασι,
556 5580 647 5633 καὶ
696 5580 756 5633 τὸ
811 5582 939 5653 μηδ’
976 5581 1153 5635 ὁτιοῦν
1201 5583 1310 5633 τῶν
1359 5578 1723 5651 παρηγμένων
1770 5579 1859 5656 ἀφ’
1891 5583 2018 5637 ἑαυ-

368 5668 465 5721 τοῦ
511 5670 612 5736 τὴν
665 5667 866 5742 γένεσιν
917 5666 1061 5744 ἔχειν
1115 5670 1201 5723 καὶ
1263 5666 1502 5744 ἄναρχον
1552 5667 1712 5740 εἶναι,
1753 5669 1878 5725 ἀλλ’
1938 5673 2011 5736 εἰς

2132 4678 2358 4745 salutis,
2392 4694 2461 4735 ea
2498 4678 2762 4734 scandali
2814 4680 3062 4735 ducebat
3091 4677 3461 4735 offensiones.
3494 4679 3625 4734 Post
3653 4678 3771 4733 hzec

2130 4772 2459 4843 proferebat
2505 4770 2683 4825 etiam
2733 4769 3019 4825 fabricam
3064 4770 3507 4836 elementorum,
3557 4777 3618 4824 ut
3650 4786 3773 4841 quze

2130 4868 2277 4916 esset
2309 4860 2548 4931 quidem
2606 4857 2796 4914 dulcis
2828 4865 2883 4914 et
2931 4859 3224 4926 amabilis,
3276 4863 3333 4914 et
3359 4860 3428 4914 ad
3460 4860 3771 4914 fruendum

2128 4950 2425 5023 proposita
2457 4947 2818 5017 hominibus,
2864 4952 2922 5003 et
2954 4949 3108 5020 quod
3132 4948 3310 5003 nollet
3352 4964 3425 5002 ne
3453 4946 3618 5002 valde
3652 4948 3774 5016 qui-

2127 5042 2260 5097 dem
2311 5055 2521 5109 caecus,
2572 5053 2696 5109 quas
2746 5052 2816 5092 ex
2861 5052 2931 5093 ea
2972 5038 3176 5103 oritur,
3210 5037 3426 5108 privari
3459 5034 3771 5107 voluptate.

2126 5132 2340 5203 Martyr
2392 5137 2585 5185 autem
2634 5127 2782 5199 (erat
2830 5128 2986 5183 enim
3036 5142 3170 5183 vera
3210 5126 3420 5199 plenus
3459 5126 3770 5197 sapientia)

2126 5224 2329 5277 contra
2346 5218 2620 5276 afferebat
2640 5216 2797 5273 illius
2819 5218 3061 5273 deorum
3083 5216 3542 5273 imbecillitatem
3565 5220 3621 5272 et
3641 5218 3770 5272 etIe-

2125 5310 2530 5375 minationem,
2555 5324 2685 5378 qua
2715 5307 2869 5362 inter
2890 5322 2951 5363 se
2977 5308 3226 5363 invicem
3251 5306 3505 5375 fuerunt,
3537 5322 3762 5377 pugnas

2124 5408 2178 5455 et
2218 5398 2551 5464 seditiones,
2584 5404 2639 5451 et
2683 5397 2837 5467 quod
2871 5396 3270 5453 volutarentur
3297 5397 3357 5452 in
3388 5397 3648 5469 corporis
3681 5397 3766 5452 af-

2124 5487 2513 5553 fectionibus;
2556 5490 2611 5542 et
2658 5487 2816 5557 quod
2848 5485 2997 5542 nihil
3048 5502 3273 5555 eorum,
3316 5502 3443 5558 quas
3486 5487 3767 5557 producta

2125 5582 2282 5646 sunt,
2315 5594 2384 5633 ex
2418 5592 2480 5632 se
2510 5578 2700 5632 ortum
2734 5574 2968 5648 habeat,
2992 5580 3049 5634 et
3078 5577 3154 5635 sit
3183 5577 3307 5634 sine
3328 5575 3636 5649 principio,
3665 5576 3764 5633 sed

2123 5669 2323 5728 statim
2357 5666 2635 5726 referatur
2668 5664 2738 5722 ad
2762 5666 3012 5738 primam
3046 5670 3103 5725 et
3131 5666 3477 5726 efﬁcientem
3506 5680 3764 5734 causam,
