4106 6200
381 305 535 367 1059

1712 294 2002 355 MENSlS
2046 293 2430 355 OCTOBER.

3626 302 3794 363 1060

377 471 434 523 et
462 464 962 535 omnipotentem;
1012 462 1066 515 et
1098 458 1253 531 quod
1286 457 1387 529 qui
1436 457 1559 513 hazc
1598 456 1895 527 relinquit,
1942 458 2011 512 ad

2127 454 2307 509 αἴτίαν
2339 456 2561 529 πρώτην
2606 457 2901 527 ποιητικήν
2952 477 3009 512 τε
3055 455 3147 511 καὶ
3201 455 3613 534 παντοδύναμον
3662 463 3798 517 ἀνα-

380 570 579 612 eorum
612 552 823 609 transit
853 549 1143 620 opiﬁcem,
1176 564 1399 614 eorum,
1438 563 1564 616 quas
1596 545 1787 601 ﬂuunt
1819 548 1875 601 et
1905 561 2021 601 non

381 646 563 709 stant,
598 640 1023 697 habitationem
1051 644 1322 708 perpetua
1346 639 1402 690 et
1424 635 1619 690 stabili
1642 634 2021 701 habitatione,

381 729 797 800 inell’abilique,
852 732 907 783 et
940 744 1065 797 quae
1101 744 1218 781 non
1251 724 1487 791 desinit,
1536 726 1831 794 voluptate
1862 740 2019 777 com-

384 826 644 877 mutans.
677 818 777 873 His
810 817 956 872 veris
991 814 1263 887 martyris
1318 814 1503 869 verbis
1552 818 1836 882 tyrannus
1878 818 2022 867 atto-

386 912 565 977 nitus,
596 916 648 966 et
690 909 756 964 ad
792 908 936 962 iram
968 924 1032 961 ac
1065 906 1318 961 furorem
1361 919 1641 959 accensus
1686 902 2023 958 intolerabi-

385 1001 523 1069 lem,
556 998 843 1070 processit
891 996 1128 1051 omnino
1180 995 1252 1050 ad
1295 1009 1467 1051 omne
1500 1010 1685 1065 genus
1718 998 2024 1058 tormenta,

388 1092 725 1155 lectumque
748 1088 999 1141 ferreum
1021 1084 1462 1156 protiunsjubet
1485 1082 1743 1138 accendi.
1768 1082 1873 1147 Qui
1895 1098 2028 1137 cum

389 1178 596 1232 fuisset
626 1192 929 1241 accensus,
948 1174 1116 1243 jubet
1142 1174 1199 1227 in
1225 1190 1289 1227 eo
1312 1172 1543 1227 extendi
1568 1180 1900 1242 martyrem.
1929 1171 2027 1225 Ille

386 1271 581 1322 autem
613 1281 745 1321 cum
779 1264 948 1335 signo
976 1262 1163 1318 crucis
1194 1276 1254 1317 se
1287 1262 1597 1326 munisset,
1634 1267 1747 1316 toto
1788 1278 2027 1332 corpore

386 1356 493 1410 fuit
522 1360 816 1409 extensus.
852 1357 917 1407 Et
948 1353 1167 1417 statim,
1201 1368 1334 1405 cum
1368 1366 1572 1406 carnes
1605 1350 1841 1422 quidem
1877 1351 2025 1423 igni-

385 1450 506 1500 tum
549 1446 765 1499 ferrum
800 1442 1147 1512 attigissent,
1194 1440 1699 1505 consumebantur,
1733 1444 1789 1495 et
1819 1440 2025 1495 dissol-

384 1534 685 1599 vehantur,
717 1535 774 1586 et
809 1530 867 1585 in
901 1530 1148 1598 saniem,
1184 1529 1494 1598 ulceraque
1535 1535 1590 1583 et
1621 1528 1861 1584 vulnera
1895 1546 2026 1584 mu—

382 1621 676 1678 tabantur.
710 1620 855 1685 Quin
888 1620 1061 1674 etiam
1097 1617 1378 1674 nonnulla
1402 1618 1666 1673 membra
1688 1619 1746 1672 in
1770 1618 2024 1673 cinerem

383 1726 681 1778 conversa,
717 1711 1045 1780 praebebant
1075 1708 1383 1763 videndam
1407 1708 1622 1762 nudam
1646 1708 1866 1763 ossium
1893 1724 2027 1763 con-

2131 543 2405 619 φέρεσθαι,
2437 544 2527 599 καὶ
2577 545 2650 607 ὡς
2704 546 2732 599 ὁ
2783 549 2951 600 ταῦτα
2999 545 3450 619 καταλιμπάνων,
3500 550 3635 621 πρὸς
3692 552 3793 606 τὸν

2132 631 2470 708 δημιουργὸν
2507 634 2715 690 τούτων
2754 640 3073 712 μεταφοιτᾷ,
3118 642 3228 691 τῶν
3276 639 3508 711 ῥεόντων
3558 643 3646 696 καὶ
3710 643 3791 714 μή

2134 723 2403 786 ἑστώτων,
2456 726 2555 793 τὴν
2609 722 2826 794 διηνεκῆ
2886 724 2975 778 καὶ
3039 726 3273 798 μόνιμον
3332 731 3632 799 κατοικίαν,
3694 731 3793 786 καὶ

2132 815 2229 881 τὴν
2292 812 2490 868 ἐκεῖθεν
2550 812 2819 891 ἄφραστόν
2882 835 2941 869 τε
2997 816 3087 869 καὶ
3144 814 3503 889 ἀτελεύτητον
3551 818 3790 891 ἡδονὴν,

2136 900 2561 973 ἀλλαττόμενον.
2606 901 2834 964 Τούτοις
2862 908 2977 964 τοῖς
3019 901 3251 972 ἀληθέσι
3280 904 3465 981 λόγοις
3496 912 3592 962 τοῦ
3645 910 3797 983 μάρ-

2136 1012 2297 1065 τυρος
2346 992 2373 1045 ὁ
2429 992 2679 1066 τύραννος
2736 987 3213 1065 καταϐροντηθεὶς,
3270 994 3359 1047 καὶ
3416 997 3550 1070 πρὸς
3609 999 3790 1074 ὀργὴν

2136 1080 2223 1133 καὶ
2285 1082 2475 1153 μανίαν
2530 1080 2757 1155 ἃσχετον
2820 1079 3084 1155 ἐξαφθεῖς,
3143 1082 3279 1155 πρὸς
3335 1085 3397 1138 τὸ
3445 1089 3551 1139 τῶν
3607 1086 3796 1141 κολα-

2138 1170 2374 1245 στηρίων
2407 1170 2536 1232 ὅλος
2579 1169 2777 1244 ἐχώρει
2828 1167 3197 1239 παντοδαπὸν,
3252 1173 3339 1225 καὶ
3386 1172 3579 1244 κλίνην
3626 1174 3795 1247 σιδη-

2136 1266 2230 1334 ρᾶν
2286 1260 2481 1314 αὐτίκα
2536 1258 2746 1314 κελεύει
2800 1262 3120 1328 πυροῦσθαι,
3170 1263 3235 1329 ἧς
3280 1260 3369 1315 καὶ
3408 1266 3793 1337 πυρακτωθεί-

2137 1372 2259 1421 σης,
2314 1350 2705 1427 ἐφαπλωθῆναι
2752 1350 2921 1423 ταύτῃ
2983 1350 3302 1423 προστάττει
3358 1350 3448 1406 τὸν
3512 1354 3789 1427 μάρτυρα.

2133 1440 2192 1496 Ὀ
2244 1437 2300 1493 δὲ
2354 1444 2433 1511 τῷ
2494 1438 2709 1511 σημείῳ
2774 1443 2871 1493 τοῦ
2932 1443 3165 1512 σταυροῦ
3228 1437 3791 1519 διασφραγισάμενος,

2133 1527 2439 1607 ἐφηπλώθη
2474 1526 2590 1599 ὅλῳ
2618 1532 2695 1598 τῷ
2726 1528 2964 1600 σώματι,
2991 1527 3081 1581 καὶ
3134 1528 3287 1589 εὐθὺς
3342 1532 3396 1583 αἱ
3448 1531 3544 1602 μὲν
3593 1534 3794 1608 σάρκες

2133 1618 2546 1691 προσῴαῦσασαι
2578 1622 2656 1688 τῷ
2697 1617 2850 1691 πυρὶ,
2896 1614 3216 1673 δαπανῶντὸ
3267 1639 3324 1673 τε
3362 1619 3449 1673 καὶ
3500 1618 3791 1676 διελύοντο

2133 1706 2223 1761 καὶ
2281 1705 2359 1766 εἷς
2417 1707 2630 1783 ἰχῶρας
2685 1706 2773 1759 καὶ
2834 1704 2971 1776 ἓλκη
3030 1706 3120 1759 καὶ
3178 1706 3459 1780 τραύματα
3522 1708 3793 1783 μετεϐάλ-

373 1800 767 1873 junctionem.
822 1802 949 1869 Ipse
999 1813 1131 1853 vero
1172 1801 1460 1853 tormenta
1492 1797 1715 1853 fortiter
1745 1799 2013 1865 tolerans,

2136 1794 2318 1849 λοντο·
2356 1793 2467 1849 ἔστι
2501 1792 2555 1849 δῖε
2588 1796 2620 1848 ἅ
2648 1799 2755 1848 τῶν
2793 1793 3001 1868 μελῶν,
3050 1795 3138 1849 καὶ
3195 1798 3329 1868 πρὸς
3372 1799 3567 1873 τέφραν
3620 1821 3791 1872 μετα-

381 1896 655 1962 tanquam
681 1890 738 1944 in
767 1888 924 1944 molli
948 1888 1197 1959 quodam
1224 1891 1403 1943 strato
1428 1887 1797 1953 recumbens,
1822 1886 1872 1942 ei
1896 1903 2023 1959 age-

378 1980 479 2035 bat
508 1979 747 2051 gratias,
782 1995 883 2050 pro
916 1994 1027 2046 quo
1059 1976 1178 2031 haec
1218 1976 1570 2031 sustinebat.

2139 1882 2459 1955 ποιούμενα,
2521 1881 2692 1955 ψιλὴν
2770 1888 3001 1957 παρεῖχε
3076 1885 3174 1951 τήν
3224 1888 3332 1938 τῶν
3400 1886 3599 1941 ὀστέων
3653 1889 3787 1962 ὁρᾷν

2136 1972 2440 2051 συνάιρειαψ
2511 1972 2672 2033 αὐτὸς
2752 1968 2807 2026 δὲ
2873 1977 2991 2033 ταῖς
3067 1974 3317 2046 βασάνοις
3422 1975 3789 2051 ὲγκαρτερῶν.

381 2070 455 2131 ὠς
488 2068 575 2122 ἐπί
630 2089 778 2131 τινος
836 2064 1051 2131 ὁπαλῆς
1106 2073 1397 2139 στρωμνῆς
1453 2065 1834 2138 κατακείμενος
1890 2064 2331 2140 εὐχαριστηρίοις
2390 2063 2480 2116 τὸν
2535 2062 2665 2137 ὑπὲρ
2708 2063 2770 2116 οὗ
2825 2066 2994 2117 ταῦτα
3050 2061 3302 2135 ὑπέμενε,
3363 2072 3567 2143 φωναῖς
3621 2068 3791 2139 ἡμεί-

381 2153 527 2214 ϐετο.

448 2248 546 2302 VI.
580 2250 723 2303 Cum
758 2254 949 2302 autem
985 2250 1300 2317 martyrem
1332 2246 1492 2301 nulla
1522 2250 1757 2317 caperet
1786 2245 2021 2301 satietas

376 2353 598 2404 earum,
632 2352 772 2407 quas
806 2352 907 2406 pro
937 2334 1165 2390 Christo
1202 2334 1523 2391 sustinebat
1553 2336 2019 2406 perpessionum,

373 2428 468 2482 sed
516 2426 637 2481 zelo
688 2425 821 2480 fidei
871 2424 1063 2479 adhuc
1104 2424 1287 2494 magis
1336 2424 1693 2494 incitaretur,
1744 2442 1857 2480 non
1891 2440 2018 2480 esse

375 2514 747 2571 tolerandum
778 2514 1120 2573 arbitratus,
1172 2530 1369 2569 verum
1404 2514 1641 2584 quidem
1673 2514 1857 2569 Deum
1892 2514 2019 2568 uni-

373 2606 519 2663 versi
548 2606 790 2671 irrideri,
825 2606 1137 2660 vanitatem
1172 2609 1364 2661 autem
1391 2604 1808 2661 imbecillitatis
1838 2606 2017 2660 simu-

372 2694 657 2750 lacrorum
699 2693 768 2749 ab
814 2694 904 2759 iis,
949 2692 1046 2764 qui
1083 2698 1222 2747 tunc
1254 2692 1620 2747 dominatum
1655 2692 2013 2758 obtinebant,

372 2782 653 2838 celebrari
684 2782 979 2848 laudibus,
1015 2786 1071 2837 et
1104 2780 1451 2852 magniﬁeri,
1477 2797 1824 2851 generosum
1850 2781 2015 2851 (μιίά-

373 2873 508 2927 dam
541 2870 879 2943 etjuvenile
924 2871 1237 2941 excogitat,
1286 2870 1645 2941 dignumque
1675 2871 1803 2941 eius
1832 2870 2013 2924 animi

370 2961 793 3031 magnitudine.
820 2960 965 3014 Nam
996 2975 1128 3013 cum
1156 2959 1343 3014 verbis
1370 2959 1709 3014 sirnulasset
1730 2975 1793 3014 se
1825 2975 2016 3014 assen-

370 3048 463 3103 tiri
489 3047 836 3112 simulacris,
861 3052 916 3102 et
937 3063 1003 3101 ea
1023 3048 1247 3101 ratione
1268 3050 1465 3101 fucum
1492 3047 1717 3102 fecisset
1746 3053 2011 3117 tyranno,

369 3153 504 3191 cum
538 3136 790 3207 quadam
824 3152 1037 3207 pompa
1064 3152 1103 3235 α
1128 3134 1330 3190 multis
1356 3135 1609 3205 stipatus
1640 3134 2008 3206 satellitibus,
2043 3170 2091 3235 Ο

368 3224 525 3281 venit
558 3226 614 3279 in
660 3224 945 3295 templum
990 3223 1304 3292 idolorum,
1357 3225 1564 3294 partim
1608 3224 1843 3296 quidem
1876 3243 2008 3297 pro-

370 3323 490 3385 pter
522 3314 886 3385 repentinam
922 3314 1193 3385 martyris
1236 3314 1617 3369 mutatioucm
1655 3314 1726 3369 iis
1756 3314 2006 3371 laetanti-

370 3404 497 3472 bus,
533 3404 633 3474 qui
665 3412 825 3459 erant
857 3402 994 3459 socii
1026 3404 1361 3475 impietatis,
1413 3406 1623 3475 partim
1657 3410 1850 3461 autem
1884 3423 2008 3462 om-

370 3493 528 3548 mino
546 3494 1012 3563 exspectantibus
1034 3493 1085 3548 id
1111 3495 1263 3565 quod
1284 3499 1777 3552 erateventurum.
1796 3496 2011 3569 Martyr

369 3586 563 3638 autem
592 3583 755 3638 valde
779 3583 1054 3638 misertus
1074 3583 1424 3654 insipientia:
1446 3601 1645 3640 eorum
1673 3584 1770 3654 qui
1802 3586 2008 3641 adora-

365 3673 526 3740 bant,
572 3672 643 3727 ad
679 3688 851 3726 unam
904 3672 1189 3743 insignem
1241 3672 1554 3745 imaginem
1606 3674 1674 3728 ad
1718 3674 2009 3730 dexteram

368 3760 640 3831 positam,
676 3776 851 3831 prope
878 3761 1179 3830 accedens,
1204 3778 1336 3816 cum
1368 3766 1523 3817 esset
1546 3778 1688 3817 usus
1719 3762 1854 3818 solis
1878 3781 2005 3835 pre-

368 3850 557 3914 cibus,
577 3857 630 3904 et
652 3850 861 3915 verbis,
893 3867 1025 3906 cum
1050 3852 1391 3906 auctoritate
1415 3852 1665 3922 imperii,
1690 3868 1817 3907 eam
1844 3853 2009 3909 humi

375 3939 643 4009 protinus
689 3939 895 4009 dejecit
940 3944 997 3994 et
1027 3939 1083 3993 in
1119 3938 1413 4009 pulverem
1446 3941 1808 3995 comminuit.
1844 3943 2002 4006 Quod

369 4027 600 4096 quidem
634 4044 761 4082 cum
797 4027 1035 4083 vidisset
1060 4028 1332 4098 populus,
1364 4028 1463 4099 qui
1487 4030 1707 4093 aderat,
1742 4035 1799 4085 et
1830 4031 2009 4086 imbe-

369 4114 665 4171 cillitatem
699 4132 923 4183 eorum,
962 4132 1091 4187 qua:
1137 4116 1549 4185 adorabantur,
1592 4117 1764 4171 simul
1801 4135 2007 4188 cogno-

367 4202 591 4259 vissent
633 4209 690 4260 et
720 4206 1233 4273 condemnassent,
1282 4206 1584 4277 deponunt
1614 4207 1878 4277 protinus
1908 4208 2007 4264 de-

366 4292 709 4363 ceptionem,
793 4300 849 4349 et
931 4294 1366 4365 amplectuntur
1450 4294 1744 4365 pietatem,
1822 4296 2005 4352 Deum

369 4386 687 4453 potentem,
757 4387 814 4438 et
862 4382 1053 4438 solum
1117 4382 1519 4454 praedicantes,
1583 4401 1757 4454 quem
1827 4402 2006 4455 nuper

366 4471 720 4542 ignorantes,
773 4472 1065 4530 habebant
1112 4474 1388 4530 ludibrio.
1440 4474 1639 4544 Fitque
1675 4476 1758 4532 eis
1790 4489 2009 4549 martyr

2204 2244 2267 2305 ς’.
2320 2244 2470 2297 Ἐπεὶ
2520 2239 2575 2296 δὲ
2614 2241 2773 2316 κόρος
2823 2238 3001 2302 οὒδείς
3050 2246 3131 2312 τῷ
3184 2244 3415 2317 μάρτυρι
3471 2250 3577 2299 τῶν
3644 2247 3784 2320 ὑπὲρ

2135 2332 2367 2404 Χριστοῦ
2429 2326 2801 2402 παθημάτων,
2860 2330 3005 2385 ἀλλὰ
3063 2335 3142 2402 τῷ
3201 2331 3357 2403 ζήλῳ
3403 2336 3501 2397 τῆς
3553 2334 3794 2396 πίστεως

2127 2419 2214 2473 ἐπὶ
2278 2418 2492 2491 μᾶλλον
2555 2417 2915 2493 διηρεθίζετο,
2986 2420 3084 2475 οὐκ
3152 2420 3373 2476 ἀνεκτὸν
3433 2423 3793 2496 ἡγησάμενος

2127 2510 2215 2562 τὸν
2249 2509 2342 2581 μὲν
2395 2508 2573 2578 ἀληθῆ
2632 2510 2763 2563 Θεὸν
2811 2512 2906 2563 τοῦ
2956 2509 3153 2570 παντὸς
3208 2507 3681 2584 διαχλευάζεσθαι,
3728 2514 3792 2567 τὸ

2128 2596 2185 2652 δὲ
2220 2599 2449 2671 μάταιον
2497 2604 2595 2665 τῆς
2648 2596 2945 2667 εἶδωλικῆς
2996 2598 3266 2662 ἀσθενείας
3314 2600 3459 2673 παρὰ
3503 2603 3608 2653 τῶν
3658 2599 3792 2653 τότε

2127 2687 2472 2760 κρατούντων
2529 2685 2871 2758 ἐξυμνεῖσθαι
2928 2686 3015 2741 καὶ
3067 2686 3479 2763 μεγαλύνεσθαι,
3537 2688 3789 2760 γενναῖόν

2126 2797 2175 2831 τι
2208 2776 2297 2829 καὶ
2345 2777 2581 2829 νεανικὸν
2636 2774 2817 2831 ἐννοεῖ.
2880 2777 2971 2829 καὶ
3031 2782 3131 2845 τῆς
3189 2776 3357 2829 αὐτοῦ
3418 2776 3788 2852 μεγαλονοίας

2126 2862 2292 2934 ἃξιον.
2327 2865 2484 2939 ⁴λόγῳ
2518 2866 2621 2940 γὰρ
2661 2865 3117 2937 ὑποκρινάμενος,
3145 2866 3245 2933 τήν
3286 2866 3420 2940 πρὸς
3460 2871 3525 2919 τα
3570 2862 3783 2919 εἴδωλα

2126 2956 2533 3027 συγκατάθεσιν,
2594 2956 2681 3008 καὶ
2750 2954 2921 3028 ταύτῃ
2986 2955 3268 3032 φενακίσας
3346 2955 3437 3009 τὸν
3498 2954 3787 3027 τύραννον,

2128 3042 2259 3115 μετά
2289 3062 2434 3105 τινος
2470 3045 2695 3115 πομπῆς
2721 3042 2814 3097 καὶ
2842 3040 3174 3120 δορυφορίας
3229 3044 3303 3106 εἰς
3352 3065 3440 3098 τον
3495 3044 3619 3098 ναὸν
3667 3050 3783 3097 τῶν

2126 3130 2367 3187 εἰδώλων
2398 3132 2643 3211 ἀφίκετο,
2700 3135 2773 3187 ὧν
2825 3134 2920 3207 μὲν
2970 3136 3070 3203 τήν
3120 3134 3317 3209 ἀθρόαν
3365 3137 3460 3187 τοῦ
3504 3134 3784 3207 μάρτυρος

2125 3218 2455 3296 μεταϐολὴν,
2495 3222 2547 3277 ἐν
2580 3220 2751 3295 ἡδονῇ
2798 3222 3118 3295 τιθεμένων,
3170 3224 3286 3277 ὅσοι
3338 3224 3627 3296 σ·3μμαχοι
3676 3229 3786 3291 τῆς

2120 3306 2366 3373 ἀσεϐείας
2436 3310 2759 3387 ἐτύγχανον,
2830 3310 2904 3363 ὧν
2974 3309 3031 3365 δὲ
3116 3312 3332 3375 πάντως
3412 3310 3783 3385 καραδοκούν-

2118 3422 2227 3455 των
2259 3402 2309 3455 τί
2340 3401 2401 3455 τὸ
2433 3395 2879 3472 ἀποϐησόμενον.
2922 3402 2980 3457 Ὀ
3034 3398 3090 3455 δέ
3143 3399 3345 3475 μάρτυς
3395 3398 3581 3455 πολλὰ
3640 3400 3777 3461 τοὺς

2120 3493 2557 3563 προσκυνοῦντας
2652 3487 3026 3564 κατοικτείρας
3114 3496 3212 3557 τῆς
3288 3488 3617 3565 ἀφροσύνης,
3692 3490 3771 3553 ἒνξ

2116 3584 2223 3631 τῶν
2290 3578 2555 3632 ἐπιφανῶν
2624 3578 2956 3651 ἀγαλμάτων
3025 3584 3093 3652 τῇ
3163 3576 3307 3648 δεξιᾷ
3400 3576 3773 3652 προσεγγίσας

2120 3668 2258 3742 εὐχῇ
2290 3688 2347 3722 τε
2400 3669 2534 3741 μόνῃ
2584 3668 2954 3742 χρησάμενος,
3012 3668 3099 3722 καὶ
3162 3668 3309 3741 λόγῳ
3368 3667 3458 3721 σὺν
3519 3667 3778 3737 αὐθεντίᾳ

2118 3758 2564 3833 προστάγματος,
2627 3758 2701 3819 εἷς
2758 3764 2860 3832 γῆν
2922 3757 3075 3819 εὐθὺς
3152 3754 3485 3834 κατηδάφισε
3541 3756 3628 3810 καὶ
3692 3756 3775 3817 εἷς

2116 3848 2260 3902 κόνιν
2318 3845 2624 3903 ἐλέπτυνεν.
2682 3848 2851 3921 Ὀπερ
2912 3847 2939 3901 ὁ
2998 3847 3277 3921 παρεστὼς
3338 3844 3515 3919 δῆμος
3574 3847 3779 3900 θεασά-

2121 3958 2295 4010 μενοι,
2348 3938 2445 4004 τὴν
2508 3936 2794 4001 ¹ἀσθένειαν
2890 3942 2997 3991 τῶν
3078 3936 3589 4012 προσκυνουμένων,
3679 3938 3776 3991 καὶ

2116 4029 2332 4104 γνόντες
2390 4024 2502 4100 ἅμα
2568 4027 2655 4081 καὶ
2739 4029 3114 4101 καταγνόντες,
3172 4028 3272 4095 τήν
3342 4026 3552 4096 ἀπάτην
3614 4027 3778 4086 εὐθὺς

2117 4119 2483 4188 ἀποτίθενται,
2551 4119 2639 4173 καὶ
2699 4120 2798 4187 τήν
2867 4114 3141 4173 εὐσέϐειαν
3226 4117 3577 4187 ἀσπάζοντες,
3635 4116 3772 4171 Θεδν

2118 4206 2341 4262 δυνατὸν
2400 4208 2491 4261 καὶ
2553 4208 2717 4279 μόνον
2784 4206 3268 4281 ἀναγηρόσσοντές·
3336 4207 3394 4260 ’ὀν
3448 4205 3774 4279 ἀγνοοῦντες

2117 4298 2307 4370 πρώην
2379 4294 2803 4370 ἐξεμυκτήριυου
2884 4297 2971 4350 καὶ
3055 4296 3254 4372 γίνεται
3324 4295 3607 4369 παραίτιος
3676 4296 3777 4348 αῦ-

2114 4391 2229 4444 τοῖς
2290 4385 2562 4460 σωτηρίας
2623 4386 2650 4440 ὀ
2722 4387 2924 4459 μάρτυς
3001 4385 3083 4446 οἶς
3172 4386 3435 4458 πρότερον
3520 4382 3777 4452 ἀνοήτως

2118 4472 2329 4550 ἔχουσι,
2376 4474 2465 4529 καὶ
2524 4476 2691 4548 κῆρυξ
2740 4476 2878 4529 εἶναι
2942 4473 3174 4551 μωρίας,
3243 4474 3316 4536 ὡς
3380 4476 3586 4547 μωροῖς
3648 4471 3776 4526 ἐνο-

368 4540 547 4616 causa
577 4560 807 4629 salutis,
841 4579 874 4617 a
920 4563 1152 4634 quibus,
1202 4579 1332 4619 cum
1386 4540 1561 4634 prius
1592 4562 1756 4619 stulti
1792 4540 2005 4634 essent,
2039 4540 2094 4605 Ῐ)
2124 4540 2335 4638 plicata.

366 4665 551 4720 praeco
584 4665 714 4706 esse
748 4651 1005 4707 stultitiae
1037 4652 1377 4724 putabatur.

443 4739 562 4794 Vll.
600 4740 727 4795 Haec
759 4757 890 4795 cum
922 4745 1122 4797 essent
1165 4740 1391 4811 prasidi
1424 4741 1522 4797 ira:
1553 4741 1795 4797 materia
1824 4750 1877 4797 et
1908 4759 2011 4799 oc-

366 4828 542 4897 casio,
576 4827 727 4885 aliud
763 4831 899 4900 quid
944 4830 1075 4885 novi
1108 4830 1392 4898 incidens,
1426 4830 1613 4902 magis
1644 4833 2009 4889 conturbavit

364 4922 421 4971 et
447 4917 517 4973 ad
552 4918 699 4974 iram
733 4919 1048 4975 concitavit
1082 4918 1529 4975 intolerandam.
1563 4922 1835 4983 Quaedam
1866 4922 2006 4977 enim

359 5007 809 5077 adolescentula,
852 5026 979 5080 quae
1013 5026 1200 5080 nuper
1226 5025 1296 5065 ex
1322 5009 1703 5081 virginalibus
1736 5010 2007 5068 thalamis

365 5102 725 5167 processerat
773 5102 829 5154 et
861 5114 1002 5154 ausa
1032 5103 1155 5153 erat
1195 5099 1388 5153 venire
1422 5098 1480 5152 in
1512 5103 1887 5168 conspectum
1920 5100 2006 5155 vi-

366 5200 587 5250 rorum,
613 5203 744 5241 cum
764 5203 825 5242 se
848 5187 915 5242 ad
928 5186 1253 5243 miscuisset
1273 5185 1634 5241 multitudini
1654 5190 1710 5241 et
1729 5187 2007 5245 athletam

364 5272 604 5329 fratrem
636 5291 761 5331 esse
784 5277 1140 5347 agnovisset,
1176 5276 1453 5331 accedens
1474 5275 1532 5329 in
1565 5274 1822 5331 medium
1847 5277 2008 5333 thea-

366 5367 539 5425 trum,
564 5378 695 5417 eum
720 5366 1045 5436 complexa,
1069 5366 1268 5421 statim
1292 5364 1535 5419 docebat
1557 5363 1727 5433 signa
1756 5366 2005 5436 generis,

361 5464 420 5504 se
451 5451 681 5506 eosdem
735 5452 998 5511 videlicet
1038 5471 1209 5510 nosse
1267 5456 1559 5525 parentes,
1600 5453 1800 5508 eodem
1848 5459 2006 5511 utero

360 5552 488 5593 esse
520 5538 726 5604 editos,
764 5557 827 5595 ac
855 5544 1055 5599 eadem
1108 5543 1335 5599 suxisse
1368 5542 1565 5596 ubera.
1599 5540 1817 5597 Deinde
1846 5560 2005 5600 revo-

367 5627 540 5685 cabat
571 5625 631 5682 in
684 5633 934 5686 mentem
968 5638 1280 5703 parentum
1312 5628 1796 5701 benevolentiam,
1828 5637 1883 5688 et
1915 5649 2010 5690 co-

2186 4749 2253 4800 Z'.
2287 4746 2470 4800 Ταῦτα
2525 4746 2621 4796 τοῦ
2673 4744 2946 4817 ἡγεμόνος
3004 4741 3140 4818 ὀργῇ
3199 4740 3337 4812 ὕλην
3384 4738 3475 4794 καὶ
3506 4739 3771 4816 ἀφορμὴν

2111 4832 2463 4905 ποιουμένου,
2523 4832 2705 4906 ἕτερόν
2764 4853 2815 4886 τι
2874 4834 3056 4887 καινὸν
3118 4832 3371 4905 ἐμπεσὸν,
3432 4829 3650 4903 ἐτάραξὲ
3712 4850 3774 4884 τε

2112 4921 2367 4994 καὶπρὸς
2431 4920 2597 4994 ὀργὴν
2654 4921 2909 4992 ἐξέμηνεν
2966 4922 3354 4995 ἀκατάσχετον.
3414 4919 3605 4978 Νεᾶνις
3662 4919 3772 4992 γαρ

2114 5011 2233 5084 ἄρτι
2291 5015 2399 5065 τῶν
2477 5012 2808 5083 παρθενικῶν
2885 5011 3250 5081 ὑπεξελθοῦσα
3328 5007 3614 5081 θαλάμων,
3674 5007 3771 5061 καὶ

2113 5100 2349 5174 ἀρῥένων
2400 5099 2852 5174 καταϐαρῥγςσασα
2910 5096 3111 5173 ὅψεως,
3166 5104 3246 5171 τῷ
3306 5098 3504 5168 πλήθει
3566 5097 3768 5163 ἒαυτῆν

2112 5191 2433 5263 ἀραμίξασα,
2492 5188 2579 5242 καὶ
2642 5187 2874 5266 ἀδελφὸν
2934 5192 3072 5245 εἶναι
3127 5189 3217 5244 τὸν
3276 5187 3520 5257 ἀθλητήν
3580 5183 3773 5261 ὥσπερ

2114 5279 2443 5355 γνωρίσασα,
2480 5277 2641 5348 μέσον
2697 5284 2794 5333 τοῦ
2854 5283 3078 5354 θεάτρου
3126 5277 3495 5354 παρελθοῦσα,
3545 5274 3633 5329 καὶ
3687 5277 3772 5330 τὼ

2114 5373 2267 5445 χεῖρε
2323 5370 2511 5419 τοῦτον
2574 5362 2967 5435 περιϐαλοῦσα,
3049 5366 3203 5426 εὐθὺς
3283 5366 3349 5419 τὰ
3422 5366 3520 5416 τοῦ
3576 5360 3774 5435 γένους

2112 5452 2423 5509 ἀνεδίδασκε
2471 5450 2747 5525 σύμϐολα,
2798 5455 2861 5509 τὸ
2918 5455 3044 5517 τοὺς
3104 5454 3298 5515 αὐτοὺς
3355 5448 3551 5506 εἰδέναι
3609 5453 3777 5506 πανὲ-

2115 5565 2228 5619 ρας,
2259 5544 2319 5598 τὸ
2355 5548 2479 5614 μιᾶς
2527 5544 2761 5616 γαστρὸς
2807 5542 3119 5616 προελθεῖν,
3149 5542 3211 5597 τὸ
3242 5543 3368 5602 τοὺς
3422 5537 3617 5600 αὐτοὺς
3669 5541 3774 5609 Θη-

2113 5634 2275 5689 λάσαι
2346 5631 2602 5705 μαστούς.
2668 5633 2799 5688 Εἶτα
2856 5634 3055 5708 γονέων
3123 5630 3517 5707 φιλοστοργίας
3573 5628 3774 5701 ἀνεμί-
