4106 6200
294 297 438 359 1061

1150 296 1628 359 MARTYRIUM
1677 296 1787 356 SS.
1835 292 2214 353 EULAMPII
2268 294 2363 354 ET
2408 298 2850 363 EULAMPI/E.

3547 314 3701 375 1062

294 477 520 530 μνησκε,
564 458 916 529 συνοικισμοῦ
945 475 1003 510 τε
1032 454 1123 510 καὶ
1160 454 1492 524 ’συναυλίας,
1539 456 1629 510 καὶ
1678 453 1940 510 τοιούτων

2066 451 2568 526 habitationem,et
2591 459 2930 531 bujusmodi
2963 466 3078 524 alia
3108 469 3297 541 signa,
3330 475 3386 528 et
3407 478 3702 545 postremo

290 545 477 602 ἄλλων
530 540 846 619 συμϐόλωνο
900 546 986 598 καὶ
1043 543 1203 608 τέλος
1241 551 1342 614 τῆς
1392 545 1557 611 αὐτῆς
1606 544 1809 600 ἒθὲλειν
1856 544 1948 597 καὶ

294 638 528 699 πίστεως
588 634 745 711 ἔλεγε
788 634 878 689 καὶ
935 639 1032 689 τοῦ
1091 630 1429 707 σεϐάσματος
1495 639 1805 709 μετασχεῖν,
1860 632 1949 687 καὶ

1153 723 1233 797 τῷ
1302 723 1523 804 ἀδελφῷ
1590 726 1733 794 παθη
1746 723 1949 796 μάτων.

301 820 487 874 Ταῦτα
524 815 726 883 τοίνυν,
779 815 869 869 τὸν
932 816 1025 887 μὲν
1080 811 1454 887 κακοδαίμονα
1508 815 1763 888 τόραννον
1822 814 1953 867 ἀπο-

296 731 404 780 τῶν
469 727 644 780 αὐτῶν
734 731 1057 793 κοινωνῆσαι

304 913 420 987 ρίας
468 911 737 984 ἐπλήρου,
784 912 911 973 τοὺς
957 907 1012 964 δὲ
1061 911 1251 973 θεατὰς
1299 916 1406 963 τῶν
1463 907 1755 984 δρωμένων
1820 929 1950 981 μετ-

304 1001 550 1057 εκαλεῖτο
581 1001 716 1072 πρὸς
764 1001 862 1069 τήν
916 995 1203 1069 εὐσέϐειαν,
1261 1001 1350 1053 καὶ
1409 1000 1467 1061 ’ὀς
1518 998 1711 1054 αὐτίκα
1752 1000 1952 1071 μικρὸς

303 1090 395 1159 ὢν,
462 1091 597 1163 πρὸς
667 1091 895 1164 μιαροὺς
964 1089 1164 1168 ἐχώρει
1235 1088 1557 1164 λογισμοὺς⁸
1629 1089 1717 1143 καὶ
1836 1089 1949 1150 άοει

306 1178 517 1251 μᾶλλον
570 1183 885 1252 σωματικῆς
945 1179 1249 1247 συνουσίας,
1312 1179 1439 1253 οὐχὶ
1498 1181 1652 1251 πόθῳ
1712 1182 1951 1253 Χριστοῦ

301 1268 603 1345 προσφύναι
657 1273 735 1339 τῷ
790 1271 1019 1343 μάρτυρι
1064 1270 1264 1338 ταύτην
1321 1268 1479 1341 ᾤετο.
1540 1266 1714 1343 Δριμὺ
1771 1268 1949 1322 τοίνυν

300 1361 390 1413 καί
424 1355 679 1435 ἐμϐριθὲς
722 1360 856 1433 πρὸς
901 1357 1064 1428 αὐτήν
1118 1360 1380 1421 ἀτενίσας.
1434 1361 1501 1416 Τί
1552 1382 1660 1429 σοι,
1710 1361 1864 1437 φησὶ,
1907 1360 1951 1412 ῶ

298 1448 475 1522 γύναι,
535 1450 598 1503 τὸ
657 1450 895 1527 σόφισμα
957 1448 1219 1526 βούλεται
1284 1454 1465 1519 τοῦτο,
1526 1451 1615 1504 καὶ
1673 1454 1790 1512 πῶς
1850 1446 1950 1519 ἄρα

302 1539 574 1615 πρόφασιν
631 1537 899 1611 ἐρωτικῆς
962 1538 1153 1612 μανίας
1211 1546 1310 1608 τῆς
1370 1538 1505 1612 πρὸς
1562 1540 1652 1594 τὸν
1712 1538 1952 1612 παρόντα

300 1628 512 1681 τουτονὶ
580 1628 881 1697 νεανίσκον,

954 1630 1053 1697 τὴν
1158 1634 1255 1697 τῆς
1322 1626 1606 1702 θηρσκείας
1673 1629 1948 1698 μετάθεσιν

303 1714 596 1786 ἐποιήσω;
650 1714 827 1771 Ἀλλὰ
884 1716 1153 1790 ἀνάνηψον
1204 1724 1305 1785 τῆς
1363 1717 1799 1791 περικεχυμένης
1866 1738 1950 1770 σοι

2057 542 2282 600 dicebat
2334 562 2395 601 se
2447 549 2589 603 velle
2622 566 2747 606 esse
2799 554 3138 626 participem
3182 542 3439 628 ejusdem
3484 564 3613 621 fidei
3646 569 3703 621 et

2057 632 2375 705 religionis,
2397 641 2453 692 et
2484 641 2875 698 communiter
2896 660 3024 699 cum
3052 647 3226 703 fratre
3245 655 3477 708 easdem
3503 656 3700 711 subire

2059 725 2484 793 perpessiones.
2510 729 2623 783 Hac
2647 746 2783 801 ergo
2806 733 3090 791 infelicem
3115 738 3350 808 quidem
3386 746 3697 813 tyrannum

2056 812 2379 882 implebant
2422 816 2785 876 dubitatione
2818 838 2830 875 :
2880 828 3233 893 spectatores
3274 812 3468 885 autem
3501 848 3699 889 eorum

2058 917 2183 971 quis
2221 902 2457 972 flebant,
2484 910 2873 978 provocabant
2895 912 2968 967 ad
2989 914 3283 984 pietatem.
3300 919 3581 975 Caeterum
3606 922 3703 979 ille

2058 992 2347 1061 protinus,
2367 1009 2497 1050 cum
2523 1002 2677 1053 esset
2700 999 3039 1068 sceleratus,
3060 1021 3120 1059 se
3149 1005 3220 1059 ad
3243 1006 3550 1065 sceleratas
3572 1027 3705 1067 con-

2058 1080 2230 1134 vertit
2269 1083 2675 1154 cogitationes,
2708 1092 2763 1142 et
2785 1094 3019 1161 propter
3050 1093 3411 1150 affectionem
3444 1101 3703 1169 corporis

2058 1172 2521 1244 consuetudinis,
2555 1191 2669 1230 non
2728 1186 2920 1234 autem
2952 1191 3185 1252 propter
3228 1186 3532 1255 sanguinis
3563 1205 3703 1244 con-

2049 1256 2443 1329 junctionem,
2456 1262 2787 1334 Christique
2800 1267 3175 1339 desiderium,
3192 1272 3563 1331 existimabat
3579 1294 3702 1333 eam

2060 1346 2127 1399 ad
2141 1346 2352 1403 herere
2387 1354 2648 1423 martyri.
2674 1354 2856 1410 Torve
2880 1356 3076 1428 itaque
3098 1365 3155 1415 et
3183 1361 3448 1417 ferociter
3472 1380 3598 1420 eam
3620 1367 3704 1423 in-

2059 1441 2227 1491 tuens
2261 1452 2274 1491 :
2308 1437 2455 1500 Quid
2490 1440 2619 1509 sibi,
2648 1442 2861 1513 inquit,
2898 1462 2929 1500 ο
2960 1447 3190 1515 mulier,
3220 1450 3345 1507 vult
3391 1451 3497 1507 hoc
3530 1459 3700 1511 tuum

2059 1532 2481 1599 commentum,
2506 1534 2562 1584 et
2582 1534 2874 1601 quomodo
2899 1541 3133 1609 propter
3152 1538 3441 1597 insaniam
3464 1543 3520 1598 in
3546 1544 3704 1602 hunc

2057 1614 2487 1673 adolescentem
2550 1622 2791 1677 mutasti
2850 1624 3242 1697 religionem?
3273 1629 3381 1685 Sed
3423 1633 3703 1704 resipisce

2057 1703 2130 1757 ab
2162 1704 2270 1759 hac
2293 1704 2647 1764 circumfusa
2678 1710 2924 1783 caligine
2956 1718 3072 1770 tua:
3104 1703 3703 1795 atfectionis,etplaca

299 1804 503 1873 ταύτης
530 1809 626 1860 τοῦ
657 1807 861 1869 πάθους
892 1804 1123 1884 ἀχλύος,
1168 1807 1259 1861 καὶ
1289 1810 1351 1861 τὸ
1402 1806 1789 1881 φιλάνθρωπον
1834 1812 1940 1863 τῶν

2066 1791 2401 1851 invictorum
2430 1797 2673 1854 deorum
2707 1800 3094 1860 clementiam.
3121 1806 3229 1869 Qui
3261 1791 3700 1885 ﬁtenim,quod

299 1893 584 1963 ἀηττήτων
640 1896 772 1949 θεῶν
807 1894 1111 1967 ἐξιλὲωσαι-
1139 1896 1199 1950 Τί
1246 1896 1347 1972 γὰρ
1406 1898 1467 1951 τὸ
1521 1896 1691 1958 οὕτως
1741 1919 1797 1951 σε
1848 1919 1943 1969 με·

296 1984 549 2037 τάπεῖσαν
604 1983 832 2057 ἀθρόως,
878 1984 1015 2039 ὥστε
1071 1988 1166 2039 τοῦ
1224 1982 1449 2053 ἡδίστου
1505 1985 1701 2040 τούτου
1742 1988 1942 2065 φωτὸς,

297 2071 386 2125 καὶ
419 2077 527 2126 τῶν
560 2071 609 2126 ἐν
652 2073 755 2146 βίῳ
785 2078 1027 2147 τερπνῶν
1071 2074 1394 2143 ἀποστῆναι,
1446 2076 1609 2150 γόητι
1660 2074 1717 2130 δὲ
1763 2078 1946 2147 νεανίᾳ

298 2160 809 2234 προσκολληθῆναι,
856 2162 944 2217 καί
998 2160 1201 2217 ἀναιδεῖ
1251 2164 1531 2239 προσώπῳ
1577 2168 1655 2235 τῷ
1703 2166 1948 2240 ἡμετέρῳ

304 2251 514 2323 βήματι
583 2258 943 2324 παραστῆναι,
1009 2252 1075 2307 τά
1142 2258 1413 2328 συγγενῶν
1492 2254 1947 2329 ὑποκρινομένην,

302 2339 390 2392 καὶ
438 2339 571 2413 πρὸς
627 2337 924 2418 ἀδελφικὴν
991 2341 1221 2411 ἑνότητα
1268 2342 1367 2409 τὴν
1419 2343 1603 2417 σχὲσιν
1647 2346 1952 2415 μετατιθεῖ-

308 2445 422 2482 σαν·
456 2426 602 2495 πλὴν
636 2427 762 2483 ἀλλ’
821 2428 881 2483 οὐ
939 2433 1035 2483 τοῦ
1083 2430 1353 2505 ἡμετέρου
1402 2432 1784 2507 καταγελάσεις
1848 2434 1952 2508 βή-

316 2537 503 2589 ματος,
537 2514 665 2571 οὐδὲ
730 2522 838 2572 τῶν
886 2518 1298 2593 αὐτοκρατόρων
1356 2522 1748 2594 καταμωκήσῃ,
1814 2541 1955 2594 μαρ-

309 2607 545 2681 τύρομαι
588 2608 739 2671 θεοὺς
790 2610 1049 2681 ἅπαντας,
1098 2610 1187 2663 καὶ
1236 2608 1298 2663 τὸ
1341 2614 1437 2664 τοῦ
1498 2612 1746 2685 βήματος
1796 2614 1956 2684 ἡμῶν

315 2694 554 2768 εὐμενὲς,
586 2698 672 2750 καὶ
717 2696 1127 2775 φιλάνθρωπον,
1189 2697 1263 2758 ὡς
1309 2695 1460 2752 οὐδὲν
1511 2719 1561 2751 τι
1612 2697 1778 2753 πλέον
1818 2698 1952 2769 ’ὲξεις

314 2783 662 2857 Εὐλαμπίου,
694 2787 727 2856 ἢ
758 2787 820 2840 τὸ
852 2786 1063 2859 χείροσι
1098 2786 1349 2860 βασάνοις
1382 2782 1783 2856 ὑποϐληθῆναι.

383 2876 465 2932 Η’.
515 2877 654 2949 Πρὸς
702 2876 835 2949 ἃπερ
866 2878 900 2944 ἡ
938 2875 1141 2949 μάρτυς
1188 2874 1488 2951 άρῥενωπῷ
1542 2882 1620 2949 τῷ
1670 2880 1955 2956 φρονήμα-

308 2986 382 3032 τι,
418 2963 680 3039 εὒστοχον
720 2965 981 3037 ἐποιεῖτο,
1012 2966 1103 3019 καὶ
1152 2967 1250 3035 τήν
1299 2966 1607 3041 ἁπόκρισίν·
1664 2973 1953 3036 ’¹Ακουσαν,

310 3056 557 3123 εἰποῦσα,
592 3052 635 3108 ὦ
677 3052 923 3124 δικαστά,
980 3055 1069 3109 καὶ
1126 3056 1219 3109 τὸν
1279 3054 1407 3128 ἐμὸν
1469 3056 1545 3116 ὡς
1603 3049 1717 3130 ἔχει
1787 3058 1956 3133 γνῶθι

312 3143 531 3199 σκοπόν.
570 3147 807 3216 Χριστοῦ
842 3145 1073 3222 ὑπάρχω
1133 3141 1330 3213 δούλη·
1376 3146 1612 3220 Χριστὸς
1663 3144 1785 3217 ἐμοὶ
1843 3146 1954 3215 ζωή
1991 3176 2043 3244 G

312 3232 402 3286 καὶ
435 3236 621 3311 ψυχῆς
655 3232 997 3308 άγαλλίαμα.
1049 3233 1263 3290 Τούτου
1316 3236 1447 3307 ὲρῶ,
1494 3233 1673 3307 τούτῳ
1722 3233 1958 3303 σπεύδω,

312 3328 560 3390 τυθῆναι.
639 3324 797 3396 Ύπέρ
862 3321 1061 3377 τούτου
1146 3325 1235 3377 καὶ
1330 3328 1436 3397 πῦρ
1503 3323 1799 3399 εὐτρέπιζε,
1868 3326 1957 3379 καὶ

316 3414 485 3484 θῆρας
518 3410 631 3484 ἄγε,
663 3413 753 3465 καὶ
792 3410 1033 3490 τροχοὺς
1083 3410 1356 3484 ὲτοίμαζε,
1407 3413 1494 3467 καὶ
1545 3413 1668 3490 ξίφη
1727 3413 1957 3487 γύμνου,

314 3502 403 3554 καὶ
451 3506 623 3554 πᾶσαν
680 3498 859 3570 ἄλλην
915 3499 1117 3555 ἐπινόει
1179 3502 1431 3575 βάσανον,
1489 3501 1579 3555 ἳνα
1637 3502 1814 3575 μάθῃς
1874 3501 1958 3555 ὅτι

315 3591 423 3664 οὐχ
462 3588 635 3651 οὕτως
667 3589 895 3665 ἀγεννὴς
929 3589 1038 3666 ἐγὼ
1069 3590 1157 3643 καὶ
1198 3589 1568 3665 μικρόψυχος,
1609 3590 1692 3658 οδ,
1747 3592 1821 3663 μά
1865 3592 1958 3645 τὸν

317 3680 451 3753 ὑπὲρ
482 3674 749 3740 εὐσεϐείας
796 3683 988 3734 τοῦτον
1037 3679 1239 3752 ἀγῶνα,
1290 3680 1347 3732 ὃν
1406 3680 1494 3733 καὶ
1557 3679 1721 3755 μέχρι
1768 3680 1961 3741 τέλους

313 3767 653 3843 ἂγωνιοῦμαί
710 3789 767 3822 τε
809 3769 897 3823 καὶ
940 3766 1279 3843 δραμοῦμαι,
1340 3770 1429 3822 καὶ
1474 3770 1609 3844 πρὸς
1655 3774 1758 3823 πᾶν
1815 3766 1959 3831 εἶδος

312 3857 592 3917 κολάσεως
670 3858 861 3927 ἑαυτὴν
933 3855 1150 3912 ἔκδοτον
1244 3860 1597 3931 παραστήσω,
1668 3856 1761 3911 ’ίνα
1817 3862 1963 3933 γνῷς

313 3948 399 4001 ὅτι
467 3944 676 4023 ἁδελφὴ
735 3944 840 4021 ἒγὼ
890 3946 1109 4017 τούτου,
1162 3947 1249 4001 καὶ
1309 3948 1375 4000 τὰ
1432 3944 1641 4020 ἀδελφά
1690 3951 1961 4023 φρονοῦσα

308 4041 405 4091 τοῦ
437 4037 531 4096 τὰς
574 4036 667 4099 σὰς
718 4035 985 4111 βασάνους
1040 4037 1116 4108 μή
1172 4036 1601 4106 ὑποπτήξαντος,
1647 4036 1736 4090 καὶ
1784 4036 1849 4089 τά
1897 4035 1962 4090 σὰ

312 4121 625 4198 σεϐάσματα
682 4124 1107 4192 καταλύσαντος,
1166 4125 1255 4179 καὶ
1314 4125 1466 4186 αὖθις
1527 4122 1583 4178 δέ
1640 4146 1727 4178 σοι
1792 4125 1959 4202 φημὶ,

316 4214 392 4283 μὴ
461 4213 597 4285 πρὸς
672 4213 772 4279 τήν
837 4218 937 4281 τῆς
1019 4211 1327 4286 γυναικείας
1394 4211 1605 4287 φύσεως
1686 4210 1959 4289 ἀφορωντι

312 4299 610 4365 ἆσθὲνειαν,
681 4301 893 4369 ἀνάξιόν
970 4321 1023 4354 τι
1078 4307 1177 4370 τῆς
1236 4299 1472 4362 διανοίας
1537 4302 1633 4371 τῆς
1690 4299 1959 4375 ἡμετέρας

313 4386 552 4455 ἐλπίσαι,
588 4386 728 4460 μηδέ
766 4391 827 4444 τὸ
876 4397 974 4459 τῆς
1025 4388 1246 4458 ἡλικίας
1301 4390 1508 4445 ἁπαλὸν
1565 4390 1958 4459 εὐεξαπάτητον

312 4477 530 4546 νομίσαι
560 4482 677 4535 ταῖς
725 4483 842 4539 σαῖς
899 4477 1185 4540 ἐπινοίαις.
1218 4480 1278 4534 ’0
1326 4479 1429 4555 γάρ
1476 4480 1613 4553 πρὸς
1660 4481 1749 4533 τὸν
1801 4478 1960 4533 αὐτοῦ

2053 1884 2116 1936 tu
2150 1886 2269 1937 tam
2302 1890 2541 1955 repente
2579 1888 2660 1943 sis
2694 1894 2936 1955 mutata,
2971 1897 3031 1947 ut
3060 1893 3131 1948 ab
3163 1895 3271 1951 hac
3300 1896 3428 1954 luce
3473 1884 3700 1957 suavis-

2054 1969 2227 2040 sima,
2251 1975 2308 2026 et
2340 1973 2410 2027 ab
2446 1974 2516 2029 iis
2550 1992 2676 2046 quae
2700 1984 2837 2033 sunt
2859 1980 2915 2035 in
2940 1982 3060 2037 vita
3081 1984 3371 2055 jucunda,
3405 1989 3705 2063 discedas;

2056 2060 2463 2132 praeetigiatori
2504 2070 2695 2121 autem
2749 2069 2949 2137 juveni
3001 2072 3379 2143 adhaerescas,
3413 2085 3469 2133 et
3516 2060 3707 2151 impu;

2057 2148 2216 2203 denti
2255 2149 2416 2206 vultu
2450 2153 2521 2207 ad
2554 2158 2811 2212 nostrum
2844 2165 2895 2213 te
2926 2160 3098 2216 sistas
3121 2162 3398 2231 tribunal,
3424 2148 3705 2224 simulan-

2058 2243 2176 2293 tem
2210 2242 2640 2311 cognationem,
2687 2249 2745 2301 et
2776 2249 3171 2307 traducentem
3214 2258 3700 2314 consuetudinem

2063 2327 2133 2381 ad
2161 2328 2471 2385 fraternam
2506 2334 2780 2390 unionem
2805 2336 2831 2390 ‘I
2863 2337 3067 2394 Verum
3114 2341 3407 2399 enimvero
3440 2350 3703 2402 nostrum

2063 2416 2319 2473 tribunal
2351 2437 2464 2475 non
2496 2421 2790 2492 irridebis,
2816 2442 2918 2481 nec
2950 2429 3326 2499 imperatores
3353 2433 3595 2491 habebis
3619 2436 3705 2490 lu-

2067 2505 2271 2561 dibrio.
2306 2509 2511 2565 Testor
2546 2512 2680 2567 deos
2710 2529 2937 2581 omnes,
2969 2521 3027 2570 et
3058 2520 3241 2575 nostri
3273 2522 3581 2579 tribunalis
3612 2525 3707 2580 be-

2068 2594 2411 2666 nignitatem
2444 2603 2500 2653 et
2531 2599 2919 2673 clementiam,
2950 2604 3053 2659 tibi
3087 2606 3231 2662 nihil
3262 2610 3515 2681 amplius
3548 2613 3705 2667 futu-

2066 2700 2219 2751 rum,
2254 2701 2431 2756 quam
2490 2689 2815 2761 Eulampio,
2868 2692 2981 2748 nisi
3040 2696 3196 2765 quod
3269 2698 3352 2753 sis
3412 2701 3707 2770 pejoribus

2068 2776 2377 2831 tormentis
2409 2776 2792 2847 subjicienda.

2138 2863 2279 2920 VIII.
2303 2867 2388 2922 Ad
2420 2867 2539 2923 haec
2560 2874 2773 2942 martyr
2796 2873 3123 2929 masculino
3144 2875 3353 2946 spiritu
3376 2882 3432 2933 et
3462 2880 3709 2936 audacia

2067 2958 2199 3025 apte
2231 2957 2530 3027 respondit
2562 2973 2575 3013 :
2610 2960 3020 3029 Audi,dicens,
3054 2980 3086 3018 ο
3109 2965 3311 3033 judex,
3344 2972 3401 3021 et
3430 2982 3711 3039 cognosce

2068 3059 2263 3099 meum
2326 3054 2386 3099 ut
2432 3062 2495 3101 se
2552 3047 2723 3104 habet
2771 3067 3011 3121 scopum
3062 3069 3127 3108 ac
3185 3054 3537 3112 institutum.
3572 3059 3709 3115 Sum

2067 3132 2281 3189 Christi
2339 3135 2569 3192 ancilla.
2602 3137 2867 3194 Christus
2910 3144 2999 3195 est
3056 3142 3197 3196 mihi
3229 3145 3365 3211 vita,
3398 3150 3454 3200 et
3501 3148 3711 3204 animae

2068 3223 2401 3278 exsultatio.
2435 3226 2575 3280 Eum
2608 3243 2762 3294 amo,
2795 3230 2844 3284 ei
2877 3231 3081 3286 studeo
3114 3233 3452 3289 sacrificari.
3482 3239 3590 3291 Pro
3641 3253 3706 3293 eo

2067 3317 2123 3368 et
2175 3312 2369 3385 ignem
2404 3331 2562 3384 para,
2594 3320 2649 3371 et
2690 3318 2802 3373 duc
2833 3319 3073 3387 bestias,
3106 3326 3162 3376 et
3195 3328 3351 3379 rotas
3399 3326 3627 3395 expedi,
3658 3332 3714 3382 et

2068 3400 2289 3474 stringe
2319 3418 2513 3470 enses,
2544 3408 2600 3458 et
2646 3407 2908 3478 excogita
2944 3424 3112 3464 omne
3141 3410 3297 3465 aliud
3332 3416 3709 3482 tormentum,

2068 3496 2133 3546 ut
2162 3491 2312 3547 scias
2344 3507 2435 3547 me
2476 3508 2588 3547 non
2636 3510 2763 3550 esse
2794 3500 2913 3551 tam
2949 3497 3140 3569 ignavi
3172 3505 3229 3555 et
3278 3502 3478 3571 pusilli
3508 3505 3711 3559 animi.

2066 3584 2208 3647 Hoc,
2234 3584 2385 3655 quod
2411 3600 2516 3654 pro
2535 3583 2747 3655 pietate
2768 3586 3085 3657 suscipitur
3111 3594 3509 3657 certamen,ad
3534 3594 3712 3649 finem

2070 3687 2256 3743 usque
2301 3673 2601 3729 decertabo
2633 3681 2684 3729 et
2717 3691 3011 3745 peragam,
3044 3681 3101 3732 et
3150 3679 3430 3750 meipsam
3482 3683 3710 3737 tradam

2067 3761 2137 3815 ad
2173 3776 2345 3815 omne
2383 3776 2571 3832 genus
2603 3762 2893 3833 supplicii,
2930 3772 2985 3819 ut
3010 3766 3155 3820 scias
3188 3782 3277 3821 me
3308 3782 3437 3825 esse
3469 3770 3594 3839 ejus
3620 3787 3714 3825 so-

2071 3866 2286 3918 rorem,
2317 3856 2375 3906 et
2407 3852 2655 3907 fraterne
2686 3853 2912 3923 eadem,
2954 3870 3080 3924 qua:
3110 3854 3208 3912 ille
3248 3858 3447 3927 sentit,
3480 3860 3713 3928 sentire,

2071 3940 2170 4012 qui
2201 3948 2298 3995 tua
2328 3944 2619 3996 tormenta
2649 3938 2764 3997 non
2799 3942 3149 4013 formidavit,
3193 3950 3249 4002 et
3280 3962 3346 4002 ea
3387 3964 3513 4019 que
3548 3948 3714 4018 colis,

2070 4028 2385 4085 simulacra
2416 4030 2612 4086 diruit.
2670 4034 2847 4087 Porro
2880 4038 3071 4089 autem
3110 4052 3312 4092 rursus
3349 4054 3580 4109 quoque
3614 4038 3716 4093 tibi

2069 4118 2217 4186 dico,
2254 4135 2323 4174 ne
2356 4119 2644 4191 aspiciens
2674 4122 2744 4176 ad
2779 4120 3081 4179 muliebris
3128 4141 3300 4181 sexus
3348 4126 3717 4183 imbecillita-

2068 4214 2207 4277 tem,
2240 4225 2441 4278 speres
2473 4209 2692 4280 aliquid
2720 4210 3024 4283 indignum
3060 4219 3258 4269 nostra
3280 4220 3494 4283 mente,
3528 4233 3717 4287 neque

2071 4298 2256 4353 aetatis
2315 4298 2617 4353 mollitiem
2653 4307 2820 4370 putes
2862 4300 2978 4355 tuis
3034 4300 3284 4357 inventis
3332 4304 3499 4359 facile
3547 4322 3719 4375 posse

2070 4387 2280 4458 decipi.
2315 4388 2423 4453 Qui
2445 4388 2603 4443 enim
2636 4405 2741 4445 nos
2764 4389 2833 4444 ad
2866 4387 3127 4445 divinum
3154 4407 3324 4446 suum
3354 4393 3530 4447 erexit
3561 4411 3717 4449 amo-

2068 4492 2214 4544 rem,
2249 4484 2301 4531 et
2327 4494 2429 4532 nos
2460 4478 2707 4534 armavit
2737 4479 2809 4533 ad
2834 4478 3049 4535 bellum
3084 4484 3288 4536 contra
3312 4484 3369 4538 te
3395 4484 3715 4553 gerendum

314 4561 489 4641 ἔρωτα
521 4567 801 4636 πτερώσας
843 4569 1014 4638 ἡμᾶς,
1060 4567 1149 4621 καὶ
1196 4570 1331 4641 πρὸς
1384 4568 1474 4622 τὸν
1520 4567 1657 4622 κατᾶ
1710 4571 1827 4635 σοῦ,
1867 4567 1958 4622 καὶ

2071 4573 2123 4620 el
2154 4564 2473 4632 diabolum,
2499 4566 2623 4637 ipse
2654 4571 2711 4623 et
2748 4567 3029 4637 praebebit
3058 4567 3209 4623 vires
3239 4572 3297 4624 et
3327 4549 3718 4627 clarissimam

313 4660 409 4710 τοῦ
471 4651 735 4711 διαϐόλου
795 4655 1040 4727 πόλεμον
1098 4655 1453 4729 καθοπλίσας,
1502 4658 1665 4720 αὐτὸς
1717 4656 1807 4711 καὶ
1862 4660 1962 4727 τὴν

317 4742 547 4817 δύναμιν
616 4743 807 4820 ὁρέξει,
866 4744 956 4799 καὶ
1005 4745 1105 4811 τὴν
1161 4746 1311 4810 νίκην
1367 4743 1823 4823 περιφανεστάτην
1874 4746 1962 4819 ἐρ-

313 4834 554 4911 γάσεται.

386 4926 462 4979 Θ’.
512 4924 737 4984 Τούτοις
799 4923 827 4992 ἡ
891 4923 1097 4997 μάρτυς
1151 4922 1672 5000 πεπαρῥησιασμένῃ
1730 4923 1958 4999 γλώττῃ

313 5017 410 5068 τοῦ
461 5013 719 5088 τυράννου
780 5017 963 5086 σαφῶς
1046 5013 1577 5088 καταρητορεύσασα,
1644 5012 1960 5089 ἐρῥαπίζετο

314 5102 409 5162 τὰς
470 5102 697 5176 παρείας
754 5102 1136 5176 ἀπηνέστερον,
1194 5102 1284 5156 καὶ
1348 5098 1471 5175 ὄψιν
1547 5103 1788 5177 ἰσχυρῶς
1846 5124 1962 5157 συν-

316 5186 581 5265 ετρίϐετο,
620 5191 682 5246 τὸ
733 5188 788 5245 δὲ
834 5198 932 5261 τῆς
996 5194 1213 5267 μορφῆς
1270 5190 1489 5267 ἐπίχαρι
1547 5191 1957 5261 καθηλλοίωτο,

316 5282 403 5334 καὶ
462 5282 523 5335 τὸ
580 5288 679 5350 τῆς
729 5288 914 5357 φωνῆς
973 5276 1256 5336 ἐσϐέννυτο
1313 5279 1561 5357 ὄργανον,
1621 5286 1689 5355 τῇ
1746 5288 1961 5357 συνεχεῖ

314 5374 420 5424 τῶν
461 5371 815 5444 ῥαπισμάτων
865 5371 1112 5448 ἐπιφορᾷ.
1172 5373 1311 5444 Πρὸς
1361 5377 1528 5426 ταῦτα
1576 5373 1695 5447 εἶχε
1745 5374 1838 5444 μὲν
1869 5374 1960 5427 τὸν

317 5456 549 5537 ἀδελφὸν
611 5458 1009 5536 ἐπιρῥωννύντα
1064 5461 1153 5515 καὶ
1212 5464 1623 5536 παραθήγοντα,
1676 5461 1764 5516 καὶ
1822 5462 1958 5536 πρὸς

316 5548 409 5609 τὰς
474 5548 736 5621 βασάνους
804 5548 1203 5622 εὐτολμοτέραν
1254 5550 1387 5604 εἶναι
1435 5554 1710 5604 ποιοῦντα·
1770 5546 1959 5622 ἡνδρί-

322 5644 440 5708 ζετο
478 5634 533 5692 δὲ
562 5638 653 5691 καὶ
696 5638 831 5707 αὐτὴ
875 5640 991 5692 καθ’
1048 5637 1170 5693 ὅσον
1232 5640 1345 5694 οἷόν
1403 5659 1461 5693 τε
1516 5638 1605 5692 καὶ
1664 5637 1955 5713 λογισμοῖς

2074 4654 2287 4711 efﬁciet
2324 4655 2648 4713 victoriam.

2144 4922 2232 4978 ΙΧ.
2267 4922 2397 4979 Haec
2428 4928 2650 4996 martyr
2679 4923 2885 4995 lingua
2914 4923 3095 4980 libera
3140 4928 3336 4995 aperte
3383 4925 3580 4980 dicens
3609 4924 3679 4979 ad
3702 4954 3719 4965 -

2070 5027 2273 5068 versus
2288 5020 2620 5084 tyrannum.
2639 5011 2915 5083 colaphos
2932 5014 3097 5085 genia
3115 5013 3720 5083 crudeliterimpactos

2071 5102 2312 5171 accepit,
2344 5106 2401 5156 et
2446 5101 2556 5156 fuit
2585 5102 2710 5171 ejus
2759 5102 2955 5158 vultus
2985 5102 3357 5158 vehementer
3406 5107 3713 5159 contusus.

2070 5193 2292 5246 Mutata
2354 5195 2441 5247 est
2472 5196 2635 5247 autm
2666 5192 2793 5261 ejus
2826 5192 3023 5247 forma:
3053 5192 3257 5263 gratia,
3281 5197 3337 5247 et
3366 5192 3715 5248 exstinctum

2068 5278 2179 5335 fuit
2210 5279 2363 5336 vocis
2393 5280 2851 5336 instrumentum
2885 5281 3123 5337 inﬂictis
3167 5281 3528 5338 continenter
3558 5282 3713 5338 cola-

2070 5369 2220 5440 phis.
2254 5371 2337 5424 Ad
2375 5370 2496 5424 hinc
2527 5370 2774 5425 habebat
2810 5372 3043 5441 quidem
3078 5371 3313 5427 fratrem
3346 5388 3470 5428 eam
3503 5374 3713 5429 confir-

2069 5462 2342 5527 mantem,
2374 5466 2429 5515 et
2467 5458 2833 5528 incitantem,
2865 5464 2922 5515 et
2974 5459 3341 5516 audaciorem
3376 5463 3714 5520 reddentem

2070 5549 2141 5604 ad
2173 5549 2511 5605 certamina.
2529 5550 2663 5606 Erat
2683 5553 2878 5605 autem
2902 5549 3032 5622 ipsa
3053 5566 3285 5622 quoque
3302 5552 3509 5624 virilis,
3526 5555 3715 5625 quoad

2069 5639 2195 5711 ejus
2220 5639 2343 5695 fieri
2365 5643 2679 5711 poterat,et
2714 5640 3012 5711 generosis
3053 5641 3501 5713 cogitationibus
3538 5644 3720 5700 imbe-
