4106 6200
396 298 547 359 1063

393 458 691 519 cillitatem
716 460 937 514 natura;
955 456 1267 513 reficiebat.
1294 457 1403 513 Sed
1436 456 1557 512 haec
1590 473 1705 513 non
1736 459 1903 512 erant
1923 472 2036 512 om-

2170 454 2404 515 ἐνναίοις
2470 457 2532 510 τὸ
2598 456 2811 520 ἀσθενὲς

393 549 533 605 nino
558 546 787 620 praesidi
818 546 1146 602 tolerabilia
1166 544 1379 601 videnti
1402 552 1455 600 et
1478 561 1681 601 meram
1706 549 2043 601 sanctorum

392 637 670 709 loquendi
701 636 1029 693 libertatem
1061 639 1119 691 at
1164 634 1407 691 minime
1439 636 1741 691 cedentem
1793 634 2045 690 toleran-

395 730 557 786 tiam.
591 727 755 783 Unde
812 727 985 783 etiam
1036 742 1239 782 rursus
1294 742 1440 781 nova
1487 724 1895 797 excogitantur
1924 729 2045 779 tor-

395 822 595 877 menta
626 834 640 874 :
676 818 945 888 lebesque
978 817 1246 889 protinus
1279 820 1515 887 paratus
1547 816 1657 870 fuit
1688 814 1964 884 bulliens,
1986 820 2047 870 ut

399 913 679 977 martyres
727 907 1036 978 exciperet.
1078 904 1141 961 In
1192 921 1364 977 quem
1408 903 1755 974 Eulampius
1806 903 2043 975 quidem

400 996 759 1054 confidenter
796 999 885 1052 est
914 996 1220 1066 ingressus
1269 1012 1284 1049 :
1334 993 1639 1064 Eulampia
1697 996 1890 1049 autem
1943 994 2047 1065 (ita

403 1089 559 1144 enim
608 1085 1013 1159 appellabatur
1044 1089 1099 1141 et
1146 1085 1299 1158 ipsa)
1329 1089 1609 1155 tanquam
1660 1083 1943 1155 caligans,
1987 1088 2049 1139 ut

407 1194 534 1248 quae
564 1180 718 1231 esset
741 1181 945 1230 natura
968 1173 1217 1243 mollior,
1238 1179 1293 1230 et
1315 1191 1348 1230 a
1371 1174 1628 1244 maligno
1653 1172 2050 1245 impelleretur

404 1267 478 1323 ad
532 1256 930 1331 timiditatem,
964 1264 1314 1319 labascebat.
1349 1262 1461 1319 Sed
1511 1262 1709 1333 frater,
1750 1266 1851 1335 qui
1895 1262 2047 1317 idem

402 1359 528 1411 erat
575 1354 770 1410 socius
837 1353 1197 1421 certaminis,
1259 1354 1330 1408 ab
1376 1353 1492 1409 imo
1549 1368 1871 1423 emergens,
1924 1355 2050 1406 tan-

405 1459 581 1514 quam
630 1458 699 1497 ex
746 1442 941 1512 aliquo
995 1442 1253 1497 convivio
1303 1445 1360 1497 et
1407 1441 1629 1513 requie,
1681 1440 1921 1495 vocabat
1965 1456 2051 1496 so-

404 1548 619 1600 rorem,
653 1535 711 1587 et
741 1530 793 1586 ei
818 1530 1069 1586 addebat
1097 1530 1381 1595 animum,
1414 1534 1471 1585 et
1500 1529 1848 1585 hortabatur
1878 1532 1941 1583 ut
1967 1528 2055 1584 in-

404 1623 746 1695 grederetur
766 1621 1009 1677 lebetem
1034 1621 1234 1676 dicens
1260 1637 1273 1675 :
1298 1619 1452 1675 Nihil
1478 1619 1836 1685 extimescas,
1860 1618 2050 1674 solum

408 1713 711 1769 attendens
755 1712 811 1766 id
844 1710 999 1783 quod
1029 1711 1274 1777 videtur,
1302 1714 1357 1765 et
1388 1725 1503 1765 non
1538 1710 1609 1765 ad
1644 1714 1823 1764 Deum
1855 1708 2052 1764 oculos

1739 292 2024 356 MENSIS
2070 292 2453 354 OCTOBER.

3645 295 3765 358 106

2908 464 3008 527 τῆς
3100 457 3309 537 φύσεως
3402 458 3804 532 ἀνελάμϐανεν.

2153 541 2309 600 Ἀλλ’
2340 542 2439 599 οὐκ
2486 548 2552 614 ἦν
2602 543 2749 608 ὅλως
2799 549 3013 625 φορητὰ
3071 547 3239 605 ταῦτα
3293 555 3372 621 τῷ
3428 550 3679 626 ἡγεμόνι,
3739 546 3811 604 τό

2151 653 2208 688 τε
2262 640 2361 703 τῆς
2410 634 2718 710 παρρησίας
2775 633 3025 710 ἄκρατον,
3085 640 3171 693 καὶ
3228 640 3290 694 τὸ
3346 647 3447 709 τῆς
3515 641 3812 713 ὑπομονῆς

2153 720 2428 779 ἀνένδοτον
2462 729 2569 779 τῶν
2602 727 2773 800 ἁγίων
2825 728 3041 801 ὁρῶντι,
3092 728 3209 793 ὅθεν
3258 730 3349 783 καὶ
3394 728 3559 784 πάλιν
3605 751 3813 785 καινο-

2153 815 2281 887 τέρα
2355 813 2734 891 κολαστηρίων
2811 817 3045 890 ἐπίνοια,
3120 821 3211 874 xui
3285 819 3453 874 πάλιν
3512 821 3563 875 οἱ
3604 818 3814 892 δήμιοι

2155 903 2541 977 ἀπαραίτητον
2603 902 2770 977 λέϐης
2826 908 2928 982 γὰρ
2984 907 3280 983 καχλάζων
3356 911 3514 973 εὐθὺς
3570 911 3816 981 ἡτοιμάο

2159 998 2298 1061 ζετο,
2339 992 2430 1045 καὶ
2486 994 2614 1055 τοὺς
2674 994 2948 1070 μάρτυρας
3008 995 3328 1075 ὑπεδέχετο,
3388 999 3523 1071 πρὸς
3580 999 3636 1051 δν
3701 1017 3814 1071 περ

2157 1079 2479 1152 Εὐλάμπιος
2534 1084 2626 1155 μὲν
2676 1083 2845 1158 εἰσῄει
2895 1085 3128 1161 θαρῥῶν,
3178 1088 3211 1154 ἠ
3267 1088 3471 1160 μάρτυς
3512 1084 3568 1141 δὲ
3614 1086 3809 1161 ὥσπερ

2157 1168 2533 1245 ἱλιγγιάσασα,
2568 1167 2657 1227 ἅτε
2706 1170 2772 1243 δὴ
2823 1175 2912 1228 καὶ
2959 1176 3059 1244 τὴν
3109 1174 3263 1252 φύσιν
3310 1175 3657 1250 ἁπαλωτέρα,
3709 1177 3806 1230 καί

2158 1278 2209 1313 τι
2240 1260 2328 1312 καὶ
2360 1264 2456 1313 τοῦ
2486 1266 2729 1335 πονηροῦ
2760 1263 2887 1324 τοὺς
2912 1262 3214 1339 λογισμοὺς
3247 1265 3386 1338 αὐτῇ
3418 1266 3557 1338 πρὸς
3589 1262 3807 1319 δειλίαν

2160 1347 2611 1419 ὑποσαλεῦοντος,
2649 1349 2956 1421 ὀκλάζουσα
2998 1354 3088 1422 ἦν’
3142 1351 3302 1411 Ἀλλ’
3333 1355 3359 1407 6
3391 1351 3622 1429 ἀδελφὸς
3658 1356 3811 1427 ὁμοῦ

2159 1436 2247 1491 καὶ
2303 1440 2644 1509 συναθλητής
2699 1441 2938 1505 κάτωθεν
3023 1440 3217 1504 ἀναδὺς

2161 1526 2397 1601 εὐωχίας
2456 1530 2547 1582 xui
2624 1531 2995 1601 ἀναπαύσεως,
3088 1530 3480 1606 προσεκαλεῖτό
3561 1554 3618 1587 τε
3704 1536 3813 1601 τήν

2163 1616 2421 1691 σῦγγονον
2474 1620 2561 1673 καὶ
2630 1620 3019 1694 παρεθάρρυνε,
3078 1621 3167 1675 καὶ
3227 1620 3357 1675 εἷ’σω
3414 1626 3511 1675 τοῦ
3570 1616 3813 1691 λέϐητος

2159 1707 2398 1781 γενέσθαι
2440 1708 2693 1780 παρῄνει,
2743 1706 2925 1779 Μηδὲν
2979 1710 3312 1783 ὑποπτῆξῃς,
3364 1708 3562 1787 λέγων,
3611 1711 3813 1773 ἁπλῶς

3299 1446 3413 1498 οἷον
3492 1443 3595 1497 ἀπό
3653 1464 3813 1506 τινος

407 1804 616 1859 animai
651 1802 934 1873 deﬁgens,
954 1799 1049 1856 cui
1080 1804 1136 1855 et
1167 1799 1553 1855 communiter
1583 1797 1962 1865 credidimus,
1996 1801 2053 1852 et

2170 1794 2339 1856 οὕτως
2376 1800 2454 1867 τῷ
2500 1797 2766 1870 ὁρωμὲνῳ
2810 1797 3177 1873 προσέχουσα,
3230 1800 3317 1852 καὶ
3371 1800 3446 1871 μὴ
3496 1800 3629 1872 πρὸς
3677 1800 3812 1855 Θεόν

404 1909 438 1948 a
468 1907 581 1964 quo
633 1891 950 1947 maximam
999 1889 1333 1948 invenimus
1382 1888 1933 1944 remunerationem.
1990 1886 2047 1941 Si

405 1983 563 2038 enim
595 1982 748 2038 hanc
797 1980 1135 2035 bullienlem
1174 1995 1388 2050 aquam
1442 1976 1631 2033 solum
1664 1977 1943 2049 attigeris,
1979 1977 2050 2031 ab

406 2072 535 2142 ipso
570 2085 847 2141 magnum
878 2067 1093 2124 senties
1117 2067 1420 2137 auxilium,
1455 2068 1621 2137 cuius
1646 2082 1751 2137 ego
1783 2071 1919 2120 tuus
1945 2066 2052 2119 fra-

406 2163 495 2215 ter
542 2175 665 2213 sum
698 2156 889 2225 testis,
933 2157 1032 2228 qui
1074 2156 1157 2212 sic
1194 2156 1301 2212 tibi
1355 2172 1558 2213 cernor
1608 2152 1963 2226 impatibilis,
1997 2158 2054 2210 et

411 2247 559 2304 nihil
582 2245 797 2303 doloris
827 2247 1101 2302 sentiens.

480 2430 546 2486 Χ.
572 2429 673 2486 His
692 2444 978 2501 persuasa
1001 2428 1392 2501 Eulampia,et
1412 2428 1651 2485 omnino
1675 2428 2053 2501 acquiescens

409 2521 542 2593 ejus
564 2519 958 2588 suasionibus,
982 2519 1249 2591 protinus
1280 2523 1547 2591 prompto
1578 2518 1823 2574 etalacri
1858 2518 2054 2574 animo

405 2611 672 2682 ingressa
727 2616 811 2666 est
862 2609 1130 2665 lebetem.
1179 2608 1395 2664 Deinde
1446 2608 1620 2664 etiam
1662 2607 2055 2665 communiter

408 2699 613 2770 spiritu
663 2698 1038 2767 exsultantes,
1077 2698 1191 2754 laeti
1234 2706 1615 2770 susceperunt
1648 2697 1999 2770 supplicium
2037 2714 2051 2764 ;

410 2793 467 2846 et
498 2788 764 2861 protinus
796 2787 956 2844 lebes
988 2788 1167 2844 svasit
1199 2787 1464 2859 frigidus,
1496 2794 1546 2842 et
1580 2786 1725 2842 nihil
1758 2786 1891 2842 mali
1929 2804 2058 2859 pas-

413 2896 513 2936 sos
542 2878 829 2934 continuit
878 2881 1185 2949 martyres.
1218 2876 1417 2946 Neque
1455 2892 1587 2931 vero
1634 2891 1891 2946 eousque
1924 2892 2059 2929 con-

411 2968 563 3024 stitit
593 2982 685 3021 res
715 2965 1098 3029 admirabilis,
1132 2964 1231 3019 sed
1263 2963 1436 3019 etiam
1471 2980 1585 3018 non
1626 2980 1841 3035 paucos
1865 2979 1933 3017 ex
1962 2963 2055 3033 iis,

417 3056 518 3127 qui
551 3054 1027 3119 circumstabant,
1062 3052 1291 3107 induxit
1317 3053 1385 3105 ad
1420 3052 1713 3121 pietatem.
1751 3055 1922 3107 Porro
1953 3068 2057 3106 au-

415 3149 532 3200 tem
559 3143 750 3213 ipsum
782 3157 1010 3213 quoque
1030 3146 1369 3209 tyrannum,
1403 3145 1459 3195 et
1489 3142 1535 3195 si
1568 3156 1682 3195 non
1716 3156 1857 3212 pure
1887 3141 2059 3196 traxit

2161 1884 2289 1942 τοὺς
2318 1891 2419 1954 τῆς
2468 1888 2655 1961 ψυχῆς
2702 1887 3025 1964 ὀφθαλμοὺς
3064 1887 3398 1956 ἆτενίζουσα,
3448 1888 3494 1960 ᾧ
3540 1909 3598 1943 τε
3646 1893 3811 1958 κοινῇ

2160 1973 2638 2046 πεπιστεύκαιμεν,
2696 1976 2785 2029 καὶ
2852 1977 2982 2050 παρ’
3039 1976 3099 2030 οὗ
3160 1975 3426 2050 μεγίστην
3486 1976 3809 2051 εὑρίσκομεν

2159 2064 2258 2129 τὴν
2289 2061 2599 2137 ἀντίληψιν.
2637 2064 2697 2119 Ei
2730 2065 2832 2140 γὰρ
2868 2066 3030 2137 μόνον
3080 2070 3176 2119 τοῦ
3224 2064 3415 2127 ὕδατος
3463 2066 3658 2120 τούτου
3705 2070 3811 2120 τοῦ

2160 2151 2530 2227 καχλάζοντος
2560 2155 2955 2229 παραψαύσεις,
2986 2153 3208 2225 πολλῆς
3257 2156 3488 2229 αἰσθήσῃ
3528 2163 3627 2225 τῆς
3677 2158 3813 2229 παρ’

2160 2242 2327 2295 αὐτοῦ
2361 2242 2638 2317 βοηθείας,
2680 2244 2746 2312 ἧς
2796 2242 2904 2317 ἐγὼ
2958 2243 3162 2321 μάρτυς
3194 2248 3221 2300 6
3254 2245 3344 2306 σὸς
3396 2242 3651 2319 ἀδελφὸς,
3715 2245 3811 2299 0’5-

2158 2352 2267 2392 τως
2302 2332 2579 2405 ὁρώμενόν
2614 2353 2695 2387 σοι
2730 2333 2941 2401 ἀπαθής
2972 2335 3061 2388 καὶ
3093 2331 3387 2397 ἀνώδυνος.

2237 2422 2290 2478 I'.
2350 2422 2579 2483 Τούτοις
2648 2421 2948 2496 Εὐλαμπία
3021 2425 3317 2491 πεισθεῖσα,
3377 2422 3464 2478 xui
3530 2425 3634 2494 ὅλη
3698 2430 3807 2478 τῶν

2164 2511 2333 2565 αὐτοῦ
2408 2511 2770 2584 παραινέσεων
2863 2512 3155 2587 γενομένη,
3250 2514 3549 2587 προθύμως
3614 2513 3811 2568 αὐτίκα

2163 2600 2254 2654 xui
2296 2600 2548 2674 γενναίως
2604 2600 2774 2673 εἰσῄει
2816 2602 2905 2655 τὸν
2950 2597 3179 2673 λέϐητα,
3230 2601 3344 2657 εἶτα
3389 2602 3477 2656 καὶ
3526 2607 3683 2675 κοινῇ
3732 2609 3811 2675 τῷ

2164 2688 2431 2761 πνεύματι
2497 2687 2984 2762 ἀγαλλιασάμενοι,
3053 2692 3151 2759 τήν
3210 2688 3480 2766 τιμωρίαν
3545 2693 3657 2764 μετ’
3725 2691 3814 2745 εὖ-

2168 2776 2436 2855 φροσῦνης
2497 2774 2775 2853 ἐδέχοννο,
2834 2778 2922 2831 xui
3001 2779 3215 2853 ψυχρὸς
3294 2777 3489 2840 εὐθέως
3554 2779 3581 2831 6
3641 2774 3817 2846 λέϐης

2168 2867 2458 2934 ἐδείκνυτο,
2487 2868 2577 2922 καὶ
2636 2867 2859 2929 ἀπαθεῖς
2911 2872 3089 2921 κακῶν
3152 2873 3367 2942 συνεῖχε
3420 2869 3545 2927 τοὺς
3606 2888 3820 2941 μαρτυ-

2171 2979 2287 3032 ρας.
2325 2958 2427 3014 Καὶ
2461 2959 2522 3012 οὐ
2559 2960 2726 3033 μέχρι
2768 2958 2966 3012 τούτου
3007 2958 3067 3013 τὸ
3114 2955 3413 3033 παράδοξον
3464 2954 3615 3027 ἔστη,
3668 2958 3823 3013 ἀλλᾶ⁸

2168 3051 2257 3105 xui
2287 3054 2394 3105 τῶν
2436 3051 2870 3125 περιεστηκότῶν
2924 3050 3023 3104 οὐκ
3085 3050 3310 3126 ὀλίγους
3360 3050 3492 3121 πρὸς
3546 3047 3823 3104 εὐσέϐειαν

2173 3140 2510 3215 ὑπηγάγετο,
2563 3140 2651 3193 xui
2699 3137 2857 3193 αὺτὸν
2908 3136 2965 3193 δὲ
3010 3140 3100 3194 τὸν
3154 3139 3435 3213 τύραννον,
3488 3138 3535 3193 εἲ
3580 3138 3671 3192 xui
3740 3143 3817 3210 μῆ

418 3236 491 3292 ad
522 3202 718 3289 verum
756 3202 1117 3298 Deicultum,
1142 3229 1302 3284 illius
1331 3238 1521 3285 tamen
1554 3202 1823 3285 labefecit
1852 3230 2055 3302 cOgila-

2170 3232 2415 3303 καθαρῶς
2457 3231 2592 3302 πρὸς
2646 3227 2950 3284 θεοσέϐειαν
3014 3228 3287 3300 ε’ίλκυσεν,
3346 3230 3491 3285 ἀλλὰ
3545 3228 3670 3289 τοὺς
3720 3228 3824 3284 λο-

415 3324 661 3388 tionem,
692 3325 754 3376 et.
780 3320 911 3374 fecit
940 3318 1205 3374 dubitare
1235 3319 1306 3374 de
1334 3336 1442 3374 sua
1468 3318 1760 3388 religione.
1793 3320 2053 3391 Ethiops

424 3424 615 3470 tamen
663 3429 778 3467 non
820 3411 927 3467 fuit
957 3410 1281 3476 dealbatus,
1313 3417 1365 3466 et
1411 3426 1621 3467 cancer
1651 3414 1803 3466 recte
1833 3411 2059 3483 ingredi

422 3521 536 3560 non
583 3500 802 3557 didicit.
834 3504 975 3555 Cum
1009 3498 1163 3555 enim
1214 3498 1508 3555 vincerent
1548 3498 1778 3570 quidem
1811 3500 2056 3565 athletae,

420 3593 750 3648 vinceretur
779 3594 965 3646 autem
995 3589 1236 3660 impius,
1268 3604 1367 3645 eos
1397 3606 1429 3643 a
1459 3604 1517 3644 se
1539 3589 1787 3645 invicem
1820 3592 1877 3643 et
1899 3606 1931 3644 a
1953 3589 2062 3645 fide

421 3682 483 3737 in
513 3680 807 3736 Christum
842 3694 956 3735 non
990 3676 1186 3734 valens
1218 3677 1557 3744 distrahere,
1591 3676 1739 3733 redit
1769 3694 1969 3733 rursus
1991 3678 2061 3733 ad

418 3774 722 3837 consueta,
752 3772 810 3823 et
840 3774 1105 3824 armatur
1124 3766 1314 3822 denuo
1346 3766 1625 3823 adversus
1646 3766 1837 3823 solum
1861 3771 2062 3839 marty-

420 3876 567 3928 rem,
607 3864 665 3915 et
689 3858 857 3930 jubet
885 3858 935 3912 ei
967 3856 1227 3913 exscindi
1260 3855 1516 3928 pupillas
1548 3857 1850 3912 oculorum
1883 3856 1933 3912 is
1962 3856 2062 3927 qui

415 3950 611 4008 cordis
649 3946 987 4003 czecutiebat
1035 3945 1241 4013 oculis,
1273 3953 1328 4001 et
1359 3945 1524 4001 illum
1574 3945 1759 4016 magis
1808 3946 2063 4001 cruciare

417 4053 766 4112 procurans,
799 4041 857 4091 et
905 4035 1271 4102 machinans,
1306 4039 1371 4089 ut
1399 4035 1528 4106 ejus
1559 4034 1774 4090 sororis
1806 4051 1906 4106 per
1955 4034 2062 4090 hoc

416 4129 783 4199 frangeretur
814 4124 1078 4181 audacia.
1132 4124 1237 4179 Sed
1271 4123 1331 4179 in
1363 4123 1469 4180 hoc
1502 4139 1731 4194 quoque
1782 4124 1889 4177 fuit
1920 4140 2059 4179 con-

417 4218 605 4273 victus
660 4232 808 4271 vana
872 4218 928 4270 et
998 4214 1197 4271 inania
1264 4213 1454 4269 moliri
1514 4214 1792 4269 adversus
1848 4213 2061 4270 Christi

419 4322 640 4363 BBPVOS.

414 4396 507 4451 xui
538 4396 637 4463 τῆς
695 4392 1000 4468 ὁμαίμονος

418 4668 674 4724 sublime
707 4665 990 4738 suspendi
1022 4664 1274 4737 capillis.
1310 4669 1409 4721 Est
1435 4669 1633 4721 autem
1657 4665 1763 4722 hoc
1795 4665 2065 4736 gravissi-

426 4772 586 4810 mum
631 4752 1006 4825 supplicium,
1050 4752 1150 4807 sed
1192 4750 1400 4807 Christi
1434 4751 1659 4807 ancillas
1691 4752 1914 4807 deliciis
1939 4768 2068 4807 sua-

418 4844 551 4898 vius
573 4841 1039 4898 existimabatur.
1065 4840 1227 4897 Unde
1251 4840 1425 4895 etiam
1446 4840 1496 4897 ei
1520 4856 1717 4911 preces
1740 4840 2069 4896 admiscens

420 4932 647 4988 dicebat
680 4946 693 4985 :
745 4935 870 5001 Ago
900 4929 1003 4984 tibi
1051 4930 1287 5001 gratias,
1324 4934 1473 4985 Deus
1517 4945 1680 4985 meus
1713 4934 1769 4984 et
1822 4935 2067 4994 creator,

421 5022 581 5094 quod
628 5028 911 5077 metuam
954 5018 1227 5075 ancillam
1260 5020 1538 5091 dignatus
1566 5019 1647 5075 sis
1691 5036 1793 5091 pro
1833 5025 1889 5075 te
1937 5036 2067 5073 sus-

424 5111 610 5185 ceptis
641 5124 848 5167 ornare
879 5110 1207 5165 tormentis.
1239 5111 1378 5165 Cum
1420 5112 1614 5163 autem
1649 5125 1751 5181 per
1779 5124 1948 5165 omne
1980 5123 2070 5180 ge-

423 5219 534 5259 nus
565 5200 838 5271 supplicii
865 5202 1159 5271 oporteret
1189 5198 1437 5254 athletas
1476 5199 1809 5270 pervadere,
1843 5198 2069 5253 etiamsi

424 5296 708 5363 tanquam
740 5291 855 5346 tela
884 5288 1199 5346 infantium
1233 5289 1680 5360 reputabantur,
1716 5304 1845 5359 quae
1867 5288 1949 5345 eis
1980 5288 2071 5341 in-

424 5381 782 5445 ferebantur,
852 5380 1140 5434 fornacem
1194 5377 1433 5434 accendi
1474 5378 1641 5447 jubet
1689 5394 1921 5448 praeses,
1973 5375 2073 5431 illa

425 5466 739 5523 Chaldaica
798 5467 981 5525 nihilo
1036 5468 1391 5535 inferiorem,
1424 5472 1481 5524 et
1508 5467 1581 5523 ad
1630 5482 1751 5523 eam
1786 5468 1957 5522 ducta
1985 5468 2075 5520 est

428 5556 676 5612 materia
707 5572 833 5626 quis
875 5560 999 5610 erat
1032 5558 1240 5611 alitura
1280 5557 1363 5611 sic
1413 5571 1738 5623 accensam,
1770 5554 2073 5610 lictoribus

430 5659 601 5705 omne
640 5643 898 5699 studium
931 5644 1002 5698 ad
1058 5644 1164 5699 hoc
1213 5643 1665 5699 conferentibus.
1699 5643 1843 5699 Cum
1876 5646 2068 5699 autem

1084 4391 1321 4447 ἐντεῦθεν
1402 4389 1774 4467 διαχαυνῶσαι
1842 4392 1943 4460 τήν
2016 4391 2339 4466 εὐτολμίαν,

416 4486 543 4539 κενά
573 4484 661 4539 καὶ
699 4484 897 4556 μάταια
920 4483 1056 4536 κατὰ
1085 4486 1193 4536 τῶν
1226 4486 1317 4536 τοῦ
1349 4486 1593 4556 Χριστοῦ
1622 4479 1834 4537 δούλων
1864 4481 2119 4538 ἐπινοῶν.

491 4578 585 4634 Xl.
618 4578 905 4634 Postridie
930 4583 1121 4632 autem
1152 4576 1319 4645 jubet
1354 4580 1671 4647 martyrem
1692 4575 2063 4647 Eulampiam
2092 4575 2151 4639 D

2168 3320 2399 3393 γισμοὺς
2457 3319 2663 3373 ἐκείνου
2714 3316 2954 3387 διέσεισε,
2998 3318 3086 3373 καὶ
3136 3318 3258 3392 περί
3309 3319 3371 3373 τὸ
3402 3318 3603 3373 ὸίκεῖον
3655 3314 3820 3380 σέὅας

2169 3407 2495 3478 ἐπιδοιάζειν
2582 3409 2901 3478 πεποίηκεν.
2986 3410 3200 3481 Ὅμως,
3260 3408 3305 3463 εἰ
3373 3407 3454 3462 δεῖ
3507 3415 3553 3463 τ’
3613 3406 3821 3476 ἀληθὲς

2172 3498 2363 3566 εἰπεῖν,
2424 3500 2451 3551 6
2504 3497 2704 3570 Αἰθίοψ
2773 3498 2874 3551 οὐκ
2931 3496 3274 3552 ἐλευκαίνετο
3331 3496 3419 3551 xui
3478 3498 3507 3551 6
3566 3497 3824 3571 καρκίνος

2174 3586 2308 3660 ὀρθα
2377 3584 2614 3660 βαδίζειν
2687 3586 2784 3641 οὐκ
2872 3583 3200 3641 ἐδιδάσκετο.
3281 3587 3373 3647 ’ος
3459 3588 3559 3661 γάρ
3628 3584 3826 3640 ἐνίκων

2176 3677 2268 3750 μὶν
2310 3677 2362 3729 οἱ
2414 3675 2668 3745 ἀθληταὶ,
2722 3678 2921 3744 ἡττᾶτο
2964 3672 3020 3730 δὲ
3051 3676 3077 3728 6
3111 3672 3395 3743 δυσσεϐὴς,
3448 3676 3533 3729 xui
3587 3674 3824 3745 διασπᾷν

2173 3766 2366 3827 αὐτοὺς
2419 3766 2511 3819 ἀπ’
2564 3764 2851 3834 ἀλλήλων.
2888 3764 2992 3819 Καὶ
3049 3768 3151 3830 τῆς
3201 3764 3278 3826 εἷς
3328 3764 3564 3837 Χριστὸν
3614 3761 3833 3835 ὁμολο-

2170 3853 2293 3928 γίας
2327 3853 2432 3929 οὐχ
2464 3854 2583 3913 οἷός
2631 3873 2689 3908 τε
2736 3855 2826 3922 ἦν,
2882 3852 2968 3908 ἐπὶ
3012 3852 3079 3908 τὰ
3127 3852 3302 3908 οἶιιεῖα
3350 3851 3514 3907 πάλιν
3566 3853 3655 3906 καὶ
3697 3874 3833 3906 συν-

2172 3946 2280 4014 ήθη
2340 3948 2515 4018 χωρεῖ
2569 3944 2659 3997 καὶ
2727 3945 2861 3997 κατᾶ
2920 3944 3085 4015 μόνου
3160 3946 3255 3997 τοῦ
3339 3944 3611 4017 μάρτυρος
3671 3941 3832 4005 αὖθις

2172 4032 2482 4103 ὁπλίζεται,
2531 4035 2619 4087 καὶ
2674 4032 2769 4095 τὰς
2816 4036 2923 4086 τῶν
2986 4032 3251 4105 ὀμμάτων
3320 4032 3487 4086 αὐτοῦ
3529 4032 3695 4101 κόρας
3752 4030 3837 4085 ἐκ·

2169 4130 2403 4191 κοπῆναι
2459 4123 2781 4196 προστάττει
2850 4124 2971 4197 (φεῦ
3032 4122 3060 4175 6
3116 4122 3243 4181 τοὺς
3298 4128 3397 4190 τῆς
3454 4118 3684 4195 καρδίας
3744 4142 3838 4174 τυ-

2172 4213 2441 4290 φλώττων
2477 4211 2844 4291 όιρθαλμοὺς),
2877 4210 2969 4265 καὶ
3009 4211 3076 4266 τὰ
3120 4209 3288 4283 ὅμοια
3340 4215 3529 4274 παθεῖν
3579 4215 3835 4264 κακεῖνον

2172 4301 2262 4355 διὰ
2316 4308 2420 4371 τῆς
2478 4302 2748 4375 τιμωρίας
2804 4301 3007 4370 ταύτης
3073 4300 3517 4376 καταναγκάζων,
3572 4300 3707 4373 πρὸς
3774 4296 3832 4353 δὲ

2431 4392 2852 4466 μηχανώμενος,
2929 4389 3055 4445 ἀλλ’
3141 4388 3396 4465 ἠλέγχθη
3477 4388 3572 4444 κᾶν
3648 4388 3835 4459 το·3τῳ

2251 4572 2624 4644 1Α¹.Τῇέξῆς
2657 4570 2746 4624 οὗν
2797 4572 2897 4640 τὴν
2956 4570 3201 4645 μάρτυρα
3246 4576 3355 4624 τῶν
3403 4573 3613 4647 τριχῶν
3664 4567 3835 4621 ἀπαι-

2173 4662 2428 4721 ωρεῖσθαι
2484 4658 2715 4715 κελεύει.
2778 4660 2934 4727 Δεινή
3004 4656 3059 4714 δὲ
3137 4664 3418 4732 τιμωριῶν
3518 4659 3653 4727 αὕτη
3732 4656 3829 4711 xui

2174 4747 2350 4809 δεινὰς
2398 4750 2537 4803 κατά
2589 4770 2648 4803 τε
2708 4749 2995 4823 μηνίγγων
3076 4747 3166 4803 xui
3226 4748 3353 4802 ἰνῶν
3433 4745 3523 4801 καὶ
3609 4746 3830 4817 ὑμένων

2174 4838 2376 4894 ἐνιεῖσα
2404 4838 2499 4898 τας
2531 4835 2865 4912 ἀλγηδόνας·
2922 4837 3067 4893 ἀλλᾶ
3115 4841 3183 4910 τῇ
3223 4841 3319 4892 τοῦ
3364 4839 3601 4911 Χριστοῦ
3645 4832 3825 4908 δούλῃ

2170 4936 2381 5003 τρυφῆς
2436 4924 2607 4995 ἡδίων
2640 4929 2674 4995 ἡ
2708 4922 2940 4988 ϐάσανος
2989 4926 3291 4999 ἐνομίζετο,
3349 4925 3468 4980 ὅθεν
3519 4926 3605 4978 καὶ
3652 4924 3833 4998 εὐχὴν

2181 5016 2315 5089 αὐτῇ
2375 5020 2881 5090 προσαναμιγνῦσα,
2957 5016 3289 5091 Εὐχαριστῶ
3339 5036 3445 5084 σοι,
3504 5009 3679 5086 ἔλεγε,
3729 5014 3833 5069 Θεέ

2187 5127 2289 5177 μου
2320 5106 2409 5158 xui
2444 5102 2760 5179 δημτευργὲ,
2796 5104 2878 5159 ὅτι
2922 5125 2987 5176 με
3033 5106 3133 5173 τὴν
3186 5106 3285 5174 σήν
3341 5100 3546 5171 δούλην
3586 5101 3830 5170 ἠξίωσας

2177 5200 2292 5255 ταῖς
2355 5194 2488 5265 ὑπὲρ
2546 5198 2641 5247 σοῦ
2688 5192 2981 5268 τιμωρίαις
3056 5191 3577 5268 ἐγκαλλωπίζεσθαι.
3669 5191 3830 5245 Ἐπεὶ

2181 5281 2239 5338 δὲ
2294 5283 2384 5337 καὶ
2444 5277 2550 5337 ἔδει
2608 5280 2697 5336 διὰ
2754 5283 2929 5351 πάσης
3016 5288 3397 5355 τιμωρητικῆς
3476 5278 3618 5341 ἰδέας
3695 5281 3827 5342 τοὺς

2184 5371 2422 5439 ἀθλητὰς
2458 5370 2707 5439 διελθεῖν,
2741 5370 2834 5426 κείν
2882 5373 2957 5434 ὡς
3012 5371 3222 5440 νηπίων
3286 5369 3420 5443 βέλη
3479 5369 3695 5430 τούτοις
3760 5369 3833 5423 τά

2187 5460 2497 5535 ἐπαγόμενα
2553 5458 2852 5535 ἐλογίζετο,
2909 5461 3139 5530 κάμινον
3207 5458 3462 5527 ἔκκαῆναι
3530 5455 3740 5511 κελεύει
3805 5458 3836 5513 6

2182 5552 2428 5623 ἡγεμὼν,
2488 5546 2642 5603 οὐδὲν
2694 5556 2794 5617 τῆς
2853 5546 3170 5617 Χαλδαϊκῆς
3245 5547 3449 5616 ἐκείνης
3525 5543 3837 5616 ἐνδέουσαν,

2190 5641 2277 5693 καὶ
2338 5636 2501 5711 ἤγετο
2558 5639 2695 5713 πρὸς
2752 5637 2952 5707 ταύτην
3011 5636 3119 5707 ὕλη
3204 5637 3415 5713 τρέφειν
3474 5631 3677 5708 ἔμελλε
3731 5636 3841 5703 τὴν
