4042 6222
243 349 268 409 ί
282 346 399 408 065

1077 343 1550 406 MARTYRIUM
1598 342 1658 403 S.
1709 335 2090 402 EULAMPII
2136 339 2234 399 ET
2284 342 2347 404 S.
2396 346 2844 408 EULAMPIJE.

3487 352 3641 414 1066

234 507 410 571 οὕτως
469 503 853 580 ἐκκαιομένην,
887 503 1147 560 παντοίαν
1206 508 1315 560 τῶν
1367 502 1581 577 δημίων
1624 503 1698 564 εἰς
1728 503 1884 556 τοῦτο

2006 500 2242 559 ﬂamma
2272 509 2426 561 esset
2456 508 2599 563 adeo
2632 508 2689 563 in
2723 508 2905 565 altum
2938 511 3187 580 sublata,
3223 515 3285 570 ut
3330 514 3503 570 etiam
3546 531 3642 573 eos

234 600 333 667 τήν
385 594 628 665 σπουδὴν
694 591 1217 668 καταϐαλλομένων.
1275 594 1566 667 Μετεώρου
1652 588 1708 646 δὲ
1790 596 1890 658 τῆς

233 686 441 765 φλογὸς
480 684 781 762 γενομένης
838 685 912 747 ὡς
973 685 1239 757 μακρόθεν
1295 681 1698 753 καταπλήττειν
1762 678 1890 741 τοὺς

237 777 563 853 βλέποντας,
594 776 819 851 ἄγεσθαι
884 773 1011 836 τοὺς
1084 774 1358 850 μάρτυρας
1414 775 1441 828 6
1501 772 1758 841 δικαστὴς
1798 792 1888 826 κε-

233 865 405 936 λεύει,
473 867 561 921 καὶ
647 872 749 935 τῆς
834 863 1071 936 καμίνου
1155 863 1315 936 μέσον
1372 864 1647 926 ὠθεῖσθαι.
1711 864 1887 936 Ηροσο

232 958 437 1032 ήγοντο
478 953 570 1010 οῦν
620 956 672 1009 οἱ
718 955 1005 1029 μάρτυρες,
1047 954 1074 1007 ὁ
1110 954 1203 1026 μὲν
1244 958 1388 1017 θεῖος
1422 952 1768 1024 Εύλάμπιος,
1802 949 1890 1005 διά

231 1046 294 1101 τὸ
350 1047 478 1109 τοὺς
535 1042 856 1123 ὀφθαλμοὺς
912 1042 1255 1117 ἐκκεκόφθαι,
1291 1042 1393 1097 ὑπό
1459 1062 1621 1095 τινων
1694 1034 1887 1095 διαϐα-

236 1136 605 1207 σταζόμενος’
672 1135 707 1201 ἡ
781 1130 838 1186 δὲ
920 1131 1136 1205 γενναία
1211 1128 1506 1204 Εὗλαμπία
1583 1131 1672 1185 καὶ
1753 1130 1888 1202 μετά

234 1222 451 1278 πολλοῦ
490 1227 587 1278 τοῦ
636 1223 867 1298 θάρσους
918 1223 1300 1296 προτρὲχουσα
1358 1220 1431 1281 ὡς
1480 1219 1555 1281 εἷς
1616 1216 1886 1290 θάλαμον,

234 1314 337 1368 οὐκ
367 1313 444 1375 εἷς
474 1314 699 1384 κάμινον
729 1310 1086 1383 ἐλευσομένη,
1120 1310 1197 1372 ὡς
1229 1307 1285 1365 δὲ
1314 1310 1403 1366 καὶ
1448 1313 1529 1381 τῷ
1567 1308 1696 1382 πυρὶ
1746 1328 1887 1381 παρ-

232 1397 519 1471 εδόθησαν,
577 1402 611 1469 ἡ
667 1398 803 1473 φλὸξ
860 1398 1059 1462 αὐτοὺς
1137 1395 1288 1453 οὐδὲν
1369 1396 1701 1471 ἐλυμήνατο,
1760 1394 1888 1450 ἀλλ’

229 1489 427 1544 αὐτίκα
508 1486 663 1559 δίκην
732 1484 928 1561 ἀψίδος
996 1492 1354 1562 κυρτωθεῖσα,
1412 1486 1503 1541 καὶ
1571 1483 1759 1558 πολλῇ
1816 1487 1884 1557 τῇ

228 1575 410 1656 φειδοῖ
495 1579 631 1653 πρὸς
713 1577 775 1631 τὸ
845 1577 1005 1649 μέσον
1078 1571 1453 1645 ἀπολαϐοῦσα,
1519 1573 1757 1648 καθάπερ
1835 1571 1886 1627 ἐν

227 1666 563 1743 φαιδροτάτῃ
623 1664 855 1723 παστάδι
910 1667 1037 1729 τοὺς
1104 1664 1345 1737 ἀθλητὰς
1414 1666 1738 1737 ἐθαλάμευε,
1795 1668 1885 1719 καὶ

224 1758 287 1811 τὸ
331 1765 430 1826 τῆς
490 1758 699 1835 φύσεως
755 1757 1062 1827 καυστικὸν,
1116 1755 1191 1818 εἰς
1280 1757 1448 1831 αὔραν
1529 1753 1883 1831 δροσίζουσαν

232 1848 520 1920 μετετίθει,
550 1847 641 1901 καὶ
710 1847 761 1901 οἳ
820 1847 1087 1921 μάρτυρες
1144 1846 1218 1908 ὡς
1251 1843 1301 1899 ἐν
1341 1844 1574 1919 λειμῶνι
1620 1842 1885 1918 δροσώδει

225 1957 283 1992 τε
338 1937 427 1992 καὶ
488 1934 615 2007 ἡδεῖ
690 1937 1031 2011 χορεύοντες,
1088 1936 1189 2004 τήν
1265 1932 1413 2007 ᾠδὴν
1491 1934 1703 2005 ἐκείνην
1778 1935 1878 2003 τήν

229 2025 564 2101 ἀνάγραπτόν
602 2046 663 2082 τε
691 2026 780 2080 καὶ
814 2022 1158 2089 θεοδίδακτον
1192 2028 1299 2080 τῶν
1341 2021 1549 2079 παίδων
1581 2023 1734 2098 ᾖδον.

301 2116 401 2172 ΙΒ’.
436 2115 576 2191 Πρὸς
629 2118 799 2169 ταῦτα
864 2112 1029 2169 πάλιν
1087 2115 1114 2168 6
1166 2113 1446 2189 τύραννος,
1477 2112 1566 2168 καὶ
1625 2110 1703 2169 ἔτι
1762 2110 1879 2184 διη-

230 2211 473 2280 πορεῖτο,
530 2207 619 2261 καὶ
686 2209 754 2279 τῇ
813 2204 1041 2278 τοιαύτῃ
1100 2206 1480 2280 τερατουργίᾳ,
1532 2206 1755 2277 παρεῖτό
1819 2225 1878 2259 τε

230 2296 318 2350 καὶ
374 2294 658 2368 ἐξησθὲνει,
699 2294 789 2349 καὶ
837 2295 974 2367 πρὸς
1040 2292 1279 2372 ἐσχάτην
1336 2292 1649 2370 ἀμηχανίαν
1703 2289 1876 2364 ἐξέπι-

227 2405 377 2442 πτεν.
441 2385 572 2442 Εἶτα
627 2390 745 2447 τοῖς
804 2381 961 2445 ὅλοις
1029 2383 1428 2459 ἀπαγορεύσας,
1486 2385 1584 2451 τήν
1637 2381 1874 2458 ἐσχάτην

224 2475 311 2529 καὶ
378 2473 691 2530 τελευταίαν
744 2475 865 2536 τοῖς
926 2473 1191 2544 ἀθληταῖς
1260 2471 1639 2549 ἐπιψηφίζεται
1699 2494 1876 2545 τιμω-

226 2561 368 2638 ρίαν,
399 2564 498 2633 τὴν
529 2560 618 2617 διά
658 2565 755 2617 τοῦ
802 2560 988 2639 ξίφους
1028 2561 1173 2638 φημὶ
1221 2558 1499 2631 τελευτήν.
1551 2558 1722 2621 Εὐθὺς
1786 2557 1876 2614 οῦν

225 2655 325 2723 τήν
393 2650 481 2707 ἐπὶ
549 2652 761 2725 θανάτῳ
834 2648 1107 2723 δεσμῶται
1184 2649 1506 2725 ἀπάγονται,
1564 2650 1653 2704 καὶ
1712 2650 1739 2704 ὁ
1786 2649 1879 2722 μὲν

228 2744 437 2815 μάρτυς
504 2740 804 2815 προθύμως
858 2741 959 2809 τὴν
1025 2736 1114 2794 διὰ
1177 2743 1274 2793 τοῦ
1351 2738 1533 2816 ξίφους
1596 2737 1875 2794 τελείωσιν

226 2831 488 2898 ὑποστὰς,
528 2831 665 2905 πρὸς
724 2829 985 2904 οὐρανοὺς
1043 2828 1362 2906 στεφανίτης
1410 2828 1661 2903 ἀνήγετο.
1703 2829 1765 2883 Ἦ
1822 2825 1879 2884 δὶ

226 2919 423 2975 τούτου
452 2917 659 2996 ἀδελφή
694 2920 783 2973 καὶ
829 2918 1090 2980 κοινωνὸς
1134 2922 1241 2973 τῶν
1291 2917 1541 2993 ἀγώνων,
1573 2916 1875 2973 τελειοῦται

228 3009 319 3065 καὶ
376 3010 481 3083 πρὸ
529 3014 626 3064 τοῦ
677 3007 863 3087 ξίφους
907 3009 998 3063 καὶ
1058 3007 1262 3083 μάρτυς
1312 3006 1690 3081 ἀπηρτισμένη
1740 3007 1879 3063 κατά

228 3098 548 3175 προαίροσιν
586 3100 811 3173 γίνεται,
853 3097 952 3153 οὐκ
998 3098 1219 3159 ἀπεικὸς
1265 3101 1428 3152 τοῦτο
1466 3103 1569 3167 τῆς
1617 3101 1713 3153 τοῦ
1745 3102 1877 3153 Θεοῦ

229 3189 422 3268 σοφίας
478 3186 945 3261 οἷκονομησάστ,ς,
992 3185 1121 3242 ἀλλ’
1158 3184 1249 3241 ’ίνα
1300 3182 1440 3260 μηδὲ
1479 3187 1735 3259 σώματος
1782 3207 1877 3241 κα-

228 3281 415 3352 θαροῦ,
482 3277 571 3331 καὶ

228 3368 520 3441 ἀκάθαρτοι
575 3364 845 3440 ψαύσωσι,
881 3362 1093 3439 μᾶλλον
1151 3361 1219 3434 δὴ
1274 3370 1375 3435 τῆς
1407 3366 1607 3419 ἑαυτῶν
1646 3367 1868 3444 σφαλῶ-

228 3477 309 3510 σιν
368 3453 617 3526 ἐλπίδος,
645 3454 852 3527 ὲκείνης
900 3454 1274 3529 ἀποτυχόντες
1338 3460 1441 3524 τῆς
1486 3454 1761 3528 τιμωρίας
1814 3451 1886 3508 δι’

233 3551 297 3617 ἧς
347 3546 576 3617 αἰκίζειν
631 3549 732 3615 τήν
795 3546 1045 3622 μάρτυρα
1097 3544 1295 3619 ᾤοντο.
1346 3548 1533 3602 Ταῦτα
1586 3549 1696 3601 τῶν
1757 3545 1890 3617 ἀητ-

234 3640 413 3708 τήτων
478 3636 766 3712 μαρτύρων
841 3638 1081 3709 Χριστοῦ
1136 3635 1203 3691 τὰ
1263 3634 1621 3707 παλαίσματα
1651 3653 1665 3669 ⁸
1724 3640 1886 3692 τοῦτο

233 3731 341 3782 τῶν
432 3723 703 3799 ἀοιδίμων
790 3726 853 3780 τὸ
937 3723 1273 3780 πολύευκτον
1374 3726 1540 3799 πέρας
1572 3741 1587 3755 ⁶
1662 3725 1889 3789 τούτους

237 3815 569 3891 ἱμακάρισαν
614 3817 710 3890 μὲν
767 3815 822 3870 αἱ
878 3815 1059 3889 νοεραὶ
1114 3819 1278 3869 πᾶσαι
1338 3811 1616 3886 δυνάμεις,
1655 3812 1885 3869 ἐπευλό-

239 3926 409 3980 γησαν
453 3903 511 3960 δὶ
576 3903 936 3979 πατριάρχαι,
975 3902 1279 3958 ἀπόστολοι
1336 3899 1554 3977 ᾔνεσαν,
1603 3901 1693 3957 καὶ
1747 3901 1886 3976 μάρ-

241 4014 397 4067 τυρες
451 3994 525 4057 ὡς
582 3992 928 4073 ἐφαμίλλως
986 3998 1093 4049 τῶν
1150 3992 1353 4063 πόνων,
1411 3995 1502 4048 καὶ
1566 3998 1669 4059 τῆς
1709 3994 1887 4049 αύτῶν

246 4082 542 4159 ίσορῥόπου
601 4083 929 4159 ὁμολογίας,
987 4085 1134 4153 ἱερὰν
1193 4085 1517 4157 προσθήκην
1584 4081 1828 4153 ἐδέξαντο
1872 4126 1885 4139 .

244 4174 406 4236 αὐτὸς
459 4170 517 4228 δὲ
572 4174 600 4228 6
633 4174 1004 4247 ’Λγωνοθέτης
1055 4174 1186 4245 ὑπὲρ
1243 4172 1305 4228 οὗ
1341 4172 1405 4227 τὸ
1455 4172 1684 4248 πάσχειν
1714 4174 1893 4246 προεί-

246 4260 554 4333 λοντο,καί
615 4263 671 4317 ὃν
722 4258 1021 4337 ἔμπροσθεν
1077 4266 1185 4318 τῶν
1262 4263 1561 4337 ἀνθρώπων
1631 4283 1891 4336 μαρτυρι-

242 4357 354 4413 κῶς
414 4351 805 4427 ὡμολόγησαν,
863 4352 953 4406 καὶ
1014 4349 1176 4413 αὑτὸς
1254 4351 1486 4406 ἐνώπιον
1534 4357 1631 4406 τοῦ
1686 4354 1894 4425 Πατρὸς

245 4441 383 4495 κατά
429 4442 492 4496 τὸ
548 4439 863 4515 ἐπάγγελμα
917 4440 1233 4516 ἀνεκήρυξε,
1290 4444 1379 4495 καί
1450 4442 1741 4504 κοινωνοὺς
1795 4450 1895 4512 τῆς

246 4525 407 4597 δόξης
472 4528 564 4583 καὶ
645 4535 748 4597 τῆς
833 4526 1113 4603 βασιλείας
1201 4528 1511 4604 εἰργάσατο.
1570 4532 1688 4583 Ὅτι
1750 4528 1896 4602 αῦτῷ

2003 592 2099 662 qui
2135 595 2331 663 procul
2364 598 2676 653 cernebant
2710 600 3112 671 stupefaceret,
3138 604 3507 674 jubetjudex
3536 607 3642 662 ad-

2001 682 2136 738 duci
2167 690 2477 755 martyres,
2508 691 2561 742 et
2596 689 2745 743 trudi
2779 690 2835 743 in
2870 690 3128 746 medium
3179 693 3489 751 fornacem.
3527 697 3643 751 Ad-

1999 772 2160 827 ducti
2190 778 2330 829 sunt
2351 792 2483 845 ergo
2518 782 2841 847 martyres:
2877 778 3110 835 divinus
3142 781 3377 851 quidem
3412 783 3640 840 Eulam-

2000 860 2148 931 pius,
2183 867 2493 934 prOpterea
2523 867 2675 935 quod
2722 867 2956 922 fuerant
2981 868 3031 922 ei
3066 868 3213 924 eruti
3245 871 3417 938 oculi,
3449 889 3483 927 a
3512 873 3639 944 qui-

1999 948 2248 1005 busdam
2284 956 2584 1023 portatus;
2617 970 2893 1026 generosa
2925 961 3120 1012 autem
3152 957 3459 1031 Eulampia
3506 978 3638 1017 cum

2000 1055 2210 1111 magna
2234 1057 2546 1097 accurrens
2568 1045 2832 1115 audacia,
2857 1053 3133 1117 tanquam
3156 1048 3504 1117 thalamum,
3524 1068 3640 1107 non

2002 1129 2291 1186 fornacem
2318 1132 2669 1203 ingressura.
2695 1134 2838 1188 Cum
2872 1140 3066 1191 autem
3097 1137 3216 1209 igni
3248 1139 3497 1195 fuissent
3530 1146 3642 1196 tra—

1999 1220 2126 1289 diti,
2162 1221 2392 1277 flamma
2421 1238 2519 1278 eos
2552 1224 2697 1279 nihil
2731 1225 2901 1291 laesit,
2932 1228 3029 1282 sed
3062 1229 3287 1297 statim,
3320 1231 3505 1287 instar
3545 1231 3641 1287 ab-

1998 1308 2165 1379 sidis,
2199 1310 2496 1367 incurvata
2543 1317 2601 1367 et
2650 1313 2956 1384 diligenter
3004 1332 3210 1372 cavens
3261 1334 3332 1374 ne
3382 1320 3637 1376 medium

1996 1397 2386 1470 interciperet,
2437 1404 2714 1472 tanquam
2772 1403 2831 1458 in
2883 1405 3319 1474 jucundissimo
3377 1408 3637 1466 thalamo

1994 1488 2246 1545 athletas
2280 1491 2634 1561 continebat,
2654 1497 2711 1548 et
2742 1500 2962 1550 naturae
2994 1512 3114 1550 sure
3146 1499 3410 1553 ardorem
3442 1499 3498 1553 in
3533 1517 3636 1554 au-

1998 1594 2113 1635 ram
2137 1579 2479 1635 irrorantem
2504 1584 2888 1640 convertebat.
2907 1585 3185 1657 Martyres
3203 1602 3333 1642 vero
3359 1592 3636 1659 tanquam

1996 1670 2054 1723 in
2088 1677 2252 1741 prato
2301 1672 2528 1728 roscido
2558 1678 2613 1729 et
2640 1690 2868 1730 ammno
2915 1675 3155 1731 choreas
3201 1682 3459 1749 agentes,
3493 1679 3633 1734 illud

1995 1759 2351 1831 descriptum
2431 1765 2488 1816 et
2569 1762 2850 1819 divinitus
2934 1765 3226 1832 edoctum,
3299 1783 3634 1838 puerorum,

1916 1872 1969 1938 Β
1993 1843 2259 1918 inquam,
2293 1850 2583 1905 canebant
2610 1849 2918 1907 canticum.

2060 2112 2182 2170 XII.
2214 2113 2305 2169 Ad
2326 2113 2448 2169 haec
2472 2132 2680 2171 rursus
2706 2119 2985 2189 tyrannus
3008 2124 3064 2175 et
3085 2121 3268 2193 magis
3300 2122 3629 2194 dubitabat,

1991 2207 2046 2258 et
2067 2202 2176 2258 hoc
2200 2203 2458 2275 prodigio
2484 2205 2655 2276 plane
2676 2216 2935 2263 evaserat
2964 2209 3192 2265 solutus
3212 2216 3271 2267 et
3296 2211 3628 2283 imbecillis,

1989 2296 2045 2346 et
2079 2292 2343 2347 redactus
2401 2298 2525 2348 erat
2566 2295 2636 2349 ad
2687 2299 3005 2353 extremam
3063 2299 3287 2355 consilii
3345 2301 3627 2374 inopiam.

1991 2377 2210 2433 Deinde
2259 2395 2393 2451 cum
2440 2396 2669 2435 omnem
2723 2398 2888 2453 spem
2940 2384 3172 2455 penitus
3204 2387 3536 2455 abjecisset,
3569 2390 3628 2445 in

1994 2468 2242 2524 athletas
2260 2468 2533 2524 ultimum
2550 2474 3140 2544 statuitsupplicium,
3159 2494 3367 2549 nempe
3383 2482 3631 2535 utvitam

1992 2556 2229 2612 finirent
2258 2557 2473 2629 gladio.
2498 2560 2765 2615 Protinus
2787 2577 2922 2632 ergo
2950 2562 3125 2619 vincti
3156 2565 3530 2622 abducuntur
3558 2570 3631 2624 ad

1991 2650 2260 2700 mortem.
2286 2650 2359 2700 Et
2382 2651 2595 2717 martyr
2626 2646 2865 2717 quidem
2897 2664 3029 2704 eum
3063 2654 3329 2721 prompto
3364 2656 3423 2706 et
3455 2652 3634 2709 alacri

1993 2733 2190 2789 animo
2222 2733 2501 2791 subiisset
2532 2735 2725 2807 gladio
2754 2739 3349 2805 consummationem,
3372 2740 3430 2795 in
3454 2742 3631 2798 caelos

1994 2826 2310 2878 coronatus
2368 2822 2698 2881 extollitur:
2731 2827 2855 2896 ejus
2912 2832 3103 2883 autem
3158 2845 3322 2885 soror
3372 2835 3429 2886 et
3476 2832 3635 2888 socia

1995 2912 2405 2980 certaminum,
2454 2913 2627 2969 etiam
2676 2922 2806 2970 ante
2854 2914 3115 2986 gladium
3165 2924 3633 2989 consummatur,

1996 3003 2408 3074 propositoque
2430 3006 2485 3058 et
2505 3003 2685 3058 animi
2714 3003 2989 3061 instituto
3012 3006 3081 3061 fit
3112 3008 3363 3078 perfecta
3394 3016 3634 3081 martyr.

1995 3092 2112 3151 Hoc
2143 3100 2328 3148 autem
2359 3109 2472 3148 non
2506 3094 2579 3148 ab
2610 3110 2672 3148 re
2703 3094 2955 3164 providit
2978 3095 3077 3151 Dei
3108 3096 3417 3167 sapientia,
3442 3100 3545 3154 sed
3579 3108 3640 3155 ut

1991 3198 2205 3253 corpus
2252 3183 2538 3237 mundum
2568 3187 2625 3238 et
2654 3199 2687 3238 a
2718 3183 2992 3239 vitiorum
3032 3187 3452 3242 consuetudine
3484 3188 3640 3244 inta—

669 3257 852 3331 παθῶν
930 3257 1227 3349 ἐπιμιξίαις
1312 3275 1610 3353 ἀνεπάφου,
1687 3281 1867 3350 χεῖρες

2000 3278 2143 3328 :tum
2177 3288 2387 3327 manus
2416 3271 2731 3327 immundae
2755 3288 2867 3328 non
2892 3277 3230 3346 tangerent,
3257 3280 3430 3348 atque
3452 3281 3512 3332 ut
3535 3294 3641 3333 sua

2001 3379 2105 3433 spe
2134 3360 2299 3433 impii
2333 3362 2775 3428 frustrarentur,
2802 3378 2936 3417 cum
2968 3363 3039 3419 ab
3062 3380 3127 3420 eo
3162 3366 3463 3422 inferendo
3493 3368 3642 3424 exci-

2002 3451 2227 3507 dissent
2258 3450 2572 3522 supplicio,
2607 3465 2710 3521 per
2740 3453 2895 3521 quod
2928 3454 3215 3523 putabant
3237 3470 3300 3510 se
3332 3456 3643 3527 punituros

2002 3545 2338 3613 martyrem.
2362 3540 2497 3594 Haac
2528 3543 2663 3595 sunt
2694 3539 3042 3596 invictorum
3076 3542 3293 3599 Christi
3327 3551 3643 3615 martyrum

2000 3629 2321 3685 certamina
2378 3634 2436 3684 et
2492 3629 2586 3684 hic
2638 3637 2724 3684 est
2782 3632 3065 3701 optandus
3126 3633 3258 3689 ﬁnis
3324 3633 3643 3701 insignium

2005 3718 2375 3775 athletarum.
2412 3716 2547 3773 Illos
2598 3718 2846 3773 bearunt
2893 3718 3129 3789 quidem
3171 3736 3371 3777 omnes
3400 3722 3644 3778 virtutes

2000 3807 2417 3878 intelligentes,
2458 3807 2881 3862 benedixerunt
2929 3807 3292 3879 patriarchas,
3335 3809 3646 3867 laudarunt

2000 3895 2249 3968 apostoli
2298 3900 2355 3951 et
2402 3901 2705 3969 martyres,
2740 3901 2803 3952 ut
2843 3897 2926 3952 eis
2956 3914 3124 3965 pares
3155 3899 3213 3953 in
3246 3898 3542 3955 laboribus
3590 3902 3647 3955 et

2001 3988 2252 4059 aequales
2292 3987 2351 4043 in
2392 3987 2759 4044 confessione
2808 3994 3248 4045 sacrosanctum
3298 3995 3647 4060 acceperunt

2002 4080 2496 4136 additamentum.
2530 4080 2662 4150 Ipse
2710 4086 2903 4134 autem
2954 4079 3316 4150 Agonotbeta
3354 4085 3411 4137 et
3448 4082 3648 4137 Domi-

2004 4186 2140 4233 nus,
2175 4184 2275 4239 pro
2324 4185 2439 4240 quo
2492 4168 2609 4238 pati
2667 4168 3123 4235 constituerunt,
3154 4177 3208 4224 et
3238 4186 3413 4241 quem
3450 4186 3647 4226 coram

2006 4258 2345 4315 hominibus
2375 4258 2684 4330 martyrice
2714 4258 2967 4314 confessi
3007 4263 3166 4327 sunt,
3202 4259 3347 4331 ipse,
3380 4260 3646 4332 inquam,

2008 4364 2204 4403 coram
2235 4350 2402 4403 Patre
2430 4363 2528 4402 eos
2559 4347 2846 4417 praeconio
2876 4347 3199 4417 honoravit,
3226 4348 3372 4404 sicut
3402 4357 3487 4404 est
3519 4347 3645 4420 pol-

2010 4437 2226 4505 licitus,
2258 4436 2571 4508 gloriaeque
2611 4440 2668 4492 et
2706 4436 2871 4509 regni
2920 4435 3195 4492 caelorum
3241 4437 3431 4493 socios
3480 4437 3649 4493 fecit:

2010 4527 2287 4597 quoniam
2321 4541 2452 4582 eum
2486 4526 2646 4580 decet
2677 4527 2869 4581 omnis
2918 4525 3126 4597 gloria,
3153 4526 3341 4582 honor
3369 4532 3423 4582 et
3453 4525 3657 4581 adora-

246 4617 439 4690 πρέπει
476 4622 623 4673 πᾶσα
671 4615 816 4687 δόξα,
846 4618 984 4691 τιμὴ
1032 4617 1121 4672 καὶ
1167 4617 1383 4693 κράτος,
1434 4616 1787 4694 μεγαλωσύνη
1846 4641 1884 4673 τι

2019 4616 2122 4683 tio,
2176 4631 2333 4671 nunc
2389 4618 2445 4670 et
2501 4629 2753 4686 semper,
2810 4617 2868 4670 et
2917 4614 2977 4671 in
3036 4614 3251 4672 saecula
3307 4612 3655 4672 seculorum

247 4707 337 4761 καὶ
394 4705 859 4783 μεγαλοπρέπεια,
888 4712 979 4762 νῦν
1024 4708 1111 4763 καὶ
1168 4707 1246 4762 ἀεὶ
1300 4707 1393 4761 καὶ
1434 4707 1513 4769 εἰς
1545 4707 1671 4771 τοὺς
1701 4708 1902 4773 αἰῶνας

244 4799 356 4851 τῶν
390 4795 629 4853 αἰώνων.
662 4796 717 4855 Ἀ
728 4798 858 4870 μήν.

579 5802 849 5861 ΡΑτιιοι..
894 5798 1011 5861 Gn.
1056 5794 1232 5859 CXV.

2017 4708 2218 4761 Amen.

3273 5788 3351 5845 34
