4106 6200
380 311 531 371 1067

1727 292 2012 355 MENSIS
2056 290 2439 353 OCTOBER.

3632 285 3803 346 1068

1570 639 2608 777 ΜΛΡΤΥΡΙΟΝ

1691 883 1829 936 ΤΩΝ
1871 879 2081 933 ΑΓΙΩΝ
2119 874 2490 929 ΜΑΡΤΥΡΩΝ

970 1044 1983 1248 ΠΡΟΒΟΥ,
2107 1036 3216 1212 ΤΑΡΑΧΟΥ

1499 1337 1714 1433 ΚΑΙ
1812 1329 2671 1431 ΑΝΔΡΟΝΙΚΟΥ.

1489 1763 2706 1933 MARTYRIUM

1826 2026 1928 2083 SS.
1961 2023 2371 2082 MARTYBUM

662 2186 1269 2342 PROBI,
1336 2173 2130 2313 TABACHI
2207 2171 2438 2305 ET
2518 2167 3538 2306 ANDRONICI.

841 2406 1069 2482 (Latine
1098 2402 1251 2477 apud
1280 2398 1515 2455 Surium
1545 2396 1616 2452 ad
1650 2394 1803 2451 diem
1838 2393 1896 2447 11
1935 2392 2219 2460 Octobris,
2254 2391 2445 2448 Greece
2476 2406 2543 2446 ex
2574 2390 2700 2447 cod.
2736 2406 2847 2446 ms.
2886 2389 3070 2446 Paris.
3108 2406 3165 2446 n.
3200 2390 3381 2460 1480.)

482 2711 524 2765 Ι.
566 2703 957 2763 Diocletianus
1006 2703 1209 2751 tenens
1258 2694 1655 2746 Romanorum
1706 2684 2043 2755 imperium,

2233 2681 2309 2735 A'.
2353 2679 2741 2750 Διοκλητιανὸς
2798 2682 2899 2749 τὴν
2947 2679 3321 2753 αὐτοκράτορα
3371 2680 3665 2752 Ῥωμαίοις
3717 2678 3829 2735 διὲ-

408 2800 494 2857 vir
524 2796 624 2868 qui
656 2791 834 2850 errori
862 2789 1058 2845 cultus
1089 2785 1422 2839 daemonum
1455 2780 1577 2832 erat
1609 2774 1822 2829 mirum
1848 2772 1907 2827 in
1932 2786 2059 2825 mo-

412 2860 558 2947 dum
587 2885 873 2949 addictus,
904 2876 1132 2933 volebat
1178 2869 1499 2941 quemlibet
1528 2864 1919 2919 Christianum
1953 2860 2059 2915 ab-

406 2981 606 3050 jurare
656 2973 934 3043 pietatem
985 2974 1297 3029 veramque
1345 2955 1712 3025 religionem,
1748 2950 1955 3006 litteris
2003 2952 2061 3002 et

414 3038 623 3122 edictis
650 3038 751 3132 per
782 3056 1114 3111 universum
1146 3049 1342 3103 orbem
1378 3050 1544 3098 terra:
1576 3055 1856 3111 spargens
1907 3038 2057 3092 hanc

415 3127 668 3223 impiam-
687 3146 1025 3204 vanitatem.
1064 3142 1139 3191 Ea
1170 3137 1240 3189 de
1270 3150 1443 3188 causa
1488 3128 1689 3185 multis
1720 3127 1957 3198 quidem
1989 3142 2058 3181 ex

416 3218 688 3299 fidelibus
738 3229 1195 3289 labefactabatur
1224 3224 1448 3277 animus
1476 3236 1488 3273 :
1523 3218 1620 3274 alii
1653 3226 1845 3272 autem
1897 3220 2056 3269 metu

418 3334 868 3391 tormentorum,
902 3333 1153 3391 quorum
1188 3315 1357 3370 mine:
1389 3312 1618 3365 fuerant
1648 3308 1965 3371 intentam,
1999 3307 2057 3360 in

420 3416 842 3479 solitudinibus
871 3409 1130 3466 latebant
1159 3409 1215 3461 et
1246 3401 1563 3458 montibus.
1599 3398 1716 3452 Piis
1745 3396 1900 3451 enim
1936 3395 2061 3449 ubi-

421 3528 535 3584 que
585 3509 751 3564 erant
796 3508 963 3557 tensa
1007 3496 1152 3552 retia
1182 3500 1238 3549 et
1267 3490 1478 3563 laquei.
1511 3490 1672 3544 Tunc
1700 3502 1833 3541 vero
1868 3485 2059 3539 fortis-

422 3578 555 3657 simi
578 3593 791 3651 Christi
814 3589 1051 3655 milites,
1075 3583 1175 3656 qui
1198 3588 1314 3637 tres
1338 3579 1575 3650 quidem
1599 3578 1766 3630 erant
1791 3590 2057 3637 numero,

422 3693 478 3745 et
528 3698 736 3759 genere
784 3679 906 3736 solo
937 3682 993 3731 et
1032 3670 1353 3729 differentia
1401 3667 1602 3739 patriae
1652 3664 2063 3718 dividebantur

423 3750 710 3848 (Taracbo
742 3768 895 3826 enim
930 3765 1118 3837 primo
1151 3763 1495 3830 martyrum,
1530 3754 1717 3827 patria
1748 3757 1872 3807 erat
1924 3750 2060 3804 urbs

424 3840 646 3923 Claudii
672 3858 916 3917 Caesaris
944 3873 957 3924 ;
983 3854 1170 3909 Probo
1202 3866 1357 3913 vero,
1381 3863 1508 3917 quas
1531 3846 1601 3899 ad
1626 3843 1919 3898 Orientem
1953 3840 2064 3895 sita

425 3961 533 4025 est,
589 3945 966 4020 Pamphylia;
1017 3939 1343 3997 Andronico
1400 3938 1597 3989 autem
1656 3936 1820 3985 aetate
1870 3929 2061 3994 tertio,

2166 2788 2282 2821 πων
2315 2767 2491 2843 ἀρχὴν
2526 2770 2662 2844 ἀνὴρ
2696 2766 2902 2847 σφόδρα
2933 2769 3056 2841 περὶ
3102 2770 3203 2838 τὴν
3255 2765 3624 2841 δεισιδαίμονα
3674 2767 3825 2824 πλα-

2165 2878 2262 2925 νην
2324 2854 2658 2928 ἐπτοημένος
2714 2859 2888 2913 πάντα
2946 2858 3265 2933 Χριστιανὸν
3335 2857 3657 2931 ἐξόμνυσθαι
3720 2861 3826 2927 τήν

2167 2940 2436 2999 εὐσέϐειαν
2510 2941 2777 3017 ἐϐιάζετο,
2837 2945 3127 3021 γραμμάσί
3194 2967 3251 3001 τε
3315 2948 3403 3001 καὶ
3462 2944 3829 3022 διατάγμασιν

2166 3032 2266 3087 ἀνὰ
2331 3035 2428 3101 τὴν
2486 3034 2811 3107 οἰκουμένην
2884 3041 3082 3105 πᾶσαν,
3137 3038 3237 3106 τήν
3311 3040 3539 3108 θεομισῆ
3614 3036 3824 3105 ταύτην

2168 3122 2434 3192 ἐξαπλοῦν
2470 3124 2843 3196 ματαιότητα⁶
2877 3124 3136 3196 ταύτητοι
3176 3127 3263 3179 καὶ
3309 3123 3514 3180 πολλοὶ
3566 3127 3659 3197 μὲν
3715 3132 3829 3181 τῶν

2166 3214 2371 3267 πιστῶν
2404 3216 2504 3282 τὴν
2540 3212 2777 3268 διάνοιαν
2826 3212 3171 3282 ἐσαλεῦοντο,
3211 3212 3373 3269 ἄλλοι
3427 3212 3483 3269 δὲ
3534 3212 3639 3269 δὲει
3712 3220 3825 3269 τῶν

2168 3300 2557 3375 ἡπειλημένων
2592 3302 2860 3377 βασάνων,
2914 3302 2966 3357 ἐν
3007 3302 3263 3378 ἐρημίαις
3303 3304 3392 3358 καὶ
3452 3299 3631 3379 ὄρεσιν
3690 3306 3830 3359 ἀπε-

2168 3391 2492 3463 κρύπτοντο,
2524 3391 2985 3466 παρρησιάζεσθαι
3041 3394 3117 3466 μή
3172 3390 3461 3465 δυνάμενοι
3512 3396 3612 3463 τήν
3664 3396 3826 3448 εὐσέ-

2170 3475 2339 3547 ϐειαν,
2399 3484 2682 3554 πανταχοῦ
2737 3482 2836 3555 γὰρ
2896 3486 3016 3544 τοῖς
3073 3477 3308 3537 εὐσεὸἑσι
3394 3484 3640 3556 θήρατρα
3737 3482 3831 3536 καὶ

2170 3567 2392 3642 παγίδες
2460 3572 2912 3646 περιεπήγνυντο.
2948 3571 3083 3627 Τότε
3110 3568 3176 3640 δὴ
3219 3571 3307 3625 καὶ
3365 3573 3416 3626 οἱ
3456 3576 3553 3626 τοῦ
3584 3575 3833 3645 Χριστοῦ

2171 3659 2549 3731 γενναιότατοι
2644 3664 2993 3734 στρατιῶται,
3052 3666 3197 3734 τρεῖς
3279 3662 3371 3733 μὶν
3446 3662 3538 3715 τὸν
3592 3662 3835 3735 ἀριθμὸν

2173 3746 2343 3817 ὄντες,
2382 3748 2469 3801 καὶ
2509 3750 2648 3822 γένει
2686 3749 2832 3820 μὸνῳ
2874 3748 2964 3803 καὶ
3015 3746 3275 3823 πατρίδος
3317 3747 3545 3827 διαφορᾷ
3600 3752 3830 3823 μεριζὸο

2178 3857 2349 3908 μενοι,
2380 3840 2446 3909 τῇ
2500 3834 2554 3891 δὲ
2614 3838 2747 3911 πρὸς
2800 3840 2927 3892 Θεὸν
2967 3838 3151 3913 ἀγάπῄ
3195 3841 3284 3893 καὶ
3334 3841 3533 3903 πίστει,
3588 3835 3641 3893 ἔν
3692 3841 3831 3893 εἶναι

2175 3923 2449 3998 διαφανῶς
2506 3926 2952 4000 γνωριζόμενοι·
3016 3930 3257 4003 Ταράχῳ
3315 3930 3418 4005 γὰρ
3482 3933 3560 4000 τῷ
3620 3930 3833 4002 πρώτῳ

427 4015 678 4115 insignis
711 4015 1051 4105 metropolis
1101 4025 1527 4099 Ephesiorum),
1561 4022 1618 4075 in
1649 4020 1831 4074 Deum
1877 4025 2062 4071 autem

2179 4020 2277 4069 τῶν
2316 4015 2623 4090 μαρτύρων,
2675 4019 2707 4085 ἡ
2762 4015 3031 4072 Κλαυδίου
3090 4022 3359 4093 Καίσαρος
3403 4018 3585 4085 πόλις,
3628 4021 3832 4093 πατρὲς

429 4108 711 4189 οἱιξιῖὶιδῐε
732 4134 784 4181 et
807 4124 921 4178 ﬁde
948 4134 1126 4177 unum
1152 4131 1279 4172 esse
1301 4116 1499 4185 aperte
1528 4108 2065 4181 cognoscebantur:

433 4238 563 4278 cum
588 4217 674 4275 vel
697 4214 887 4271 solum
912 4209 1126 4267 versari
1148 4220 1283 4261 cum
1308 4200 1523 4271 impiis,
1550 4201 1921 4269 reputassent
1943 4210 2070 4250 sese

434 4312 722 4379 abnegare
753 4304 1051 4376 pietatem,
1086 4295 1313 4365 seipsos
1344 4291 1677 4361 separantes
1710 4304 1744 4341 a
1774 4285 2070 4340 communi

434 4374 839 4461 multitudine,
887 4390 1083 4453 tacite,
1132 4388 1189 4439 et
1237 4397 1339 4453 per
1389 4394 1450 4433 se
1496 4376 1731 4431 alebant
1788 4390 1959 4429 suum
2012 4374 2070 4426 in

433 4488 732 4547 Christum
784 4478 1158 4537 desiderium.
1190 4472 1475 4528 Caeterum
1516 4465 1603 4520 vel
1654 4466 1840 4533 ipsam
1893 4463 2070 4515 vitam

433 4596 552 4637 non
601 4572 880 4647 putabant
926 4564 1184 4630 vitalem,
1220 4559 1332 4613 nisi
1373 4558 1572 4612 essent
1602 4552 1819 4608 Christi
1851 4549 2071 4621 passio-

435 4684 577 4725 num
602 4642 869 4735 -propter
907 4655 1203 4711 Christum
1249 4646 1580 4719 participes.
1613 4643 1830 4711 Scopus
1878 4642 2074 4694 autem

437 4762 560 4815 erat
577 4726 662 4811 eis
688 4766 807 4806 suae
832 4746 901 4801 ad
928 4745 1110 4800 Deum
1144 4736 1451 4803 orationis,
1474 4753 1503 4787 ιι
1527 4728 1802 4801 martyrio
1834 4726 2074 4782 minime

437 4846 723 4907 excidere,
747 4843 803 4894 et
833 4851 947 4890 non
981 4833 1168 4886 facere
1198 4825 1406 4881 Christi
1436 4826 1748 4895 jacturam,
1773 4832 1941 4888 quem
1974 4832 2075 4887 pro

437 4934 711 4993 omnibus
742 4926 956 4983 habere
985 4919 1339 4988 delegerant.

511 5119 580 5174 II.
616 5115 757 5171 Cum
813 5110 1184 5163 versarentur
1211 5098 1269 5153 in
1302 5096 1394 5151 his
1426 5092 1578 5149 beati
1611 5089 1864 5155 athletae,
1898 5084 2079 5141 mitti-

439 5216 534 5265 tur
564 5209 621 5262 in
655 5209 844 5275 partes
895 5195 1023 5253 illas
1074 5189 1309 5263 quidam
1359 5199 1570 5256 ρτωεεε
1602 5180 1674 5236 ab
1713 5178 2080 5246 imperatore,

443 5267 678 5351 nomine
708 5282 1124 5351 Maximus,vir
1146 5278 1243 5351 qui
1270 5277 1338 5331 ad
1372 5284 1686 5329 extremam
1725 5267 2083 5338 processerat

2176 4104 2519 4180 ἐγνωρίζετο,
2556 4100 2754 4178 Πρὸϐῳ
2786 4104 2843 4161 δὲ
2875 4109 2907 4176 ἡ
2942 4109 3078 4181 πρὸς
3128 4106 3201 4180 ἕῳ
3242 4106 3553 4180 διακειμένη
3599 4114 3830 4183 Παμρυ-

2176 4193 2291 4262 λία,
2324 4194 2412 4247 καὶ
2456 4191 2787 4267 Ἀνδρονίκῳ
2834 4200 2915 4267 τῷ
2961 4195 3129 4271 τρίτῳ
3178 4197 3295 4249 καθ’
3333 4195 3550 4265 ἡλικίαν
3594 4198 3627 4263 ἡ
3674 4198 3832 4271 Ἐφε-

2177 4282 2306 4337 σίων
2353 4284 2652 4358 περιφανής
2717 4282 3083 4357 μητρόπολις.
3145 4285 3311 4341 Οὗτοι
3371 4286 3458 4339 καὶ
3535 4287 3633 4353 τὴν
3698 4286 3835 4355 μετα

2178 4368 2385 4425 ἀσεϐῶν
2433 4369 2715 4447 διαγωγὴν
2761 4372 2952 4443 μόνην,
3008 4369 3279 4436 εὐσεϐείας
3338 4373 3562 4448 ἄρνησιν
3603 4372 3834 4448 λογισα-

2182 4481 2355 4532 μενοι.
2419 4460 2515 4514 τοῦ
2574 4458 2756 4514 κοινοῦ
2805 4460 3052 4530 πλήθους
3113 4463 3337 4525 ἑαυτοὺς
3407 4462 3833 4538 ἀπῦρῥήξαντες,

2180 4551 2365 4624 ἡσυχῇ
2430 4549 2517 4602 καὶ
2562 4551 2680 4612 καθ’
2738 4551 2964 4610 ἑαυτοὺς
3030 4554 3121 4606 τὸν
3179 4553 3315 4626 πρὸς
3371 4553 3599 4626 Χριστὸν
3664 4551 3835 4614 πόθον

2182 4634 2496 4713 ὑπέτρεφον,
2541 4640 2625 4699 οἷς
2673 4638 2760 4692 καὶ
2811 4640 2837 4693 ὁ
2883 4639 2999 4713 βίος
3058 4636 3295 4703 ἀϐίωτος
3329 4641 3631 4714 ἐνομίζετο,
3657 4640 3699 4694 εἰ
3757 4644 3831 4713 μὴ

2180 4731 2290 4780 τῶν
2340 4730 2436 4780 τοῦ
2486 4730 2723 4799 Χριστοῦ
2780 4730 3115 4801 παθημάτων
3151 4727 3241 4783 διὰ
3280 4730 3514 4803 Χριστὸν
3566 4732 3835 4798 κοινωνή-

2181 4836 2356 4871 σουσι.
2394 4814 2607 4876 Σκοπὸς
2648 4813 2705 4869 δὲ
2760 4823 2859 4885 τῆς
2908 4819 3042 4889 πρὸς
3091 4819 3217 4873 Θεὸν
3278 4818 3459 4880 αὐτοῖς
3518 4824 3835 4892 προσευχῆς

2182 4906 2243 4959 τὸ
2310 4905 2385 4976 μὴ
2436 4909 2531 4959 τοῦ
2594 4906 2889 4979 μαρτυρίου
2959 4906 3276 4979 διαμαρτεῖν
3333 4910 3422 4961 καὶ
3485 4914 3836 4981 ζημιωθῆναι

2185 4995 2442 5068 Χριστὸν,
2475 4994 2532 5047 ὃν
2566 4995 2681 5048 ἀντὶ
2712 4996 2926 5049 πάντων
2961 4991 3106 5071 ἔχειν
3139 4997 3484 5071 προείλοντο.

2258 5088 2330 5137 Β.
2386 5084 2472 5137 Ἐν
2519 5081 2733 5145 τούτοις
2787 5089 2893 5138 τῶν
2946 5087 3225 5159 μακαρίων
3279 5086 3531 5155 ἀθλητῶν
3582 5084 3842 5157 ἀναστρε-

2188 5170 2438 5249 φομένων
2479 5169 2761 5226 στέλλεται
2791 5194 2875 5235 τις
2925 5175 3067 5245 παρὰ
3123 5174 3390 5247 βασιλέως
3442 5174 3666 5248 ἡγεμὼν
3715 5173 3843 5226 ὀνό-

2191 5281 2317 5332 ματι
2377 5261 2647 5332 Μάξιμος,
2723 5263 2880 5334 ἀνὴρ,
2949 5262 3024 5324 εἰς
3109 5260 3335 5339 ἔσχατον
3411 5261 3847 5335 δεισιδαιμονίας

443 5384 502 5437 in
553 5378 918 5434 daemonibus
972 5368 1230 5427 colendis
1278 5361 1775 5435 superstitionem,
1807 5359 1865 5409 et
1913 5353 2067 5423 cujus

2194 5349 2509 5421 ἐληλακὼς,
2542 5352 2630 5405 καὶ
2662 5350 2879 5421 πολλὴν
2910 5351 3053 5429 ἔχειν
3084 5356 3183 5424 τήν
3231 5354 3495 5428 ὠμότητα
3530 5352 3850 5427 μαρτυροῦ-

445 5466 757 5525 crudelitas
794 5463 1121 5533 jactabatur
1167 5452 1321 5525 vulgi
1362 5447 1722 5507 testimonio.
1759 5443 1974 5533 Isicum
2008 5441 2079 5495 ad

448 5552 829 5615 Tarsensium
862 5549 1117 5605 venisset
1147 5544 1458 5605 civitatem,
1479 5536 1745 5610 protinus
1769 5532 1838 5587 ad
1874 5531 2087 5586 exami-

452 5646 744 5707 nationem
796 5639 948 5696 sedit
982 5638 1039 5690 in
1071 5631 1297 5689 excelso
1346 5623 1620 5683 tribunali
1661 5621 1956 5693 judicans,
1989 5624 2089 5674 aut

2199 5460 2375 5512 μενος,
2430 5442 2524 5503 Ὃς
2581 5445 2649 5515 τῇ
2710 5442 2961 5517 Ταρσέων
3042 5441 3408 5518 ἐπιδημήσας,
3474 5445 3675 5512 ταύτης
3734 5443 3850 5514 γὰρ

2196 5528 2285 5583 καὶ
2330 5532 2427 5598 τὴν
2478 5530 2767 5605 ἡγεμονίαν
2807 5532 3149 5606 κεκλήρωτο,
3192 5533 3350 5599 εὐθὺς
3388 5533 3521 5607 πρὸς
3581 5530 3843 5602 ἐξέτασιν,

2199 5617 2285 5672 ἐπὶ
2368 5620 2640 5693 μετεώρου
2715 5628 2955 5692 καθῆστο
3037 5626 3135 5677 τυῦ
3202 5625 3474 5697 βήματος,
3537 5619 3766 5691 δικάζων
3804 5621 3843 5690 ἢ
