4042 6222
206 345 363 407 1069
1328 343 1807 408 MARTYRIUM
1854 346 1893 407 S

2021 345 2203 405 ROBI
2248 343 2343 403 ET
2392 343 2557 404 SOC.
3456 349 3612 410 1070

204 502 423 575 μᾶλλον
457 501 549 557 τὸν
591 503 780 575 αγῶνα
821 496 1081 565 διατιθεὶς
1110 500 1184 563 ὡς
1217 501 1331 557 οἷόν
1376 524 1434 557 τε
1465 502 1858 584 χαλεπώτατα,
1888 547 1902 575 λ

2014 509 2265 561 artamen
2291 503 2483 575 potius
2508 518 2721 575 parans
2744 504 2911 576 longe
2933 505 3379 563 difﬁcillimum.
3405 508 3492 565 Illi
3517 526 3615 564 au-

199 594 286 648 καί
340 590 487 664 αυτῷ
536 589 682 653 πολύ
732 612 783 646 τι
836 591 1053 660 πλῆθος
1093 594 1443 664 παρειστήκει
1474 591 1709 667 δημίων,
1742 600 1859 658 τοῖς

2014 612 2081 650 ιω
2109 594 2423 650 assistebat
2441 608 2652 664 magna
2674 594 2995 649 multitudo
3017 595 3311 665 lictorum,
3333 599 3431 670 qui
3454 597 3613 654 illius

202 680 404 737 ἐκείνου
435 683 524 736 καὶ
566 680 791 753 νεύμασι
823 682 912 734 καὶ
946 682 1197 755 σχήμασι
1226 682 1289 735 τὸ
1339 682 1575 746 εὐπειθὲς
1627 684 1859 761 ὑποφαί-

2014 684 2203 740 utibus
2230 689 2285 739 et
2314 682 2577 754 gestibus
2610 699 2670 738 se
2704 688 2969 753 prompte
3011 686 3303 755 parituros
3354 704 3482 742 esse
3531 688 3611 743 si-

200 792 405 833 νοντες.
457 772 607 828 Ἐπεὶ
688 768 779 825 οὖν
847 776 965 833 τοῖς
1034 768 1291 840 τηνικάδε
1358 769 1751 846 δεισιδαίμοσιν
1807 775 1860 828 οἱ

2014 774 2349 830 niﬁcabant.
2384 772 2527 827 Cum
2561 787 2697 843 ergo
2730 772 2799 826 iis
2832 773 2932 843 qui
2964 776 3104 829 tunc
3148 780 3316 830 erant
3356 776 3609 831 cultores

208 862 475 935 μάρτυρες
534 859 617 914 ἐπ’
657 854 899 930 εὐσεϐείᾳ
957 857 1119 928 δῆλοι
1178 859 1449 936 γεγόνασι,
1492 864 1579 916 καὶ
1641 870 1861 934 θεσμοῖς

2014 879 2299 917 aemonum
2361 866 2641 933 martyres
2702 869 2934 933 propter
3000 878 3198 918 veram
3268 864 3606 936 religionem

205 951 293 1005 καὶ
327 950 561 1024 εἱρκταῖς
594 947 702 1021 ἤδη
736 944 1238 1021 συνελαμϐάνοντο,
1282 952 1333 1004 οἱ
1366 954 1465 1020 τὴν
1498 953 1703 1006 τούτων
1759 976 1862 1031 φυ-

2014 952 2280 1007 rasissent
2317 948 2633 1015 manifesti,
2665 955 2722 1005 et
2758 951 2879 1021 jam
2912 951 3319 1021 comprehensi
3366 954 3618 1024 fuissent

206 1040 379 1109 λακήν
418 1037 894 1113 ἐπιτετραμμένοι,
922 1039 990 1092 τά
1045 1040 1161 1093 κατ’
1203 1036 1399 1102 αὐτοὺς
1449 1045 1529 1112 τῖρ
1586 1039 1861 1111 δικάζοντι

2015 1058 2042 1096 s
2074 1041 2288 1112 quibus
2320 1040 2429 1094 hoc
2461 1039 2835 1094 incumbebat
2866 1040 3148 1109 officium,
3173 1042 3356 1112 judici
3390 1045 3461 1099 de
3492 1045 3610 1101 illis

210 1125 587 1200 διεσήμαινον,
656 1128 683 1182 6
753 1125 809 1182 δὶ
865 1133 1022 1201 κοινῇ
1094 1128 1187 1200 μὶν
1263 1128 1459 1189 αὐτοὺς
1528 1139 1862 1205 παραστῆναι

2014 1129 2396 1201 Lgniﬁcarunt.
2434 1131 2561 1198 Ipse
2612 1132 2800 1181 autem
2853 1128 3034 1183 vetuit
3083 1131 3319 1200 quidem
3355 1147 3452 1187 eos
3484 1134 3610 1189 sisti

209 1218 497 1273 ἀπείπατο.
550 1219 681 1280 Καθ’
731 1213 825 1270 ἕνα
876 1214 933 1271 δὲ
989 1217 1203 1290 μᾶλλον
1256 1218 1511 1295 εἰσάγων,
1559 1222 1657 1289 τὴν
1688 1221 1862 1290 ἐξέτα-

2014 1218 2380 1283 ommuniter,
2428 1218 2529 1273 sed
2582 1216 2921 1285 singulatim
2972 1218 3169 1289 potius
3216 1221 3613 1291 introducens,

211 1328 292 1361 σιν
338 1307 596 1374 ἐποιεῖτο,
646 1307 935 1380 κακούργῳ
1006 1306 1190 1379 σκέψει
1270 1309 1395 1381 περὶ
1468 1313 1630 1363 τοῦτο
1684 1307 1866 1364 διατε-

2014 1325 2071 1363 os
2100 1307 2484 1374 examinabat,
2520 1306 2779 1376 maligno
2813 1305 2919 1361 hoc
2952 1323 3127 1378 agens
3159 1309 3405 1365 consilio
3436 1316 3492 1365 et
3522 1328 3618 1366 co-

212 1396 346 1465 θεὶς,
404 1396 493 1449 καὶ
569 1396 734 1468 ταύτῃ
821 1395 1035 1467 μᾶλλον
1121 1395 1263 1450 ἐλεῖν
1348 1397 1475 1459 τοὺς
1562 1398 1868 1468 ἀηττήτους
1974 1398 2166 1470 gitans
2219 1398 2337 1453 fore
2370 1400 2434 1450 ut
2463 1396 2709 1450 invictos
2747 1395 2829 1449 sic
2864 1396 3087 1451 facilius
3138 1408 3519 1469 expugnaret.
3554 1403 3621 1456 Et

1974 1489 2201 1559 primus
2255 1486 2513 1557 quidem,
2546 1485 2814 1540 videlicet
2858 1490 3047 1555 aetate,
3081 1488 3377 1544 Tarachus
3411 1490 3469 1544 in
3500 1506 3619 1544 me-

1976 1577 2137 1632 dium
2170 1576 2472 1641 accedens,
2499 1590 2632 1630 cum
2686 1578 2916 1643 rogatus
2962 1582 3115 1632 esset
3165 1578 3432 1649 quisnam
3462 1595 3626 1635 voca-

569 1396 734 1468 ταύτῃ
821 1394 1035 1467 μᾶλλον
1121 1394 1263 1450 ἐλεῖν
1348 1397 1475 1459 τοὺς
1562 1398 1868 1468 ἀηττήτους

212 1481 625 1557 διανοούμενος.
679 1484 780 1539 Καὶ
865 1488 1083 1557 πρῶτος
1177 1486 1273 1557 μὲν
1361 1488 1389 1539 6
1464 1488 1584 1551 καθ’
1643 1486 1863 1556 ἡλικίαν

211 1572 473 1648 Τάραχος
537 1574 694 1632 οὗτος
752 1573 842 1642 ἦν,
886 1570 1175 1645 παρελθὼν
1230 1573 1304 1637 εἴς
1358 1574 1543 1648 μέσον,
1574 1575 1866 1648 ἐρωτηθεὶς

214 1663 362 1722 ὅστις
432 1660 682 1732 καλοῖτο,
717 1663 1036 1733 Χριστιανὸν
1100 1664 1289 1717 ἑαυτὸν
1342 1663 1730 1741 ὡμολόγησεν,
1768 1688 1869 1737 μο-

2014 1670 2154 1732 etur,
2188 1664 2443 1735 seipsum
2507 1664 2813 1719 confessus
2871 1670 2958 1719 est
3016 1681 3140 1721 esse
3199 1666 3623 1736 Christianum,

213 1752 432 1826 νονουχὶ
465 1750 645 1827 λέγων
692 1751 822 1825 πρὸς
852 1751 946 1806 τὸν
977 1749 1164 1806 ἄδικον
1192 1749 1472 1823 δικαστὴν,
1498 1754 1572 1816 ὡς
1604 1758 1774 1829 Ὅπερ
1808 1756 1869 1809 σὺ

2014 1753 2263 1824 atrepide
2294 1754 2494 1808 dicens
2535 1753 2751 1821 injusto
2778 1754 2994 1822 judici:
3030 1756 3189 1822 Quod
3223 1762 3307 1825 tu,
3344 1762 3625 1828 tanquam

218 1837 435 1901 διώκεις
484 1840 557 1901 ὡς
606 1834 883 1913 ἔγκλημα,
932 1844 1092 1895 τοῦτο
1144 1840 1350 1913 κόσμος
1392 1842 1516 1916 ἐμοὶ
1550 1844 1638 1897 καὶ
1700 1840 1874 1917 ὄνομα

2021 1844 2229 1912 rimen,
2264 1842 2652 1913 persequeris,
2689 1841 2792 1896 hoc
2825 1848 2913 1897 est
2940 1844 3078 1898 mihi
3125 1853 3534 1901 ornamentum
3574 1851 3629 1901 et

216 1928 420 2002 κύριον.
465 1924 686 1995 Ἐπειδὴ
739 1924 795 1981 δὲ
840 1928 929 1981 καὶ
979 1928 1043 1982 τὸ
1090 1925 1150 1981 ἐκ
1194 1932 1299 1982 τῶν
1335 1930 1537 2003 γονέων
1582 1925 1913 2000 ἐπικληθὲν

218 2017 657 2092 καταχρηστικὸν
709 2018 895 2089 μαθεῖν
946 2017 1035 2071 καὶ
1092 2021 1255 2072 τοῦτο
1307 2017 1663 2094 φιλονεικεῖς,
1700 2021 1881 2095 Τάρα-

223 2127 327 2181 χος
378 2106 745 2179 ὀνομάζομαι,
796 2108 1137 2177 στρατιώτης
1196 2104 1252 2162 δὲ
1306 2106 1406 2178 ὢν,
1447 2110 1771 2182 ἠρνησάμην
1822 2110 1883 2163 τὸ

224 2195 371 2250 κάτω
426 2196 822 2270 στρατεύεσθαι,
870 2194 1089 2270 ἐπείπερ
1134 2198 1201 2251 τά
1250 2196 1394 2251 ὅπλα
1441 2202 1548 2253 τῶν
1622 2201 1885 2270 Χριστιαο

226 2288 333 2338 νῶν
384 2286 543 2357 ἡμῶν
603 2284 665 2338 οὐ
713 2285 961 2357 σαρκικὰ,
998 2282 1145 2340 ἀλλά
1204 2282 1402 2341 δυνατὰ
1448 2290 1527 2358 τῷ
1584 2288 1700 2358 Θεῷ
1750 2287 1888 2341 καθᾶ

227 2372 440 2434 Παῦλός
508 2394 641 2451 φησι
717 2374 855 2448 πρὸς
937 2373 1249 2447 καθαίρεσιν
1324 2380 1421 2430 τοῦ
1492 2375 1865 2448 ἀντικειμένου

228 2467 434 2535 Πρᾶττε
464 2459 560 2514 οὖν
596 2460 625 2515 ὅ
658 2460 849 2536 βούλει
883 2480 895 2493 ⁸
931 2455 1129 2533 ἔσομαι
1159 2461 1261 2537 γάρ
1294 2483 1377 2517 σοι
1430 2461 1517 2517 διὰ
1554 2465 1647 2518 τὸν
1680 2462 1732 2517 ἐν
1764 2450 1888 2535 ἐμοξ

229 2554 357 2607 Θεὸν
390 2548 612 2626 κέντρον
641 2551 729 2605 καὶ
778 2550 1055 2626 Τάραχος,
1096 2552 1185 2606 καὶ
1243 2554 1383 2624 μήτε
1430 2557 1527 2607 τοῦ
1576 2556 1761 2628 γήρως
1796 2554 1892 2627 ἐμὲ

228 2642 319 2695 καὶ
358 2647 460 2709 τῆς
504 2640 704 2701 πολιᾶς
749 2640 1139 2712 ὑπομίμνησκε
1176 2644 1244 2713 τῇ
1298 2642 1584 2715 προθυμίᾳ
1614 2645 1890 2713 νεάζοντα,

238 2733 378 2805 μήτε
422 2731 525 2799 τὴν
578 2729 806 2805 ἀλογίαν
844 2734 953 2783 τῶν
984 2733 1093 2783 σῶν
1139 2728 1432 2804 βασιλέων,
1464 2736 1715 2805 πατρῷον
1758 2733 1893 2786 ἀπο-

232 2818 388 2873 κάλει
442 2814 633 2891 νόμον.
668 2819 761 2879 Εἰς
820 2818 925 2894 γὰρ
980 2818 1140 2890 ἡμῶν
1200 2818 1286 2872 καὶ
1338 2817 1557 2889 ἀληθὴς
1612 2822 1820 2894 Πατὴρ,
1865 2822 1893 2875 6

237 2908 389 2975 Θεὸς,
420 2907 480 2969 ’ὀς
533 2907 625 2961 καὶ
688 2906 765 2966 εἷς
814 2927 875 2961 το
930 2906 1065 2961 εἶναι
1113 2908 1445 2982 παρήγαγεν,
1480 2910 1531 2961 οἱ
1577 2906 1633 2963 δὲ
1664 2909 1749 2963 σοὶ
1783 2910 1894 2973 θεοὶ

243 2998 389 3060 λίθοι
441 2998 530 3053 καὶ
572 2996 707 3066 ξύλα
736 2993 904 3063 ὅντες,
942 2995 1293 3073 βδελύγματά
1318 2999 1419 3053 εἱσι
1446 3018 1458 3032 ”
1518 3000 1739 3055 τοιαῦτα
1794 3001 1895 3077 γὰρ

241 3088 307 3143 τά
334 3090 429 3142 τοῦ
462 3090 560 3142 σοῦ
596 3084 866 3163 βασιλέως
893 3081 1229 3160 σεϐάσματα.

318 3275 391 3330 Γ’.
423 3272 649 3340 Τούτοις
707 3272 805 3339 τὴν
862 3271 1029 3347 ὀργὴν
1086 3270 1294 3345 ἀνάψας
1338 3276 1435 3327 τοῦ
1494 3270 1769 3341 δικαστοῦ,
1822 3275 1896 3328 ὡς

249 3361 413 3425 ἀνείς
470 3364 596 3425 τοὺς
638 3361 805 3422 Θεούς
862 3382 919 3416 τε
977 3361 1068 3416 καὶ
1128 3361 1254 3422 τοὺς
1306 3361 1554 3437 βασιλεῖς
1603 3370 1902 3438 παροινῶν,

251 3452 407 3516 εὐθὺς
467 3454 564 3521 τήν
624 3450 758 3505 κατά
799 3455 907 3505 τῶν
960 3450 1229 3525 σιαγόνων
1260 3446 1416 3525 ὕϐριν
1450 3453 1760 3530 ὑφίσταται,
1793 3455 1906 3509 εἶτα

252 3543 337 3595 καὶ
380 3543 515 3595 κατὰ
562 3545 660 3595 τοῦ
716 3539 945 3615 αὐχένος
989 3538 1078 3594 ἐπὶ
1122 3539 1362 3603 πολλαῖς
1402 3546 1521 3603 ταῖς
1569 3542 1735 3616 ὥραις
1793 3542 1908 3598 ἐτύ-

252 3650 433 3695 πτετο,
468 3630 529 3683 οὗ
564 3626 706 3703 μηδὲ
736 3630 834 3698 τὴν
886 3629 1006 3684 θέαν
1060 3630 1232 3701 μόνην
1281 3629 1333 3684 οἱ
1381 3636 1720 3705 παρεστῶτες
1769 3631 1904 3702 ἠδύ-

252 3741 408 3775 ναντο
456 3725 756 3794 καρτερεῖν,
817 3717 903 3774 διὸ
948 3719 1039 3774 καὶ
1090 3721 1361 3774 νουθετεῖν
1424 3720 1764 3795 ἐπεχείρουν,
1820 3721 1907 3776 ἵνα

254 3818 355 3879 τῆς
408 3808 756 3885 μωρολογίας
808 3809 885 3871 ὡς
941 3810 1130 3870 αὐτοῖς
1178 3805 1353 3863 ἐδόκει
1414 3810 1733 3882 μετάθηται,
1772 3812 1908 3886 πρὸς

257 3899 347 3960 οὒς
404 3901 431 3953 6
492 3900 697 3972 μάρτυς
744 3899 834 3952 καὶ
885 3896 1095 3973 σφόδρα
1136 3918 1200 3971 γε
1241 3897 1472 3971 εὐφυῶς,
1508 3900 1592 3954 Ἐν
1649 3898 1908 3969 ἐξήκοντα

256 3987 413 4049 ὅλοις
464 3986 604 4042 ἔτεσι
646 3989 744 4055 τήν
798 3988 1009 4061 μωρίαν
1056 3987 1261 4056 ταύτην
1311 3988 1626 4063 φιλοπόνως
1667 3989 1906 4059 ἀσκήσας

257 4076 309 4131 ἐν
341 4075 456 4152 ὥρα
491 4082 589 4150 μιᾷ
616 4078 679 4131 τὸ
727 4075 965 4151 χρονίως
996 4076 1215 4146 κτηθέν,
1248 4076 1391 4131 οὕτω
1432 4075 1631 4150 ῥᾳδίως
1678 4078 1906 4133 ἀπώσο-

263 4189 381 4241 μαι,
414 4166 476 4221 οὐ
548 4167 624 4239 μὰ
682 4168 773 4220 τὸν
839 4166 970 4239 ὑπὲρ
1019 4161 1293 4229 εὐσεϐείας
1343 4171 1531 4221 τοῦτον
1590 4168 1786 4239 ἀγῶνα,
1819 4170 1905 4223 καὶ

256 4259 355 4325 τήν
408 4255 483 4317 εἷς
527 4254 760 4329 Χριστὸν
808 4254 899 4309 τὸν
949 4252 1211 4325 ἀληθινὸν
1240 4254 1369 4309 Θεόν
1409 4277 1514 4327 μου
1562 4257 1907 4327 πεποίθησιν,

260 4342 384 4399 οὐδ’
412 4342 471 4398 ἂν
499 4346 638 4417 ἡμῖν
678 4341 849 4404 ἄλλος
903 4343 1152 4415 Μάξιμος
1210 4342 1436 4417 ἀπειλῇ,
1466 4344 1661 4399 τούτου
1714 4345 1913 4418 πολλῴ

264 4432 561 4507 βαρύτερος
621 4453 678 4487 τε
734 4432 825 4486 καὶ
898 4430 1313 4506 χαλεπώτερος.
1372 4436 1494 4490 Τῶν
1568 4440 1911 4509 μαρτυρικῶν

260 4522 470 4578 τούτων
508 4526 702 4598 φωνῶν
754 4522 781 4575 6
832 4521 1152 4593 παράνομος
1214 4518 1475 4591 δικαστὴς
1523 4525 1583 4578 τὸ
1634 4524 1914 4600 πεπαρρη-

1925 3230 1976 3298 C

1988 1946 2199 1986 nomen
2233 1932 2553 2001 proprium.
2578 1931 2863 1995 Quoniam
2896 1948 3027 1987 vero
3058 1932 3113 1986 id
3148 1949 3382 2005 quoque
3414 1936 3564 2005 quod
3599 1952 3632 1989 a

1989 2020 2330 2092 parentibus
2377 2019 2518 2074 mihi
2570 2020 2677 2073 fuit
2726 2020 3067 2091 impositum
3113 2022 3200 2077 vis
3248 2022 3413 2091 scire,
3461 2039 3631 2079 vocor

1991 2109 2313 2165 Tarachus.
2350 2109 2491 2163 Cum
2525 2112 2717 2163 autem
2750 2124 2938 2165 essem
2988 2110 3173 2177 miles,
3208 2112 3429 2166 inferne
3460 2112 3634 2167 abne-

1991 2200 2121 2271 gavi
2173 2199 2449 2267 militare,
2481 2198 2752 2267 quoniam
2806 2215 2963 2253 arma
3013 2205 3233 2267 nostra,
3281 2202 3377 2270 qui
3429 2216 3635 2255 sumus

1993 2288 2326 2353 Christiani,
2352 2304 2464 2343 non
2491 2290 2627 2342 sunt
2647 2286 2924 2353 carnalia,
2948 2288 3048 2342 sed
3075 2309 3101 2337 «
3131 2288 3247 2342 Deo
3273 2288 3529 2359 potentia
3551 2290 3639 2359 (ut

1995 2378 2136 2431 dicit
2166 2377 2409 2447 Paulus)
2444 2376 2514 2431 ad
2550 2375 3007 2432 destructionem
3054 2377 3371 2432 adversarii
3396 2382 3435 2431 ί.
3471 2400 3499 2427 ››
3530 2381 3639 2431 Fac

1996 2483 2133 2537 ergo
2164 2468 2317 2537 quod
2355 2465 2535 2533 velis;
2569 2482 2665 2520 ero
2707 2466 2860 2520 enim
2918 2465 3020 2520 tibi
3072 2482 3173 2536 per
3212 2472 3395 2520 Deum
3429 2467 3524 2535 qui
3556 2474 3642 2520 est

1997 2556 2054 2610 in
2091 2572 2181 2610 me
2211 2554 2489 2609 stimulus
2511 2558 2566 2608 et
2588 2554 2966 2623 perturbatio.
2992 2554 3061 2607 Et
3083 2570 3188 2608 nec
3212 2570 3303 2609 me
3326 2555 3642 2610 senectutis

2000 2650 2056 2701 et
2086 2660 2365 2699 canorum
2400 2645 2734 2709 admoneas,
2759 2642 2859 2712 qui
2894 2658 3025 2697 sum
3053 2642 3287 2713 juvenis
3319 2643 3497 2698 animi
3531 2643 3643 2697 ala-

2002 2735 2205 2791 critate
2232 2750 2243 2786 :
2280 2748 2469 2803 neque
2499 2732 2645 2802 quod
2676 2730 3104 2786 inconsiderate
3136 2738 3187 2786 et
3219 2736 3425 2803 praeter
3463 2733 3641 2787 ratio-

2002 2838 2132 2880 nem
2167 2823 2232 2877 ﬁt
2261 2822 2431 2877 atuis
2480 2820 2949 2891 imperatoribus,
2984 2820 3039 2875 id
3091 2836 3256 2877 voces
3303 2820 3485 2893 legem
3536 2838 3645 2892 pa-

2000 2916 2197 2970 triam.
2232 2911 2395 2967 Unus
2426 2915 2514 2966 est
2543 2910 2696 2964 enim
2746 2918 2938 2965 noster
2967 2914 3023 2964 et
3051 2926 3218 2965 verus
3248 2912 3435 2977 Pater,
3463 2909 3641 2975 Deus,

2004 3004 2105 3076 qui
2140 3018 2245 3057 nos
2277 3000 2451 3056 etiam
2486 2998 2756 3069 produxit
2786 2998 2857 3053 ad
2890 3001 3226 3054 essentiam.
3258 2998 3364 3053 Tui
3405 3015 3537 3055 vero
3564 2997 3645 3052 dii

2005 3109 2136 3149 cum
2170 3092 2289 3147 sint
2320 3090 2480 3161 ligna
2511 3093 2569 3143 et
2601 3087 2843 3159 lapides,
2868 3092 3008 3142 sunt
3034 3087 3517 3143 abominationes.
3541 3091 3650 3142 Ta-

2008 3185 2084 3239 lia
2115 3186 2254 3239 sunt
2288 3196 2412 3252 qua:
2444 3198 2475 3234 a
2504 3184 2605 3235 tuo
2632 3180 2982 3249 imperatore
3013 3178 3284 3233 coluntur
3313 3176 3646 3233 simulacra.

2079 3273 2176 3326 Ill.
2210 3268 2311 3324 His
2363 3268 2687 3323 accendens
2718 3267 2863 3320 iram
2891 3266 3128 3335 judicia,
3165 3270 3228 3320 ut
3258 3266 3357 3336 qui
3402 3264 3513 3319 diis
3560 3265 3649 3318 in—

2010 3361 2256 3415 sultaret
2312 3361 2369 3412 et
2424 3355 2903 3426 imperatoribus,
2951 3354 3010 3408 in
3072 3353 3323 3409 maxillis
3384 3353 3650 3425 protinus

2011 3448 2194 3505 subiit
2222 3444 2532 3516 injuriam:
2558 3443 2767 3497 deinde
2797 3442 2969 3497 etiam
2994 3442 3053 3497 in
3077 3441 3225 3497 collo
3261 3442 3461 3498 multis
3492 3441 3653 3497 horis

2012 3540 2118 3594 fuit
2147 3537 2502 3593 verberatus.
2529 3531 2691 3598 Quod
2712 3532 3109 3602 spectaculum
3137 3547 3205 3586 ne
3230 3536 3491 3603 poterant
3521 3530 3651 3602 qui-

2013 3628 2146 3681 dem
2180 3626 2327 3681 ferre
2361 3622 2398 3677 ii
2426 3622 2523 3694 qui
2560 3622 2838 3675 aderant:
2867 3620 3135 3689 quocirca
3169 3620 3657 3691 aggrediebantur

2014 3716 2188 3772 etiam
2222 3714 2559 3779 admonere,
2593 3714 2658 3764 ut
2696 3708 2871 3763 stulte
2902 3708 3081 3779 loqui,
3124 3709 3276 3763 sicut
3306 3709 3390 3763 eis
3419 3708 3655 3763 videba-

2012 3811 2129 3872 tur,
2163 3802 2488 3859 desisteret.
2521 3799 2743 3862 Quibus
2799 3802 3015 3866 martyr
3064 3798 3205 3854 scite
3254 3797 3563 3852 admodum
3602 3802 3655 3852 et

2014 3894 2316 3966 apposite:
2353 3892 2495 3947 Cum
2547 3888 2868 3958 sexaginta,
2902 3887 3113 3959 inquit,
3146 3891 3297 3943 totos
3336 3904 3431 3942 sex
3471 3902 3655 3943 annos

2014 3984 2320 4055 diligenter
2377 3980 2527 4035 hanc
2580 3978 2821 4034 stultam
2878 3977 3230 4033 exercuerim
3288 3977 3653 4041 locutionem,

2016 4074 2159 4129 hora
2180 4087 2317 4135 una,
2339 4068 2497 4141 quod
2528 4072 2648 4123 tam
2684 4067 2852 4135 longo
2881 4071 3137 4136 tempore
3164 4070 3253 4120 est
3282 4064 3654 4136 acquisitum,

2016 4160 2350 4233 expellam?
2382 4158 2762 4229 Nequaquam
2816 4171 2917 4227 per
2964 4154 3093 4222 hoc,
3126 4155 3278 4226 quod
3313 4171 3415 4225 pro
3448 4155 3659 4224 pietate

2018 4250 2271 4320 suscipio
2303 4256 2617 4312 certamen,
2641 4253 2693 4299 et
2716 4260 2819 4317 per
2838 4260 3029 4299 meam
3051 4244 3106 4298 in
3131 4244 3425 4299 Christum
3458 4260 3657 4300 verum

2020 4340 2202 4397 Deum
2235 4337 2532 4401 ﬁduciam,
2559 4350 2745 4405 neque
2767 4333 2813 4388 si
2841 4332 3011 4389 nobis
3032 4332 3182 4388 alius
3204 4332 3453 4389 minetur
3478 4332 3660 4388 Maxi-

2021 4445 2171 4494 mus,
2216 4427 2324 4482 hoo
2386 4426 2555 4497 longe
2605 4422 2838 4495 gravior
2886 4426 2944 4478 et
2985 4421 3391 4493 importunior.
3441 4422 3661 4478 Harum

2022 4516 2297 4589 martyris
2327 4530 2534 4570 vocum
2566 4513 2895 4569 libertatem
2929 4528 3046 4567 non
3079 4512 3270 4566 ferens
3300 4511 3543 4581 iniquus
3566 4513 3663 4582 ju-

265 4612 549 4683 σιασμένον
605 4610 704 4665 οὐκ
776 4609 1030 4684 ἐνεγκὼν,
1087 4605 1308 4684 ῥάϐδοις
1366 4611 1536 4685 ὠμῶς
1603 4599 1902 4682 καταικίζε-

2026 4611 2152 4675 dex,
2174 4607 2345 4677 jubet
2366 4604 2557 4674 ipsum
2581 4601 2763 4673 virgis
2786 4600 2926 4656 cadi
2954 4599 3285 4656 crudeliter.
3304 4599 3446 4654 Cum
3469 4605 3664 4655 autem

264 4703 383 4755 σθαι
440 4700 530 4754 τὸν
584 4700 830 4769 ἀθλητὴν
894 4698 1186 4754 ἐπιτάττει.
1220 4701 1308 4763 Ὡς
1340 4698 1396 4755 δὲ
1429 4701 1562 4773 μετά
1616 4702 1709 4764 τὰς
1765 4704 1914 4770 πλη-

266 4790 365 4865 γάς
416 4788 567 4862 ἔμενε
620 4786 834 4861 μᾶλλον
884 4790 985 4857 τὴν
1034 4790 1219 4867 ψυχὴν
1261 4788 1657 4864 ἀκλινέστερος,
1694 4793 1920 4868 βαρυτέ..

270 4900 387 4954 ροις
412 4880 447 4949 ἢ
485 4877 745 4953 πρότερον
769 4878 1118 4956 περισχεθεὶς
1146 4883 1263 4939 τοῖς
1319 4876 1409 4933 διὰ
1438 4879 1666 4954 σιδήρου
1699 4880 1919 4955 δεσμοῖς

267 4968 353 5023 ἐπὶ
385 4968 486 5036 τὴν
520 4966 737 5041 εῗρκτήν
764 4968 1029 5041 ἀπήγετο.

341 5058 418 5114 Δ¹.
454 5056 589 5112 Εἶτα
618 5055 708 5110 καὶ
752 5056 779 5111 6
808 5056 925 5111 καθ’
968 5055 1192 5126 ἠλικίαν
1232 5054 1478 5133 δεύτερος
1527 5062 1792 5135 παρήχθη
1844 5066 1923 5133 τῷ

277 5147 509 5221 βήματι,
560 5144 799 5218 ἀμελητὶ
857 5146 944 5201 καὶ
1004 5144 1339 5220 συνηγμένος
1389 5150 1566 5202 πάντα
1610 5148 1777 5203 εἰπὼν
1832 5149 1927 5205 ’ίνα

276 5237 353 5308 μὴ
386 5235 473 5288 καὶ
511 5231 750 5308 βραδύνῃ
793 5236 1005 5303 παθεῖν,
1056 5230 1157 5313 ἔφη
1204 5234 1307 5308 γάρ
1346 5235 1445 5303 τὴν
1496 5237 1588 5307 μὲν
1634 5238 1777 5292 θείαν
1837 5240 1926 5293 καὶ

271 5322 538 5396 ἐξαίρετον
613 5322 993 5398 προσηγορίαν
1064 5324 1339 5395 καλοῦμαι
1419 5325 1759 5397 Χριστιανὸς,
1826 5329 1924 5395 τὴν

271 5411 623 5486 ἀνθρωπίνην
657 5409 735 5480 δὲ,
777 5407 1012 5485 Πρόϐος.
1043 5413 1180 5484 Θρᾲξ
1234 5412 1345 5483 εἰμὶ
1386 5413 1449 5467 τὸ
1500 5413 1653 5489 γένος
1704 5413 1931 5486 ἰδιώτης

270 5501 365 5557 τὸν
403 5500 549 5575 βίον,
580 5503 677 5563 τὰς
718 5506 823 5555 τῶν
860 5502 1125 5575 βασιλέων
1157 5502 1245 5555 καὶ
1285 5501 1379 5563 τὰς
1437 5503 1552 5571 σάς,
1585 5502 1629 5555 ὦ
1681 5501 1925 5574 δικαστά,

352 5686 373 5721 ³
405 5684 455 5741 ΙΙ
487 5684 615 5753 Cor,
650 5702 706 5752 κ,
740 5686 793 5740 4.

2027 4701 2160 4770 post
2189 4695 2388 4767 plagas
2423 4695 2685 4747 maneret
2711 4690 2903 4745 animo
2934 4688 3280 4758 immobilis,
3309 4688 3668 4759 gravioribus

2028 4802 2200 4857 quam
2228 4785 2388 4856 prius
2410 4781 2610 4837 ferreis
2634 4780 2951 4836 adstrictus
2974 4778 3243 4847 vinculis,
3267 4777 3555 4833 abductus
3584 4784 3671 4832 est

2029 4875 2087 4929 in
2120 4888 2432 4929 carcerem.

2106 5059 2199 5114 IV.
2236 5058 2448 5113 Deinde
2479 5055 2529 5111 is
2561 5071 2794 5127 quoque
2846 5054 2944 5125 qui
2992 5058 3114 5109 erat
3163 5054 3458 5109 secundus
3507 5057 3675 5109 aetate

2040 5150 2357 5221 productus
2388 5150 2475 5201 est
2503 5145 2575 5200 ad
2607 5144 2878 5199 tribunal.
2918 5143 3015 5198 Ille
3049 5148 3242 5197 autem
3275 5143 3422 5199 citra
3451 5159 3673 5199 moram

2037 5248 2088 5295 et
2121 5238 2321 5309 paucis
2353 5235 2496 5289 dixit
2527 5234 2743 5303 omnia,
2765 5249 2835 5288 ne
2865 5232 3120 5287 ditl'erret
3151 5232 3287 5302 pati.
3312 5232 3517 5288 Divina
3547 5234 3675 5303 qui-

2038 5330 2190 5390 dem,
2252 5325 2546 5395 inquiens,
2608 5328 2665 5378 et
2718 5323 3005 5393 praecipua
3062 5321 3452 5393 appellatione
3506 5338 3678 5379 vocor

2039 5416 2428 5482 Christianus,
2454 5413 2708 5467 humana
2733 5418 2925 5467 autem
2950 5411 3191 5466 Probus.
3212 5414 3349 5465 Sum
3375 5411 3566 5467 Thrax
3587 5428 3679 5483 ge-

2044 5522 2200 5567 nere,
2227 5504 2397 5558 homo
2433 5502 2707 5572 privatus,
2731 5502 3148 5573 imperatorum
3173 5505 3228 5556 et
3250 5505 3382 5557 tuas
3405 5501 3681 5556 adversus
