4106 6200
447 321 597 384 1071

1791 309 2071 371 MENSIS
2117 311 2499 375 OCTOBER.

3699 317 3860 380 1072

442 501 640 546 veram
699 481 1038 556 religionem
1096 494 1286 546 voces,
1319 493 1350 532 o
1392 475 1596 547 judex,
1647 488 1973 544 exsecrans,
2022 490 2059 530 e‘

2169 473 2328 541 sumi
2368 477 2466 544 τῆς
2516 471 2786 540 εὐσεϐείας
2828 473 3102 532 διαπτύων
3144 476 3329 550 τιμὰς,
3379 476 3489 553 οὐχ
3539 477 3741 547 ἥκιστα
3795 475 3858 532 δὲ

444 580 697 633 vestram
721 571 970 628 maxime
992 568 1331 632 amicitiam,
1351 570 1415 620 ut
1432 580 1551 635 quae
1572 581 1603 619 a
1629 565 1738 618 Deo
1762 564 2084 636 disjungit;

443 679 658 737 magno
702 661 857 716 enim
908 657 1090 730 pretio
1120 655 1230 711 emi
1272 670 1400 710 esse
1429 652 1845 721 Christianum,
1879 657 1944 707 ut
1987 653 2088 723 qui

443 771 669 822 omnes,
699 765 846 822 quas
890 747 1200 811 habebam,
1233 742 1561 811 facultates,
1594 758 1722 813 quae
1755 746 1922 796 erant
1969 757 2084 796 non

443 859 664 914 paucae,
689 837 1165 910 contempserim,
1190 841 1420 907 pr0pter
1443 832 1781 887 mandatum
1806 830 2080 902 Spiritus.

442 935 575 1000 Quae
609 947 742 987 cum
773 928 1037 995 dixisset,
1059 925 1330 997 alligatus
1353 926 1410 978 et
1429 925 1705 977 extensus
1735 919 1956 991 accepit
1987 920 2085 975 bo-

439 1020 707 1076 villorum
739 1031 1048 1074 nervorum
1079 1015 1250 1081 ictus,
1281 1010 1370 1066 vel
1401 1010 1530 1066 nive
1561 1010 1806 1065 cadente
1835 1007 2084 1065 crebrio-

440 1126 552 1165 res.
586 1113 652 1163 Et
682 1124 818 1165 cum
851 1111 1002 1162 terra
1049 1103 1391 1174 irrigaretur
1438 1098 1747 1170 sanguine,
1781 1102 1839 1153 et
1877 1101 2082 1167 stupe-

439 1206 570 1257 rent
597 1201 691 1272 qui
723 1197 1183 1255 circumstabant
1211 1197 1268 1250 et
1300 1194 1371 1248 ad
1399 1207 1534 1247 eum
1556 1191 1878 1247 clamarent
1904 1206 1917 1244 :
1945 1191 2080 1246 Vide

439 1293 597 1348 hunc
656 1292 872 1346 fluxum
934 1287 1183 1342 maxime
1239 1283 1582 1352 terribilem,
1613 1285 1670 1336 et
1713 1281 1818 1336 tibi
1871 1297 2077 1352 parce:

438 1386 663 1454 martyr
692 1381 762 1435 ad
797 1394 894 1433 eos
921 1377 1180 1431 intuens.
1222 1372 1384 1438 Quod
1435 1371 1534 1442 qui
1587 1374 1834 1435 certant,
1861 1371 2076 1441 inquit,

439 1473 766 1542 unguntur,
785 1467 979 1523 oleum
1011 1468 1111 1520 aut
1137 1465 1521 1534 unguentum,
1545 1459 1702 1514 hunc
1733 1459 2073 1527 sanguinem

435 1564 660 1631 reputo,
684 1566 737 1614 et
767 1557 895 1612 ideo
919 1555 987 1610 ad
1011 1552 1330 1610 certamina
1357 1549 1534 1606 evado
1560 1548 1822 1604 alacrior.
1857 1548 2075 1604 Deinde

432 1650 608 1707 etiam
639 1649 700 1703 in
740 1649 939 1704 ventre
983 1658 1186 1698 rursus
1235 1640 1504 1696 similiter
1547 1638 1909 1704 verberatus,
1940 1653 2072 1694 cum

431 1743 643 1796 terram
677 1733 1088 1794 abundantiori
1120 1731 1406 1804 sanguine
1430 1730 1661 1786 fecisset
1690 1745 2070 1801 purpuream:

2193 563 2282 617 καὶ
2329 565 2427 634 τὴν
2469 565 2729 639 ὑμετέραν
2778 566 2992 644 φιλίαν,
3037 566 3112 628 ὡς
3159 563 3447 621 διιστῶσαν
3497 564 3653 638 Θεοῦ,
3700 565 3856 622 πολ-

2195 651 2295 706 λοῦ
2327 653 2430 728 γάρ
2462 651 2739 728 ἐπριάμην
2795 655 2856 709 τὸ
2904 656 3045 709 εἶναι
3096 656 3435 727 Χριστιανὸς,
3465 657 3679 710 πάντων
3734 659 3851 711 τῶν

2193 741 2552 816 ὑπαρχόντων
2609 742 2707 798 οὐκ
2763 741 2974 820 ὀλίγων
3033 739 3206 799 ὅντων
3262 747 3704 823 καταφρονήσας,
3756 742 3852 800 διά

2190 833 2288 900 τήν
2339 836 2435 886 τοῦ
2485 831 2797 906 Ηνεύματος
2840 832 3087 904 ἐντολήν.
3122 834 3224 890 Καὶ
3265 839 3436 889 ταῦτα
3483 833 3675 906 είπὼν,
3720 832 3849 889 δια-

2191 922 2415 989 ζωσθείς
2471 942 2529 975 τε
2576 923 2665 976 καὶ
2724 922 2987 992 ἐκταθεὶς,
3031 923 3233 997 νεύρων
3307 925 3499 998 βοείων
3568 925 3849 1000 μάστιγας

2187 1010 2426 1085 καθάπερ
2477 1008 2704 1085 νιφάδας
2758 1011 2957 1087 ἀθρόας
3014 1014 3102 1067 καὶ
3164 1012 3381 1074 πολλάς
3446 1010 3688 1088 ἐδέχετο,
3748 1014 3848 1070 καὶ

2185 1102 2265 1170 τῷ
2311 1099 2506 1171 α’ίματι
2571 1099 2984 1174 καταρδομένης
3034 1109 3136 1171 τῆς
3185 1109 3312 1177 γῆς,
3359 1103 3445 1157 καὶ
3499 1109 3606 1158 τῶν
3655 1124 3848 1178 περιε-

2186 1189 2406 1243 στώτων
2449 1188 2907 1262 ἐκπληττομένων
2985 1193 3075 1246 καὶ
3139 1193 3392 1267 βοώντων
3445 1192 3610 1264 αὐτῷ,
3658 1191 3849 1249 Βλέπε

2183 1277 2244 1332 τὸ
2293 1272 2672 1356 φοϐερώτατον
2716 1285 2878 1335 τοῦτο
2925 1280 3116 1357 ῥεῦμα,
3167 1281 3258 1336 καὶ
3315 1287 3492 1361 φεῖσαι
3539 1288 3762 1351 σαυτοῦ,
3817 1285 3848 1337 ὁ

2189 1368 2392 1440 μάρτυς
2461 1367 2668 1425 ἀπιδὼν
2747 1372 2886 1447 πρὸς
2963 1371 3184 1445 αὐτοὺς,
3246 1375 3612 1446 Γυμναστικὸν
3689 1374 3845 1430 εἶπεν

2182 1454 2366 1513 ἔλαιον
2395 1461 2455 1514 τὸ
2487 1461 2623 1534 αἷμα
2653 1463 2802 1517 τουτί
2837 1460 3176 1539 λογίζομαι·
3211 1460 3295 1518 διὸ
3326 1465 3416 1518 καὶ
3457 1463 3671 1538 μᾶλλον
3700 1467 3847 1536 πρὸς

2178 1547 2306 1610 τοὺς
2365 1549 2578 1625 ἀγῶνας
2626 1550 2796 1606 πλέον
2853 1551 3176 1626 ἀλείφομαι,
3231 1552 3361 1610 Εἶτα
3409 1554 3676 1608 καὶκατὰ
3731 1562 3842 1624 τῆς

2179 1640 2410 1712 γαστρὸς
2450 1638 2614 1694 πάλιν
2662 1641 2874 1712 ὁμοίως
2937 1640 3177 1718 τυφθεὶς,
3208 1641 3296 1696 καὶ
3352 1647 3431 1713 τῷ
3487 1641 3676 1714 α’ίματι
3737 1641 3842 1698 δα-

2179 1726 2497 1801 ψιλέστερον
2565 1727 2902 1807 έπιφοινίξας
2976 1732 3075 1800 τήν
3144 1738 3289 1806 γῆν·
3352 1732 3569 1805 Χριστέ,
3632 1733 3837 1807 βοήθει

429 1830 675 1899 Christe,
701 1829 784 1884 fer
815 1825 956 1881 mihi
988 1839 1178 1896 opem,
1202 1821 1392 1878 solum
1424 1825 1512 1876 est
1532 1819 1811 1876 elocutus.
1837 1819 1908 1874 Et
1937 1834 2059 1874 curr.

2182 1818 2502 1912 potbpé‘v‘ov‘
2549 1817 2861 1896 ἐερθέγγετο.
2896 1820 3000 1876 Καὶ
3042 1825 3139 1876 τοῦ
3188 1823 3456 1896 ἡγεμόνος
3505 1824 3782 1900 φήσαντος
3822 1842 3836 1855 ’

428 1920 669 1977 dixisset
716 1931 966 1990 praess:
1002 1914 1063 1970 Si
1111 1912 1214 1968 tibi
1263 1926 1430 1982 opem
1483 1909 1676 1976 ferret,
1709 1912 1764 1963 te
1802 1907 2072 1964 liberaret

430 2010 502 2065 ab
556 2006 826 2064 omnibus
884 2004 976 2058 his
1020 2000 1351 2068 tormentis,
1407 1998 1700 2068 sapienter
1753 1997 2070 2052 admodum

427 2095 731 2168 respondit
781 2094 867 2149 vir
913 2094 1147 2163 justus:
1180 2091 1301 2144 Non
1356 2103 1550 2159 quaero
1609 2102 1720 2140 non
1777 2085 1914 2156 pati,
1969 2086 2070 2141 sed

429 2186 655 2241 fortiter
711 2201 778 2239 ac
829 2183 1163 2238 constanter
1221 2177 1370 2233 ferre
1419 2175 1843 2247 perpessiones.
1891 2175 2070 2230 Nemo

427 2274 584 2330 enim
616 2289 682 2328 ex
730 2271 805 2326 iis
837 2271 935 2343 qui
983 2269 1301 2331 decertant,
1333 2265 1378 2320 si
1413 2263 1583 2319 fuerit
1629 2279 1784 2318 sanaa
1837 2264 2069 2331 mentis,

427 2363 662 2435 petierit
706 2362 920 2417 auferri
953 2376 986 2414 a
1017 2354 1439 2415 certaminibus
1485 2353 1695 2424 quibus
1744 2353 2072 2424 assequitur

430 2467 702 2508 coronam
735 2455 792 2506 et
817 2448 1074 2521 praemia.
1099 2445 1312 2501 Verum
1344 2448 1400 2499 te
1430 2442 1588 2511 latet,
1612 2459 1644 2498 o
1667 2443 1869 2513 judex,
1895 2457 1983 2497 me
2014 2447 2072 2496 et

425 2541 592 2597 valde
623 2539 806 2596 fuisse
839 2535 1199 2603 exauditum,
1225 2537 1280 2588 et
1301 2531 1448 2587 mihi
1470 2533 1672 2586 datum
1705 2530 1882 2586 fuisse
1912 2531 2072 2585 auxi-

423 2629 590 2686 lium.
614 2630 742 2686 Tua
775 2643 1028 2698 namque
1058 2629 1367 2682 contemno
1399 2624 1710 2688 tormenta,
1735 2637 1850 2676 non
1883 2621 2067 2674 victus

421 2721 493 2776 ab
524 2720 596 2776 iis
631 2737 732 2791 per
762 2733 891 2790 qua
922 2717 1138 2788 putasti
1168 2719 1225 2768 te
1257 2727 1349 2768 me
1380 2728 1510 2767 esse
1550 2710 1866 2777 victurum,
1899 2715 1957 2765 et
1997 2725 2064 2764 ex

424 2809 824 2865 acerbissimis
878 2805 1138 2878 corporis
1192 2801 1484 2858 doloribus
1542 2799 1804 2854 animum
1860 2803 2065 2854 nactus

422 2895 1008 2964 robustioremgCum
1044 2893 1135 2947 his
1169 2890 1348 2946 simul
1396 2887 1687 2953 cessisset,
1721 2895 1772 2940 et
1816 2903 1948 2942 eum
1980 2887 2064 2941 di-

423 2986 685 3042 misisset
720 2985 927 3055 judex,
978 2997 1109 3037 eum
1157 2980 1390 3049 quidem
1441 2977 1590 3032 ferro
1637 2975 1863 3042 vinciri,
1908 2984 1960 3030 et
2004 2977 2062 3031 in

421 3089 711 3130 carcerem
743 3072 954 3127 abduci
986 3070 1172 3140 jubet,
1206 3072 1262 3122 ct
1291 3065 1515 3120 extendi
1550 3067 1607 3118 in
1641 3069 1884 3135 quatuor
1912 3065 2062 3122 fora-

420 3163 682 3218 minibus
713 3159 876 3232 ligni,
917 3160 986 3214 ad
1019 3156 1405 3228 torquendum
1439 3153 1774 3209 constructi.

2183 1903 2246 1961 Εἰ
2283 1899 2502 1976 ἐϐοήθεί
2552 1927 2657 1974 σοι,
2689 1909 2906 1971 πάντως
2951 1907 3009 1965 ἄν
3060 1930 3116 1964 σε
3147 1909 3236 1964 καὶ
3276 1913 3383 1966 τῶν
3420 1899 3664 1986 βασάνων
3697 1910 3842 1966 τού-

2179 2014 2286 2048 των
2327 1992 2613 2070 ἐξήρπασε,
2674 2003 2902 2060 συνετῶς
2957 1997 3088 2074 ἄγαν
3134 1998 3162 2053 ό
3221 1997 3430 2062 δίκαιος
3485 2000 3837 2075 ἀπεκρίνατο,

2181 2085 2256 2146 ὡς
2289 2084 2433 2160 Οὐχὶ
2469 2087 2545 2158 μὴ
2579 2088 2785 2156 παθεῖν,
2827 2086 2972 2143 ἀλλά
3000 2091 3425 2165 καρτερῆσαιτά
3462 2091 3605 2161 πάθη
3653 2095 3838 2161 ζητῶ,

2181 2171 2359 2237 οὐδεὶς
2390 2176 2494 2252 γὰρ
2549 2181 2655 2231 τῶν
2715 2177 3133 2251 ἀγωνιζομένων
3176 2178 3451 2255 λογισμοῦ
3482 2179 3680 2255 Κύριος
3729 2179 3836 2249 ὢν,

2181 2264 2514 2339 ἐξαιρεθῆναι
2555 2270 2662 2320 τῶν
2702 2266 2922 2340 ἀγώνων
2956 2267 3222 2338 αἰτήσειεν
3270 2266 3365 2323 ’ίνα
3413 2273 3512 2324 τοῦ
3565 2272 3842 2346 στεφάνου

2178 2353 2403 2408 καὶτῶν
2445 2351 2693 2427 ὰμοιϐῶν
2740 2353 3050 2431 διαμάρτοι.
3088 2356 3327 2429 Λέληθεν
3363 2358 3455 2414 οῦν
3498 2380 3553 2414 σε
3582 2357 3628 2413 ὦ
3661 2358 3833 2415 δικα-

2179 2443 2296 2512 στά,
2329 2441 2411 2496 ὅτι
2459 2444 2548 2497 καὶ
2599 2442 2723 2499 λίαν
2767 2442 3046 2518 ἤκουσμαί
3098 2467 3155 2502 τε
3197 2447 3286 2502 καὶ
3332 2442 3704 2523 βεϐοήθημαι,
3735 2451 3831 2505 καὶ

2178 2527 2266 2585 διὰ
2315 2535 2410 2586 τοῦ
2440 2532 2760 2604 τοσούντων,
2810 2535 3057 2608 βασάνων
3107 2540 3445 2612 καταφρονῶ,
3492 2538 3600 2612 οὐχ
3646 2541 3829 2608 ἡττη-

2177 2619 2284 2682 θεὶς
2323 2621 2559 2692 τούτων,
2589 2619 2659 2676 δι’
2691 2623 2764 2677 ὧν
2795 2624 2857 2676 σὺ
2887 2626 3122 2694 νικήσειν
3164 2623 3432 2697 ἐνόμιζες,
3463 2625 3553 2681 καὶ
3605 2625 3829 2702 ἀνδρει-

2176 2708 2362 2784 οτέραν
2417 2707 2672 2787 ἐσχηκὼς
2701 2713 2800 2779 τήν
2841 2712 3026 2786 ψυχὴν
3074 2711 3133 2767 ἐκ
3169 2717 3278 2768 τῶν
3323 2711 3660 2790 δριμυτέρων
3723 2721 3827 2772 τοῦ

2171 2800 2425 2870 σώματος
2499 2797 2778 2874 ἀλγεινῶν.
2841 2800 3072 2862 Τούτοις
3139 2798 3325 2864 ἐνδούς
3398 2823 3458 2857 τε
3539 2803 3653 2878 ἅμα
3732 2804 3823 2859 καὶ

2176 2885 2355 2958 μεθεὶς
2398 2889 2425 2941 ὁ
2469 2884 2698 2958 δικάζων
2763 2885 3003 2965 σιδήρων
3047 2891 3140 2963 μὲν
3209 2891 3298 2945 καὶ
3356 2891 3516 2947 αὐτὸν
3572 2890 3821 2965 δεθῆναι,

2171 2977 2259 3029 καὶ
2317 2977 2451 3049 πρὸς
2506 2978 2604 3046 τὴν
2662 2977 2876 3046 εἱρκτὴν
2937 2979 3252 3054 ἀπαχθῆναι
3312 2981 3386 3042 εἰς
3445 2982 3706 3058 τέσσαρας
3763 2983 3825 3039 δὲ

2172 3064 2297 3133 όπᾶ,
2354 3070 2451 3120 τοῦ
2507 3067 2875 3141 κολαστηρίου
2959 3066 3120 3137 ξύλον
3208 3070 3542 3140 ἀποταθῆναι
3627 3070 3819 3128 διακε·

2170 3151 2403 3210 λεύεται.

491 3252 553 3309 ν.
579 3257 715 3307 Post
733 3221 902 3321 quem
923 3221 1260 3304 tertius-fuit
1281 3245 1648 3300 introductus
1668 3243 2056 3312 Andronicus,

2239 3245 2314 3300 E'.
2347 3246 2479 3301 Μεθ’
2509 3247 2565 3300 ’ὸν
2619 3243 2987 3321 Ἀνδρόνικος,
3016 3267 3200 3323 τριτος
3250 3249 3522 3326 εἰσήγετο,
3563 3249 3682 3316 νέος
3718 3254 3814 3326 μὲν

420 3357 658 3413 corpore
688 3339 925 3411 quidem
952 3335 1209 3408 juvenis,
1233 3335 1303 3390 iis
1327 3339 1516 3389 autem
1543 3331 1642 3404 qui
1669 3332 1829 3404 prius
1862 3335 2056 3389 decer-

417 3437 613 3486 tarunt
638 3428 869 3500 ingenio
901 3426 1139 3498 aequalis
1169 3430 1224 3480 et
1253 3424 1558 3496 perfectus.
1585 3422 1971 3487 Quamobrem
2006 3433 2058 3479 et

417 3519 824 3585 constantiam,
876 3522 931 3574 et
982 3515 1213 3570 dicendi
1280 3513 1627 3580 libertatem,
1685 3515 1741 3566 et
1799 3514 2055 3568 eamdem

416 3607 670 3665 ostendit
724 3605 1069 3672 orationem,
1125 3618 1187 3659 se
1243 3601 1638 3658 Christianum
1704 3616 1940 3668 vocans,
1998 3607 2055 3658 et

415 3697 627 3754 Christi
658 3711 904 3752 servum.
937 3695 1080 3749 Cum
1123 3697 1316 3747 autem
1363 3698 1489 3761 post
1538 3688 2049 3759 interrogationem

403 3787 606 3858 jussus
654 3788 804 3842 esset
835 3801 896 3840 se
928 3799 1042 3839 non
1091 3781 1270 3836 stulte
1319 3795 1536 3851 gerere,
1570 3779 1670 3834 sed
1705 3779 2050 3844 sacriﬁcare,

410 3873 685 3930 alieniore
733 3871 909 3928 simul
941 3874 998 3926 et
1026 3870 1243 3925 veriora
1287 3867 1459 3923 modo
1494 3865 1792 3936 respondit
1822 3867 2006 3934 judici
2035 3884 2047 3921 :

408 3964 603 4032 Recte,
635 3979 668 4019 o
699 3961 964 4028 Maxime,
998 3959 1215 4024 dicens,
1249 3957 1564 4013 certamina
1612 3963 1807 4011 nostra
1857 3965 2051 4010 nomi-

408 4069 611 4108 nasses
643 4051 972 4116 stultitiam,
1006 4049 1054 4104 si
1085 4065 1186 4120 spe
1220 4047 1671 4110 frustrarentur;
1705 4043 1751 4098 si
1780 4043 1912 4114 quis
1943 4062 2048 4100 au-

407 4145 522 4196 tem
551 4140 876 4212 adspexerit
907 4139 978 4194 ad
1011 4152 1172 4207 spem
1200 4139 1255 4191 et
1285 4133 1836 4200 remunerationem,
1871 4149 2044 4204 quam

406 4229 656 4286 Verbum
680 4227 945 4301 promisit
963 4227 1230 4292 salutare,
1248 4223 1371 4296 ipse
1389 4238 1621 4295 quoque
1638 4221 1879 4278 omnino
1897 4223 2045 4277 dicet

406 4335 539 4374 cum
573 4317 783 4374 Paulo:
812 4319 924 4373 Non
956 4324 1084 4372 sunt
1102 4313 1394 4386 condignae
1423 4315 1698 4384 passiones
1729 4312 1893 4378 huius
1916 4316 2046 4368 tem-

400 4409 554 4481 pori:
578 4407 648 4464 ad
686 4410 935 4477 futuram
977 4408 1212 4475 gloriam
1262 4402 1613 4460 revelandam
1641 4403 1699 4456 in
1732 4401 1907 4456 nobis.
1941 4401 2042 4455 Ille

404 4502 597 4553 autem
621 4513 850 4553 morsus
875 4497 979 4552 bac
1003 4493 1374 4567 philosOpbia
1397 4490 1688 4560 martyris,
1714 4507 1846 4545 cum
1872 4490 2042 4545 vellet

2166 3334 2228 3387 τὸ
2275 3338 2454 3406 σῶμα,
2493 3340 2601 3390 τῶν
2653 3333 2710 3390 δὲ
2773 3337 3262 3411 προηγωνισμένων
3333 3337 3643 3412 ἡλικιώτης
3709 3342 3818 3418 ἄρα

2163 3423 2253 3476 τὸν
2296 3427 2417 3476 νοῦν
2447 3424 2535 3478 καὶ
2564 3423 2794 3489 τέλειος.
2830 3426 2924 3480 Διὸ
2972 3427 3059 3480 καὶ
3106 3428 3204 3495 τήν
3251 3423 3508 3495 ἔνστασιν,
3539 3433 3638 3501 τήν
3670 3433 3819 3509 παῤ-

2165 3509 2378 3584 ῥησίαν,
2428 3515 2514 3568 καὶ
2578 3512 2777 3589 λόγους
2834 3517 2961 3577 τοὺς
3035 3516 3232 3578 αὐτοὺς
3301 3515 3630 3590 ἐπεδείξατο,
3681 3523 3816 3590 Χρι-

2164 3603 2375 3656 στιανὸν
2408 3603 2594 3657 ἑαυτὸν
2625 3604 2713 3658 καὶ
2763 3607 3000 3678 Χριστοῦ
3040 3602 3236 3661 δοῦλον
3268 3607 3583 3667 ἀποκαλῶν.
3618 3611 3706 3673 Ὡς
3736 3581 3816 3667 ,δὲ

2165 3691 2300 3762 μετὰ
2336 3691 2434 3759 τήν
2484 3689 2772 3766 ἐρώτησιν,
2822 3693 2896 3765 μή
2954 3695 3270 3768 μωραίνειν,
3324 3694 3471 3752 ἀλλά
3527 3698 3667 3752 θύειν
3714 3698 3812 3754 ἐπ·

2161 3779 2432 3854 ετρέπετο,
2473 3782 2780 3857 καινότερον
2809 3784 2920 3854 ἅμα
2963 3784 3053 3836 κκί
3111 3785 3472 3860 ἀληθέστερον
3526 3789 3661 3863 πρὸς
3717 3793 3810 3845 τὸν

2161 3865 2414 3937 δικαστήν
2461 3870 2782 3944 ἀπεκρίνατο
2816 3887 2829 3902 '
2885 3870 3076 3933 Καλῶς
3127 3871 3208 3942 ἂν,
3261 3875 3305 3928 ὧ
3350 3876 3580 3949 Μάξιμε,
3630 3878 3812 3955 λέγων

2155 3956 2283 4018 τοὺς
2340 3958 2640 4032 ἡμετέρους
2697 3958 2908 4036 ἀγῶναν
2971 3961 3181 4036 μωρίαν
3235 3963 3546 4036 ὠνόμασας,
3613 3968 3657 4021 εἷ
3707 3973 3811 4038 τῆς

2156 4043 2379 4108 ἐλπίδος
2412 4046 2690 4117 ἐξέπιπτον
2719 4067 2731 4081 ο
2782 4050 2827 4103 εί
2878 4046 2935 4104 δὲ
2971 4051 3106 4126 πρὸς
3154 4054 3253 4121 τῆν
3301 4051 3496 4110 ἐλπίδα
3548 4059 3639 4111 καὶ
3699 4061 3804 4128 τῆν

2154 4132 2422 4189 ἀντίδοσιν
2467 4133 2580 4190 ’ίδοι
2629 4158 2734 4206 τις,
2765 4140 2831 4207 ἦν
2879 4140 2907 4193 ὁ
2958 4141 3228 4215 σωτήριος
3277 4143 3446 4217 Λόγος
3511 4145 3804 4220 ὑπέσγετο,

2159 4225 2291 4294 μετὰ
2325 4224 2543 4278 Παύλου
2574 4226 2788 4287 πάντως
2817 4228 2903 4281 καὶ
2938 4228 3102 4289 αὐτὸς
3143 4229 3272 4301 ἐρεῖ,
3312 4231 3374 4285 τὸ
3421 4231 3536 4289 Οὐκ
3571 4211 3692 4306 ἆξίά
3739 4211 3807 4291 τά

2156 4314 2449 4384 παθήματα
2511 4318 2608 4368 τοῦ
2681 4319 2771 4368 νῦν
2845 4320 3037 4390 καιροῦ
3110 4318 3246 4392 πρὸς
3318 4321 3416 4388 τήν
3488 4321 3804 4392 μέλλουσαν

2153 4398 2308 4470 δόξαν
2357 4401 2812 4475 ἀποκαλυφθῆναι
2863 4403 2938 4466 εἷς
2989 4406 3159 4478 ἡμᾶς.
3194 4407 3293 4460 Καὶ
3341 4407 3510 4483 ταύτῃ
3542 4414 3610 4484 τῇ
3642 4411 3805 4486 φιλο-

2153 4488 2312 4563 σοφίᾳ
2344 4487 2572 4565 δηχθεὶς
2602 4491 2806 4556 ἐκεῖνος
2834 4497 2930 4547 τοῦ
2965 4495 3259 4567 μάρτυρος,
3290 4497 3380 4551 καὶ
3427 4497 3554 4560 τοὺς
3594 4499 3805 4574 λόγους

403 4587 708 4643 ostendere
734 4587 902 4641 verba
937 4585 1080 4640 nihil
1110 4584 1266 4639 aliud
1298 4597 1425 4638 esse
1457 4597 1630 4652 quam
1663 4581 1852 4646 verba,
1885 4579 2040 4635 inve-

2169 4576 2441 4648 Ξουληθεὶς
2474 4578 2764 4657 διελέγξαι,
2801 4580 2969 4654 μηδὲν
2998 4582 3138 4638 ἄλλο
3170 4583 3412 4661 ἢλόγους
3459 4584 3614 4651 ὄντας
3647 4589 3800 4664 εὗρεν

403 4678 488 4732 nit
509 4693 600 4732 res
621 4676 778 4748 ipsas
801 4676 885 4730 eis
916 4675 1062 4730 ferre
1085 4671 1483 4729 testimonium
1504 4675 1561 4725 et
1581 4684 1648 4725 ea
1668 4668 2035 4725 conﬁrmare.

400 4769 544 4821 Nam
575 4781 709 4820 cum
740 4763 1010 4835 jussisset
1038 4778 1172 4817 eum
1205 4759 1486 4832 suspendi
1508 4760 1566 4814 in
1588 4757 1769 4829 ligno,
1797 4757 2042 4828 imperat

398 4860 464 4909 ut
493 4854 646 4909 ferro
677 4854 804 4925 ejus
836 4851 1309 4924 imprimerentur
1340 4849 1530 4917 tibiae;
1564 4847 1794 4911 deinde,
1829 4850 1890 4900 ut
1919 4846 2042 4916 ejus

396 4941 584 4998 latera
615 4949 1014 5014 pungerentur
1032 4939 1282 4996 stimulis
1302 4936 1657 4994 acutissimis
1678 4939 1735 4990 et
1757 4933 1872 4989 sale
1892 4934 2040 4990 affri-

393 5039 665 5088 carentur
715 5037 774 5088 et
820 5031 990 5086 testis
1045 5029 1476 5095 lacerarentur;
1509 5027 1618 5082 hoc
1664 5023 1930 5090 moliens,
1975 5029 2038 5080 ut

390 5121 661 5177 deﬁceret
693 5120 911 5177 athleta
945 5117 1203 5175 dolorum
1241 5116 1574 5173 acerbitate.
1608 5115 1719 5171 Sed
1753 5114 1850 5170 ille
1879 5115 2035 5173 dice-

388 5209 488 5264 bat
529 5210 707 5265 salem
752 5210 995 5265 reddere
1043 5222 1248 5277 corpus
1296 5205 1534 5261 firmum
1567 5219 1633 5261 ac
1663 5203 1936 5272 solidum,
1973 5212 2036 5261 ut

392 5303 584 5366 posset
614 5299 879 5355 sufﬁcere
910 5297 1150 5369 reliquis
1181 5295 1620 5352 certaminibus.
1647 5293 2030 5360 Quamobrem

389 5402 593 5441 rursus
623 5387 884 5444 defessus
917 5387 967 5444 is
998 5386 1088 5457 qui
1122 5383 1615 5458 puniebat,jussit
1635 5399 1767 5439 eum
1803 5399 2031 5455 quoque

388 5473 656 5530 similiter
685 5475 966 5532 custodiri
996 5475 1056 5531 in
1086 5489 1335 5532 carcere.

462 5659 546 5715 Vl.
585 5659 725 5714 Cum
751 5657 926 5729 igitur
959 5657 1166 5712 horum
1193 5656 1370 5712 trium
1394 5655 1843 5712 fortissimorum
1879 5657 2026 5711 viro-

2149 4667 2344 4730 αὐτοὺς
2381 4671 2854 4743 μαρτυρουμένους
2893 4667 3065 4734 ὅντως
3111 4673 3200 4728 καὶ
3251 4685 3646 4748 πιστουμένους
3679 4687 3801 4744 τοῖς

2149 4756 2484 4831 πράγμασιν.
2546 4761 2667 4816 Ἐπῖ
2741 4760 2905 4830 ξύλου
2980 4763 3081 4837 γὰρ
3155 4769 3346 4819 τοῦτον
3432 4766 3801 4842 ἄναρτηθῆναι

2148 4844 2405 4907 κελεύσας
2481 4843 2693 4920 σιδήρῳ
2767 4848 2862 4908 τὰς
2927 4848 3092 4902 αὐτοῦ
3151 4852 3363 4923 κνήμας
3439 4854 3797 4933 ἐγχαράττειν

2147 4933 2500 5005 προσέταττεν
2537 4953 2549 4966 ·
2612 4936 2722 4990 εἶτα
2804 4936 2899 4998 τὰς
2970 4935 3211 5012 πλευρὰς
3284 4938 3593 5017 πλήκτροις
3651 4945 3797 4999 τισὶν

2147 5022 2423 5093 ὀξυτάτοις
2477 5028 2701 5096 κεντεῖν,
2730 5025 2856 5078 ἁλσί
2906 5045 2963 5080 τε
3019 5021 3336 5101 ἐπιτρίϐειν,
3369 5031 3457 5084 καὶ
3508 5031 3796 5106 ὀστράκοις

2145 5109 2390 5180 έπιξέειν,
2440 5112 2576 5187 πρὸς
2631 5112 2695 5166 τὸ
2753 5110 2917 5186 δριμὺ
2967 5119 3070 5169 τῶν
3127 5113 3332 5170 ὀδυνῶν
3385 5120 3792 5194 μηχανώμενον

2143 5200 2510 5274 ἀπαγορεῦσαι
2579 5201 2672 5256 τὸν
2741 5200 3005 5272 ἀθλητήν.
3056 5203 3211 5259 Ἀλλ’
3293 5205 3494 5270 ἐκεῖνος
3567 5211 3790 5274 att-:55?»

2141 5285 2334 5361 ἔφασκε
2364 5289 2424 5342 τό
2458 5294 2615 5362 σῶμα
2643 5289 2770 5352 τοὺς
2822 5291 2956 5353 ἅλας
2998 5291 3344 5367 ἐργάσασθαι,
3377 5297 3452 5359 ὡς
3505 5299 3594 5353 καὶ
3652 5266 3792 5374 πρὸς

2138 5378 2200 5431 τὸ
2259 5376 2451 5433 λοιπὸν
2504 5384 2612 5434 τῶν
2674 5380 2898 5454 ἀγώνων
2959 5379 3207 5437 δύνασθαι
3265 5381 3504 5460 διαρκεῖν
3541 5409 3552 5420 ·
3607 5388 3688 5466 ἐφ’
3743 5391 3793 5461 ᾧ

2138 5467 2229 5521 καὶ
2285 5465 2436 5529 αὖθις
2493 5469 2736 5523 ἀπειπὼν
2779 5469 2807 5523 ὁ
2865 5469 3134 5540 κολάζων,
3183 5473 3275 5528 καὶ
3324 5480 3518 5531 τοῦτον
3575 5465 3791 5550 ὁμοίως

2139 5555 2222 5611 ἐπὶ
2264 5561 2360 5611 τοῦ
2393 5555 2776 5632 δεσμωτηρίου
2810 5558 3157 5638 φυλαχθῆναι
3191 5563 3646 5636 παρεκελεύσατο.

2209 5653 2270 5709 ς’.
2314 5645 2416 5703 Καὶ
2488 5647 2689 5718 ταύτην
2757 5649 2856 5717 τήν
2939 5646 3326 5725 δοκιμωτάτην
3407 5660 3596 5729 πεῖραν
3677 5661 3789 5711 τῶν
