4106 6200
310 350 462 411 1073

1434 342 1906 405 MARTYBIUM
1957 342 2021 401 S.
2067 336 2295 398 PBOBl
2350 337 2443 395 ET
2490 336 2653 396 SOC.

3558 319 3711 380 1074

303 512 469 585 τριῶν
527 508 789 583 ἀριστέων
847 503 1058 575 λαϐὼν,
1110 504 1275 560 πάλιν
1332 503 1530 565 αὐτοὺς
1582 504 1701 557 καθ’
1749 500 1842 556 ἕνα
1878 506 1947 574 τῇ

2065 514 2191 554 rum
2227 498 2375 553 hanc
2409 492 2859 564 pulcherrimam
2891 488 3243 558 sumpsisset
3275 482 3708 553 experientiam,

302 599 544 672 προτέρᾳ
577 598 723 668 τάξει
752 597 843 652 καὶ
872 600 962 651 νῦν
991 594 1280 670 χρώμενος
1323 599 1539 667 παρῆγε
1585 596 1664 663 τῷ
1801 606 1949 663 ματι·

302 689 407 743 Καὶ
468 686 635 741 πάλιν
679 688 707 740 ὁ
760 686 1009 760 Τάραχος
1059 684 1335 758 παραστὰς
1399 681 1532 754 μετὰ
1584 678 1804 749 πολλῆς
1858 682 1956 740 τῆς

303 775 614 852 παρῥησίας
667 777 760 831 τὸν
818 776 1081 851 ἡγεμόνα,
1137 774 1266 835 τοὺς
1335 771 1760 845 αὐτοκράτορας,
1825 770 1953 831 τοὺς

304 867 484 922 αὐτῶν
541 866 951 926 ἀσθενεστάτους
1007 862 1183 932 θεοὺς,
1232 860 1508 937 ἐξελέγχει
1566 860 1957 935 καρτερικώτα-

304 977 390 1013 τα.
435 958 595 1015 ’Ὀθεν
653 957 743 1012 καὶ
800 954 979 1018 λίθοις
1032 956 1094 1009 τὸ
1163 952 1341 1027 στόμα
1398 950 1805 1022 συνθλάττεται,
1864 948 1954 1004 καὶ

308 1044 460 1109 αὖθις
524 1050 625 1123 πῦρ
681 1051 801 1110 ταῖς
856 1043 1043 1123 χερσὶν
1096 1043 1194 1097 οὐκ
1240 1042 1473 1117 ἀγεννῶς
1534 1038 1772 1114 δέχεται.
1833 1039 1954 1095 Εἴθ’

307 1136 470 1197 οὗτος
499 1134 577 1213 ἐφ’
615 1134 833 1210 ὑψηλοῦ
877 1133 1014 1189 κατὰ
1059 1130 1303 1208 κεφαλῆς
1350 1130 1695 1205 άναρτηθεῖς,
1748 1129 1952 1197 μετέω-

307 1246 405 1299 ρος
434 1225 540 1293 csa
571 1223 630 1278 ἐκ
655 1227 754 1279 τοῦ
783 1226 991 1278 καπνοῦ
1022 1220 1327 1295 πικρότητα
1374 1222 1480 1274 τῶν
1529 1219 1689 1292 ῥινῶν
1740 1214 1953 1271 διαδυο-

309 1314 475 1385 μένην
510 1310 809 1386 εἰσδέχεται
845 1312 1096 1385 βάσανον,
1143 1310 1205 1364 οὐ
1241 1310 1349 1381 μὴν
1396 1306 1542 1363 ἄλλα
1586 1308 1673 1361 καὶ
1708 1306 1951 1380 προσθής

302 1421 403 1471 κην
434 1406 513 1472 τῷ
543 1400 777 1479 χαλεπῷ
806 1400 988 1472 τούτῳ
1029 1398 1376 1469 ἐπιτιθέντες,
1428 1395 1581 1467 ὄξους
1630 1395 1719 1450 καὶ
1776 1394 1948 1463 ἁλῶν,

300 1490 391 1545 καί
423 1487 767 1565 δριμυτάτων
818 1489 1142 1564 σπερμάτων
1208 1487 1382 1560 μίξεσι
1442 1483 1772 1561 δριμυτέρου
1820 1483 1951 1559 κρά-

304 1599 472 1653 μητος
514 1576 828 1652 γενομένου,
880 1580 943 1633 τὸ
994 1577 1233 1641 ἐντεῦθεν
1292 1574 1603 1650 συγκραθὲν,
1648 1575 1951 1647 ὡμοτάτως

301 1665 391 1723 διὰ
433 1672 540 1723 τῶν
592 1666 800 1723 ἐκείνου
851 1664 1101 1737 διηθοῦσι
1154 1665 1335 1740 ῥινῶν.
1368 1666 1425 1721 Ὀ
1458 1661 1515 1718 δὲ
1543 1667 1612 1729 τῆ
1646 1662 1950 1734 ἀνυποίστῳ

299 1758 468 1831 ταύτῃ
501 1758 722 1832 βασάνῳ
781 1756 1138 1831 ἐγκαρτερῶν,
1188 1754 1277 1809 καὶ
1325 1754 1416 1808 τὸν
1472 1756 1581 1827 πῦρ
1622 1752 1834 1826 ψυχρὸν
1894 1750 1949 1806 ἐν

302 1850 370 1921 τῇ
400 1846 690 1923 παραθέσει
720 1850 818 1900 τοῦ
872 1845 1098 1900 αἰωνίου
1146 1845 1338 1920 πυρὸς,
1392 1842 1647 1919 γλυκεῖαν
1696 1839 1752 1896 δὲ
1804 1842 1951 1916 λογι-
1983 1870 2036 1936 Β

304 1937 533 2009 ζόμενος
564 1936 663 2004 τὴν
697 1932 946 2009 δριμεῖαν
975 1934 1267 2002 ποιότητα,
1301 1930 1444 1987 οὕτω
1475 1930 1555 2005 τῷ
1586 1928 1950 2005 δεσμωτηρίῳ

302 2024 470 2081 πάλιν
494 2022 844 2099 σιδηρόδετος
884 2020 1263 2096 παραδίδόται.

376 2206 447 2259 Z‘.
472 2204 575 2260 Καὶ
609 2201 856 2277 δεύτερος
911 2204 1024 2275 μετ’
1072 2202 1233 2258 αὐτὸν
1267 2201 1296 2256 ὁ
1328 2197 1541 2277 Πρόϐος
1591 2205 1672 2273 τῷ
1721 2197 1947 2273 δικαστῇ

304 2293 650 2367 παρίσταται,
706 2290 994 2366 κωμῳδῶν
1048 2291 1177 2354 τοὺς
1236 2291 1438 2347 ἐκείνου
1486 2291 1738 2366 γελοίους
1797 2290 1951 2354 θεοὺς

304 2383 352 2457 ἐξ
384 2385 563 2439 αὐτῶν
594 2390 722 2458 παρ’
768 2381 1011 2453 Ἕλλησι
1066 2379 1576 2456 μυθολογουμένων,
1629 2384 1737 2436 τῶν
1784 2380 1949 2434 αὐτο-

301 2474 582 2550 κρατόρων
622 2471 678 2528 δὲ
707 2474 782 2534 ὡς
831 2471 1023 2542 ἐπίσης
1075 2472 1143 2526 τὰ
1205 2469 1413 2544 ἄθεσμα
1480 2472 1571 2525 καὶ
1632 2468 1951 2543 διαπραττυ-

307 2563 477 2637 μένων
526 2563 639 2637 ἅμα
694 2561 785 2616 καὶ
843 2560 1305 2637 ἐγκελευομένων.
1361 2561 1451 2629 Μή
1515 2557 1571 2614 δὲ
1634 2560 1696 2613 τὸ
1765 2559 1945 2634 βραχὺ

304 2654 627 2728 φροντίζων,
667 2654 1008 2728 τυπτόμενος
1046 2649 1103 2706 δὲ
1158 2652 1249 2706 καὶ
1304 2651 1467 2712 αὐτὸς
1523 2652 1584 2705 τὸ
1625 2650 1801 2723 στόμα
1856 2649 1945 2703 καὶ

306 2745 376 2815 τῇ
408 2740 622 2816 βασάνῳ
650 2742 816 2816 ταύτῃ
845 2740 1139 2816 καθαπερεὶ
1180 2744 1410 2816 σκιρτῶν
1458 2760 1517 2794 τε
1557 2739 1649 2793 καὶ
1707 2732 1945 2793 ἐναλλό-

314 2851 496 2904 μενος,
549 2832 649 2899 τήν
717 2830 803 2885 ἐπὶ
872 2829 1102 2906 σιδήρου
1184 2827 1680 2901 πεπυρακτωμένου
1766 2829 1950 2882 στάσιν

303 2918 735 2990 καταδικάζεται.
798 2921 949 2977 Ἐπεὶ
1007 2917 1063 2974 δὲ
1120 2919 1417 2999 εὐφραίνειν
1499 2917 1655 2989 ἐῴκει
1737 2914 1951 2989 μᾶλλον

306 3009 432 3084 οὐχὶ
477 3009 667 3065 λυπεῖν
700 3012 734 3079 ἡ
774 3008 1005 3083 βάσανος
1052 3008 1187 3079 αὕτη
1236 3008 1328 3064 τὸν
1379 3008 1645 3082 μάρτυρα,
1688 3013 1951 3081 πυρωθῆ-

302 3120 386 3154 ναι
442 3097 805 3177 σφοδρότερον
850 3100 877 3153 ὁ
919 3096 1177 3168 δικαστής
1232 3098 1326 3153 τὸν
1389 3095 1610 3171 σίδηρον
1656 3094 1947 3164 ἐπιτάττει,

304 3187 396 3243 καὶ
440 3187 721 3258 ἐπιστῆναι
770 3186 947 3260 τούτῳ
1003 3188 1093 3242 τὸν
1148 3187 1397 3257 ἀθλητὴν
1449 3187 1533 3241 ὅτι
1591 3185 1842 3260 τάχιστα,
1898 3182 1947 3252 ἐξ

2067 603 2271 644 rursus
2300 601 2399 641 eos
2429 579 2791 653 singulatim,
2816 577 2989 648 priori
3013 591 3242 648 quoque
3262 577 3401 629 tunc
3424 575 3597 627 utens
3625 586 3712 626 or-

2066 679 2222 742 dine,
2271 671 2542 746 produxit
2587 670 2657 724 ad
2709 664 2984 723 tribunal.
3038 664 3374 732 Rursusque
3426 660 3711 715 assistens

2065 764 2365 821 Taracbus
2386 777 2517 818 cum
2542 758 2797 814 maxima
2819 753 3050 810 dicendi
3074 751 3356 817 libertate,
3383 749 3709 819 praesidem,

2065 858 2463 924 imperatores,
2494 851 2875 922 ipsorumque
2906 845 3043 900 deos
3073 857 3201 898 esse
3230 838 3475 895 maxime
3515 837 3709 891 imbe-

2065 943 2227 1000 cillos
2274 942 2466 1013 arguit
2516 937 2852 995 fortissime.
2887 933 3052 990 Unde
3082 930 3259 988 etiam
3310 944 3519 999 corpus
3571 942 3710 981 con-

2064 1031 2342 1102 fringitur
2372 1026 2688 1099 lapidibus,
2720 1027 2777 1079 et
2807 1022 3001 1094 ignem
3034 1017 3309 1076 manibus
3353 1014 3564 1084 accipit
3593 1028 3710 1068 non

2066 1120 2279 1193 pusillo
2303 1122 2358 1176 et
2379 1117 2601 1190 abjecto
2635 1114 2852 1171 animo.
2875 1110 3092 1167 Deinde
3123 1105 3393 1165 sublimis
3423 1120 3708 1176 praeceps-

2063 1226 2177 1281 que
2227 1224 2552 1279 suspensus
2592 1221 2662 1260 ex
2701 1204 2860 1259 fumo
2909 1215 3079 1257 nares
3135 1195 3510 1253 acerbissime
3568 1209 3706 1264 per-

2064 1303 2295 1355 meante
2325 1297 2537 1368 excipit
2567 1296 2932 1350 tormentum.
2960 1287 3291 1355 Quinetiam
3325 1283 3461 1340 huic
3484 1283 3567 1338 rei
3591 1290 3706 1337 tam

2061 1388 2218 1461 gravi
2267 1388 2655 1459 adjungentes
2703 1380 3116 1444 accessionem,
3144 1392 3267 1432 cum
3300 1372 3445 1430 aceti
3476 1376 3532 1428 et
3570 1371 3706 1427 salis

2062 1486 2113 1536 et
2144 1477 2558 1535 acerrimorum
2607 1472 2897 1529 seminum
2942 1466 3314 1524 mistionibus
3364 1464 3516 1519 facta
3554 1465 3707 1518 esset

2062 1570 2247 1625 acrior
2263 1565 2627 1639 temperatio,
2643 1563 2800 1635 quod
2819 1561 2955 1617 hinc
2974 1561 3159 1616 fuerat
3174 1558 3613 1626 contemperatu
3625 1568 3704 1619 m,

2062 1675 2163 1729 per
2190 1658 2349 1713 illius
2389 1672 2560 1712 nares
2591 1651 2999 1710 crudelissime
3030 1647 3347 1720 percolant.
3378 1643 3478 1699 Ille
3509 1647 3703 1698 autem

2061 1748 2169 1804 hoc
2226 1745 2660 1803 intolerandum
2709 1746 3064 1798 tormentum
3113 1736 3335 1793 fortiter
3387 1734 3599 1800 ferens,
3649 1736 3706 1785 et

2061 1835 2258 1908 ignem
2290 1834 2527 1907 quidem
2552 1830 2854 1903 frigidum,
2877 1827 2925 1884 si
2949 1842 3077 1883 cum
3102 1826 3236 1898 igne
3267 1826 3480 1878 aeterno
3512 1818 3705 1875 confe-

2061 1906 2248 1992 ratur,
2264 1906 2567 1995 reputans,
2586 1918 2818 1975 dulcem
2839 1920 3033 1973 autem
3055 1914 3216 1969 illam
3236 1911 3501 1967 acerbam
3525 1906 3706 1978 quali-

2060 2019 2257 2081 tatem,
2289 2013 2374 2069 sic
2406 2026 2610 2067 rursus
2658 2008 2809 2064 ferro
2854 2006 3079 2062 vinctus
3136 2000 3445 2073 conjicitur
3487 1998 3545 2052 in
3577 2013 3703 2053 car-

2060 2120 2275 2162 cerem.

2126 2193 2250 2247 VII.
2281 2190 2581 2247 Secundus
2612 2190 2745 2261 post
2772 2202 2906 2242 eum
2938 2184 3161 2239 Probus
3192 2180 3425 2237 sistitur
3444 2183 3576 2234 ante
3597 2178 3701 2248 ju-

2058 2282 2270 2349 dicem,
2296 2279 2575 2337 ridiculos
2604 2276 2843 2349 quidem
2864 2273 3023 2329 illius
3046 2272 3185 2327 deos
3214 2268 3522 2325 ludiﬁcans
3540 2283 3608 2322 ex
3629 2267 3700 2323 iis

2059 2389 2189 2444 quae
2218 2370 2485 2427 Grmcide
2507 2368 2652 2440 ipsis
2683 2364 3044 2428 fabulantur,
3067 2361 3450 2432 imperatores
3479 2362 3694 2423 autem,

2060 2468 2122 2517 ut
2147 2460 2248 2532 qui
2278 2477 2347 2516 ex
2376 2475 2542 2530 equo
2574 2456 2795 2512 nefaria
2824 2451 3000 2510 simul
3036 2452 3292 2506 facerent
3320 2455 3373 2504 et
3398 2447 3694 2516 juberent.

2059 2550 2404 2605 Verberatus
2447 2562 2583 2602 vero
2632 2546 2755 2614 ipse
2807 2556 3037 2613 quoque
3088 2538 3149 2593 in
3198 2554 3283 2607 os,
3326 2542 3379 2591 el
3425 2535 3533 2590 hoc
3583 2542 3697 2589 tor-

2059 2642 2253 2694 mento
2302 2636 2482 2692 veluti
2526 2632 2824 2690 exsultans
2863 2635 2921 2686 et
2949 2627 3246 2693 exsiliens,
3280 2624 3699 2680 condemnatur

2058 2734 2213 2784 stare
2242 2742 2420 2797 super
2460 2723 2680 2780 ferrum
2728 2722 3005 2778 candens.
3039 2717 3179 2773 Cum
3211 2718 3404 2772 autem
3437 2712 3547 2768 hoc
3577 2718 3698 2767 tor-

2060 2821 2323 2872 mentum
2380 2814 2676 2869 videretur
2724 2809 2919 2882 potius
2968 2805 3169 2862 laetitia
3216 2819 3391 2874 quam
3439 2800 3703 2857 molestia

2057 2909 2283 2964 afﬁcere
2308 2910 2643 2977 martyrem,
2663 2902 2832 2973 jubet
2846 2899 3027 2970 judex
3050 2898 3268 2952 ferrum
3291 2891 3481 2964 magis
3499 2891 3704 2947 cande-

2061 2997 2207 3068 ﬁeri,
2241 3001 2297 3052 et
2328 3011 2501 3068 super
2531 2994 2588 3048 id
2622 3006 2797 3063 quam
2842 2988 3097 3060 primum
3139 2982 3362 3054 imponi
3393 2979 3700 3047 athletam,

2059 3092 2117 3143 et
2145 3103 2213 3142 ex
2245 3083 2601 3158 negligentia
2631 3079 3058 3141 ministrorum,
3081 3090 3198 3131 non
3221 3089 3285 3128 ex
3320 3070 3513 3127 divino
3540 3068 3705 3124 auxi-

2060 3175 2159 3243 lio,
2205 3175 2548 3231 existimans
2591 3186 2721 3227 esse
2767 3166 3036 3240 martyris
3087 3161 3507 3220 fortitudinem.
3554 3158 3701 3213 Illud

308 3276 565 3349 ἀμελείας
596 3283 703 3332 τῶν
736 3274 1173 3350 διακονουμένων
1202 3277 1303 3331 οὐκ
1340 3274 1398 3330 ἐκ
1436 3247 1707 3350 θειοτέρας
1758 3247 1952 3328 ἄνωθεν

2065 3270 2255 3322 autem
2295 3263 2570 3335 frigidum
2601 3260 2845 3315 vocabat
2874 3255 3112 3323 athleta,
3146 3257 3203 3309 et
3227 3250 3442 3323 judicis
3474 3249 3705 3303 inventa

307 3367 586 3442 βοηθείας,
614 3368 713 3435 τήν
761 3371 859 3422 τοῦ
912 3368 1183 3442 μάρτυρος
1232 3366 1366 3421 εἶναι
1405 3364 1691 3438 καρτερίαν
1743 3362 1954 3418 ὑπολα-

304 3451 435 3513 ϐών.
472 3457 833 3533 Ψυχρότερον
862 3458 1055 3511 τοῦτον
1084 3455 1489 3519 ἀποκαλοῦντες
1535 3458 1636 3509 τοῦ
1687 3452 1952 3525 ἀθλητοῦ,

304 3546 393 3602 καὶ
448 3551 559 3602 τῶν
618 3546 873 3601 ἐπινοιῶν
946 3546 1021 3607 ὼς
1090 3546 1323 3615 ἀνοήτου
1388 3541 1799 3618 καταγελῶντος
1856 3546 1952 3597 τοῦ

306 3634 562 3691 δικαστοῦ
590 3638 685 3697 τὰς
740 3636 875 3690 κατὰ
939 3634 1135 3689 τούτου
1178 3632 1394 3709 πληγάς
1425 3635 1453 3688 ὁ
1492 3632 1807 3707 γελώμενος
1855 3631 1955 3703 ἐμ-

312 3729 497 3797 μανῶς
527 3725 831 3800 ἀντεπάγει,
888 3724 1121 3800 καρῆναί
1165 3744 1224 3779 τε
1268 3723 1367 3791 τὴν
1425 3723 1605 3795 κόμην
1663 3723 1815 3793 αὐτῷ
1860 3720 1951 3775 καὶ

309 3811 445 3866 κατᾶ
490 3812 597 3865 τῶν
645 3812 931 3888 κροτάφων
991 3809 1257 3885 ἄνθρακας
1294 3811 1462 3886 πορὸς
1515 3808 1811 3877 ἐντεθῆναι,
1861 3807 1952 3862 καὶ

309 3905 410 3970 τήν
438 3900 688 3975 γλῶτταν
715 3904 938 3970 ταθῆναι
966 3902 1105 3975 πρὸς
1154 3900 1393 3974 ἐκτομὴν
1437 3898 1797 3974 ἐγκελεόεται.
1841 3899 1954 3953 Τοῦ

313 3985 370 4043 δὲ
431 3991 702 4064 μάρτυρος
761 3990 999 4064 ἑτοίμως
1062 3990 1261 4061 ταύτην
1325 3988 1732 4063 προτείναντας,
1789 3987 1955 4055 ἤκουε

308 4078 407 4155 γάρ
454 4081 482 4135 ὁ
514 4076 773 4151 δικαστὴς
820 4082 947 4155 παρ’
991 4080 1182 4153 αὐτοῦ,
1237 4080 1311 4142 ὡς
1372 4078 1521 4136 Ἐστί
1581 4098 1673 4151 μοι
1732 4075 1957 4151 γλῶσσα

309 4167 591 4240 τέμνεσθαι
659 4172 735 4243 μή
827 4175 1123 4247 πεφυκυῖα,
1204 4168 1297 4224 καὶ
1378 4166 1569 4230 ἄλλως
1668 4166 1953 4235 ἀθάνατος,

2061 3361 2342 3426 tanquam
2377 3352 2538 3408 stulti
2569 3349 2871 3404 irridebat.
2897 3349 2969 3400 At
3002 3344 3062 3399 in
3094 3345 3266 3398 dorso
3300 3340 3497 3411 plagas
3525 3338 3576 3393 is
3603 3337 3705 3408 qui

2062 3443 2431 3511 irridebatur,
2466 3443 2669 3496 contra
2726 3436 2945 3492 furiose
2999 3432 3274 3504 imponit,
3311 3430 3595 3500 jubetque
3653 3426 3705 3481 ei

2060 3534 2286 3593 tonderi
2318 3547 2568 3595 comam,
2601 3533 2658 3587 et
2687 3528 2970 3584 carbones
3000 3523 3151 3594 ignis
3195 3521 3433 3577 immitti
3466 3520 3524 3574 in
3558 3523 3706 3573 tem-

2062 3643 2222 3698 pora,
2256 3628 2313 3680 et
2342 3623 2599 3693 linguam
2647 3617 2870 3674 extrahi
2919 3619 2984 3670 ut
3029 3616 3451 3685 amputaretur.
3496 3610 3706 3676 Martyr

2063 3697 2282 3783 autem,
2313 3728 2449 3771 cum
2482 3710 2647 3782 prius
2670 3707 2860 3778 judici
2890 3704 3170 3760 dixisset:
3196 3702 3297 3755 Est
3318 3698 3461 3755 mihi
3481 3697 3700 3768 lingua.

2063 3823 2186 3878 quae
2248 3819 2366 3861 non
2416 3805 2603 3874 potest
2659 3796 2943 3864 exscindi,
2979 3801 3032 3849 et
3073 3791 3289 3863 alioqui
3340 3785 3703 3855 immortalis,

2065 3876 2239 3968 quam
2287 3892 2449 3950 audit
2497 3891 2672 3959 Deus,
2705 3887 2805 3959 qui
2852 3885 3028 3941 etiam
3059 3898 3122 3939 se
3150 3896 3350 3936 vocem
3405 3876 3705 3947 sanguinis

2066 3966 2211 4039 dixit
2266 3981 2471 4038 audire
2528 3979 2878 4035 clamantem
2926 3990 3056 4031 eam
3103 3970 3366 4043 protinus
3426 3966 3703 4040 porrexit.

2065 4077 2245 4140 Quam
2276 4086 2412 4128 cum
2444 4069 2545 4125 ille
2574 4067 2758 4124 secari
2790 4064 3041 4130 fecisset,
3083 4077 3216 4119 eum
3265 4056 3601 4115 transmisit
3647 4057 3706 4112 in

2064 4179 2351 4221 carcerem
2360 4206 2373 4220 .

310 4282 490 4339 ἄκοόει
549 4286 675 4347 Θεὸς
718 4287 744 4340 ὁ
794 4287 1021 4356 καὶτῆς
1075 4293 1257 4366 φωνῆς
1314 4290 1411 4342 τοῦ
1463 4286 1693 4359 αἳματος
1748 4278 1919 4341 Ἀϐελ
1998 4282 2217 4357 βοώσης
2268 4276 2479 4333 ἂκούειν
2546 4273 2736 4331 εἷ’πώνί
2794 4271 2993 4344 ταύτην
3048 4269 3286 4343 ἐκτεμὼν
3340 4267 3562 4336 ἐκεῖνος,
3631 4268 3709 4337 τῷ

312 4370 675 4447 δεσμωτηρίῳ
700 4379 890 4430 τοῦτον
932 4375 1301 4450 παρέπεμψεν.

382 4468 459 4518 Ιν1’.
521 4463 643 4519 Ἐπὶ
701 4460 757 4519 δὲ
812 4465 903 4518 τὸν
959 4465 1235 4519 θεσπέσιον
1306 4463 1656 4539 Ἀνδρόνικον
1720 4458 1952 4538 μεταϐάς

311 4551 400 4606 καὶ
439 4556 508 4626 τῇ
566 4550 726 4627 πείρᾳ
771 4553 1030 4620 πεισθεὶς,
1073 4552 1147 4615 ὠς
1191 4558 1292 4609 πᾶν
1344 4552 1485 4617 εἶδος
1535 4554 1766 4631 βασάνου
1808 4552 1955 4625 αὐτῷ

313 4639 584 4717 ἄπρακτόν
616 4640 727 4697 ἐστι
766 4643 857 4697 καὶ
914 4642 1195 4713 ἀνήνυτον,
1250 4643 1336 4698 ἐπὶ
1389 4646 1487 4715 τὴν
1538 4642 1747 4715 ἀπάτην
1806 4641 1957 4718 ἐτρά-

314 4730 525 4801 πη,καῖ
555 4728 620 4800 δὴ
653 4731 789 4806 πρὸς
842 4730 1001 4786 αὐτὸν
1059 4726 1182 4808 ἔφη.
1231 4734 1434 4806 Πρᾶξόν
1484 4755 1536 4788 τι
1586 4735 1819 4805 συνετὸν,
1865 4734 1953 4789 καὶ

316 4820 472 4884 θῦσον
501 4820 627 4895 πρίν
676 4841 729 4874 τι
768 4824 877 4874 τῶν
934 4819 1239 4889 ἀνηκέστων
1284 4822 1493 4879 παθεῖν,
1544 4822 1607 4879 Τί
1639 4823 1738 4899 γάρ
1769 4822 1857 4877 καὶ
1904 4823 1954 4876 οἱ

315 4909 399 4963 σοὶ
457 4910 662 4985 ἑταῖροι
718 4915 819 4979 τῆς
874 4907 1173 4972 ἐνστάσεως
1260 4911 1437 4966 αὐτῶν
1524 4912 1805 4967 ἁπώναντο
1857 4919 1956 4982 τῆς

320 4990 567 5063 ματαίας,
602 4990 701 5065 ὀψὲ
740 4990 827 5045 καὶ
881 4990 1039 5067 μόγις
1085 4992 1215 5065 μετὰ
1258 4994 1353 5054 τὰς
1402 4992 1615 5057 πολλάς
1673 4995 1953 5068 βασάνους,

316 5079 447 5155 ὅπερ
504 5080 572 5148 ἦν
643 5081 916 5156 συμφέρον
994 5082 1409 5155 μεταμαθόντες,
1474 5083 1566 5139 καὶ
1623 5083 1750 5147 τους
1805 5084 1956 5149 θεοὺς

316 5167 733 5243 θεραπεύσαντες
759 5189 772 5239 ;
804 5169 865 5227 Ὁ
897 5167 953 5225 δὲ
984 5174 1079 5225 τοῦ
1110 5175 1353 5247 Χριστοῦ
1396 5175 1600 5247 μάρτυς
1648 5174 1786 5248 πρὸς
1832 5179 1957 5229 ταῦ-

311 5277 397 5326 τα,
434 5256 498 5313 Εἰ
552 5259 643 5330 μὲν
694 5256 811 5332 ἐμὲ,
858 5260 1011 5333 φησὶ,
1060 5254 1296 5331 ἔπεισας,
1353 5264 1625 5327 κακείνονς
1672 5265 1953 5333 πεπεῖσθα,

310 5345 569 5403 πιστεύω.
613 5347 673 5404 Εἰ
712 5345 769 5403 δὲ
816 5347 1042 5417 ἀπειθὴς
1088 5349 1192 5424 ἐγὼ
1241 5352 1343 5425 (μὴ
1403 5354 1505 5425 γάρ
1560 5350 1619 5405 ἄν
1679 5373 1811 5407 ποτε
1868 5353 1955 5408 ἐκ·

311 5436 502 5506 σταίην
565 5434 826 5510 ἐμαυτοῦ,
896 5435 1037 5511 μηδὲ
1093 5438 1235 5493 οὕτω
1314 5442 1585 5515 μανείην),
1644 5443 1742 5510 τήν
1815 5441 1953 5516 ἐμὴν

308 5526 539 5602 γνώμην
596 5522 711 5601 ἔχω
752 5532 854 5596 τῆς
905 5526 1123 5583 ἐκείνων
1167 5528 1479 5593 εὐσταθείας
1527 5529 1804 5605 ἐνέχυρον.
1859 5533 1957 5594 Εἲς

312 5614 417 5691 γὰρ
474 5610 526 5668 ἐν
581 5619 737 5670 πᾶσιν
772 5616 801 5670 ὁ
832 5611 1060 5687 εὐσεϐὴς
1109 5617 1398 5693 λογισμὸς,
1450 5617 1567 5673 ἐπεὶ
1614 5620 1704 5675 καὶ
1761 5622 1958 5685 πάντες

310 5702 373 5759 ’έν
435 5703 591 5777 ἐσμεν
651 5701 706 5761 ἐν
753 5707 976 5782 Χριστῷ
1015 5708 1216 5779 Ἰησοῦ.
1278 5708 1428 5785 Πρὸσ
1481 5713 1649 5766 ταῦτα
1701 5709 1867 5767 πάλιν
1927 5712 1957 5765 ὁ

2135 4460 2285 4516 VlII.
2319 4463 2457 4514 Cum
2488 4471 2620 4513 vero
2654 4456 2724 4512 ad
2757 4455 3022 4511 divinum
3053 4450 3387 4507 transiisset
3416 4446 3708 4503 Androni-

2067 4567 2223 4617 cum,
2264 4552 2321 4605 et
2368 4545 2724 4619 experientia
2777 4559 3123 4616 persuasum
3183 4539 3502 4606 habuisset,
3554 4537 3706 4607 quod

2067 4655 2240 4698 omne
2290 4653 2473 4710 genus
2517 4635 2785 4692 tormenti
2838 4636 2993 4689 esset
3041 4630 3191 4702 apud
3234 4644 3365 4684 eum
3416 4626 3703 4690 inefﬁcax,

2067 4746 2377 4789 conversus
2414 4731 2501 4784 est
2530 4727 2603 4782 ad
2633 4726 3057 4797 deceptionem,
3090 4726 3145 4777 et
3174 4720 3225 4777 ei
3259 4719 3443 4775 dixit:
3477 4718 3621 4773 Gere
3652 4723 3705 4773 te

2066 4821 2174 4877 hac
2206 4821 2265 4875 in
2297 4835 2357 4875 re
2387 4816 2693 4888 sapienter,
2720 4818 2771 4870 et
2805 4813 3091 4877 sacriﬁca,
3126 4810 3464 4881 priusquam
3496 4806 3706 4878 gravis-

2066 4911 2302 4976 simum,
2335 4911 2393 4963 et
2439 4905 2532 4962 cui
2584 4904 2811 4960 nullum
2862 4903 2973 4957 erit
3023 4900 3365 4969 remedium,
3401 4894 3703 4968 quippiam

2066 4999 2323 5072 patiaris.
2348 4995 2493 5061 Quid
2528 4994 2684 5049 enim
2716 4992 3007 5049 commodi
3039 4991 3385 5061 acceperunt
3416 4986 3587 5043 amici
3618 4984 3705 5040 tui

2066 5107 2133 5147 ex
2182 5104 2328 5143 vana
2371 5102 2473 5141 sua
2522 5083 2868 5149 constantia,
2904 5081 3005 5153 qui
3052 5081 3281 5136 tandem
3340 5082 3469 5148 post
3526 5073 3708 5130 multa

2064 5182 2352 5235 tormenta
2380 5174 2641 5231 conversi
2674 5172 3005 5227 didicerunt
3035 5168 3191 5242 quod
3212 5168 3322 5223 sibi
3346 5165 3705 5236 expediebat,

2066 5274 2120 5324 et
2150 5270 2288 5325 deos
2335 5265 2679 5327 coluerunt?
2710 5262 2793 5317 Ad
2830 5263 2947 5315 haec
2976 5268 3169 5314 autem
3201 5256 3413 5312 Christi
3449 5260 3705 5325 martyr:

2067 5359 2125 5414 Si
2159 5359 2299 5414 mihi
2352 5361 2606 5432 quidem,
2644 5352 2856 5426 inquit,
2892 5347 3253 5423 persuasisti,
3297 5346 3427 5401 illos
3477 5361 3708 5415 quoque

2068 5448 2237 5503 credo
2296 5450 2477 5504 fuisse
2525 5458 2858 5519 persuasos.
2892 5441 2993 5496 Sin
3042 5444 3239 5494 autem
3288 5452 3393 5507 ego
3442 5452 3556 5490 non
3588 5451 3708 5489 sum

2069 5551 2385 5607 persuasus
2433 5536 2610 5607 (absit
2653 5533 2809 5591 enim
2857 5534 2922 5586 ut
2970 5544 3074 5601 ego
3123 5542 3387 5598 unquam
3436 5525 3518 5581 ita
3554 5541 3587 5579 a
3616 5538 3710 5579 me

2068 5626 2363 5683 discedam
2397 5632 2453 5684 et
2485 5629 2625 5684 adeo
2656 5624 2946 5682 insaniam
2973 5622 3011 5693 Ι)
3042 5619 3226 5676 habeo
3260 5633 3448 5674 meam
3483 5618 3710 5672 senten-

2067 5716 2209 5772 tiam
2252 5717 2465 5790 pignus
2510 5716 2742 5774 illorum
2794 5710 3153 5772 constantiae.
3185 5713 3314 5765 Una
3342 5711 3431 5763 est
3460 5705 3613 5761 enim
3648 5704 3706 5763 in
