4042 6222
449 323 603 385 1075

1810 323 2094 384 MENSIS
2138 323 2523 386 OCTOBER.

3680 324 3800 385 1076

448 482 722 539 omnibus
771 483 866 553 pia
922 480 1216 554 cogitatio,
1267 481 1545 552 quoniam
1605 496 1808 538 omnes
1864 498 2092 553 quoque

2239 480 2482 553 ύραννος,
2547 478 2652 532 ὑπὸ
2705 483 2808 546 τῆς
2868 478 3039 551 ὀργῆς
3107 475 3381 549 ἐκμανεὶς,
3449 484 3646 542 καιναῖς
3700 502 3803 535 τισιν

450 589 633 629 unum
665 589 868 628 sumus
902 572 960 627 in
990 571 1219 628 Christo
1249 571 1413 627 Jesu.
1448 571 1550 627 His
1581 575 1863 642 tyrannus
1896 588 2102 627 rursus

451 664 540 717 ira
589 664 868 733 percitus,
905 661 1157 716 minatus
1206 664 1295 716 est
1338 678 1401 716 se
1447 678 1580 717 eum
1615 662 1671 716 in
1716 660 2104 717 intolerabilia

451 752 853 820 conjecturnm
908 753 1213 805 tormenta.
1251 748 1316 803 Et
1347 750 1539 805 statim
1577 750 1739 806 duris
1778 749 1946 805 simul
1980 767 2103 804 ner-

450 842 539 893 vis
588 840 963 895 vehementer
1010 844 1095 893 est
1152 837 1499 909 ﬂagellatus,
1532 847 1585 895 et
1616 844 1891 909 perpetua
1938 840 2106 910 plaga

454 930 640 985 factus
717 944 818 999 per
890 932 1074 982 totum
1154 944 1383 998 corpus,
1463 937 1599 982 tunc
1685 929 1902 995 ridens,
1958 930 2106 983 dixit

455 1019 704 1075 athleta:
740 1017 905 1073 Falsa
963 1018 1215 1086 fuerunt,
1249 1034 1282 1074 ο
1317 1019 1518 1088 judex,
1567 1035 1634 1074 ea
1661 1035 1790 1090 quas
1820 1034 1883 1074 es
1916 1019 2106 1073 mina-

456 1114 575 1173 tus,
609 1124 740 1162 cum
796 1124 911 1162 non
961 1109 1220 1177 potueris
1264 1106 1486 1177 aliquid
1516 1108 1645 1162 novi
1677 1106 2002 1178 excogitare
2035 1107 2106 1162 ad

459 1196 849 1269 superandum
881 1201 1103 1266 potens,
1131 1198 1230 1252 sed
1254 1212 1458 1251 rursus
1488 1198 1637 1252 circa
1669 1197 1834 1267 paria
1864 1197 2109 1251 versaris

462 1286 765 1355 supplicia.
786 1284 1136 1339 Existimans
1162 1285 1359 1354 itaque
1387 1286 1565 1357 judex
1600 1301 1662 1342 se
1692 1290 1959 1340 sanctum
1982 1302 2107 1341 ma-

453 1374 570 1445 jori
630 1373 828 1428 dolore
888 1374 1253 1442 ati'ecturum,
1306 1374 1477 1443 jubet
1533 1373 1856 1446 plurimum
1904 1373 2110 1430 muria!

462 1462 683 1518 eﬂ'undi
733 1463 793 1517 in
842 1462 1045 1534 plagas
1077 1463 1251 1518 illius.
1288 1462 1351 1516 Ei
1402 1467 1595 1518 autem
1657 1463 1797 1519 dicit
1852 1468 2106 1535 martyr:

466 1551 706 1607 Etiamsi
752 1567 941 1606 acrem
994 1551 1176 1606 salem
1222 1552 1395 1620 jubes
1447 1553 1593 1607 meis
1640 1552 1824 1622 plagis
1855 1552 2111 1625 inspergi

464 1640 615 1697 malo
668 1642 881 1707 animo,
930 1640 1082 1696 scias
1132 1648 1323 1696 tamen
1374 1645 1429 1697 te
1475 1659 1589 1697 non
1644 1642 1770 1697 ideo
1829 1642 2112 1697 acriorem

463 1729 609 1784 mihi
645 1728 858 1784 inferre
905 1727 1187 1797 dolorem,
1221 1729 1321 1784 sed
1373 1730 1614 1784 reddere
1663 1746 1859 1785 meum
1907 1746 2115 1800 corpus

2213 562 2475 640 ἐμϐαλεῖν
2540 567 2799 640 βασάνοις
2852 563 3017 621 αὐτὸν
3063 564 3304 635 ἠπείλει.
3353 567 3451 621 Καὶ
3494 568 3599 639 ἅμα
3640 570 3806 643 νεύροις

2212 656 2617 726 ἀπεσκληκόσιν
2666 656 2752 710 ἐπὶ
2811 653 2956 710 πολὺ
2982 692 2985 695 ‹
3016 653 3268 732 σφοδρῶς
3321 657 3711 728 μαστιζόμενος,
3744 660 3807 712 καὶ

2215 746 2583 818 ὁλοσώματος
2626 743 2817 819 πληγή
2868 745 3129 819 γεγονὼς,
3181 744 3414 821 γελάσας
3465 746 3601 800 εἶπεν
3632 747 3811 817 ὁᾶθλη-

2211 839 2336 906 τής-
2389 835 2632 908 Ἐψεύσω
2680 835 2777 896 τὰς
2828 836 2923 898 σὰς
2972 832 3221 899 ἀπειλὰς,
3253 835 3298 887 ὦ
3333 832 3573 902 δικαστα,
3615 838 3811 891 καινότε-

2220 948 2308 1002 ρον
2340 926 2626 995 ὲπινοῆσαί
2663 947 2713 980 τι
2773 926 2849 997 μὴ
2911 923 3186 994 δυνηθεὶς,
3246 922 3392 978 ἀλλά
3440 925 3558 996 περὶ
3615 925 3676 979 τὶ
3718 926 3815 979 αὐτὰ

2216 1016 2381 1072 πάλιν
2417 1017 2505 1070 καὶ
2531 1014 2626 1070 ’ίσα
2673 1020 3009 1090 περιχωρεῖς
3059 1011 3427 1087 κολαστήρια.
3480 1013 3710 1086 Νομίσας
3748 1016 3815 1068 οὖν

2219 1106 2246 1159 ὁ
2280 1103 2514 1174 δικάζων
2558 1103 2775 1159 πλείονι
2824 1098 3146 1177 περιϐαλεῖν
3194 1099 3360 1175 ὀδύνῃ
3410 1102 3501 1157 τὸν
3554 1104 3713 1178 ἅγιον,
3753 1104 3815 1155 καὶ

2220 1193 2405 1267 ἅλμην
2461 1193 2677 1249 πολλοῦ
2735 1192 3019 1267 κράματος
3085 1192 3395 1265 γενομένου,
3453 1196 3559 1246 τῶν
3636 1190 3818 1264 πληγῶν

2219 1284 2423 1339 ἐκείνου
2482 1285 2852 1361 καταχεθῆναι
2934 1281 3178 1340 καλεύει.
3238 1282 3300 1338 Ὁ
3358 1279 3415 1335 δὲ
3486 1283 3674 1356 μάρτυς
3721 1281 3819 1357 cura?

2220 1375 2357 1446 πρὸς
2422 1372 2606 1428 αὐτόν.
2666 1373 2754 1434 Ὠς
2822 1370 2871 1426 εἴ
2927 1371 3017 1426 καὶ
3074 1371 3204 1431 τοὺς
3287 1368 3499 1445 δριμεῖς
3565 1370 3688 1433 ἅλας
3732 1377 3818 1431 ταῖς

2221 1463 2466 1537 πληγαῖς
2520 1460 2907 1524 ἐπιπάττεσθαί
2961 1480 3068 1533 μου
3115 1458 3356 1521 κελεύεις
3402 1464 3602 1532 πονερᾷ
3648 1460 3816 1541 γνώμῃν

2224 1550 2349 1606 αλλ’
2382 1550 2493 1615 ἴσθι
2527 1551 2603 1623 μὴ
2639 1547 2951 1622 δριμύττειν
2984 1545 3203 1621 μᾶλλον
3237 1547 3383 1602 οῧσω
3414 1554 3610 1616 ποιῶν,
3641 1546 3761 1603 ἀλλὰ
3775 1549 3816 1601 τὸ

2224 1639 2469 1709 ἄσηπτόν
2531 1660 2636 1713 μου
2682 1643 2763 1710 τῷ
2813 1638 3027 1710 σώματι
3089 1637 3382 1711 προξενῶν·
3444 1637 3571 1711 ὁρᾶς
3624 1637 3710 1710 γὰρ
3755 1637 3817 1689 καὶ

2225 1729 2383 1791 αὐτὸς
2440 1730 2516 1790 ὡς
2572 1727 2707 1789 ὅλος
2774 1725 2849 1781 ὥν
2906 1725 3248 1801 τραυματίας
3302 1723 3361 1780 ἒκ
3434 1731 3542 1780 τῶν
3598 1725 3819 1799 προτέρων

467 1818 720 1872 alienum
745 1834 778 1872 a
800 1818 1125 1888 putredine.
1152 1817 1297 1873 Nam
1334 1819 1457 1889 ipse
1489 1836 1721 1891 quoque
1752 1820 1911 1875 vides
1940 1821 2113 1889 quod,

2234 1818 2482 1894 πληγῶν,
2523 1816 2696 1881 ἄλλος
2727 1815 2990 1890 φαίνομαι
3021 1819 3134 1884 νῦν,
3179 1811 3305 1869 οὐδὲ
3358 1814 3538 1893 βραχὺ
3575 1836 3623 1869 τι
3667 1815 3819 1887 στίγμι

468 1921 604 1961 cum
631 1904 741 1959 sim
773 1909 931 1960 totus
966 1906 1311 1961 vulneratus
1342 1922 1375 1959 a
1407 1906 1702 1976 prioribus
1735 1908 1943 1978 plagis,
1969 1906 2121 1963 alius

471 2009 629 2049 nunc
661 2010 934 2064 appareo,
978 2008 1048 2048 ne
1083 1993 1387 2048 minimam
1423 1994 1657 2063 quidem
1705 2000 1907 2050 notam
1939 1994 1998 2049 in
2032 2010 2123 2050 me

473 2084 687 2148 ferens,
721 2082 935 2137 Christi
971 2083 1078 2137 mei
1112 2082 1322 2136 virtute
1373 2087 1632 2138 mutatus
1679 2083 2122 2141 admirabiliter.

553 2173 650 2227 [Χ.
683 2171 783 2225 His
814 2171 1022 2235 verbis,
1060 2170 1240 2226 veluti
1274 2172 1528 2242 quodam
1579 2172 1839 2240 stimulo,
1871 2181 2124 2245 punclus

469 2260 675 2329 judex,
701 2259 972 2314 saeviebat
995 2260 1053 2313 in
1079 2258 1402 2329 ministros,
1426 2277 1531 2316 nec
1561 2266 1788 2331 poterat
1816 2263 2122 2317 contineri.

476 2348 865 2403 Existimabat
898 2347 1050 2402 enim
1084 2347 1363 2417 medicos,
1398 2349 1643 2405 latenter
1673 2349 1989 2421 ingressos,
2025 2368 2124 2406 cu-

478 2454 607 2492 ram
660 2437 914 2507 gessisse
964 2441 1310 2509 martyrum.
1344 2438 1496 2510 Ipsis
1541 2447 1735 2494 autem
1780 2456 1888 2494 sua
1936 2442 2127 2511 capita

483 2526 838 2598 amputanda
861 2527 1316 2598 porrigentibus,
1341 2528 1387 2583 si
1412 2528 1553 2598 quid
1577 2528 1692 2584 tale
1714 2529 1930 2585 factum
1954 2530 2127 2585 fuerit

478 2617 927 2688 deprehensum,
962 2617 1197 2673 illorum
1246 2618 1645 2675 defensionem
1688 2618 2004 2676 arbitratus
2034 2621 2127 2677 sui

483 2706 1142 2777 accusationem,judex
1171 2707 1411 2778 gravius
1432 2710 1771 2780 angebatur,
1798 2726 1912 2765 non
1935 2711 2125 2765 ferens

476 2798 675 2852 videre
709 2796 820 2852 vim
853 2796 1132 2865 veritatis,
1160 2797 1249 2852 cui
1284 2797 1397 2869 ipsi
1425 2798 1645 2854 inimici
1680 2800 1942 2855 ferebant
1972 2799 2129 2855 testi-

480 2886 768 2941 monium.
794 2886 1182 2950 Quamobrem
1213 2885 1273 2941 in
1307 2886 1493 2942 minas
1524 2887 1801 2943 desinens
1831 2888 2006 2959 (quod
2042 2905 2130 2944 so-

480 2975 603 3029 lum
628 2975 764 3045 quid
788 2982 960 3042 agant
981 2975 1374 3031 nescientibus
1397 2976 1744 3046 relinquitur
1760 2978 2127 3048 confugium),

474 3063 647 3132 jubet
677 3078 809 3119 eum
841 3063 1053 3131 conjici
1084 3062 1144 3117 in
1167 3078 1481 3130 carcerem,
1507 3063 1797 3136 reliquum
1832 3070 2126 3123 certamen

483 3167 789 3207 reservans
820 3152 878 3206 in
911 3151 1065 3207 diem
1116 3161 1478 3223 sequentem.
1513 3154 1787 3217 Quaenam
1821 3171 1957 3228 ergo
1991 3160 2130 3212 sunt

2232 1908 2408 1985 φέρων
2466 1906 2517 1962 ἐν
2574 1905 2813 1979 ἐμαυτῷ,
2872 1909 2941 1979 τῇ
2997 1909 3095 1960 τοῦ
3154 1902 3290 1976 ἐμοῦ
3356 1906 3597 1979 Χριστοῦ
3648 1900 3819 1974 δυνάμει

2234 1995 2555 2071 παραδόξως
2588 1990 2971 2070 μεταϐληθεὶς.

2305 2178 2377 2233 Θ’.
2423 2176 2655 2237 Τούτοις
2706 2179 2824 2236 τοῖς
2873 2175 3115 2248 ῥήμασιν
3166 2173 3334 2229 οἱονεὶ
3395 2174 3597 2246 κέντρῳ
3638 2168 3820 2244 πληγεὶς

2235 2268 2262 2320 ὁ
2295 2263 2551 2335 δικάζων,
2585 2263 2829 2339 χαλεπὸς
2861 2265 2926 2332 ἦν
2956 2266 3095 2319 κατά
3121 2268 3229 2318 τῶν
3262 2262 3720 2336 ὑπηρετουμένων,
3757 2258 3820 2312 καὶ

2234 2356 2428 2423 ἥκιστα
2474 2355 2753 2410 καθεκτός.
2825 2353 3077 2426 Ἐνόμισε
3133 2353 3237 2428 γὰρ
3288 2352 3491 2427 ἰατρῶν
3545 2347 3719 2411 παῖδας
3755 2346 3822 2401 λε-

2236 2443 2490 2515 ληθότως
2578 2441 2994 2503 ὑπεισελθόντας
3076 2439 3395 2513 ἐπιμελείας
3479 2439 3688 2509 ἀξιῶσαι
3732 2438 3823 2496 τοὺς

2240 2536 2535 2609 μάρτυρας,
2582 2530 2760 2587 αὒτῶν
2810 2530 2868 2586 δὲ
2915 2532 3009 2593 τὰς
3058 2529 3299 2608 κεφαλὰς
3350 2534 3421 2603 τῇ
3469 2532 3611 2601 τομῇ
3654 2546 3821 2601 προτει-

2236 2622 2467 2689 νόντων,
2524 2620 2576 2674 εἷ’
2634 2640 2687 2674 τι
2742 2623 2993 2674 τοιοῦτον
3052 2621 3343 2695 γενόμενον
3425 2618 3707 2696 φωραθείη,
3751 2616 3821 2679 τήν

2236 2711 2454 2767 ἐκείνων
2511 2706 2829 2783 ἀπολογίαν,
2889 2709 3220 2782 κατηγορίαν
3298 2710 3503 2763 ἑαυτοῦ
3571 2703 3821 2779 νηιίσαςὸ

2237 2798 2519 2869 δικαστής,
2580 2798 2770 2862 δεινῶς
2824 2800 3043 2869 ἠνιᾶτο,
3096 2800 3194 2868 τὴν
3259 2798 3427 2871 ἱσχὺυ
3484 2804 3581 2866 τῆς
3627 2792 3821 2862 ἀληθεὲας

2239 2891 2341 2946 ὑπὸ
2405 2895 2513 2944 τῶν
2571 2888 2781 2964 ἐχθρῶν
2840 2886 3312 2962 ’μαρτυρουμένην
3375 2887 3443 2941 οὐ
3501 2886 3662 2963 φέρων
3712 2883 3821 2953 ὁρᾷν.

2236 2981 2391 3037 ’Ὀθεν
2432 2978 2505 3039 εἰς
2565 2976 2796 3040 ἀπειλὰς
2849 2978 3159 3047 καταλήξας
3216 2977 3342 3049 (τὴν
3406 2971 3820 3046 ὑπολελειμμένην

2242 3068 2411 3141 μόνην
2480 3072 2600 3127 τοῖς
2666 3064 2930 3139 ἀποροῦσι
3002 3065 3303 3139 βοήθειαν),
3372 3068 3454 3135 τῷ
3526 3058 3822 3135 δεσμωτηρίῳ

2237 3154 2445 3211 κελεύει
2494 3155 2585 3209 καὶ
2634 3158 2827 3209 τοῦτον
2873 3151 3349 3228 ἐγκαθειρχθῆναι,
3403 3156 3475 3225 τῇ
3526 3147 3745 3223 ὑστεραίᾳ
3779 3145 3823 3198 τὰ

484 3240 761 3311 deinceps
819 3248 1129 3297 consecuta
1161 3221 1643 3315 ‘fCongregatur
1703 3221 1919 3301 rursus
1968 3245 2124 3301 aliud

2241 3245 2409 3300 λοιπὰ
2439 3248 2535 3299 τοῦ
2574 3244 2782 3320 ἀγῶνος
2828 3243 3246 3316 ταμιευόμενος.
3292 3241 3435 3299 Τίνα
3468 3240 3555 3296 οὖν
3605 3239 3664 3294 τὰ
3703 3236 3824 3291 ἐντεῦ-

482 3330 775 3387 theatrum
812 3330 1148 3387 hominibus
1179 3333 1745 3403 frequentissimum,
1770 3346 1824 3391 et
1846 3336 2015 3392 tertio
2049 3354 2134 3393 se-

487 3422 632 3476 dens
655 3421 837 3491 judex
866 3420 924 3475 in
958 3421 1183 3477 excelso
1214 3422 1517 3493 tribunali,
1551 3424 1711 3480 duxit
1741 3430 2026 3499 martyres
2058 3428 2128 3483 ad

486 3514 798 3579 tormenta,
823 3509 997 3565 veluti
1030 3510 1089 3565 in
1121 3511 1321 3566 orbem
1353 3511 1616 3569 choream
1650 3514 2128 3586 circumagentes.

486 3599 557 3654 Et
586 3615 721 3655 cum
747 3599 964 3655 nullam
990 3601 1154 3671 prius
1178 3602 1646 3673 praetermisisset
1666 3608 1768 3659 aut
1788 3603 2129 3661 illiberalem

489 3691 972 3761 assentationem,
1007 3696 1109 3747 aut
1156 3693 1462 3749 obscuram
1508 3694 1908 3766 calliditatem,
1941 3712 2129 3768 neque

485 3780 806 3851 proﬁceret,
840 3795 1113 3851 egressus
1164 3787 1252 3837 est
1290 3783 1360 3836 ad
1405 3784 1638 3839 modum
1689 3783 2040 3853 belluinum,
2072 3789 2129 3842 et

486 3868 613 3938 ejus
645 3869 819 3938 plane
852 3869 953 3940 qui
986 3871 1196 3925 caedem
1222 3872 1509 3941 spirat;et
1531 3874 1777 3944 singulis
1800 3876 2124 3945 tormentis,

487 3962 767 4028 tanquam
804 3957 1067 4027 quasdam
1094 3958 1214 4013 fera
1236 3961 1508 4030 agrestis,
1554 3968 1894 4018 sanctorum
1926 3980 2129 4020 carnes

487 4046 815 4114 mandidit;
844 4051 910 4101 ut
939 4046 1037 4117 qui
1081 4048 1323 4103 Tarachi
1372 4050 1606 4119 quidem
1656 4052 1868 4122 capitis
1917 4053 2127 4124 pellem

488 4137 878 4203 excoriaverit,
912 4140 968 4191 et
997 4137 1055 4192 id
1088 4137 1428 4194 ardentibus
1460 4140 1806 4197 carbonibus
1856 4158 2129 4215 consper-

487 4226 647 4291 serit,
680 4228 738 4279 et
769 4242 937 4280 aures
982 4226 1263 4283 novacula
1302 4230 1641 4296 exsecuerit,
1675 4235 1731 4286 et
1762 4231 1923 4288 labra
1955 4232 2129 4287 muti-

491 4312 730 4368 laverit:
775 4314 960 4369 Probo
1012 4326 1201 4372 autem
1252 4317 1448 4372 oculos
1496 4319 1778 4388 effoderit,
1830 4325 1887 4375 et
1933 4322 2128 4376 vinum

490 4420 601 4458 ara:
634 4419 840 4458 cruore
887 4405 1256 4474 permistum,
1283 4408 1367 4461 ori
1399 4407 1526 4477 ejus
1555 4408 1851 4477 infuderit,
1884 4416 1942 4466 et
1969 4411 2131 4466 invo-

486 4489 746 4547 luntaria
770 4494 875 4548 bac
898 4493 1339 4565 participatione
1361 4495 1470 4551 hoc
1493 4497 1742 4554 maxime
1758 4500 2129 4570 tyrannicum

2240 3338 2363 3403 θεν;
2398 3334 2627 3407 Θέατρον
2684 3330 2837 3397 αὖθις
2896 3329 3036 3387 ἄλλο
3091 3332 3394 3386 συνίσταται
3448 3329 3817 3400 πολυάνθρωπον

2237 3424 2327 3479 καὶ
2357 3424 2536 3497 τρίτον
2579 3421 2966 3496 προκαθεσθεὶς
3022 3420 3101 3497 ἐφ’
3161 3420 3379 3494 ὑψηλοῦ
3422 3424 3521 3475 τοῦ
3577 3412 3820 3493 βήματοςό

2240 3512 2497 3583 δικάζων,
2548 3513 2647 3586 ἦγε
2707 3510 2836 3573 τοὺς
2896 3510 3168 3586 μάρτυρας
3227 3508 3317 3564 ἓπὶ
3373 3512 3477 3571 τὰς
3519 3507 3667 3567 αὐτὰς
3704 3504 3821 3579 βασά-

2236 3625 2380 3673 νους,
2426 3606 2665 3677 καθάπερ
2734 3600 2785 3656 ἐν
2844 3602 3035 3672 κύκλῳ
3102 3599 3325 3679 χορείαν
3392 3598 3705 3656 ἑλίττοντας.
3753 3591 3818 3645 Καὶ

2241 3690 2409 3765 μηδὲν
2447 3692 2771 3766 παραλιπὼν
2816 3694 2924 3744 τῶν
2982 3690 3082 3743 ὅσα
3130 3690 3366 3750 θωπείας
3420 3691 3489 3757 ἦν
3541 3679 3817 3761 ἀγεννοῦς.ἣ

2237 3782 2568 3856 πανουργίας
2645 3782 3019 3856 ἀσυμφανοῦς,
3114 3779 3251 3853 πρὸς
3345 3776 3592 3854 θηριώδη
3671 3773 3819 3847 τρόπον

2237 3868 2390 3943 ἐξέϐη
2449 3870 2540 3926 καὶ
2600 3869 2837 3949 φονικόν·
2894 3870 2983 3924 καὶ
3054 3872 3172 3930 ταῖς
3212 3868 3350 3922 κατὰ
3410 3863 3575 3940 μέρος
3627 3860 3821 3937 βασάνοις

2239 3962 2406 4016 οἱονεί
2437 3981 2518 4021 τις
2565 3962 2668 4031 θὴρ
2725 3957 2910 4033 ἄγριος
2959 3956 3053 4019 τὰς
3105 3961 3213 4012 τῶν
3262 3955 3435 4029 ἁγίων
3484 3956 3668 4028 σάρκας
3710 3964 3821 4001 καῖ’

2243 4052 2546 4124 μασήσατο,
2580 4052 2674 4102 τοῦ
2717 4048 2979 4122 Ταράχου
3033 4046 3126 4117 μὲν
3178 4045 3242 4099 τὸ
3287 4042 3463 4117 δέρμα
3501 4047 3595 4107 τῆς
3637 4034 3821 4124 κεφαλῆς

2239 4136 2552 4213 ἀποδείρας,
2602 4138 2691 4193 καὶ
2741 4135 3024 4211 ἀνθρακιὰν
3086 4134 3222 4208 αὐτῇ
3276 4135 3578 4207 καιομένην
3620 4122 3820 4184 ἐπιπεισᾶ-

2244 4250 2425 4303 μενος,
2459 4228 2599 4302 ξυρῷ
2628 4248 2687 4282 τε
2729 4227 2795 4280 τὰ
2843 4226 2957 4280 ὦτα
3005 4222 3298 4298 περιελὼν,
3333 4224 3423 4277 καὶ
3476 4213 3820 4295 ἆκρωτηριᾶσις

2238 4320 2302 4373 τὰ
2332 4317 2521 4393 χείλη*
2572 4321 2651 4388 τῷ
2704 4310 2900 4390 Πρόϐῳ
2960 4311 3017 4368 δὲ
3072 4315 3199 4374 τοὺς
3248 4311 3568 4388 ὀφθαλμοὺς
3624 4304 3819 4393 ἐκκόψας,

2238 4413 2317 4480 τῷ
2342 4428 2399 4462 τε
2431 4406 2657 4479 στόματι
2717 4404 2880 4459 αὐτοῦ
2929 4408 3034 4459 τῶν
3086 4398 3409 4474 ἐπιϐωμίων
3475 4400 3673 4472 Maeng
3714 4392 3818 4446 οἶνον

2239 4493 2458 4571 ἐγχέας,
2500 4495 2587 4548 καὶ
2654 4498 2721 4567 τῇ
2780 4492 3019 4564 ἀκουσίῳ
3076 4491 3243 4565 ταύτῃ
3307 4488 3628 4563 μεταλήψει,
3678 4499 3819 4571 repra-

487 4582 774 4637 invenerit
804 4583 1173 4653 supplicium.
1198 4586 1343 4639 Cum
1378 4590 1570 4640 autem
1599 4603 1800 4643 carnes
1832 4604 2124 4645 exsecran-

2244 4587 2544 4655 νικωτάτην
2601 4582 2825 4656 ἐξευρὼν
2891 4580 3184 4655 τιμωρίαν.
3261 4582 3370 4636 Τοῦ
3429 4577 3487 4633 δέ
3550 4597 3609 4651 γε
3664 4570 3816 4643 τρίτον,

491 4670 582 4727 dis
616 4670 869 4742 pollutas
901 4671 1203 4727 sacriﬁciis
1235 4671 1292 4726 in
1325 4689 1388 4727 os
1418 4673 1575 4728 tertii
1613 4673 1931 4745 injecisset,
1965 4681 2023 4732 et
2052 4677 2136 4732 vi-

493 4778 637 4817 num
663 4761 1100 4833 inquinatorum
1124 4761 1472 4818 libaminum
1496 4765 1804 4822 admittere
1826 4767 2131 4840 coegisset,

488 4856 788 4923 postremo
822 4850 1017 4907 oculos
1048 4850 1097 4907 ei
1122 4851 1293 4922 jubet
1324 4853 1515 4910 effodi.
1550 4854 1688 4910 Cum
1740 4860 1992 4913 omnium
2030 4875 2134 4913 au-

490 4948 605 4996 tem
631 4939 902 4995 similiter
934 4938 1249 5007 mamillas,
1277 4941 1477 5008 latera,
1520 4942 1695 4998 tibias
1727 4949 1785 4999 et
1817 4945 2134 5017 digitorum

489 5028 834 5084 intermedia
865 5028 1250 5085 candentibus
1281 5033 1531 5087 verubus
1563 5034 1949 5091 transﬁxisset
1978 5040 2034 5091 et
2065 5035 2136 5091 ad

492 5135 624 5173 ossa
648 5134 831 5189 usque
854 5118 1553 5185 combussisset,vidisset
1577 5128 1769 5178 autem
1793 5124 1989 5180 omnia
2010 5140 2141 5181 con-

492 5207 663 5275 victa,
698 5214 754 5263 et
780 5209 1020 5280 periisse
1055 5209 1357 5266 machinas
1391 5211 1834 5283 suppliciorum,
1868 5214 2052 5271 Probo
2090 5216 2142 5271 et

488 5297 817 5353 Andronico
848 5300 1113 5355 carnium
1148 5301 1204 5354 in
1240 5318 1337 5357 ara
1367 5303 1844 5374 sacriﬁcatarum,
1871 5310 1928 5362 et
1949 5308 2142 5379 profa-

494 5402 705 5442 norum
756 5386 1106 5445 libaminum
1151 5396 1392 5462 gustum
1427 5393 1609 5449 miser
1638 5394 1889 5453 irridens
1931 5413 2143 5469 expro-

496 5474 720 5531 brabal.

566 5565 629 5619 X.
665 5567 825 5621 Tunc
857 5570 1231 5626 Andronicus
1268 5569 1428 5627 valde
1478 5572 1674 5627 ridens
1730 5574 1887 5630 illius
1944 5592 2147 5632 amen-

492 5656 653 5725 tiam,
689 5659 991 5730 respondit
1022 5675 1123 5730 pro
1171 5675 1231 5716 se
1274 5660 1573 5733 Proboque
1603 5678 1616 5719 :
1651 5664 1789 5720 Post
1831 5665 2016 5724 multa
2046 5670 2148 5724 tua

2246 4674 2375 4747 κρέα
2414 4676 2510 4749 φεῦ
2567 4675 2785 4745 μιαραῖς
2847 4668 3054 4734 θυσίαις
3110 4666 3464 4742 ἡλισγημένα
3516 4669 3591 4736 τῷ
3643 4659 3817 4729 στόματι

2242 4759 2525 4835 ἐμϐαλὼν,
2555 4761 2642 4815 καὶ
2677 4759 2826 4814 οἷ’νου
2854 4763 2961 4813 τῶν
3008 4757 3439 4831 μεμολυσμένων
3474 4749 3695 4809 σπονδῶν
3722 4763 3818 4842 περ·

2245 4850 2426 4908 σέσθαι
2483 4850 2910 4927 καταναγκάσας,
2958 4847 3116 4910 τέλος
3195 4847 3340 4919 αύτῷ
3384 4846 3513 4909 τοὺς
3564 4836 3817 4937 ὀφθαλμοξος

2244 4942 2603 5018 έξορυχθῆναι
2672 4939 3018 5013 προστάττει.
3081 4936 3298 4993 Πάντων
3356 4933 3412 4991 δὲ
3469 4933 3682 5007 ὁμοίως,
3730 4933 3817 5025 τξπ

2250 5032 2475 5109 μαζοὺς,
2507 5032 2601 5092 τὰς
2640 5028 2899 5104 πλευρὰς.
2934 5028 3031 5090 τὰς
3061 5028 3301 5099 κνήμας,
3350 5025 3417 5080 τὰ
3458 5023 3585 5098 μέσα
3754 5022 3818 5111 6.1-

2246 5104 2460 5179 κτύλων
2516 5116 2929 5194 πεπυρωμένοις
2979 5111 3198 5179 ὀϐελοῖς
3265 5113 3529 5183 ἐπελθών,
3573 5110 3654 5165 καὶ
3697 5104 3819 5158 ὀστῶν

2250 5212 2381 5288 ἄχρι
2447 5208 2808 5279 κατακαύσας,
2880 5207 2953 5270 ὡς
3023 5203 3162 5261 εἶδεν
3239 5199 3442 5260 ἅπαντα
3517 5196 3821 5297 ἓληλεγμξῖαν

2250 5279 2340 5359 xiii
2383 5298 2593 5378 φροῦδα
2640 5301 2706 5358 τὰ
2760 5303 2867 5354 τῶν
2919 5294 3197 5353 κολάσεων
3248 5294 3630 5379 μηχανήματα.
3675 5279 3821 5379 Πρόξφ

2251 5393 2341 5450 καὶ
2372 5389 2695 5467 Ἀνδρονίκῳ
2756 5388 2945 5464 μόνοις
2991 5388 3091 5456 τήν
3122 5406 3180 5442 τε
3208 5390 3317 5441 τῶν
3358 5378 3656 5454 ἐπινωμίων
3697 5378 3820 5443 χρεων

2253 5484 2341 5539 καὶ
2372 5484 2471 5553 τὴν
2499 5483 2605 5536 τῶν
2639 5477 2863 5552 ἀνιέρων
2898 5473 3144 5531 σπονδῶν
3183 5480 3384 5551 γεῦσιν.

2326 5575 2385 5631 Γ.
2445 5571 2833 5639 Ἐπιτωθαζων
2903 5567 2930 5622 ὁ
2991 5563 3232 5628 δείλαιος
3290 5554 3661 5626 κατωνείδιζεν·
3706 5554 3769 5651 οἳ,

2255 5667 2495 5741 γενναῖοι
2531 5659 2711 5738 μακρὰ
2756 5659 2856 5729 τὴν
2897 5655 3084 5713 ἄνοιαν
3144 5653 3348 5712 ἐκείνου
3391 5647 3708 5728 γελάσαντες,
3748 5647 3822 5689 ἀπ’

3706 5549 3745 5603 oi
3787 5540 3821 5594 δέ
