4042 6222
270 347 425 407 1077

1400 355 1574 416 MAR
1593 357 1885 420 l‘YRIUM
1931 360 1997 421 S.
2043 360 2280 422 PROBI
2327 361 2425 423 ET
2469 364 2638 425 SOC.

3532 369 3685 429 1018

268 504 561 579 εκρίναντο,
594 507 739 564 Μετά
766 510 862 571 τὰς
893 508 1110 574 πολλὰς
1155 509 1393 575 ἐπινοίας
1440 514 1529 569 καὶ
1576 518 1671 579 τάς
1715 538 1905 573 παντο·

2031 520 2292 589 inventa,
2313 526 2370 578 et
2402 522 2538 579 illos
2564 540 2738 580 omne
2768 538 2954 596 genus
2985 527 3303 594 cruciatus,
3323 529 3566 600 abjectis
3596 546 3686 585 ar-

268 590 440 657 δαπας
497 594 706 659 ἐκείνας
746 596 1020 671 κολάσεις,
1068 600 1135 655 τά
1184 599 1329 657 ὅπλα
1388 603 1546 677 ῥίψας
1604 606 1703 673 τὴν
1762 609 1926 675 ἧτταν

266 682 585 761 ὁμολογεῖς.
618 686 689 744 Ei
736 689 838 761 γὰρ
886 691 1049 745 τοῦτό
1111 711 1195 745 σοι
1253 692 1319 760 ἧν
1378 693 1501 767 περὶ
1553 696 1833 767 πλείονος,
1868 699 1929 751 τὸ

271 776 346 845 μή
392 774 455 829 τὸ
502 782 603 846 τῆς
652 780 838 852 ψυχῆς
888 780 1051 852 ἡμῶν
1092 779 1434 853 αὐτεξούσιον
1475 781 1619 839 ἐλεῖν
1671 787 1929 861 ἀγωνίζε-

268 863 409 932 σθαι,
440 865 532 918 καὶ
580 870 745 921 τοῦτο
784 867 977 941 τρέψαι
1026 870 1162 943 πρὸς
1208 873 1272 926 τὸ
1318 874 1402 927 σοὶ
1446 871 1659 944 δοκοῦν,
1691 874 1838 930 ἀλλᾶ
1866 879 1929 932 τὸ

268 950 535 1009 ἀκουσίως
599 955 761 1027 μόνον
830 961 910 1029 τῷ
982 958 1212 1032 στόματι
1283 961 1465 1017 θυσίαν
1529 971 1926 1041 προσενεγκεῖν,

269 1039 320 1111 ἐξ
361 1043 540 1117 ἀρχῆς
589 1042 761 1100 ἔδεισε
815 1046 1012 1120 πρᾶξαι
1066 1046 1256 1117 τοῦτο,
1290 1051 1379 1105 καὶ
1440 1049 1590 1122 δόξαι
1638 1039 1790 1125 νικᾷν
1836 1056 1926 1109 καὶ

266 1129 629 1219 ἀπηλλάχθαι
695 1137 1048 1210 πραγμάτων.
1100 1136 1320 1209 Ἐπειδή
1392 1139 1447 1196 δὲ
1513 1142 1605 1197 τὸν
1656 1145 1927 1219 ἡμέτερον

267 1218 531 1295 λογισμὸν
584 1223 793 1295 ἐζήτεις
847 1224 1011 1296 ἐλεῖν,
1042 1232 1109 1301 τῇ
1164 1230 1442 1301 μεταθέσει
1490 1238 1590 1301 τῆς
1651 1218 1925 1297 εὐσεϐείας

264 1312 401 1383 πρὸς
461 1314 561 1383 τὴν
607 1309 871 1383 ἀσέϐειαν,
901 1317 991 1371 καὶ
1037 1315 1124 1373 διά
1170 1317 1336 1374 τοῦτο
1395 1322 1519 1394 περί
1570 1325 1717 1395 ἡμᾶς
1750 1324 1777 1378 6
1818 1330 1922 1387 πᾶς

264 1420 350 1455 σοι
381 1403 543 1465 πόνος
592 1403 894 1462 ἀνάλωται.
926 1409 1126 1485 Ψυχῆς
1172 1409 1276 1482 γὰρ
1326 1409 1471 1482 ἀγών
1524 1408 1729 1468 ἔστιτὸ
1781 1433 1922 1487 μαρ-

258 1489 452 1564 τύριον
500 1489 589 1547 διὰ
639 1490 819 1565 μέσων
866 1499 976 1550 τῶν
1025 1496 1299 1553 ἐπιπόνων
1346 1504 1443 1553 τοῦ
1475 1501 1749 1573 σώματος.
1782 1501 1923 1559 Ἐδι-

260 1577 551 1658 δάχθημεν
609 1582 755 1656 παρά
818 1588 915 1639 τοῦ
973 1586 1247 1661 ἡμετέρου
1306 1592 1461 1658 Θεοῦ,
1498 1591 1575 1661 μή
1631 1585 1919 1667 φοϐεῖσθαι

256 1669 363 1725 ἀπὸ
426 1675 535 1727 τῶν
606 1672 1012 1731 ἀποκτενόντων
1076 1677 1140 1732 τὸ
1208 1682 1389 1750 σῶμα,
1438 1680 1538 1748 τὴν
1617 1679 1675 1736 δὶ
1730 1684 1915 1757 ψυχήν

256 1759 569 1816 ἀποκτεῖναι
632 1764 709 1835 μὴ
784 1760 1141 1837 δυναμένων·
1201 1766 1352 1837 πλὴν
1431 1766 1478 1823 εί
1551 1790 1605 1825 τι
1664 1792 1747 1825 σοι
1826 1773 1915 1826 καὶ

255 1849 633 1925 ἡμαρτηκέναι
674 1848 960 1925 δοκοῦμεν,
1012 1852 1099 1909 διὰ
1154 1856 1216 1910 τὸ
1267 1857 1535 1920 ἀκουσίως
1573 1864 1651 1929 τῷ
1684 1860 1911 1933 στόματι
1939 1892 1993 1957 Β

266 1941 279 1957 ι
348 1945 376 1955 ει-
473 1939 486 1957 ἳ
544 1936 600 1957 ΩΧ
662 1942 730 1957 n~
807 1941 818 1957 Ι
1048 1948 1071 1957 -ι
1186 1944 1201 1957 ε
1279 1941 1307 1957 Δ
1413 1949 1424 1957 ι
1688 1954 1710 1957 ,Α
1899 1952 1910 1957 -

256 1941 417 2013 ἡμῶν
469 1936 818 2014 ἐμϐληθῆναί
885 1966 936 1999 τι
1004 1948 1111 1999 τῶν
1183 1941 1505 2019 ἐπιϐωμίων
1580 1954 1777 2023 κρεῶν,
1826 1952 1915 2007 καὶ

259 2028 695 2106 εἰδωλολατρίας
741 2027 996 2107 ἔγκλημα
1044 2038 1183 2108 ἡμῖν
1234 2036 1571 2116 ἐπιγράψεις,
1624 2039 1675 2095 εἷ’
1712 2062 1765 2095 τι
1806 2046 1914 2097 τῶν

262 2116 495 2191 χειλέων
542 2118 977 2193 περιλέλειπται,
1036 2124 1127 2179 καὶ
1184 2126 1356 2181 ταῦτα
1413 2127 1633 2202 περίελε
1681 2133 1755 2193 ὡς
1803 2136 1911 2186 τῶν

262 2206 509 2264 σπονδῶν
557 2214 666 2265 τῶν
711 2215 817 2266 σῶν
862 2208 1191 2285 ἀϐουλήτως
1235 2216 1504 2291 ἀψᾶμενα.
1544 2220 1685 2293 Πρὸς
1741 2220 1914 2276 πάντα

256 2298 357 2372 γάρ
389 2298 546 2370 ἐσμεν
594 2294 838 2373 ἕτοιμοι,
871 2300 1021 2370 πλὴν
1072 2304 1189 2367 ἑνὸς
1232 2309 1329 2360 τοῦ
1362 2311 1514 2371 θῦσαι
1548 2314 1665 2370 τοῖς
1716 2306 1910 2380 δαίμο-

256 2406 363 2455 σιν,
440 2386 473 2455 ἤ
549 2386 599 2442 τί
672 2394 781 2444 τῶν
851 2392 1310 2468 ἀπηγορευμένων
1395 2396 1743 2471 ἐργάσασθαι,
1820 2399 1908 2452 καὶ

253 2477 417 2563 θηρία
495 2473 552 2531 δὲ
634 2477 914 2551 ἀπειλῶν,
989 2487 1174 2545 πτοεῖς
1270 2481 1569 2557 οὐδαμῶς,
1648 2485 1708 2541 οὐ
1804 2489 1908 2563 γὰρ

248 2562 383 2633 ἕξεις
458 2587 509 2620 τι
581 2574 682 2637 τῆς
756 2577 855 2638 σῆς
932 2574 1118 2646 ψυχῆς
1194 2574 1551 2648 ἀγριώτερον,
1628 2576 1766 2650 πρὸς
1838 2576 1905 2645 ἢν

250 2651 320 2726 EE’
394 2656 574 2731 ἀρχῆς
650 2659 1017 2734 ἠγωνίσμεθα.
1096 2662 1329 2717 ’Πκουσε
1404 2668 1571 2719 ταῦτα
1648 2666 1676 2719 6
1753 2662 1905 2719 δικα-

252 2746 384 2814 στής
442 2747 530 2800 καὶ
588 2752 680 2801 νῦν
743 2750 837 2822 μέν
890 2755 971 2823 τῷ
1050 2748 1416 2828 δεσμωτηρίῳ
1471 2754 1597 2817 τοὺς
1665 2754 1906 2827 ἄθλητᾳς

250 2836 645 2908 παραπέμπει,
710 2839 875 2913 βοράν
958 2841 1120 2916 θηρσὶ
1213 2844 1279 2896 τὰ
1375 2843 1600 2915 σώματα
1694 2845 1901 2900 τούτων

247 2925 669 2997 ταμιευόμενος.
732 2927 829 2990 Εἰς
887 2926 943 2984 δὲ
999 2932 1099 2999 τήν
1168 2927 1353 3004 αὔριον
1414 2933 1501 2987 ἐπὶ
1560 2935 1621 2987 τὸ
1682 2933 1904 3007 θέατρον

250 3012 435 3083 πάλιν,
479 3014 609 3092 ὅπερ
659 3017 725 3085 ἦν
774 3015 874 3087 ἔξω
920 3023 1017 3073 τοῦ
1075 3018 1283 3090 ἄστεος,
1310 3022 1562 3100 φέρεσθαι
1620 3023 1746 3085 τοὺς
1789 3046 1906 3101 γεν-

251 3102 457 3172 ναίους,
491 3105 553 3160 οὐ
612 3102 870 3171 δυνατοὺς
921 3107 1075 3170 ὄντας
1128 3107 1368 3184 βαδίζειν
1420 3110 1650 3180 ἐκέλευε,
1687 3115 1776 3167 καὶ
1833 3111 1898 3184 δὴ

248 3190 489 3257 τεθέντες
534 3192 587 3249 ἒν
630 3195 801 3269 μέσῳ,
852 3199 1171 3271 ἡμιθνῆτες,
1214 3200 1741 3275 ἠκρωτηριεσμένοι,
1790 3207 1900 3258 τῶν

2040 610 2173 677 mis,
2198 614 2253 665 te
2276 610 2473 667 fateris
2496 626 2625 667 esse
2644 613 2880 668 victum.
2905 613 2964 668 Si
2987 613 3095 671 hoc
3119 617 3272 671 enim
3299 616 3484 688 pluris
3507 618 3685 673 facie-

2039 701 2161 767 bas,
2183 716 2297 755 non
2332 700 2649 766 decertare,
2676 706 2739 757 ut
2760 718 3116 773 expugnares
3139 710 3403 760 nostrum
3427 705 3677 762 liberum

2037 788 2215 844 animi
2244 789 2567 859 arbitrium,
2600 795 2656 846 et
2687 794 3048 849 converteres
3080 794 3150 847 ad
3184 794 3240 849 id
3275 797 3427 864 quod
3463 797 3564 850 tibi
3598 797 3686 853 vi-

2037 878 2299 947 debatur,
2325 880 2424 936 sed
2449 880 2635 935 solum
2662 882 2830 937 nobis
2852 881 3051 937 invitis
3072 882 3157 938 ori
3182 882 3489 940 admovere
3512 886 3687 940 sacri-

2038 964 2253 1033 ﬁcium,
2278 972 2335 1022 et
2366 968 2547 1024 videri
2577 969 2833 1035 vincere,
2856 970 3161 1041 oportebat
3191 974 3248 1026 te
3270 970 3380 1029 hoc
3405 972 3590 1028 facere
3613 972 3683 1028 ab

2037 1055 2223 1127 initio,
2246 1061 2309 1111 ut
2330 1057 2442 1113 cito
2475 1057 2808 1115 liberareris
2833 1078 2862 1114 a
2887 1060 3154 1130 negotiis.
3177 1059 3464 1123 Quoniam
3495 1066 3684 1117 autem

2034 1146 2307 1215 cupiebas
2338 1151 2597 1203 nostram
2630 1147 2862 1233 vincere
2904 1149 3313 1219 cogitationem
3355 1166 3455 1221 per
3487 1152 3684 1207 tradu-

2033 1235 2282 1291 ctionem
2316 1253 2349 1291 a
2380 1252 2509 1293 vera
2540 1237 2821 1310 religione
2852 1240 2923 1295 ad
2956 1239 3343 1310 impietatem,
3378 1246 3681 1313 propterea

2032 1343 2065 1381 a
2094 1331 2151 1381 te
2182 1326 2490 1383 universus
2540 1327 2652 1383 fuit
2683 1328 2741 1383 in
2774 1344 2881 1383 nos
2933 1334 3325 1401 consumptus
3370 1330 3549 1388 labor.
3582 1332 3683 1387 Est

2030 1430 2164 1471 vero
2197 1416 2408 1471 anima:
2441 1424 2739 1473 certamen
2771 1418 3134 1487 martyrium,
3168 1435 3268 1488 per
3297 1419 3524 1476 labores
3553 1436 3683 1477 cor-

2032 1504 2189 1575 poris
2221 1505 2617 1563 intermedios.
2641 1507 2922 1562 Caeterum
2954 1508 3271 1565 didicimus
3292 1528 3324 1565 a
3347 1518 3540 1566 nostro
3563 1510 3679 1566 Deo

2032 1615 2061 1642 ‹‹
2095 1608 2209 1649 non
2241 1594 2446 1650 timere
2476 1611 2576 1651 eos
2608 1595 2709 1666 qui
2740 1611 2953 1668 corpus
2976 1596 3271 1664 occidunt,
3296 1598 3552 1653 animam
3575 1616 3679 1654 au-

2029 1686 2145 1738 tem
2180 1700 2296 1741 non
2326 1689 2575 1755 possunt
2603 1687 2863 1741 occidere
2885 1686 2905 1720 ³
2932 1702 2944 1741 :
2969 1708 2999 1737 «
3025 1686 3125 1741 sed
3146 1687 3197 1742 si
3219 1686 3359 1757 quid
3391 1688 3496 1742 tibi
3519 1689 3680 1744 vide-

2029 1789 2162 1828 mur
2194 1774 2546 1844 peccavisse,
2570 1775 2725 1845 quod
2750 1775 2809 1829 in
2840 1792 2906 1830 os
2938 1780 3226 1846 nostrum,
3253 1776 3421 1833 nobis
3451 1776 3675 1845 invitis,

2027 1861 2306 1932 injectum
2330 1864 2407 1919 sit
2427 1863 2645 1934 aliquid
2677 1865 2870 1920 carnis
2900 1864 2958 1919 in
2991 1881 3089 1919 ara
3120 1866 3453 1935 immolatae,
3478 1872 3533 1921 et
3562 1867 3679 1922 cul-

2027 1959 2121 2007 tus
2149 1952 2437 2009 idolorum
2472 1969 2577 2009 nos
2609 1953 2877 2009 criminis
2908 1953 3238 2021 insimulas,
3266 1955 3423 2009 labra
3444 1972 3675 2026 quoque

2027 2040 2239 2107 adime,
2264 2049 2324 2097 ut
2354 2058 2483 2113 qua:
2515 2051 2611 2097 tua
2640 2042 2943 2110 libamina,
2966 2043 3103 2099 licet
3126 2043 3327 2111 invita,
3354 2044 3671 2115 tetigerint.

2026 2132 2240 2187 Sumus
2272 2132 2427 2187 enim
2462 2132 2651 2201 parati
2682 2133 2753 2188 ad
2786 2131 3005 2199 omnia,
3036 2132 3081 2187 si
3114 2133 3407 2202 exceperis
3448 2133 3673 2189 sacriﬁ-

2024 2236 2156 2277 care
2187 2221 2577 2289 daemonibus,
2599 2228 2697 2276 aut
2716 2220 2936 2292 aliquid
2961 2220 3115 2277 aliud
3149 2222 3335 2277 facere
3357 2238 3423 2277 ex
3446 2221 3517 2277 iis
3544 2238 3672 2293 quae

2022 2314 2164 2365 sunt
2212 2310 2522 2381 prohibita.
2555 2311 2772 2366 Bestias
2819 2325 2954 2367 vero
3004 2311 3256 2378 minans,
3303 2326 3671 2381 nequaquam

2021 2416 2126 2455 nos
2157 2407 2355 2455 terres.
2381 2399 2537 2455 Nihil
2570 2400 2726 2454 enim
2758 2399 3005 2455 habebis
3023 2403 3117 2454 tua
3140 2399 3338 2454 anima
3362 2401 3666 2469 agrestiua,

2020 2490 2297 2545 adversus
2329 2503 2504 2560 quam
2529 2488 2600 2543 ab
2622 2488 2787 2544 initio
2819 2488 3259 2543 decertavimus.
3285 2489 3525 2544 Audivit
3547 2489 3670 2544 haec

2007 2578 2232 2649 judex:
2264 2586 2317 2633 et
2345 2582 2485 2633 tunc
2513 2579 2748 2649 quidem
2784 2577 3035 2633 athletas
3079 2579 3422 2634 transmittit
3451 2580 3509 2633 in
3539 2596 3669 2634 car-

2016 2683 2227 2736 cerem,
2259 2682 2457 2722 eorum
2487 2683 2726 2738 corpora
2757 2666 2961 2722 bestiis
2993 2666 3287 2722 exedenda
3320 2668 3664 2725 recondens.

2014 2756 2278 2812 Crastino
2309 2760 2501 2812 autem
2552 2756 2644 2811 die
2692 2756 2751 2811 in
2801 2755 3117 2823 theatrum,
3152 2756 3304 2827 quod
3339 2760 3464 2811 erat
3506 2761 3667 2811 extra

2015 2844 2326 2912 civitatem,
2335 2844 2504 2914 jubet
2526 2843 2833 2915 praeclaros
2854 2844 3145 2915 fortesque
3167 2844 3383 2913 portari
3406 2850 3663 2912 sanctos,

2014 2934 2116 3005 qui
2145 2933 2398 3005 amplius
2431 2950 2545 2988 non
2575 2937 2841 3005 poterant
2871 2932 3118 3005 ingredi.
3152 2931 3329 2987 Positi
3370 2937 3565 2988 autem
3602 2934 3664 2988 in

2012 3023 2202 3080 medio
2232 3022 2618 3092 semimortui,
2654 3021 2925 3092 mutilati,
2958 3021 3167 3093 privati
3200 3021 3503 3090 membris,
3537 3037 3662 3092 quas

2012 3130 2074 3170 se
2103 3113 2351 3169 videnda
2381 3112 2635 3169 offerunt
2664 3118 2723 3167 et
2753 3127 2852 3181 per
2882 3127 3011 3182 quas
3043 3110 3218 3167 homo
3265 3112 3661 3182 cognoscitur,

2010 3202 2463 3274 consumptique
2506 3200 2859 3259 sectionibus
2910 3205 2967 3255 et
3008 3200 3438 3266 exustionibus,
3466 3207 3664 3255 osten-

252 3284 436 3354 μελῶν
483 3289 591 3339 τῶν
623 3284 705 3339 ἐπ’
737 3282 921 3361 ὄψεσιν
951 3286 1320 3363 ἐστερημένοι,
1357 3288 1427 3345 δι’
1467 3292 1539 3344 ῶν
1580 3292 1899 3364 γινώσκεται

2018 3293 2229 3348 derunt
2259 3268 2321 3347 se
2351 3268 2476 3347 esse
2523 3291 2781 3361 integros
2811 3294 2869 3346 et
2903 3290 3207 3360 perfectos,
3243 3294 3309 3344 ut
3338 3289 3436 3360 qui
3485 3288 3662 3360 parti-

248 3371 551 3447 ἄνθρωπος,
617 3376 706 3430 καὶ
766 3374 1295 3448 καταδαπανηθέντες
1360 3385 1481 3442 ταῖς
1546 3386 1743 3453 τομαῖς
1810 3380 1898 3437 καὶ

245 3466 366 3523 ταῖς
405 3461 676 3530 καύσεσιν,
708 3461 911 3536 ἔδειξαν
954 3466 1029 3529 ὡς
1075 3465 1252 3539 ἄρτιοί
1302 3487 1445 3528 τινες
1495 3467 1600 3523 εἰσι
1664 3470 1753 3523 καὶ
1810 3470 1900 3524 τέ-

247 3549 409 3621 λειοι,
440 3552 533 3607 τὸν
592 3552 821 3629 λογικὸν
876 3556 967 3610 καὶ
1018 3553 1235 3621 ἔδδοθεν
1284 3555 1592 3632 ἄνθρωπον,
1627 3561 1717 3614 τὸν
1780 3560 1901 3614 κατ’

247 3642 425 3698 εἰκόνα
478 3647 835 3721 γεγενημένον
878 3653 976 3703 τοῦ
1036 3650 1348 3722 Κτίσαντος,
1378 3651 1470 3705 τὸν
1527 3647 1719 3729 ἄρχειν
1758 3672 1902 3728 ταχ-

245 3731 403 3788 θέντα
443 3738 550 3790 τῶν
584 3735 789 3810 θηρίων
820 3737 912 3791 καὶ
944 3737 1181 3812 ἑρπετῶν
1213 3738 1427 3809 ἀπάσης
1468 3742 1570 3804 τῆς
1614 3746 1715 3812 γῆς
1765 3738 1898 3795 ὁλό-

242 3821 452 3897 κληρόν
509 3846 569 3880 τε
618 3826 708 3880 καὶ
753 3825 1165 3901 ἀπαράλειπτον
1208 3824 1425 3902 ἔχοντες
1460 3848 1473 3861 '
1508 3826 1741 3904 ἀφθέντα
1796 3828 1895 3904 γάρ

243 3911 311 3967 τά
339 3912 521 3988 θηρία,
554 3918 659 3969 τῶν
694 3915 865 3990 ἁγίων
901 3937 974 3971 σω
988 3917 1169 3990 μάτων
1200 3914 1457 3991 οὐδαμώς
1486 3918 1717 3991 ἥψαντο.

319 4004 424 4059 ῘΛ’.
458 4005 560 4061 Καὶ
602 4003 791 4068 δεινῶς
834 4007 861 4061 6
907 4009 1153 4079 Μάξιμος
1206 4005 1552 4082 ἐχαλέπαινε,
1593 4008 1683 4062 καὶ
1738 4008 1895 4063 ἀπει-

246 4090 418 4161 λήσας
457 4098 538 4165 τῷ
592 4099 700 4149 τῶν
736 4095 939 4169 θηρίων
991 4096 1304 4171 ἐπιμελητῇ
1353 4099 1446 4152 τὸν
1486 4098 1607 4170 περὶ
1666 4098 1893 4152 θανάτου

241 4179 510 4252 κίνδυνον,
582 4184 841 4260 ἀφεθῆναι
902 4186 1294 4261 παρεσκεύασεν
1371 4184 1564 4261 ἄρκτον
1624 4184 1891 4264 ἀνδροφό-

239 4291 327 4325 νον
357 4274 449 4325 καί
488 4270 803 4345 ὠμοτάτην,
835 4274 958 4343 ἥτις
1004 4277 1129 4338 τοὺς
1187 4274 1393 4338 ἄλλους
1438 4273 1891 4351 παραδραμοῦσα,

238 4361 375 4434 πρὸς
422 4360 513 4415 τὸν
565 4360 712 4416 ὅσιον
765 4360 1111 4439 ’Δνδρόνικον
1172 4362 1378 4439 ᾤχετο,
1410 4366 1499 4420 καὶ
1544 4368 1678 4440 πρὸς
1728 4378 1889 4431 καθε-

240 4453 446 4515 σθεῖσα,
478 4451 571 4505 τὸν
620 4456 727 4506 τῶν
757 4456 1082 4527 τραυμάτων
1133 4455 1312 4529 ἰχῶρα
1355 4454 1755 4533 περιελιχμάτο
1822 4459 1889 4529 τῇ

236 4536 465 4613 γλώσσῃ
494 4558 507 4572 ⁸
539 4540 640 4609 τὴν
681 4541 883 4596 οἰκείαν
916 4540 972 4597 δὲ
1004 4543 1245 4617 κεφαλὴν
1278 4545 1306 4598 6
1338 4543 1492 4619 ἅγιος
1523 4550 1642 4606 τοῖς
1674 4542 1888 4600 ὀδοῦσιν

2013 3382 2197 3453 cipem
2249 3380 2488 3436 rationis
2520 3384 2576 3435 et
2605 3380 2908 3435 internum
2954 3379 3281 3449 hominem,
3325 3378 3420 3448 qui
3468 3378 3659 3434 factus

2012 3471 2123 3525 fuit
2154 3470 2223 3525 ad
2255 3468 2339 3524 sui
2371 3468 2659 3523 Creatoris
2688 3467 3026 3539 imaginem,
3060 3468 3279 3537 quique
3313 3467 3518 3535 jussus
3550 3467 3663 3523 fuit

2012 3572 2257 3628 praeesse
2288 3555 2517 3625 bestiis,
2545 3561 2598 3610 et
2630 3554 2935 3626 reptilibus
2964 3554 3245 3609 universaa
3280 3562 3464 3622 terra,
3494 3556 3664 3610 abso-

2008 3645 2199 3700 lutum
2232 3644 2537 3712 haberent,
2562 3647 2619 3698 et
2640 3642 2802 3698 nulla
2824 3658 2884 3697 re
2906 3643 3213 3698 defectum.
3240 3643 3479 3698 Emissa
3502 3644 3661 3700 enim

2010 3734 2209 3790 bestiis
2242 3737 2441 3789 sancta
2467 3748 2713 3804 corpora
2745 3746 3108 3803 nequaquam
3141 3732 3481 3802 tetigerunt.

2076 4004 2169 4061 XI.
2204 4004 2493 4059 Maximus
2524 4007 2719 4060 autem
2751 4002 2919 4059 valde
2949 4002 3397 4075 indignabatur:
3423 4002 3520 4073 qui
3545 4002 3657 4058 ml-

2008 4099 2181 4151 natus
2208 4098 2453 4151 mortem
2476 4094 2526 4150 ei
2548 4094 2649 4166 qui
2671 4110 2869 4149 curam
2896 4092 3129 4165 gerebat
3151 4091 3493 4159 bestiarum,
3520 4092 3655 4149 fecit

2008 4185 2189 4241 emitti
2209 4200 2415 4241 ursum
2437 4183 2930 4253 crudelissimum,
2947 4184 3069 4255 qui,
3085 4183 3307 4240 caeteris
3330 4181 3653 4255 praeteritis,

2012 4276 2115 4330 ivit
2137 4274 2209 4331 ad
2232 4281 2498 4332 sanctum
2523 4274 2942 4341 Andronicum,
2967 4281 3021 4329 et
3038 4273 3318 4330 assistens
3349 4273 3652 4329 vulnerum

2013 4365 2237 4421 saniem
2268 4364 2565 4420 lambebat
2596 4364 2817 4435 lingua.
2850 4363 3099 4419 Sanctus
3130 4371 3320 4419 autem
3352 4378 3525 4419 suum
3559 4379 3654 4418 ca-

2013 4463 2113 4527 put
2143 4454 2463 4524 subjiciens
2495 4455 2621 4525 ejus
2655 4453 2947 4518 dentibus,
2981 4453 3369 4509 contendebat
3400 4454 3470 4509 ad
3504 4452 3651 4508 iram

2006 4563 2341 4619 provocare,
2374 4548 2615 4602 studens
2643 4564 2674 4602 a
2705 4546 2824 4603 fera
2872 4545 3157 4615 devorari,
3208 4550 3266 4600 et
3315 4546 3651 4601 desiderans

235 4624 405 4697 αὐτῆς
472 4630 713 4701 ὑποθεὶς,
779 4632 917 4706 πρὸς
992 4632 1163 4706 θυμὸν
1243 4632 1463 4709 ἐγείρειν
1542 4633 1888 4707 ἐφιλονείκει.

2018 4638 2073 4692 td
2106 4636 2398 4691 Christum
2452 4634 2891 4692 resolutionem.
2923 4634 3024 4691 Ille
3057 4640 3254 4692 autem
3306 4634 3468 4690 simul
3514 4650 3648 4691 cum

238 4717 439 4791 βρῶμα
498 4720 742 4793 γενέσθαι
817 4727 917 4789 τῆς
987 4719 1264 4796 ἀνημέρου
1324 4720 1593 4795 σπεύδων,
1652 4724 1740 4779 καὶ
1788 4732 1891 4794 τῆς

236 4804 373 4877 πρὸς
434 4808 663 4880 Χριστὸν
711 4809 980 4883 μακαρίας
1036 4810 1348 4873 ἀναλύσεως
1393 4811 1690 4890 ἐφιέμενὸς.
1732 4815 1795 4871 Ἡ
1837 4811 1893 4869 δὲ

235 4896 697 4971 συμπεριεφέρετο
754 4902 832 4970 τῷ
904 4899 1240 4973 βιαζομένῳ,
1307 4899 1439 4975 τῇδε
1514 4904 1727 4957 κακεῐσε
1801 4904 1891 4957 καὶ

233 4985 590 5058 προσπαίζειν
631 4983 827 5058 ἐδόκει,
860 4988 951 5043 καὶ
981 4996 1081 5058 τῆς
1136 4988 1326 5065 ἀγρίας
1376 4990 1559 5066 ὥσπερ
1600 4990 1891 5056 ἐπελάθετο

234 5071 469 5149 φύσεως,
510 5075 572 5143 ἢ)
614 5076 641 5129 6
672 5080 751 5148 τῷ
797 5071 914 5131 ὄντι
965 5076 1169 5154 ἄλογος
1224 5077 1503 5149 δικαστὴς,
1544 5080 1697 5156 λόγῳ
1748 5081 1891 5155 μᾶλ-

232 5159 332 5217 λον
392 5162 427 5231 ἢ
478 5163 707 5239 ἀλογίαν
762 5167 1118 5242 χρησαμένην
1179 5171 1278 5224 οὐκ
1327 5170 1492 5237 ἀθεεὶ,
1547 5170 1891 5246 ἀναιρεθῆναι

230 5252 688 5331 καταψηφίζεται,
730 5257 969 5329 νομίζων
1026 5256 1236 5328 ἐκείνης
1292 5258 1451 5335 ἔργον
1504 5260 1637 5315 εἶναι
1693 5262 1754 5315 τὸ
1796 5282 1893 5335 γε-

228 5341 531 5417 γονὸς,καὶ
592 5344 727 5422 οὐχὶ
782 5350 879 5401 τοῦ
941 5355 1484 5423 θαυματουργοῦντος
1534 5355 1690 5405 Θεοῦ.
1744 5352 1891 5407 Μετὰ

226 5433 391 5486 τοῦτ’)
451 5428 641 5489 λέαινά
686 5455 773 5497 τις
827 5436 987 5513 ἀγρία
1042 5438 1132 5492 καὶ
1172 5436 1321 5509 δεινή
1376 5444 1497 5502 τοῖς
1546 5438 1727 5513 ἁγίοις
1759 5438 1889 5495 ἀπε-

231 5519 420 5593 λυετο,
452 5523 544 5578 καὶ
598 5524 832 5601 βρυγμῷ
879 5527 1119 5604 μεγίστῳ
1166 5528 1228 5583 τὸ
1270 5526 1495 5604 θέατρον
1538 5528 1673 5585 ἅπαν
1716 5531 1890 5601 πτοή-

299 5708 322 5744 ι
352 5708 557 5770 Matth.
589 5728 645 5785 κ,
676 5713 768 5770 28.

2000 4742 2087 4795 eo,
2119 4725 2219 4797 qui
2250 4725 2363 4779 vim
2395 4724 2689 4791 afferebat,
2721 4724 2838 4781 huc
2866 4729 2923 4780 et
2952 4724 3089 4780 illuc
3120 4722 3647 4796 circumagebatur,

2000 4822 2057 4871 et
2087 4830 2220 4869 cum
2243 4829 2310 4869 eo
2332 4813 2636 4868 videbatur
2669 4813 2889 4879 ludere,
2912 4818 2970 4868 et
2990 4814 3240 4886 agrestis
3272 4816 3492 4867 natura:
3526 4816 3651 4867 erat

1999 4903 2429 4975 quodammodo
2460 4902 2700 4957 oblitus.
2725 4903 2907 4967 Quem
2942 4902 3040 4973 qui
3072 4907 3252 4958 erata
3274 4902 3496 4956 ratione
3521 4914 3650 4956 vere

1998 4993 2224 5049 alienus
2239 4992 2434 5063 judex,
2450 4991 2671 5047 ratione
2687 4991 2897 5063 magis,
2914 5008 3091 5063 quam
3112 4990 3355 5046 rationis
3370 4993 3646 5061 egestate,

1998 5098 2171 5138 usum
2204 5099 2321 5137 non
2353 5081 2479 5137 sine
2516 5080 2611 5136 Dei
2655 5080 2920 5149 numine,
2946 5082 3296 5136 condemnat
3326 5083 3390 5134 ut
3420 5077 3650 5135 interfl-

1997 5171 2206 5239 ciatur,
2231 5171 2387 5226 illius
2408 5185 2553 5241 opus
2574 5184 2699 5225 esse
2722 5169 2965 5225 credens
2996 5168 3052 5223 id
3086 5169 3240 5239 quod
3274 5168 3489 5222 factum
3520 5166 3648 5221 fue-

1997 5266 2109 5331 rat,
2147 5279 2261 5317 non
2291 5270 2485 5317 autem
2518 5261 2642 5327 Dei,
2675 5261 2776 5333 qui
2813 5261 2947 5316 facit
2999 5259 3311 5315 mirabilia.
3346 5259 3479 5314 Post
3526 5257 3647 5312 haec

1997 5351 2243 5422 agrestis
2286 5350 2553 5422 quaedam
2586 5354 2642 5405 et
2667 5349 2942 5405 immanis
2991 5348 3173 5405 leaena
3220 5347 3437 5404 emissa
3466 5354 3554 5403 est
3584 5347 3645 5404 in

1996 5445 2247 5497 sanctos.
2284 5440 2415 5505 Quae
2447 5455 2581 5495 cum
2612 5443 2800 5495 totum
2832 5438 3127 5494 theatrum
3160 5440 3415 5494 maximo
3447 5438 3644 5509 rugitu

1994 5531 2405 5601 terrefecisset,
2437 5546 2501 5587 ac
2534 5528 2753 5602 pernici
2802 5545 2981 5585 cursu
3014 5528 3086 5586 ad
3118 5532 3397 5601 martyres
3438 5544 3642 5585 acces-
