4106 6200
413 287 569 349 1079

1746 290 2034 353 MENSIS
2075 290 2453 353 OCTOBER.

3659 293 3825 355 1080

410 447 796 516 sisset,suum
821 447 1057 519 quidem
1083 448 1661 524 refrenatimpetum,
1687 451 1935 521 procidit
1956 468 2058 507 au-

2186 450 2443 520 τασα,καί
2497 450 2605 522 ὀξεῖ
2663 447 2854 523 δρόμῳ
2908 454 3025 511 τοῖς
3084 448 3315 523 μάρτυσι
3370 450 3826 526 προσπελάσασα,

411 538 529 589 tem
580 534 653 590 ad
701 536 874 606 pedes
924 540 1281 592 sanctorum.
1327 537 1620 595 Taracbus
1675 543 1870 596 autem
1919 556 2053 595 cum

414 627 677 680 sanctam
709 641 947 680 manum
980 626 1353 694 extendisset,
1377 632 1432 683 et
1463 628 1671 700 partim
1704 629 1938 701 quidem
1973 630 2056 698 pi-

413 712 509 780 lis,
544 713 751 784 partim
786 730 921 770 vero
953 731 1091 772 aure
1126 717 1631 788 apprehendisset,
1666 719 1736 773 ad
1770 735 1832 774 se
1863 718 2061 773 trabe-

417 801 533 858 bat.
558 802 664 857 Illa
685 806 878 858 autem
914 820 1047 859 cum
1081 804 1320 875 placidas
1342 807 1465 862 ovis
1489 808 1694 873 instar,
1718 808 2059 863 contrectari

419 907 535 946 non
566 891 877 959 renuisset,
901 894 971 947 ad
1005 897 1228 963 portam
1263 899 1465 965 postea
1494 896 1768 962 accurrit,
1790 904 1843 952 et
1873 896 2062 951 inﬁxit

422 982 625 1036 dentes
658 979 895 1047 tabulis,
929 984 986 1036 et
1014 998 1114 1052 per
1163 982 1271 1038 vim
1322 985 1640 1040 conabatur
1685 984 1919 1058 egredi:
1955 1000 2060 1041 nec

422 1068 585 1139 prius
615 1068 858 1138 dimisit,
882 1086 1055 1141 quam
1078 1070 1389 1129 clamasset
1408 1072 1658 1145 populus
1684 1074 1901 1144 jubens
1930 1089 2059 1129 eam

421 1158 577 1213 foras
606 1158 777 1214 exire.
808 1158 938 1214 Haec
961 1162 1152 1213 autem
1185 1164 1240 1216 et
1270 1160 1362 1217 bis
1393 1161 1608 1220 similia
1642 1179 1813 1220 nemo
1845 1162 2065 1234 putarit

424 1262 540 1301 non
573 1248 881 1316 credenda,
916 1246 1117 1319 legens
1148 1249 1482 1321 epistolam,
1515 1268 1691 1323 quam
1724 1251 1960 1323 scripsit
1990 1252 2059 1307 ad

426 1336 720 1392 Romanos
751 1336 985 1392 divinus
1018 1338 1293 1406 Ignatius.
1319 1339 1412 1395 Sic
1441 1340 1595 1397 enim
1630 1340 1841 1398 habet:
1867 1346 1951 1396 Me
1972 1342 2063 1412 iu-

424 1425 611 1481 verint
644 1426 842 1481 bestiae
871 1426 1015 1482 mihi
1050 1432 1262 1498 parata:
1311 1445 1459 1501 quas
1508 1432 1683 1486 etiam
1715 1436 1850 1503 opto
1882 1431 1940 1485 in
1973 1444 2065 1485 me

426 1513 671 1570 inveniri
704 1519 1026 1587 promptas.
1059 1515 1283 1579 Quibus
1332 1519 1508 1575 etiam
1560 1520 1852 1590 blandiar,
1888 1524 1947 1574 ut
1978 1535 2069 1574 me

427 1605 678 1659 breviter
724 1606 1017 1661 devorent.
1052 1604 1212 1669 Quod
1270 1607 1317 1663 si
1376 1609 1551 1665 etiam
1604 1610 1812 1678 nolint,
1840 1625 1945 1681 ego
1986 1608 2070 1664 eis

426 1691 543 1748 vim
575 1693 835 1750 afferam.

500 1782 617 1837 XII.
648 1782 793 1839 Hinc
822 1786 1110 1842 Maximus
1142 1786 1321 1841 animi
1371 1788 1606 1858 dubius,
1641 1789 1928 1861 planeque
1969 1804 2068 1843 ne-
2102 1783 2155 1846 Β

430 1872 621 1928 sciens
653 1874 792 1944 quid
826 1880 1042 1946 ageret,
1075 1891 1207 1931 cum
1254 1876 1473 1933 videret
1514 1886 1743 1934 sanctos
1791 1882 2071 1950 martyres

429 1977 531 2031 per
575 1962 770 2017 omnia
820 1965 1212 2035 resplendere,
1245 1970 1302 2021 et
1330 1966 1527 2022 haberi
1562 1968 1621 2022 in
1665 1967 2072 2032 admiratione,

431 2066 530 2106 eos
565 2056 749 2107 morte
775 2054 1146 2110 condemnat.
1170 2055 1277 2119 Qui
1301 2072 1457 2113 cum,
1479 2061 1753 2128 tanquam
1779 2073 1896 2112 rem
1922 2054 2076 2111 desi-

431 2139 714 2209 deratam,
749 2139 896 2195 hanc
943 2146 1253 2198 extremam
1304 2146 1667 2215 accepissent
1705 2145 2072 2213 sententiam,

435 2231 722 2285 truncatis
752 2232 1063 2302 capitibus,
1097 2235 1354 2290 coronati
1386 2237 1640 2307 migrant
1670 2238 1741 2292 ad
1774 2253 1965 2293 veram
1999 2236 2078 2291 vi-

434 2322 579 2385 tam,
605 2319 837 2375 fruituri
861 2322 1115 2392 prtemiis
1144 2323 1623 2395 immortalitatis,
1646 2331 1703 2382 et
1733 2344 1819 2394 ea,
1844 2344 1968 2398 quas
1992 2334 2078 2382 est

438 2406 578 2473 illic,
614 2406 986 2464 beatitudine.
1014 2410 1126 2465 Sed
1148 2412 1380 2469 invidus
1403 2414 1663 2486 quidem,
1686 2420 1744 2472 et
1764 2417 2078 2472 sceleratus

433 2496 634 2565 judex,
667 2498 836 2553 nobis
878 2499 1144 2555 invidens
1194 2508 1529 2559 sanctorum
1580 2504 1875 2577 reliquias,
1912 2507 2080 2576 jubet

439 2602 676 2655 corpora
708 2591 1029 2660 martyrum
1070 2590 1334 2660 profanis
1378 2592 1685 2650 admisceri
1711 2596 2078 2667 corporibus,

439 2690 568 2745 quae
602 2675 832 2731 fuerant
864 2677 1165 2735 interfecta
1186 2696 1221 2735 a
1241 2680 1682 2752 gladiatoribus,
1705 2684 1900 2741 decem
1924 2686 2078 2740 mili-

438 2764 594 2820 tibus
637 2767 947 2833 mandans,
981 2772 1044 2823 ut
1089 2784 1153 2824 ea
1200 2776 1516 2827 servarent.
1545 2772 1698 2829 Deus
1742 2778 1934 2831 autem
1982 2792 2078 2831 re-

440 2870 569 2909 rum
599 2854 1056 2925 admirabilium,
1082 2859 1526 2916 convivantibus
1556 2862 1918 2931 custodibus,
1950 2880 2080 2919 cum

433 2943 555 3012 jam
588 2959 792 3014 rogum
824 2945 1246 3015 accendissent,
1278 2964 1490 3019 magna
1522 2950 1575 3004 vi
1608 2955 1844 3021 repente
1874 2953 2080 3008 caden-

440 3032 587 3086 tium
634 3032 934 3101 imbrium,
964 3038 1021 3089 et
1049 3035 1268 3106 ingenti
1317 3042 1672 3106 terrmmotu,
1706 3056 1912 3112 rogum
1953 3042 2082 3113 qui-

440 3123 574 3177 dem
620 3124 916 3188 exstinxit,
968 3126 1241 3181 custodes
1290 3132 1482 3183 autem
1532 3130 1701 3185 vertit
1753 3130 1813 3186 in
1862 3133 2080 3203 fugam.

441 3210 697 3280 Cumque
725 3226 859 3266 cum
893 3212 1024 3267 aliis
1055 3214 1336 3283 permista
1364 3220 1559 3272 essent
1591 3225 1922 3274 sanctorum
1953 3236 2080 3276 cor-

441 3316 603 3371 pora,
636 3303 693 3355 et
724 3299 1128 3372 ignorarentur
1158 3308 1394 3375 propter
1422 3307 1714 3375 tenebras,
1747 3308 1915 3365 stella
1944 3310 2086 3365 luci-

441 3387 687 3443 dissima
716 3405 746 3444 e
778 3389 919 3445 caelo
968 3394 1182 3447 terram
1230 3393 1553 3463 illustrans,
1598 3400 1655 3452 et
1700 3402 1865 3454 stans
1908 3416 2086 3470 super

445 3478 905 3549 unumquodque
934 3495 1168 3552 corpus,
1195 3483 1439 3554 praebuit
1478 3484 1668 3543 lucem
1701 3488 1774 3543 ad
1805 3504 1871 3544 ea
1900 3505 2085 3560 agno-

444 3567 679 3637 scenda,
712 3567 870 3623 illam
905 3571 1047 3625 forte
1077 3571 1304 3628 stellam
1340 3574 1595 3643 imitans,
1619 3594 1749 3647 qua:
1780 3578 1837 3633 in
1870 3578 2087 3635 Christi

442 3662 571 3713 ortu
606 3658 929 3713 secundum
962 3674 1197 3716 carnem
1221 3660 1421 3734 Magos
1451 3680 1519 3719 ex
1541 3664 1774 3723 Perside
1804 3669 2081 3735 evocavit,

440 3751 494 3800 et
544 3747 799 3801 deduxit.
843 3752 973 3803 Hec
1022 3757 1212 3805 autem
1263 3751 1415 3807 facta
1458 3760 1613 3825 sunt,
1659 3772 1792 3811 cum
1843 3758 2081 3828 quidam

440 3834 639 3889 fideles
670 3834 729 3890 in
762 3842 961 3893 monte
990 3840 1238 3909 genibus
1262 3840 1423 3897 ﬂexis
1444 3844 1758 3899 Dominum
1790 3846 2085 3917 supplices

441 3929 732 3995 rogarent,
758 3941 827 3981 ne
850 3926 1215 3997 privarentur
1244 3930 1396 3987 dono
1429 3940 1759 3989 sanctorum
1792 3935 2088 3991 membro-

442 4031 595 4082 rum,
624 4030 749 4085 quae
782 4022 1019 4087 propter
1048 4018 1176 4087 ejus
1206 4018 1453 4091 gloriam
1498 4038 1678 4094 supra
1710 4025 1947 4079 modum
1981 4026 2084 4081 de-

443 4109 761 4160 certarunt.
816 4105 895 4161 Ea
942 4122 1074 4162 vero
1121 4108 1535 4165 descendentes
1585 4112 1986 4168 sustulerunt:
2030 4119 2088 4170 et

442 4210 674 4250 summo
705 4196 919 4263 studio,
954 4202 1188 4268 prapter
1217 4206 1438 4255 metum
1473 4200 1755 4271 praesidis,
1790 4201 1847 4257 in
1891 4208 2087 4261 monte

442 4283 502 4338 in
536 4288 694 4353 petra
723 4300 978 4341 concava
998 4289 1405 4355 condiderunt,
1429 4290 1817 4359 glorificantes
1840 4296 2084 4350 sanctis-

442 4373 655 4428 simum
704 4390 914 4431 nomen
965 4377 1181 4433 Christi
1224 4378 1324 4434 Dei
1371 4380 1555 4436 nostri
1588 4397 1600 4435 :
1633 4382 1909 4452 quoniam
1951 4399 2082 4439 eum

441 4462 608 4519 decet
637 4465 830 4522 omnis
855 4465 1042 4538 gloria
1071 4484 1203 4524 cum
1237 4468 1401 4524 Patre
1433 4471 1702 4542 principii
1743 4478 1996 4544 experte,
2029 4476 2087 4529 et

2166 540 2394 613 χαλινοῖ
2443 539 2536 611 μὲν
2592 540 2786 607 ἑαυτὴν
2827 544 2928 608 τῆς
2983 537 3185 614 ὁρμῆς,
3244 538 3543 595 ύποκύπτει
3584 537 3641 595 δὲ
3699 545 3826 599 τοῖς

2164 632 2272 681 τῶν
2305 629 2466 682 ὁσίων
2494 627 2641 685 ποσί.
2666 628 2918 705 Τάραχος
2953 624 3009 682 δὲ
3045 629 3145 696 τήν
3187 628 3336 703 ἁγίαν
3371 627 3605 691 ἐκτείνας
3632 635 3829 704 χεῖρα,

2165 714 2254 770 καὶ
2320 723 2395 784 πῆ
2460 716 2552 789 μὲν
2610 720 2717 770 τῶν
2757 720 2985 790 τριχῶν,
3040 722 3115 784 πῆ
3172 714 3227 771 δὲ
3266 721 3363 771 τοῦ
3422 715 3561 780 ὠτὸς
3607 715 3830 784 ἐκείνης

2165 800 2610 878 λαμϐανόμενος,
2664 805 2813 859 εἷλκε
2863 806 2999 880 πρὸς
3059 807 3272 873 ἑαυτὸν,
3332 809 3367 875 ἡ
3410 803 3469 861 δὲ
3522 807 3622 875 τὴν
3677 805 3831 882 ἀιρὴν

2166 894 2389 968 ἡμέρως
2447 895 2521 957 ὡς
2588 890 2861 969 πρόϐατον
2919 895 3347 968 ἀποσεισαμένη,
3406 896 3494 949 καὶ
3558 899 3628 969 τῇ
3688 894 3835 969 θύρᾳ

2166 981 2613 1057 προσδραμοῦσα,
2658 984 2786 1045 τοὺς
2829 981 3051 1044 ὀδόντας
3091 990 3211 1046 ταῖς
3260 985 3434 1039 σανίσι
3489 984 3833 1058 προσὲπηξε·

2168 1072 2270 1130 Καὶ
2322 1070 2552 1141 ἐξελθεῖν
2610 1067 2876 1143 ἐϐιάζετο,
2908 1072 2997 1127 καὶ
3039 1074 3142 1128 οὐκ
3178 1073 3373 1142 ἀνῆκεν
3414 1072 3518 1137 ἓως
3555 1074 3583 1128 6
3642 1072 3835 1145 δῆμος

2166 1159 2268 1231 ἔξω
2308 1161 2553 1236 γενέσθαι
2591 1162 2792 1232 ταύτην
2852 1157 3065 1231 ἐϐόησε.
3109 1165 3291 1220 Ταῦτα
3339 1160 3397 1217 δὲ
3440 1160 3637 1235 μηδεὶς
3696 1163 3833 1217 ἀπιο

2171 1249 2360 1305 στείτω
2390 1250 2477 1305 καὶ
2509 1251 2575 1305 τά
2620 1250 2891 1313 τοιούτοις
2942 1251 3130 1325 ὅμοια,
3160 1252 3258 1320 τήν
3310 1250 3604 1319 ἐπιστολὴν
3641 1248 3837 1326 ἀναγι-

2170 1340 2506 1408 νώσκων,ἣν
2576 1338 2852 1395 ἐπέστειλε
2916 1342 3211 1413 Ῥωμαίοις
3272 1342 3299 1396 ὁ
3347 1340 3612 1418 θεοφόρος
3652 1340 3838 1416 Ἰγνά-

2171 1449 2310 1491 τιος.
2344 1429 2503 1503 Ἔχει
2533 1428 2632 1505 γὰρ
2674 1428 2781 1484 ὦδέ
2823 1451 2940 1492 πως
2976 1448 2989 1460 ⁵
3039 1429 3271 1500 Οναίνην
3330 1435 3437 1485 τῶν
3477 1428 3683 1503 θηρίων
3719 1434 3836 1484 τῶν

2173 1518 2297 1591 ἐμοὶ
2335 1518 2586 1591 ἑτοίμων,
2619 1518 2652 1572 ’ὰ
2681 1518 2769 1573 καὶ
2811 1516 3070 1595 εὔχομαι.
3112 1520 3356 1593 σύντομά
3390 1540 3484 1593 μοι
3516 1520 3834 1594 εὑρεθῆναι,

2173 1607 2207 1661 ἃ
2267 1608 2356 1662 καὶ
2435 1607 2717 1663 κολακεύω
2782 1608 3061 1681 συντόμως
3142 1629 3209 1681 με
3282 1614 3635 1685 καταφαγεῖν.
3714 1606 3835 1665 Κᾶν

2176 1695 2309 1751 αὐτὰ
2342 1698 2417 1769 μὴ
2461 1695 2618 1770 θέλῃ,
2652 1697 2760 1771 ἐγὼ
2803 1695 2859 1752 δὲ
2888 1692 3318 1771 προσϐιάσομαι.

2251 1788 2353 1843 ΙΒ’.
2385 1787 2658 1843 Ἐντεῦθεν
2714 1792 2831 1849 τοῖς
2890 1784 3044 1850 ὅλοις
3092 1787 3119 1841 6
3164 1787 3409 1859 Μάξιμος
3451 1786 3835 1858 ἐξαπορηθεὶς,

2179 1875 2269 1929 καὶ
2311 1872 2399 1928 διὰ
2447 1874 2661 1930 πάντων
2710 1875 3025 1949 λάμποντας
3065 1876 3156 1929 καὶ
3206 1876 3653 1949 Θαυμαζομὲνους
3688 1877 3835 1949 ὁρῶν

2182 1963 2307 2025 τοὺς
2362 1964 2657 2039 μάρτυρας,
2700 1966 2791 2019 τὸν
2840 1962 2927 2019 διὰ
2966 1965 3153 2037 ξίφους
3186 1965 3364 2019 αὐτῶν
3396 1964 3835 2040 καταψηφίζεται

2185 2053 2429 2107 θάνατον.
2476 2054 2541 2110 Οἳ
2601 2054 2688 2108 καὶ
2747 2050 2927 2128 ὥσπερ
2976 2074 3028 2108 τι
3078 2060 3275 2129 χρῆμα
3322 2053 3681 2126 ποθούμενον,
3728 2055 3837 2120 τήν

2182 2140 2493 2197 τελευταίαν
2562 2141 2763 2213 ταύτην
2839 2146 3020 2217 ψῆφον
3108 2140 3521 2216 ὑποδεξάμενοι,
3569 2144 3656 2197 καὶ
3736 2144 3838 2202 τας

2184 2229 2420 2307 κεφαλάς
2524 2230 2900 2306 ἐκτμηθέντες,
3008 2232 3411 2308 στεφανηφόροι
3503 2233 3636 2307 πρὸς

2184 2320 2367 2391 ἀληθῆ
2405 2324 2550 2392 ζωὴν
2611 2316 3017 2394 μεταϐαίνουσι,
3047 2326 3155 2376 τῶν
3203 2329 3305 2391 τῆς
3346 2322 3638 2386 ἀθανασίας
3695 2322 3839 2395 βραο

2187 2406 2347 2465 6είων
2402 2410 2491 2464 καὶ
2548 2412 2645 2479 τῆς
2696 2410 2893 2474 ἐκεῖθεν
2950 2412 3355 2486 μακαριότητος
3408 2409 3836 2470 ἀπολαύσοντες.

2188 2498 2348 2557 Ἀλλ’
2407 2500 2434 2554 6
2499 2500 2593 2571 μὲν
2654 2500 2915 2575 βάσκανος
2980 2500 3069 2555 καὶ
3144 2500 3497 2573 μιαμώτατος
3580 2496 3840 2566 δικαστὴς

2189 2594 2397 2667 φθονῶν
2450 2591 2583 2662 ἡμῖν
2634 2594 2741 2643 τῶν
2790 2589 2958 2665 ἁγίων
3005 2589 3300 2663 λειψάνων,
3331 2592 3397 2644 τά
3443 2590 3671 2662 σώματα
3727 2593 3838 2643 τῶν

2191 2679 2503 2755 μαρτύρων,
2560 2684 2677 2740 τοῖς
2736 2680 2881 2754 παρὰ
2937 2683 3040 2733 τῶν
3110 2680 3447 2753 μονομάχων
3512 2676 3837 2752 ἂναιρεθεῖσι

2194 2764 2454 2845 βεϐήλοις
2511 2768 2744 2841 ἀνέμιξε,
2794 2770 3138 2845 στρατιωτῶν
3209 2766 3391 2824 δεκάδι
3471 2766 3839 2847 φυλάττεσθαι

2191 2864 2359 2915 ταῦτα
2425 2856 2825 2931 διαταξάμενος.
2886 2860 2943 2916 Ὀ
2999 2857 3056 2913 δὲ
3123 2863 3228 2915 τῶν
3311 2859 3623 2932 θαυμασίων
3685 2858 3843 2923 Θεὸς,

2189 2954 2296 3004 τῶν
2348 2947 2602 3026 φυλάκων
2645 2948 3045 3023 εὐωχουμένων
3084 2949 3175 3003 καὶ
3221 2948 3392 3021 πυρὰν
3441 2945 3550 3017 ἤδη
3606 2946 3845 3001 καυσάν-

2190 3061 2322 3111 των,
2355 3034 2578 3112 ὄμϐρων
2620 3037 2875 3112 ἐξαπίνης
2910 3044 3072 3118 φορᾷ,
3103 3039 3191 3094 καὶ
3241 3037 3427 3111 κλόνῳ
3469 3045 3571 3113 γῆς
3617 3036 3847 3109 ἐξουσίῳ

3730 2233 3837 2299 τὴν

2115 3158 2165 3226 C
2193 3131 2292 3198 τὴν
2347 3129 2439 3202 μὲν
2488 3123 2693 3199 ἔσϐεσε,
2723 3130 2852 3191 τοὺς
2893 3126 2949 3183 δὲ
3007 3126 3250 3206 φυγάδας
3291 3126 3550 3198 ἀπέδειξε,
3582 3128 3671 3182 καὶ
3732 3132 3843 3181 τῶν

2197 3218 2360 3273 ὁσίων
2410 3218 2681 3291 σωμάτων
2730 3216 2925 3291 ἀναμὶξ
2980 3223 3097 3280 τοῖς
3156 3216 3351 3281 ἄλλοις
3424 3218 3687 3290 κειμένων
3755 3217 3845 3271 καὶ

2195 3308 2577 3385 ἀγνοουμένων
2630 3306 2719 3363 διὰ
2792 3309 2855 3363 τὸ
2927 3309 3143 3380 σκότος,
3201 3308 3373 3383 ἀστὴρ
3441 3310 3744 3387 φανότατος
3795 3306 3848 3377 ἐξ

2197 3400 2430 3472 ούρανοῦ
2499 3397 2764 3473 πρόσγεια
2846 3397 3103 3472 λάμπων,
3163 3398 3253 3453 καὶ
3319 3398 3399 3471 ἐφ’
3460 3398 3669 3469 ἑκάστῳ
3744 3402 3851 3451 τῶν

2197 3489 2465 3560 σωμάτων
2573 3488 2880 3560 ἱστάμενος,
2955 3488 3048 3544 τὸν
3127 3488 3435 3564 γνωρισμὸν
3512 3484 3850 3564 διεφώτιζεν,

2196 3576 2393 3632 ἐκεῖνον
2466 3577 2611 3652 τάχα
2682 3576 2774 3631 τὸν
2834 3576 3405 3650 ἀστεραμιμούμενος,
3464 3577 3555 3631 τὸν
3626 3574 3714 3629 ἐπὶ
3778 3578 3853 3647 of;

2196 3666 2330 3720 κατὰ
2378 3667 2547 3741 σάρκα
2589 3669 2690 3720 τοῦ
2750 3666 2985 3739 Χριστοῦ
3033 3666 3278 3741 γεννήσει
3326 3666 3457 3727 τοὺς
3509 3666 3735 3738 Μάγους
3797 3661 3857 3717 ὲκ

2198 3752 2458 3830 Περσίδος
2510 3751 2947 3827 μετακαλέσαντά
2994 3774 3050 3808 τε
3107 3754 3199 3808 καὶ
3250 3752 3622 3828 ὁδηγὴσαντα.
3666 3754 3857 3808 Ταῦτα

2199 3840 2255 3897 δὲ
2310 3842 2536 3917 ἐγίνετο,
2579 3847 2740 3897 τινῶν
2794 3841 2881 3897 ἐπὶ
2949 3848 3045 3897 τοῦ
3104 3838 3263 3917 ὅρους
3313 3847 3518 3897 πιστῶν
3578 3841 3654 3903 εἷς
3713 3839 3849 3914 γόνυ

2197 3931 2490 3988 κλιθέντων
2559 3933 2647 3987 καὶ
2716 3932 3063 3987 ἱκετευόντων
3141 3933 3233 3987 τὸν
3290 3932 3518 4006 Κύριον,
3587 3932 3665 4000 μὴ
3744 3937 3847 3997 τῆς

2198 4020 2403 4096 δωρεᾶς
2443 4028 2551 4076 τῶν
2610 4022 2776 4096 ἁγίων
2833 4022 3134 4093 ἀμοιρῆσαι
3199 4021 3403 4094 μελῶν,
3449 4024 3557 4076 τῶν
3594 4027 3693 4089 τῆς
3754 4019 3852 4073 αῦ-

2195 4114 2291 4165 τοῦ
2345 4108 2504 4181 δόξης
2561 4108 2736 4166 ἕνεκεν
2798 4110 3343 4185 ὑπερηθληκότων,’ά
3381 4112 3468 4165 καὶ
3520 4104 3854 4168 καταϐάντες

2196 4199 2609 4269 ἀνείλοντο,καὶ
2642 4198 2857 4274 σπουδῇ
2884 4198 3071 4275 πολλῇ
3105 4197 3193 4254 διὰ
3220 4201 3311 4255 τὸν
3334 4204 3433 4255 τοῦ
3460 4199 3729 4274 ἡγεμόνος
3759 4198 3855 4276 φό-

2197 4284 2290 4343 ϐον
2322 4287 2408 4343 ἐπὶ
2447 4294 2543 4344 τοῦ
2580 4285 2739 4364 ὅρους
2780 4290 2829 4344 ἐν
2884 4288 3053 4363 πέτρᾳ
3090 4287 3254 4363 κοίλῃ
3282 4290 3641 4364 κατέκρυψαν.
3690 4284 3855 4355 6051'-

2198 4385 2379 4447 ζοντες
2410 4380 2472 4434 τὸ
2506 4378 2796 4453 ὑπεράγιον
2848 4380 3021 4452 ὅνομα
3058 4381 3296 4452 Χριστοῦ
3332 4382 3430 4434 τοῦ
3477 4381 3609 4433 Θεοῦ
3661 4376 3855 4450 ἡμῶν,

2198 4468 2282 4524 ὅτι
2312 4469 2458 4540 αὐτῷ
2490 4468 2681 4542 πρὲπει
2707 4472 2851 4523 πᾶσα
2883 4464 3009 4539 δόξα
3040 4466 3133 4522 σὺν
3164 4472 3244 4541 τῷ
3272 4466 3499 4544 ἀνάρχῳ
3538 4464 3707 4541 Πατρὶ
3761 4467 3859 4521 καὶ

855 4524 890 4538 υ
1433 4524 1487 4541 Γ
1751 4524 1996 4544 τηρ-η,
2033 4524 2077 4529 --

442 4556 646 4610 sancto
669 4554 911 4629 Spiritu,
928 4572 1084 4614 nunc
1105 4565 1157 4614 et
1174 4558 1233 4614 in
1256 4558 1472 4617 saecula
1492 4559 1856 4618 saeculorum.
1872 4563 2077 4621 Amen.

2432 4524 2441 4540 .
2533 4524 2541 4542 .
2952 4524 2973 4539 τ
3217 4524 3228 4541 .
3376 4524 3481 4544 ιη..
3657 4524 3667 4541 .

2192 4565 2273 4631 τῷ
2312 4560 2455 4636 ἁγίῳ
2498 4558 2799 4634 Πνεύματι,
2848 4562 2939 4614 νῦν
3007 4558 3097 4614 καὶ
3151 4556 3225 4621 εἰς
3287 4556 3416 4623 τοὺς
3487 4556 3689 4620 αἰῶνας
3745 4561 3861 4612 τῶν

2192 4648 2428 4705 αἰώνων.
2461 4650 2665 4723 ’Δμήν.
