4042 6222
225 350 379 410 1081

1390 348 1576 409 νιΤΑ
1622 348 1686 407 S.
1735 346 2083 409 ANDRE/E
2128 349 2206 407 IN
2253 347 2480 408 CRISI.

3496 350 3651 410 1082

629 697 889 857 DE
1025 696 1188 858 S.
1325 695 2140 857 ANDBEA
2265 692 3252 860 CRETENSI

1681 955 1890 1011 DICTO
1930 953 2000 1011 IN
2037 954 2213 1009 CRISI

843 1103 1004 1172 (Acta
1033 1102 1130 1156 SS.
1168 1101 1417 1157 Bolland.
1455 1100 1523 1156 ad
1559 1101 1710 1155 diem
1743 1102 1813 1156 20
1840 1100 2124 1168 Octobris,
2154 1105 2296 1157 tom.
2329 1100 2476 1157 VIII.
2511 1101 2820 1170 Bruxellis,
2860 1103 3044 1174 1853.)

349 1494 376 1560 §
408 1492 458 1547 1.
491 1492 681 1548 Sancti
708 1491 974 1548 memoria
1010 1493 1069 1547 in
1102 1491 1286 1564 fastis,
1317 1494 1510 1548 Cultus
1539 1496 1588 1548 et
1617 1494 1777 1548 Acta.

314 1580 368 1636 4.
393 1581 644 1636 Sanctus
665 1582 940 1643 Andreas,
959 1585 1178 1652 martyr
1199 1580 1634 1652 Cpolitanus,in
1658 1580 1892 1636 Oriente

246 1668 566 1740 plurimum
599 1669 944 1735 celebratus,
980 1672 1040 1725 in
1072 1670 1342 1726 omnibus
1373 1687 1532 1740 pane
1563 1669 1779 1725 Gracia
1806 1669 1891 1724 fa-

247 1759 354 1814 stis
386 1775 533 1830 quos
561 1759 837 1829 vidimus,
873 1761 1044 1815 modo
1075 1767 1202 1832 post
1233 1761 1358 1829 ejus
1391 1760 1725 1831 passionem
1755 1775 1891 1814 con-

246 1847 448 1918 scripti
498 1848 734 1915 fuerint,
787 1849 1114 1918 recolitur;
1161 1865 1266 1904 nec
1316 1851 1466 1920 apud
1519 1866 1617 1905 eas
1665 1853 1892 1904 tantum

250 1943 476 2009 gentes,
499 1954 626 2008 qua
650 1938 847 1994 Graca
869 1939 1071 2010 lingua
1102 1939 1239 1994 olim
1275 1957 1395 1995 usa
1425 1946 1565 1995 sunt
1592 1944 1694 1995 aut
1729 1944 1894 1994 utun-

254 2031 370 2093 tur,
403 2030 496 2082 sed
532 2027 704 2083 etiam
729 2028 886 2098 apud
917 2029 1199 2095 Moschos,
1235 2028 1534 2084 Ruthenos
1567 2033 1624 2084 et
1653 2027 1892 2084 Melchi-

257 2119 349 2170 tas
379 2115 792 2183 Antiochenos,
827 2116 1186 2172 Kalendariis
1217 2117 1626 2173 ecclesiasticis
1678 2117 1897 2172 adscri-

260 2207 400 2274 ptus
448 2208 550 2259 est.
598 2206 659 2258 In
705 2206 1134 2275 antiquissimis
1177 2216 1366 2263 autem
1412 2206 1737 2278 Eclogadiis
1794 2221 1896 2261 seu

263 2292 622 2365 Menologiis,
642 2309 762 2362 qua
787 2295 1082 2351 codicibus
1104 2298 1244 2353 Novi
1267 2297 1624 2352 Testamenti
1648 2296 1896 2366 alﬁgun-

259 2385 354 2435 tur
381 2385 439 2436 et
468 2383 627 2436 nuda
658 2383 895 2437 nomina
917 2384 1262 2439 Sanctorum
1285 2385 1560 2440 exhibent
1583 2401 1714 2439 cum
1745 2384 1898 2438 iudi-

259 2471 486 2526 catione
517 2470 830 2527 lectionum
856 2472 913 2527 in
945 2489 1144 2529 eorum
1197 2475 1338 2529 festo
1383 2474 1900 2538 instituendarum,

255 2561 315 2616 S.
347 2562 611 2617 Andreas
642 2562 700 2616 in
723 2563 868 2617 Crisi
900 2579 964 2618 eo
998 2564 1126 2635 ipso
1153 2566 1245 2620 die
1275 2565 1680 2623 annuntiatur.
1708 2580 1817 2634 quo
1840 2564 1901 2618 in

252 2650 414 2706 Actis
445 2650 655 2707 nostris
681 2651 890 2708 obiisse
921 2653 1124 2720 fertur,
1147 2671 1221 2708 xx
1244 2670 1451 2725 nempe
1479 2653 1764 2709 Octobris.
1790 2657 1904 2706 Hu-

244 2738 505 2808 jusmodi
553 2745 694 2796 sunt
740 2740 1066 2812 Menologia
1116 2741 1532 2815 Hierosolymis
1562 2747 1620 2797 et
1659 2740 1902 2812 Calipoli

1917 1494 1975 1558 Α
2000 1491 2084 1545 vis
2120 1494 2534 1562 memorentur,
2567 1491 2761 1548 locum
2793 1495 2988 1549 tamen
3021 1493 3079 1548 in
3114 1494 3286 1549 modo
3315 1493 3506 1549 allatis
3549 1510 3646 1549 co-

2001 1580 2226 1634 dicibus
2256 1581 2405 1651 apud
2434 1582 2880 1652 Metaphrastem
2917 1598 3028 1638 non
3061 1582 3343 1638 obtinent.
3368 1583 3491 1645 Qua
3516 1599 3646 1638 vero

2001 1673 2166 1723 atate
2211 1670 2334 1725 dies
2389 1669 2580 1725 cultus
2625 1671 2706 1726 ita
2750 1676 3003 1727 mutatus
3036 1671 3107 1726 sit
3138 1689 3252 1726 non
3304 1672 3450 1727 bene
3479 1671 3646 1726 nobis

2002 1763 2265 1826 constat;
2300 1759 2665 1815 collectiones
2699 1766 2890 1815 tamen
2937 1760 3399 1832 Metaphrastica
3448 1761 3646 1816 saculi

2000 1865 2102 1903 xui
2134 1856 2187 1904 et
2221 1866 2313 1904 XIX
2347 1849 2497 1905 diem
2528 1866 2621 1904 xu
2655 1851 2964 1916 retinuere,
2991 1855 3046 1905 et
3069 1851 3323 1922 primum
3358 1850 3482 1905 dies
3512 1867 3650 1917 xvu,

2004 1947 2285 2009 quantum
2333 1939 2387 1994 id
2429 1939 2662 2010 assequi
2711 1941 3028 2010 potuimus,
3065 1943 3302 2009 apparet
3346 1939 3403 1993 in
3453 1939 3651 1994 codice

2004 2027 2200 2082 saculi
2233 2044 2322 2093 xv,
2353 2028 2453 2097 qui
2485 2033 2668 2083 exstat
2706 2028 2766 2082 in
2811 2027 3164 2082 Bibliotheca
3199 2027 3462 2082 Parisina
3494 2033 3550 2081 et
3577 2028 3651 2081 si-

2005 2123 2216 2191 gnatur
2250 2128 2308 2172 n°
2339 2117 2496 2172 1558.
2531 2117 2592 2172 In
2639 2117 2957 2188 Menologio
3008 2116 3222 2183 Sirlcti,
3255 2118 3409 2187 quod
3454 2132 3650 2186 perpe-

2006 2224 2128 2263 ram
2180 2205 2388 2261 saculo
2419 2222 2475 2260 x1
2505 2211 2606 2260 aut
2635 2223 2712 2260 xu
2745 2207 3136 2278 conscriptum
3172 2222 3297 2261 esse
3339 2207 3655 2276 Basnagius

2007 2296 2242 2366 conjicit
2273 2297 2367 2364 (5),
2392 2295 2680 2366 siquidem
2718 2312 2874 2351 mera
2907 2295 3242 2366 compilatio
3272 2301 3411 2351 esta
3443 2295 3652 2350 Sirleto

2007 2401 2072 2442 ex
2121 2385 2354 2440 Menaeis
2404 2386 2630 2440 excusis
2680 2389 2779 2439 aut
2838 2386 3255 2455 manuscriptis
3314 2385 3648 2454 desumpta,

2008 2476 2360 2546 quandoque
2390 2490 2566 2544 opera
2597 2475 2738 2528 satis
2771 2474 2878 2528 levi
2910 2477 3010 2545 (6),
3037 2476 3190 2545 quod
3227 2475 3538 2529 Baronium
3578 2471 3656 2525 la-

2009 2566 2194 2620 tuisse
2225 2564 2453 2618 vidctur
2486 2563 2583 2632 (7),
2620 2563 2675 2615 in
2715 2563 2818 2618 hoc
2861 2563 3199 2633 Menologio,
3234 2565 3501 2634 inquam,
3536 2561 3660 2614 dies

2011 2655 2207 2711 itidem
2242 2671 2332 2709 xv:
2382 2656 2438 2708 S.
2473 2643 2712 2707 Andrea
2759 2654 3108 2724 assignatur.
3146 2654 3208 2708 In
3258 2650 3662 2722 Ephemeridi-

2013 2745 2119 2800 bus
2167 2739 2673 2806 Graco-Moschis,
2707 2741 2764 2796 in
2797 2741 3036 2797 Tabulis
3085 2740 3474 2813 Capponianis
3513 2745 3568 2794 et
3598 2739 3658 2794 in

252 2827 466 2884 saculo
499 2829 724 2884 decimo
756 2830 1102 2901 conscripta,
1132 2831 1324 2901 judice
1355 2835 1503 2902 Aug.
1540 2831 1768 2899 Scholz,
1802 2830 1902 2901 qui
1937 2868 1989 2932 Β
2013 2834 2246 2888 Menais
2295 2834 2522 2888 excusis
2573 2836 2902 2888 constanter
2950 2832 3017 2886 ad
3068 2831 3222 2885 diem
3263 2846 3377 2884 xvu
3408 2833 3656 2884 Sanctus

253 2935 321 2974 ea
351 2919 409 2974 in
443 2919 633 2976 lucem
662 2922 755 2977 edi
787 2922 1006 2978 curavit
1034 2923 1135 2994 (1),
1159 2923 1292 2978 dein
1318 2923 1709 2994 Menologium
1743 2922 1902 2977 aliud
1937 2917 1988 2932 "
2015 2927 2214 2978 noster
2271 2925 2539 2994 refertur,
2600 2923 2754 2979 unde
2817 2922 2992 2976 etiam
3054 2920 3124 2974 ad
3184 2917 3655 2990 Martyrologium

254 3010 450 3064 saculi
482 3026 558 3077 xi,
588 3011 741 3081 quod
772 3029 803 3066 a
834 3011 1244 3083 Mingharellio
1292 3011 1597 3084 vulgatum
1626 3017 1712 3068 est
1744 3011 1820 3084 (2)
1852 3015 1907 3066 et

255 3099 530 3154 Sanctum
567 3105 832 3155 nostrum
868 3101 1075 3157 iisdem
1108 3102 1344 3157 omnino
1373 3102 1567 3157 verbis
1599 3103 1908 3157 annuntiat

259 3201 324 3240 ac
369 3188 482 3242 duo
542 3191 972 3258 pracedentia:
1032 3191 1114 3261 Τῇ
1175 3188 1308 3262 αὐτῇ
1369 3189 1550 3264 ἡμέρᾳ
1604 3193 1699 3243 τοῦ
1749 3189 1905 3264 ἁγίου

257 3275 656 3350 ὁσιομάρτυρος
718 3275 974 3351 Ἀνδρὲου
1031 3282 1131 3346 τῆς
1189 3280 1436 3351 Κρίσεως
1484 3299 1496 3349 ;
1555 3282 1756 3336 eadem
1817 3281 1907 3335 die

259 3366 356 3435 (xx
387 3365 678 3437 Octobris)
728 3369 916 3423 sancti
967 3370 1241 3425 monachi
1301 3372 1460 3442 (nam
1511 3368 1657 3431 ὅσιος
1706 3387 1908 3425 mona-

254 3459 429 3512 chum
487 3458 781 3529 designat)
832 3463 889 3514 et
943 3462 1211 3532 martyris
1268 3461 1514 3517 Andrea
1545 3479 1574 3516 a
1607 3461 1772 3516 Crisi.
1822 3461 1906 3515 Ad

261 3546 536 3602 eumdem
571 3546 722 3601 diem
747 3564 818 3602 xx
837 3563 970 3602 eum
995 3547 1268 3604 similiter
1299 3551 1552 3605 referunt
1580 3550 1796 3605 Menaa
1822 3565 1910 3604 ve-

258 3639 437 3700 tusta,
471 3651 598 3706 qua
634 3634 942 3691 Mediolani
992 3636 1050 3692 in
1102 3638 1459 3694 Bibliotheca
1485 3640 1907 3710 QAmbrosiana,

253 3725 313 3780 in
348 3725 697 3782 Taurinensi
729 3727 903 3782 etiam
942 3732 998 3781 et
1029 3727 1292 3783 Parisina
1332 3734 1731 3796 asservantur,
1763 3735 1818 3783 et
1843 3745 1911 3784 ex

263 3815 474 3886 quibus
507 3814 644 3870 olim
678 3815 1066 3888 Hagiographi
1102 3818 1548 3888 Anlverpienses
1578 3819 1766 3873 multa
1795 3819 1900 3890 Sy-

265 3905 528 3971 naxaria,
589 3921 692 3960 seu
752 3904 1018 3961 Vitarum
1079 3907 1426 3978 compendia
1477 3911 1908 3977 excerpserunt.

264 3997 536 4048 Attamen
573 4011 708 4049 cum
741 3996 938 4051 eadem
973 3996 1065 4050 die
1095 4013 1166 4050 xx
1197 3995 1466 4052 Ootobris
1501 3997 1782 4052 memoria
1810 3997 1913 4050 fie-

266 4087 358 4137 ret
388 4081 627 4139 alterius
657 4085 811 4155 apud
845 4085 1071 4140 Gracos
1104 4086 1356 4140 maxime
1397 4085 1664 4142 celebrati
1698 4089 1912 4155 marty-

270 4171 349 4228 ris
398 4186 607 4242 nempe
656 4173 900 4228 Artemii
949 4174 1134 4240 ducis,
1187 4175 1362 4245 capit
1417 4175 1627 4230 festum
1677 4176 1735 4231 S.
1786 4177 1907 4230 An-

2016 3013 2343 3069 Romanum
2401 3031 2466 3069 eo
2526 3013 2618 3068 die
2679 3011 2993 3067 devenerit.
3047 3009 3105 3063 In
3167 3007 3405 3063 Tabulis
3464 3007 3659 3076 itaque

2013 3103 2426 3174 Capponianis,
2462 3104 2559 3158 ubi
2593 3103 2650 3158 S.
2685 3102 2939 3156 Andreas
2992 3098 3177 3154 loculo
3225 3096 3394 3152 tertio
3442 3095 3663 3152 mensis

2016 3192 2281 3248 Octobris
2331 3191 2573 3248 ultimus
2621 3191 2812 3262 prodit
2858 3189 2962 3260 (8),
2993 3187 3102 3242 sub
3143 3186 3345 3242 habitu
3396 3185 3665 3241 monachi

2018 3285 2331 3351 comparet,
2366 3282 2622 3351 itemque
2653 3281 2710 3335 in
2757 3277 3288 3350 Papebrochianis;
3321 3289 3661 3346 quanquam

2017 3370 2169 3425 enim
2203 3369 2364 3424 stola
2405 3369 2660 3439 speciem
2691 3368 2856 3422 habet
2892 3383 2922 3422 e
2953 3366 3099 3421 collo
3142 3366 3508 3436 pendentem,
3541 3380 3656 3418 non

2018 3458 2148 3513 ideo
2171 3473 2304 3512 cum
2337 3460 2658 3512 Assemano
2684 3460 2748 3510 ut
2777 3455 3176 3526 presbyterum
3213 3470 3346 3508 eum
3380 3455 3656 3507 vestitum

2019 3547 2302 3611 dicemus,
2327 3562 2460 3600 cum
2488 3561 2692 3600 omnes
2725 3543 2996 3599 monachi
3020 3547 3076 3598 et
3098 3543 3350 3597 cremita
3375 3542 3454 3596 ita
3486 3541 3660 3612 prod-

2017 3644 2171 3704 eant,
2204 3645 2257 3690 et
2305 3635 2566 3705 quidem,
2610 3637 2674 3688 ut
2719 3633 2779 3691 S.
2821 3633 3104 3698 Andreas,
3151 3633 3382 3686 dextera
3428 3630 3667 3684 benedi-

2019 3742 2147 3780 cere
2176 3725 2504 3780 videantur.
2538 3724 2669 3779 Hac
2701 3723 2978 3778 distincte
3022 3722 3180 3776 cerni
3232 3725 3479 3792 possunt
3512 3719 3664 3788 apud

2020 3815 2480 3886 Papebrochium
2504 3814 2720 3885 (9),qui
2741 3813 3027 3884 imagines
3050 3811 3354 3880 diligenter
3370 3809 3466 3864 ari
3491 3808 3667 3863 incidi

2019 3906 2244 3965 curavit
2265 3910 2322 3961 et
2341 3906 2411 3962 de
2433 3920 2634 3960 eorum
2666 3903 2889 3974 origine
2911 3910 2965 3958 et
2987 3919 3093 3957 usu
3124 3899 3410 3956 nonnulla
3439 3899 3665 3954 curiosa

2020 3997 2295 4070 praefatus
2326 3999 2414 4050 est
2438 4013 2450 4064 ;
2475 4009 2670 4050 verum
2693 3992 3078 4065 Capponiana
3110 3989 3390 4060 imagines
3420 3992 3539 4044 tam
3566 4004 3666 4042 ne-

2022 4088 2302 4159 gligenter
2332 4101 2484 4140 cusa
2514 4089 2656 4140 sunt
2687 4088 2750 4139 ut
2774 4099 2868 4138 Vix
2900 4081 3211 4153 quidquam
3239 4080 3294 4133 in
3321 4079 3390 4134 iis
3410 4075 3664 4133 discerni

2025 4176 2225 4248 possit.
2259 4174 2457 4246 Neque
2506 4177 2701 4229 tamen
2753 4176 3057 4244 propterea
3088 4172 3134 4225 is
3165 4169 3297 4225 illas
3328 4186 3361 4224 a
3392 4167 3560 4222 nobis
3605 4166 3664 4220 in

265 4260 412 4315 drea
461 4260 761 4315 transferri
810 4261 879 4316 ad
914 4279 1030 4327 xxx,
1066 4280 1179 4332 quo
1213 4244 1306 4318 die
1354 4263 1601 4320 occurrit
1630 4263 1688 4318 in
1721 4263 1914 4320 omni-
1943 4244 1994 4312 C
2025 4244 2300 4321 omnibus
2331 4244 2587 4335 praeponi
2620 4262 2913 4334 quispiam
2942 4260 3249 4328 existimet,
3282 4274 3413 4315 cum
3446 4271 3668 4312 errores

267 4347 377 4403 bus
409 4348 661 4419 antiquis
701 4350 1134 4422 exemplaribus
1181 4352 1542 4410 collectionis
1589 4352 1914 4424 Metaphra-

268 4439 449 4495 stica.
485 4439 551 4494 ld
582 4441 956 4496 manifestum
1009 4446 1098 4498 est
1130 4459 1197 4497 ex
1225 4442 1596 4499 Bibliotheca
1639 4443 1915 4500 Parisina

264 4529 566 4584 codicibus
601 4529 743 4586 bene
774 4532 975 4588 multis
1004 4532 1101 4603 (3),
1129 4549 1197 4589 ex
1227 4535 1424 4590 codice
1455 4534 1732 4592 historico
1765 4537 1827 4590 17
1861 4539 1918 4591 et

274 4619 339 4671 18
364 4619 733 4676 Bibliotheca
756 4621 1137 4677 Vindobonen
1151 4623 1231 4678 sis
1255 4625 1334 4695 (4)
1359 4628 1414 4680 et
1436 4625 1742 4696 permultis
1765 4624 1915 4694 aliis,

273 4723 344 4762 ex
374 4709 753 4780 Synaxarista
774 4711 1019 4782 denique
1043 4712 1331 4768 Sirmondi
1363 4714 1564 4783 nostri,
1586 4731 1758 4787 quem
1790 4715 1921 4771 Bol-

272 4797 537 4854 landiani
569 4799 710 4856 socii
743 4815 810 4855 ex
843 4799 1078 4872 collegio
1126 4802 1576 4861 Claromontano
1609 4805 1918 4862 Parisiensi

275 4883 415 4940 olim
449 4887 896 4943 exscribendum
930 4901 1300 4960 acceperunt.

340 4977 396 5028 2.
431 4974 542 5030 Sed
590 4975 712 5032 hac
757 4978 1001 5034 mutatio
1045 4996 1160 5036 non
1210 4981 1491 5051 perstitit,
1522 4986 1580 5038 et
1617 4983 1828 5039 iterum
1862 4984 1920 5039 S.

273 5064 537 5119 Andreas
570 5065 638 5121 ad
666 5082 783 5121 xvu
817 5067 1082 5124 Octobris
1139 5071 1458 5127 translatus
1508 5076 1620 5141 est,
1665 5088 1782 5144 quo
1831 5072 1923 5129 die

272 5151 450 5209 Oseas
484 5153 763 5226 propheta
796 5159 852 5211 et
882 5156 982 5213 SS.
1016 5157 1256 5216 Cosmas
1287 5163 1343 5216 et
1364 5159 1682 5218 Damianus
1714 5178 1925 5234 quam-

272 5345 420 5474 ‘8(213)
457 5345 532 5489 [ge
561 5344 903 5471 adenologiis
924 5346 1175 5403 duorum
1207 5347 1477 5404 codicum
1500 5347 1682 5404 Grac.
1707 5353 1925 5406 Bonna

1107 5507 1164 5562 p.
1199 5492 1318 5562 369.

347 5489 426 5560 (2)
457 5488 694 5560 Codices
727 5488 1072 5558 Naniorum,

344 5560 424 5686 ἓξ
659 5561 862 5687 iggdd.
911 5563 1047 5620 Mss.
1095 5559 1239 5620 Bibl.
1288 5563 1493 5634 Paria,
1535 5568 1577 5620 t.
1625 5566 1694 5635 ll,
1745 5567 1920 5623 Codd.

422 5672 437 5691 .
615 5673 628 5691 .
763 5652 818 5691 ο.
850 5639 962 5691 etc.

275 5633 437 5700 1480,
470 5633 818 5701 1484,1495,
850 5639 962 5692 etc.
1480 5633 1484 5634 '
1681 5633 1686 5635 '

347 5703 424 5779 (4)
452 5704 820 5774 Lambecius,
871 5705 1285 5780 Commentar.,
1337 5711 1472 5780 etc.,
1503 5713 1545 5765 t.
1587 5709 1738 5780 VIII,
1790 5711 1926 5767 Cod.

2023 4356 2170 4411 bene
2212 4353 2429 4410 multos
2457 4354 2518 4408 in
2549 4354 2671 4408 suis
2715 4350 2948 4407 Tabulis
2995 4349 3440 4422 deprehenderit
3490 4348 3670 4417 Pape-

2025 4446 2323 4515 brochius,
2356 4444 2453 4500 ubi
2489 4443 2868 4514 Capponiana
2919 4445 3187 4497 accurate
3227 4457 3331 4496 sua
3371 4439 3674 4510 proferunt

2025 4540 2239 4595 Iterum
2291 4537 2484 4610 prodit
2530 4535 2589 4590 S.
2631 4537 2888 4590 Andreas
2937 4535 2994 4589 in
3045 4532 3320 4603 diptycho
3369 4530 3669 4600 Cpolitano

2028 4629 2181 4700 quod
2215 4625 2648 4699 Papebrochius
2679 4624 3168 4697 Ephemeridibus
3191 4621 3312 4676 suis
3334 4619 3586 4688 subjecit
3615 4623 3671 4672 et

2028 4719 2124 4774 ari
2152 4717 2328 4774 incidi
2362 4717 2501 4771 item
2535 4714 2794 4782 curavit;
2822 4713 2899 4769 ibi
2929 4717 3121 4768 autem
3155 4727 3284 4766 cum
3319 4708 3513 4764 Sancti
3547 4712 3670 4761 tan-

2028 4811 2153 4862 tum
2179 4805 2566 4877 quadraginta
2589 4803 2748 4874 Cpoli
2771 4802 3112 4858 celebriores
3138 4800 3545 4856 recenseantur
3568 4812 3670 4867 pa-

2029 4900 2112 4953 tet
2143 4899 2358 4967 quanto
2409 4895 2629 4950 honore
2677 4895 2991 4964 martyrem
3042 4890 3206 4945 illum
3249 4887 3428 4944 (ἓνωοί
3462 4901 3670 4956 prose-

2031 4987 2305 5056 quantur.
2335 4980 2693 5035 Pratereain
2719 4978 3051 5050 Synaxariis
3087 4979 3221 5032 Mss.
3256 4973 3600 5030 Ruthenicis
3621 4979 3677 5026 et

2032 5071 2288 5129 Moschis
2316 5087 2443 5142 qua
2477 5074 2536 5124 P.
2563 5069 2736 5124 David
2769 5069 2828 5124 S.
2850 5067 2902 5123 J.
2937 5083 3089 5123 anno
3123 5066 3261 5122 1688
3288 5072 3342 5119 et
3369 5064 3571 5119 Comes
3605 5062 3674 5116 de

2031 5159 2432 5234 Sparwenfeld
2463 5176 2615 5216 anno
2649 5159 2786 5214 1712
2815 5157 2888 5214 ad
2919 5155 3351 5229 Hagiographos
3391 5151 3674 5209 transmi-

2031 5349 2138 5404 556
2167 5351 2226 5403 et
2253 5361 2418 5417 seqq.

2105 5420 2182 5490 (5)
2218 5410 2525 5490 Lectiones
2552 5415 2761 5490 antiq.,
2794 5418 2837 5472 ι.
2873 5415 2974 5484 ΙΙΙ,
3004 5421 3147 5486 part.
3183 5431 3225 5482 ι,
3257 5431 3312 5486 p.
3347 5410 3469 5468 480.

2107 5488 2186 5561 (6)
2212 5491 2282 5545 T.
2313 5489 2388 5545 ΙΙΙ
2418 5488 2574 5561 Maii,
2608 5489 2782 5561 p.769.

2109 5558 2187 5632 (7)
2217 5561 2363 5631 Ibid,
2396 5565 2453 5616 et
2483 5568 2520 5616 t.
2554 5560 2603 5632 11
2634 5558 2847 5632 Martii,
2881 5575 2948 5632 p7.
2969 5559 3097 5627 609,
3129 5563 3236 5614 etc.

1955 5620 2012 5687 D
2219 5620 2530 5706 Kale'ndar.
2560 5631 2800 5698 Eccles.,
2831 5620 2971 5699 tiv,
3005 5620 3197 5702 p.216
3226 5634 3282 5688 et
3303 5629 3424 5686 304.

2111 5704 2187 5779 (9)
2220 5707 2285 5763 Τ.
2322 5707 2365 5777 l,
2396 5704 2556 5772 Maii,
2589 5720 2645 5776 p.
2679 5719 2827 5771 xavr,
2861 5719 2929 5758 Lx
2959 5709 3016 5761 et
3045 5718 3100 5775 p.
3135 5718 3196 5761 ιι.
