4042 6222
493 311 647 372 1083

1823 314 2099 376 MENSIS
2145 314 2532 376 OCTOBER.

3711 321 3830 378 1081

490 486 634 540 sere,
666 474 721 526 S.
773 472 1034 527 Andreas
1085 471 1358 528 similiter
1406 489 1574 528 suam
1621 474 2130 531 annuntiationem
2161 475 2222 541 Α
2244 475 2577 531 Cretensem
2601 476 2871 528 nostrum
2896 472 3197 529 ostendere
3223 474 3473 530 conabor
3507 473 3725 530 inferius
3747 483 3830 549 ξιι.

492 558 737 627 obtinet,
772 560 860 616 die
892 560 1092 616 itidem
1125 578 1242 616 xvn
1265 561 1549 618 Octobris.

557 651 606 703 3.
645 649 747 705 Hic
795 651 1155 722 praetermitti
1190 669 1303 708 non
1335 652 1504 709 debet
1534 653 1909 724 Papebrochii
1946 655 2136 710 Tabu-

485 740 573 796 las
619 757 939 812 earumque
979 741 1417 813 explicationes,
1454 744 1510 796 in
1543 744 1950 815 Supplemento
1981 745 2132 800 The-

483 831 637 885 sauri
687 831 917 887 Goriani
970 831 1386 903 Diptychorum
1439 838 1738 890 mutuatas
1778 851 1905 892 esse
1938 837 2130 903 modo,

483 919 863 976 utlenissime
888 920 1094 987 dicam,
1118 923 1282 977 valde
1305 921 1611 994 singulari.
1631 926 1929 980 Passerius
1951 925 2130 995 enim,

485 1009 580 1080 qui
633 1009 908 1079 praeclaro
943 1010 1076 1064 huic
1110 1011 1266 1082 operi
1323 1018 1542 1084 partem
1587 1022 1851 1084 quartam
1885 1030 1945 1070 se
1976 1016 2132 1086 adje-

483 1097 633 1153 cisse
684 1101 950 1165 testatur,
986 1099 1064 1153 ait
1107 1117 1167 1155 se
1211 1100 1477 1172 Diptychi
1527 1102 1811 1172 Cpolitani
1861 1106 2129 1175 ectypum

482 1192 856 1242 consecutum
876 1188 1008 1258 (10),
1026 1192 1082 1243 at
1101 1205 1233 1244 cum
1251 1206 1317 1245 ex
1335 1190 1714 1248 Bollandiano
1741 1208 1911 1264 opere
1932 1192 2128 1247 lumen

481 1282 788 1345 quaereret,
826 1279 1060 1333 nomina
1093 1278 1275 1334 multa
1304 1280 1652 1335 Sanctorum
1685 1281 1902 1336 omissa
1933 1298 1995 1336 se
2027 1283 2132 1337 ad-

475 1365 719 1420 vertisse
765 1372 1072 1431 asseverat,
1110 1368 1219 1422 alia
1255 1387 1286 1438 p
1311 1370 1631 1436 erturbala,
1667 1371 2128 1426 Commentarios

481 1456 622 1510 item
659 1456 820 1512 nullo
852 1458 1053 1513 ordine
1077 1460 1462 1531 conscriptos,
1491 1461 1572 1515 ita
1596 1465 1660 1515 ut
1683 1478 1798 1517 non
1827 1461 1884 1518 in
1908 1461 2129 1529 lumen,

481 1546 579 1600 sed
613 1545 671 1601 in
705 1546 1014 1618 caliginem
1050 1549 1298 1618 irruens,
1346 1549 1470 1619 ipse
1508 1566 1610 1620 per
1639 1567 1697 1606 se
1728 1552 1927 1606 omnia
1959 1552 2130 1606 extri-

487 1649 612 1689 care
645 1634 927 1691 debuerit.
960 1635 1132 1707 Atqui
1164 1655 1229 1692 ex
1279 1637 1367 1692 his
1419 1639 1714 1706 omnibus,
1750 1655 1820 1694 ne
1853 1657 1970 1695 una
1999 1641 2131 1711 qui-

484 1724 616 1779 dem
675 1726 916 1781 assertio
975 1743 1106 1783 vero
1168 1729 1429 1797 proxima
1485 1734 1588 1797 est,
1642 1747 1746 1786 nec
1805 1734 2127 1804 quidquam

2243 569 2430 637 Atque
2463 563 2556 619 hic
2588 566 2813 618 tantum
2856 563 3068 618 notabo
3103 563 3220 618 haec
3253 579 3453 634 pauca.
3489 565 3690 619 Passus
3731 567 3834 635 qui-

2243 657 2375 711 dem
2426 658 2516 711 est
2561 655 2619 711 S.
2651 653 2980 725 Stephanus
3019 670 3194 708 xxvm
3226 654 3582 722 Novembris,
3617 656 3705 710 sed
3734 673 3830 709 cum

2243 745 2317 800 sit
2357 743 2688 817 praecipuus
2739 743 3162 814 persecutionis
3208 744 3669 815 Copronymianae
3712 761 3834 798 mar-

2242 841 2354 908 tyr,
2389 836 2459 890 iis
2492 835 2700 890 diebus
2749 834 2959 905 quibus
3012 834 3104 889 abi
3154 834 3416 903 ejusdem
3470 834 3833 902 persecutionis

2245 930 2531 996 martyres
2563 923 3004 992 annuntiantur,
3027 939 3177 993 saepe
3199 924 3322 994 ipse
3355 923 3533 979 simul
3565 929 3832 994 comparet.

2242 1015 2691 1085 Conjunguntur
2760 1012 2958 1083 itaque
3035 1013 3367 1082 frequenter
3421 1016 3480 1067 S.
3537 1012 3833 1081 Stephanus,

2242 1103 2299 1158 S.
2337 1103 2609 1172 Andreas,
2638 1106 2694 1156 S.
2728 1102 2928 1157 Petrus
2959 1107 3012 1157 et
3038 1106 3094 1155 8.
3130 1100 3341 1156 Paulus
3381 1101 3493 1156 sub
3526 1100 3834 1172 Copronymo

2244 1193 2415 1264 passi,
2441 1208 2764 1261 quanquam
2795 1190 2968 1246 simul
3002 1192 3070 1246 ad
3108 1191 3472 1261 martyrium,
3499 1196 3562 1244 ut
3590 1207 3653 1243 ex
3680 1192 3834 1260 singu-

2240 1280 2428 1337 lorum
2476 1281 2628 1335 Actis
2683 1284 2852 1349 patet,
2901 1296 3015 1334 non
3067 1284 3494 1350 processerunt.
3536 1283 3596 1333 1n
3649 1279 3836 1333 Menaeis

2243 1373 2378 1426 Mss.
2410 1369 2811 1424 Ambrosianis
2843 1384 2940 1423 seu
2974 1367 3511 1423 Mediolanensibus
3545 1367 3600 1422 hi
3634 1373 3835 1438 quatuor

2238 1460 2337 1515 SS.
2375 1464 2654 1530 martyres
2702 1458 2870 1514 simul
2921 1456 3145 1513 colendi
3197 1457 3574 1528 assignantur
3607 1474 3672 1512 xx
3699 1458 3834 1512 Octo-

2240 1551 2402 1617 bris;
2435 1552 2563 1605 dein
2595 1550 2655 1606 S.
2689 1550 2933 1606 Δηὼ-βω
2978 1549 3037 1603 in
3083 1548 3228 1604 Crisi
3275 1549 3676 1620 Synaxarium,
3705 1549 3751 1602 id
3779 1558 3836 1602 est

2241 1639 2430 1695 brevis
2459 1640 2586 1694 vitae
2612 1643 2668 1694 et
2701 1638 2990 1708 passionis
3022 1638 3266 1693 historia
3297 1639 3686 1707 subjungitur.
3716 1639 3832 1693 Idem

2240 1729 2299 1785 in
2330 1728 2461 1785 aliis
2490 1729 2719 1784 Menaeis
2749 1730 2880 1783 Mss.
2916 1731 2980 1783 ut
3009 1727 3069 1781 in
3101 1727 3297 1782 codice
3346 1728 3598 1798 quodam
3642 1729 3837 1782 Mazari-

481 1814 812 1870 emendavit
843 1815 938 1870 ille
970 1816 1216 1887 scriptor
1242 1825 1337 1873 aut
1371 1822 1616 1891 ectypon
1637 1827 1986 1878 consecutus
2016 1826 2126 1891 est,
2160 1849 2214 1916 B
2242 1834 2365 1874 meo
2415 1834 2530 1890 quo
2580 1833 2731 1888 saepe
2779 1817 3123 1916 decessores.
3162 1814 3349 1916 nostri
3380 1817 3473 1871 usi
3511 1820 3662 1915 sunt,
3688 1817 3837 1871 videre

480 1903 580 1958 sed
630 1903 852 1975 efﬁgies
899 1905 1399 1976 Papebrochianas
1432 1918 1669 1965 conatus
1702 1911 1933 1978 referre,
1967 1928 2126 1969 erro-

478 2008 571 2047 res
596 2009 711 2047 non
735 1991 889 2049 leves
911 1995 1172 2050 admisit.
1193 1996 1464 2053 Testatur
1494 2000 1648 2054 enim
1675 1999 2124 2071 Papebrochius,

473 2097 611 2136 cum
647 2086 828 2137 totum
863 2083 1186 2155 Diptychon
1220 2086 1432 2157 pagina
1463 2104 1663 2158 capere
1689 2105 1801 2144 non
1826 2098 2040 2160 posset,
2066 2107 2125 2147 se

476 2170 755 2225 artiﬁcem
789 2187 1024 2242 rogasse
1059 2178 1118 2227 ut
1148 2175 1341 2230 icones
1373 2176 1469 2230 ωτι
1501 2177 1896 2234 inciderentur
1925 2181 2124 2236 ordine

477 2257 680 2313 leviter
726 2259 1032 2315 immutate
1061 2279 1073 2329 ;
1107 2265 1206 2317 sed
1257 2279 1411 2331 eum,
1447 2265 1835 2336 postulatione
1869 2284 1982 2324 non
2016 2269 2124 2326 rite

477 2346 791 2416 intellecta,
827 2348 1160 2420 plusculum
1194 2369 1226 2406 a
1259 2369 1387 2409 vera
1430 2354 1693 2427 Diptychi
1742 2357 2123 2427 dispositione

475 2435 816 2507 aberrasse;
853 2454 1027 2510 quam
1075 2444 1270 2497 tamen
1315 2443 1767 2514 Papebrochius,
1800 2447 1940 2501 dum
1973 2447 2120 2504 San-

475 2534 699 2583 ctorum
735 2530 972 2586 nomina
1002 2531 1270 2600 (nitidius
1296 2534 1478 2590 multo
1500 2537 1558 2591 in
1583 2541 1781 2610 ectypo
1805 2556 1911 2594 suo
1943 2557 2119 2611 quam

467 2616 528 2670 in
581 2617 831 2675 Goriano
883 2622 1293 2693 supplemento
1354 2625 1625 2698 prolata),
1677 2628 2119 2686 Commentariis

469 2703 796 2777 illustravit,
829 2710 898 2764 ad
949 2712 1198 2782 rigorem
1249 2718 1487 2770 secutus
1534 2720 1624 2771 est
1670 2717 1804 2786 (11).
1839 2719 1894 2772 Si
1945 2719 2121 2791 igitur

470 2799 718 2868 ectypon
750 2797 1048 2855 habuisset
1081 2802 1331 2869 scriptor
1362 2804 1478 2873 ille,
1505 2805 1818 2876 sculptoris
1851 2807 2120 2879 sphalma

475 2899 590 2940 non
624 2893 822 2943 exacte
855 2889 1163 2958 retulisset,
1191 2909 1377 2963 neque
1409 2894 1504 2949 ubi
1524 2896 1957 2964 Papebrochius
1989 2897 2120 2952 Tri-

470 2973 665 3044 ptychi
688 2976 907 3031 Moschi
931 2995 1169 3048 capsam
1194 2982 1449 3048 rescidit,
1475 2983 1614 3053 quia
1631 3000 1758 3039 eam
1783 2989 1992 3042 iterum
2016 3005 2116 3059 pa-

468 3062 607 3132 gina
665 3081 778 3119 non
840 3067 1125 3135 capiebat,
1160 3068 1257 3124 ille
1297 3070 1567 3126 similiter
1623 3074 1979 3143 rescidisset,
2013 3095 2117 3133 nec

468 3150 720 3221 denique
770 3157 889 3209 tam
937 3160 1208 3212 accurate
1257 3158 1687 3216 Bollandianam
1729 3163 1980 3235 efﬁgiem
2017 3168 2110 3222 de-

464 3240 810 3310 scripsisset,
827 3251 887 3296 ut
909 3261 981 3299 ne
997 3244 1083 3299 vel
1108 3243 1403 3304 levissima
1425 3249 1732 3307 diversitas
1757 3253 2109 3326 deprehendi

467 3329 671 3399 possit.
702 3333 812 3387 Sed
863 3334 1292 3404 Papebrochius
1343 3342 1636 3396 mutatum
1682 3358 1811 3398 esse
1841 3345 2107 3403 ordinem

468 3417 768 3485 indicavit,
801 3437 865 3475 ac
909 3422 965 3476 in
1016 3423 1247 3480 iconum
1294 3429 1629 3484 recensione
1679 3430 1865 3501 ipsius
1916 3439 2106 3503 proto-

464 3507 588 3579 typi
619 3515 880 3568 servatus
911 3517 999 3570 est
1028 3516 1170 3571 ordo
1199 3534 1212 3584 ;
1247 3517 1347 3573 ille
1395 3535 1524 3576 vero
1576 3522 1782 3580 horum
1833 3530 2105 3582 neutrum

463 3597 615 3666 fecit,
647 3603 704 3654 et
737 3601 877 3670 quia
908 3604 1156 3674 singulis
1186 3609 1521 3666 nominibus
1558 3616 2106 3673 commentariolum

466 3691 775 3745 annectere
804 3690 1006 3759 voluit,
1034 3695 1130 3749 ubi
1156 3695 1673 3770 Hagiographicum
1707 3708 1972 3760 nostrum
2006 3707 2108 3761 du-

465 3787 588 3826 cem
623 3790 736 3830 non
769 3774 997 3844 habuit,
1041 3795 1264 3838 errores
1312 3786 1686 3854 gravissimos
1732 3789 1986 3845 admisit.
2021 3794 2107 3848 Ita

459 3861 513 3916 S.
535 3862 888 3934 Stephanum
910 3866 1207 3925 Juniorem
1227 3872 1362 3944 (12),
1381 3879 1692 3947 martyrem
1713 3879 2101 3950 notissimum,

461 3967 577 4006 non
609 3953 720 4008 sub
750 3954 1112 4028 Copronymo
1145 3962 1244 4014 sed
1269 3961 1379 4016 sub
1412 3963 1597 4019 Leone
1628 3964 1833 4022 Isauro
1868 3985 2100 4039 passum

460 4042 734 4111 afﬁrmat,
794 4046 952 4117 quod
1002 4048 1429 4118 Papebrochius
1489 4055 1739 4123 profecto
1797 4073 2100 4129 nunquam

460 4132 813 4200 scripsisset.
862 4135 1073 4193 Eodem
1126 4141 1295 4196 modo
1343 4145 1647 4213 procedere
1696 4147 1914 4204 videtur
1965 4151 2099 4207 dum

461 4220 775 4293 Triptycha
807 4224 1044 4282 Moscha
1072 4229 1362 4300 explanat,
1386 4234 1486 4289 sed
1521 4253 1634 4291 non
1666 4243 1833 4294 vacat
1864 4255 1980 4296 rem
2012 4241 2103 4296 di-

455 4308 734 4398 ligentius
785 4312 1048 4386 indigare
1096 4319 1231 4390 (l3).
1266 4319 1346 4376 Ne
1396 4323 1708 4396 quisquam
1743 4326 1837 4383 hic
1868 4328 2100 4398 objiciet

453 4397 515 4452 in
548 4400 862 4458 editionem
892 4405 1158 4462 Venetam
1193 4408 1554 4467 Bollandiani
1587 4414 1784 4485 Operis
1826 4397 2100 4489 praedicta

453 4490 792 4557 gravamina
828 4494 1053 4564 prolata
1086 4497 1283 4553 fuisse.
1321 4500 1464 4557 Nam
1498 4503 1681 4573 primo
1712 4507 2094 4579 Antverpien-

2238 1913 2341 1962 est.
2358 1907 2740 1977 Synaxarium
2765 1910 2957 1962 autem
2980 1904 3432 1972 Mediolanense,
3450 1905 3714 1976 quoniam
3735 1921 3838 1958 non-

2236 1997 2379 2052 nihil
2426 1997 2616 2053 differt
2666 1997 2739 2052 ab
2786 1995 2886 2051 illo
2936 1996 3089 2065 quod
3132 1996 3203 2051 ad
3236 2011 3350 2050 xvu
3381 1993 3645 2051 Octobris
3672 1994 3724 2050 in
3751 1996 3834 2049 Me-

2234 2086 2376 2142 naeis
2426 2085 2769 2157 vulgaribus
2816 2101 3098 2141 excusum
3130 2090 3233 2147 est,
3266 2089 3323 2140 et
3354 2083 3697 2140 mirabiliter
3738 2101 3834 2138 cum

2233 2174 2390 2232 Actis
2437 2175 2651 2232 nostris
2700 2175 2995 2246 prioribus
3027 2176 3324 2241 consonat,
3359 2172 3440 2229 ita
3474 2177 3535 2228 ut
3566 2189 3633 2228 ex
3659 2173 3739 2228 his
3765 2173 3837 2228 de-

2233 2269 2538 2336 sumptum
2586 2265 2730 2320 illud
2782 2263 2988 2321 merito
3037 2263 3340 2334 conjicias,
3373 2262 3473 2319 hic
3501 2263 3763 2334 integrum
3786 2278 3833 2316 ex

2232 2354 2429 2409 codice
2456 2357 2558 2409 Ms.
2587 2352 2952 2425 proferimus.
2979 2352 3160 2408 Datur
3181 2367 3312 2408 vero
3343 2351 3520 2408 sicuti
3551 2355 3655 2419 est,
3678 2349 3836 2423 sphal-

2232 2443 2401 2498 matis
2423 2448 2479 2499 et
2508 2443 2909 2500 locationibus
2936 2443 3265 2498 Graecorum
3297 2441 3521 2498 inﬁmae
3551 2442 3719 2497 aetatis
3744 2440 3836 2494 ubi-

2229 2549 2340 2603 que
2362 2534 2616 2602 retentis,
2639 2534 2706 2588 de
2721 2533 2957 2603 quibus,
2975 2531 3024 2586 si
3043 2531 3220 2599 lubet,
3236 2531 3421 2602 aliqui
3439 2531 3618 2586 videri
3637 2538 3834 2602 possunt

2229 2623 2383 2692 apud
2415 2623 2497 2680 Cl.
2530 2624 2675 2678 Hase
2707 2624 2765 2678 in
2797 2622 3051 2677 editione
3085 2620 3294 2676 Leonis
3326 2620 3571 2678 Diaconi
3603 2620 3721 2691 (lli).

2294 2713 2349 2768 5.
2392 2711 2536 2783 Μηνὶ
2596 2707 2882 2786 ὀκτωϐρίῳ
2945 2711 2991 2765 κ’
3038 2715 3145 2766 τῶν
3192 2709 3360 2784 ἁγίων
3421 2714 3685 2787 νεοφανῶν
3724 2728 3829 2781 μαρ-

2224 2800 2397 2876 τύρων
2483 2802 2782 2870 Στεφάνου,
2851 2799 3091 2855 Παύλου.
3145 2797 3348 2873 Πέτρου
3438 2799 3531 2853 καὶ
3596 2795 3829 2871 Ἀνδρέου,

2223 2897 2332 2947 τῶν
2365 2890 2451 2946 ἐπὶ
2485 2888 2864 2965 Κοπρωδύμου
2916 2888 3398 2965 μαρτυρησάντων.
3451 2890 3620 2950 Οὗτος
3677 2888 3733 2955 ἦν
3766 2883 3830 2940 ἐπὶ

2225 2981 2628 3038 Κωνσταντίνου
2693 2983 2790 3034 τοῦ
2843 2974 3180 3034 καὸαλλίνου
3257 2976 3308 3032 ἐν
3379 2978 3605 3050 ἀσκήσει
3645 2975 3829 3049 διάγων,

2224 3069 2274 3126 ἐν
2315 3074 2384 3144 τῇ
2423 3072 2573 3142 νήσῳ
2617 3070 2827 3144 Κρήτῃ.
2873 3067 3112 3124 Ἄπιούων
3157 3065 3214 3123 δὲ
3257 3067 3347 3121 τὸν
3389 3067 3644 3142 τύραννον
3687 3085 3829 3137 τιμω-

2226 3163 2462 3234 ρήσαντα
2526 3158 2651 3221 τοὺς
2719 3155 3060 3234 ὀρθοδόξους,
3128 3155 3428 3212 ἀνέπλευσε
3500 3158 3633 3231 πρὸς
3714 3159 3831 3207 Κων-

2222 3247 2664 3304 σταντινούπολιν
2743 3246 2971 3322 ἐλέγξων
3050 3245 3234 3314 αὐτὸν,
3294 3246 3384 3300 καὶ
3465 3245 3632 3320 εὑρὼν
3702 3241 3823 3296 αὐτὸν

2214 3341 2378 3417 πέραν
2420 3342 2470 3396 ἐν
2495 3345 2591 3396 τοῦ
2632 3341 2784 3415 ἁγίου
2826 3340 3127 3413 Μάμαντος
3167 3335 3461 3399 παλατίοις
3522 3339 3828 3410 τιμωροῦνται

2211 3431 2341 3493 τοὺς
2393 3432 2470 3505 μὴ
2521 3427 2883 3504 ἄρνουμένους
2914 3429 3010 3490 τὰς
3059 3429 3208 3492 θείας
3255 3428 3493 3496 εἰκόνας,
3524 3424 3621 3503 ἔφη
3656 3445 3667 3457 ο
3717 3427 3823 3495 ’Δρα

2213 3523 2524 3597 χριστιανὸς
2571 3520 2636 3590 εἶ,
2691 3516 2952 3595 βασιλεῦς
3005 3519 3066 3575 Ὁ
3107 3515 3164 3572 δὲ
3202 3517 3341 3588 πρὸς
3385 3515 3550 3572 αὐτὸν
3609 3515 3712 3588 μετ’
3751 3511 3820 3614 6,3:

2210 3613 2312 3688 γῆς
2355 3610 2603 3689 στραφεὶς
2655 3607 2900 3664 ἐκέλευσε
2955 3609 3093 3679 πρὸς
3149 3604 3309 3661 αὐτόν
3366 3604 3590 3682 ἄγεσθαι
3635 3623 3648 3638 ·
3691 3602 3735 3656 οἱ
3779 3597 3820 3651 δὲ

2207 3705 2314 3755 τῶν
2345 3703 2551 3775 τριχῶν
2599 3698 2866 3774 σύροντες.
2910 3695 3073 3752 ἄλλοι
3114 3697 3205 3752 τὸν
3255 3700 3503 3770 χοιτῶνα
3554 3691 3818 3768 ῥηγνύντες.

2207 3790 2295 3845 καὶ
2348 3788 2408 3844 ἐκ
2470 3794 2578 3843 τῶν
2637 3785 2852 3850 ὄπισθεν
2915 3785 3233 3855 τύπτοντες,
3284 3780 3474 3858 ἔσυρον
3529 3785 3618 3838 τὸν
3673 3779 3819 3854 ἅγιον,

2206 3880 2296 3934 καί
2336 3900 2466 3955 φησι
2505 3877 2640 3951 πρὸς
2699 3877 2860 3932 αὐτόν
2896 3895 2909 3909 ·
2954 3876 3143 3935 Οὕτως
3209 3871 3512 3947 ἐδιδάχθης
3579 3872 3816 3942 ἀτιμάζειν

2210 3968 2470 4044 βασιλέα;
2503 3968 2562 4024 Ὁ
2595 3964 2652 4021 δέ
2686 3985 2698 3998 ·
2743 3963 2938 4027 Οὐδεὶς
2970 3963 3261 4040 ἁμαρτᾶνει
3315 3962 3550 4037 βασιλέα
3614 3957 3812 4032 ἐλέγχων

2204 4062 2622 4133 παρανομοῦντα
2667 4075 2679 4089 °
2715 4057 2742 4110 ὁ
2792 4053 2847 4110 δὲ
2879 4073 2894 4088 ’
2954 4053 3097 4114 Τοὺς
3145 4057 3600 4127 παρανομοῦντας
3643 4045 3815 4148 μᾶλλ.ον

2206 4152 2359 4224 ὑμεῖς
2389 4149 2726 4223 κολάζομεν,
2758 4149 2886 4209 τοὺς
2919 4149 2992 4208 ὡς
3037 4146 3190 4210 θεοὺς
3239 4143 3817 4237 προσερχομένουςςκιῐ

2203 4239 2559 4315 λατρεύοντας
2584 4243 2701 4300 ταῖς
2763 4236 2962 4292 εῗκόσιν
3001 4237 3027 4290 ὁ
3079 4233 3137 4290 δὲ
3163 4255 3174 4266 ·
3214 4237 3478 4310 Ἀγνοεῖς,
3521 4235 3567 4288 ὦ
3610 4227 3814 4305 βασιλεῦ,

2198 4331 2250 4384 τί
2297 4330 2390 4403 μὶν
2425 4331 2486 4384 τὸ
2519 4332 2787 4406 σχετικῶς
2827 4329 3170 4400 προσκυνεῖν,
3193 4323 3241 4377 τί
3277 4321 3332 4377 δὲ
3364 4324 3424 4377 τὸ
3460 4320 3813 4395 λατρευτικῶς,

2788 4419 2815 4430 ..
3419 4410 3433 4427 .
3488 4411 3498 4428 .
3551 4409 3570 4430 _..

2199 4419 2257 4475 Ὁ
2317 4415 2374 4472 δὲ
2411 4417 2673 4472 τείνεσθαι
2723 4436 2911 4470 τουτον
2973 4415 3024 4469 ἐν
3085 4413 3350 4488 μαστίγας
3415 4410 3681 4478 εκελευσε,
3719 4406 3817 4480 βον-

2201 4508 2413 4583 νεύροις
2466 4507 2601 4561 κατὰ
2655 4510 2752 4561 τοῦ
2790 4506 2951 4560 νότου
2984 4503 3075 4558 καὶ
3106 4506 3198 4557 τνῦ
3229 4504 3462 4573 στήθους
3495 4497 3816 4583 φραγελλῶξῖ

453 4593 576 4634 sem
602 4580 755 4650 citat,
781 4582 913 4639 dein
933 4586 990 4640 in
1017 4591 1264 4658 utraque
1286 4590 1538 4648 editione
1559 4593 1732 4650 iidem
1759 4602 1898 4653 sunt
1927 4560 2090 4656 Com-

2239 4560 2250 4562 '
2307 4560 2412 4571 ""
2509 4560 2557 4561 "
2673 4560 2678 4561 ⁷
3316 4560 3325 4573 ¹
3448 4560 3458 4564 ⁷
3508 4560 3547 4579 ⁶¹
3616 4560 3625 4575 ¹
3778 4577 3807 4594 at

2224 4560 2321 4653 ,ἶτόι
2389 4595 2544 4651 λίθου
2601 4596 2660 4650 τὸ
2716 4593 2892 4669 στόμα
2937 4592 3231 4668 προσέταξε
3286 4591 3604 4655 τύπτεσθαι.
3655 4587 3728 4658 Τῇ
3776 4595 3816 4633 οε

455 4670 746 4740 mentarii,
780 4688 926 4743 quos
958 4674 1006 4730 si
1055 4675 1347 4735 immerito
1401 4697 1640 4752 arguere
1680 4689 1736 4739 et
1783 4685 2094 4745 immutare

455 4775 634 4815 ausus
664 4767 772 4830 est,
797 4763 854 4818 in
879 4780 944 4821 eo
967 4765 1205 4838 dignam
1239 4771 1580 4842 arrogantiae
1613 4791 1842 4844 pcnnam
1875 4777 2009 4834 tulit
2031 4783 2095 4835 ut

450 4848 556 4904 tibi
616 4851 995 4922 gravissimos
1056 4872 1280 4915 errores
1329 4876 1396 4916 ex
1441 4859 1664 4919 calamo
1710 4866 1970 4924 excidere
2019 4868 2096 4924 sit

447 4952 681 5007 passus.

518 5030 571 5083 4.
607 5030 821 5087 Colitur
852 5034 909 5089 S.
944 5037 1199 5093 Andreas
1233 5055 1346 5095 non
1379 5045 1612 5098 tantum
1653 5046 1943 5115 pradictis
1971 5047 2092 5104 die-

449 5117 581 5188 bus,
614 5137 814 5178 verum
864 5124 1039 5181 etiam
1089 5145 1263 5184 xxvm
1314 5130 1655 5189 Novembris
1704 5152 1836 5191 cum
1875 5141 1933 5190 S.
1970 5139 2091 5194 Ste-

448 5207 642 5277 phano
671 5209 930 5268 Juniore.
963 5214 1252 5273 Andream
1285 5221 1464 5288 enim,
1491 5222 1590 5292 qui
1622 5222 1680 5277 in
1712 5223 1878 5280 fastis
1910 5227 2092 5283 sacris

2199 4685 2451 4759 ἐπαύριον
2511 4680 2779 4752 ἐκϐαλὼν,
2815 4683 2889 4744 ὡς
2948 4683 3049 4738 οὐκ
3101 4680 3310 4736 ἔπεισεν
3370 4680 3698 4754 ἀρνήσασθαι
3744 4690 3812 4771 τοξ

2198 4777 2437 4852 Χριστὸν
2485 4774 2576 4830 καὶ
2625 4775 2718 4837 τὰς
2771 4772 2922 4847 ἁγίας
2966 4771 3196 4841 εἰκόνας,
3255 4769 3428 4844 τύψας
3482 4768 3664 4834 πάλιν,
3711 4768 3815 4816 καίτά

2199 4851 2442 4945 κεφαλῆς
2499 4865 2748 4938 σύρεσθαι
2807 4866 2998 4918 τοῦτον
3044 4865 3150 4917 τῶν
3211 4857 3398 4915 ποδῶν
3439 4859 3569 4918 τοὺς
3600 4851 3815 4945 σχοίνους

2199 4939 2509 5029 ἐξάψάντες,
2561 4953 2612 5008 ἐν
2684 4957 2751 5027 τῇ
2819 4948 3394 5010 Κωνσταντινουπόλει
3481 4939 3806 5042 θεατρίςεσθαι

2198 5045 2544 5119 προστάσσει.
2588 5044 2653 5100 Οἱ
2713 5039 2769 5097 δὲ
2824 5040 3060 5119 τάχιστα
3113 5040 3556 5114 περανιωθὲντες,
3609 5033 3691 5088 καὶ
3739 5033 3808 5134 τῗν

2199 5136 2348 5209 ἅγιον
2408 5131 2655 5207 σύροντες
2716 5127 2946 5186 ἕϐαπτον
2987 5132 3088 5200 τὴν
3143 5131 3244 5205 γὴν
3280 5134 3399 5188 τοῖς
3437 5124 3653 5199 αἷμασιν
3694 5139 3703 5152 ·

2200 5222 2258 5278 δὲ
2301 5223 2378 5285 εἷς
2425 5224 2524 5291 τήν
2565 5226 2662 5278 τοῦ
2712 5221 2849 5282 Βοὸς
2896 5218 3098 5294 ἀγορὰν
3147 5216 3499 5293 πεφθάκασιν,
3543 5211 3694 5269 εἷδὼν

451 5311 568 5352 una
615 5315 747 5355 cum
796 5301 902 5357 hoc
955 5303 1249 5376 Stephano
1293 5310 1504 5380 prodit,
1549 5314 1818 5370 eumdem
1860 5331 1985 5372 esse
2026 5333 2092 5372 ac

2235 5312 2325 5374 ούς
2365 5333 2448 5374 τις
2489 5312 2608 5387 ἄρτι
2666 5311 2791 5373 τοὺς
2846 5307 3040 5389 ἰχθύας
3091 5306 3626 5385 ἄποφορτισάμενος,
3663 5293 3815 5373 ἠρώτα

666 5442 819 5530 (ξερεῄ
849 5446 1184 5530 Thesaurus
1213 5457 1471 5530 veterum
1503 5457 1938 5530 diptychorum.
1965 5463 2095 5519 Flo-

447 5515 649 5600 rentiae
681 5515 1022 5600 t7§9,np‘art.
1057 5525 1276 5600 1_v,__p.__l
1315 5531 1373 5582 et
1402 5543 1566 5600 seqq.

669 5585 962 5670 actas—8.,
995 5596 1035 5647 t.
1070 5596 1103 5670 I_
1119 5585 1280 5664 Maii,
1315 5614 1370 5670 p.
1407 5585 1501 5669 1.x:
1525 5585 1594 5657 ‘n.
1627 5602 1678 5660 4.

549 5657 639 5731 12)
671 5659 800 5718 Loc.
835 5657 959 5735 oit.,
991 5679 1048 5735 p.
1075 5667 1129 5721 8.

2277 5459 2813 5539 (ἒδῖὶέδίάοερέοο
2904 5527 2917 5539 .
3182 5526 3194 5539 .

2281 5513 2921 5612 (ίῖιδέέόυῖἐιριᾳςοοοὶ
2978 5526 3247 5612 Historiis
3311 5540 3342 5612 εξ
3396 5540 3614 5582 recens.
3669 5519 3724 5576 C.
3768 5513 3813 5569 Β.

2206 5602 2385 5674 Ηαω,
2412 5605 2625 5662 Bonna:
2660 5602 2815 5670 1828,
2848 5617 2904 5673 p.
2937 5617 3068 5657 xxiv
3100 5605 3158 5657 et
3188 5602 3428 5672 passim.
