4106 6200
288 335 439 396 1085

1458 332 1639 395 VITA
1688 332 1751 394 S.
1805 328 2143 392 ANDREJE
2188 328 2265 388 IN
2313 325 2541 386 CRISI.

3538 312 3692 373 1086

290 493 387 560 τήν
416 488 588 545 αἰτίαν
620 498 719 560 τῆς
774 491 1007 565 βασάνου
1066 491 1155 545 καὶ
1210 491 1418 563 μαθὼν,
1479 491 1662 562 ἀξίνην
1733 488 1941 563 μακελ-

2055 491 2301 560 quenter
2330 488 2564 541 sanctos
2612 479 2821 545 varios,
2856 476 2954 548 qui
2997 480 3215 531 Sancto
3271 472 3555 544 praecipuo
3589 470 3691 526 tali

286 578 446 646 λικὴν
481 581 508 632 ὁ
542 578 731 638 ἄθλιος
787 578 1050 652 ἁρπάσας,
1100 579 1467 653 χαριζόμενος
1510 585 1626 639 τοῖς
1676 583 1771 633 τοῦ
1822 575 1944 631 δια-

291 664 462 723 ϐόλου
514 669 828 741 ὑπηρέταις,
879 666 1159 741 δρομαίως
1210 666 1430 742 ἔρχεται
1483 670 1572 722 καὶ
1622 672 1713 723 τὸν
1766 665 1940 736 δεξιὸν

294 754 438 811 πόδα
466 761 563 812 τοῦ
594 756 753 832 ἁγίου
802 757 1065 829 ἀπέκοψε,
1118 757 1207 813 καὶ
1248 760 1373 832 παρ’
1424 757 1589 812 αὐτοῦ
1638 758 1736 826 τὴν
1790 756 1939 831 ἁγίαν

288 847 456 902 αξιτοῦ
522 846 613 900 καὶ
675 844 939 921 μακαρίαν
1031 849 1216 921 ψυχήν
1283 845 1548 922 παρέθετο
1594 852 1673 919 τῷ
1732 845 1942 920 Κυρίῳ,

288 938 355 995 Οἱ
406 935 496 991 οὖν
557 936 827 1005 σύροντες,
878 936 1063 1011 νεκρὸν
1113 935 1338 1005 ἰδόντες,
1390 935 1464 999 ὥς
1513 959 1567 992 τι
1615 939 1943 1009 θνησιμαῖον

289 1026 344 1080 ἐν
376 1024 646 1097 κοπρώδει
680 1027 880 1100 χωρίῳ
912 1026 1238 1102 ἀπέρριψαν,
1278 1027 1470 1088 νυκτὸς
1501 1024 1556 1080 δὲ
1598 1020 1945 1081 καταλαϐού-

292 1135 413 1186 σης,
442 1116 585 1177 τινὲς
615 1119 720 1169 τῶν
764 1112 1075 1188 ὀρθοδόξων
1137 1114 1383 1190 ἄραντες,
1431 1110 1631 1189 ἔθαψαν
1688 1114 1743 1169 ἐν
1791 1116 1944 1186 τόπῳ

292 1203 572 1278 λεγομένῳ
635 1210 738 1273 τῆς
803 1203 1062 1277 Κρίσεως.
1112 1208 1233 1263 Haec
1283 1207 1457 1263 latine
1500 1223 1667 1263 versa
1713 1204 1797 1262 sic
1851 1221 1943 1261 so-

289 1305 447 1351 nant.

357 1388 412 1442 6.
448 1386 550 1442 Die
582 1403 654 1442 xx
686 1385 950 1443 Octobris
1002 1387 1284 1444 Memoria
1332 1388 1655 1445 recentium
1700 1390 1941 1444 sancto—

289 1492 421 1531 rum
459 1484 780 1548 martyrum
828 1476 1129 1548 Stephani,
1172 1476 1358 1544 Pauli,
1410 1477 1563 1534 Petri
1596 1480 1653 1533 et
1704 1476 1943 1532 Andreae

288 1564 391 1637 qui
422 1565 532 1621 sub
567 1567 927 1638 Copronymo
961 1566 1118 1638 passi
1141 1571 1298 1623 sunt.
1331 1597 1400 1608 ——
1432 1568 1484 1622 Is
1505 1568 1809 1637 (Andreas)
1830 1566 1940 1621 sub

289 1654 672 1711 Constantino
702 1655 1025 1723 Caballino,
1060 1656 1320 1711 asceticaa
1352 1656 1481 1711 vites
1504 1656 1772 1712 addictus
1794 1655 1942 1710 vive-

291 1744 391 1799 bat
421 1743 478 1798 in
504 1743 699 1799 insula
723 1747 913 1813 Creta,
945 1761 1198 1816 cumque
1226 1744 1489 1801 audisset
1511 1749 1820 1815 tyrannum
1845 1759 1937 1799 or-

293 1832 580 1928 thodoxos
626 1835 932 1928 tormentis
971 1835 1289 1906 exagitare,
1331 1834 1501 1891 illum
1550 1833 1935 1928 redarguendi
1973 1862 2026 1928 B

294 1939 468 1977 causa
497 1922 1062 1994 Constantinopolim
1100 1924 1413 1996 navigavit.
1449 1924 1675 1980 Invenit
1695 1939 1826 1979 eum
1847 1921 1935 1978 ul.

293 2016 383 2066 tra
419 2010 763 2081 (civitatem,
795 2012 835 2066 ἱ.
870 2028 918 2068 e.
955 2012 1027 2066 ad
1060 2020 1282 2083 partem
1313 2011 1756 2070 occidentalem.
1798 2012 1942 2069 Vide

298 2100 453 2155 infra
479 2116 645 2155 num.
671 2100 763 2171 30)
796 2100 852 2155 in
884 2099 1103 2156 Palatio
1134 2102 1206 2157 ad
1241 2103 1298 2157 S.
1333 2102 1667 2173 Mamantis,
1700 2103 1941 2158 saevien-

291 2193 413 2245 tem
447 2189 506 2245 in
538 2206 635 2245 eos
666 2189 760 2259 qui
792 2205 1092 2244 sacrarum
1113 2189 1439 2262 imaginum
1474 2191 1693 2248 nollent
1716 2192 1939 2247 cultum

297 2277 569 2348 abjicere,
628 2294 881 2349 eumque
931 2279 1291 2349 compellans
1341 2295 1354 2334 :
1403 2280 1741 2350 Imperator,
1798 2284 1941 2337 tunc

302 2367 666 2423 Christianus
696 2384 780 2436 es,
812 2367 1046 2438 inquit?
1075 2368 1178 2422 Hic
1222 2385 1358 2424 vero
1409 2385 1541 2424 cum
1574 2369 1660 2424 ira
1691 2371 1758 2424 ad
1808 2385 1941 2425 eum

298 2472 636 2525 conversus,
683 2457 888 2513 adduci
921 2458 1122 2529 jussit.
1155 2459 1302 2513 Tum
1353 2458 1451 2514 alii
1501 2458 1733 2530 capillis
1787 2459 1941 2514 abri-

295 2546 543 2619 pientes,
577 2546 675 2603 alii
704 2546 965 2603 tunicam
997 2547 1318 2603 lacerantes
1348 2552 1405 2602 et
1444 2565 1477 2603 a
1527 2553 1684 2617 tergo
1730 2548 1945 2603 caeden-

297 2641 408 2706 tes,
439 2638 717 2695 Sanctum
752 2638 1079 2710 raptabant.
1113 2637 1214 2694 Cui
1247 2641 1526 2710 tyrannus
1559 2655 1572 2693 ε
1614 2640 1772 2694 Itane
1803 2654 1943 2694 con-

304 2726 564 2784 tumeliis
581 2728 987 2800 imperatorem
1011 2727 1239 2785 afﬁcere
1260 2730 1500 2785 edoctus
1522 2745 1583 2784 es
1604 2729 1633 2782 ?
1655 2728 1754 2783 Ille
1775 2744 1909 2783 vero
1928 2745 1941 2782 :

300 2814 484 2872 Nemo
509 2816 821 2887 delinquit,
853 2817 1266 2889 imperatorem
1298 2832 1569 2889 arguens,
1616 2818 1753 2872 dum
1786 2816 1945 2888 leges

298 2905 635 2961 contemnit.
689 2907 992 2978 Tyrannus
1020 2906 1233 2962 iterum
1270 2924 1284 2963 :
1318 2908 1383 2961 In
1405 2923 1506 2962 vos
1529 2906 1721 2978 potius
1750 2904 1943 2977 legum

295 2998 664 3065 corruptores
677 2996 1220 3061 animadvertimus,
1234 2996 1329 3066 qui
1343 2996 1514 3067 quasi
1536 2994 1647 3051 diis
1666 2994 1943 3059 advoluti,

296 3083 581 3154 imagines
613 3085 954 3141 adoratione
983 3085 1419 3156 proscquimini.
1468 3083 1786 3156 Respondit
1808 3085 1940 3139 ille:

301 3171 524 3239 Nescis,
558 3173 893 3244 imperator,
929 3174 1069 3244 quid
1094 3175 1167 3229 sit
1193 3174 1416 3231 cultum
1451 3174 1755 3229 relativum
1790 3172 1945 3228 exhi-

297 3260 450 3329 bere,
486 3262 623 3329 quid
655 3277 787 3318 vero
840 3262 1237 3320 latreuticum.
1287 3265 1435 3319 Tum
1481 3280 1614 3319 cum
1663 3265 1731 3318 ad
1766 3263 1944 3332 ﬂagra

293 3351 568 3417 extendit,
603 3355 831 3422 tergum
868 3361 922 3407 et
961 3357 1165 3423 pectus
1198 3354 1424 3411 bovinis
1458 3353 1648 3410 nervis
1694 3353 1942 3420 concidi,

297 3439 506 3496 deinde
527 3457 592 3496 os
624 3441 781 3496 saxis
804 3442 1086 3498 contundi
1108 3443 1382 3515 praecepit
1404 3468 1418 3511 ;
1442 3446 1674 3514 postera
1690 3443 1782 3499 die
1805 3442 1944 3498 foris

296 3529 574 3599 ejectum,
608 3534 806 3601 utpote
850 3531 942 3586 cui
975 3530 1269 3587 Christum
1321 3536 1378 3587 et
1424 3548 1623 3589 sacras
1657 3530 1944 3603 imagines

298 3618 587 3688 abnegare
619 3634 732 3674 non
765 3620 1180 3689 persuasisset,
1206 3638 1411 3677 rursus
1444 3620 1824 3690 ﬂagellatam,
1846 3637 1944 3677 ca-

297 3706 416 3777 pite
452 3707 510 3761 in
560 3712 772 3763 terram
822 3709 1100 3777 demisso,
1148 3709 1399 3781 alligatis
1447 3711 1693 3780 pedibus
1726 3710 1941 3781 raptari

285 3794 471 3865 jussit
500 3800 558 3850 et
587 3796 1085 3869 Constantinopoli
1103 3798 1333 3869 publice
1363 3797 1742 3854 deridendum
1768 3815 1941 3870 expo-

298 3882 380 3938 ni.
405 3883 587 3945 Quem
603 3884 880 3942 citissime
902 3887 1321 3958 pertrahentes,
1340 3891 1555 3943 terram
1578 3888 1637 3943 in
1663 3889 1944 3958 raptando

296 3972 587 4043 sanguine
620 3981 1092 4046 consperserunt.
1118 3977 1204 4032 Ita
1235 3977 1425 4033 forum
1449 3978 1618 4033 Bovis
1649 3981 1945 4034 assecutos

292 4062 664 4131 conspiciens
694 4064 911 4136 aliquis
942 4066 1041 4137 qui
1077 4066 1248 4121 modo
1268 4065 1455 4138 pisces
1486 4070 1847 4133 exonerarat,
1872 4068 1943 4123 de

288 4152 567 4207 tormenti
625 4168 799 4209 causa
831 4154 1202 4224 sciscitatur;
1248 4172 1309 4210 re
1358 4158 1673 4225 comperta,
1717 4154 1943 4212 macelli

300 4239 490 4294 cultro
522 4241 696 4297 miser
732 4250 980 4314 arrepto,
1014 4244 1195 4299 servis
1241 4244 1456 4301 diaboli
1510 4244 1735 4317 placere
1765 4261 1945 4317 appe-

296 4335 443 4394 tens,
474 4345 652 4386 cursu
682 4333 1056 4389 oontenditet
1084 4336 1349 4391 dextrum
1373 4337 1577 4407 pedem
1611 4336 1808 4393 Sancti
1840 4337 1943 4393 ab-

297 4418 494 4485 scidit,
526 4420 624 4490 qui
659 4420 878 4477 interea
906 4428 1171 4480 sanctam
1203 4441 1268 4481 ac
1290 4426 1522 4483 beatam
1546 4427 1807 4483 animam
1828 4427 1942 4483 Do-

298 4507 457 4563 mino
508 4508 767 4564 tradidit.
802 4510 911 4574 Qui
958 4528 1092 4567 cum
1152 4514 1484 4585 raptabant,
1519 4519 1584 4571 ut
1642 4520 1939 4573 mortuum

2054 580 2147 634 die
2184 576 2469 634 celebrato
2501 573 2705 628 attines
2752 573 2906 633 sunt,
2935 570 2991 622 et
3022 570 3217 620 tamen
3262 564 3483 633 priores
3516 562 3691 617 etiam

2054 683 2229 723 suum
2289 663 2587 735 proprium
2619 659 2771 716 diem
2823 654 3104 711 obtinere.
3140 653 3202 707 In
3238 652 3470 706 Menaeis
3504 651 3696 719 itaque

2053 755 2308 829 praedicti
2344 760 2594 825 quatuor
2623 746 2822 804 Sancti
2861 746 2928 798 ad
2962 744 3116 798 diem
3148 758 3241 796 χχι
3275 737 3697 829 Οοῐοῦιίε,ιιιιί

2056 826 2168 901 diei
2200 861 2315 915 quo
2347 858 2556 915 passus
2587 846 2671 896 est
2703 838 2761 893 S.
2794 835 3053 890 Andreas
3076 832 3134 886 in
3166 830 3338 897 Crisi,
3372 845 3443 882 xx
3473 826 3699 881 scilicet

2056 937 2349 1008 proximus
2382 936 2490 997 est,
2523 930 2686 985 relati
2721 929 2860 982 sunt
2899 928 2955 980 et
2994 919 3261 993 sequenti
3314 918 3468 974 brevi
3526 931 3699 1008 enco-

2055 1004 2172 1081 mio
2203 1025 2604 1081 celebrantur:
2652 1018 2735 1089 Τῇ
2760 1016 2900 1088 αὐτῇ
2934 1010 3099 1085 ἡμὲρ,
3133 1010 3327 1083 μνήμη
3385 1011 3492 1061 τῶν
3527 1004 3698 1079 ἁγίων

2052 1118 2325 1190 νεοφανῶν
2398 1109 2686 1184 μαρτύρων
2768 1101 3049 1176 Ἀνδρέου,
3111 1098 3403 1175 Στεφάνου,
3472 1090 3697 1151 Ηαύλου

2051 1202 2141 1257 καὶ
2164 1204 2395 1277 Ηέτρου.

2054 1268 2285 1369 Ztith"
2304 1292 2483 1365 Τρεῖς,
2519 1289 2546 1342 ὁ
2588 1284 2882 1361 Στέφανος,
2924 1282 2985 1335 σὺ
3019 1268 3512 1369 πεφανίταςὴἔχεις

2300 1364 2441 1442 Τοὺς
2480 1376 2562 1431 σοὶ
2596 1371 3034 1443 συναθλήσαντας
3068 1369 3118 1441 ἐξ
3159 1367 3275 1428 ἑνὸς
3315 1364 3522 1440 ξίφους.

2121 1473 2183 1528 Id
2216 1476 2306 1527 est
2337 1488 2349 1525 :
2381 1470 2591 1524 Eadem
2619 1466 2712 1522 die
2742 1466 2861 1536 (xxx
2892 1460 3120 1532 Octob.)
3155 1456 3438 1515 memoria
3470 1461 3698 1510 sancto-

2052 1579 2183 1619 rum
2217 1560 2534 1617 recentium
2570 1559 2892 1626 martyrum
2919 1550 3181 1617 Andreae,
3213 1544 3508 1619 Stephani,
3533 1540 3695 1597 Pauli

2049 1655 2313 1794 ῗίθῗὲιξὲιέ
2348 1736 2486 1790 Tres
2516 1736 2933 1788 concoronatos
2954 1725 3156 1793 babes,
3191 1739 3223 1779 o
3255 1719 3565 1791 Stephane,

2354 1827 2569 1880 Tecum
2603 1836 2739 1877 ense
2772 1819 3098 1890 pugnantes
3129 1813 3329 1868 eodem
3363 1816 3617 1864 strenue.

2052 1918 2301 1973 Rursum
2334 1914 2426 1970 die
2448 1928 2622 1968 χχχιιι
2653 1908 2916 1966 Octobris
2937 1906 2994 1960 in
3021 1903 3198 1960 altero
3223 1902 3470 1956 duorum
3496 1897 3694 1951 Meno-

2049 2008 2340 2080 logiorum
2398 2022 2522 2077 quas
2582 2000 2882 2058 Scholzius
2941 1996 3123 2053 edidit
3180 1992 3315 2065 (16),
3358 1988 3699 2080 comparent

2052 2078 2151 2154 SS.
2214 2101 2497 2168 martyres
2548 2090 2903 2161 Stephanus,
2965 2087 3165 2141 Petrus
3222 2086 3279 2138 et
3334 2079 3594 2135 Andreas
3644 2078 3701 2129 et

2051 2203 2228 2242 xxvm
2260 2188 2399 2241 Nov.
2433 2184 2647 2238 iterum
2679 2180 2738 2235 S.
2774 2176 3106 2247 Stephanus
3131 2171 3332 2227 Iunior
3360 2171 3579 2237 martyr
3602 2180 3698 2219 so-

2050 2276 2143 2333 lus
2178 2293 2191 2342 ;
2226 2276 2282 2330 in
2315 2274 2495 2330 altero
2526 2287 2659 2326 vero
2690 2267 2848 2324 solus
2879 2266 2936 2321 S.
2972 2262 3308 2334 Stephanus
3338 2256 3547 2313 Junior
3578 2268 3696 2309 mo-

2055 2366 2276 2422 nachus
2304 2371 2357 2418 et
2380 2367 2597 2434 martyr
2629 2359 2721 2415 die
2749 2373 2924 2413 xxvm
2956 2354 3079 2410 Oct.
3123 2348 3302 2406 semel
3346 2359 3698 2434 commemo-

2053 2460 2233 2509 ratur.
2275 2453 2418 2508 Item
2460 2432 2764 2505 inicodice
2816 2440 3200 2499 Laurentiano
3249 2438 3361 2508 (17)
3393 2432 3591 2491 saeculi
3625 2447 3697 2485 χε

2052 2558 2231 2597 xxvm
2263 2540 2460 2595 Octob.
2492 2538 2551 2592 S.
2589 2528 3066 2605 Stephanietqui
3101 2542 3230 2582 cum
3255 2541 3320 2581 eo
3353 2521 3512 2595 passi
3544 2527 3699 2575 sunt.

2054 2630 2397 2700 Coniectura
2428 2626 2582 2681 ducti
2635 2628 2697 2678 ut
2736 2634 3096 2692 exponemus
3128 2632 3185 2670 n.
3238 2614 3306 2667 23
3350 2611 3705 2700 arbitramur

2056 2720 2149 2774 hic
2181 2697 2346 2774 illum
2380 2714 2743 2785 Stephanum
2777 2710 2914 2765 olim
2962 2704 3486 2762 commemoramtu
3521 2697 3702 2752 fuisse

2056 2809 2153 2880 qui
2182 2807 2293 2862 sub
2314 2806 2516 2862 eodem
2544 2804 2905 2874 Copronymo
2928 2794 3181 2868 plurima
3211 2806 3446 2863 passus,
3477 2788 3605 2880 dein
3626 2785 3699 2880 in

2056 2876 2365 2968 Sugdaeam
2415 2892 2578 2951 exsul
2637 2896 2832 2947 sancte
2863 2888 3032 2943 vitam
3063 2882 3268 2939 finivit.
3303 2881 3386 2934 Ita
3414 2876 3700 2968 animule-

2056 2964 2196 3043 ruut
2227 2990 2351 3041 tum
2384 2983 2769 3048 Menaea,tum
2802 2972 3130 3045 Menologia
3160 2968 3349 3026 Sirleti
3382 2973 3434 3023 et
3466 2964 3701 3021 Basilia-

2057 3092 2199 3133 num
2258 3075 2330 3131 ad
2369 3072 2522 3128 diem
2568 3085 2742 3125 xxvm
2794 3060 3154 3123 Novembris.
3201 3059 3346 3115 Huic
3388 3054 3594 3112 deinde
3633 3070 3701 3109 ex

2057 3184 2215 3225 more
2273 3168 2605 3223 Graecorum
2656 3159 2837 3218 additi
2887 3156 3100 3214 fuerint
3128 3153 3225 3209 SS.
3259 3156 3465 3206 Petrus
3496 3151 3553 3204 et
3582 3148 3700 3202 An-

1974 3236 2025 3304 C
2055 3260 2243 3325 dreas,
2269 3274 2338 3313 ex
2369 3272 2485 3327 quo
2516 3255 2689 3309 etiam
2718 3247 2990 3321 profluxit
3015 3248 3079 3301 ut
3110 3242 3203 3298 die
3236 3257 3414 3296 xxvm
3456 3237 3699 3327 Novem-

2053 3348 2196 3413 bris,
2222 3361 2336 3417 quo
2367 3326 2426 3399 S.
2453 3341 2783 3413 Stephanus
2804 3336 3009 3394 Junior
3032 3347 3242 3404 passus
3263 3332 3374 3396 est,
3397 3328 3551 3417 idem
3584 3326 3699 3417 duo

2050 3414 2254 3492 Sancti
2277 3439 2401 3489 tum
2453 3433 2511 3486 in
2554 3427 2812 3494 Menaeis,
2843 3430 2970 3481 tum
3014 3422 3073 3477 in
3124 3420 3298 3476 variis
3352 3414 3699 3487 Menologiis

2050 3524 2258 3581 iterum
2293 3520 2617 3578 recolantur
2657 3518 2860 3589 (supra
2887 3529 3050 3569 num.
3086 3510 3195 3580 14).

2121 3615 2173 3669 8.
2226 3614 2306 3669 De
2354 3611 2516 3667 Actis
2575 3623 2700 3679 quas
2755 3602 3105 3673 subjicimus
3159 3598 3281 3653 haec
3315 3595 3529 3666 accipe.
3583 3594 3696 3647 Du-

2051 3703 2228 3777 plicia
2283 3701 2647 3767 exhibemus,
2698 3700 2941 3764 utraque
2970 3690 3161 3746 Greece
3204 3685 3441 3777 inedita,
3492 3682 3697 3777 priora

2049 3771 2183 3850 vero
2213 3793 2387 3848 etiam
2424 3788 2655 3854 Latine;
2683 3785 2738 3841 id
2765 3780 3012 3839 facimus
3034 3783 3159 3833 tum
3190 3775 3340 3846 quod
3378 3771 3695 3844 posteriora

2050 3898 2119 3938 ex
2148 3881 2265 3937 illis
2296 3896 2409 3936 non
2441 3879 2857 3949 proﬂuxerunt,
2890 3870 2991 3926 sed
3032 3865 3235 3939 paucis
3264 3860 3521 3931 omissis,
3554 3873 3696 3913 non-

2051 3970 2215 4027 nulla
2235 3967 2638 4039 superaddunt
2672 4005 2686 4031 ,
2721 3970 2839 4017 tum
2872 3957 3045 4014 etiam
3070 3954 3223 4027 quod
3256 3953 3466 4009 horum
3499 3963 3694 4039 exem-

2051 4059 2178 4132 plar
2208 4036 2696 4130 periectissimum
2742 4048 2894 4106 nacti
2935 4062 3162 4113 sumus,
3196 4042 3451 4132 quinque
3481 4036 3698 4132 scilicet

2052 4127 2509 4205 Ilias—codicum
2567 4140 2935 4199 collationem
2996 4135 3058 4191 in
3107 4131 3372 4203 margine
3420 4127 3695 4183 referens.

2050 4239 2411 4296 Tribuuntur
2442 4237 2562 4292 haec
2592 4231 3022 4303 Metaphrastaa,
3054 4228 3120 4281 ut
3157 4224 3374 4279 diserte
3404 4220 3578 4275 habet
3604 4217 3698 4273 Al-

2049 4331 2243 4396 latius,
2286 4327 2386 4400 qui
2435 4327 2493 4380 in
2543 4321 2796 4378 diatriba
2825 4319 2896 4373 de
2925 4312 3313 4389 Symeonibus
3345 4325 3541 4400 eorum
3577 4306 3695 4400 ipi-

2049 4420 2197 4475 tium
2232 4397 2395 4472 affert
2435 4413 2585 4485 (18):
2614 4426 2792 4482 quare
2822 4406 2973 4463 hunc
2998 4405 3188 4460 locum
3214 4417 3329 4455 non
3360 4397 3573 4453 viderit
3595 4397 3698 4451 Pa-

2049 4508 2182 4582 gius
2212 4507 2326 4576 (19)
2352 4504 2451 4577 qui
2483 4504 2656 4573 negat
2698 4501 2835 4554 Acta
2863 4494 2963 4551 illa
2990 4490 3260 4567 Symeoni
3294 4485 3695 4582 Metaphrasta:

298 4612 595 4667 aspexere,
634 4597 787 4654 velut
822 4602 959 4672 quid
1000 4575 1290 4658 morticini
1337 4604 1393 4658 in
1428 4575 1816 4661 fmdissimum
1846 4606 1940 4663 lo-
1971 4591 2030 4658 Ι)
2050 4575 2388 4669 adjudicata
2403 4594 2602 4648 fuisse.
2628 4585 3057 4645 Testimonium
3078 4585 3270 4637 autem
3297 4575 3490 4631 Allatii
3514 4591 3697 4672 quan:

300 4702 431 4742 cum
459 4689 796 4759 abjecerunt
829 4707 842 4757 ;
876 4696 1042 4748 nocte
1081 4708 1212 4751 vero
1243 4694 1607 4763 adventante,
1640 4696 1943 4755 sublatum

300 4775 535 4845 quidam
582 4777 887 4834 orthodoxi
919 4782 1148 4838 tumulo
1178 4783 1565 4840 condiderunt
1592 4784 1653 4840 in
1685 4785 1809 4843 loco
1843 4785 1943 4859 qui

299 4865 513 4920 dicitur
541 4866 738 4923 Crisis.

368 4955 423 5008 7.
456 4954 515 5010 In
561 4955 796 5013 Menaeis
828 4960 1058 5015 excusis
1098 4959 1420 5030 saepissime
1456 4962 1701 5019 diversis
1730 4964 1941 5020 diebus

298 5045 472 5101 iidem
506 5047 699 5102 Sancti
744 5053 1273 5105 commemorantur
1321 5050 1456 5121 quia
1499 5051 1756 5108 diversos
1795 5054 1936 5110 Mss.

299 5136 526 5191 codices
555 5136 807 5192 editores
838 5137 1172 5195 adhibuere.
1202 5138 1387 5194 Aliam
1421 5146 1612 5197 tamen
1646 5141 1824 5212 hujus
1856 5142 1937 5197 rei

298 5239 533 5280 causam
583 5226 844 5297 assignat
871 5228 1304 5299 Papebrochius
1334 5230 1461 5299 (15),
1511 5230 1737 5287 Graecos
1768 5230 1941 5285 nimi-

298 5330 425 5369 rum
458 5316 657 5371 eodem
707 5320 809 5373 aut
867 5317 1133 5388 sequenti
1181 5319 1273 5375 die
1328 5335 1784 5377 commemorare
1821 5320 1933 5376 fre-

333 5475 1237 5557 .(15)(EphLGraeco-Moschqt.
1274 5481 1475 5549 IMaii,
1510 5499 1565 5555 p.
1588 5500 1690 5541 vm
1717 5490 1767 5541 et
1798 5500 1933 5556 pas-

295 5549 531 5622 sim_;_t_.
567 5549 613 5603 II
641 5550 791 5604 Maii.
827 5568 883 5620 p.
920 5553 1041 5622 110,
1075 5570 1132 5608 ιι.
1169 5554 1255 5607 11.

366 5617 481 5763 (16)
504 5620 579 5674 De
602 5617 958 5703 Menologiis,
990 5617 1124 5691 etc.,
1150 5641 1205 5707 p.
1234 5626 1288 5679 8.

394 5690 457 5745 17
509 5691 754 5749 Bandin:
785 5693 956 5763 codd,
988 5696 1191 5763 Graeci,
1220 5698 1265 5753 t.

394 5690 481 5763 17)
509 5691 754 5749 Bandini
785 5690 956 5769 codd,
988 5690 1191 5769 er’oi,
1220 5698 1265 5753 t.
1291 5695 1332 5767 I,
1365 5713 1423 5771 p.
1450 5698 1573 5761 130.

2055 4662 2180 4744 tum
2215 4686 2273 4740 in
2334 4685 2441 4739 hac
2475 4698 2533 4737 re
2592 4678 2796 4743 valeat,
2830 4690 3001 4732 nemo
3033 4672 3263 4743 ignorat
3291 4685 3303 4733 ;
3338 4672 3615 4733 attamen,
3648 4662 3696 4718 si

2055 4793 2205 4851 Opus
2232 4778 2401 4842 esset,
2424 4788 2541 4828 rem
2569 4765 2929 4840 argumentis
2952 4761 3241 4835 pluribus,
3274 4774 3342 4813 ex
3372 4754 3513 4851 ipsis
3537 4752 3695 4810 Actis

2052 4845 2402 4937 desumptis,
2462 4860 2726 4917 evincere
2776 4868 3103 4928 possemus.
3165 4851 3302 4903 Acta
3362 4845 3693 4937 priora‘ex-

2050 4932 2419 5027 scripta—sunt
2441 4966 2509 5007 ex
2534 4951 2763 5005 vetusto
2787 4943 2983 5002 codice
3006 4938 3372 5027 Bibliotheca
3395 4932 3696 5027 Parisinze,

2050 5022 2222 5117 quem
2256 5043 2317 5096 B.
2353 5040 2723 5097 Montfaucon
2756 5030 2968 5089 saculo
3000 5047 3055 5084 1x
3078 5022 3524 5117 adscribit_(20),
3557 5023 3695 5117 etut

2049 5110 2324 5205 perpetua
2345 5125 2779 5200 comparatione
2803 5138 2935 5178 cum
2960 5112 3416 5205 Metaphrastaeis
3446 5110 3696 5167 conferri

2049 5203 2288 5294 possint,
2314 5223 2561 5290 utraque
2590 5217 2795 5271 iisdem
2832 5210 3116 5277 numeris,
3138 5204 3238 5262 ubi
3261 5203 3464 5261 eadem
3488 5217 3691 5294 narra-

2046 5290 2281 5379 bantur,
2308 5307 2689 5380 signavimus.
2723 5304 2845 5368 Quo
2869 5304 3061 5358 autem
3083 5301 3344 5367 tempore
3364 5290 3693 5363 conscripta

2114 5478 2227 5551 (18)
2258 5473 2520 5551 Allatius,
2553 5472 2637 5551 de
2661 5460 3311 5551 Sym.eonibus,p.~102‘8.

2117 5532 2230 5621 (i9)
2263 5549 2336 5621 In
2359 5532 2582 5621 Critica
2602 5532 2957 5621 Bar'ouiiﬁtad
2990 5532 3131 5592 ann.
3157 5532 3286 5598 761,
3322 5546 3382 5586 n.
3411 5532 3469 5584 2.

2111 5609 2226 5696 (πο)
2258 5620 2385 5677 Bib.
2415 5614 2673 5682 Coislin.,
2697 5628 2755 5685 ρ.
2782 5609 2905 5665 185.
