4042 6222
500 314 652 375 1087

1840 327 2127 391 MENSIS
2173 329 2549 392 OCTOBER.

3713 339 3826 396 1088

496 476 715 532 fuerint
741 474 968 532 deﬁniri
1003 479 1404 550 nequit;nibil
1439 484 1594 539 enim
1628 487 1969 557 reperimus,
2005 507 2141 561 prae-
2170 492 2230 556 Α
2256 490 2573 546 berrimum
2635 491 2816 547 fuisse
2873 491 2931 546 S.
2979 495 3287 560 martyrem
3334 493 3451 562 jam
3485 510 3514 546 a
3567 496 3748 551 szeculo
3774 515 3825 558 ιι,

493 567 580 620 ter
611 564 841 620 minimi
874 569 1155 623 momenti
1197 575 1386 626 notam
1425 571 1894 647 chronologicam
1924 595 1992 634 ex
2032 597 2141 649 qua
2252 581 2552 638 miraculis
2573 583 2770 639 multis
2795 582 3075 639 claruisse
3097 583 3404 655 colligitur.
3429 586 3694 656 Iosephus
3711 589 3827 642 enim

495 656 726 710 constat
777 655 1121 726 scriptorem
1166 661 1308 714 satis
1367 661 1462 716 diu
1524 668 1654 733 post
1709 666 2138 740 Copronymum

489 745 729 800 vixisse.
786 745 992 814 Locus,
1024 747 1121 817 qui
1175 766 1338 804 num.
1371 751 1403 804 3
1433 753 1536 807 sub
1580 754 1751 810 ﬁnem
1787 759 2057 825 occurrit,
2092 760 2139 816 is

491 837 627 889 est:
683 836 797 890 Iste
842 851 973 892 vero
1005 841 1127 891 erat
1183 837 1664 899 Constantinus...
1717 861 1887 916 quem
1937 847 2136 904 ﬁdeles

493 922 620 992 ejus
650 925 929 994 temporis
961 924 1034 995 (oi
1067 923 1117 977 ἐν
1167 931 1284 987 τοῖς
1325 928 1448 982 τότε
1481 925 1724 1004 χρόνοης)
1779 936 1982 991 merito
2028 940 2135 993 sub

491 1013 837 1082 cognomine
867 1014 1216 1087 Copronymi
1253 1018 1633 1076 infamarunt.
1670 1023 1781 1077 Sed
1810 1041 1878 1080 ex
1899 1042 1964 1080 eo
1996 1031 2136 1082 Acta

494 1100 596 1156 illa
627 1102 821 1172 priora
851 1107 1359 1175 commendantur,
1395 1111 1548 1180 quod
1584 1111 1775 1168 locum
1803 1116 1995 1169 Sancti
2032 1134 2132 1172 na-

489 1190 766 1258 talitium,
801 1191 952 1247 diem
989 1196 1279 1264 passionis
1311 1197 1542 1270 aliaque
1573 1201 1854 1271 adjuncta
1884 1203 2135 1276 plurima

482 1280 707 1335 minute
742 1283 1064 1353 proferunt,
1100 1289 1154 1339 et
1185 1302 1522 1357 quanquam
1559 1290 1971 1360 prolixioribus
2002 1312 2132 1350 ver-

483 1367 577 1424 bis
610 1367 904 1424 interdum
930 1371 987 1425 S.
1008 1374 1402 1446 martyrloqui
1432 1376 1677 1448 videtur,
1700 1380 1900 1436 eadem
1937 1391 2130 1439 tamen

482 1456 600 1512 fere
640 1457 699 1511 in
730 1458 860 1513 aliis
891 1461 1046 1516 Actis
1078 1468 1412 1530 occurrunt,
1445 1482 1597 1538 saepe
1621 1469 1858 1526 vocibus
1917 1471 2129 1527 iisdem

483 1552 584 1601 aut
614 1547 911 1605 similibus
942 1566 1233 1622 expressa.
1267 1556 1525 1610 Conferri
1560 1558 1616 1612 in
1663 1573 1789 1614 eam
1839 1577 1960 1616 rem
1993 1579 2130 1633 pos-

484 1641 623 1691 sunt
648 1639 872 1693 numeri
908 1641 1283 1710 potissimum
1311 1646 1422 1700 7et
1456 1647 1539 1699 10.
1577 1647 1655 1702 Ex
1686 1648 1940 1706 locorum
1975 1652 2128 1707 desi-

482 1724 781 1794 gnatione,
809 1731 870 1781 ut
900 1726 1051 1784 infra
1074 1730 1316 1787 uberius
1346 1733 1716 1804 disserimus,
1739 1743 1796 1794 et
1817 1755 1884 1794 ex
1908 1739 1978 1796 iis
1998 1758 2124 1812 quas

2250 671 2726 743 hymnographus
2749 689 2946 744 quem,
2977 689 3043 728 ex
3072 673 3229 729 Actis
3252 690 3285 728 a
3305 675 3678 745 Papebrochio
3702 676 3748 731 in
3769 678 3829 731 lu-

2247 777 2372 816 cem
2407 762 2559 817 datis
2597 762 2732 832 (22),
2774 777 2841 817 eo
2875 762 3086 818 saeculo
3118 762 3386 817 floruisse
3415 767 3649 828 constat,
3679 765 3829 820 decem

2247 850 2494 906 diversis
2515 851 2658 906 locis
2688 851 2748 906 in
2781 868 2888 907 suo
2911 853 3141 906 Canone
3165 851 3445 907 miracula
3463 851 3712 921 celebrat,
3736 871 3829 924 qua:

2247 940 2358 995 sub
2391 940 2576 1011 ipsius
2596 939 2781 994 oculis
2808 940 2967 1011 Cpoli
2995 957 3192 995 coram
3216 939 3413 995 Sancti
3445 940 3658 995 tumulo
3682 950 3830 1012 patra-

2247 1028 2478 1083 bantur.
2514 1028 2716 1083 Merito
2749 1029 2947 1099 itaque
2985 1033 3043 1084 et
3078 1029 3135 1083 in
3167 1031 3438 1084 Actorum
3477 1028 3636 1084 titulo
3682 1030 3830 1085 Thauo

2245 1125 2546 1188 maturgus
2597 1117 2788 1173 dictus
2837 1123 2945 1184 est,
2989 1122 3047 1172 et
3100 1118 3157 1172 in
3217 1118 3509 1186 Contacio,
3551 1125 3612 1172 ut
3653 1127 3829 1183 vorant,

2244 1205 2415 1260 Graeci
2457 1205 2666 1271 Ofﬁcii,
2701 1206 2791 1260 his
2821 1206 3008 1262 verbis
3033 1206 3370 1262 extollitur:
3405 1206 3670 1278 Ἐορτςὶζει
3707 1209 3834 1276 σήμε-

2245 1314 2334 1369 ρον
2377 1296 2410 1362 ἡ
2455 1292 2820 1366 βασιλεύουσα
2859 1293 3026 1353 πολις
3093 1294 3291 1367 ἑόρτήν
3337 1293 3707 1368 ὑπέρλαμπρον
3759 1302 3832 1363 τῆς

2241 1382 2566 1460 φωτοφόρου
2673 1404 2767 1437 σου
2874 1385 3101 1455 μνήμης
3138 1428 3151 1452 ,
3230 1383 3435 1437 ἅπασαν
3538 1383 3830 1457 agonale:-

2243 1472 2374 1544 μὲν-η
2453 1467 2617 1526 πόλιν
2693 1473 2783 1526 καὶ
2860 1473 3047 1546 χώραν
3085 1489 3098 1504 ’
3145 1471 3322 1545 χαίρει
3386 1473 3487 1546 γὰρ
3547 1474 3616 1535 ὡς
3675 1493 3824 1540 κεκτη-

2243 1559 2376 1633 μένη
2455 1561 2723 1636 θησαυρὸν
2802 1560 2990 1635 μέγαν,
3026 1561 3085 1614 τὸ
3163 1559 3476 1623 πολύαθλόν
3552 1583 3641 1615 σου
3693 1565 3828 1631 σῶμα,

2240 1650 2462 1725 Ἀνδρέα
2541 1654 2771 1726 μάρτυς,
2802 1649 3118 1725 ὁρθοδοξίαε
3178 1655 3424 1728 φωστὴρ.
3481 1655 3539 1708 Id
3587 1659 3707 1709 est:
3749 1654 3830 1708 Ho-

2240 1743 2334 1798 die
2391 1743 2650 1799 celebrat
2709 1743 2905 1812 regina
2957 1743 3194 1798 urbium
3256 1742 3481 1814 (Cpotz’s)
3540 1743 3741 1797 illustre
3779 1743 3834 1797 fe-

480 1811 539 1866 in
576 1813 687 1869 ﬁne
720 1816 992 1872 Actorum
1025 1819 1383 1890 scribuntur,
1417 1827 1481 1878 ut
1513 1824 1713 1882 itidem
1749 1827 1996 1887 inferius
2019 1811 2126 1887 idi—
2164 1853 2217 1918 Β
2245 1839 2400 1888 stum
2454 1840 2562 1888 tuas
2596 1831 2913 1901 memoriis,
2945 1835 3128 1887 totam
3157 1848 3485 1887 convocans
3515 1831 3768 1888 civitatem
3794 1837 3834 1884 et

482 1905 667 1968 cetur,
705 1905 1058 1963 arbitramur
1087 1925 1150 1965 ea
1190 1909 1354 1981 Cpoli
1404 1915 1734 1986 conscripta
1779 1935 1892 1973 non
1927 1920 2127 1978 fuisse.

484 1991 716 2048 Scimus
751 1999 976 2051 tantum
1020 1999 1333 2055 maximam
1382 2007 1606 2072 partem
1640 2022 1936 2062 sacrorum
1970 2010 2131 2064 codi-

487 2095 620 2134 cum
662 2083 1025 2141 Bibliolhecaa
1050 2089 1443 2158 Coislinianas,
1479 2098 1542 2148 ut
1573 2094 1630 2149 in
1673 2097 2008 2166 prazfatione
2039 2104 2130 2155 te-

484 2176 678 2228 statur
699 2173 967 2232 laudatus
998 2179 1391 2250 Montfaucon,
1424 2201 1491 2240 ex
1525 2189 1896 2246 monasteriis
1919 2193 2132 2248 montis

487 2260 640 2315 Atho
702 2266 1005 2335 prodiisse,
1039 2273 1095 2323 et
1126 2269 1243 2324 illic
1273 2271 1410 2328 olim
1443 2275 1748 2332 brachium
1781 2279 1840 2334 S.
1893 2281 2128 2337 Andreae

488 2347 802 2419 Cretensis,
828 2355 926 2425 qui
961 2355 1113 2412 idem
1145 2363 1234 2414 est
1265 2361 1500 2420 fortasse
1532 2381 1595 2420 ac
1627 2366 1872 2424 Sanctus
1914 2378 2127 2439 noster,

488 2445 854 2498 asservatum
887 2446 1086 2502 fuisse.
1119 2451 1243 2514 Qua
1274 2451 1342 2506 de
1369 2468 1429 2508 re
1463 2453 1632 2525 plura
1678 2457 1807 2512 vide
1840 2475 2003 2514 num.
2037 2460 2128 2516 37.

559 2529 612 2596 9,
647 2529 1093 2606 Metaphrasten,
1128 2540 1296 2610 cujus
1353 2543 1489 2598 Acta
1547 2548 1796 2602 secundo
1842 2547 1966 2604 loco
1999 2567 2127 2620 pro-

487 2620 690 2690 deunt,
723 2623 916 2691 priora
944 2626 1043 2682 illa
1065 2645 1178 2686 non
1212 2631 1428 2689 vidisse
1453 2635 1594 2691 satis
1625 2642 1778 2694 certo
1801 2639 1965 2695 nobis
1988 2657 2126 2696 con-

483 2715 615 2765 stat.
649 2713 780 2784 Ipse
811 2715 968 2771 enim
1002 2734 1105 2773 nec
1138 2724 1300 2776 ortus
1327 2721 1540 2792 locum,
1577 2741 1682 2782 nec
1713 2727 1867 2783 diem
1905 2729 2122 2798 obitus,

484 2816 658 2870 quem
721 2820 907 2876 usque
964 2806 1271 2878 diligenter
1327 2812 1699 2884 inquisivisse
1754 2818 1843 2874 vel
1889 2834 1956 2874 ex
1993 2819 2126 2875 Vita

482 2889 540 2944 S.
574 2891 931 2950 Theoctistes
990 2897 1204 2954 Lesbiaa
1262 2908 1492 2958 constat
1531 2906 1667 2975 (21),
1703 2908 1759 2962 in
1796 2910 2124 2964 narratione

478 2993 584 3032 sua
614 2982 995 3053 consignavit.
1028 2985 1142 3040 Nec
1174 2993 1450 3058 praeterea
1481 2993 1617 3048 dum
1649 2995 1827 3051 vitam
1860 2998 2006 3053 satis
2037 3016 2124 3054 ac-

478 3073 677 3123 curate
734 3071 1009 3141 scriptam
1071 3083 1274 3132 nactus
1315 3087 1435 3134 erat
1463 3082 1723 3139 ordinem
1759 3091 1857 3141 aut
1905 3088 2120 3160 stylum

480 3155 731 3213 multum
765 3159 1075 3219 immutare
1104 3174 1520 3241 consueverat;
1547 3188 1801 3246 cumque
1821 3179 1974 3248 apud
2004 3196 2122 3234 am-

479 3245 582 3301 bos
609 3248 921 3320 scriptores
954 3253 1300 3327 plerumque
1323 3259 1541 3317 similia
1563 3263 1726 3319 obvia
1744 3267 1884 3336 sint,
1916 3268 2122 3324 existi-
2150 3231 2199 3296 Ο

477 3351 710 3392 mamus
741 3343 1050 3412 utrumque
1077 3359 1143 3398 ex
1165 3346 1324 3402 Actis
1355 3350 1807 3424 antiquioribus,
1838 3359 1936 3412 sed
1963 3376 2120 3416 nunc

474 3425 808 3496 deperditis,
843 3446 1010 3486 suam
1039 3435 1430 3494 narrationem
1457 3443 1771 3512 excepisse,
1803 3446 1876 3501 iis
1908 3448 2119 3504 additis

473 3529 599 3585 qua
627 3515 866 3573 aliunde
904 3519 1176 3593 colligere
1223 3531 1554 3595 potuerant.
1587 3532 2008 3604 Metaphrastes
2039 3543 2121 3593 ta-

473 3621 606 3661 men
636 3610 804 3663 mtate
827 3611 1117 3681 posterior
1147 3614 1370 3673 videtur
1400 3636 1467 3675 ex
1484 3637 1549 3676 eo
1573 3625 1727 3694 quod
1759 3625 1816 3681 in
1844 3628 1972 3698 ejus
2003 3629 2118 3684 col-

473 3692 824 3753 lectionibus
857 3699 915 3755 S.
941 3703 1180 3760 Andreae
1211 3706 1346 3764 Vita
1368 3709 1522 3766 diem
1544 3692 1638 3766 xix
1657 3692 1918 3772 Octobris
1948 3735 2118 3774 occu-

476 3788 593 3854 pat,
636 3790 834 3843 noster
864 3795 1054 3846 autem
1080 3795 1348 3867 scriptor,
1382 3799 1481 3854 ubi
1515 3802 1688 3858 refert
1718 3805 1997 3862 Sanctum
2027 3810 2118 3864 die

472 3891 546 3928 xx
577 3891 809 3945 passum
842 3894 986 3949 esse,
1011 3883 1155 3937 nihil
1191 3886 1260 3940 de
1283 3887 1589 3945 immutate
1613 3891 1803 3949 cultus
1836 3895 1928 3952 die
1957 3913 2116 3953 com-

474 3970 762 4022 memorat
795 3985 810 4037 ;
865 3969 969 4025 sed
1001 3987 1132 4027 eum
1168 3973 1307 4031 levis
1334 3994 1398 4034 ea
1429 3982 1575 4036 ratio
1607 3983 1783 4039 videri
1833 3992 2026 4056 queat,
2057 3989 2116 4044 id

474 4050 640 4109 aliter
671 4056 1055 4126 adstruimus,
1091 4061 1487 4133 Metaphrasta:
1513 4083 1722 4140 nempe
1752 4050 2119 4131 collectio'nes

477 4140 622 4196 adeo
660 4148 789 4212 post
836 4147 1212 4219 scriptionem
1245 4151 1398 4210 illico
1430 4158 1802 4230 pervulgatas
1831 4162 2009 4220 fuisse
2058 4174 2117 4221 ut

2245 1921 2539 1992 regionem
2575 1921 2820 1991 ;jubilat
2851 1919 3003 1975 enim
3037 1935 3316 1991 magnum
3341 1920 3672 1975 thesaurum
3695 1918 3835 1990 possi-

2243 2011 2406 2076 dens,
2442 2027 2653 2083 corpus
2703 2009 3123 2066 certaminibus
3152 2009 3494 2081 gloriosum,
3527 2014 3709 2065 sancte
3729 2026 3834 2065 mar-

2241 2103 2333 2170 tyr
2351 2101 2604 2168 Andrea,
2637 2098 2988 2155 orthodoxiaa
3019 2097 3237 2154 lumen.
3271 2099 3376 2154 Hic
3403 2115 3540 2155 vero
3568 2099 3734 2154 obiter
3751 2114 3833 2152 mo-

2243 2205 2474 2256 nemus,
2507 2189 2556 2245 si
2588 2189 2718 2259 quis
2761 2189 3000 2243 nomina
3030 2204 3098 2243 ex
3136 2187 3471 2244 Graecorum
3505 2187 3740 2259 Liturgia
3763 2187 3832 2241 de-

2242 2283 2477 2350 sumpta
2507 2295 2622 2335 non
2647 2279 2793 2335 satis
2821 2277 2933 2333 sibi
2957 2280 3094 2333 nota
3121 2276 3216 2333 hic
3233 2276 3571 2346 offenderet,
3602 2292 3721 2332 eum
3739 2276 3833 2331 sin-

2240 2368 2513 2440 gulorum
2541 2367 2980 2424 declarationem
3017 2373 3378 2437 reperturum
3411 2367 3475 2422 in
3498 2366 3642 2438 Ηγδεί
3671 2366 3835 2420 disser-

2241 2458 2456 2514 tatione
2499 2460 2570 2514 de
2619 2456 2924 2513 Acoluthia
2963 2456 3313 2520 Graecorum,
3336 2473 3473 2526 quae
3505 2457 3562 2511 in
3595 2455 3749 2512 Junio
3766 2469 3835 2509 ηοο

2239 2552 2358 2603 stre
2381 2548 2536 2603 edita
2565 2551 2653 2604 est
2683 2547 2821 2618 (23),
2853 2546 3178 2618 expeditius
3211 2551 3405 2602 autem
3445 2563 3514 2602 ea
3544 2550 3737 2610 utetur,
3765 2544 3836 2612 qui

2235 2637 2490 2692 indicem
2523 2637 2796 2693 ultimum
2829 2653 2863 2692 a
2904 2635 3264 2707 Ghesquiero
3309 2639 3468 2692 tomo
3502 2638 3678 2709 primo
3705 2633 3831 2688 Octo-

2235 2727 2352 2784 bris
2385 2729 2458 2783 ad
2488 2726 2705 2783 calcem
2738 2726 3062 2796 subjectum
3094 2725 3370 2782 adhibere
3400 2725 3663 2782 voluerit.

2233 2820 2261 2886 §
2315 2820 2384 2872 II.
2437 2816 2650 2887 Septem
2696 2819 2972 2887 Martyres
3021 2816 3082 2869 in
3121 2814 3400 2886 plerisque
3448 2816 3609 2886 fastis
3651 2814 3832 2881 confuse

2303 2908 2508 2979 prolati
2561 2909 2628 2962 ab
2683 2908 2914 2963 invicem
2967 2904 3389 2975 distinguuntur
3416 2913 3473 2961 et
3530 2919 3703 2962 eorum
3737 2904 3831 3001 Atta

2305 2996 2542 3053 breviter
2605 2997 2980 3052 illustrantur.
3053 2995 3470 3052 Persecutionis
3536 2995 3830 3050 Constantini

2303 3086 2634 3158 Copronymi
2664 3087 2839 3142 brevis
2862 3087 3094 3144 historia
3121 3095 3172 3142 et
3193 3086 3549 3143 chronotaxis
3569 3084 3829 3140 exhibetur.

2305 3177 2391 3232 11.
2417 3177 2532 3232 Hos
2564 3181 2785 3247 septem
2810 3177 3075 3248 Sanctos,
3099 3178 3199 3247 qui
3222 3191 3431 3233 omnes
3465 3175 3574 3231 sub
3596 3175 3830 3267 ΕΟΡῙὍΠΥῘ

2231 3280 2326 3321 mo
2355 3265 2515 3321 varia
2546 3269 2854 3332 tormenta,
2887 3271 2944 3322 et
2975 3270 3242 3332 mortem,
3267 3280 3380 3320 uno
3422 3266 3678 3335 excepto,
3708 3265 3827 3332 passi

2229 3358 2386 3420 sunt,
2420 3354 2516 3410 hic
2538 3355 2708 3424 juxta
2738 3355 2947 3410 seriem
2991 3354 3277 3410 mensium
3311 3357 3368 3409 et
3398 3353 3625 3410 dierum
3656 3349 3824 3422 quibus

2230 3444 2504 3499 coluntur
2533 3443 2906 3514 subjicimus,
2935 3461 3001 3499 ex
3059 3459 3169 3515 quo
3215 3443 3390 3498 simul
3423 3439 3716 3514 apparebit
3741 3451 3822 3508 quo

2230 3532 2354 3589 loco
2387 3532 2444 3587 in
2477 3549 2650 3604 opere
2673 3540 2871 3588 nostro
2903 3533 2974 3588 de
3005 3532 3077 3588 iis
3107 3536 3302 3588 actum
3327 3532 3424 3599 sit,
3461 3535 3563 3587 aut
3589 3531 3643 3585 in
3675 3533 3825 3600 poste-

2229 3639 2358 3677 rum
2392 3624 2682 3694 agendum
2718 3639 2774 3678 τι
2806 3623 2907 3679 Die
2938 3639 3049 3678 xvu
3081 3623 3288 3678 Martii.
3321 3622 3380 3678 S.
3414 3621 3632 3677 Paulus
3677 3631 3827 3674 mona-

2228 3711 2376 3768 chus
2407 3718 2463 3767 et
2490 3715 2711 3784 martyr
2731 3711 2792 3767 in
2819 3713 2985 3767 Creta
3012 3729 3027 3779 ;
3057 3741 3128 3752 -—
3146 3727 3241 3767 xvr
3265 3710 3423 3778 Maii,
3461 3712 3517 3765 S.
3543 3713 3730 3764 Petrus
3749 3705 3827 3758 Ca-

2227 3802 2404 3873 lybita
2421 3810 2477 3857 et
2509 3807 2726 3873 martyr
2750 3802 2807 3856 in
2842 3800 3199 3866 Blachernis,
3234 3816 3411 3872 prope
3443 3801 3662 3872 Cpolim
3690 3809 3828 3850 :-—tv

2225 3891 2404 3959 Junii,
2439 3893 2498 3948 S.
2555 3893 2808 3948 Joannes
2857 3891 3169 3962 Monagriae
3220 3890 3620 3961 Hegumenus,
3654 3891 3829 3953 martyr

2227 3981 2389 4053 Cpoli
2424 3999 2434 4047 ;
2487 4012 2538 4021 —
2569 3997 2667 4035 vm
2697 3980 2858 4045 Julii,
2883 3981 2940 4036 8.
2969 3979 3184 4035 Paulus
3206 3974 3824 4072 Novus_marterpoli;

2226 4101 2296 4112 —-
2342 4087 2414 4125 xx
2464 4070 2752 4137 Octobris,
2786 4070 2844 4125 S.
2897 4069 3157 4124 Andreas
3207 4067 3534 4123 monachus
3564 4067 3824 4152 Cretensis,

2228 4159 2418 4214 dictus
2449 4158 2508 4213 in
2541 4158 2704 4225 Crisi,
2741 4161 2962 4230 martyr
2983 4155 3141 4228 Cpoli
3177 4175 3192 4224 ;
3226 4173 3496 4211 —xxvm
3528 4152 3763 4212 Octobris
3781 4151 3826 4216 ii"

2010 4255 2115 4311 int.
2227 4249 2280 4302 S.
2314 4247 2641 4318 Stephanus
2701 4247 2802 4318 qui
2841 4247 2900 4301 in
2960 4247 3269 4317 Sugdaaam
3311 4244 3606 4316 relegatus
3644 4246 3831 4304 est;—

477 4411 760 4467 nasticam
793 4415 970 4472 vitam
1006 4421 1266 4491 amplexo
1299 4432 1634 4496 narrantur,
1673 4430 1802 4487 dein
1837 4433 1907 4488 de
1939 4434 2116 4491 mira-

476 4499 626 4557 culis
657 4503 865 4573 quibus
909 4522 1042 4564 eum
1077 4512 1475 4583 Metaphrastw
1507 4516 1681 4574 etiam
1729 4524 2116 4595 temporibus,

2092 4375 2119 4387 -
2227 4354 2399 4393 xxvm
2443 4337 2807 4406 Novembris,
2867 4336 2927 4394 S.
2986 4335 3323 4407 Stephanus
3378 4335 3608 4401 Junior,
3654 4333 3830 4398 martyr

2228 4426 2410 4499 Cpoli.
2435 4457 2503 4467 —
2533 4425 2728 4482 Placet
2759 4434 2812 4481 et
2842 4426 2911 4481 de
2941 4424 3033 4480 his
3065 4424 3336 4481 omnibus
3370 4423 3658 4479 nonnulla
3685 4419 3831 4475 disse-

2228 4533 2378 4586 rere,
2414 4532 2482 4572 ex
2513 4515 2726 4587 quibus
2781 4515 2979 4570 lumen
3022 4513 3255 4585 aliquod
3316 4510 3701 4585 persecutioni
3749 4507 3830 4559 Co-

473 4591 598 4661 ipso
620 4595 785 4664 teste,
820 4596 878 4652 in
912 4599 1052 4655 urbe
1074 4601 1234 4671 Cpoli
1267 4603 1420 4661 Deus
1459 4605 1839 4681 gloriﬁcabat,
1861 4591 2121 4685 scriptor
2149 4603 2206 4670 D
2232 4606 2626 4680 proni/ﬁliam?
2662 4606 2917 4660 Effusum
2967 4603 3034 4659 ίτί
3077 4619 3268 4674 8Pem-
3325 4609 3407 4659 De
3439 4602 3630 4674 Pl'imn
3677 4615 3735 4655 ex
3761 4593 3830 4649 his

473 4682 630 4739 idem
663 4684 760 4740 ille
792 4686 949 4756 prior
979 4706 1091 4746 non
1122 4693 1433 4751 omisisset.
1471 4699 1694 4763 Quibus
1727 4703 1952 4773 positis,
1987 4723 2121 4765 cum

473 4778 675 4830 notum
709 4777 785 4831 sit
826 4780 1252 4852 Metaphrasten
1286 4788 1476 4844 medio
1500 4792 1710 4848 saeculo
1756 4811 1788 4849 x
1829 4796 2118 4868 floruisse,

471 4860 609 4920 hinc
665 4865 947 4923 deducere
984 4867 1118 4927 licet
1146 4875 1286 4931 Acta
1334 4894 1460 4949 qua
1505 4880 1684 4952 priori
1715 4882 1836 4940 loco
1868 4860 2116 4957 edimus,

471 4950 573 5008 illa
605 4957 772 5011 aetate
803 4957 1137 5030 antiquiora
1169 4977 1317 5021 esse.

543 5043 628 5097 18.
655 5043 836 5101 Sicuti
861 5063 926 5102 ex
948 5050 1236 5124 Anonymi
1259 5056 1420 5113 Actis
1442 5059 1822 5128 Synaxarium
1841 5065 2117 5123 Mediola-

471 5146 673 5203 nense,
700 5136 850 5205 quod
885 5153 1048 5198 num.
1080 5141 1116 5194 5
1147 5143 1480 5217 retulimus,
1514 5150 1880 5223 desumptum
1904 5159 2012 5223 est,
2037 5156 2118 5211 ita

471 5218 615 5276 illud
666 5228 821 5296 quod
879 5228 937 5284 in
989 5229 1222 5289 Menaeis
1273 5237 1499 5294 excusis
1539 5218 1806 5300 occurrit.
1843 5259 1910 5299 ex
1943 5218 2113 5300 Meta-

470 5308 720 5405 p-hrastc'e
781 5319 1113 5376 narratione
1163 5323 1460 5382 evidenter
1513 5331 1809 5400 proﬂuxit.
1861 5335 1941 5388 Ex
1978 5351 2115 5405 quo,

470 5396 620 5455 sicut
672 5417 740 5459 ex
768 5405 964 5466 Sancti
996 5409 1198 5470 Ofﬁcio
1256 5417 1412 5486 quod
1444 5396 1660 5476 ibidem
1701 5420 1934 5496 legitur,
1966 5396 2116 5481 cele;

687 5608 894 5695 Surius
919 5615 1074 5695 adnx.
1109 5621 1271 5695 Nov.,
1297 5639 1354 5695 p.
1381 5624 1506 5693 238,
1533 5623 1672 5682 edit.
1708 5625 1866 5683 1618.

543 5677 656 5752 (22)
687 5681 749 5737 '1‘.
783 5684 824 5740 Ι.
860 5686 1058 5758 mu,
1093 5706 1147 5762 p.
1171 5677 1296 5750 266.

2230 4701 2465 4769 septem,
2499 4711 2706 4768 nempe
2738 4697 2809 4751 de
2847 4696 2907 4751 S.
2942 4694 3121 4752 Paulo
3155 4698 3406 4767 martyre
3437 4694 3498 4749 in
3524 4695 3703 4756 Creta,
3730 4700 3829 4782 eg?

2230 4793 2369 4844 runt
2399 4789 2733 4844 decessores
2756 4787 2827 4842 ad
2859 4787 3012 4842 diem
3035 4787 3220 4842 Martii
3251 4786 3580 4842 indicatum
3614 4783 3735 4854 (24),
3755 4778 3830 4832 ibi-

2229 4895 2342 4950 que
2371 4895 2438 4934 ex
2465 4879 2622 4933 Actis
2652 4881 2708 4931 S.
2733 4877 3012 4949 Stephani
3038 4875 3321 4942 Junioris,
3353 4875 3756 4967 superuacuo
3781 4881 3828 4967 ex

2228 4967 2621 5039 Metaphraste
2651 4967 2850 5022 Latine
2875 4964 3147 5036 vulgatis,
3175 4965 3298 5022 loco
3341 4963 3538 5035 aliquo
3563 4957 3756 5030 insigni
3780 4955 3827 5009 de

2227 5057 2286 5112 S.
2311 5056 2486 5113 Paulo
2509 5056 2775 5124 adducto,
2797 5054 3156 5112 concludunt
3177 5070 3310 5110 eum
3333 5053 3393 5108 in
3417 5054 3600 5123 Cypro
3627 5058 3826 5140 passus!

2226 5162 2354 5203 esse
2387 5163 2400 5214 ;
2433 5161 2632 5201 verum
2666 5160 2796 5200 eum
2832 5144 2889 5198 in
2912 5143 3041 5213 ipsa
3072 5144 3240 5198 Creta
3271 5157 3506 5213 passum
3549 5154 3672 5195 esse
3700 5133 3830 5190 nobis

2226 5236 2464 5292 omnino
2496 5235 2866 5290 manifestum
2887 5240 2992 5289 est.
3017 5233 3166 5288 Sunt
3187 5232 3342 5288 enim
3373 5231 3444 5286 ad
3468 5242 3700 5284 manum
3721 5226 3830 5276 Acts

2225 5327 2490 5398 ejusdem
2507 5323 2785 5395 Stephani
2799 5324 2825 5380 .l
2839 5323 3080 5391 unioris,
3104 5320 3545 5414 accuratissime
3568 5335 3601 5374 ι
3617 5314 3828 5414 quedam

2225 5415 2514 5488 Stephano
2564 5413 2818 5470 Diacono
2886 5413 3232 5484 conscripta.
3296 5411 3440 5468 Dum
3489 5408 3646 5464 hunc
3673 5408 3830 5472 itaque

2298 5627 2410 5698 (23)
2443 5627 2507 5683 Τ.
2551 5625 2813 5700 lngﬁunii.
2849 5644 2901 5697 p.
2936 5630 3032 5684 iet
3063 5643 3225 5700 seqq.

2299 5701 2406 5771 (24)
2435 5700 2503 5756 '1‘.
2530 5699 2579 5756 ιι
2611 5698 2823 5771 Martii,
2857 5700 3067 5771 p.609.
