4106 6200
315 321 466 380 1089

1502 316 1674 376 VITA
1719 316 1782 377 S.
1828 317 2177 376 ANDREZE
2222 317 2295 376 IN
2344 319 2570 380 CRISI.

3566 334 3593 392 1
3606 335 3723 398 090

309 490 644 542 narrantem
669 484 854 541 secuti
881 499 1088 539 sumus
1110 483 1242 554 (25),
1268 480 1758 552 deprehendimus
1779 482 1956 553 illico,
1990 487 2048 554 Α
2073 485 2477 555 persecutione
2510 503 2637 558 qua:
2681 490 2932 560 praefecti
2967 493 3332 566 imperatoris
3384 501 3629 560 diversis
3663 507 3723 565 in

309 578 395 633 vel
416 577 588 649 Cypri
609 593 818 632 nomen
842 576 1120 630 mendose
1143 574 1202 628 in
1226 573 1484 630 codicem
1509 574 1856 645 Lipomanni
1889 576 1963 630 ir-

309 668 558 738 repsisse
589 666 673 722 vel
707 666 902 737 ipsum
953 667 1332 734 interpretem
1366 664 1685 719 oscitantis:
1714 681 1962 736 arguen-

309 757 449 811 dum
483 771 629 811 esse.
659 758 738 811 En
765 756 1053 826 quomodo
1076 769 1143 809 ea
1167 754 1223 808 in
1244 754 1300 809 S.
1327 753 1607 822 Stephani
1631 754 1959 825 antiquiore

310 843 443 898 Vita
484 853 792 899 narrentur
823 844 954 914 (26).
990 844 1186 913 Itaque
1217 843 1276 896 in
1311 842 1564 896 medium
1598 842 1812 912 prodiit
1843 845 1956 898 An-

312 933 506 988 tonius
537 951 600 988 ex
633 936 796 987 Creta
841 931 1055 997 insula,
1090 931 1192 1003 qui
1223 931 1294 986 de
1323 931 1559 986 victima
1591 931 1706 987 Deo
1748 933 1958 989 immo-

316 1021 428 1075 lata
461 1022 548 1077 his
579 1022 769 1076 verbis
800 1021 1030 1076 locutus
1054 1023 1140 1075 est
1165 1037 1178 1073 :
1201 1020 1498 1082 Quomodo
1530 1019 1656 1074 sine
1683 1021 1956 1093 lacrymis

311 1111 534 1180 egregia
567 1110 794 1165 abbatis
825 1111 960 1180 (quo
991 1108 1272 1164 vocabulo
1295 1125 1410 1163 non
1438 1109 1627 1164 solum
1657 1114 1955 1166 monaste-

311 1201 376 1252 rii
414 1201 862 1266 moderatorem,
897 1199 1018 1254 sive
1047 1196 1383 1270 ἡγούμετον,
1403 1199 1504 1253 sed
1537 1215 1740 1254 omnes
1767 1215 1958 1255 mona-

306 1293 447 1347 chos
493 1293 674 1346 Graeci
711 1291 864 1345 illius
912 1290 1185 1359 temporis
1217 1289 1559 1359 plerumque
1591 1291 1952 1362 nuncupant)

307 1381 469 1436 Pauli
505 1380 820 1434 certamina
851 1381 909 1434 in
945 1383 1194 1434 vestrum
1245 1383 1620 1449 conspectum
1648 1381 1953 1448 adducam,

304 1469 619 1524 venerandi
655 1469 850 1524 Patres
870 1467 897 1521 Ῡ
935 1469 1032 1522 Vir
1059 1467 1162 1522 ille
1190 1483 1508 1538 generosus
1540 1485 1572 1523 a
1602 1468 1953 1539 Theophane

299 1562 688 1630 cognomento
739 1558 1075 1628 Lardotyro,
1110 1556 1314 1610 insulis
1343 1556 1760 1627 archisatrapa,
1791 1574 1954 1613 com-

301 1648 651 1719 prehensus,
697 1647 755 1701 in
815 1645 1150 1716 praetorium
1202 1645 1450 1701 Heraclii
1503 1646 1951 1718 interrogandus

301 1737 589 1792 adductus
622 1741 730 1791 est.
766 1737 887 1791 Etc.
922 1735 1209 1790 Antonius
1241 1734 1440 1805 igitur,
1464 1736 1601 1790 dum
1635 1735 1837 1791 insulae
1869 1754 1952 1792 ar-

301 1826 696 1896 chisatrapam
727 1828 1167 1887 commemorat,
1202 1839 1318 1879 non
1352 1824 1422 1879 de
1461 1823 1645 1894 Cypro
1673 1823 1944 1895 loquitur,

2075 571 2214 627 locis
2245 573 2650 630 adhibuerant.
2688 577 2882 647 Itaque
2925 581 2980 634 in
3016 585 3267 640 medium
3304 592 3516 659 prodiit
3549 599 3726 652 Anto-

2075 663 2207 758 nius
2257 679 2325 758 ex
2373 663 2539 758 Creta
2593 665 2791 758 insula
2842 673 2947 724 etc.
2988 672 3124 739 (Cir.
3178 692 3353 745 supra
3413 697 3570 736 num.
3611 687 3722 758 11.)

2075 751 2321 807 Aliunde
2381 755 2642 810 inductio
2694 755 2792 811 illa
2841 758 3138 827 Cpolitana
3189 767 3409 836 quinta,
3444 788 3552 840 qua
3587 751 3719 832 novi

2073 842 2327 912 praefecti
2360 843 2430 898 ad
2466 845 2792 914 provincias
2842 849 3004 904 missi
3058 862 3212 922 sunt,
3258 859 3526 915 currebat
3556 881 3588 918 a
3622 866 3723 920 Se-

2072 931 2320 1000 ptembri
2356 932 2494 986 anni
2523 933 2649 996 766,
2676 935 2742 988 ad
2767 938 3161 1005 Septembrem
3187 945 3324 998 anni
3347 946 3471 1012 767,
3497 953 3551 1003 et
3576 969 3720 1019 prae-

2071 1023 2228 1075 terea
2256 1024 2484 1076 certum
2515 1027 2605 1078 est
2637 1023 2694 1077 S.
2731 1024 3093 1094 Stephanum
3139 1029 3247 1086 hoc
3279 1050 3435 1089 anno
3469 1039 3593 1104 767,
3629 1042 3719 1098 die

2065 1125 2241 1163 xxvm
2256 1110 2592 1167 Novembris
2609 1115 2878 1184 martyrio
2897 1123 3168 1174 coronatu
3181 1123 3297 1176 mfu
3310 1123 3441 1180 isse.
3454 1127 3599 1199 Ergo
3614 1147 3675 1184 su
3689 1131 3719 1185 h

2065 1196 2872 1273 ipsaindictioneillaquinta,
2890 1210 3023 1260 ante
3038 1208 3436 1279 Septembrem
3459 1196 3713 1272 anni767

2066 1288 2376 1359 contigerit
2399 1291 2735 1361 martyrium
2757 1293 2814 1346 S.
2842 1293 3001 1348 Pauli
3023 1296 3080 1351 in
3104 1301 3288 1366 Creta,
3314 1304 3381 1358 de
3404 1321 3518 1373 quo
3543 1313 3716 1364 Anto-

2065 1376 2204 1432 nius
2238 1377 2334 1432 ille
2365 1379 2656 1434 Cretensis
2704 1387 2921 1437 narrat.
2957 1385 3097 1440 Cum
3135 1403 3262 1444 vero
3291 1393 3346 1443 S.
3382 1391 3594 1450 Paulus
3642 1399 3712 1452 ad

2064 1465 2214 1557 diem
2233 1483 2346 1521 xvu
2372 1467 2564 1557 Martii
2589 1469 2646 1523 in
2669 1470 3000 1528 Graecorum
3027 1475 3187 1531 fastis
3212 1487 3714 1557 memoretur(33),

2064 1554 2210 1610 forte
2236 1571 2349 1611 non
2386 1556 2678 1613 immerito
2702 1558 2810 1614 hoc
2834 1561 2947 1629 die,
2973 1564 3288 1622 indictione
3311 1571 3535 1640 quinta,
3561 1554 3712 1632 anno

2065 1648 2621 1716 consequenter767,
2637 1664 2704 1703 eu
2719 1665 2772 1702 m
2790 1666 3023 1720 passum
3039 1668 3166 1709 esse
3180 1673 3361 1726 pronu
3375 1662 3708 1724 ntiabimus.

2143 1734 2224 1788 13.
2279 1735 2424 1790 Cum
2479 1738 2536 1791 S.
2590 1738 2764 1794 Paulo
2826 1741 2895 1795 ad
2957 1744 3224 1799 eumdem
3285 1747 3438 1804 diem
3497 1753 3711 1810 colitur

2063 1822 2122 1877 S.
2157 1823 2592 1882 Theosterictus
2621 1829 2755 1898 (34),
2789 1829 3112 1886 monachus
3161 1841 3500 1893 monasterii
3543 1841 3710 1897 Pele-

299 1877 1010 1985 sagulaarma“;
1033 1877 1094 1967 in
1130 1877 1415 1968 signa.
1438 1877 1949 1984 δέὲιθριιξιέιῖζέέὰ
1982 1877 2036 1943 Β
2060 1877 2238 1981 cetaa,
2255 1877 2487 1970 ἰιῖιζέιζ
2504 1877 2589 1969 .1;
2614 1877 3519 1997 ἱίειὶὲέῇᾇῌῖζῷξίιῖξέἕῖξᾙέξλ
3543 1877 3708 2001 ζειῙᾶ

298 2005 367 2060 de
397 2006 585 2068 Creta,
618 2019 685 2058 ex
734 2019 853 2074 qua
903 2003 1210 2068 oriundus,
1243 2001 1467 2072 Cpolim
1518 2003 1768 2058 advenit.
1804 2007 1946 2058 Cum

296 2109 430 2149 vero
456 2109 526 2148 ex
556 2092 758 2147 iisdem
801 2091 960 2146 Actis
1009 2090 1442 2162 antiquioribus
1477 2091 1534 2146 S.
1568 2091 1864 2161 Stephani,
1894 2100 1948 2148 et

297 2183 750 2255 Metaphrastaaa,
778 2199 904 2253 quae
937 2183 1336 2253 Lipomannus
1369 2182 1570 2238 Latine
1595 2199 1761 2238 versa
1783 2183 1946 2238 exhi-

297 2273 412 2340 bet,
448 2282 501 2328 et
533 2273 756 2344 reliqua
785 2271 983 2327 omnia
1027 2271 1425 2342 proﬂuxerint,
1461 2271 1690 2326 etiamsi
1733 2271 1944 2328 alicubi

295 2363 464 2434 Cypri
498 2378 705 2417 nomen
741 2361 1016 2433 prodiret,
1051 2377 1116 2415 ex
1163 2361 1323 2416 Actis
1374 2361 1808 2432 probatioribus
1856 2379 1945 2418 re-

301 2451 634 2522 spuendum
666 2454 840 2505 esset.
867 2449 1073 2505 Verum
1107 2449 1285 2504 dubio
1317 2448 1511 2504 locum
1545 2449 1784 2503 omnino
1817 2449 1946 2503 nul-

295 2538 418 2594 lum
453 2538 748 2611 relinquit,
775 2540 927 2609 quod
954 2538 1103 2592 libro
1128 2538 1316 2609 primo
1337 2539 1406 2592 de
1428 2537 1806 2593 Thematibus
1828 2539 1942 2609 (27)

295 2630 468 2684 refert
497 2629 912 2685 Constantinus
946 2627 1518 2700 Porphyrogenneta,
1549 2626 1802 2696 Cyprum
1836 2628 1945 2682 sci-

295 2717 448 2784 licet,
480 2719 552 2773 ab
591 2716 838 2773 Heraclii
885 2722 1144 2788 tempore
1195 2731 1380 2788 usque
1410 2717 1479 2770 ad
1513 2716 1785 2770 Basilium
1816 2716 1945 2770 Ma-

293 2807 593 2874 cedonem,
619 2824 650 2861 a
672 2805 972 2862 Saracenis
1003 2805 1184 2860 fuisse
1216 2808 1582 2875 occupatam,
1607 2806 1664 2859 in
1690 2821 1940 2876 quorum

294 2900 668 2967 potestatem,
694 2894 1246 2966 postquam,Basilio
1272 2895 1611 2965 imperante,
1636 2911 1738 2965 per
1755 2911 1941 2951 annos

293 2990 516 3055 septem
563 2985 812 3040 fuissent
861 2983 1110 3054 depulsi,
1145 2983 1356 3038 iterum
1403 2984 1651 3038 devenit.
1692 2987 1766 3037 Ex
1825 3001 1940 3054 quo

295 3073 669 3128 manifestum
701 3077 790 3127 est
819 3076 1248 3143 Copronymum
1281 3072 1464 3142 Cypro
1497 3087 1793 3142 nunquam
1828 3073 1941 3127 im-

293 3178 546 3233 perasse,
575 3179 759 3232 neque
791 3163 861 3217 ab
891 3161 1141 3216 Antonio
1174 3161 1273 3216 illo
1304 3177 1372 3215 ex
1414 3161 1597 3228 Creta,
1631 3164 1769 3216 dum
1805 3179 1939 3216 nar-

2060 2017 2126 2056 eo
2157 2002 2247 2057 die
2269 2002 2478 2058 obierit
2507 2009 2665 2072 (nam
2711 2009 3105 2066 confessorem
3154 2029 3284 2069 eum
3327 2016 3527 2072 dicunt
3581 2020 3706 2076 Me-

2057 2107 2182 2145 naaa
2209 2091 2324 2162 (36)
2355 2097 2412 2146 et
2441 2093 2499 2147 in
2552 2110 2687 2164 pace
2731 2101 3078 2169 mortuum),
3121 2103 3220 2157 sed
3283 2106 3436 2173 quod
3499 2109 3702 2166 eodem

2057 2180 2182 2236 loco
2214 2182 2328 2252 (37)
2359 2184 2634 2238 Actorum
2669 2185 2726 2239 S.
2759 2186 3056 2258 Stephani,
3090 2195 3222 2259 post
3265 2193 3487 2251 dictum
3531 2199 3707 2254 Anto-

2059 2269 2218 2325 nium
2253 2271 3060 2339 Cretensem,Theosterictus
3100 2282 3494 2338 narrationem
3533 2285 3704 2343 insti-

2056 2360 2204 2422 tuat,
2236 2359 2305 2414 de
2355 2361 2633 2428 martyrio
2684 2363 2922 2434 triginta
2953 2375 3077 2422 octo
3111 2371 3523 2428 monachorum
3579 2392 3698 2431 mo-

2056 2448 2293 2502 nasterii
2341 2449 2452 2503 sui.
2499 2449 2614 2504 Hos
2665 2450 2845 2522 igitur
2888 2454 3032 2510 dicit
3077 2474 3110 2512 a
3155 2458 3697 2520 Lachanodraconte

2055 2536 2340 2604 praefecto,
2373 2538 2513 2592 feria
2547 2539 2753 2608 quinta
2793 2543 2850 2596 in
2901 2546 3070 2599 Coena
3111 2545 3361 2614 Domini,
3397 2550 3452 2604 in
3488 2568 3696 2609 mona-

2054 2624 2234 2678 sterio
2267 2641 2369 2680 suo
2402 2643 2507 2682 suo
2539 2628 2816 2684 Pelecetae
2847 2633 3299 2703 comprehensos
3338 2653 3485 2706 esse,
3517 2657 3702 2712 eoque

2054 2720 2292 2784 vastato,
2326 2717 2395 2768 ab
2446 2716 2646 2771 eodem
2699 2718 3240 2778 Lachanodracontc
3285 2743 3484 2782 versus
3518 2730 3700 2798 Ephe-

2052 2817 2184 2856 sum
2205 2803 2506 2872 abductos,
2521 2805 2602 2859 ibi
2623 2808 2878 2878 martyrii
2897 2809 3148 2879 palmam
3167 2813 3507 2870 obtinuisse.
3527 2817 3698 2874 Porro

2051 2890 2202 2946 inter
2235 2893 2552 2963 praefectos.
2585 2911 2730 2965 quos
2774 2914 2935 2952 num.
2971 2901 3313 2969 prmcedenti
3348 2920 3380 2958 a
3404 2905 3697 2979 Coprony-

2052 2997 2168 3047 mo,
2195 2982 2510 3039 indictione
2532 2985 2758 3054 quinta,
2786 2987 2842 3040 in
2872 2988 3200 3058 provincias
3226 2992 3432 3049 missos
3453 3011 3581 3050 esse
3606 2997 3696 3051 di-

2049 3069 2264 3139 ximus,
2284 3074 2620 3128 nominatur
2636 3091 2668 3129 a
2690 3075 3044 3147 Theophane
3063 3078 3186 3148 ipse
3211 3080 3696 3142 Lachanodracon

2051 3159 2168 3227 ille,
2201 3161 2295 3215 cui
2330 3161 2516 3216 thema
2552 3163 2692 3218 Asiae
2723 3165 2958 3221 Minoris
2988 3168 3271 3224 traditum
3306 3172 3528 3240 scribit,
3553 3173 3699 3230 alias

297 3252 578 3308 rationem
612 3268 780 3307 suam
813 3251 1081 3318 absolvit,
1107 3251 1177 3306 de
1201 3251 1367 3322 Cypri
1402 3251 1665 3321 praefecto
1697 3252 1811 3307 dici
1845 3269 1940 3323 po-
1971 3248 2021 3315 C
2053 3250 2270 3304 dictum
2297 3252 2761 3309 Thracesiorum.
2790 3255 3092 3327 Perperam
3113 3258 3332 3330 itaque,
3353 3269 3408 3315 ut
3433 3262 3485 3317 id
3515 3265 3700 3321 obiter

290 3339 466 3396 tuisse
497 3342 647 3412 (28):
683 3341 775 3395 Sic
824 3347 1090 3395 sanctum
1123 3340 1315 3394 virum
1348 3339 1754 3395 holocaustum
1808 3342 1941 3411 igne

289 3430 479 3486 effecit
529 3446 784 3502 nequam
833 3431 1179 3501 imperatore
1211 3429 1599 3500 (Copronymo
1633 3430 1936 3501 nimirum)

287 3521 535 3590 nequior
559 3520 883 3588 praefectus,
905 3519 1002 3574 ille
1028 3534 1235 3590 nempe
1256 3518 1642 3589 ’I‘heOpbanes
1669 3519 1941 3592 Lardoty-

287 3625 408 3673 rus,
436 3610 505 3663 de
527 3625 643 3679 quo
672 3625 870 3679 supra.
899 3609 1008 3663 Sed
1033 3609 1104 3662 de
1130 3608 1296 3663 Creta
1320 3609 1522 3679 utique
1544 3613 1768 3678 poterat
1799 3610 1934 3675 dici,

288 3713 467 3768 quam
499 3698 653 3752 idem
687 3697 1241 3769 Porphyrogenneta
1272 3698 1504 3752 nonnisi
1528 3698 1636 3753 sub
1661 3698 1938 3755 Michaele

286 3785 466 3842 Balbo
499 3803 529 3841 ει
565 3787 868 3842 Saracenis
900 3791 1126 3858 captam
1160 3787 1411 3840 afﬁrmat
1444 3785 1578 3857 (29).

2049 3343 2267 3403 notem,
2295 3339 2516 3395 Goarus
2549 3341 2639 3396 hic
2670 3343 2869 3398 thema
2899 3345 3322 3404 Thracensium
3350 3350 3698 3423 interpreta-

2049 3431 2148 3482 tus
2176 3433 2263 3482 est
2295 3428 2443 3499 (38);
2480 3446 2611 3484 nam
2662 3429 2873 3486 horum
2923 3433 3118 3489 thema
3153 3436 3208 3489 in
3245 3438 3472 3507 Europa
3511 3443 3692 3498 eitum

2047 3522 2190 3582 erat,
2217 3517 2667 3574 Thracesiorum
2691 3535 2824 3574 vero
2848 3523 3346 3591 complectebatur
3366 3529 3558 3584 Asiam
3594 3533 3696 3585 Mi-

2049 3622 2265 3660 norem.
2303 3608 2574 3677 Apprime
2607 3625 2672 3662 ea
2703 3609 3032 3681 distinguit,
3059 3613 3232 3668 simul
3267 3631 3470 3671 vocum
3504 3625 3692 3690 etyma

2048 3696 2301 3760 tradens,
2339 3697 2757 3752 Constantinus
2800 3700 3341 3770 Porphyrogenneta
3376 3707 3431 3758 in
3467 3710 3692 3765 laudato

2047 3799 2216 3854 opere
2246 3786 2315 3838 de
2348 3785 2727 3841 Thematibus
2775 3788 2908 3857 (39).
2943 3788 3187 3844 Indictio
3231 3800 3416 3848 autem
3466 3797 3692 3867 quinta,

361 3876 445 3929 12.
481 3875 738 3946 Tempus
792 3874 1048 3946 martyrii
1082 3889 1148 3929 ex
1190 3873 1560 3944 Theophane,
1593 3889 1724 3928 cum
1777 3875 1935 3930 Actis
2039 3873 2162 3942 jam
2198 3875 2474 3940 indicata,
2507 3876 2846 3947 incipiebat,
2881 3882 2944 3932 ut
2992 3879 3269 3946 diximus,
3304 3900 3335 3937 a
3365 3888 3690 3955 Septembri

282 3970 337 4024 S.
373 3966 650 4037 Stephani
685 3965 894 4021 collato
922 3966 1005 4020 sic
1038 3964 1214 4018 statui
1252 3971 1456 4034 potest.
1490 3968 1698 4019 Narrat
1727 3963 1823 4018 ille
1863 3965 1933 4018 ad

279 4073 498 4113 annum
553 4055 755 4110 mundi
805 4056 969 4119 6257,
1022 4055 1131 4108 sub
1182 4053 1500 4108 indictione
1550 4057 1756 4123 quarta
1795 4054 1932 4124 (30),

279 4146 714 4216 Copronymum
743 4145 1017 4198 omnibus
1041 4143 1704 4212 subditisjuramentum
1727 4158 1936 4213 praece-

279 4235 459 4304 pisse,
512 4249 582 4287 ne
643 4233 1003 4302 imaginibus
1064 4232 1493 4287 venerationem
1555 4230 1932 4299 exhiberent;

282 4339 436 4377 anno
469 4337 598 4375 vero
633 4324 924 4390 sequenti,
960 4322 1277 4376 indictione
1325 4321 1526 4389 quinta
1569 4321 1701 4390 (31),
1739 4322 1934 4388 praefe-

281 4417 405 4466 ctos
437 4411 496 4464 in
530 4409 850 4479 provincias
877 4425 975 4464 seu
1006 4411 1262 4465 themata
1295 4411 1551 4475 misisse,
1578 4410 1678 4480 qui
1701 4411 1930 4465 easdem

280 4501 363 4555 ibi
390 4501 447 4554 in
473 4499 812 4566 monachos,
829 4514 976 4568 quas
999 4499 1122 4569 ipse
1141 4498 1571 4567 Cpoli,edcrent
1594 4499 1929 4570 tragmdias.

2045 3963 2180 4016 anni
2216 3964 2356 4032 766;
2389 3965 2483 4018 sed
2517 3981 2648 4020 cum
2681 3965 3110 4023 Theosterictus
3145 3974 3561 4028 monasterium
3595 3975 3692 4031 Pe-

2045 4049 2236 4106 lecetac
2284 4069 2315 4107 a
2365 4053 2931 4122 Lachanodraconte,
2965 4055 3106 4112 feria
3155 4060 3360 4128 quinta
3407 4061 3465 4116 in
3515 4064 3689 4120 Coena

2044 4140 2296 4210 Domini,
2333 4143 2596 4198 invasum
2650 4149 2862 4216 narret,
2896 4147 3208 4202 dicendum
3259 4152 3366 4206 erit
3405 4153 3462 4207 id
3502 4157 3688 4210 conti-

2042 4231 2196 4302 gisse
2227 4250 2379 4289 anno
2412 4235 2532 4300 767,
2559 4235 2652 4291 die
2683 4252 2773 4290 xvx
2809 4238 3044 4307 Aprilis,
3079 4242 3308 4310 quando
3339 4245 3564 4300 Pascha
3596 4247 3687 4302 die

2041 4337 2153 4376 xix.
2182 4325 2519 4394 Martyrium
2545 4329 2738 4380 autem
2757 4326 2994 4397 triginta
3017 4334 3145 4383 octo
3169 4332 3458 4387 sociorum
3495 4335 3685 4392 Theo-

2042 4411 2283 4481 stericti,
2317 4414 2471 4482 quod
2502 4414 2559 4468 in
2593 4414 2800 4485 Ephesi
2846 4417 3112 4487 partibus
3145 4421 3405 4491 contigit,
3441 4425 3686 4495 afﬁgen-

2041 4500 2176 4554 dum
2233 4506 2319 4556 est
2362 4503 2616 4572 profecto
2670 4505 2855 4559 eidem
2889 4523 3042 4561 anno
3072 4508 3197 4574 769,
3233 4509 3519 4579 siquidem
3554 4520 3688 4570 ante

282 4590 460 4645 Porro
508 4587 801 4656 monachi,
838 4587 938 4657 qui
971 4603 1124 4642 anno
1153 4588 1260 4640 767
1292 4603 1421 4642 cum
1451 4591 1506 4640 S.
1542 4587 1830 4658 Stephano
1867 4589 1927 4643 in
1961 4623 2016 4688 D
2043 4589 2217 4644 tinem
2248 4593 2591 4647 Novembris
2617 4591 2772 4648 illius
2795 4595 2954 4662 anni,
2979 4596 3037 4650 S.
3065 4596 3356 4667 Stephano
3380 4599 3436 4653 in
3460 4617 3687 4658 carcere

278 4694 510 4734 carcere
563 4676 811 4748 praetorii
861 4676 1259 4741 versabantur,
1289 4676 1361 4730 de
1391 4674 1732 4731 crudelitate
1782 4693 1929 4748 prze-
1961 4674 2012 4688 "
2042 4683 2339 4733 narratum
2374 4680 2500 4734 fuit.
2527 4680 2686 4736 Diem
2713 4683 2973 4754 martyrii
2995 4685 3276 4752 assignari
3313 4689 3453 4744 forte
3479 4690 3685 4760 poteri-

283 4768 565 4823 fectorum
619 4766 677 4820 in
727 4764 1040 4836 provinciis
1097 4763 1350 4834 plurima
1409 4770 1733 4820 memorant
1791 4767 1925 4837 (32).

276 4857 422 4912 Cum
457 4859 656 4911 autem
685 4855 940 4926 quadam
973 4853 1066 4908 die
1099 4869 1214 4907 una
1257 4867 1388 4907 cum
1421 4851 1631 4908 vinctis
1661 4852 1792 4910 aliis
1823 4855 1926 4911 Pa-

2040 4785 2172 4825 mus
2206 4771 2261 4824 in
2295 4771 2444 4826 hunc
2489 4773 2746 4827 modum.
2782 4773 3016 4830 Ohtinet
3047 4775 3282 4846 quidem
3315 4777 3435 4832 haec
3468 4786 3681 4853 marty-

2037 4873 2167 4912 rum
2226 4858 2436 4916 cohors
2485 4860 2544 4915 in
2595 4861 3008 4932 Martyrologio
3067 4864 3326 4922 Romano
3384 4867 3537 4924 diem
3596 4887 3674 4927 xu

275 4945 462 5000 tribus
519 4945 746 5002 sederet
804 4944 888 4998 vir
930 4949 1187 5009 sanctus,
1231 4956 1422 4996 sermo
1480 4946 1668 4998 motus
1719 4947 1808 4998 est
1854 4945 1924 5000 de
2028 4947 2315 5016 Januarii,
2365 4950 2435 5003 ad
2481 4965 2656 5020 quem
2701 4952 3035 5008 decessore
3085 4955 3264 5010 nostri
3315 4955 3386 5011 de
3428 4956 3501 5014 iis
3544 4973 3677 5032 ege-

345 5108 458 5177 (25)
489 5106 763 5180 Analecta
793 5108 1006 5162 Graeca.
1028 5106 1225 5180 Paris,
1262 5106 1420 5175 1688,
1453 5123 1509 5180 p.
1541 5108 1666 5166 504.

345 5181 451 5248 (26)
483 5178 754 5234 Analecta
786 5180 1001 5247 Graeca,
1027 5177 1134 5233 loc.
1169 5181 1268 5235 cit.

344 5250 456 5320 (27)
489 5250 638 5304 Edit.
674 5251 881 5316 Bonn.,
916 5267 971 5320 p.
1002 5251 1089 5304 40.

344 5322 456 5391 (28)
488 5322 761 5376 Analecta
793 5323 1010 5388 Graeca,
1045 5338 1099 5391 p.
1131 5323 1256 5376 505.

341 5391 454 5461 (29)
487 5391 565 5445 De
595 5393 815 5446 admin.
853 5394 1018 5458 lmp.,
1054 5409 1181 5462 cap.
1215 5411 1350 5449 χχιι.

343 5463 861 5588 (303.1(‘sggophanis
923 5464 1414 5536 Chronographia,
1482 5466 1692 5520 Bonum
1755 5466 1911 5534 1839,

349 5551 394 5596 ι,
426 5551 478 5602 p.
509 5551 635 5588 0/5.

341 5607 452 5675 (31)
487 5605 654 5672 lbid.,
691 5624 746 5677 p.
777 5606 902 5661 681.

340 5678 451 5748 (32)
484 5677 755 5733 Analecta
788 5678 1003 5744 Graeca,
1041 5693 1094 5748 p.
1126 5678 1251 5731 504.

2099 5110 2215 5252 E33)
2243 5111 2308 5165 T.
2344 5111 2391 5166 Il
2424 5111 2634 5182 Martii,
2667 5129 2722 5185 p.
2755 5115 2881 5172 609.

2123 5183 2213 5252 34)
2245 5183 2388 5237 Ibid.

2099 5183 2213 5252 (34)
2245 5183 2388 5237 Ibid.
2668 5183 2684 5185 “

2099 5253 2212 5325 (35)
2243 5255 2305 5309 T.
2348 5257 2367 5309 Ι
2400 5255 2605 5324 April.,
2643 5273 2697 5326 p.
2729 5257 2819 5312 30.

2094 5325 2210 5395 (36)
2358 5326 2512 5381 diem
2543 5325 2658 5382 xvxi
2690 5329 2898 5399 Martii,
2923 5331 3036 5386 Cfr.
3061 5334 3203 5391 Acta
3224 5335 3349 5404 SS.,
3372 5340 3412 5393 t.
3443 5340 3489 5396 II
3523 5341 3672 5398 Mar-

2024 5395 2111 5463 tii,
2147 5414 2198 5465 p.
2231 5398 2356 5452 609.

2095 5469 2205 5550 (37)
2234 5468 2314 5523 De
2363 5484 2475 5540 qua
2525 5469 2767 5542 ratione,
2799 5471 2930 5528 vide
2973 5491 3172 5547 supra,
3204 5494 3260 5538 n.
3293 5482 3327 5534 7
3356 5483 3663 5543 Commen-

2092 5611 2198 5686 (38)
2229 5610 2591 5686 Theophan,
2629 5616 2667 5669 Ι.
2702 5631 2774 5682 c.,
2809 5633 2862 5686 p.
2895 5618 3021 5673 681.

2093 5683 2201 5752 (39)
2231 5683 2352 5740 Lib.
2387 5700 2427 5753 ι,
2459 5685 2641 5741 them.
2676 5704 2760 5754 ιιι,
2794 5683 2849 5744 et
2879 5688 2979 5746 lib.
3015 5707 3074 5759 ιι,
3109 5693 3288 5752 them.
3326 5698 3373 5753 1.

2021 5541 2172 5594 tarii.
