4106 6200
432 301 583 365 1091

1793 300 2079 362 MENSIS
2125 299 2507 366 OCTOBER.

3675 313 3832 374 1092

429 467 568 520 runt
594 461 727 532 (40),
762 461 859 518 sed
894 459 953 516 hi
986 459 1241 515 fatentur
1270 459 1418 514 sein
1455 459 1632 514 nullis
1683 459 1845 514 fastis
1877 461 1945 514 ad
1981 460 2069 514 di-
2109 460 2480 536 Απτόμενος)
2530 480 2634 536 pro
2681 465 2893 521 Christi
2945 466 3198 539 imagine
3247 485 3456 536 caesus,
3503 470 3671 528 illum
3722 472 3834 528 Da-

430 558 589 609 ctum
631 553 784 607 diem
836 551 1209 621 consignatos
1240 566 1338 605 eos
1370 549 1672 619 reperisse.
1709 554 1913 606 Postea
1945 565 2073 605 vero

429 642 662 698 eosdem
694 641 892 697 obvios
921 640 1250 694 habuerunt
1282 639 1338 692 in
1375 638 1795 709 pretiosissimo
1828 639 2074 711 Synaxa-

427 732 570 787 rista
617 728 1002 794 Chiﬂletiano,
1044 728 1113 782 ad
1168 728 1320 782 diem
1351 745 1386 781 ιι
1420 727 1576 781 Junii
1608 744 1620 794 ;
1657 744 1787 781 nam
1840 728 2070 783 eosdem

428 837 573 885 esse,
610 836 677 875 ex
727 819 1058 874 narratione
1088 818 1464 872 Theostericli
1520 834 1653 871 cum
1711 818 2073 889 synaxarisla

422 910 524 966 illo
549 909 761 966 collata
780 909 917 979 (41),
941 907 1176 962 cuilibet
1197 906 1569 961 manifestum
1594 907 1711 971 fiet,
1737 923 2068 977 quanquam

422 999 855 1055 Henschenium
893 1002 1155 1052 nostrum
1189 996 1248 1051 id
1281 1001 1406 1050 tum
1441 996 1632 1065 fugere
1663 997 1869 1066 potuit.
1897 996 2068 1051 Porro

424 1089 696 1144 laudatus
747 1087 1140 1158 synaxaristes
1180 1101 1291 1139 non
1326 1084 1514 1139 solum
1550 1086 1618 1138 ad
1655 1085 1807 1138 diem
1841 1103 1881 1139 ιι
1909 1085 2068 1153 Junii

424 1194 524 1234 eos
546 1179 758 1249 signat,
785 1178 882 1231 sed
913 1180 1188 1248 praeterea
1212 1174 1358 1230 satis
1383 1180 1577 1245 aperte
1601 1174 1946 1230 insinuatiis
1969 1175 2067 1229 illo

427 1269 520 1323 die
551 1267 804 1339 palmam
841 1267 1098 1337 martyrii
1123 1266 1422 1337 obtigisse.
1449 1266 1529 1320 Ex
1552 1266 1760 1335 quibus
1785 1265 2069 1320 verisimi-

423 1357 555 1414 liter
577 1357 920 1412 conficimus
952 1357 1058 1412 hos
1079 1356 1421 1424 monachos,
1449 1372 1643 1411 mense
1665 1372 1799 1410 cum
1823 1356 2066 1411 dimidio

423 1453 733 1518 postquam
764 1446 1181 1502 monasterium
1209 1462 1381 1500 suum
1409 1445 1676 1501 Pelecetze
1699 1449 1987 1500 vastatum
2013 1451 2068 1501 et

421 1538 792 1592 combustum
843 1536 1131 1604 viderunt,
1175 1551 1352 1605 prope
1401 1534 1692 1602 Ephesum
1753 1535 2066 1590 suﬂ'ocatos

421 1629 624 1699 fuisse,
658 1628 750 1684 die
781 1627 999 1685 scilicet
1029 1645 1067 1682 11
1103 1628 1258 1684 Junii
1293 1629 1431 1683 anni
1459 1628 1584 1682 757.

495 1721 578 1774 14.
615 1719 693 1774 De
724 1720 782 1774 S.
820 1719 986 1775 Petro
1033 1720 1102 1774 de
1153 1717 1510 1784 Blachernis,
1562 1734 1730 1789 quem
1781 1734 1945 1773 num.
2002 1720 2061 1774 11

423 1816 551 1882 post
571 1813 628 1863 S.
653 1807 896 1864 Paulum
921 1810 1248 1864 Cretensem
1271 1809 1600 1878 posuimus,
1620 1807 1869 1877 plurima
1893 1808 2064 1863 etiam
2098 1845 2150 1910 B

423 1915 490 1954 ex
514 1898 673 1955 Actis
703 1899 760 1952 S.
795 1898 1064 1969 Stephani
1105 1898 1495 1952 innotescunt.
1532 1897 1959 1967 Papebrochius
1993 1897 2064 1952 ad

421 1990 573 2046 diem
606 2006 700 2044 xw
739 1988 870 2043 Maii
918 1988 1030 2058 (42)
1080 2004 1149 2043 ex
1199 1987 1433 2042 laudato
1483 1989 1841 2058 synaxarista
1890 1988 1998 2045 Ms.
2031 2006 2065 2044 a

421 2079 710 2134 Chifﬂetio
767 2081 964 2132 nostro
1025 2079 1280 2145 accepto,
1328 2076 1398 2130 de
1437 2076 1494 2131 S.
1539 2076 1701 2130 Petro
1761 2078 2062 2146 sequentia

421 2167 852 2238 depromitz‘O
920 2163 971 2217 ἐν
1056 2161 1390 2237 Βλαχὲρναις
1460 2161 1684 2237 Πέτρος,
1750 2163 2062 2239 βουνεύροις

419 2256 756 2325 τυπτόμενος
787 2252 1088 2306 τελειοῦται
1119 2271 1131 2319 ;
1164 2254 1217 2308 id
1273 2258 1396 2308 est:
1431 2256 1636 2309 Petrus
1683 2253 1740 2308 in
1791 2254 2063 2310 Blacher-

423 2345 508 2399 nis
527 2344 821 2409 habitans,
844 2342 1056 2398 laureis
1078 2358 1283 2408 casus,
1307 2343 1650 2414 martyrium
1675 2352 2063 2401 consummat.

422 2436 592 2489 Recte
641 2432 1072 2503 Papebrochius
1121 2433 1357 2502 conjicit
1407 2432 1499 2487 hic
1543 2433 1635 2502 agi
1679 2434 1750 2489 de
1789 2434 2066 2491 alterutro

431 2524 679 2578 duorum
715 2526 1056 2594 martyrum,
1082 2539 1229 2593 quos
1251 2522 1636 2594 Theophanes
1662 2523 1731 2577 ad
1757 2539 1970 2578 annum
1996 2525 2060 2580 21

421 2617 477 2669 et
505 2614 573 2666 27
605 2612 943 2683 Copronymi
999 2613 1207 2678 refert;
1241 2629 1306 2666 en
1363 2613 1542 2682 hujus
1591 2613 1846 2669 historici
1891 2614 2064 2668 verba

420 2700 623 2755 Latine
654 2716 820 2755 versa
847 2699 958 2768 (43)
980 2715 992 2753 :
1018 2700 1227 2754 Eodem
1261 2700 1432 2754 etiam
1469 2716 1620 2754 anno
1645 2701 1871 2771 (mundi
1901 2703 2060 2767 6253,

418 2788 777 2845 Constantini
811 2789 900 2858 2|)
932 2789 1342 2844 Constantinus
1394 2794 1731 2860 persecutor
1775 2790 2062 2845 Andream

416 2880 808 2937 venerabilem
843 2880 1208 2947 monachum,
1231 2879 1547 2950 Calybitam
1572 2881 1814 2948 dictum,
1840 2882 1908 2935 ad
1938 2882 2061 2936 Bla~

421 2971 668 3025 chernas
701 2969 1086 3035 habitantem,
1119 2969 1175 3022 in
1215 2969 1405 3023 Sancti
1442 2971 1753 3023 Mamantis
1789 2970 1937 3024 circo
1970 2970 2066 3024 ﬂa-

421 3060 590 3130 gellis
622 3058 926 3123 interfecit,
963 3059 1113 3128 quod
1151 3059 1279 3126 ejus
1313 3057 1688 3127 impietatem,
1723 3075 1787 3113 eo
1822 3059 2066 3114 Valente

2181 554 2413 610 cianum
2458 560 2513 610 et
2561 557 3056 626 prevaricatorem
3111 559 3289 616 libere
3335 561 3708 632 appellando,
3743 579 3838 617 su-

2181 643 2474 716 blatisque
2497 646 2563 700 ad
2590 646 2776 702 Deum
2807 647 2990 702 oculis
3022 647 3288 717 dicendo,
3315 650 3544 706 Gratias
3566 651 3668 706 tibi
3701 669 3830 724 ago,

2180 733 2444 802 Domine,
2478 737 2537 788 in
2575 737 2781 791 mediis
2826 737 3135 791 verberum
3181 739 3534 795 cruciatibus
3576 743 3834 813 exspira-

2179 824 2257 878 vit
2289 825 2422 896 (44).
2457 827 2537 881 Ad
2574 826 2690 881 haec
2723 827 2977 898 primum
3028 829 3388 885 advertimus
3415 847 3566 897 eum,
3601 834 3702 902 qui
3739 832 3828 889 hic

2178 912 2485 984 Decianus,
2521 916 2577 969 id
2629 921 2716 972 est
2765 923 3095 987 persecutor
3145 919 3504 975 saevissimus
3552 923 3687 991 (45),
3723 939 3823 993 ap-

2178 1002 2445 1073 pellatur,
2467 1022 2495 1057 a
2517 1006 2904 1076 Metaphraste
2935 1007 2990 1061 in
3024 1008 3222 1062 eadem
3249 1009 3365 1063 vita
3397 1011 3549 1081 apud
3582 1011 3821 1065 Surium

2178 1093 2246 1147 ad
2283 1093 2432 1150 diem
2467 1111 2645 1150 xxvm
2678 1095 2951 1151 Novemb.
2985 1097 3288 1152 Julianum
3317 1102 3650 1170 Apostatam
3682 1101 3820 1164 dici,

2178 1184 2331 1252 quod
2397 1183 2738 1255 Theophani
2797 1202 3034 1256 prorsus
3091 1204 3414 1243 consonum
3472 1195 3560 1243 est
3616 1192 3822 1260 (supra

2177 1289 2341 1327 num.
2379 1274 2485 1343 14).
2525 1273 2738 1328 Deinde
2762 1275 2987 1346 reliqua
3018 1276 3215 1331 omnia
3242 1294 3365 1349 qua:
3399 1279 3452 1333 S.
3489 1278 3819 1348 Stephanus

2176 1367 2373 1418 narrat
2397 1365 2466 1417 de
2500 1367 2660 1418 Petro
2693 1365 2750 1418 in
2786 1364 3118 1420 Blachernis
3165 1366 3411 1435 incluso,
3447 1369 3591 1422 nihil
3634 1369 3818 1423 diver-

2176 1467 2302 1508 sum
2354 1452 2570 1507 habent
2619 1457 2824 1524 prater
2872 1454 3058 1509 solum
3120 1472 3353 1524 nomen,
3387 1457 3458 1511 ab
3491 1457 3561 1512 iis
3592 1473 3720 1528 quae
3755 1459 3822 1513 de

2175 1542 2407 1596 Andrea
2441 1542 2498 1595 in
2533 1543 2866 1599 Blachernis
2899 1543 3155 1616 Calybita
3185 1545 3389 1600 scribit
3416 1547 3819 1618 Theophanes.

2175 1629 2455 1684 Praeterea
2487 1632 2533 1685 si
2566 1630 2972 1700 Theophanes,
3007 1633 3105 1687 ubi
3137 1633 3207 1688 de
3245 1634 3408 1689 Petro
3444 1633 3640 1706 stylita
3674 1636 3814 1689 scri-

2175 1720 2259 1774 bit
2307 1723 2386 1790 (n.
2432 1721 2542 1792 14),
2574 1737 2702 1776 vere
2753 1722 2982 1778 Petrum
3030 1723 3089 1777 in
3147 1723 3477 1780 Blachernis
3527 1724 3821 1781 inclusum

2175 1809 2527 1880 designaret,
2580 1826 2702 1879 quae
2750 1811 2819 1866 de
2867 1810 2978 1865 isto
3032 1817 3363 1879 narrantur,
3393 1829 3522 1868 cum
3579 1813 3822 1869 historia

2173 1900 2227 1953 S.
2261 1899 2536 1970 Stephani
2566 1900 2834 1971 componi
2864 1917 2976 1955 non
3009 1907 3268 1972 possent.
3303 1903 3550 1960 Sanctus
3577 1905 3818 1974 Stepha-

2176 2004 2281 2042 nus
2311 1989 2488 2057 enim,
2533 1994 2596 2043 ut
2628 2006 2729 2044 suo
2781 1989 2905 2045 loco
2947 1991 3350 2061 probabimus,
3383 2009 3416 2048 a
3444 2010 3644 2049 mense
3674 1994 3816 2049 Nov.

2173 2078 2278 2132 763
2312 2093 2492 2147 usque
2520 2079 2590 2133 ad
2627 2079 2796 2134 tinem
2831 2079 2966 2134 anni
2998 2081 3104 2134 766
3133 2081 3190 2135 in
3223 2081 3424 2137 exsilio
3457 2082 3582 2149 fuit,
3617 2087 3674 2137 et
3702 2083 3816 2137 cir-

2176 2167 2314 2222 citer
2345 2168 2415 2221 ab
2451 2167 2689 2222 ineunte
2715 2168 2992 2224 Januario
3018 2170 3121 2223 767
3146 2185 3272 2224 cum
3297 2171 3588 2241 praedictis
3619 2187 3820 2225 mona-

2175 2256 2300 2312 chis
2358 2257 2417 2310 in
2471 2272 2698 2313 carcere
2754 2257 3006 2312 Praetorii
3057 2259 3413 2314 versabatur.
3463 2261 3540 2314 Ex
3604 2261 3818 2330 quibus

2174 2346 2471 2417 probabile
2506 2347 2569 2400 fit
2600 2352 2734 2402 ante
2759 2348 2867 2401 763
2895 2351 2950 2401 S.
2985 2353 3298 2420 martyrem
3324 2351 3577 2418 Petrum,
3602 2352 3673 2405 de
3703 2368 3816 2419 quo

2174 2439 2392 2504 narrat,
2427 2435 2772 2491 occubuisse
2802 2461 2816 2502 ς
2851 2453 2986 2491 nam
3017 2437 3293 2507 alioquin,
3329 2441 3426 2509 qui
3462 2456 3571 2494 non
3608 2440 3823 2494 melius

2180 2525 2447 2580 monachi
2496 2529 2553 2582 S.
2587 2526 2899 2597 Stephano,
2946 2544 3118 2598 quam
3165 2528 3263 2584 hic
3308 2529 3443 2595 illis,
3481 2530 3823 2600 martyrium

2177 2612 2335 2666 istud
2369 2614 2778 2667 enarrassent?
2800 2613 2994 2685 Neque
3018 2614 3073 2668 S.
3102 2615 3359 2669 Andreas
3391 2615 3446 2668 in
3481 2615 3824 2670 Blachernis

2175 2717 2352 2772 prope
2383 2700 2604 2772 Cpolim
2633 2701 2949 2772 habitabat,
2975 2708 3038 2757 ut
3067 2703 3444 2774 Theophanes
3473 2703 3692 2771 scribit,
3717 2706 3820 2759 sed

2175 2806 2242 2845 ex
2290 2793 2458 2846 Creta
2507 2791 2819 2846 adveniens
2852 2793 2920 2845 ad
2957 2791 3307 2846 Blachernas
3337 2810 3397 2846 se
3430 2793 3692 2859 contulit,
3725 2795 3821 2848 ubi

2175 2883 2574 2952 Copronymus
2608 2881 2666 2936 in
2700 2881 2912 2952 palatio
2946 2899 3050 2936 suo
3080 2883 3202 2937 Divi
3234 2885 3540 2938 Mamantis
3581 2885 3639 2937 in
3678 2901 3826 2938 mar-

2175 2981 2325 3042 tyres
2356 2972 2649 3038 saeviebat,
2673 2972 3018 3041 quibuscum
3045 2971 3196 3026 illico
3219 2977 3413 3028 tentus
3445 2977 3552 3027 est.
3579 2974 3828 3027 Testan-

2174 3064 2267 3115 tur
2291 3061 2344 3114 id
2368 3063 2508 3115 Acta
2539 3065 2596 3114 et
2624 3060 3005 3132 Synaxarium
3039 3077 3209 3131 supra
3242 3061 3488 3117 relatum
3522 3063 3712 3133 (num.
3734 3065 3821 3133 5).

419 3146 650 3216 juniore
680 3149 735 3200 et
765 3146 993 3200 Juliano
1035 3146 1301 3211 vocitato,
1336 3145 1665 3216 arguisset;
1700 3149 1823 3216 ejus
1869 3154 2062 3202 autem
2107 3221 2126 3223 _
2171 3150 2286 3204 Nec
2316 3150 2487 3204 etiam
2521 3153 2802 3220 tyrannus
2842 3151 3026 3220 jussit
3071 3166 3201 3206 eum
3248 3168 3436 3223 usque
3468 3153 3534 3205 ad
3569 3157 3818 3206 mortem

421 3252 634 3306 corpus
676 3234 734 3290 in
785 3235 1066 3288 ﬂuentum
1119 3235 1322 3304 projici
1369 3235 1642 3303 jusserat,
1678 3239 1775 3291 sed
1827 3238 2064 3295 Andreae
2093 3221 2142 3288 C
2175 3237 2368 3307 ﬂagris
2400 3238 2562 3305 caadi,
2597 3243 2659 3292 ut
2691 3238 2898 3293 iterum
2933 3239 3316 3310 Theophanes
3343 3221 3564 3309 scribit,
3593 3245 3650 3295 et
3680 3241 3820 3294 dein

431 3342 657 3381 sorores
686 3325 878 3395 ipsum
931 3325 1256 3389 efferentes,
1290 3324 1345 3379 in
1385 3325 1653 3381 Leucadii
1685 3328 1942 3397 emporio
1974 3345 2062 3384 se-

429 3413 672 3484 pulturae
707 3415 1077 3468 mandarunt.
1107 3415 1169 3467 Et
1192 3431 1341 3469 anno
1376 3415 1578 3469 mundi
1601 3417 1760 3482 6259,
1785 3419 2066 3472 Constan-

426 3503 530 3558 tini
564 3503 652 3556 27.
687 3502 950 3558 Ceterum
997 3504 1066 3557 ab
1115 3502 1222 3558 hoc
1267 3509 1528 3574 tempore
1575 3506 1777 3575 majori
1829 3508 2063 3563 vesania

426 3592 486 3647 in
520 3600 752 3648 sanctas
783 3593 880 3647 Dei
914 3593 1198 3648 Ecclesiae
1234 3593 1555 3660 ferebatur;
1591 3595 1748 3650 misit
1779 3597 1931 3651 enim
1966 3597 2063 3667 qui

429 3683 658 3738 Petrum
709 3683 1096 3738 venerabilem
1144 3683 1399 3755 stylitam
1434 3701 1466 3738 a
1509 3689 1667 3756 petra
1716 3688 2064 3753 exturbaret,

425 3789 673 3843 eumque
704 3771 1078 3842 dogmatibus
1110 3774 1233 3827 suis
1266 3783 1662 3844 repugantem,
1692 3775 1879 3829 vivum
1915 3775 2066 3846 pedi-

426 3861 534 3917 bus
565 3862 845 3928 vinctum,
879 3878 943 3915 ac
977 3878 1076 3932 per
1109 3862 1329 3917 medias
1361 3862 1520 3916 urbis
1553 3862 1670 3916 vias
1717 3852 2064 3932 pcrlractum

427 3951 482 4005 in
517 3950 746 4022 Pelagia
777 3951 977 4021 projici
1006 3950 1199 4020 jussit,
1226 3951 1371 4005 alios
1403 3968 1536 4005 vero
1570 3951 1751 4006 saccis
1785 3952 2065 4020 inclusos,

424 4040 674 4109 alligatis
707 4039 974 4110 pedibus,
1010 4039 1067 4092 in
1102 4055 1257 4093 mare
1289 4039 1566 4110 demergi.

497 4130 582 4181 15.
617 4128 1004 4197 Synaxaristaa
1035 4144 1140 4180 suo
1176 4127 1602 4198 Papebrochius
1634 4127 1880 4184 nimium
1914 4130 2064 4184 diffi-

429 4216 533 4279 dit,
565 4217 697 4270 dum
751 4217 1068 4271 arbitratur
1117 4232 1246 4270 eum
1298 4217 1412 4270 duo
1459 4215 1634 4271 allata
1686 4219 1958 4290 martyria
2005 4218 2064 4274 in

425 4320 607 4358 unum
641 4305 922 4360 conflasse
951 4324 964 4374 ;
998 4305 1121 4376 ipse
1159 4305 1311 4360 enim
1345 4305 1724 4376 Theophanes
1758 4307 1849 4363 hic
1883 4325 2062 4364 unum

426 4401 731 4464 martyrem
777 4411 876 4465 pro
925 4394 1104 4450 altero
1145 4395 1360 4465 posuit,
1395 4399 1459 4449 ut
1491 4396 1866 4452 manifestum
1900 4399 1965 4452 fit
1996 4415 2064 4454 ex

423 4483 751 4538 narratione
781 4483 837 4536 S.
872 4483 1143 4552 Stephani
1176 4482 1452 4549 Junioris,
1480 4501 1594 4553 qua
1628 4485 1940 4540 monachos
1971 4504 2064 4542 se—

2168 3329 2228 3384 in
2262 3330 2543 3384 ﬂuentum
2577 3328 2801 3398 projici,
2829 3330 2927 3384 sed
2961 3329 3270 3385 crudeliter
3292 3331 3504 3402 raptari
3530 3346 3630 3402 per
3652 3330 3808 3384 viam

2171 3418 2465 3488 publicam
2493 3436 2506 3484 ;
2535 3434 2636 3473 nec
2659 3418 2820 3488 Cpoli
2843 3435 3067 3474 sorores
3090 3436 3226 3474 suas
3250 3420 3461 3476 habere
3493 3420 3684 3491 potuit
3708 3422 3808 3492 qui

2169 3509 2228 3562 in
2253 3508 2419 3563 Creta
2444 3509 2825 3563 monasticam
2859 3507 3032 3562 vitam
3069 3510 3306 3580 degens,
3332 3509 3469 3565 illuc
3500 3511 3815 3565 advenerat

2171 3603 2234 3651 ut
2256 3597 2474 3651 cultum
2496 3597 2594 3652 SS.
2617 3597 2937 3668 imaginum
2959 3614 3148 3652 coram
3168 3603 3413 3669 tyranno
3440 3599 3810 3661 defenderet;

2173 3703 2358 3757 neque
2391 3687 2626 3740 domum
2658 3687 2713 3740 in
2747 3687 3000 3756 emporio
3051 3688 3321 3742 Leucadii
3356 3688 3427 3742 ad
3461 3689 3621 3743 littus
3653 3688 3818 3744 Asia-

2172 3774 2346 3830 ticum
2378 3775 2638 3847 Bospori,
2677 3776 2926 3831 honestae
2967 3776 3279 3846 sepulturas
3315 3777 3569 3832 mandari
3602 3778 3813 3846 potuit,

2171 3881 2344 3936 quem
2375 3865 2430 3919 in
2466 3865 2588 3935 ipsa
2620 3865 2783 3933 urbe,
2817 3865 2957 3919 dum
3008 3870 3350 3936 raptaretur,
3389 3868 3812 3936 exspirantem,

2170 3954 2229 4010 in
2279 3954 2471 4010 locum
2522 3955 3014 4022 sordidissimum,
3049 3956 3102 4010 in
3139 3955 3370 4028 Pelagia
3398 3956 3638 4018 scilicet,
3673 3974 3809 4011 cum

2170 4043 2452 4098 maleﬁcia
2474 4045 2783 4113 projecere,
2807 4059 3095 4114 quemque
3127 4044 3255 4099 dein
3284 4043 3390 4098 viri
3422 4045 3723 4099 orthodcxi
3744 4045 3810 4100 in

2167 4132 2290 4187 loco
2323 4137 2522 4188 sancto
2565 4133 2760 4201 Crisis,
2815 4135 3026 4189 iterum
3060 4133 3117 4187 in
3155 4135 3294 4188 urbe
3343 4133 3483 4203 ipsa,
3519 4134 3807 4204 deposue-

2168 4225 2323 4276 runt.
2369 4224 2505 4285 Quae
2553 4221 2783 4292 singula
2825 4238 2955 4277 cum
2994 4238 3058 4278 ex
3099 4223 3255 4277 Actis
3299 4223 3353 4276 S.
3389 4223 3629 4277 Andreae
3681 4225 3810 4277 luce

2167 4310 2405 4367 clariora
2428 4311 2566 4377 sint,
2592 4311 2966 4366 manifestum
3000 4315 3088 4366 est
3117 4311 3529 4381 Theophanem
3564 4327 3676 4366 non
3709 4311 3810 4364 ad-

2160 4401 2368 4470 juncta
2392 4400 2652 4471 martyrii
2677 4400 3041 4468 immutasse,
3067 4400 3167 4455 sed
3193 4399 3312 4454 sola
3337 4400 3570 4456 nomina
3594 4405 3810 4470 marty-

2166 4508 2291 4547 rum
2327 4491 2778 4562 transposuisae.
2809 4494 2995 4563 Atque
3027 4491 3148 4547 haec
3180 4492 3418 4557 iterum,
3451 4507 3564 4546 non
3599 4491 3807 4555 dicam,

421 4588 552 4627 cum
582 4573 640 4646 in
674 4587 898 4627 carcere
931 4571 1184 4626 Praetorii
1219 4587 1371 4626 anno
1400 4573 1505 4625 767
1543 4573 1810 4630 detentos
1841 4577 1910 4630 ad
1952 4594 2057 4647 pa-
2086 4592 2144 4658 D
2169 4581 2612 4636 confirmantur.
2650 4581 2750 4634 sed
2782 4596 2912 4635 vere
2943 4581 3421 4635 demonstrantur
3456 4595 3524 4633 ex
3564 4579 3634 4634 iis
3683 4595 3811 4649 quae

418 4660 681 4716 tientiam
714 4661 1018 4716 hortatur:
1043 4664 1286 4715 Sanctos
1317 4660 1445 4715 illos
1473 4662 1687 4727 Patres,
1721 4663 1930 4734 inquit,
1956 4667 2056 4736 qui

419 4752 568 4820 apud
607 4767 710 4804 nos
760 4750 931 4802 vitam
985 4748 1260 4819 martyrio
1311 4748 1703 4817 absolverunt,
1736 4751 2054 4810 imitemur.

421 4841 702 4896 Sanctum
724 4838 886 4894 illum
911 4838 1259 4893 monachum
1282 4840 1512 4892 Petrum
1540 4839 1685 4906 dico,
1706 4840 1762 4894 in
1788 4842 2056 4898 Blacher-

417 4933 508 4988 nis
559 4933 846 4988 inclusum
900 4928 1403 5004 (ἐγκεκλεισμένονε
1441 4931 1756 4997 inclusum,
1804 4935 2053 4991 Gallice:

417 5023 628 5091 reclus,
681 5038 795 5092 quo
845 5037 1020 5076 sensu
1074 5021 1543 5092 frequentissime
1604 5021 1720 5076 haec
1778 5040 1882 5077 vox
1932 5042 2056 5095 pro-

416 5113 534 5178 dit;
569 5127 874 5183 perperam
912 5112 1090 5181 igitur
1124 5111 1556 5180 Lipomannus:
1601 5110 1936 5168 Blachernis
1996 5114 2053 5169 in

417 5204 666 5260 vinculis
745 5204 1075 5272 conjectum
1133 5201 1233 5270 qui
1287 5204 1418 5255 ante
1493 5201 1852 5271 imperatoris
1919 5220 2054 5258 con-

417 5298 683 5364 spectuin
716 5291 1095 5348 intolerandis
1145 5291 1320 5345 boum
1373 5289 1562 5345 nervis
1601 5289 1940 5364 (βουνεύροις
1972 5314 2057 5346 τυ-

487 5453 597 5522 (40)
627 5453 691 5506 Τ.
729 5453 747 5506 Ι
777 5452 1039 5517 Januar.,
1074 5468 1129 5522 p.
1161 5451 1288 5504 747.

487 5525 598 5595 (41)
629 5524 692 5578 T.
731 5523 955 5595 lJunii,
987 5540 1041 5590 p.
1089 5523 1210 5595 168.
1262 5522 1376 5577 Cfr.
1412 5525 1453 5577 t.
1490 5522 1510 5575 Ι
1542 5522 1808 5595 Januar.,
1844 5523 1882 5578 l.
1917 5541 1963 5580 c.
2000 5531 2056 5581 et

414 5594 686 5649 Analecta
717 5594 936 5655 Graeca,
973 5611 1026 5663 p.
1060 5594 1184 5646 505.

484 5667 596 5734 (42)
626 5665 689 5721 T.
726 5666 795 5719 ιιι
830 5664 987 5728 Maii,
1022 5681 1078 5734 p.
1111 5663 1233 5718 625.

2169 4669 2340 4724 habet
2363 4668 2754 4739 Menologium
2778 4667 2970 4724 Basilii
2994 4669 3062 4722 ad
3085 4685 3258 4723 xxvnt
3283 4668 3618 4723 Novembris
3651 4673 3809 4738 post-

2166 4774 2340 4828 quam
2402 4758 2470 4812 de
2529 4759 2583 4811 S.
2617 4758 2908 4827 Stephano
2965 4757 3205 4812 Juniore
3251 4757 3388 4827 egit.
3429 4756 3702 4811 Similiter
3747 4761 3810 4810 et

2166 4848 2224 4902 S.
2261 4848 2524 4902 Andreas
2574 4848 2652 4917 (in
2705 4848 2875 4917 Crisi)
2927 4848 3174 4914 vinctus,
3210 4853 3599 4917 raptatusque,
3628 4863 3656 4899 e
3688 4846 3806 4899 vita

2164 4936 2424 4992 excessit.
2460 4941 2529 4991 At
2559 4943 2793 4991 sanctus
2835 4939 3036 4991 Petrus
3067 4935 3161 5004 (de
3193 4935 3552 5004 Blachernis)
3585 4936 3641 4988 in
3677 4951 3808 4987 car-

2166 5042 2348 5080 cerem
2384 5025 2541 5096 prius
2572 5026 2888 5094 conjectus,
2913 5025 3121 5080 deinde
3152 5024 3418 5090 eductus,
3443 5025 3663 5078 tamdiu
3702 5023 3803 5076 ﬂa-

2165 5115 2331 5186 gellis
2379 5116 2637 5177 creditur,
2673 5117 2852 5169 donec
2902 5115 3171 5182 spiritum
3209 5114 3325 5168 Deo
3360 5113 3615 5167 tradidit.
3650 5112 3802 5166 Num

2165 5211 2358 5259 autem
2394 5204 2450 5258 S.
2483 5204 2742 5258 Andreas
2774 5203 2981 5270 Stylita
3012 5204 3124 5258 dici
3157 5203 3361 5273 possit,
3387 5203 3536 5258 infra
3565 5201 3807 5272 inquiri-

2165 5311 2317 5348 mus.
2355 5299 2429 5348 De
2461 5293 2732 5365 Calybita:
2764 5307 2891 5347 vero
2924 5292 3266 5364 cognomine
3296 5307 3430 5348 cum
3466 5290 3634 5361 plura
3664 5306 3807 5344 con-

2236 5456 2347 5522 (43)
2377 5454 2734 5524 Theophan.,
2760 5458 2800 5507 t.
2836 5455 2876 5519 l,
2904 5470 2958 5523 p.
2991 5453 3117 5507 667.

2235 5525 2346 5596 (44)
2379 5525 2543 5580 Anal.
2579 5525 2791 5591 Graeca,
2827 5541 2880 5592 p.
2911 5525 3037 5579 507.

2235 5598 2351 5666 (45)
2383 5598 2494 5650 Cfr.
2530 5601 2572 5651 t.
2613 5596 2658 5652 II
2687 5596 2871 5659 Junii,
2908 5614 2960 5666 p.
2989 5597 3115 5663 788,
3151 5612 3205 5650 n.
3238 5597 3290 5650 9.
