4106 6200
269 347 420 407 1093

1452 338 1631 399 VITA
1676 335 1735 396 S.
1786 335 2122 395 ANDRE/E
2168 335 2241 394 ΙΝ
2291 333 2513 394 CRISI.

3522 337 3676 397 1094

267 507 510 578 gesserit
562 505 881 560 Bollandus
932 503 1002 558 ad
1054 501 1207 557 diem
1251 516 1321 555 xv
1368 498 1656 568 Januarii,
1699 497 1796 554 ubi
1845 498 1914 553 de
1943 497 2247 566 APhocae,
2282 497 2550 554 euiunus
2572 515 2763 555 annus
2795 501 3090 556 detractus
3113 506 3199 557 est
3230 503 3364 573 (49),
3400 504 3668 574 usquead

265 598 494 654 Joanne
525 595 808 666 Calybita,
834 595 978 648 satis
1001 591 1109 648 erit
1128 590 1218 646 hic
1250 589 1466 645 dixisse
1491 588 1633 644 illud
1660 606 1692 644 a
1713 588 1919 644 vocula

269 679 518 754 Καλύϐη,
567 701 695 756 qua:
746 689 837 739 ast
886 680 1186 754 tugurium
1240 679 1551 750 signiﬁcat,
1604 679 1916 733 deductum

270 777 470 841 fuisse,
506 776 583 829 ita
615 778 677 829 ut
709 772 998 844 Calybites
1029 770 1125 825 ille
1155 771 1232 825 sit
1264 769 1364 840 qui
1396 769 1454 822 in
1486 767 1721 840 tugurio
1755 768 1918 822 habi-

271 872 368 919 tat.
424 867 607 930 Quam
660 866 810 918 recte
856 877 987 917 vero
1037 861 1094 916 S.
1131 861 1335 915 Petrus
1390 859 1498 914 hoc
1541 865 1920 926 cognomento

273 955 633 1025 insigniatur
664 968 836 1024 quem
871 952 928 1006 S.
971 949 1301 1022 Stephanus
1339 947 1590 1019 appellat
1618 945 1717 999 Τὸν
1749 944 1921 1013 ὅσιον,

272 1043 364 1096 τὸν
426 1040 477 1096 ἐν
566 1039 899 1114 Βλαχέρναις
976 1037 1446 1113 ἐγκεκλεισμένον,
1504 1037 1656 1092 sicut
1727 1037 1919 1106 ipsum

276 1135 333 1190 S.
400 1135 758 1205 Stephanum
817 1131 1203 1201 Theophanes
1254 1129 1394 1184 dicit
1428 1144 1440 1183 :
1475 1125 1564 1180 τὸν
1607 1119 1916 1200 ἕγκλειστον

276 1223 402 1277 ὅντα
455 1222 527 1282 εἷς
576 1222 664 1275 τὸν
714 1221 863 1296 ἅγιον
914 1218 1196 1287 Αὐξέντιον
1230 1218 1407 1289 (quod
1441 1232 1653 1272 nomen
1705 1215 1920 1270 montis

275 1315 401 1382 est),
439 1329 606 1368 nemo
641 1328 753 1367 non
787 1311 939 1366 videt
969 1311 1096 1380 (46).

350 1403 436 1457 16.
487 1401 594 1457 Sed
644 1400 936 1472 quomodo
981 1397 1365 1469 Theophanes
1412 1397 1470 1451 in
1523 1395 1670 1450 hanc
1717 1393 1918 1450 confu-

273 1491 498 1546 sionem
531 1490 808 1544 devenit?
836 1488 951 1544 Nos
982 1486 1156 1542 aliam
1198 1501 1434 1541 causam
1486 1500 1599 1540 non
1650 1484 1917 1539 novimus

274 1580 387 1635 nisi
423 1579 574 1651 quod
609 1584 750 1633 tunc
773 1578 1112 1633 adolescens
1138 1576 1311 1630 fuerit
1332 1575 1520 1642 valde,
1553 1577 1618 1628 ut
1649 1573 1773 1644 ipse
1794 1589 1923 1644 pro-

274 1670 357 1725 dit
387 1668 461 1724 ad
491 1670 557 1724 A.
592 1669 651 1723 C.
686 1667 791 1722 763
824 1666 960 1737 (ipsi
1006 1681 1228 1721 annum
1259 1664 1460 1720 mundi
1494 1665 1658 1734 6255)
1689 1664 1826 1718 dum
1863 1662 1920 1716 in

278 1755 426 1810 mari
467 1753 652 1826 glacie
684 1752 1001 1810 constricto
1033 1768 1164 1806 cum
1201 1749 1397 1822 pueris
1430 1766 1491 1805 se
1523 1751 1732 1805 lusisse
1759 1766 1919 1804 com-

279 1849 582 1902 memorat.
637 1847 698 1900 In
750 1842 1099 1899 monasterio
1155 1844 1422 1939 versatus
1471 1841 1584 1912 (47)
1643 1840 1838 1938 procul
1889 1857 1922 1894 a
1955 1874 2008 1939 Β

278 1934 462 2008 Cpoli,
487 1933 800 2006 diligenter
830 1931 1082 2002 quidem,
1118 1934 1181 1986 ut
1210 1930 1267 1986 in
1302 1947 1406 1986 suo
1434 1929 1714 2001 prooemio
1742 1932 1922 1983 testa—

279 2029 378 2081 tur
406 2025 520 2096 (48)
552 2023 850 2079 volumina
880 2021 1134 2092 plurima
1181 2019 1552 2084 examinavit,
1587 2019 1686 2074 sed
1720 2019 1790 2073 de
1822 2033 1919 2072 re-

281 2113 549 2170 centibus
579 2128 696 2167 non
731 2110 936 2177 multa,
962 2117 1026 2164 ut
1056 2109 1324 2176 arbitror,
1348 2122 1660 2178 congerere
1691 2108 1919 2177 potuit;

283 2205 544 2276 sequitur
587 2203 646 2257 in
695 2202 788 2258 his
832 2200 1172 2272 plerumque
1204 2198 1559 2253 Breviarium
1592 2195 1920 2268 Nicephori,

283 2293 383 2365 qui
417 2292 618 2348 Photio
651 2290 932 2361 probatus
967 2289 1214 2359 scriptor
1243 2287 1478 2356 dicitur,
1511 2287 1608 2341 sed
1642 2285 1692 2341 is
1735 2286 1921 2340 histo-

282 2383 451 2450 riam,
487 2398 600 2436 non
635 2379 1161 2450 chronographiam
1194 2381 1295 2432 aut
1334 2377 1573 2432 annales
1607 2376 1922 2431 contexuit.

278 2471 482 2529 Causis
509 2475 702 2526 autem
736 2468 948 2524 erroris
968 2467 1128 2522 illius
1153 2466 1523 2538 assignandis
1545 2465 1673 2520 ideo
1705 2465 1923 2520 diutius

277 2561 650 2625 inhaeremus,
682 2559 832 2629 quod
892 2557 949 2612 in
999 2557 1274 2625 martyrio
1325 2556 1382 2610 S.
1414 2554 1690 2626 Stephani
1722 2553 1924 2625 lapsus

279 2652 491 2706 iterum
525 2647 838 2703 nonnullos
872 2645 1194 2712 admiserit,
1231 2649 1292 2699 ut
1321 2645 1391 2699 ad
1418 2661 1591 2698 xxvm
1620 2645 1755 2700 Nov.
1792 2644 1926 2698 ube-

283 2742 404 2798 rius
437 2741 682 2795 dicetur.
732 2738 879 2804 Quid
912 2738 1088 2808 igitur
1115 2737 1351 2802 mirum,
1386 2735 1520 2789 dum
1561 2734 1617 2788 in
1669 2734 1923 2799 Menaeis,

281 2833 340 2887 in
387 2829 725 2898 Menologiis
775 2827 1110 2896 caaterisque
1142 2825 1302 2880 fastis
1341 2824 1554 2879 Graecis
1587 2823 1822 2878 Andreze
1858 2823 1928 2878 il-

284 2921 396 2976 lius
418 2919 694 2987 Calybitaa
713 2916 1062 2972 mentionem
1081 2913 1565 2985 qualemcumque
1586 2913 1928 2984 diligentius

281 3009 733 3079 exquireremus,
771 3005 928 3060 nulla
951 3021 1055 3060 nos
1081 3020 1322 3073 usquam
1360 3003 1534 3073 hujus
1565 3002 1929 3072 cognominis

282 3099 524 3170 vestigia
554 3097 722 3152 obvia
744 3095 1022 3150 habuisse
1052 3093 1079 3146 ἱ)
1109 3095 1611 3149 Commemoratur
1641 3098 1834 3146 tamen
1859 3093 1929 3146 ab

285 3187 558 3242 omnibus
581 3187 638 3240 S.
667 3186 918 3239 Andreas
942 3183 1264 3239 monachus
1292 3182 1401 3236 sub
1424 3183 1786 3252 Copronymo
1811 3197 1932 3250 pas-

2027 605 2243 644 annum
2277 588 2550 642 ultimum
2602 590 2976 660 Copronymi,
3009 591 3106 644 ubi
3149 607 3308 646 error
3340 594 3671 662 praecedens

2029 695 2175 733 novo
2204 693 2395 732 errore
2428 678 2642 746 tegitur
2674 680 2807 748 (50).
2842 678 2925 734 vel
2959 696 3144 734 annos
3179 683 3379 734 mundi
3405 683 3489 736 vel
3525 683 3671 736 indi-

2029 768 2250 823 ctiones
2282 773 2563 840 perpetuo
2596 768 2942 836 claudicare,
2977 770 3248 837 idemque
3280 772 3348 824 de
3377 771 3674 842 Theopha-

2030 859 2123 912 nis
2153 859 2557 913 emendatione
2597 858 2910 929 specialem
2945 858 3245 914 diatribam
3304 860 3485 914 edidit
3543 863 3671 929 (51),

2031 962 2099 1001 ex
2121 963 2236 1017 qua
2257 947 2667 1018 Theophanem
2693 964 2865 1002 suum
2893 949 3206 1017 plurimum
3234 965 3438 1004 ornare
3457 950 3673 1004 doctis-

2031 1037 2164 1092 simi
2187 1036 2436 1091 editores
2463 1037 2926 1108 Bonnenses(52)
2953 1037 3295 1106 potuissent.
3323 1041 3535 1093 Verum
3564 1038 3672 1094 hoc

2028 1125 2152 1181 loco
2187 1133 2380 1180 manet
2411 1125 2589 1181 altera
2623 1126 2710 1180 via
2742 1131 2999 1181 accurate
3030 1143 3213 1181 annos
3247 1128 3416 1182 modo
3451 1128 3666 1183 indica-

2032 1222 2118 1270 tos
2172 1215 2244 1269 ad
2302 1231 2473 1269 aaram
2533 1214 2829 1285 vulgarem
2892 1215 3247 1282 reducendi;
3291 1216 3671 1286 TheOphanes

1931 1330 1935 1336 -
2031 1303 2186 1357 enim
2221 1303 2290 1357 ad
2322 1319 2543 1358 annum
2574 1303 2734 1370 6252,
2765 1304 2860 1373 qui
2893 1319 3109 1358 annum
3142 1305 3399 1373 martyrii
3427 1306 3576 1360 Petri
3601 1307 3671 1361 de

2035 1391 2369 1447 Blachernis
2401 1391 2732 1447 immediate
2766 1393 3081 1462 praecessit,
3113 1393 3377 1464 eclipsim
3412 1393 3668 1465 aliquam

2032 1480 2171 1536 solis
2215 1482 2667 1552 diligentissime
2699 1482 2994 1552 consignat
3020 1483 3107 1538 his
3129 1482 3338 1551 verbis,
3361 1500 3427 1538 ex
3457 1485 3674 1540 versio-

2031 1586 2103 1625 ne
2134 1570 2325 1626 Goari.
2361 1573 2681 1643 Apparente
2713 1571 2852 1626 solis
2895 1571 3120 1626 defectu
3181 1573 3400 1628 mensis
3433 1573 3672 1645 Augusti

2030 1659 2124 1715 die
2154 1660 2378 1716 decimo
2411 1660 2634 1731 quinto,
2671 1660 2809 1715 feria
2851 1665 3032 1728 sexta,
3080 1660 3218 1716 hora
3269 1661 3382 1717 diei
3423 1663 3667 1729 decima,

2031 1765 2184 1804 anno
2215 1750 2456 1820 proinde
2483 1751 2610 1817 760,
2647 1753 2708 1805 ut
2739 1767 2807 1804 ex
2854 1749 3064 1805 tabulis
3093 1751 3500 1806 astronomicis
3532 1767 3670 1807 con-

2032 1843 2150 1894 stat
2179 1840 2316 1909 (53).
2351 1841 2417 1893 Et
2439 1839 2575 1910 quia
2606 1856 2800 1895 annus
2835 1840 3036 1894 mundi
3068 1841 3208 1894 6253
3241 1840 3397 1911 Cpoli
3433 1841 3668 1911 incepit,

2030 1945 2098 1983 ex
2129 1945 2286 1984 more
2344 1931 2690 2000 Graecorum,
2726 1945 2926 1985 mense
2983 1930 3305 2000 Septembri
3348 1931 3486 1985 anni
3522 1931 3671 1986 760

2030 2023 2094 2074 ut
2125 2037 2311 2091 usque
2371 2022 2441 2075 ad
2497 2021 2895 2091 Septembrem
2955 2021 3092 2075 anni
3148 2021 3247 2074 761
3311 2022 3669 2086 decurreret,

2030 2108 2236 2164 exinde
2267 2110 2566 2180 probabile
2597 2110 2660 2164 ﬁt
2719 2110 2776 2164 S.
2821 2114 3053 2164 Petrum
3086 2111 3154 2164 de
3212 2109 3544 2164 Blachernis
3573 2126 3667 2165 oc-

2031 2199 2216 2254 cisum
2250 2215 2371 2255 esse
2402 2199 2492 2254 die
2523 2217 2616 2254 xv1
2647 2199 2780 2254 Maii
2813 2199 2946 2254 dicti
2983 2200 3117 2253 anni
3140 2201 3263 2254 761.
3299 2199 3461 2254 Diem
3495 2200 3665 2254 illum

2031 2290 2186 2343 enim
2245 2289 2504 2359 assignat
2587 2288 3033 2359 antiquissimus
3103 2288 3502 2359 Synaxaristes
3559 2293 3670 2345 Ms.

2031 2394 2198 2447 quem
2234 2377 2660 2450 Papebrochius
2692 2395 2724 2433 a
2772 2377 3060 2434 Chiffletio
3101 2382 3294 2434 nostro
3327 2378 3385 2433 in
3427 2377 3670 2450 collegio

2032 2468 2365 2522 Divionensi
2395 2467 2838 2523 exscribendum
2858 2469 3100 2539 accepit.

2106 2556 2190 2610 18.
2225 2562 2430 2610 Annus
2480 2557 2741 2628 martyrii
2792 2557 2849 2610 S.
2900 2557 3140 2612 Andreas
3173 2558 3229 2611 in
3287 2558 3432 2613 Crisi
3484 2559 3677 2630 dupli-

2035 2648 2178 2700 citer
2233 2645 2445 2714 inquiri
2498 2661 2562 2700 ac
2611 2646 2786 2700 statui
2845 2649 3052 2716 potest.
3085 2645 3314 2700 Primus
3348 2648 3557 2701 modus
3590 2653 3678 2702 est

2036 2735 2147 2790 iste
2210 2753 2222 2790 :
2287 2734 2609 2789 Memorant
2675 2734 3034 2804 Nicephorus
3093 2735 3207 2804 (51)
3287 2743 3338 2789 et
3413 2736 3679 2807 Tcopha-

2038 2841 2140 2879 nes
2173 2825 2281 2894 (55)
2313 2823 2503 2878 varias
2537 2824 2886 2895 Copronymi
2911 2823 3306 2895 expeditiones
3336 2823 3680 2896 plerumque

2039 2913 2230 2968 felices
2255 2913 2311 2966 in
2339 2911 2640 2984 Bulgaros,
2658 2920 2708 2967 at
2731 2928 2899 2983 quam
2926 2913 3240 2967 indictione
3259 2919 3460 2982 quarta
3480 2929 3682 2970 mense

2037 3002 2315 3057 Januario
2367 3003 2647 3072 suscepit,
2681 3018 2830 3056 anno
2873 3002 3149 3056 nimirum
3190 3003 3318 3069 76;},
3351 3002 3554 3056 iisdem
3590 3010 3679 3058 te-

2040 3092 2226 3146 stibus
2287 3090 2685 3146 infelicissima
2718 3090 2824 3145 fuit
2868 3109 2879 3158 ;
2915 3107 2981 3145 ex
3023 3107 3135 3159 qua
3199 3107 3404 3160 nempe
3436 3091 3683 3160 turpiter

2041 3198 2238 3236 mense
2269 3180 2422 3235 Julio
2457 3197 2722 3235 reversus
2754 3184 2857 3244 est,
2894 3197 2958 3234 ac
2991 3181 3183 3234 furore
3217 3182 3464 3252 quodam
3501 3197 3684 3236 corre-

285 3294 386 3332 sus
410 3281 466 3330 et
488 3276 830 3346 plerumque
853 3273 1026 3327 verba
1047 3275 1102 3327 in
1124 3272 1268 3326 Crisi
1297 3275 1690 3342 apponuntur.
1726 3275 1934 3340 Depre-
1963 3254 2012 3321 C
2049 3275 2205 3340 ptus,
2238 3270 2472 3324 saevitiae
2491 3269 2546 3323 in
2574 3269 2889 3324 monachos
2910 3286 2972 3323 ac
2997 3273 3331 3323 sanctarum
3358 3271 3684 3340 imaginum

286 3366 608 3420 henderant
633 3363 853 3417 scilicet
877 3363 1055 3417 (ἓνωοὶ
1081 3362 1356 3416 fastorum
1389 3360 1720 3431 scriptores,
1747 3377 1872 3432 qua:
1896 3376 1929 3414 a

281 3455 629 3526 Theophane
662 3451 1054 3507 aﬁ‘erebantur
1093 3467 1226 3505 cum
1262 3451 1450 3505 asteris
1481 3450 1858 3515 testimoniis,
1882 3449 1927 3503 si

285 3547 475 3602 minus
507 3542 940 3605 historicorum,
965 3545 1022 3595 at
1052 3545 1204 3596 certe
1235 3540 1766 3611 hagiographorum
1800 3556 1932 3593 con-

284 3640 440 3690 stare
489 3649 602 3687 non
637 3647 826 3701 posse,
859 3639 910 3684 et
945 3630 1073 3685 ideo
1108 3630 1460 3700 Theophane
1492 3629 1786 3694 derelicto,
1823 3629 1929 3698 Sy-

288 3723 525 3779 naxaria
558 3739 665 3777 sua
688 3722 880 3793 potius
910 3737 978 3775 ex
1007 3721 1393 3792 Metaphraste
1423 3720 1622 3775 aliisve
1653 3721 1927 3774 Actorum

285 3812 694 3883 scriptoribus,
742 3820 801 3866 ut
853 3815 1123 3865 caeterum
1176 3810 1518 3880 plerumque
1566 3823 1930 3876 consuevere,

289 3904 631 3972 depromere
666 3900 1012 3955 maluerunt.
1041 3899 1231 3954 Latini
1261 3914 1290 3953 e
1313 3896 1600 3952 contrario
1632 3897 1928 3968 Theopha-

289 4008 421 4047 nem
446 3995 545 4045 aut
568 3991 693 4060 ejus
724 3990 1094 4060 interpretem
1123 3987 1365 4042 Paulum
1397 3986 1702 4042 Diaconum
1723 3986 1927 4052 secuti,

284 4082 418 4136 inde
452 4095 581 4150 qua:
613 4095 645 4133 a
677 4079 866 4149 priore
900 4080 1145 4132 confusa
1177 4078 1406 4131 fuerant
1438 4076 1820 4130 retinuerunt.

359 4171 448 4223 17.
482 4168 551 4222 Ut
585 4173 774 4222 autem
809 4167 878 4221 ad
923 4167 1110 4238 ipsum
1166 4181 1386 4222 annum
1437 4165 1744 4236 utriusque
1776 4180 1933 4220 mar-

286 4258 438 4328 tyrii,
476 4257 621 4310 Petri
654 4271 860 4324 nempe
883 4261 938 4309 et
969 4256 1232 4319 Andrem,
1261 4256 1384 4325 jam
1419 4254 1812 4323 indagandum
1836 4271 1933 4310 ac-

286 4346 586 4409 cedamus,
635 4344 717 4399 sic
768 4344 1140 4412 TheOphanis
1191 4344 1363 4400 verba
1417 4359 1578 4398 num.
1629 4343 1692 4396 14
1751 4342 1933 4398 relata

287 4437 710 4504 consequenter
732 4434 803 4488 ad
829 4434 980 4488 dicta
1003 4435 1456 4505 interpretamur
1482 4449 1496 4489 :
1526 4441 1692 4490 Anno
1727 4435 1932 4490 mundi

287 4525 448 4588 6253,
486 4537 585 4576 seu
625 4522 689 4575 21
741 4522 1086 4592 Copronymi
1138 4523 1376 4594 contigit
1414 4524 1780 4595 martyrium,
1818 4540 1931 4578 non

2043 3359 2296 3415 cultores
2356 3359 2664 3428 tragoedias
2696 3358 2862 3411 edere
2894 3358 3086 3428 cmpit.
3122 3358 3333 3412 Eadem
3368 3358 3686 3414 indictione

2035 3449 2435 3519 juramentum
2468 3447 2537 3500 ab
2571 3446 2844 3500 omnibus
2877 3447 3126 3502 subditis
3165 3447 3416 3515 exegisse
3451 3449 3681 3513 dicitur,

2044 3554 2158 3609 quo
2189 3536 2618 3592 venerationem
2653 3534 3008 3605 imaginibus
3041 3536 3099 3590 in
3143 3541 3436 3607 posterum
3472 3553 3532 3591 se
3568 3553 3681 3591 non

2044 3627 2402 3682 exhibituros
2436 3641 2561 3681 esse
2595 3625 2966 3695 sponderent.
3001 3625 3174 3681 Porro
3208 3627 3326 3681 haec
3361 3625 3593 3697 singula
3626 3627 3683 3681 in

2044 3720 2202 3773 Actis
2235 3718 2445 3773 nostris
2486 3718 2748 3786 utrisque
2781 3717 3127 3787 reperimus.
3183 3719 3263 3772 lbi
3315 3718 3423 3771 sub
3467 3733 3625 3772 num.
3655 3719 3688 3770 8

2046 3809 2168 3879 ipse
2216 3812 2612 3878 COpronymus
2669 3805 2808 3860 dicit
2865 3822 2926 3860 se
2984 3808 3278 3861 decretum
3315 3807 3520 3862 tulisse
3571 3823 3684 3878 quo

2045 3896 2330 3968 plectendi
2363 3903 2516 3962 sunt,
2551 3895 2887 3966 quicunque
2921 3895 3204 3967 imagines
3248 3905 3682 3951 venerarentur.

2047 3987 2186 4041 Dein
2221 4002 2380 4040 num.
2413 3986 2476 4038 10
2507 3986 2767 4056 arguitur
2797 4003 2830 4039 a
2860 3986 2918 4040 S.
2947 3987 3177 4043 Andrea
3208 3989 3354 4058 quod
3381 3987 3681 4042 bellumin

2048 4077 2327 4132 Barbaros
2376 4075 2712 4147 ordinisque
2744 4075 2963 4147 politici
2995 4077 3558 4134 administrationem
3596 4095 3688 4134 ne-

2048 4165 2304 4237 glexerit,
2337 4183 2401 4220 ac
2441 4166 2759 4236 superbum
2802 4165 3062 4221 animum
3097 4168 3154 4222 in
3203 4167 3558 4223 Christianos
3589 4169 3690 4222 de-

2047 4259 2373 4311 monstrare
2432 4254 2719 4309 Statuerit.
2763 4255 3043 4310 Praeterea
3094 4273 3253 4312 num.
3285 4258 3319 4311 6
3350 4261 3406 4311 et
3431 4259 3486 4326 7,
3541 4258 3684 4312 dum

2047 4346 2106 4400 S.
2157 4346 2412 4399 Andreas
2463 4343 2717 4414 primum
2759 4361 2955 4400 coram
2999 4345 3338 4415 imperatore
3397 4347 3692 4417 apparuit,

2047 4433 2368 4506 permultos
2400 4433 2622 4489 invenit
2662 4433 2973 4503 quaestioni
3008 4434 3320 4503 subjectos,
3361 4436 3555 4489 nervis
3588 4435 3695 4490 bu-

2048 4525 2201 4579 bulis
2231 4539 2435 4588 caesos,
2460 4523 2764 4579 oculorum
2790 4522 3099 4578 etfossione
3134 4525 3442 4591 cruciatos,
3468 4524 3696 4594 aliaque

289 4617 355 4667 ut
403 4610 788 4681 Theophanes
847 4609 1070 4676 scribit,
1104 4611 1341 4665 Andreae
1396 4611 1668 4683 Calybitaa
1711 4613 1768 4666 in
1802 4611 1930 4666 Bla-
1960 4629 2018 4695 ι)
2043 4613 2245 4669 similia
2277 4629 2498 4684 passos,
2528 4629 2657 4683 quae
2683 4630 2712 4666 a
2735 4612 2965 4668 duobus
2990 4612 3277 4683 praadictis
3310 4613 3698 4683 scriptoribus

289 4701 541 4766 chernis,
584 4699 686 4753 sed
730 4698 877 4753 Petri
911 4698 1176 4770 Calybitae
1199 4698 1257 4752 in
1293 4700 1658 4767 Blachernis;
1693 4706 1749 4756 et
1779 4718 1931 4756 anno

292 4789 491 4845 mundi
545 4789 709 4857 6259,
756 4788 1101 4859 Copronymi
1135 4791 1325 4842 autem
1358 4791 1448 4856 27,
1483 4791 1825 4861 martyrium
1875 4791 1934 4845 in

292 4879 644 4950 quibusdam
679 4877 887 4937 simile.
923 4877 1024 4932 sed
1068 4877 1353 4932 diversam
1384 4882 1632 4933 mortem
1656 4884 1710 4934 et
1742 4879 1936 4951 sepul-

293 4972 483 5022 turam
517 4972 722 5023 nactus
754 4971 842 5022 est
874 4965 931 5020 S.
977 4966 1258 5035 Andreas,
1292 4966 1389 5037 qui
1426 4984 1458 5022 a
1484 4967 1790 5038 sepulturae
1812 4969 1936 5024 loco

291 5055 484 5111 dictus
509 5061 596 5110 est
616 5057 674 5110 in
697 5056 861 5111 Crisi.
888 5057 968 5111 De
987 5055 1155 5111 annis
1179 5073 1212 5110 a
1241 5056 1592 5126 Theophane
1627 5058 1941 5129 assignatis

281 5145 638 5214 jamdudum
700 5144 1102 5200 Henschenius
1181 5145 1505 5201 adverterat
1564 5148 1635 5201 ab
1694 5146 1938 5218 imperio

359 5292 472 5357 (46)
501 5290 762 5360 Theoph.
796 5289 1112 5354 Chronogr.
1157 5288 1308 5344 Edit.
1342 5289 1548 5355 Bonn.,
1579 5294 1618 5344 t.
1647 5293 1688 5357 Ι,
1727 5307 1779 5360 p.
1811 5292 1936 5346 674.

283 5362 473 5486 21(147)
508 5365 568 5486 [tu
601 5364 728 5486 Zjus
761 5361 907 5424 Vita,
941 5366 984 5414 t.
1032 5361 1078 5413 II
1111 5360 1322 5426 Martii,
1355 5378 1410 5430 ρ,
1445 5363 1571 5427 220,
1606 5378 1661 5416 n.
1696 5363 1759 5416 14
1790 5368 1933 5434 etp.

401 5474 413 5486 .
447 5450 520 5486 no
559 5474 570 5486 .
643 5475 654 5486 .

359 5437 413 5486 7.
447 5439 570 5486 not.
604 5437 654 5486 k.

358 5505 474 5574 (48)
509 5504 643 5560 Loc.
677 5503 800 5571 cit.,
833 5520 886 5572 p.
919 5504 972 5558 3.

360 5577 474 5640 (49)
510 5576 574 5630 Τ.
608 5575 684 5629 Ill
719 5574 926 5641 Martii,
963 5591 1017 5641 p.
1050 5589 1167 5628 vni.
1203 5590 1261 5630 n.
1297 5574 1382 5630 17.

361 5649 474 5715 (50)
510 5648 681 5709 Ibid.,
718 5662 886 5717 p.1x,
929 5664 985 5700 n.
1025 5645 1106 5698 18.

364 5719 476 5788 (51)
512 5717 683 5783 Ibid.,
716 5733 770 5788 p.
807 5733 840 5771 ι.

2050 4706 2184 4758 ante
2233 4701 2602 4756 indictionem
2654 4707 2924 4771 quartam
2961 4717 3250 4770 nusquam
3298 4706 3694 4768 recensentur,

2047 4792 2146 4846 sed
2181 4807 2247 4845 ea
2271 4789 2584 4845 indictione
2613 4788 2818 4845 iisdem
2845 4806 2987 4861 pene
3011 4791 3201 4845 verbis
3222 4789 3509 4860 descripta
3531 4795 3697 4860 sunt,

2047 4880 2131 4935 uti
2165 4884 2218 4936 et
2248 4879 2524 4949 deinceps
2561 4877 2778 4950 pluries
2811 4878 2942 4948 (56).
2977 4879 3058 4934 Ex
3079 4878 3168 4933 bis
3200 4879 3379 4950 igitur
3408 4885 3562 4934 recte
3585 4884 3698 4934 sta-

2046 4968 2274 5024 tuimus
2306 4974 2440 5022 ante
2467 4968 2849 5023 indictionem
2885 4967 3044 5023 illam
3076 4967 3155 5035 id,
3191 4972 3276 5023 est
3307 4975 3439 5024 ante
3470 4984 3696 5025 annum

2045 5059 2154 5112 766
2187 5059 2244 5113 S.
2280 5059 2522 5112 Andreas
2557 5057 2898 5129 martyrium
2929 5073 3043 5112 non
3077 5057 3408 5128 contigisse.

2124 5149 2210 5203 19.
2242 5147 2400 5202 Alter
2458 5146 2690 5214 modus,
2726 5161 2837 5217 quo
2871 5146 3129 5217 pressius
3179 5163 3396 5203 annum
3430 5147 3700 5220 martyrii

2121 5290 2230 5360 (52)
2261 5288 2632 5363 Theophanis
2658 5289 3136 5363 Chronographia
3163 5307 3228 5346 ex
3253 5293 3588 5350 recensione
3607 5297 3691 5350 Jo.

2048 5361 2328 5416 Classeni.
2363 5361 2572 5415 Bonnas
2610 5363 2766 5415 1839.

2120 5434 2233 5508 (53)
2263 5437 2363 5508 A_rt
2395 5433 2654 5508 deverti.
2687 5433 2771 5508 les
2793 5435 2979 5503 dates,
3001 5435 3139 5508 édit.
3176 5435 3332 5501 1783,
3367 5439 3407 5490 t.
3440 5437 3484 5504 1,
3518 5439 3689 5508 p.66.

2121 5505 2254 5578 (54)
2296 5504 2354 5560 S.
2416 5502 2722 5578 Nicephori
2783 5509 2935 5560 Patr.
2967 5502 3148 5578 'Cpol.
3201 5502 3690 5578 Breviaru‘m',etc.

2052 5575 2203 5630 Edit.
2237 5577 2445 5648 Bonn.,
2479 5591 2535 5645 p.
2563 5576 2630 5629 77
2663 5584 2716 5631 et
2748 5593 2913 5648 seqq.

2123 5649 2236 5719 (55)
2271 5647 2401 5719 Loc.
2437 5647 2560 5719 cit.,
2598 5658 2633 5701 ι.
2671 5649 2713 5713 Ι,
2750 5647 2962 5719 p.691.

2125 5717 2238 5789 (56)
2269 5718 2632 5790 Theophan.,
2660 5723 2698 5775 t.
2732 5717 2777 5786 IV,
2801 5737 2858 5792 p.
2881 5721 2986 5776 677
3017 5723 3073 5776 et
3102 5736 3267 5795 seqq.
