4042 6222
485 286 636 347 1095
1835 282 1884 340 Μ
1899 279 2081 341 ENSIt

2217 278 2545 347 CTOBER,
3698 293 3811 352 1095

472 451 526 505 S.
565 447 801 503 Andreae
835 443 1304 501 determinamus
1335 442 1428 499 hic
1454 447 1542 500 est
1580 460 1592 499 :
1626 442 2010 516 TheOphanes
2045 442 2111 497 ad
2151 439 2212 507 A
2236 440 2664 500 Grammaticus
2713 443 2946 513 Suidas,
2981 444 3221 502 tradunt
3276 447 3344 503 ad
3381 448 3577 504 Divum
3607 449 3812 510 Mamae-

473 554 692 595 aunum
726 535 865 590 6259
895 551 1022 590 aera:
1047 534 1377 603 mundanas,
1407 537 1469 587 ut
1501 533 1723 588 dictum
1749 537 1840 588 est
1872 547 2035 588 num.
2063 531 2126 586 14
2243 533 2359 585 tem
2394 539 2621 602 pontem
2673 531 2856 590 fuisse
2907 534 3212 589 duodecim
3267 535 3575 593 fornicibus
3612 546 3820 595 constan-

477 634 536 686 et
567 631 654 697 17,
716 625 1058 696 martyrium
1093 624 1150 678 S.
1187 621 1338 676 Petri
1380 623 1588 694 stylitae
1621 638 1751 677 cum
1784 623 1840 676 S.
1899 623 2127 676 Andrea
2244 623 2360 675 tem
2391 637 2403 675 :
2440 621 2632 676 multa:
2683 623 2838 678 enim
2887 639 3049 694 aqua:
3099 640 3166 679 eo
3198 624 3544 683 deﬂuebant.
3574 628 3817 700 Theopha-

479 717 842 782 commutali,
876 718 1332 770 commemorat:
1367 714 1462 768 sed
1493 714 1565 768 ad
1598 713 1869 768 eumdem
1903 729 2122 766 annum
2245 725 2346 764 nes
2405 710 2599 781 igitur,
2635 727 2767 766 cum
2811 712 2882 767 de
2923 712 3143 768 ﬂuento
3176 713 3553 771 determinato
3581 716 3819 787 loquatur,

481 807 654 863 etiam
699 804 1079 860 indictionem
1131 802 1405 872 signavit,
1441 803 1595 871 quod
1638 802 1774 856 satis
1800 801 2134 871 frequenter
2242 802 2306 852 ut
2337 803 2491 869 patet
2531 815 2599 854 ex
2639 800 2864 870 adjecto
2912 801 3158 858 articulo
3191 805 3287 872 τῷ,
3318 804 3425 859 has
3462 821 3631 876 aquas
3657 807 3716 861 ad
3751 807 3818 862 Di-

477 896 706 967 quidem
741 894 901 959 facit,
938 909 1053 948 non
1085 899 1276 946 tamen
1301 890 1536 961 ubique.
1571 891 1808 954 Quando
1837 894 2026 944 autem
2063 889 2118 942 id
2240 904 2375 942 vum
2409 889 2760 945 Mamantem
2794 891 3057 962 designat
3094 907 3108 958 ',
3153 891 3263 947 nisi
3306 893 3451 950 forte
3488 894 3667 950 sinum
3693 897 3821 951 Cera-

477 985 634 1052 facit,
669 982 879 1052 Pagius
910 981 1125 1050 aliique
1153 979 1487 1050 gravissimi
1521 979 1829 1050 scriptores
1872 994 1984 1032 non
2017 979 2121 1032 du-
2241 977 2450 1041 tinum,
2485 979 2586 1048 qui
2617 995 2685 1034 ex
2724 984 2976 1051 Bosporo
3025 998 3231 1039 versus
3271 983 3632 1040 Occidentem
3655 1002 3707 1041 se
3730 1003 3821 1057 por-

479 1075 666 1128 bitant
697 1072 1074 1128 indictionem
1112 1086 1222 1138 prae
1264 1086 1376 1123 aera
1409 1068 1771 1124 Antiochena
1803 1067 2126 1132 admittere,
2239 1067 2394 1137 rigit,
2428 1067 2672 1124 voluerit
2721 1069 3070 1140 significare.
3135 1071 3220 1126 lta
3251 1073 3598 1130 intellexisse
3627 1075 3820 1130 Goarius

479 1179 586 1232 qua
633 1160 1013 1230 TheOphanes
1049 1159 1251 1226 utitur,
1287 1158 1423 1212 licet
1478 1158 1816 1227 proﬁteatur
1843 1172 1905 1212 se
1954 1173 2122 1211 aerem
2236 1156 2483 1224 videtur,
2534 1157 2634 1228 qui
2693 1159 2863 1213 vertit
2919 1159 3200 1214 ﬂuentum
3261 1163 3440 1217 maris
3489 1163 3592 1233 (63)
3624 1181 3634 1217 :
3667 1180 3820 1218 verum

472 1251 612 1308 Julii
641 1251 896 1306 Africani
920 1248 1193 1303 adhibere
1218 1248 1353 1316 (57).
1382 1247 1734 1302 Mihitamen
1759 1250 2125 1317 compertum
2236 1243 2408 1316 ῥεῦμα
2441 1246 2510 1301 de
2543 1246 2732 1302 ﬂuviis
2773 1263 3096 1320 eorumque
3129 1249 3346 1322 impetu
3399 1251 3622 1319 dicitur,
3653 1270 3748 1307 non
3774 1254 3822 1307 de

475 1347 564 1397 est
595 1357 766 1396 seram
800 1337 1105 1409 aliquoties
1133 1342 1281 1391 recte
1315 1335 1578 1406 proferri,
1611 1353 1742 1390 cum
1767 1352 2005 1390 erronea
2037 1335 2126 1390 iu-
2235 1335 2364 1390 sinu
2417 1336 2638 1403 maris;
2693 1353 2882 1408 neque
2925 1338 3123 1404 etiam,
3165 1339 3213 1393 si
3274 1340 3428 1395 sinui
3460 1341 3703 1396 Ceratino
3741 1341 3818 1396 hoc

472 1431 748 1494 dictione,
783 1428 1032 1499 exempli
1064 1443 1239 1483 causa
1273 1427 1340 1481 ad
1378 1443 1470 1480 an.
1517 1427 1680 1492 6253,
1717 1431 1778 1480 ut
1806 1442 1873 1480 ex
1897 1425 2126 1495 adjecta
2234 1439 2445 1480 nomen
2494 1426 2648 1494 apud
2696 1427 3045 1498 Byzantinos
3095 1428 3411 1498 scriptores
3455 1430 3754 1501 obtigisset,
3779 1432 3816 1485 id

471 1520 703 1589 eclipsis
736 1519 1091 1574 indicatione
1149 1516 1533 1572 manifestum
1568 1520 1676 1572 est.
1714 1516 1878 1570 Patet
1911 1514 2121 1570 nihilo-
2232 1513 2506 1585 Gyllium,
2539 1515 2818 1586 Cangium
2880 1516 3014 1585 (61),
3048 1515 3310 1587 aliosque
3379 1518 3632 1589 fugisset.
3688 1519 3822 1574 Porro

473 1609 662 1664 minus
696 1615 844 1663 recte
869 1607 1081 1678 egisse,
1114 1605 1215 1677 qui
1243 1604 1597 1660 indictiones
1629 1604 1947 1660 universim
1984 1621 2122 1673 prea-
2231 1603 2398 1658 docet
2427 1603 2675 1673 Gyllius,
2708 1603 2992 1674 templum
3040 1610 3096 1660 et
3135 1606 3353 1661 circum
3390 1608 3512 1662 Divi
3546 1608 3822 1672 Mamantis,

470 1698 750 1754 tulerunt.
785 1698 867 1750 Ad
912 1697 1064 1751 hunc
1101 1695 1282 1766 igitur
1314 1711 1534 1749 annum
1567 1695 1708 1748 6259
1737 1692 2117 1765 Theophanes
2230 1693 2312 1746 uti
2345 1697 2402 1748 et
2459 1692 2743 1763 palatium
2793 1693 2863 1748 ab
2905 1710 2970 1750 eo
3001 1694 3244 1761 dictum,
3281 1695 3391 1751 sita
3447 1697 3623 1752 fuisse
3649 1697 3699 1752 in
3732 1697 3824 1751 Bla-

471 1786 850 1842 indictionem
908 1783 1101 1854 signat
1160 1783 1253 1838 his
1294 1781 1482 1837 verbis
1541 1781 1651 1853 (58)
1701 1799 1713 1837 :
1775 1781 1890 1837 Hoc
1939 1797 2116 1852 anno,
2152 1781 2476 1878 Bchernis,
2524 1790 2683 1838 extra
2760 1800 2962 1838 muros
3021 1785 3275 1840 civitatis
3333 1786 3469 1854 (65).
3547 1787 3822 1842 Blacberna

471 1876 688 1932 mensis
747 1874 1016 1929 Octobris
1074 1871 1167 1926 die
1219 1876 1402 1937 sexto,
1437 1871 1753 1926 indictione
1805 1875 1967 1926 sexta
2005 1876 2115 1927 etc.
2153 1870 2198 1878 “’
2227 1870 2384 1925 enim
2409 1871 2630 1927 audivit
2658 1872 2852 1928 omnis
2884 1872 3063 1943 regio,
3086 1890 3210 1944 quas
3241 1873 3395 1928 inter
3426 1873 3686 1944 angulum
3715 1875 3822 1943 Cpo-

467 1965 683 2019 Verum
719 1962 841 2017 haec
873 1961 1115 2015 indictio
1147 1976 1278 2015 cum
1311 1960 1620 2014 anno6‘259
1651 1977 1774 2013 terra
1807 1960 2116 2014 mundanae
2227 1959 2299 2014 lis
2348 1960 2764 2016 occidentalem
2826 1966 2884 2016 et
2932 1962 3130 2016 sinum
3179 1963 3515 2018 Ceratinum
3557 1964 3712 2033 jacet,
3739 1979 3820 2032 quo

473 2070 587 2107 non
633 2051 964 2117 concordat,
998 2065 1132 2103 cum
1158 2064 1221 2102 ex
1248 2048 1442 2118 regula
1473 2049 1532 2102 S.
1568 2047 1801 2103 Maximi
1831 2049 1966 2119 (59),
1994 2065 2119 2102 eam
2229 2049 2358 2103 sinu
2418 2049 2617 2103 civitas
2672 2066 2705 2104 a
2761 2050 3163 2120 Septentrione
3205 2050 3501 2107 clauditur
3533 2069 3546 2117 ;
3579 2051 3664 2106 hic
3689 2051 3819 2106 etiam

480 2141 751 2196 addenda
773 2139 849 2193 sit
878 2138 1092 2204 unitas,
1127 2138 1258 2192 dein
1284 2137 1568 2191 divisione
1600 2137 1878 2192 instituta
1909 2153 2008 2207 per
2034 2139 2119 2203 15,
2229 2136 2514 2192 decimam
2539 2143 2809 2208 quartam
2877 2137 3070 2209 Cpolis
3129 2139 3427 2210 regionem
3487 2139 3656 2196 fuisse
3704 2139 3818 2194 idem

471 2232 622 2300 quod
685 2229 976 2299 reliquum
1027 2232 1132 2294 est,
1180 2228 1561 2283 indictionem
1623 2228 1850 2282 efﬁcere
1891 2227 2121 2282 debeat.
2230 2225 2453 2295 Gyllius
2485 2227 2800 2282 constituit.
2844 2227 2925 2282 De
2955 2225 3099 2283 locis
3128 2227 3243 2283 illis
3283 2229 3454 2300 plura
3484 2229 3681 2284 videsis
3705 2227 3819 2297 apud

473 2323 650 2375 Porro
678 2318 783 2372 hac
804 2317 1072 2372 tnetbodo
1095 2316 1190 2370 hic
1211 2333 1320 2371 non
1345 2333 1462 2382 sex,
1487 2317 1586 2372 sed
1612 2316 1877 2387 quinque
1899 2319 2123 2371 tantum
2233 2315 2692 2386 Papebrochium
2743 2316 2816 2370 ad
2859 2316 3013 2372 diem
3066 2335 3158 2373 xvn
3209 2318 3346 2373 Maii
3405 2319 3517 2389 (66)
3549 2323 3601 2373 et
3637 2318 3687 2372 in
3719 2334 3821 2388 pra-

473 2408 840 2464 obtinemus.
873 2406 1261 2461 Nihilominus
1295 2405 1669 2461 indictionem
1706 2405 1798 2460 hic
1841 2409 1993 2460 recte
2023 2406 2128 2460 ad-
2231 2405 2392 2460 claro
2423 2422 2592 2474 opere
2623 2405 2822 2474 Cangii
2861 2407 3014 2476 quod
3058 2406 3252 2478 Cpolis
3302 2407 3624 2462 Christiana
3666 2406 3822 2462 inscri-

476 2497 678 2565 scribi,
731 2495 950 2568 duplici
987 2496 1082 2550 via
1116 2496 1403 2550 firmatur.
1433 2495 1641 2564 Primo,
1674 2495 1808 2566 quia
1824 2495 2127 2565 TheOpha-
2234 2493 2388 2549 bitur
2417 2496 2551 2564 (67).

479 2604 584 2644 nes
644 2589 714 2644 ad
773 2602 990 2641 annum
1055 2590 1418 2656 sequentem,
1469 2585 1784 2641 indictione
1856 2585 2125 2656 septima,
2302 2584 2387 2637 21.
2441 2584 2779 2654 Emporium
2831 2584 3112 2651 Leucadii,
3155 2585 3212 2640 in
3261 2601 3378 2656 quo
3428 2602 3641 2642 sorores
3665 2585 3820 2639 S.Pe-

484 2677 693 2732 scribit
724 2675 878 2731 diem
921 2693 936 2729 1
968 2673 1184 2746 Aprilis
1216 2675 1394 2730 fuisse
1424 2674 1577 2729 diem
1611 2674 1850 2729 Sabbati
1886 2675 1993 2744 (60)
2021 2690 2034 2740 ;
2061 2690 2128 2729 ex
2234 2671 2302 2726 tri
2359 2672 2428 2726 de
2485 2671 2825 2727 Blacbernis
2856 2673 2979 2741 ejus
3027 2689 3237 2744 corpus
3283 2673 3648 2743 sepelierunt,
3677 2672 3818 2728 diver-

487 2783 604 2838 quo
645 2768 1022 2821 manifestum
1065 2771 1172 2830 est,
1219 2764 1583 2820 indictionem
1624 2764 1785 2820 illam
1817 2763 2126 2834 septimam
2233 2778 2359 2816 sum
2397 2778 2509 2815 non
2541 2767 2628 2816 est
2657 2779 2689 2816 a
2721 2762 2844 2816 loco
2876 2778 3048 2833 quem
3097 2763 3411 2836 Dionysius
3439 2766 3754 2835 Byzantinus
3778 2763 3818 2815 in

485 2863 642 2913 recte
673 2854 927 2911 adscribi
955 2873 968 2921 ;
992 2871 1126 2925 ergo
1149 2858 1204 2908 et
1234 2855 1303 2908 ad
1335 2854 1750 2924 praecedentem
1784 2858 1937 2908 recte
1965 2855 2127 2907 sexta
2233 2849 2449 2921 Anaplo
2482 2851 2721 2922 Bospori
2760 2852 2873 2922 (68)
2921 2853 3235 2924 Lycadium
3287 2854 3728 2924 promontorium
3755 2852 3819 2904 di-

481 2947 776 3017 adscripta
806 2951 916 3000 est.
943 2945 1222 2999 Praeterea
1243 2946 1309 2998 ad
1333 2944 1481 2998 hanc
1505 2943 1876 2998 indictionem
1902 2947 2123 2997 sextam
2231 2941 2332 3007 cit,
2365 2947 2596 3010 eratque
2638 2939 2694 2994 in
2746 2941 2938 2997 littore
2983 2941 3250 2997 orientali
3281 2943 3548 3015 Bospori,
3581 2960 3680 2997 non
3720 2957 3819 3010 pro-

483 3037 678 3108 signat
705 3034 1086 3105 TheOphanes
1112 3050 1331 3088 annum
1359 3033 1607 3105 primum
1631 3033 1907 3103 Stephani
1941 3049 2123 3104 papa,
2231 3028 2321 3084 cul
2363 3045 2395 3083 a
2425 3028 2757 3100 Chrysopoli
2789 3032 2991 3086 situm.
3023 3032 3260 3086 Constat
3291 3031 3345 3086 id
3384 3033 3588 3087 iterum
3609 3049 3667 3086 ex
3694 3031 3821 3084 Chro-

479 3126 642 3196 atqui
695 3140 893 3194 reapse
925 3124 1256 3194 Stephanus
1282 3123 1377 3188 ΙΙΙ,
1399 3122 1520 3177 haec
1551 3121 1886 3187 indictione,
1920 3138 2120 3178 mense
2152 3165 2202 3232 Ο
2234 3118 2379 3173 nicis
2412 3118 2716 3186 Symeonis
2748 3118 3002 3188 Magistri
3033 3122 3169 3190 (69),
3203 3122 3437 3192 Georgii
3473 3119 3819 3190 monachi(70)

480 3217 745 3285 Augusto
778 3213 991 3269 electus
1040 3217 1128 3267 est
1178 3213 1312 3283 (61).
1356 3213 1449 3268 Sic
1507 3212 1769 3267 stabilita
1801 3212 2119 3267 indictione
2153 3207 2202 3232 υ
2233 3212 2288 3263 et
2319 3207 2736 3262 continuatoris
2769 3209 3043 3278 anonymi
3095 3210 3473 3281 Theophanis
3503 3212 3627 3281 (7t).
3656 3213 3822 3277 Empco

481 3321 596 3375 qua
627 3319 833 3374 passus
865 3307 952 3358 est
985 3303 1043 3358 S.
1095 3302 1356 3356 Andreas
1397 3301 1453 3356 in
1487 3301 1626 3355 Crisi
1663 3318 1762 3372 pro
1795 3318 1908 3372 quo
1935 3289 2120 3356 Theo-
2234 3297 2303 3352 rii
2336 3303 2527 3352 autem
2563 3297 2817 3363 nomine,
2848 3299 2998 3368 quod
3033 3300 3173 3354 locis
3194 3300 3264 3353 ad
3300 3316 3464 3356 mare
3497 3300 3618 3355 sitis
3643 3298 3823 3370 potissi-

480 3394 701 3464 pbanes
734 3393 963 3448 Petrum
989 3393 1058 3446 de
1090 3391 1430 3447 Blachernis
1471 3391 1634 3456 dixit,
1666 3390 1831 3446 facile
1862 3391 1985 3460 ipse
2018 3407 2120 3444 an-
2233 3403 2390 3440 mum
2431 3387 2606 3442 tribui
2647 3391 2842 3442 notum
2875 3392 2981 3453 est,
3020 3405 3133 3443 non
3157 3388 3476 3461 improprie
3509 3391 3597 3445 hic
3634 3386 3822 3458 insigni-

477 3499 588 3538 nus
629 3482 873 3538 eruitur.
934 3482 1160 3536 Etenim
1213 3481 1271 3535 in
1320 3481 1476 3536 Actis
1536 3479 1751 3536 nostris
1802 3479 2118 3550 prioribus,
2232 3483 2343 3531 lur.
2377 3478 2552 3530 Porro
2602 3476 2763 3532 locus
2810 3477 2962 3532 idem
2994 3479 3254 3546 omnino,
3287 3478 3582 3549 siquidem
3611 3478 3674 3533 ad
3703 3491 3822 3531 eum-

477 3570 823 3640 martyrium
874 3569 1190 3639 contigisse
1220 3569 1431 3623 dicitur
1479 3568 1570 3622 die
1629 3585 1698 3621 xx
1731 3568 2018 3636 Octobris,
2051 3583 2119 3622 ex
2228 3566 2360 3620 dem
2404 3582 2622 3620 annum
2658 3565 2874 3621 similia
2915 3566 3130 3637 ubique
3169 3568 3240 3622 de
3291 3585 3356 3623 eo
3393 3573 3821 3626 memorantur,a

474 3676 586 3730 quo
620 3660 808 3729 palam
845 3659 904 3712 fit
937 3658 1084 3712 illud
1118 3675 1269 3713 anno
1299 3659 1404 3711 767
1437 3657 1793 3729 afﬁgendum
1829 3673 1973 3712 esse.
2224 3659 2506 3725 Symeone
2539 3659 2596 3710 et
2634 3656 2855 3711 Joanne
2884 3656 3128 3727 Scylitza
3169 3658 3510 3714 Leucatium
3545 3657 3691 3712 audit
3718 3655 3818 3724 (72f.

543 3749 631 3803 20.
681 3750 882 3804 Annus
933 3747 1188 3819 martyrii
1221 3748 1279 3803 S.
1313 3749 1552 3802 Andreaa
1592 3747 1652 3801 in
1702 3747 1847 3802 Crisi
1891 3763 2002 3800 uno
2034 3749 2116 3801 te-
2227 3761 2259 3799 θ.
2289 3746 2514 3800 caeteris
2545 3762 2679 3801 vero
2705 3746 3015 3812 Leucates;
3051 3746 3434 3816 quamobrem
3471 3746 3745 3802 manifeste
3769 3742 3817 3794 de

474 3853 612 3895 nore
656 3854 784 3893 cum
846 3837 942 3892 illo
975 3854 1089 3908 quo
1141 3854 1346 3904 passus
1402 3841 1490 3892 est
1544 3839 1600 3892 S.
1664 3837 1864 3891 Petrus
1895 3836 1965 3891 de
1999 3835 2118 3892 Bla—
2225 3850 2290 3890 eo
2314 3835 2406 3906 agi
2447 3837 2696 3901 videtur,
2728 3837 2800 3890 ad
2833 3835 2990 3891 diem
3020 3852 3159 3892 xxiii
3189 3836 3348 3903 Julii,
3385 3838 3486 3893 ubi
3518 3838 3585 3892 de
3612 3837 3662 3891 S.
3692 3838 3818 3889 Anna

471 3928 724 3994 chernis,
758 3927 1204 3983 constituendus
1263 3927 1392 3994 fuit,
1427 3925 1558 3981 licet
1591 3925 1872 3980 nonnulla
1911 3927 1980 3980 de
2012 3942 2115 3997 po-
2224 3919 2274 3976 ἐν
2326 3928 2404 3995 τῷ
2459 3924 2702 3998 Λεύκατῃ
2764 3925 2962 3980 Pinius
3015 3931 3215 3981 noster
3269 3927 3508 3983 disserit
3563 3927 3681 3994 (73).
3712 3923 3816 3977 Pro-

472 4017 712 4072 steriore
769 4021 969 4071 sancto
1027 4015 1271 4069 dicenda
1323 4015 1639 4085 supersint.
1700 4016 1920 4084 Corpus
1961 4015 2112 4085 ejus,
2223 4015 2578 4070 montorium
2628 4015 2782 4070 enim
2844 4019 3122 4071 Leucates
3179 4016 3265 4070 vel
3316 4016 3631 4072 Leucactas
3682 4023 3815 4084 prope

473 4113 778 4175 postquam
839 4104 896 4157 in
929 4103 1082 4159 circo
1122 4103 1243 4156 Divi
1281 4103 1596 4158 Mamantis
1628 4102 1824 4173 ﬂagris
1873 4101 2110 4157 interfe-
2223 4104 2614 4159 Nicomediam
2648 4104 2706 4157 in
2727 4103 3016 4176 Bithynia,
3047 4107 3110 4160 ut
3128 4110 3333 4160 cetera
3357 4100 3814 4172 mittam,longius

471 4198 597 4248 ctus
647 4197 752 4262 est,
799 4193 1222 4264 projiciendum
1270 4197 1393 4247 erat
1451 4192 1508 4245 in
1569 4192 1851 4245 ﬂuentum
1911 4192 2114 4262 (supra
2224 4211 2255 4248 a
2305 4193 2464 4260 Cpoli
2515 4193 2786 4248 dissitum
2821 4194 2953 4258 fuit,
2992 4210 3166 4264 quam
3200 4198 3265 4248 ut
3322 4195 3462 4250 illuc
3494 4194 3550 4250 S.
3583 4196 3728 4248 Anna
3762 4187 3813 4241 ad

471 4298 634 4338 num.
671 4284 733 4337 14
775 4284 960 4354 seqq.)
991 4280 1042 4336 ἐν
1081 4286 1158 4353 τῷ
1204 4280 1451 4354 ῥεύματι,
1485 4285 1547 4335 ut
1603 4281 1984 4352 Theophanes
2027 4280 2112 4336 lo-
2222 4282 2627 4352 imperatorem
2669 4281 2948 4338 Basilium
2999 4283 3402 4350 Macedonem,
3438 4302 3471 4338 a
3511 4300 3618 4355 quo
3648 4280 3816 4334 dicitur

473 4373 692 4440 quitur,
726 4373 825 4427 sed
876 4373 1004 4441 ejus
1037 4388 1266 4427 sorores
1298 4371 1491 4442 ipsum
1523 4371 1848 4437 efferentes,
1880 4371 1938 4425 in
1966 4374 2111 4425 Leu-
2224 4371 2278 4424 in
2313 4387 2590 4440 sponsam
2623 4369 3008 4442 expostulata.
3034 4388 3095 4426 se
3117 4372 3424 4426 conferret.
3461 4372 3632 4427 Nobis
3661 4372 3814 4423 autem

469 4461 646 4517 cadiae
689 4461 943 4533 emporio
976 4461 1288 4532 sepulturae
1322 4460 1696 4514 mandarunt.
1741 4458 1915 4524 Quale
1937 4460 2109 4514 fuerit
2152 4498 2204 4533 η
2231 4476 2344 4514 non
2386 4459 2590 4515 inutile
2623 4460 2806 4515 visum
2840 4465 2952 4528 est,
2985 4462 3162 4516 situm
3198 4462 3455 4533 Emporii
3486 4461 3659 4525 illius,
3687 4457 3817 4523 cujus

468 4552 620 4607 istud
677 4552 988 4616 ﬂuentum,
1047 4549 1210 4606 facile
1264 4547 1558 4618 colligitur
1589 4563 1654 4602 ex
1709 4547 2112 4619 Topographia
2144 4547 2201 4564 “
2225 4549 2558 4620 frequenter
2597 4549 2888 4621 Byzantini
2916 4549 3228 4621 scriptores
3261 4551 3595 4614 meminere,
3625 4547 3708 4603 hic
3747 4557 3817 4596 ac-

467 4643 769 4712 Cpolitana
826 4641 976 4697 Petri
1036 4637 1228 4711 Gyllii,
1263 4637 1414 4708 apud
1456 4652 1628 4707 quem
1661 4636 1762 4691 lib.
1796 4653 1852 4692 1v
1881 4653 2004 4706 cap.
2054 4653 2109 4692 vx
2220 4641 2418 4692 curate
2461 4638 2785 4708 assignare.
2816 4637 3104 4694 Addimus
3135 4639 3352 4708 solum,
3385 4639 3446 4693 in
3480 4641 3742 4710 quantum
3767 4645 3815 4682 ex

468 4730 590 4787 haec
631 4731 904 4804 leguntur
935 4731 1048 4802 (62)
1083 4749 1096 4796 ;
1132 4730 1251 4784 Non
1284 4726 1544 4782 historici
1573 4727 1771 4794 modo,
1803 4727 1898 4782 sed
1932 4727 2106 4783 etiam
2220 4725 2421 4799 Gyllio,
2459 4727 2671 4796 Cangio
2702 4729 2758 4780 et
2787 4726 3013 4782 erudito
3043 4730 3375 4799 geograpbo
3404 4718 3812 4789 HammersUi),

540 4882 652 4954 (57)
684 4880 963 4954 Petavius,
999 4880 1075 4933 De
1107 4877 1367 4931 doctrina
1399 4881 1754 4954 temporum,
1777 4874 1859 4928 Ad
1911 4883 2108 4954 aucta:
2433 4875 2608 4954 '_I‘_._lll
2642 4875 2886 4954 Maiikp.
2917 4877 3046 4954 625.

469 4945 646 5017 rium,
677 4958 810 5018 etc.,
854 4945 960 5005 lib.
995 4965 1117 5013 vm,
1152 4964 1276 5019 cap.
1303 4965 1319 5001 1
1347 4951 1628 5022 _et_iv.,_t.
1679 4946 1777 5014 ΙΙΙ,
1815 4963 1868 5017 p.
1922 4947 2024 5000 153
2054 4949 2109 5001 et
2290 4949 2403 5017 (67)
2436 4948 2672 5022 Lib._1v,
2706 4965 2760 5017 p.
2793 4945 2885 5016 83,
2933 4966 2989 5004 n.
3023 4950 3078 5017 6,
3112 4953 3169 5004 et
3217 4966 3272 5022 p.
3327 4951 3450 5018 174,
3485 4966 3538 5003 n.
3571 4949 3638 5015 3;
3675 4945 3760 5002 lib.
3786 4959 3812 5002 ι.

471 5026 554 5081 15.
580 5026 732 5080 Edit.
765 5023 1080 5092 Andwerp.
1118 5018 1608 5092 (Amstelodam.).

1011 5037 1080 5092 'p.
1118 5018 1608 5092 (Amstelodam.).
2219 5035 2395 5092 capiti
2429 5037 2484 5074 n.
2523 5020 2607 5074 16.

536 5093 959 5166 (58)Theoph.,
994 5084 1257 5166 lgoc.'ci_t.,
1291 5090 1505 5162 p.681.
1569 5084 1576 5088 ⁷
2222 5084 2606 5166 M(68)_Apud
2665 5091 2935 5159 Gronov.,
2970 5090 3080 5148 loc.
3141 5092 3270 5161 cit.,
3327 5093 3438 5150 col.
3489 5092 3619 5147 3201
3668 5088 3720 5144 (Ι.
3772 5084 3814 5138 εί

535 5160 652 5237 (59)
681 5160 968 5232 Petavius,
993 5164 1106 5237 loc.
1145 5160 1266 5237 c_it.,
1294 5160 1501 5237 cap._v,
1536 5178 1592 5232 p.
1630 5160 1751 5216 161.
2217 5162 2440 5237 32036.

536 5233 647 5310 (60)
679 5237 960 5310 Theoph.,
991 5235 1115 5310 loc:
1134 5235 1256 5310 cit_.,
1287 5251 1344 5306 p.
1376 5233 1502 5310 686.
1568 5303 1672 5310 ΜΛ
1923 5304 1940 5310 _
2289 5233 2400 5310 (69)
2573 5233 2778 5310 Bonn.,
2815 5251 2870 5306 p.
2910 5235 3037 5310 72}.

539 5303 652 5382 (61)
686 5303 968 5382 Baronius
999 5312 1054 5364 et
1087 5303 1419 5382 Pagius,_ad
1443 5303 1696 5382 an._76_8_,
1721 5304 2023 5382 nauigia.“
2093 5379 2100 5382 _
2288 5303 2400 5382 (76)
2435 5305 2537 5382 Ed.
2571 5305 2779 5382 _Bonn.,
2809 5303 2863 5378 ῥ.
2898 5308 3024 5382 377.

536 5373 657 5452 (62)
688 5381 936 5438 Gronovi
977 5373 1263 5450 Antiquit.
1314 5377 1518 5445 Gram,
1551 5378 1594 5431 t.
1628 5376 1716 5443 VI,
1741 5374 1850 5431 col.
1884 5373 2026 5430 3323
2056 5379 2108 5429 et
2291 5373 2404 5452 (71)
2437 5376 2535 5452 Ed.
2569 5373 2774 5452 Bonn.,
2810 5373 2863 5449 ᾖ.
2898 5379 3021 5452 384.

469 5441 649 5509 3130!
1130 5441 1150 5450 ’
1504 5441 1513 5445 ⁷
1705 5441 1710 5443 ⁷

2291 5441 2400 5518 (72)
2430 5448 2684 5518 Cangius
2714 5441 2772 5505 in
2811 5441 2972 5507 notis
3001 5451 3072 5506 ad
3114 5455 3318 5512 Zonar.
3353 5452 3451 5508 Ed.
3487 5450 3662 5506 Paris.
3692 5450 3728 5501 t.
3756 5441 3808 5504 ll.

538 5525 651 5595 (63)
683 5523 1101 5595 Theoph.,loc.
1138 5521 1353 5595 cit.,_p.
1380 5521 1504 5595 667.
1709 5591 1750 5595 __
1821 5586 1832 5595 _
1870 5591 1892 5595 _
2218 5535 2274 5590 p.
2299 5519 2393 5595 98.

535 5586 647 5670 (64)
678 5598 791 5670 Ofr.
818 5586 1390 5670 tamenﬁlossarium
1424 5594 1680 5647 Graecum
1709 5591 1780 5644 νο
1809 5586 2000 5663 ῥεῦμα.

1173 5586 1390 5670 sarium
1424 5594 1680 5647 Graecum
1709 5591 1780 5644 νο
1809 5586 2000 5663 ῥεῦμα.
2220 5586 2236 5590 ’
2532 5594 2576 5644 V
2606 5591 2769 5663 Julii,

536 5594 641 5670 (64⁷
678 5598 791 5652 Cfr.
818 5594 1009 5652 tamen
1031 5594 1390 5649 Glossarium
1424 5594 1680 5647 Graecum
1709 5594 1780 5644 νο
1809 5594 2000 5663 ῥεῦμα.
2291 5594 2402 5661 (73)
2433 5594 2495 5646 T.
2532 5594 2576 5644 V
2606 5594 2770 5663 Julii,
2893 5594 3016 5647 486.

536 5599 646 5740 (65)
681 5669 741 5727 L.
777 5685 851 5737 c.,
885 5666 994 5725 col.
1015 5667 1158 5722 5322
1189 5669 1244 5720 et
1272 5679 1431 5736 seqq.
2295 5663 2406 5734 (74)
2440 5661 2765 5722 Hammers.
2845 5664 3016 5736 polis.
3041 5665 3235 5724 Pesth.
3273 5667 3427 5736 1822,
3458 5682 3510 5738 p.
3539 5664 3659 5721 298.
