4106 6200
298 346 448 407 1097

1479 339 1663 404 VITA
1708 339 1767 400 S.
1816 339 2166 403 ANDREXE
2208 342 2285 402 IN
2332 344 2562 406 CRISI.

3536 352 3695 415 1098

288 522 411 563 rem
444 503 676 578 assequi
711 503 1035 577 potuimus,
1068 502 1473 559 collocandum
1506 501 1650 557 illud
1702 516 1826 558 esse
1872 501 1930 557 in
1962 500 2201 568 AJulii,
2226 519 2403 572 anno,
2437 508 2497 559 ut
2521 505 2770 575 videtur,
2801 508 2927 563 771.
2962 510 3207 583 Reliqua
3255 530 3385 585 quis
3422 516 3492 571 ad
3555 533 3692 573 eum

287 596 410 653 loco
472 596 571 667 qui
633 594 803 649 hodie
860 594 1109 648 Keurt‘us
1181 592 1415 661 dicitur,
1473 593 1741 664 jacetque
1789 592 1941 647 inter

289 684 649 742 Kandliscbe’
684 687 739 739 et
789 682 1037 751 Anatoli,
1070 685 1127 737 et
1155 682 1386 737 duabus
1436 682 1553 738 fere
1601 680 1783 737 leucis
1830 680 1939 736 ho-

288 775 457 831 rariis
491 782 649 829 trans
679 773 1001 843 Bosporum
1032 788 1064 827 a
1095 770 1253 842 Cpoli
1287 771 1483 827 distat.

358 866 450 922 22.
504 865 579 919 De
626 864 680 917 S.
740 862 961 918 Joanne
1019 860 1285 933 praefecto
1346 860 1682 915 monasterii
1742 863 1936 916 Mona-

289 955 449 1027 griae,
482 953 578 1025 qui
614 958 869 1020 tempore
914 950 1336 1019 persecutionis
1371 950 1844 1022 Copronymiana:
1876 950 1937 1006 in

291 1060 459 1099 sacco
488 1043 775 1108 inclusus,
809 1040 867 1095 in
904 1056 1063 1095 mare
1113 1040 1415 1095 demersus
1453 1044 1562 1108 est,
1607 1057 1790 1109 pauca
1828 1040 1935 1095 ha-

290 1134 388 1189 bet
418 1133 489 1187 ad
518 1131 669 1186 diem
710 1147 767 1185 1v
806 1129 967 1185 Junii
1008 1129 1412 1184 Henschenius
1456 1130 1812 1201 noster(75),
1845 1146 1937 1186 ea-

292 1238 406 1294 que
436 1221 649 1276 iterum
681 1236 748 1275 ex
778 1218 1108 1290 Synaxariis
1139 1236 1172 1273 a
1203 1218 1491 1274 Cbittletio
1541 1220 1794 1290 acceptis
1839 1218 1937 1275 de-

291 1312 529 1385 promit.
560 1314 843 1368 Joannem
892 1308 1049 1364 bunc
1097 1309 1174 1363 ita
1214 1308 1469 1364 celebrat
1512 1308 1569 1363 S.
1604 1309 1937 1379 Stephanus

292 1404 352 1457 in
383 1416 615 1459 carcere
662 1400 940 1471 praetorii,
976 1402 1287 1470 postquam
1320 1399 1390 1453 de
1422 1400 1480 1455 S.
1516 1402 1677 1453 Petro
1708 1399 1778 1455 de
1808 1399 1935 1453 Bla-

290 1491 524 1548 chernis
554 1489 731 1544 verba
777 1489 1036 1543 fecerat:
1072 1488 1375 1543 Imitemur
1405 1493 1459 1545 et
1490 1488 1588 1559 qui
1639 1502 1769 1544 eum
1811 1488 1935 1559 (Pe-

289 1579 470 1650 trum)
503 1582 740 1633 secutus
772 1580 877 1646 est,
908 1578 1187 1631 Joannem
1220 1577 1484 1631 divinum
1518 1578 1686 1631 illum
1722 1577 1934 1632 amceui

290 1668 629 1725 monasterii
680 1666 994 1737 Monagriae
1046 1666 1405 1737 praefectum,
1438 1682 1610 1737 quem
1653 1670 1937 1738 tyrannus

289 1759 603 1830 imperator
626 1755 1076 1827 (Copronymus)
1100 1755 1396 1823 tyrannica
1428 1755 1934 1825 comprehensum,

2046 592 2411 663 spectant,in
2434 594 2592 649 Actis
2627 597 2844 653 nostris
2877 599 2945 652 ad
2979 600 3199 656 dictum
3232 603 3384 658 diem
3419 621 3695 675 quaeran-

2045 686 2156 737 tur.
2182 683 2295 738 Nos
2328 682 2424 739 hic
2455 684 2646 739 solum
2676 702 2709 740 a
2741 686 2918 742 Paulo
2951 704 3018 743 ex
3049 690 3236 760 Creta,
3269 693 3336 747 de
3370 710 3483 763 quo
3514 712 3693 766 supra

2046 788 2210 829 num.
2248 774 2307 827 11
2360 778 2416 828 et
2464 791 2651 845 seqq.,
2705 791 2832 830 eum
2889 777 3247 850 distinguere
3305 781 3689 853 intendimus,

2045 864 2181 919 dein
2216 862 2435 934 aliquid
2462 865 2531 918 de
2553 881 2705 919 anno
2735 867 2994 936 martyrii
3020 870 3387 925 emendatius
3413 875 3689 942 proferre.

2048 954 2313 1007 Refertur
2343 953 2401 1007 in
2436 953 2592 1007 Actis
2639 953 2786 1023 ejus,
2825 956 2923 1008 122
2955 958 3125 1011 annis
3168 965 3296 1028 post
3337 962 3690 1031 passionem,

2047 1042 2395 1098 revelatione
2426 1042 2574 1096 facta
2624 1044 2866 1099 Antonio
2900 1045 3120 1100 Cautes:
3154 1048 3495 1118 patriarchas
3547 1054 3694 1123 Cpo-

2047 1132 2247 1199 lilano,
2281 1132 2409 1201 ejus
2453 1148 2687 1186 sacrum
2737 1148 2946 1202 corpus
2998 1134 3328 1192 honoriﬁca:-
3375 1140 3690 1210 sepulturas

2047 1221 2208 1293 Cpoli
2241 1221 2296 1275 in
2326 1222 2677 1276 monasterio
2708 1223 2963 1290 Cajumae
2998 1226 3273 1281 traditum
3310 1228 3503 1297 fuisse,
3538 1232 3693 1288 unde

2047 1311 2191 1367 illud
2224 1311 2426 1366 Veneti
2467 1328 2619 1366 anno
2674 1312 2809 1367 1222
2859 1320 3204 1385 acceperunt
3235 1320 3291 1371 et
3320 1318 3462 1374 forte
3511 1337 3693 1391 usque

2046 1402 2104 1456 in
2156 1400 2494 1456 hodiernam
2539 1400 2689 1455 diem
2739 1408 3055 1456 asservant.
3090 1404 3566 1464 Demonstratum
3607 1418 3692 1465 est

2045 1495 2240 1546 autem
2300 1490 2370 1544 ab
2431 1489 2796 1545 Henscbenio
2855 1492 3175 1548 Antonium
3250 1496 3520 1553 Cauleam
3574 1516 3693 1556 non

2047 1597 2199 1635 anno
2256 1580 2382 1647 888,
2434 1584 2497 1634 ut
2553 1584 2723 1635 antea
2782 1581 3151 1651 credebatur,
3189 1588 3281 1640 sed
3332 1588 3434 1642 893
3493 1590 3692 1645 sedere

2047 1670 2290 1740 coepisse
2347 1669 2500 1740 (81);
2543 1685 2609 1722 ex
2668 1686 2781 1740 quo
2837 1687 3098 1735 numero,
3132 1673 3181 1727 si
3234 1675 3336 1729 122
3385 1678 3692 1733 demantur

2047 1757 2267 1813 residui
2326 1761 2495 1812 erunt
2549 1757 2673 1812 771.
2735 1762 2950 1814 Verum
3016 1760 3217 1817 Pinius
3272 1767 3691 1822 correctionem

292 1847 451 1920 quod
498 1845 714 1901 Christi
774 1845 1019 1915 ejusque
1077 1843 1280 1899 Matris
1324 1843 1636 1913 imaginem
1688 1845 1936 1915 pedibus
1967 1845 2396 1924 BHenschenii
2443 1862 2615 1916 quam
2666 1847 2876 1919 Pagius
2922 1847 3135 1919 aliique
3187 1867 3390 1907 omnes
3439 1854 3690 1924 amplexi

292 1933 631 1993 conculcare
681 1938 970 2002 renuerat,
1025 1949 1193 1989 sacco
1245 1932 1503 2000 inclusit,
1555 1949 1808 2005 eumque
1864 1933 1935 1987 ad

293 2027 590 2097 ingentem
644 2022 897 2093 lapidem
948 2021 1254 2093 alligatum
1308 2021 1366 2075 in
1419 2020 1701 2092 profundo
1761 2021 1939 2076 maris

295 2112 640 2186 praefocavil.
675 2109 823 2173 Quid
866 2109 1201 2179 hujusmodi
1252 2114 1438 2164 morte
1487 2110 1802 2165 acerbius?
1832 2110 1942 2164 Ve-

298 2220 451 2267 rum,
496 2218 561 2256 eo
611 2199 1006 2273 gloriosiorem
1066 2215 1341 2254 coronam
1403 2199 1619 2270 praebet
1677 2201 1809 2271 (76).
1862 2201 1943 2254 Ex

298 2292 533 2362 quibus,
564 2289 731 2345 sicuti
767 2294 823 2344 et
854 2306 921 2344 ex
970 2287 1395 2358 chronologicis
1434 2289 1941 2345 observationibus

298 2384 408 2438 sub
458 2396 621 2435 num.
658 2380 723 2433 17
773 2377 988 2444 allatis,
1040 2383 1189 2433 recte
1234 2376 1518 2434 deducere
1569 2379 1738 2433 nobis
1788 2379 1941 2434 vide-

296 2486 451 2538 mur,
483 2472 545 2526 S.
576 2469 861 2524 Joannem
914 2468 1314 2538 IIegumenum
1367 2467 1699 2523 monasterii
1744 2468 1942 2524 Mona-

296 2560 433 2633 gria:
480 2559 575 2613 die
625 2575 699 2613 ιν.
732 2557 918 2627 Junii,
951 2574 1104 2611 anno
1146 2556 1271 2625 761,
1306 2556 1509 2611 eodem
1560 2557 1781 2611 scilicet
1830 2574 1943 2628 quo

299 2654 359 2705 8.
394 2649 622 2717 Petrus,
658 2645 917 2717 martyrii
968 2644 1221 2716 palmam
1269 2645 1542 2715 adeptum
1594 2660 1741 2701 esse.
1776 2645 1942 2715 Apud

296 2736 735 2794 Henschcnium
786 2735 1021 2806 quidem
1071 2733 1303 2800 dicitur,
1339 2750 1452 2788 non
1488 2734 1794 2805 Monagria:
1846 2735 1945 2790 sed

297 2826 606 2898 Menagrias
668 2826 1014 2897 praefectus:
1057 2839 1261 2878 verum
1320 2822 1463 2878 illud
1510 2839 1576 2878 ex
1626 2840 1949 2879 amanuen-

298 2916 454 2972 sium
488 2916 654 2986 lapsu
690 2915 903 2969 factum
939 2928 1066 2967 esse
1097 2912 1426 2981 conﬁcitur,
1449 2929 1579 2967 cum
1607 2928 1674 2967 ex
1701 2917 1949 2984 quatuor

299 3021 439 3061 mss.
479 3004 781 3059 codicibus
830 3018 978 3073 quos
1026 3001 1151 3057 Jac.
1188 3001 1369 3072 Lopin
1402 3017 1463 3056 se
1495 3001 1814 3057 contulisse
1864 3006 1949 3057 te-

301 3099 488 3151 statur
517 3094 651 3164 (77),
683 3097 808 3147 tum
842 3108 909 3147 ex
940 3091 1068 3163 ipso
1100 3090 1489 3162 Metaphraste
1520 3090 1621 3161 qui
1654 3092 1807 3162 apud
1840 3091 1952 3145 Su-

2046 1939 2185 1991 sunt
2214 1935 2351 2005 (82),
2378 1951 2492 1989 non
2521 1940 2851 2004 assecutus,
2884 1952 3016 1991 cum
3052 1938 3290 1995 Baronio
3338 1958 3555 1997 annum
3585 1943 3691 1995 888

2045 2041 2284 2080 erronce
2343 2024 2578 2078 retinuit
2626 2024 2757 2095 (83).
2819 2025 3065 2081 Proinde
3121 2046 3337 2084 annum
3399 2047 3512 2086 non
3560 2033 3687 2099 771,

2046 2115 2147 2169 sed
2177 2114 2283 2167 766
2316 2114 2587 2185 martyrio
2638 2114 2693 2168 S.
2748 2114 2905 2169 Pauli
2958 2118 3378 2188 assignaverat.
3411 2120 3575 2176 Nunc
3623 2138 3691 2176 ex

2047 2204 2192 2259 serie
2239 2219 2413 2273 quam
2465 2202 2789 2273 sequimur,
2824 2204 3162 2260 devenimus
3206 2208 3273 2261 ad
3305 2210 3359 2262 S.
3399 2211 3691 2266 Andream

2048 2293 2107 2348 in
2157 2292 2323 2360 Crisi,
2358 2308 2531 2363 quem
2583 2293 2673 2348 die
2703 2310 2775 2347 xx
2808 2294 3071 2350 Octobris
3119 2298 3257 2352 anni
3300 2300 3406 2352 767
3450 2317 3690 2369 passum

2049 2400 2199 2451 esse,
2232 2398 2411 2453 supra
2444 2398 2605 2436 num.
2646 2382 2706 2435 18
2740 2398 2858 2452 seq.
2893 2384 3333 2456 adstruximus;
3368 2404 3567 2444 verum
3600 2407 3689 2444 re-

2049 2474 2314 2539 servatis,
2350 2489 2476 2542 quis
2510 2473 2579 2526 de
2611 2488 2675 2526 eo
2708 2473 2935 2543 reliqua
2980 2479 3137 2539 sunt,
3171 2478 3237 2530 ad
3271 2480 3297 2545 §
3327 2484 3689 2550 sequentem,

2045 2563 2167 2633 jam
2214 2561 2415 2632 paucis
2447 2562 2597 2615 diem
2641 2578 2814 2615 xxviii
2866 2563 3131 2631 ejusdem
3186 2566 3403 2621 mensis
3450 2569 3691 2640 attingi-

2053 2667 2203 2707 mus.
2235 2651 2361 2705 Jam
2406 2649 2625 2704 dictum
2659 2655 2749 2705 est
2779 2667 2955 2722 supra
3004 2670 3166 2707 num.
3198 2655 3250 2720 7,
3287 2654 3385 2710 illo
3416 2658 3505 2712 die
3537 2676 3569 2713 a
3597 2676 3692 2714 ve-

2052 2738 2396 2795 tustissimis
2452 2738 2777 2807 Eclogadiis
2807 2756 2907 2794 seu
2942 2740 3281 2814 Menologiis
3304 2744 3578 2801 colendos
3613 2748 3697 2802 in-

2052 2829 2166 2884 dici
2224 2833 2279 2884 S.
2342 2827 2725 2897 Stephanum,
2786 2833 3018 2883 Petrum
3076 2831 3171 2899 (de
3229 2831 3586 2905 Blachernis)
3643 2838 3700 2891 et

2054 2920 2348 2974 Andream
2410 2917 2490 2987 (in
2545 2917 2735 2987 Crisi).
2769 2916 2833 2972 In
2883 2919 3099 2989 'l‘ypico
3141 2920 3199 2975 S.
3234 2922 3393 2977 Saba:
3450 2924 3701 2995 aliisque

2057 3009 2243 3075 fastis,
2281 3007 2473 3079 prodit
2513 3005 2623 3061 hoc
2673 3008 2872 3061 eodem
2907 3007 2999 3063 die
3026 3013 3081 3062 S.
3116 3009 3442 3079 Stephanus
3476 3013 3704 3069 Sabaita
3796 2996 3805 3006 ’

2058 3113 2347 3153 canonum
2403 3095 2669 3165 scriptor,
2703 3095 2773 3149 de
2800 3112 2912 3166 quo
2954 3097 3074 3168 agit
3112 3113 3298 3153 canon
3350 3100 3703 3157 Menaaorum

304 3185 457 3241 rium
508 3184 577 3239 ad
627 3183 779 3238 diem
830 3198 1004 3237 xxvm
1037 3180 1346 3237 Novembr.
1388 3179 1661 3235 similiter
1708 3180 1944 3236 scribit:
1980 3216 2031 3284 Ο
2064 3202 2219 3241 novae
2268 3184 2564 3249 editionis,
2597 3201 2630 3238 a
2659 3184 2960 3241 Theodoro
3010 3188 3220 3258 Grapto
3254 3188 3452 3243 Niczeze
3487 3200 3707 3245 metro-

306 3276 729 3333 monastcrium
756 3275 1085 3345 Monagriae.
1107 3274 1231 3330 Non
1250 3273 1431 3344 igitur
1453 3272 1755 3329 veritatem
1782 3273 1952 3344 plane

306 3384 542 3425 omnem
590 3364 1020 3438 Papebrocbius
1072 3365 1430 3435 assequitur,
1481 3364 1619 3418 dum
1672 3364 1729 3418 in
1774 3363 1951 3433 hujus

305 3457 647 3515 monasterii
701 3454 1197 3525 nuncupationem
1251 3454 1497 3526 inquirit
1546 3453 1706 3523 (78);
1755 3452 1954 3508 verisi-

305 3548 445 3603 mile
492 3551 693 3603 tamen
735 3546 825 3600 est
866 3542 1010 3598 illud
1045 3542 1104 3597 in
1137 3544 1270 3611 ista,
1303 3559 1479 3614 quam
1522 3543 1687 3610 dicit,
1719 3544 1953 3615 regione

307 3636 578 3707 Sigriana
621 3633 800 3689 situm
854 3631 1053 3700 fuisse,
1088 3632 1246 3702 quia,
1282 3636 1346 3686 ut
1373 3631 1509 3685 alibi
1542 3631 1784 3686 adstruit
1814 3632 1951 3701 (79),

307 3724 388 3779 ibi
421 3723 673 3795 plurima
702 3721 1053 3777 monasteria
1100 3720 1368 3775 exstitere
1400 3734 1610 3774 nomen
1645 3736 1758 3774 non
1792 3720 1955 3775 valde

306 3815 598 3871 diversum
648 3816 980 3879 consecuta,
1018 3814 1077 3866 ut
1115 3814 1283 3867 erant
1329 3825 1458 3881 quae
1502 3810 1670 3865 Parvi
1716 3810 1850 3881 Agri
1900 3814 1957 3864 et

306 3902 503 3975 Magni
557 3904 689 3973 Agri
750 3901 1118 3957 dicebantur.
1153 3903 1438 3956 Prasterea
1478 3902 1528 3954 si
1571 3898 1717 3954 illud
1778 3915 1955 3969 prope

306 3993 533 4065 Cpolim
584 3992 812 4059 fuisset,
848 4008 961 4046 non
1013 3990 1352 4045 dubitamus
1391 3988 1526 4058 quin
1566 3990 1838 4060 Cangius,
1872 3992 1958 4044 tot

304 4084 619 4153 scriptores
652 4080 837 4137 editos
869 4086 925 4135 et
955 4096 1097 4137 mss.
1131 4077 1455 4134 incredibili
1501 4076 1802 4149 diligentia
1833 4092 1958 4147 per-

305 4176 618 4239 scrutatus,
648 4171 797 4240 eius,
831 4170 889 4225 in
923 4186 1032 4226 sua
1080 4166 1580 4237 Constantinopoli
1627 4166 1959 4222 Christiana

306 4260 576 4316 notitiam
614 4259 963 4315 tradidisset.

380 4352 468 4405 23.
502 4351 565 4405 In
610 4349 869 4405 indiculo
919 4355 1243 4422 martyrum
1280 4348 1350 4405 de
1392 4347 1608 4421 quibus
1655 4347 1751 4403 hic
1790 4361 1961 4419 agere

308 4438 481 4494 nobis
531 4438 964 4508 assumpsimus
1008 4438 1211 4509 (supra
1258 4453 1424 4493 num.
1476 4438 1589 4505 11),
1634 4441 1691 4492 et
1738 4437 1796 4491 in
1846 4452 1961 4507 quo

2064 3274 2243 3346 polita
2290 3274 2397 3343 (84)
2447 3272 2828 3343 conscriptus.
2890 3277 2952 3329 In
2997 3276 3311 3346 Synaxario
3356 3279 3707 3336 Menazorum

2063 3364 2157 3418 hic
2189 3362 2523 3433 Stephanus
2555 3361 2767 3416 dicitur
2796 3362 3105 3433 episc0pus
3157 3365 3335 3421 fuisse
3367 3374 3418 3423 et
3455 3372 3708 3424 certasse

2064 3457 2265 3508 contra
2322 3452 2568 3506 haereses
2600 3468 2611 3517 ;
2642 3451 2701 3505 in
2754 3451 3077 3523 Menologio
3130 3456 3322 3513 Sirleti
3374 3463 3437 3513 ut
3487 3467 3710 3533 martyr

2066 3540 2453 3597 annuntiatur
2502 3540 2635 3609 (85).
2690 3540 2819 3595 Haec
2868 3547 3061 3597 autem
3117 3562 3221 3601 nec
3269 3549 3559 3619 Stephano
3603 3556 3709 3607 Sa—

2066 3632 2230 3686 baitis
2283 3630 2380 3703 qui
2414 3647 2447 3685 a
2478 3629 2775 3685 Theodoro
2832 3630 3047 3703 Grapto
3099 3635 3445 3707 celebratur,
3478 3656 3582 3695 nec
3622 3641 3709 3694 a1-

2064 3720 2172 3774 teri
2229 3719 2583 3791 homonymo
2642 3718 2839 3774 itidem
2895 3721 3166 3789 Sabaitae,
3215 3727 3383 3795 cujus
3433 3728 3709 3798 praeclara

2064 3811 2203 3864 Acta
2230 3809 2429 3862 Pinius
2464 3807 2775 3865 illustravit
2804 3809 2873 3863 ad
2907 3825 3005 3863 xm
3034 3810 3199 3880 Julii,
3230 3818 3535 3871 convenire
3574 3834 3708 3887 pos-

2067 3901 2205 3953 sunt
2236 3897 2374 3968 (86).
2402 3899 2761 3966 Quapropter
2789 3898 3036 3967 conjicio
3068 3901 3161 3955 hic
3195 3904 3284 3973 agi
3319 3905 3389 3959 de
3419 3906 3712 3977 Stephano

2066 3987 2187 4053 illo,
2221 3987 2318 4059 qui
2353 4004 2385 4041 a
2415 3987 2779 4057 Cepronymo
2828 3988 2885 4042 in
2936 3990 3269 4062 Sugdaaam,
3301 3993 3518 4050 Moesiae
3566 3995 3715 4052 intc-

2069 4079 2236 4135 rioris
2295 4081 2519 4148 partem
2573 4078 2710 4148 (87),
2743 4078 2961 4148 ejectus
3018 4089 3102 4135 est
3152 4082 3285 4153 (88),
3321 4085 3522 4140 eodem
3576 4087 3719 4142 forte

2068 4167 2169 4237 qui
2229 4163 2436 4234 viginti
2496 4163 2616 4219 fere
2674 4170 2805 4235 post
2862 4166 3055 4232 annis,
3089 4167 3146 4223 in
3182 4169 3429 4226 concilio
3487 4173 3718 4229 Nicazno

2070 4254 2208 4309 anni
2246 4254 2352 4307 787
2401 4250 2794 4324 subscripsit:
2845 4252 3111 4329 Στέφανος
3162 4254 3381 4325 ἀνάξιος
3427 4257 3718 4321 ἐπίσκοπος

2073 4337 2367 4415 Σουγδάων
2400 4342 2535 4413 (89).
2574 4342 2685 4397 Sed
2728 4343 2799 4398 de
2844 4342 2935 4399 his
2987 4344 3201 4400 iterum
3260 4349 3330 4403 ad
3390 4366 3567 4405 xxvm
3617 4351 3721 4406 Oc-

2071 4434 2277 4489 tobris.

309 4527 578 4583 ordinem
634 4526 925 4582 mensium
986 4543 1192 4582 sumus
1241 4528 1450 4594 secuti,
1502 4530 1630 4597 post
1676 4526 1960 4582 Joannem
1992 4569 2051 4637 D
2146 4522 2234 4576 24.
2266 4520 2396 4577 Jam
2443 4522 2514 4577 ad
2558 4520 3081 4579 celebratissimum
3134 4526 3313 4582 totius
3367 4532 3722 4599 persecutio-

311 4617 622 4637 ἍΙΑ-Αμηέ--
701 4620 1105 4637 πΔ..--...-----Α
1196 4616 1386 4637 ,Α-ᾼΔΞΔ
1442 4616 1476 4637 ο
1562 4615 1774 4637 “4--_I.-_
1851 4614 1927 4637 λτ-
2077 4610 2167 4637 ..τοι
2191 4612 2666 4637 ΠΛᾺ-Α“-1Μ;η“Μ
2690 4617 2997 4637 m-_.l-._-_.
3023 4614 3377 4637 Οι-..ι.-..--...
3410 4617 3599 4637 ἵμμκὲκη

311 4617 628 4689 Monagriae
701 4620 1135 4687 Hegumenum,
1195 4616 1389 4687 prodit
1442 4616 1501 4671 S.
1560 4615 1776 4671 Paulus
1850 4614 1961 4671 No-

311 4723 439 4773 vus,
477 4704 693 4761 militiae
722 4706 861 4774 dux,
894 4704 1027 4761 dein
1059 4703 1387 4759 monachus
1420 4707 1483 4758 ut
1514 4720 1580 4758 ex
1613 4705 1963 4774 quibusdam

314 4794 679 4852 documentis
728 4801 965 4866 apparet
1014 4794 1143 4863 (80),
1194 4793 1430 4848 demum
1482 4802 1695 4865 martyr
1738 4794 1830 4850 die
1862 4811 1964 4849 VIII

385 4976 496 5047 (75)
525 4977 593 5033 T.
630 4975 863 5041 IJunii,
898 4992 954 5046 p.
990 4974 1117 5028 402-

384 5044 498 5120 (76)
528 5050 803 5104 Analecta
827 5044 1040 5120 Graeca,
1073 5063 1129 5117 p.
1161 5044 1288 5100 507.

387 5117 502 5191 (77)
536 5121 683 5175 Ibid.
715 5120 774 5173 in
809 5117 1026 5191 praefat.

384 5190 503 5261 (78)
532 5192 597 5247 T.
632 5194 652 5247 Ι
682 5190 863 5255 Junii,
899 5206 956 5260 p.
988 5190 1113 5244 402.

386 5264 499 5332 (79)
531 5263 598 5317 T.
634 5264 679 5317 ΙΙ
712 5263 919 5325 Martii,
954 5278 1008 5332 p.
1048 5262 1173 5326 213,
1208 5276 1267 5317 ιι.
1301 5264 1357 5316 2.

388 5329 502 5405 (80)
532 5335 598 5389 T.
635 5334 681 5388 Il
711 5332 872 5405 Julii,
906 5329 970 5403 pi
990 5333 1117 5401 636,
1152 5350 1221 5405 ιι.
1242 5336 1295 5389 2.
1334 5332 1430 5387 Ct‘r
1477 5332 1716 5399 Menasa,
1750 5334 1808 5387 et
1856 5329 1969 5386 Me-

316 5404 849 5477 nologiumABasilii
879 5406 947 5477 ad
977 5421 1149 5459 xxvm
1180 5404 1486 5477 Novembri.

389 5474 503 5547 (8f)
535 5477 602 5531 T.
636 5475 676 5547 1.
709 5478 855 5545 Aug.
892 5476 964 5530 de
994 5475 1306 5546 patriarch.
1339 5475 1571 5546 Cpolit.,
1606 5490 1662 5545 p.
1698 5474 1821 5530 113.

392 5546 503 5619 (se)
538 5546 708 5619 Ibid.,
744 5564 801 5603 n.
835 5547 960 5619 663.

394 5617 512 5692 (83')
544 5622 605 5673 Τ.
642 5617 885 5692 II_Julii_,
921 5635 974 5692 p.
1008 5618 1136 5692 e33,
1163 5635 1221 5692 np.
1259 5619 1344 5674 1ο.

392 5688 507 5765 (84)
539 5689 811 5760 Lequien,
842 5689 1046 5744 Oriens
1077 5689 1317 5759 Cbrist.,
1352 5694 1394 5747 t.
1430 5690 1524 5759 Ill,
1558 5688 1664 5745 col.
1701 5690 1804 5745 359
1834 5705 1844 5743 :
1881 5688 1972 5745 Cfr

642 5788 908 5851 PATROL.
954 5788 1063 5851 Gn.
1112 5787 1282 5851 CXV.

2076 4610 2169 4667 nis
2190 4612 2667 4683 Copronymianaa
2690 4617 3003 4682 martyrem
3023 4614 3381 4686 Stephanum
3400 4617 3721 4685 Juniorem,

2077 4698 2177 4770 qui
2206 4714 2381 4753 xxvm
2411 4698 2760 4754 Novembris
2814 4700 3047 4768 colitur,
3078 4702 3437 4759 devenimus.
3474 4706 3575 4762 Hic
3618 4724 3724 4761 au-

2076 4797 2189 4845 tem
2242 4788 2381 4844 satis
2429 4788 2537 4843 erit
2587 4788 2961 4845 cbronotaxin
3011 4793 3347 4862 posterioris
3381 4796 3564 4865 partis
3597 4797 3724 4868 ejus

2078 4967 2879 5042 Chronic._Symeon_is.Edit.
2916 4975 3126 5041 Bonn.,
3160 4988 3215 5042 p.
3249 4973 3377 5031 643.

2150 5040 2263 5111 (85)
2295 5040 2391 5093 Cfr
2421 5046 2463 5093 t.
2501 5040 2575 5095 llI
2606 5039 2769 5107 Julii,
2802 5058 2859 5111 p.
2892 5043 3019 5107 525,
3054 5039 3118 5099 ιι.
3143 5039 3197 5098 9.

2150 5112 2260 5180 (86)
2292 5111 2464 5182 lbid.,
2500 5128 2554 5165 n.
2589 5113 2622 5165 8
2653 5118 2710 5165 et
2740 5128 2859 5182 seq.

2150 5182 2255 5251 (87)
2288 5181 2592 5258 Cellarius,
2624 5183 2746 5258 t._l,
2776 5181 2925 5258 edit.
2980 5185 3225 5258 1773,ρ.
3274 5187 3397 5243 498.
3450 5191 3549 5247 Ct'r
3591 5195 3729 5249 Acta

2078 5255 2194 5313 SS..
2224 5259 2265 5307 t.
2300 5252 2345 5305 V
2376 5253 2556 5320 Junii,
2590 5272 2640 5321 p.
2675 5255 2800 5308 247.

2296 5324 2533 5404 Menses,
2568 5325 2825 5404 Yenetiis
2858 5329 3033 5404 _t_8_41_3_,
3069 5330 3139 5404 ad
3173 5346 3350 5404 xxvm
3393 5334 3726 5404 Novembr.,

2080 5415 2136 5474 ρ.
2168 5397 2292 5450 211.
2321 5396 2711 5474 Mep_ologium
2741 5398 2961 5467 Basilii,
2988 5400 3191 5457 Urbini
3226 5404 3387 5474 1727,
3424 5408 3493 5461 ad
3527 5396 3726 5465 eumdi

2082 5470 2283 5534 diem.,
2318 5486 2369 5537 p.
2403 5469 2527 5523 217.

2153 5540 2266 5664 (89)
2298 5540 2475 5594 Labb.
2502 5541 2740 5623 .Concil.
2795 5546 2835 5596 t.
2874 5542 2993 5611 VlI,
3026 5562 3081 5629 ρ..
3115 5547 3220 5599 327
3252 5563 3300 5601 c.
3335 5549 3439 5604 363
3472 5549 3524 5615 b,
3559 5553 3629 5605 42
3658 5572 3725 5621 c;

2153 5636 2155 5652 ι
2188 5616 2333 5664 ctus.
2362 5611 2652 5664 lllvricum
2687 5630 2937 5664 sacrum-
2964 5623 3000 5664 t.
3028 5615 3056 5664 \
3083 5618 3173 5664 lll.
3206 5635 3259 5664 n-
3288 5620 3385 5664 tisi
3413 5646 3422 5656 .
3452 5626 3701 5664 ῐρηηίηη

2082 5611 2333 5693 Coit-tus.
2362 5611 2652 5694 Illyricum
2687 5630 2937 5679 sacrum,
2964 5623 3000 5668 ί.
3028 5615 3177 5687 Vlll,
3206 5611 3725 5694 p.12éi;Lequien,

2084 5682 2289 5738 Oriens
2319 5683 2558 5754 Christ,
2593 5690 2631 5739 t.
2661 5687 2703 5754 Ι,
2738 5686 2844 5740 col.
2884 5688 3041 5743 1229.

3330 5787 3404 5846 35
