  <div class='ocr_page' id='page_1' title='image "/cluster/home/n/w/nwhite01/storage/ocr_20150623/115/hvd.32044073502262/555.png"; bbox 0 0 4106 6200; ppageno 0'>
   <div class='ocr_carea' id='block_1_1' title="bbox 493 286 647 349">
    <p class='ocr_par' dir='ltr' id='par_1_1' title="bbox 493 286 647 349">
     <span class='ocr_line' id='line_1_1' title="bbox 493 286 647 349; baseline -0.019 0"><span class='ocrx_word' id='word_1_1' title='bbox 493 286 647 349; x_wconf 84' lang='grc'>1099</span> 
     </span>
    </p>
   </div>
   <div class='ocr_carea' id='block_1_2' title="bbox 1838 265 2555 332">
    <p class='ocr_par' dir='ltr' id='par_1_2' title="bbox 1838 265 2555 332">
     <span class='ocr_line' id='line_1_2' title="bbox 1838 265 2555 332; baseline -0.007 0"><span class='ocrx_word' id='word_1_2' title='bbox 1838 266 2120 332; x_wconf 77' lang='lat' dir='ltr'>MENSIS</span> <span class='ocrx_word' id='word_1_3' title='bbox 2165 265 2555 329; x_wconf 81' lang='lat' dir='ltr'>OCTOBER.</span> 
     </span>
    </p>
   </div>
   <div class='ocr_carea' id='block_1_3' title="bbox 3723 274 3847 338">
    <p class='ocr_par' dir='ltr' id='par_1_3' title="bbox 3723 274 3847 338">
     <span class='ocr_line' id='line_1_3' title="bbox 3723 274 3847 338; baseline 0.04 -5"><span class='ocrx_word' id='word_1_4' title='bbox 3723 274 3847 338; x_wconf 83' lang='grc'>1100</span> 
     </span>
    </p>
   </div>
   <div class='ocr_carea' id='block_1_4' title="bbox 490 425 3852 517">
    <p class='ocr_par' dir='ltr' id='par_1_4' title="bbox 490 425 3852 517">
     <span class='ocr_line' id='line_1_4' title="bbox 490 425 3852 517; baseline 0.004 -40"><span class='ocrx_word' id='word_1_5' title='bbox 490 449 640 515; x_wconf 51' lang='grc' dir='ltr'>τηε,</span> <span class='ocrx_word' id='word_1_6' title='bbox 670 461 787 517; x_wconf 68' lang='lat' dir='ltr'>qua</span> <span class='ocrx_word' id='word_1_7' title='bbox 817 441 1029 513; x_wconf 60' lang='lat' dir='ltr'>saepius</span> <span class='ocrx_word' id='word_1_8' title='bbox 1062 440 1121 495; x_wconf 85' lang='lat' dir='ltr'>in</span> <span class='ocrx_word' id='word_1_9' title='bbox 1152 440 1261 497; x_wconf 86' lang='lat' dir='ltr'>hoc</span> <span class='ocrx_word' id='word_1_10' title='bbox 1291 433 1719 493; x_wconf 83' lang='lat' dir='ltr'>Commentario</span> <span class='ocrx_word' id='word_1_11' title='bbox 1761 430 1879 487; x_wconf 87' lang='lat' dir='ltr'>nixi</span> <span class='ocrx_word' id='word_1_12' title='bbox 1910 445 2139 494; x_wconf 87' lang='lat' dir='ltr'>sumus,</span> <span class='ocrx_word' id='word_1_13' title='bbox 2170 432 2232 499; x_wconf 86' lang='grc' dir='ltr'><strong>Α</strong></span> <span class='ocrx_word' id='word_1_14' title='bbox 2253 425 2523 482; x_wconf 87' lang='lat' dir='ltr'>undecim</span> <span class='ocrx_word' id='word_1_15' title='bbox 2553 440 2781 482; x_wconf 81' lang='lat' dir='ltr'>carcere</span> <span class='ocrx_word' id='word_1_16' title='bbox 2812 426 3065 498; x_wconf 67' lang='lat' dir='ltr'>praetorii</span> <span class='ocrx_word' id='word_1_17' title='bbox 3116 428 3352 501; x_wconf 80' lang='lat' dir='ltr'>mansit,</span> <span class='ocrx_word' id='word_1_18' title='bbox 3384 429 3519 486; x_wconf 88' lang='lat' dir='ltr'>inde</span> <span class='ocrx_word' id='word_1_19' title='bbox 3556 432 3852 494; x_wconf 81' lang='lat' dir='ltr'>conﬁcimus</span> 
     </span>
    </p>
   </div>
   <div class='ocr_carea' id='block_1_5' title="bbox 493 517 2139 594">
    <p class='ocr_par' dir='ltr' id='par_1_5' title="bbox 493 517 2139 594">
     <span class='ocr_line' id='line_1_5' title="bbox 493 517 2139 594; baseline -0.013 -1"><span class='ocrx_word' id='word_1_20' title='bbox 493 536 745 594; x_wconf 75' lang='lat' dir='ltr'>breviter</span> <span class='ocrx_word' id='word_1_21' title='bbox 802 531 1085 588; x_wconf 88' lang='lat' dir='ltr'>stabilire.</span> <span class='ocrx_word' id='word_1_22' title='bbox 1134 529 1315 584; x_wconf 88' lang='lat' dir='ltr'>Natus</span> <span class='ocrx_word' id='word_1_23' title='bbox 1370 535 1455 581; x_wconf 90' lang='lat' dir='ltr'>est</span> <span class='ocrx_word' id='word_1_24' title='bbox 1502 529 1557 580; x_wconf 86' lang='lat' dir='ltr'>S.</span> <span class='ocrx_word' id='word_1_25' title='bbox 1592 521 1922 594; x_wconf 81' lang='lat' dir='ltr'>Stephanus</span> <span class='ocrx_word' id='word_1_26' title='bbox 1980 517 2139 590; x_wconf 89' lang='lat' dir='ltr'>Cpoli</span> 
     </span>
    </p>
   </div>
   <div class='ocr_carea' id='block_1_6' title="bbox 494 609 2137 694">
    <p class='ocr_par' dir='ltr' id='par_1_6' title="bbox 494 609 2137 694">
     <span class='ocr_line' id='line_1_6' title="bbox 494 609 2137 694; baseline -0.013 -10"><span class='ocrx_word' id='word_1_27' title='bbox 494 642 647 684; x_wconf 91' lang='lat' dir='ltr'>anno</span> <span class='ocrx_word' id='word_1_28' title='bbox 677 624 805 694; x_wconf 90' lang='lat'>715,</span> <span class='ocrx_word' id='word_1_29' title='bbox 839 626 971 694; x_wconf 88' lang='lat' dir='ltr'>post</span> <span class='ocrx_word' id='word_1_30' title='bbox 1018 618 1442 676; x_wconf 82' lang='lat' dir='ltr'>ordinationem</span> <span class='ocrx_word' id='word_1_31' title='bbox 1485 618 1539 668; x_wconf 89' lang='lat' dir='ltr'>S.</span> <span class='ocrx_word' id='word_1_32' title='bbox 1575 611 1844 668; x_wconf 82' lang='lat' dir='ltr'>Germani</span> <span class='ocrx_word' id='word_1_33' title='bbox 1895 609 2137 681; x_wconf 88' lang='lat' dir='ltr'>patriar-</span> 
     </span>
    </p>
   </div>
   <div class='ocr_carea' id='block_1_7' title="bbox 495 700 2137 785">
    <p class='ocr_par' dir='ltr' id='par_1_7' title="bbox 495 700 2137 785">
     <span class='ocr_line' id='line_1_7' title="bbox 495 700 2137 785; baseline -0.013 -12"><span class='ocrx_word' id='word_1_34' title='bbox 495 718 616 775; x_wconf 72' lang='lat' dir='ltr'>cbze</span> <span class='ocrx_word' id='word_1_35' title='bbox 666 716 798 785; x_wconf 84' lang='lat'>(90),</span> <span class='ocrx_word' id='word_1_36' title='bbox 853 729 977 783; x_wconf 67' lang='lat' dir='ltr'>quae</span> <span class='ocrx_word' id='word_1_37' title='bbox 1025 708 1269 778; x_wconf 77' lang='lat' dir='ltr'>contigit</span> <span class='ocrx_word' id='word_1_38' title='bbox 1325 706 1417 762; x_wconf 91' lang='lat' dir='ltr'>die</span> <span class='ocrx_word' id='word_1_39' title='bbox 1472 722 1527 759; x_wconf 84' lang='lat' dir='ltr'>x1</span> <span class='ocrx_word' id='word_1_40' title='bbox 1580 702 1823 773; x_wconf 81' lang='lat' dir='ltr'>Augusti</span> <span class='ocrx_word' id='word_1_41' title='bbox 1880 700 2137 769; x_wconf 80' lang='lat' dir='ltr'>ejusdem</span> 
     </span>
    </p>
   </div>
   <div class='ocr_carea' id='block_1_8' title="bbox 497 788 2136 876">
    <p class='ocr_par' dir='ltr' id='par_1_8' title="bbox 497 788 2136 876">
     <span class='ocr_line' id='line_1_8' title="bbox 497 788 2136 876; baseline -0.013 -14"><span class='ocrx_word' id='word_1_42' title='bbox 497 806 635 862; x_wconf 90' lang='lat' dir='ltr'>anni</span> <span class='ocrx_word' id='word_1_43' title='bbox 668 804 800 876; x_wconf 87' lang='lat'>(91).</span> <span class='ocrx_word' id='word_1_44' title='bbox 826 802 1121 857; x_wconf 81' lang='lat' dir='ltr'>Deductus</span> <span class='ocrx_word' id='word_1_45' title='bbox 1152 801 1286 853; x_wconf 87' lang='lat' dir='ltr'>ests</span> <span class='ocrx_word' id='word_1_46' title='bbox 1316 790 1858 867; x_wconf 87' lang='lat' dir='ltr'>parentibus,valde</span> <span class='ocrx_word' id='word_1_47' title='bbox 1882 788 2136 859; x_wconf 82' lang='lat' dir='ltr'>juvenis,</span> 
     </span>
    </p>
   </div>
   <div class='ocr_carea' id='block_1_9' title="bbox 499 878 2141 953">
    <p class='ocr_par' dir='ltr' id='par_1_9' title="bbox 499 878 2141 953">
     <span class='ocr_line' id='line_1_9' title="bbox 499 878 2141 953; baseline -0.012 -1"><span class='ocrx_word' id='word_1_48' title='bbox 499 897 569 953; x_wconf 90' lang='lat' dir='ltr'>ad</span> <span class='ocrx_word' id='word_1_49' title='bbox 597 896 878 951; x_wconf 82' lang='lat' dir='ltr'>Joannem</span> <span class='ocrx_word' id='word_1_50' title='bbox 910 889 1321 946; x_wconf 88' lang='lat' dir='ltr'>anachoretam</span> <span class='ocrx_word' id='word_1_51' title='bbox 1352 883 1567 939; x_wconf 88' lang='lat' dir='ltr'>montis</span> <span class='ocrx_word' id='word_1_52' title='bbox 1597 883 1655 937; x_wconf 87' lang='lat' dir='ltr'>S-</span> <span class='ocrx_word' id='word_1_53' title='bbox 1687 878 1978 946; x_wconf 86' lang='lat' dir='ltr'>Auxentii,</span> <span class='ocrx_word' id='word_1_54' title='bbox 2004 894 2034 933; x_wconf 92' lang='lat' dir='ltr'>e</span> <span class='ocrx_word' id='word_1_55' title='bbox 2059 894 2141 933; x_wconf 89' lang='lat' dir='ltr'>re-</span> 
     </span>
    </p>
   </div>
   <div class='ocr_carea' id='block_1_10' title="bbox 498 969 2137 1055">
    <p class='ocr_par' dir='ltr' id='par_1_10' title="bbox 498 969 2137 1055">
     <span class='ocr_line' id='line_1_10' title="bbox 498 969 2137 1055; baseline -0.01 -16"><span class='ocrx_word' id='word_1_56' title='bbox 498 985 667 1055; x_wconf 82' lang='lat' dir='ltr'>gione</span> <span class='ocrx_word' id='word_1_57' title='bbox 689 981 903 1055; x_wconf 89' lang='lat' dir='ltr'>Cpolis,</span> <span class='ocrx_word' id='word_1_58' title='bbox 928 981 998 1035; x_wconf 87' lang='lat' dir='ltr'>ad</span> <span class='ocrx_word' id='word_1_59' title='bbox 1031 979 1226 1033; x_wconf 90' lang='lat' dir='ltr'>sinum</span> <span class='ocrx_word' id='word_1_60' title='bbox 1258 972 1605 1031; x_wconf 69' lang='lat' dir='ltr'>Nicomediae</span> <span class='ocrx_word' id='word_1_61' title='bbox 1637 969 1751 1040; x_wconf 85' lang='lat' dir='ltr'>siti,</span> <span class='ocrx_word' id='word_1_62' title='bbox 1773 969 1832 1024; x_wconf 91' lang='lat' dir='ltr'>in</span> <span class='ocrx_word' id='word_1_63' title='bbox 1857 985 1971 1040; x_wconf 90' lang='lat' dir='ltr'>quo</span> <span class='ocrx_word' id='word_1_64' title='bbox 2003 984 2137 1023; x_wconf 90' lang='lat' dir='ltr'>cum</span> 
     </span>
    </p>
   </div>
   <div class='ocr_carea' id='block_1_11' title="bbox 500 1058 2138 1138">
    <p class='ocr_par' dir='ltr' id='par_1_11' title="bbox 500 1058 2138 1138">
     <span class='ocr_line' id='line_1_11' title="bbox 500 1058 2138 1138; baseline -0.012 -6"><span class='ocrx_word' id='word_1_65' title='bbox 500 1077 597 1132; x_wconf 90' lang='lat' dir='ltr'>diu</span> <span class='ocrx_word' id='word_1_66' title='bbox 628 1074 885 1138; x_wconf 82' lang='lat' dir='ltr'>vixisset,</span> <span class='ocrx_word' id='word_1_67' title='bbox 921 1086 1072 1125; x_wconf 89' lang='lat' dir='ltr'>anno</span> <span class='ocrx_word' id='word_1_68' title='bbox 1114 1066 1297 1123; x_wconf 73' lang='lat' dir='ltr'>astatis</span> <span class='ocrx_word' id='word_1_69' title='bbox 1328 1066 1398 1119; x_wconf 84' lang='lat'>42</span> <span class='ocrx_word' id='word_1_70' title='bbox 1429 1064 1561 1133; x_wconf 75' lang='lat'>(93‘,</span> <span class='ocrx_word' id='word_1_71' title='bbox 1593 1060 1807 1117; x_wconf 81' lang='lat' dir='ltr'>Christi</span> <span class='ocrx_word' id='word_1_72' title='bbox 1839 1059 2000 1129; x_wconf 90' lang='lat' dir='ltr'>proin</span> <span class='ocrx_word' id='word_1_73' title='bbox 2030 1058 2138 1112; x_wconf 91' lang='lat'>756</span> 
     </span>
    </p>
   </div>
   <div class='ocr_carea' id='block_1_12' title="bbox 499 1148 2136 1232">
    <p class='ocr_par' dir='ltr' id='par_1_12' title="bbox 499 1148 2136 1232">
     <span class='ocr_line' id='line_1_12' title="bbox 499 1148 2136 1232; baseline -0.013 -9"><span class='ocrx_word' id='word_1_74' title='bbox 499 1166 734 1226; x_wconf 91' lang='lat' dir='ltr'>aut757,</span> <span class='ocrx_word' id='word_1_75' title='bbox 752 1163 818 1217; x_wconf 88' lang='lat' dir='ltr'>ad</span> <span class='ocrx_word' id='word_1_76' title='bbox 840 1161 1028 1232; x_wconf 91' lang='lat' dir='ltr'>ipsum</span> <span class='ocrx_word' id='word_1_77' title='bbox 1050 1171 1328 1213; x_wconf 82' lang='lat' dir='ltr'>cacumen</span> <span class='ocrx_word' id='word_1_78' title='bbox 1348 1153 1565 1209; x_wconf 87' lang='lat' dir='ltr'>montis</span> <span class='ocrx_word' id='word_1_79' title='bbox 1585 1153 1639 1207; x_wconf 93' lang='lat' dir='ltr'>in</span> <span class='ocrx_word' id='word_1_80' title='bbox 1656 1148 2136 1223; x_wconf 87' lang='lat' dir='ltr'>angustissimam</span> 
     </span>
    </p>
   </div>
   <div class='ocr_carea' id='block_1_13' title="bbox 497 1242 2136 1312">
    <p class='ocr_par' dir='ltr' id='par_1_13' title="bbox 497 1242 2136 1312">
     <span class='ocr_line' id='line_1_13' title="bbox 497 1242 2136 1312; baseline -0.012 -2"><span class='ocrx_word' id='word_1_81' title='bbox 497 1254 769 1310; x_wconf 83' lang='lat' dir='ltr'>cellulam</span> <span class='ocrx_word' id='word_1_82' title='bbox 826 1266 887 1305; x_wconf 90' lang='lat' dir='ltr'>se</span> <span class='ocrx_word' id='word_1_83' title='bbox 935 1246 1201 1304; x_wconf 81' lang='lat' dir='ltr'>contulit.</span> <span class='ocrx_word' id='word_1_84' title='bbox 1255 1245 1476 1298; x_wconf 78' lang='lat' dir='ltr'>Interea</span> <span class='ocrx_word' id='word_1_85' title='bbox 1533 1242 1928 1312; x_wconf 84' lang='lat' dir='ltr'>Copronymus</span> <span class='ocrx_word' id='word_1_86' title='bbox 1986 1252 2136 1292; x_wconf 85' lang='lat' dir='ltr'>anno</span> 
     </span>
    </p>
   </div>
   <div class='ocr_carea' id='block_1_14' title="bbox 494 1328 2137 1413">
    <p class='ocr_par' dir='ltr' id='par_1_14' title="bbox 494 1328 2137 1413">
     <span class='ocr_line' id='line_1_14' title="bbox 494 1328 2137 1413; baseline -0.01 -15"><span class='ocrx_word' id='word_1_87' title='bbox 494 1345 600 1398; x_wconf 87' lang='lat'>754</span> <span class='ocrx_word' id='word_1_88' title='bbox 648 1342 757 1413; x_wconf 89' lang='lat'>(93)</span> <span class='ocrx_word' id='word_1_89' title='bbox 807 1338 1096 1409; x_wconf 84' lang='lat' dir='ltr'>synodum</span> <span class='ocrx_word' id='word_1_90' title='bbox 1137 1332 1605 1389; x_wconf 83' lang='lat' dir='ltr'>iconoclasticam</span> <span class='ocrx_word' id='word_1_91' title='bbox 1657 1331 1940 1400; x_wconf 84' lang='lat' dir='ltr'>coegerat,</span> <span class='ocrx_word' id='word_1_92' title='bbox 1970 1328 2137 1396; x_wconf 87' lang='lat' dir='ltr'>cujus</span> 
     </span>
    </p>
   </div>
   <div class='ocr_carea' id='block_1_15' title="bbox 496 1417 2139 1500">
    <p class='ocr_par' dir='ltr' id='par_1_15' title="bbox 496 1417 2139 1500">
     <span class='ocr_line' id='line_1_15' title="bbox 496 1417 2139 1500; baseline -0.012 -12"><span class='ocrx_word' id='word_1_93' title='bbox 496 1436 731 1488; x_wconf 88' lang='lat' dir='ltr'>decreta</span> <span class='ocrx_word' id='word_1_94' title='bbox 754 1432 873 1500; x_wconf 91' lang='lat' dir='ltr'>ipse</span> <span class='ocrx_word' id='word_1_95' title='bbox 896 1427 1172 1495; x_wconf 84' lang='lat' dir='ltr'>deinceps</span> <span class='ocrx_word' id='word_1_96' title='bbox 1201 1419 1605 1495; x_wconf 82' lang='lat' dir='ltr'>propugnavit,</span> <span class='ocrx_word' id='word_1_97' title='bbox 1631 1432 1924 1489; x_wconf 89' lang='lat' dir='ltr'>quamque</span> <span class='ocrx_word' id='word_1_98' title='bbox 1946 1433 1976 1470; x_wconf 91' lang='lat' dir='ltr'>a</span> <span class='ocrx_word' id='word_1_99' title='bbox 1998 1417 2139 1469; x_wconf 87' lang='lat' dir='ltr'>Con-</span> 
     </span>
    </p>
   </div>
   <div class='ocr_carea' id='block_1_16' title="bbox 497 1504 2137 1589">
    <p class='ocr_par' dir='ltr' id='par_1_16' title="bbox 497 1504 2137 1589">
     <span class='ocr_line' id='line_1_16' title="bbox 497 1504 2137 1589; baseline -0.012 -12"><span class='ocrx_word' id='word_1_100' title='bbox 497 1520 753 1578; x_wconf 85' lang='lat' dir='ltr'>stantino</span> <span class='ocrx_word' id='word_1_101' title='bbox 802 1512 1377 1589; x_wconf 87' lang='lat' dir='ltr'>pseudopatriarcba,</span> <span class='ocrx_word' id='word_1_102' title='bbox 1412 1514 1729 1580; x_wconf 86' lang='lat' dir='ltr'>antequam</span> <span class='ocrx_word' id='word_1_103' title='bbox 1779 1522 1913 1561; x_wconf 91' lang='lat' dir='ltr'>eum</span> <span class='ocrx_word' id='word_1_104' title='bbox 1966 1504 2137 1560; x_wconf 90' lang='lat' dir='ltr'>morti</span> 
     </span>
    </p>
   </div>
   <div class='ocr_carea' id='block_1_17' title="bbox 498 1593 2134 1674">
    <p class='ocr_par' dir='ltr' id='par_1_17' title="bbox 498 1593 2134 1674">
     <span class='ocr_line' id='line_1_17' title="bbox 498 1593 2134 1674; baseline -0.012 -7"><span class='ocrx_word' id='word_1_105' title='bbox 498 1611 771 1674; x_wconf 84' lang='lat' dir='ltr'>traderet,</span> <span class='ocrx_word' id='word_1_106' title='bbox 803 1622 953 1662; x_wconf 86' lang='lat' dir='ltr'>anno</span> <span class='ocrx_word' id='word_1_107' title='bbox 1001 1604 1107 1657; x_wconf 90' lang='lat'>768</span> <span class='ocrx_word' id='word_1_108' title='bbox 1156 1603 1365 1657; x_wconf 88' lang='lat' dir='ltr'>iterum</span> <span class='ocrx_word' id='word_1_109' title='bbox 1411 1597 1721 1670; x_wconf 85' lang='lat' dir='ltr'>approbari</span> <span class='ocrx_word' id='word_1_110' title='bbox 1769 1594 1951 1651; x_wconf 89' lang='lat' dir='ltr'>voluit</span> <span class='ocrx_word' id='word_1_111' title='bbox 2001 1593 2134 1666; x_wconf 91' lang='lat'>(94).</span> 
     </span>
    </p>
   </div>
   <div class='ocr_carea' id='block_1_18' title="bbox 498 1684 2137 1771">
    <p class='ocr_par' dir='ltr' id='par_1_18' title="bbox 498 1684 2137 1771">
     <span class='ocr_line' id='line_1_18' title="bbox 498 1684 2137 1771; baseline -0.01 -16"><span class='ocrx_word' id='word_1_112' title='bbox 498 1701 682 1771; x_wconf 85' lang='lat' dir='ltr'>Hujus</span> <span class='ocrx_word' id='word_1_113' title='bbox 713 1694 1085 1753; x_wconf 88' lang='lat' dir='ltr'>conciliabuli</span> <span class='ocrx_word' id='word_1_114' title='bbox 1117 1693 1343 1747; x_wconf 87' lang='lat' dir='ltr'>decreta</span> <span class='ocrx_word' id='word_1_115' title='bbox 1375 1705 1527 1745; x_wconf 89' lang='lat' dir='ltr'>anno</span> <span class='ocrx_word' id='word_1_116' title='bbox 1556 1688 1662 1743; x_wconf 89' lang='lat'>763</span> <span class='ocrx_word' id='word_1_117' title='bbox 1684 1687 1752 1742; x_wconf 88' lang='lat' dir='ltr'>ad</span> <span class='ocrx_word' id='word_1_118' title='bbox 1788 1686 1845 1742; x_wconf 90' lang='lat' dir='ltr'>S.</span> <span class='ocrx_word' id='word_1_119' title='bbox 1870 1684 2137 1741; x_wconf 81' lang='lat' dir='ltr'>Auxentii</span> 
     </span>
    </p>
   </div>
   <div class='ocr_carea' id='block_1_19' title="bbox 499 1774 2141 1855">
    <p class='ocr_par' dir='ltr' id='par_1_19' title="bbox 499 1774 2141 1855">
     <span class='ocr_line' id='line_1_19' title="bbox 499 1774 2141 1855; baseline -0.01 -10"><span class='ocrx_word' id='word_1_120' title='bbox 499 1797 754 1844; x_wconf 88' lang='lat' dir='ltr'>montem</span> <span class='ocrx_word' id='word_1_121' title='bbox 785 1787 934 1842; x_wconf 91' lang='lat' dir='ltr'>idem</span> <span class='ocrx_word' id='word_1_122' title='bbox 967 1784 1285 1855; x_wconf 89' lang='lat' dir='ltr'>imperator</span> <span class='ocrx_word' id='word_1_123' title='bbox 1310 1778 1489 1851; x_wconf 84' lang='lat' dir='ltr'>jussit</span> <span class='ocrx_word' id='word_1_124' title='bbox 1519 1778 1745 1838; x_wconf 78' lang='lat' dir='ltr'>deferri.</span> <span class='ocrx_word' id='word_1_125' title='bbox 1774 1782 1838 1832; x_wconf 87' lang='lat' dir='ltr'>ut</span> <span class='ocrx_word' id='word_1_126' title='bbox 1868 1793 1901 1831; x_wconf 89' lang='lat' dir='ltr'>a</span> <span class='ocrx_word' id='word_1_127' title='bbox 1930 1777 1986 1830; x_wconf 93' lang='lat' dir='ltr'>S.</span> <span class='ocrx_word' id='word_1_128' title='bbox 2021 1774 2141 1829; x_wconf 88' lang='lat' dir='ltr'>Ste-</span> 
     </span>
    </p>
   </div>
   <div class='ocr_carea' id='block_1_20' title="bbox 498 1864 2141 1950">
    <p class='ocr_par' dir='ltr' id='par_1_20' title="bbox 498 1864 2141 1950">
     <span class='ocr_line' id='line_1_20' title="bbox 498 1864 2141 1950; baseline -0.01 -17"><span class='ocrx_word' id='word_1_129' title='bbox 498 1878 691 1950; x_wconf 89' lang='lat' dir='ltr'>phano</span> <span class='ocrx_word' id='word_1_130' title='bbox 724 1875 1235 1932; x_wconf 84' lang='lat' dir='ltr'>subscriberentur</span> <span class='ocrx_word' id='word_1_131' title='bbox 1265 1870 1398 1942; x_wconf 90' lang='lat'>(95).</span> <span class='ocrx_word' id='word_1_132' title='bbox 1432 1870 1483 1923; x_wconf 90' lang='lat' dir='ltr'>Is</span> <span class='ocrx_word' id='word_1_133' title='bbox 1513 1884 1667 1936; x_wconf 87' lang='lat' dir='ltr'>vero,</span> <span class='ocrx_word' id='word_1_134' title='bbox 1701 1882 1833 1922; x_wconf 91' lang='lat' dir='ltr'>eum</span> <span class='ocrx_word' id='word_1_135' title='bbox 1866 1865 1921 1918; x_wconf 91' lang='lat' dir='ltr'>id</span> <span class='ocrx_word' id='word_1_136' title='bbox 1956 1864 2141 1917; x_wconf 86' lang='lat' dir='ltr'>facere</span> 
     </span>
    </p>
   </div>
   <div class='ocr_carea' id='block_1_21' title="bbox 499 1957 2145 2036">
    <p class='ocr_par' dir='ltr' id='par_1_21' title="bbox 499 1957 2145 2036">
     <span class='ocr_line' id='line_1_21' title="bbox 499 1957 2145 2036; baseline -0.01 -12"><span class='ocrx_word' id='word_1_137' title='bbox 499 1968 812 2036; x_wconf 91' lang='lat' dir='ltr'>renuisset,</span> <span class='ocrx_word' id='word_1_138' title='bbox 844 1965 915 2020; x_wconf 92' lang='lat' dir='ltr'>ad</span> <span class='ocrx_word' id='word_1_139' title='bbox 948 1964 1002 2018; x_wconf 91' lang='lat' dir='ltr'>S.</span> <span class='ocrx_word' id='word_1_140' title='bbox 1035 1960 1306 2017; x_wconf 78' lang='lat' dir='ltr'>Auxentii</span> <span class='ocrx_word' id='word_1_141' title='bbox 1336 1958 1728 2014; x_wconf 76' lang='lat' dir='ltr'>cmmeterium</span> <span class='ocrx_word' id='word_1_142' title='bbox 1761 1960 1915 2011; x_wconf 87' lang='lat' dir='ltr'>arcte</span> <span class='ocrx_word' id='word_1_143' title='bbox 1945 1957 2145 2008; x_wconf 89' lang='lat' dir='ltr'>custo—</span> 
     </span>
    </p>
   </div>
   <div class='ocr_carea' id='block_1_22' title="bbox 500 2043 2144 2124">
    <p class='ocr_par' dir='ltr' id='par_1_22' title="bbox 500 2043 2144 2124">
     <span class='ocr_line' id='line_1_22' title="bbox 500 2043 2144 2124; baseline -0.009 -12"><span class='ocrx_word' id='word_1_144' title='bbox 500 2057 677 2124; x_wconf 85' lang='lat' dir='ltr'>ditus,</span> <span class='ocrx_word' id='word_1_145' title='bbox 712 2056 805 2110; x_wconf 91' lang='lat' dir='ltr'>die</span> <span class='ocrx_word' id='word_1_146' title='bbox 854 2052 1124 2124; x_wconf 88' lang='lat' dir='ltr'>septimo,</span> <span class='ocrx_word' id='word_1_147' title='bbox 1157 2051 1297 2104; x_wconf 90' lang='lat' dir='ltr'>dum</span> <span class='ocrx_word' id='word_1_148' title='bbox 1343 2046 1611 2118; x_wconf 77' lang='lat' dir='ltr'>Bulgaria</span> <span class='ocrx_word' id='word_1_149' title='bbox 1664 2044 1882 2100; x_wconf 89' lang='lat' dir='ltr'>bellum</span> <span class='ocrx_word' id='word_1_150' title='bbox 1931 2043 2144 2098; x_wconf 81' lang='lat' dir='ltr'>inferre</span> 
     </span>
    </p>
   </div>
   <div class='ocr_carea' id='block_1_23' title="bbox 497 2132 2143 2218">
    <p class='ocr_par' dir='ltr' id='par_1_23' title="bbox 497 2132 2143 2218">
     <span class='ocr_line' id='line_1_23' title="bbox 497 2132 2143 2218; baseline -0.01 -16"><span class='ocrx_word' id='word_1_151' title='bbox 497 2147 816 2218; x_wconf 88' lang='lat' dir='ltr'>imperator</span> <span class='ocrx_word' id='word_1_152' title='bbox 843 2142 1066 2209; x_wconf 89' lang='lat' dir='ltr'>debuit,</span> <span class='ocrx_word' id='word_1_153' title='bbox 1102 2141 1383 2194; x_wconf 88' lang='lat' dir='ltr'>liberatus</span> <span class='ocrx_word' id='word_1_154' title='bbox 1428 2141 1516 2191; x_wconf 91' lang='lat' dir='ltr'>est</span> <span class='ocrx_word' id='word_1_155' title='bbox 1543 2136 1677 2205; x_wconf 89' lang='lat'>(96).</span> <span class='ocrx_word' id='word_1_156' title='bbox 1717 2136 1884 2190; x_wconf 86' lang='lat' dir='ltr'>Porro</span> <span class='ocrx_word' id='word_1_157' title='bbox 1917 2134 1973 2187; x_wconf 91' lang='lat' dir='ltr'>in</span> <span class='ocrx_word' id='word_1_158' title='bbox 2008 2132 2143 2186; x_wconf 90' lang='lat' dir='ltr'>Bul-</span> 
     </span>
    </p>
   </div>
   <div class='ocr_carea' id='block_1_24' title="bbox 499 2222 2144 2307">
    <p class='ocr_par' dir='ltr' id='par_1_24' title="bbox 499 2222 2144 2307">
     <span class='ocr_line' id='line_1_24' title="bbox 499 2222 2144 2307; baseline -0.009 -16"><span class='ocrx_word' id='word_1_159' title='bbox 499 2252 676 2307; x_wconf 89' lang='lat' dir='ltr'>garos</span> <span class='ocrx_word' id='word_1_160' title='bbox 724 2234 1018 2303; x_wconf 81' lang='lat' dir='ltr'>profectus</span> <span class='ocrx_word' id='word_1_161' title='bbox 1050 2234 1134 2286; x_wconf 90' lang='lat' dir='ltr'>est</span> <span class='ocrx_word' id='word_1_162' title='bbox 1166 2229 1570 2299; x_wconf 87' lang='lat' dir='ltr'>Copronymus</span> <span class='ocrx_word' id='word_1_163' title='bbox 1599 2224 1690 2279; x_wconf 90' lang='lat' dir='ltr'>die</span> <span class='ocrx_word' id='word_1_164' title='bbox 1720 2241 1832 2278; x_wconf 78' lang='lat' dir='ltr'>xvu</span> <span class='ocrx_word' id='word_1_165' title='bbox 1863 2222 2043 2290; x_wconf 82' lang='lat' dir='ltr'>Junii,</span> <span class='ocrx_word' id='word_1_166' title='bbox 2087 2226 2144 2277; x_wconf 90' lang='lat' dir='ltr'>et</span> 
     </span>
    </p>
   </div>
   <div class='ocr_carea' id='block_1_25' title="bbox 500 2313 2142 2391">
    <p class='ocr_par' dir='ltr' id='par_1_25' title="bbox 500 2313 2142 2391">
     <span class='ocr_line' id='line_1_25' title="bbox 500 2313 2142 2391; baseline -0.007 -13"><span class='ocrx_word' id='word_1_167' title='bbox 500 2325 593 2379; x_wconf 91' lang='lat' dir='ltr'>die</span> <span class='ocrx_word' id='word_1_168' title='bbox 626 2339 735 2377; x_wconf 82' lang='lat' dir='ltr'>xxx</span> <span class='ocrx_word' id='word_1_169' title='bbox 768 2321 1025 2391; x_wconf 72' lang='lat' dir='ltr'>ejusdem</span> <span class='ocrx_word' id='word_1_170' title='bbox 1079 2318 1322 2382; x_wconf 89' lang='lat' dir='ltr'>mensis,</span> <span class='ocrx_word' id='word_1_171' title='bbox 1356 2316 1498 2371; x_wconf 82' lang='lat' dir='ltr'>feria</span> <span class='ocrx_word' id='word_1_172' title='bbox 1538 2332 1590 2384; x_wconf 84' lang='grc' dir='ltr'>ν,</span> <span class='ocrx_word' id='word_1_173' title='bbox 1625 2313 1942 2369; x_wconf 90' lang='lat' dir='ltr'>indictione</span> <span class='ocrx_word' id='word_1_174' title='bbox 1972 2329 2011 2380; x_wconf 88' lang='grc'>1,</span> <span class='ocrx_word' id='word_1_175' title='bbox 2045 2327 2142 2367; x_wconf 87' lang='lat' dir='ltr'>eos</span> 
     </span>
    </p>
   </div>
   <div class='ocr_carea' id='block_1_26' title="bbox 500 2401 2138 2485">
    <p class='ocr_par' dir='ltr' id='par_1_26' title="bbox 500 2401 2138 2485">
     <span class='ocr_line' id='line_1_26' title="bbox 500 2401 2138 2485; baseline -0.008 -18"><span class='ocrx_word' id='word_1_176' title='bbox 500 2412 697 2485; x_wconf 85' lang='lat' dir='ltr'>praelio</span> <span class='ocrx_word' id='word_1_177' title='bbox 734 2409 940 2466; x_wconf 83' lang='lat' dir='ltr'>devicit</span> <span class='ocrx_word' id='word_1_178' title='bbox 970 2408 1081 2480; x_wconf 92' lang='grc'>(97)</span> <span class='ocrx_word' id='word_1_179' title='bbox 1108 2425 1121 2475; x_wconf 86' lang='grc'><strong>;</strong></span> <span class='ocrx_word' id='word_1_180' title='bbox 1154 2423 1223 2463; x_wconf 89' lang='lat' dir='ltr'>ex</span> <span class='ocrx_word' id='word_1_181' title='bbox 1253 2422 1370 2477; x_wconf 90' lang='lat' dir='ltr'>qua</span> <span class='ocrx_word' id='word_1_182' title='bbox 1408 2402 1745 2460; x_wconf 89' lang='lat' dir='ltr'>indictionis</span> <span class='ocrx_word' id='word_1_183' title='bbox 1774 2407 1833 2457; x_wconf 90' lang='lat' dir='ltr'>et</span> <span class='ocrx_word' id='word_1_184' title='bbox 1864 2401 2015 2456; x_wconf 67' lang='lat' dir='ltr'>feriae</span> <span class='ocrx_word' id='word_1_185' title='bbox 2049 2401 2138 2455; x_wconf 91' lang='lat' dir='ltr'>in-</span> 
     </span>
    </p>
   </div>
   <div class='ocr_carea' id='block_1_27' title="bbox 500 2493 2139 2565">
    <p class='ocr_par' dir='ltr' id='par_1_27' title="bbox 500 2493 2139 2565">
     <span class='ocr_line' id='line_1_27' title="bbox 500 2493 2139 2565; baseline -0.008 -9"><span class='ocrx_word' id='word_1_186' title='bbox 500 2501 787 2558; x_wconf 86' lang='lat' dir='ltr'>dicatione</span> <span class='ocrx_word' id='word_1_187' title='bbox 816 2498 1206 2554; x_wconf 88' lang='lat' dir='ltr'>certissimum</span> <span class='ocrx_word' id='word_1_188' title='bbox 1229 2501 1405 2552; x_wconf 89' lang='lat' dir='ltr'>estea</span> <span class='ocrx_word' id='word_1_189' title='bbox 1426 2493 1741 2565; x_wconf 87' lang='lat' dir='ltr'>contigisse</span> <span class='ocrx_word' id='word_1_190' title='bbox 1771 2508 1943 2557; x_wconf 90' lang='lat' dir='ltr'>anno,</span> <span class='ocrx_word' id='word_1_191' title='bbox 1969 2505 2139 2561; x_wconf 85' lang='lat' dir='ltr'>quem</span> 
     </span>
    </p>
   </div>
   <div class='ocr_carea' id='block_1_28' title="bbox 502 2587 1152 2660">
    <p class='ocr_par' dir='ltr' id='par_1_28' title="bbox 502 2587 1152 2660">
     <span class='ocr_line' id='line_1_28' title="bbox 502 2587 1152 2660; baseline -0.006 -15"><span class='ocrx_word' id='word_1_192' title='bbox 502 2606 675 2660; x_wconf 82' lang='lat' dir='ltr'>supra</span> <span class='ocrx_word' id='word_1_193' title='bbox 706 2589 995 2653; x_wconf 89' lang='lat' dir='ltr'>dicebam,</span> <span class='ocrx_word' id='word_1_194' title='bbox 1024 2587 1152 2641; x_wconf 84' lang='lat'>763.</span> 
     </span>
    </p>
   </div>
   <div class='ocr_carea' id='block_1_29' title="bbox 570 2668 2141 2746">
    <p class='ocr_par' dir='ltr' id='par_1_29' title="bbox 570 2668 2141 2746">
     <span class='ocr_line' id='line_1_29' title="bbox 570 2668 2141 2746; baseline -0.007 -13"><span class='ocrx_word' id='word_1_195' title='bbox 570 2680 661 2735; x_wconf 79' lang='lat'>25.</span> <span class='ocrx_word' id='word_1_196' title='bbox 696 2678 839 2735; x_wconf 88' lang='lat' dir='ltr'>Dein</span> <span class='ocrx_word' id='word_1_197' title='bbox 886 2694 919 2731; x_wconf 89' lang='lat' dir='ltr'>a</span> <span class='ocrx_word' id='word_1_198' title='bbox 974 2678 1163 2732; x_wconf 88' lang='lat' dir='ltr'>reditu</span> <span class='ocrx_word' id='word_1_199' title='bbox 1221 2671 1587 2746; x_wconf 82' lang='lat' dir='ltr'>imperatoris</span> <span class='ocrx_word' id='word_1_200' title='bbox 1643 2669 1889 2742; x_wconf 89' lang='lat' dir='ltr'>Cpolim,</span> <span class='ocrx_word' id='word_1_201' title='bbox 1938 2668 2141 2740; x_wconf 86' lang='lat' dir='ltr'>paucis</span> 
     </span>
    </p>
   </div>
   <div class='ocr_carea' id='block_1_30' title="bbox 500 2760 2143 2836">
    <p class='ocr_par' dir='ltr' id='par_1_30' title="bbox 500 2760 2143 2836">
     <span class='ocr_line' id='line_1_30' title="bbox 500 2760 2143 2836; baseline -0.007 -11"><span class='ocrx_word' id='word_1_202' title='bbox 500 2769 804 2825; x_wconf 79' lang='lat' dir='ltr'>eventibus</span> <span class='ocrx_word' id='word_1_203' title='bbox 835 2766 1174 2836; x_wconf 87' lang='lat' dir='ltr'>interjectis,</span> <span class='ocrx_word' id='word_1_204' title='bbox 1208 2764 1441 2819; x_wconf 87' lang='lat' dir='ltr'>incenso</span> <span class='ocrx_word' id='word_1_205' title='bbox 1473 2763 1530 2817; x_wconf 91' lang='lat' dir='ltr'>S.</span> <span class='ocrx_word' id='word_1_206' title='bbox 1558 2760 1826 2816; x_wconf 84' lang='lat' dir='ltr'>Auxentii</span> <span class='ocrx_word' id='word_1_207' title='bbox 1859 2768 2143 2814; x_wconf 87' lang='lat' dir='ltr'>monaste-</span> 
     </span>
    </p>
   </div>
   <div class='ocr_carea' id='block_1_31' title="bbox 501 2848 2143 2929">
    <p class='ocr_par' dir='ltr' id='par_1_31' title="bbox 501 2848 2143 2929">
     <span class='ocr_line' id='line_1_31' title="bbox 501 2848 2143 2929; baseline -0.007 -16"><span class='ocrx_word' id='word_1_208' title='bbox 501 2860 585 2913; x_wconf 90' lang='lat' dir='ltr'>rio</span> <span class='ocrx_word' id='word_1_209' title='bbox 617 2859 729 2929; x_wconf 91' lang='lat'>(98)</span> <span class='ocrx_word' id='word_1_210' title='bbox 760 2858 814 2911; x_wconf 90' lang='lat' dir='ltr'>S.</span> <span class='ocrx_word' id='word_1_211' title='bbox 842 2856 1172 2926; x_wconf 88' lang='lat' dir='ltr'>Stephanus</span> <span class='ocrx_word' id='word_1_212' title='bbox 1203 2869 1232 2907; x_wconf 95' lang='lat' dir='ltr'>e</span> <span class='ocrx_word' id='word_1_213' title='bbox 1263 2850 1493 2923; x_wconf 87' lang='lat' dir='ltr'>tugurio</span> <span class='ocrx_word' id='word_1_214' title='bbox 1526 2866 1633 2906; x_wconf 85' lang='lat' dir='ltr'>suo</span> <span class='ocrx_word' id='word_1_215' title='bbox 1668 2865 1853 2920; x_wconf 90' lang='lat' dir='ltr'>usque</span> <span class='ocrx_word' id='word_1_216' title='bbox 1882 2848 1951 2903; x_wconf 90' lang='lat' dir='ltr'>ad</span> <span class='ocrx_word' id='word_1_217' title='bbox 1984 2862 2143 2902; x_wconf 87' lang='lat' dir='ltr'>mare</span> 
     </span>
    </p>
   </div>
   <div class='ocr_carea' id='block_1_32' title="bbox 503 2936 2145 3018">
    <p class='ocr_par' dir='ltr' id='par_1_32' title="bbox 503 2936 2145 3018">
     <span class='ocr_line' id='line_1_32' title="bbox 503 2936 2145 3018; baseline -0.009 -16"><span class='ocrx_word' id='word_1_218' title='bbox 503 2953 825 3018; x_wconf 89' lang='lat' dir='ltr'>pertractus</span> <span class='ocrx_word' id='word_1_219' title='bbox 855 2950 965 3009; x_wconf 89' lang='lat' dir='ltr'>est,</span> <span class='ocrx_word' id='word_1_220' title='bbox 1000 2943 1192 3012; x_wconf 90' lang='lat' dir='ltr'>ibique</span> <span class='ocrx_word' id='word_1_221' title='bbox 1223 2940 1499 2995; x_wconf 69' lang='lat' dir='ltr'>naviculm</span> <span class='ocrx_word' id='word_1_222' title='bbox 1544 2938 1858 3009; x_wconf 90' lang='lat' dir='ltr'>impositus</span> <span class='ocrx_word' id='word_1_223' title='bbox 1890 2942 1942 2990; x_wconf 88' lang='lat' dir='ltr'>et</span> <span class='ocrx_word' id='word_1_224' title='bbox 1972 2936 2145 3007; x_wconf 87' lang='lat' dir='ltr'>Chry-</span> 
     </span>
    </p>
   </div>
   <div class='ocr_carea' id='block_1_33' title="bbox 504 3025 2141 3110">
    <p class='ocr_par' dir='ltr' id='par_1_33' title="bbox 504 3025 2141 3110">
     <span class='ocr_line' id='line_1_33' title="bbox 504 3025 2141 3110; baseline -0.01 -16"><span class='ocrx_word' id='word_1_225' title='bbox 504 3038 751 3110; x_wconf 89' lang='lat' dir='ltr'>sopolim</span> <span class='ocrx_word' id='word_1_226' title='bbox 792 3036 863 3088; x_wconf 89' lang='lat' dir='ltr'>ad</span> <span class='ocrx_word' id='word_1_227' title='bbox 907 3030 1214 3103; x_wconf 89' lang='lat' dir='ltr'>Philippici</span> <span class='ocrx_word' id='word_1_228' title='bbox 1266 3027 1687 3083; x_wconf 88' lang='lat' dir='ltr'>monasterium</span> <span class='ocrx_word' id='word_1_229' title='bbox 1736 3025 1959 3080; x_wconf 89' lang='lat' dir='ltr'>delatus</span> <span class='ocrx_word' id='word_1_230' title='bbox 1989 3026 2141 3096; x_wconf 82' lang='lat'>(99),</span> 
     </span>
    </p>
   </div>
   <div class='ocr_carea' id='block_1_34' title="bbox 505 3114 2139 3202">
    <p class='ocr_par' dir='ltr' id='par_1_34' title="bbox 505 3114 2139 3202">
     <span class='ocr_line' id='line_1_34' title="bbox 505 3114 2139 3202; baseline -0.01 -18"><span class='ocrx_word' id='word_1_231' title='bbox 505 3137 809 3202; x_wconf 87' lang='lat' dir='ltr'>postquam</span> <span class='ocrx_word' id='word_1_232' title='bbox 870 3124 994 3177; x_wconf 86' lang='lat' dir='ltr'>dies</span> <span class='ocrx_word' id='word_1_233' title='bbox 1042 3137 1157 3175; x_wconf 82' lang='lat' dir='ltr'>xvu</span> <span class='ocrx_word' id='word_1_234' title='bbox 1187 3119 1304 3173; x_wconf 89' lang='lat' dir='ltr'>illic</span> <span class='ocrx_word' id='word_1_235' title='bbox 1346 3123 1727 3187; x_wconf 83' lang='lat' dir='ltr'>transegerat,</span> <span class='ocrx_word' id='word_1_236' title='bbox 1769 3116 1837 3169; x_wconf 88' lang='lat' dir='ltr'>ad</span> <span class='ocrx_word' id='word_1_237' title='bbox 1890 3114 2139 3169; x_wconf 85' lang='lat' dir='ltr'>insulam</span> 
     </span>
    </p>
   </div>
   <div class='ocr_carea' id='block_1_35' title="bbox 504 3204 2142 3274">
    <p class='ocr_par' dir='ltr' id='par_1_35' title="bbox 504 3204 2142 3274">
     <span class='ocr_line' id='line_1_35' title="bbox 504 3204 2142 3274; baseline -0.009 0"><span class='ocrx_word' id='word_1_238' title='bbox 504 3223 934 3274; x_wconf 85' lang='lat' dir='ltr'>Proconnesum</span> <span class='ocrx_word' id='word_1_239' title='bbox 959 3211 1017 3265; x_wconf 91' lang='lat' dir='ltr'>in</span> <span class='ocrx_word' id='word_1_240' title='bbox 1040 3208 1298 3265; x_wconf 83' lang='lat' dir='ltr'>exsilium</span> <span class='ocrx_word' id='word_1_241' title='bbox 1320 3205 1535 3261; x_wconf 84' lang='lat' dir='ltr'>missus</span> <span class='ocrx_word' id='word_1_242' title='bbox 1558 3211 1643 3260; x_wconf 91' lang='lat' dir='ltr'>est</span> <span class='ocrx_word' id='word_1_243' title='bbox 1666 3205 1836 3274; x_wconf 84' lang='lat'>(100).</span> <span class='ocrx_word' id='word_1_244' title='bbox 1860 3204 2142 3269; x_wconf 85' lang='lat' dir='ltr'>Quoniam</span> 
     </span>
    </p>
   </div>
   <div class='ocr_carea' id='block_1_36' title="bbox 504 3294 2146 3369">
    <p class='ocr_par' dir='ltr' id='par_1_36' title="bbox 504 3294 2146 3369">
     <span class='ocr_line' id='line_1_36' title="bbox 504 3294 2146 3369; baseline -0.007 -10"><span class='ocrx_word' id='word_1_245' title='bbox 504 3323 639 3362; x_wconf 89' lang='lat' dir='ltr'>vero</span> <span class='ocrx_word' id='word_1_246' title='bbox 671 3304 883 3359; x_wconf 89' lang='lat' dir='ltr'>dicitur</span> <span class='ocrx_word' id='word_1_247' title='bbox 905 3300 1006 3367; x_wconf 86' lang='lat' dir='ltr'>ibi,</span> <span class='ocrx_word' id='word_1_248' title='bbox 1030 3297 1195 3354; x_wconf 91' lang='lat' dir='ltr'>initio</span> <span class='ocrx_word' id='word_1_249' title='bbox 1221 3313 1379 3369; x_wconf 75' lang='lat' dir='ltr'>paene</span> <span class='ocrx_word' id='word_1_250' title='bbox 1401 3294 1584 3350; x_wconf 77' lang='lat' dir='ltr'>exsilii</span> <span class='ocrx_word' id='word_1_251' title='bbox 1616 3294 1729 3361; x_wconf 88' lang='lat' dir='ltr'>sui,</span> <span class='ocrx_word' id='word_1_252' title='bbox 1753 3310 1903 3349; x_wconf 90' lang='lat' dir='ltr'>anno</span> <span class='ocrx_word' id='word_1_253' title='bbox 1925 3294 1992 3347; x_wconf 88' lang='lat'>49</span> <span class='ocrx_word' id='word_1_254' title='bbox 2014 3301 2146 3348; x_wconf 74' lang='lat' dir='ltr'>aeta-</span> 
     </span>
    </p>
   </div>
   <div class='ocr_carea' id='block_1_37' title="bbox 506 3386 2147 3452">
    <p class='ocr_par' dir='ltr' id='par_1_37' title="bbox 506 3386 2147 3452">
     <span class='ocr_line' id='line_1_37' title="bbox 506 3386 2147 3452; baseline -0.009 0"><span class='ocrx_word' id='word_1_255' title='bbox 506 3398 583 3452; x_wconf 91' lang='lat' dir='ltr'>tis</span> <span class='ocrx_word' id='word_1_256' title='bbox 631 3391 1048 3450; x_wconf 90' lang='lat' dir='ltr'>domunculam</span> <span class='ocrx_word' id='word_1_257' title='bbox 1084 3391 1140 3444; x_wconf 92' lang='lat' dir='ltr'>iu</span> <span class='ocrx_word' id='word_1_258' title='bbox 1175 3387 1458 3443; x_wconf 72' lang='lat' dir='ltr'>columnae</span> <span class='ocrx_word' id='word_1_259' title='bbox 1494 3386 1733 3441; x_wconf 83' lang='lat' dir='ltr'>formam</span> <span class='ocrx_word' id='word_1_260' title='bbox 1768 3403 1798 3440; x_wconf 93' lang='lat' dir='ltr'>a</span> <span class='ocrx_word' id='word_1_261' title='bbox 1828 3402 1889 3441; x_wconf 89' lang='lat' dir='ltr'>se</span> <span class='ocrx_word' id='word_1_262' title='bbox 1928 3389 2147 3439; x_wconf 82' lang='lat' dir='ltr'>exstru-</span> 
     </span>
    </p>
   </div>
   <div class='ocr_carea' id='block_1_38' title="bbox 506 3474 2143 3551">
    <p class='ocr_par' dir='ltr' id='par_1_38' title="bbox 506 3474 2143 3551">
     <span class='ocr_line' id='line_1_38' title="bbox 506 3474 2143 3551; baseline -0.009 -10"><span class='ocrx_word' id='word_1_263' title='bbox 506 3490 678 3551; x_wconf 89' lang='lat' dir='ltr'>ctam,</span> <span class='ocrx_word' id='word_1_264' title='bbox 711 3483 1042 3551; x_wconf 82' lang='lat' dir='ltr'>ingressum</span> <span class='ocrx_word' id='word_1_265' title='bbox 1085 3495 1209 3534; x_wconf 87' lang='lat' dir='ltr'>esse</span> <span class='ocrx_word' id='word_1_266' title='bbox 1259 3478 1424 3548; x_wconf 87' lang='lat'>(101),</span> <span class='ocrx_word' id='word_1_267' title='bbox 1460 3476 1509 3531; x_wconf 85' lang='lat' dir='ltr'>si</span> <span class='ocrx_word' id='word_1_268' title='bbox 1542 3474 1983 3531; x_wconf 88' lang='lat' dir='ltr'>meminerimus</span> <span class='ocrx_word' id='word_1_269' title='bbox 2015 3490 2143 3528; x_wconf 89' lang='lat' dir='ltr'>eum</span> 
     </span>
    </p>
   </div>
   <div class='ocr_carea' id='block_1_39' title="bbox 505 3564 2143 3643">
    <p class='ocr_par' dir='ltr' id='par_1_39' title="bbox 505 3564 2143 3643">
     <span class='ocr_line' id='line_1_39' title="bbox 505 3564 2143 3643; baseline -0.009 -12"><span class='ocrx_word' id='word_1_270' title='bbox 505 3591 659 3631; x_wconf 89' lang='lat' dir='ltr'>anno</span> <span class='ocrx_word' id='word_1_271' title='bbox 686 3574 793 3627; x_wconf 91' lang='lat'>715</span> <span class='ocrx_word' id='word_1_272' title='bbox 822 3575 950 3643; x_wconf 90' lang='lat' dir='ltr'>post</span> <span class='ocrx_word' id='word_1_273' title='bbox 978 3587 1035 3624; x_wconf 81' lang='lat' dir='ltr'>x1</span> <span class='ocrx_word' id='word_1_274' title='bbox 1064 3568 1307 3639; x_wconf 85' lang='lat' dir='ltr'>Augusti</span> <span class='ocrx_word' id='word_1_275' title='bbox 1335 3580 1460 3622; x_wconf 85' lang='lat' dir='ltr'>esse</span> <span class='ocrx_word' id='word_1_276' title='bbox 1501 3572 1721 3629; x_wconf 88' lang='lat' dir='ltr'>natum,</span> <span class='ocrx_word' id='word_1_277' title='bbox 1754 3564 2045 3620; x_wconf 85' lang='lat' dir='ltr'>constabit</span> <span class='ocrx_word' id='word_1_278' title='bbox 2088 3564 2143 3617; x_wconf 87' lang='lat' dir='ltr'>id</span> 
     </span>
    </p>
   </div>
   <div class='ocr_carea' id='block_1_40' title="bbox 503 3654 2141 3721">
    <p class='ocr_par' dir='ltr' id='par_1_40' title="bbox 503 3654 2141 3721">
     <span class='ocr_line' id='line_1_40' title="bbox 503 3654 2141 3721; baseline -0.008 -1"><span class='ocrx_word' id='word_1_279' title='bbox 503 3662 788 3719; x_wconf 88' lang='lat' dir='ltr'>accidisse</span> <span class='ocrx_word' id='word_1_280' title='bbox 837 3674 989 3714; x_wconf 84' lang='lat' dir='ltr'>anno</span> <span class='ocrx_word' id='word_1_281' title='bbox 1026 3658 1133 3710; x_wconf 92' lang='lat'>763</span> <span class='ocrx_word' id='word_1_282' title='bbox 1163 3659 1427 3721; x_wconf 87' lang='lat' dir='ltr'>exeunte,</span> <span class='ocrx_word' id='word_1_283' title='bbox 1461 3658 1561 3708; x_wconf 88' lang='lat' dir='ltr'>aut</span> <span class='ocrx_word' id='word_1_284' title='bbox 1610 3658 1874 3708; x_wconf 91' lang='lat' dir='ltr'>currente</span> <span class='ocrx_word' id='word_1_285' title='bbox 1908 3654 2029 3707; x_wconf 87' lang='lat'>764.</span> <span class='ocrx_word' id='word_1_286' title='bbox 2066 3654 2141 3707; x_wconf 81' lang='lat' dir='ltr'>Ex</span> 
     </span>
    </p>
   </div>
   <div class='ocr_carea' id='block_1_41' title="bbox 501 3743 2145 3824">
    <p class='ocr_par' dir='ltr' id='par_1_41' title="bbox 501 3743 2145 3824">
     <span class='ocr_line' id='line_1_41' title="bbox 501 3743 2145 3824; baseline -0.007 -16"><span class='ocrx_word' id='word_1_287' title='bbox 501 3753 716 3824; x_wconf 89' lang='lat' dir='ltr'>quibus</span> <span class='ocrx_word' id='word_1_288' title='bbox 747 3766 871 3821; x_wconf 62' lang='lat' dir='ltr'>quae</span> <span class='ocrx_word' id='word_1_289' title='bbox 902 3763 1063 3803; x_wconf 90' lang='lat' dir='ltr'>num.</span> <span class='ocrx_word' id='word_1_290' title='bbox 1090 3747 1161 3800; x_wconf 79' lang='lat'>24</span> <span class='ocrx_word' id='word_1_291' title='bbox 1191 3743 1486 3800; x_wconf 87' lang='lat' dir='ltr'>attulimus</span> <span class='ocrx_word' id='word_1_292' title='bbox 1512 3743 1583 3797; x_wconf 92' lang='lat' dir='ltr'>de</span> <span class='ocrx_word' id='word_1_293' title='bbox 1614 3759 1766 3797; x_wconf 91' lang='lat' dir='ltr'>anno</span> <span class='ocrx_word' id='word_1_294' title='bbox 1799 3743 1901 3796; x_wconf 91' lang='lat'>763</span> <span class='ocrx_word' id='word_1_295' title='bbox 1934 3743 2145 3796; x_wconf 89' lang='lat' dir='ltr'>iterum</span> 
     </span>
    </p>
   </div>
   <div class='ocr_carea' id='block_1_42' title="bbox 499 3831 2143 3903">
    <p class='ocr_par' dir='ltr' id='par_1_42' title="bbox 499 3831 2143 3903">
     <span class='ocr_line' id='line_1_42' title="bbox 499 3831 2143 3903; baseline -0.007 -5"><span class='ocrx_word' id='word_1_296' title='bbox 499 3842 936 3899; x_wconf 80' lang='lat' dir='ltr'>conﬁrmantur.</span> <span class='ocrx_word' id='word_1_297' title='bbox 960 3836 1212 3890; x_wconf 79' lang='lat' dir='ltr'>Rursum</span> <span class='ocrx_word' id='word_1_298' title='bbox 1238 3834 1481 3889; x_wconf 85' lang='lat' dir='ltr'>traditur</span> <span class='ocrx_word' id='word_1_299' title='bbox 1507 3832 1562 3886; x_wconf 89' lang='lat' dir='ltr'>in</span> <span class='ocrx_word' id='word_1_300' title='bbox 1585 3832 1711 3903; x_wconf 89' lang='lat' dir='ltr'>ejus</span> <span class='ocrx_word' id='word_1_301' title='bbox 1732 3832 1869 3897; x_wconf 90' lang='lat' dir='ltr'>vita,</span> <span class='ocrx_word' id='word_1_302' title='bbox 1890 3831 2143 3887; x_wconf 90' lang='lat' dir='ltr'>secundo</span> 
     </span>
    </p>
   </div>
   <div class='ocr_carea' id='block_1_43' title="bbox 500 3921 2144 3993">
    <p class='ocr_par' dir='ltr' id='par_1_43' title="bbox 500 3921 2144 3993">
     <span class='ocr_line' id='line_1_43' title="bbox 500 3921 2144 3993; baseline -0.007 -6"><span class='ocrx_word' id='word_1_303' title='bbox 500 3930 685 3987; x_wconf 81' lang='lat' dir='ltr'>exsilii</span> <span class='ocrx_word' id='word_1_304' title='bbox 743 3944 917 3993; x_wconf 90' lang='lat' dir='ltr'>anno,</span> <span class='ocrx_word' id='word_1_305' title='bbox 969 3926 1026 3980; x_wconf 93' lang='lat' dir='ltr'>id</span> <span class='ocrx_word' id='word_1_306' title='bbox 1075 3929 1164 3980; x_wconf 89' lang='lat' dir='ltr'>est</span> <span class='ocrx_word' id='word_1_307' title='bbox 1213 3924 1319 3977; x_wconf 90' lang='lat'>763</span> <span class='ocrx_word' id='word_1_308' title='bbox 1375 3927 1476 3977; x_wconf 88' lang='lat' dir='ltr'>aut</span> <span class='ocrx_word' id='word_1_309' title='bbox 1517 3923 1644 3989; x_wconf 91' lang='lat'>766,</span> <span class='ocrx_word' id='word_1_310' title='bbox 1687 3929 1927 3977; x_wconf 89' lang='lat' dir='ltr'>matrem</span> <span class='ocrx_word' id='word_1_311' title='bbox 1985 3921 2144 3976; x_wconf 90' lang='lat' dir='ltr'>illius</span> 
     </span>
    </p>
   </div>
   <div class='ocr_carea' id='block_1_44' title="bbox 501 4011 2144 4087">
    <p class='ocr_par' dir='ltr' id='par_1_44' title="bbox 501 4011 2144 4087">
     <span class='ocr_line' id='line_1_44' title="bbox 501 4011 2144 4087; baseline -0.007 -12"><span class='ocrx_word' id='word_1_312' title='bbox 501 4020 714 4075; x_wconf 87' lang='lat' dir='ltr'>obiisse</span> <span class='ocrx_word' id='word_1_313' title='bbox 744 4018 913 4087; x_wconf 78' lang='lat'>(102),</span> <span class='ocrx_word' id='word_1_314' title='bbox 948 4014 1200 4084; x_wconf 90' lang='lat' dir='ltr'>denique</span> <span class='ocrx_word' id='word_1_315' title='bbox 1248 4011 1545 4067; x_wconf 89' lang='lat' dir='ltr'>nonnullis</span> <span class='ocrx_word' id='word_1_316' title='bbox 1594 4011 1768 4065; x_wconf 89' lang='lat' dir='ltr'>rebus</span> <span class='ocrx_word' id='word_1_317' title='bbox 1808 4011 2144 4079; x_wconf 87' lang='lat' dir='ltr'>interjectis,</span> 
     </span>
    </p>
   </div>
   <div class='ocr_carea' id='block_1_45' title="bbox 502 4099 2147 4179">
    <p class='ocr_par' dir='ltr' id='par_1_45' title="bbox 502 4099 2147 4179">
     <span class='ocr_line' id='line_1_45' title="bbox 502 4099 2147 4179; baseline -0.005 -16"><span class='ocrx_word' id='word_1_318' title='bbox 502 4108 720 4179; x_wconf 90' lang='lat' dir='ltr'>Cpolim</span> <span class='ocrx_word' id='word_1_319' title='bbox 754 4122 887 4161; x_wconf 89' lang='lat' dir='ltr'>eum</span> <span class='ocrx_word' id='word_1_320' title='bbox 923 4107 1251 4159; x_wconf 87' lang='lat' dir='ltr'>revocatum</span> <span class='ocrx_word' id='word_1_321' title='bbox 1286 4102 1564 4156; x_wconf 76' lang='lat' dir='ltr'>fuisse.ln</span> <span class='ocrx_word' id='word_1_322' title='bbox 1599 4116 1715 4171; x_wconf 90' lang='lat' dir='ltr'>qua</span> <span class='ocrx_word' id='word_1_323' title='bbox 1746 4099 1994 4165; x_wconf 86' lang='lat' dir='ltr'>civitate,</span> <span class='ocrx_word' id='word_1_324' title='bbox 2030 4099 2147 4154; x_wconf 90' lang='lat' dir='ltr'>die-</span> 
     </span>
    </p>
   </div>
   <div class='ocr_carea' id='block_1_46' title="bbox 501 4188 2147 4266">
    <p class='ocr_par' dir='ltr' id='par_1_46' title="bbox 501 4188 2147 4266">
     <span class='ocr_line' id='line_1_46' title="bbox 501 4188 2147 4266; baseline -0.007 -13"><span class='ocrx_word' id='word_1_325' title='bbox 501 4200 612 4253; x_wconf 90' lang='lat' dir='ltr'>bus</span> <span class='ocrx_word' id='word_1_326' title='bbox 644 4197 867 4266; x_wconf 86' lang='lat' dir='ltr'>aliquot</span> <span class='ocrx_word' id='word_1_327' title='bbox 898 4209 1125 4249; x_wconf 89' lang='lat' dir='ltr'>carcere</span> <span class='ocrx_word' id='word_1_328' title='bbox 1148 4190 1360 4246; x_wconf 80' lang='lat' dir='ltr'>Phialae</span> <span class='ocrx_word' id='word_1_329' title='bbox 1384 4191 1651 4245; x_wconf 85' lang='lat' dir='ltr'>detentus</span> <span class='ocrx_word' id='word_1_330' title='bbox 1677 4188 1845 4258; x_wconf 88' lang='grc'>(103),</span> <span class='ocrx_word' id='word_1_331' title='bbox 1871 4205 2002 4243; x_wconf 90' lang='lat' dir='ltr'>cum</span> <span class='ocrx_word' id='word_1_332' title='bbox 2029 4189 2147 4243; x_wconf 84' lang='lat' dir='ltr'>im—</span> 
     </span>
    </p>
   </div>
   <div class='ocr_carea' id='block_1_47' title="bbox 501 4278 2144 4357">
    <p class='ocr_par' dir='ltr' id='par_1_47' title="bbox 501 4278 2144 4357">
     <span class='ocr_line' id='line_1_47' title="bbox 501 4278 2144 4357; baseline -0.004 -18"><span class='ocrx_word' id='word_1_333' title='bbox 501 4288 823 4357; x_wconf 89' lang='lat' dir='ltr'>peratorem</span> <span class='ocrx_word' id='word_1_334' title='bbox 868 4282 1095 4355; x_wconf 89' lang='lat' dir='ltr'>publice</span> <span class='ocrx_word' id='word_1_335' title='bbox 1141 4280 1452 4353; x_wconf 89' lang='lat' dir='ltr'>arguissct,</span> <span class='ocrx_word' id='word_1_336' title='bbox 1483 4296 1580 4351; x_wconf 88' lang='lat' dir='ltr'>per</span> <span class='ocrx_word' id='word_1_337' title='bbox 1612 4278 1879 4333; x_wconf 90' lang='lat' dir='ltr'>undecim</span> <span class='ocrx_word' id='word_1_338' title='bbox 1914 4294 2144 4334; x_wconf 84' lang='lat' dir='ltr'>menses</span> 
     </span>
    </p>
   </div>
   <div class='ocr_carea' id='block_1_48' title="bbox 500 4369 2145 4447">
    <p class='ocr_par' dir='ltr' id='par_1_48' title="bbox 500 4369 2145 4447">
     <span class='ocr_line' id='line_1_48' title="bbox 500 4369 2145 4447; baseline -0.004 -17"><span class='ocrx_word' id='word_1_339' title='bbox 500 4374 768 4447; x_wconf 70' lang='lat' dir='ltr'>praetorio</span> <span class='ocrx_word' id='word_1_340' title='bbox 826 4375 1220 4429; x_wconf 90' lang='lat' dir='ltr'>incarceratur</span> <span class='ocrx_word' id='word_1_341' title='bbox 1267 4370 1412 4439; x_wconf 78' lang='lat'>(104)</span> <span class='ocrx_word' id='word_1_342' title='bbox 1444 4375 1501 4424; x_wconf 88' lang='lat' dir='ltr'>et</span> <span class='ocrx_word' id='word_1_343' title='bbox 1531 4369 1760 4423; x_wconf 90' lang='lat' dir='ltr'>demum</span> <span class='ocrx_word' id='word_1_344' title='bbox 1811 4385 1963 4423; x_wconf 89' lang='lat' dir='ltr'>anno</span> <span class='ocrx_word' id='word_1_345' title='bbox 2013 4379 2145 4423; x_wconf 74' lang='lat' dir='ltr'>mta-</span> 
     </span>
    </p>
   </div>
   <div class='ocr_carea' id='block_1_49' title="bbox 499 4458 2143 4532">
    <p class='ocr_par' dir='ltr' id='par_1_49' title="bbox 499 4458 2143 4532">
     <span class='ocr_line' id='line_1_49' title="bbox 499 4458 2143 4532; baseline -0.006 -12"><span class='ocrx_word' id='word_1_346' title='bbox 499 4466 575 4520; x_wconf 90' lang='lat' dir='ltr'>tis</span> <span class='ocrx_word' id='word_1_347' title='bbox 603 4465 695 4532; x_wconf 89' lang='lat'>53,</span> <span class='ocrx_word' id='word_1_348' title='bbox 727 4462 816 4518; x_wconf 92' lang='lat' dir='ltr'>die</span> <span class='ocrx_word' id='word_1_349' title='bbox 836 4479 1017 4518; x_wconf 85' lang='lat' dir='ltr'>xxvm</span> <span class='ocrx_word' id='word_1_350' title='bbox 1048 4459 1388 4515; x_wconf 79' lang='lat' dir='ltr'>Novembris</span> <span class='ocrx_word' id='word_1_351' title='bbox 1442 4459 1615 4528; x_wconf 92' lang='lat'>(105),</span> <span class='ocrx_word' id='word_1_352' title='bbox 1649 4458 1787 4513; x_wconf 91' lang='lat' dir='ltr'>anni</span> <span class='ocrx_word' id='word_1_353' title='bbox 1821 4459 1984 4529; x_wconf 89' lang='lat' dir='ltr'>proin</span> <span class='ocrx_word' id='word_1_354' title='bbox 2016 4459 2143 4527; x_wconf 88' lang='lat'>767,</span> 
     </span>
    </p>
   </div>
   <div class='ocr_carea' id='block_1_50' title="bbox 2248 517 3850 594">
    <p class='ocr_par' dir='ltr' id='par_1_50' title="bbox 2248 517 3850 594">
     <span class='ocr_line' id='line_1_50' title="bbox 2248 517 3850 594; baseline 0.005 -20"><span class='ocrx_word' id='word_1_355' title='bbox 2248 533 2382 574; x_wconf 91' lang='lat' dir='ltr'>eum</span> <span class='ocrx_word' id='word_1_356' title='bbox 2415 517 2524 572; x_wconf 92' lang='lat' dir='ltr'>sub</span> <span class='ocrx_word' id='word_1_357' title='bbox 2558 517 2735 572; x_wconf 85' lang='lat' dir='ltr'>ﬁnem</span> <span class='ocrx_word' id='word_1_358' title='bbox 2786 517 2926 573; x_wconf 87' lang='lat' dir='ltr'>anni</span> <span class='ocrx_word' id='word_1_359' title='bbox 2956 517 3063 572; x_wconf 94' lang='lat'>766</span> <span class='ocrx_word' id='word_1_360' title='bbox 3095 518 3318 590; x_wconf 91' lang='lat' dir='ltr'>Cpolim</span> <span class='ocrx_word' id='word_1_361' title='bbox 3357 525 3637 578; x_wconf 87' lang='lat' dir='ltr'>revectum</span> <span class='ocrx_word' id='word_1_362' title='bbox 3684 526 3850 594; x_wconf 85' lang='lat' dir='ltr'>fuisse,</span> 
     </span>
    </p>
   </div>
   <div class='ocr_carea' id='block_1_51' title="bbox 2247 607 3849 677">
    <p class='ocr_par' dir='ltr' id='par_1_51' title="bbox 2247 607 3849 677">
     <span class='ocr_line' id='line_1_51' title="bbox 2247 607 3849 677; baseline 0.006 -15"><span class='ocrx_word' id='word_1_363' title='bbox 2247 610 2304 662; x_wconf 91' lang='lat' dir='ltr'>et</span> <span class='ocrx_word' id='word_1_364' title='bbox 2335 611 2766 677; x_wconf 87' lang='lat' dir='ltr'>consequenter</span> <span class='ocrx_word' id='word_1_365' title='bbox 2794 611 2912 662; x_wconf 89' lang='lat' dir='ltr'>tres</span> <span class='ocrx_word' id='word_1_366' title='bbox 2945 607 3062 662; x_wconf 85' lang='lat' dir='ltr'>fere</span> <span class='ocrx_word' id='word_1_367' title='bbox 3093 625 3278 664; x_wconf 85' lang='lat' dir='ltr'>annos</span> <span class='ocrx_word' id='word_1_368' title='bbox 3310 610 3517 666; x_wconf 85' lang='lat' dir='ltr'>vixisse</span> <span class='ocrx_word' id='word_1_369' title='bbox 3547 612 3777 670; x_wconf 82' lang='lat' dir='ltr'>exsulem</span> <span class='ocrx_word' id='word_1_370' title='bbox 3805 616 3849 671; x_wconf 84' lang='lat' dir='ltr'>in</span> 
     </span>
    </p>
   </div>
   <div class='ocr_carea' id='block_1_52' title="bbox 2249 694 3851 762">
    <p class='ocr_par' dir='ltr' id='par_1_52' title="bbox 2249 694 3851 762">
     <span class='ocr_line' id='line_1_52' title="bbox 2249 694 3851 762; baseline 0.006 -11"><span class='ocrx_word' id='word_1_371' title='bbox 2249 695 2631 751; x_wconf 88' lang='lat' dir='ltr'>Proconneso.</span> <span class='ocrx_word' id='word_1_372' title='bbox 2668 694 2971 762; x_wconf 83' lang='lat' dir='ltr'>Quocirca,</span> <span class='ocrx_word' id='word_1_373' title='bbox 3006 696 3106 752; x_wconf 91' lang='lat' dir='ltr'>ubi</span> <span class='ocrx_word' id='word_1_374' title='bbox 3146 697 3216 752; x_wconf 90' lang='lat' dir='ltr'>de</span> <span class='ocrx_word' id='word_1_375' title='bbox 3263 697 3431 754; x_wconf 89' lang='lat' dir='ltr'>Petro</span> <span class='ocrx_word' id='word_1_376' title='bbox 3462 700 3533 756; x_wconf 89' lang='lat' dir='ltr'>de</span> <span class='ocrx_word' id='word_1_377' title='bbox 3562 701 3851 760; x_wconf 85' lang='lat' dir='ltr'>Blachernis</span> 
     </span>
    </p>
   </div>
   <div class='ocr_carea' id='block_1_53' title="bbox 2247 786 3851 860">
    <p class='ocr_par' dir='ltr' id='par_1_53' title="bbox 2247 786 3851 860">
     <span class='ocr_line' id='line_1_53' title="bbox 2247 786 3851 860; baseline 0.005 -20"><span class='ocrx_word' id='word_1_378' title='bbox 2247 786 2476 856; x_wconf 88' lang='lat' dir='ltr'>egimus</span> <span class='ocrx_word' id='word_1_379' title='bbox 2508 786 2710 855; x_wconf 88' lang='lat' dir='ltr'>(supra</span> <span class='ocrx_word' id='word_1_380' title='bbox 2740 801 2903 839; x_wconf 90' lang='lat' dir='ltr'>num.</span> <span class='ocrx_word' id='word_1_381' title='bbox 2943 786 3051 853; x_wconf 86' lang='lat'>15),</span> <span class='ocrx_word' id='word_1_382' title='bbox 3084 786 3184 857; x_wconf 90' lang='lat' dir='ltr'>qui</span> <span class='ocrx_word' id='word_1_383' title='bbox 3215 803 3367 842; x_wconf 92' lang='lat' dir='ltr'>anno</span> <span class='ocrx_word' id='word_1_384' title='bbox 3395 788 3496 843; x_wconf 84' lang='lat'>761</span> <span class='ocrx_word' id='word_1_385' title='bbox 3544 806 3729 860; x_wconf 88' lang='lat' dir='ltr'>passus</span> <span class='ocrx_word' id='word_1_386' title='bbox 3763 799 3851 860; x_wconf 89' lang='lat' dir='ltr'>est,</span> 
     </span>
    </p>
   </div>
   <div class='ocr_carea' id='block_1_54' title="bbox 2249 872 3853 950">
    <p class='ocr_par' dir='ltr' id='par_1_54' title="bbox 2249 872 3853 950">
     <span class='ocr_line' id='line_1_54' title="bbox 2249 872 3853 950; baseline 0.006 -22"><span class='ocrx_word' id='word_1_387' title='bbox 2249 874 2454 928; x_wconf 88' lang='lat' dir='ltr'>merito</span> <span class='ocrx_word' id='word_1_388' title='bbox 2486 872 2741 928; x_wconf 83' lang='lat' dir='ltr'>diximus</span> <span class='ocrx_word' id='word_1_389' title='bbox 2774 873 2901 943; x_wconf 85' lang='lat' dir='ltr'>ejus</span> <span class='ocrx_word' id='word_1_390' title='bbox 2936 874 3277 947; x_wconf 76' lang='lat' dir='ltr'>martyrium</span> <span class='ocrx_word' id='word_1_391' title='bbox 3307 879 3365 930; x_wconf 91' lang='lat' dir='ltr'>S.</span> <span class='ocrx_word' id='word_1_392' title='bbox 3396 877 3676 950; x_wconf 85' lang='lat' dir='ltr'>Stephano</span> <span class='ocrx_word' id='word_1_393' title='bbox 3720 881 3853 938; x_wconf 83' lang='lat' dir='ltr'>inno-</span> 
     </span>
    </p>
   </div>
   <div class='ocr_carea' id='block_1_55' title="bbox 2248 962 3852 1039">
    <p class='ocr_par' dir='ltr' id='par_1_55' title="bbox 2248 962 3852 1039">
     <span class='ocr_line' id='line_1_55' title="bbox 2248 962 3852 1039; baseline 0.007 -23"><span class='ocrx_word' id='word_1_394' title='bbox 2248 969 2465 1017; x_wconf 90' lang='lat' dir='ltr'>tescere</span> <span class='ocrx_word' id='word_1_395' title='bbox 2498 962 2760 1033; x_wconf 89' lang='lat' dir='ltr'>potuisse</span> <span class='ocrx_word' id='word_1_396' title='bbox 2790 970 2847 1018; x_wconf 87' lang='lat' dir='ltr'>et</span> <span class='ocrx_word' id='word_1_397' title='bbox 2876 963 2948 1018; x_wconf 92' lang='lat' dir='ltr'>ab</span> <span class='ocrx_word' id='word_1_398' title='bbox 2978 979 3067 1029; x_wconf 90' lang='lat' dir='ltr'>eo,</span> <span class='ocrx_word' id='word_1_399' title='bbox 3092 980 3193 1019; x_wconf 89' lang='lat' dir='ltr'>sex</span> <span class='ocrx_word' id='word_1_400' title='bbox 3222 965 3390 1020; x_wconf 90' lang='lat' dir='ltr'>annis</span> <span class='ocrx_word' id='word_1_401' title='bbox 3423 965 3653 1039; x_wconf 91' lang='lat' dir='ltr'>elapsis,</span> <span class='ocrx_word' id='word_1_402' title='bbox 3681 968 3735 1023; x_wconf 93' lang='lat' dir='ltr'>in</span> <span class='ocrx_word' id='word_1_403' title='bbox 3762 986 3852 1027; x_wconf 85' lang='lat' dir='ltr'>car-</span> 
     </span>
    </p>
   </div>
   <div class='ocr_carea' id='block_1_56' title="bbox 2247 1055 3853 1131">
    <p class='ocr_par' dir='ltr' id='par_1_56' title="bbox 2247 1055 3853 1131">
     <span class='ocr_line' id='line_1_56' title="bbox 2247 1055 3853 1131; baseline 0.007 -22"><span class='ocrx_word' id='word_1_404' title='bbox 2247 1069 2375 1110; x_wconf 90' lang='lat' dir='ltr'>cere</span> <span class='ocrx_word' id='word_1_405' title='bbox 2399 1055 2656 1126; x_wconf 74' lang='lat' dir='ltr'>preztorii</span> <span class='ocrx_word' id='word_1_406' title='bbox 2682 1056 2936 1123; x_wconf 90' lang='lat' dir='ltr'>narrari;</span> <span class='ocrx_word' id='word_1_407' title='bbox 2957 1060 3017 1111; x_wconf 88' lang='lat' dir='ltr'>at</span> <span class='ocrx_word' id='word_1_408' title='bbox 3038 1073 3152 1112; x_wconf 90' lang='lat' dir='ltr'>non</span> <span class='ocrx_word' id='word_1_409' title='bbox 3178 1056 3317 1112; x_wconf 90' lang='lat' dir='ltr'>item</span> <span class='ocrx_word' id='word_1_410' title='bbox 3342 1058 3675 1131; x_wconf 81' lang='lat' dir='ltr'>martyrium</span> <span class='ocrx_word' id='word_1_411' title='bbox 3695 1061 3853 1121; x_wconf 64' lang='grc'>81111-</span> 
     </span>
    </p>
   </div>
   <div class='ocr_carea' id='block_1_57' title="bbox 2246 1143 3850 1223">
    <p class='ocr_par' dir='ltr' id='par_1_57' title="bbox 2246 1143 3850 1223">
     <span class='ocr_line' id='line_1_57' title="bbox 2246 1143 3850 1223; baseline 0.006 -24"><span class='ocrx_word' id='word_1_412' title='bbox 2246 1145 2394 1199; x_wconf 73' lang='lat' dir='ltr'>dreze</span> <span class='ocrx_word' id='word_1_413' title='bbox 2428 1144 2485 1198; x_wconf 89' lang='lat' dir='ltr'>in</span> <span class='ocrx_word' id='word_1_414' title='bbox 2520 1143 2692 1211; x_wconf 88' lang='lat' dir='ltr'>Crisi,</span> <span class='ocrx_word' id='word_1_415' title='bbox 2726 1145 2884 1215; x_wconf 89' lang='lat' dir='ltr'>quod</span> <span class='ocrx_word' id='word_1_416' title='bbox 2916 1162 2990 1200; x_wconf 86' lang='lat' dir='ltr'>xx</span> <span class='ocrx_word' id='word_1_417' title='bbox 3018 1145 3285 1203; x_wconf 89' lang='lat' dir='ltr'>Octobris</span> <span class='ocrx_word' id='word_1_418' title='bbox 3319 1149 3455 1203; x_wconf 91' lang='lat' dir='ltr'>anni</span> <span class='ocrx_word' id='word_1_419' title='bbox 3487 1149 3587 1202; x_wconf 87' lang='lat'>767</span> <span class='ocrx_word' id='word_1_420' title='bbox 3615 1150 3850 1223; x_wconf 84' lang='lat' dir='ltr'>contigit:</span> 
     </span>
    </p>
   </div>
   <div class='ocr_carea' id='block_1_58' title="bbox 2248 1233 3854 1305">
    <p class='ocr_par' dir='ltr' id='par_1_58' title="bbox 2248 1233 3854 1305">
     <span class='ocr_line' id='line_1_58' title="bbox 2248 1233 3854 1305; baseline 0.006 -18"><span class='ocrx_word' id='word_1_421' title='bbox 2248 1240 2368 1288; x_wconf 90' lang='lat' dir='ltr'>tum</span> <span class='ocrx_word' id='word_1_422' title='bbox 2401 1233 2556 1288; x_wconf 91' lang='lat' dir='ltr'>enim</span> <span class='ocrx_word' id='word_1_423' title='bbox 2583 1234 2941 1303; x_wconf 90' lang='lat' dir='ltr'>jamdudum</span> <span class='ocrx_word' id='word_1_424' title='bbox 2966 1234 3022 1289; x_wconf 93' lang='lat' dir='ltr'>S.</span> <span class='ocrx_word' id='word_1_425' title='bbox 3047 1234 3376 1305; x_wconf 87' lang='lat' dir='ltr'>Stephanus</span> <span class='ocrx_word' id='word_1_426' title='bbox 3397 1235 3457 1291; x_wconf 93' lang='lat' dir='ltr'>in</span> <span class='ocrx_word' id='word_1_427' title='bbox 3490 1237 3638 1293; x_wconf 89' lang='lat' dir='ltr'>dicto</span> <span class='ocrx_word' id='word_1_428' title='bbox 3668 1254 3854 1296; x_wconf 85' lang='lat' dir='ltr'>carcere</span> 
     </span>
    </p>
   </div>
   <div class='ocr_carea' id='block_1_59' title="bbox 2246 1322 3856 1397">
    <p class='ocr_par' dir='ltr' id='par_1_59' title="bbox 2246 1322 3856 1397">
     <span class='ocr_line' id='line_1_59' title="bbox 2246 1322 3856 1397; baseline 0.004 -20"><span class='ocrx_word' id='word_1_429' title='bbox 2246 1322 2643 1389; x_wconf 89' lang='lat' dir='ltr'>detinebatur,</span> <span class='ocrx_word' id='word_1_430' title='bbox 2679 1338 2812 1378; x_wconf 82' lang='lat' dir='ltr'>mox</span> <span class='ocrx_word' id='word_1_431' title='bbox 2860 1323 2985 1394; x_wconf 90' lang='lat' dir='ltr'>ipse</span> <span class='ocrx_word' id='word_1_432' title='bbox 3016 1324 3087 1379; x_wconf 90' lang='lat' dir='ltr'>ad</span> <span class='ocrx_word' id='word_1_433' title='bbox 3128 1325 3394 1381; x_wconf 88' lang='lat' dir='ltr'>eamdem</span> <span class='ocrx_word' id='word_1_434' title='bbox 3447 1326 3698 1397; x_wconf 87' lang='lat' dir='ltr'>palmam</span> <span class='ocrx_word' id='word_1_435' title='bbox 3742 1330 3856 1384; x_wconf 89' lang='lat' dir='ltr'>arri-</span> 
     </span>
    </p>
   </div>
   <div class='ocr_carea' id='block_1_60' title="bbox 2247 1411 3854 1491">
    <p class='ocr_par' dir='ltr' id='par_1_60' title="bbox 2247 1411 3854 1491">
     <span class='ocr_line' id='line_1_60' title="bbox 2247 1411 3854 1491; baseline 0.006 -26"><span class='ocrx_word' id='word_1_436' title='bbox 2247 1411 2547 1483; x_wconf 86' lang='lat' dir='ltr'>piendam,</span> <span class='ocrx_word' id='word_1_437' title='bbox 2597 1412 2735 1467; x_wconf 92' lang='lat' dir='ltr'>inde</span> <span class='ocrx_word' id='word_1_438' title='bbox 2784 1412 3064 1469; x_wconf 86' lang='lat' dir='ltr'>exiturus.</span> <span class='ocrx_word' id='word_1_439' title='bbox 3108 1413 3483 1482; x_wconf 84' lang='lat' dir='ltr'>Rursum,ex</span> <span class='ocrx_word' id='word_1_440' title='bbox 3512 1414 3712 1472; x_wconf 88' lang='lat' dir='ltr'>iisdem</span> <span class='ocrx_word' id='word_1_441' title='bbox 3759 1435 3854 1491; x_wconf 73' lang='lat' dir='ltr'>qua</span> 
     </span>
    </p>
   </div>
   <div class='ocr_carea' id='block_1_61' title="bbox 2247 1501 3854 1578">
    <p class='ocr_par' dir='ltr' id='par_1_61' title="bbox 2247 1501 3854 1578">
     <span class='ocr_line' id='line_1_61' title="bbox 2247 1501 3854 1578; baseline 0.004 -21"><span class='ocrx_word' id='word_1_442' title='bbox 2247 1501 2626 1571; x_wconf 86' lang='lat' dir='ltr'>deduximus,</span> <span class='ocrx_word' id='word_1_443' title='bbox 2677 1502 2990 1558; x_wconf 86' lang='lat' dir='ltr'>conﬁcitur</span> <span class='ocrx_word' id='word_1_444' title='bbox 3034 1503 3093 1559; x_wconf 91' lang='lat' dir='ltr'>S.</span> <span class='ocrx_word' id='word_1_445' title='bbox 3128 1504 3491 1574; x_wconf 85' lang='lat' dir='ltr'>Stephanum</span> <span class='ocrx_word' id='word_1_446' title='bbox 3539 1510 3624 1561; x_wconf 90' lang='lat' dir='ltr'>ter</span> <span class='ocrx_word' id='word_1_447' title='bbox 3667 1508 3854 1578; x_wconf 76' lang='lat' dir='ltr'>publica</span> 
     </span>
    </p>
   </div>
   <div class='ocr_carea' id='block_1_62' title="bbox 2248 1589 3854 1666">
    <p class='ocr_par' dir='ltr' id='par_1_62' title="bbox 2248 1589 3854 1666">
     <span class='ocr_line' id='line_1_62' title="bbox 2248 1589 3854 1666; baseline 0.004 -22"><span class='ocrx_word' id='word_1_448' title='bbox 2248 1589 2553 1661; x_wconf 89' lang='lat' dir='ltr'>prodiisse,</span> <span class='ocrx_word' id='word_1_449' title='bbox 2602 1594 2659 1646; x_wconf 92' lang='lat' dir='ltr'>et</span> <span class='ocrx_word' id='word_1_450' title='bbox 2708 1591 3025 1647; x_wconf 88' lang='lat' dir='ltr'>crudeliter</span> <span class='ocrx_word' id='word_1_451' title='bbox 3075 1592 3257 1648; x_wconf 82' lang='lat' dir='ltr'>fuisse</span> <span class='ocrx_word' id='word_1_452' title='bbox 3300 1592 3549 1664; x_wconf 85' lang='lat' dir='ltr'>ligatum</span> <span class='ocrx_word' id='word_1_453' title='bbox 3582 1611 3644 1649; x_wconf 90' lang='lat' dir='ltr'>ac</span> <span class='ocrx_word' id='word_1_454' title='bbox 3674 1600 3854 1666; x_wconf 87' lang='lat' dir='ltr'>pertra-</span> 
     </span>
    </p>
   </div>
   <div class='ocr_carea' id='block_1_63' title="bbox 2248 1677 3854 1753">
    <p class='ocr_par' dir='ltr' id='par_1_63' title="bbox 2248 1677 3854 1753">
     <span class='ocr_line' id='line_1_63' title="bbox 2248 1677 3854 1753; baseline 0.002 -20"><span class='ocrx_word' id='word_1_455' title='bbox 2248 1681 2429 1744; x_wconf 91' lang='lat' dir='ltr'>ctum,</span> <span class='ocrx_word' id='word_1_456' title='bbox 2464 1677 2692 1734; x_wconf 88' lang='lat' dir='ltr'>ultimis</span> <span class='ocrx_word' id='word_1_457' title='bbox 2726 1678 2948 1734; x_wconf 89' lang='lat' dir='ltr'>scilicet</span> <span class='ocrx_word' id='word_1_458' title='bbox 2984 1679 3288 1736; x_wconf 87' lang='lat' dir='ltr'>mensibus</span> <span class='ocrx_word' id='word_1_459' title='bbox 3318 1697 3607 1737; x_wconf 89' lang='lat' dir='ltr'>annorum</span> <span class='ocrx_word' id='word_1_460' title='bbox 3637 1683 3748 1753; x_wconf 89' lang='lat'>763,</span> <span class='ocrx_word' id='word_1_461' title='bbox 3773 1685 3854 1737; x_wconf 84' lang='lat'>766</span> 
     </span>
    </p>
   </div>
   <div class='ocr_carea' id='block_1_64' title="bbox 2248 1768 3856 1839">
    <p class='ocr_par' dir='ltr' id='par_1_64' title="bbox 2248 1768 3856 1839">
     <span class='ocr_line' id='line_1_64' title="bbox 2248 1768 3856 1839; baseline 0.003 -17"><span class='ocrx_word' id='word_1_462' title='bbox 2248 1771 2305 1822; x_wconf 91' lang='lat' dir='ltr'>et</span> <span class='ocrx_word' id='word_1_463' title='bbox 2334 1768 2439 1821; x_wconf 88' lang='lat'>767</span> <span class='ocrx_word' id='word_1_464' title='bbox 2469 1768 2642 1839; x_wconf 91' lang='lat'>(107).</span> <span class='ocrx_word' id='word_1_465' title='bbox 2678 1770 2864 1839; x_wconf 85' lang='lat' dir='ltr'>Atque</span> <span class='ocrx_word' id='word_1_466' title='bbox 2910 1768 3118 1824; x_wconf 85' lang='lat' dir='ltr'>exinde</span> <span class='ocrx_word' id='word_1_467' title='bbox 3160 1770 3375 1825; x_wconf 84' lang='lat' dir='ltr'>factum</span> <span class='ocrx_word' id='word_1_468' title='bbox 3407 1773 3512 1839; x_wconf 87' lang='lat' dir='ltr'>est,</span> <span class='ocrx_word' id='word_1_469' title='bbox 3544 1779 3600 1826; x_wconf 91' lang='lat' dir='ltr'>ut</span> <span class='ocrx_word' id='word_1_470' title='bbox 3630 1776 3743 1827; x_wconf 91' lang='lat' dir='ltr'>tum</span> <span class='ocrx_word' id='word_1_471' title='bbox 3783 1772 3856 1827; x_wconf 82' lang='lat' dir='ltr'>Ni-</span> 
     </span>
    </p>
   </div>
   <div class='ocr_carea' id='block_1_65' title="bbox 2250 1856 3853 1935">
    <p class='ocr_par' dir='ltr' id='par_1_65' title="bbox 2250 1856 3853 1935">
     <span class='ocr_line' id='line_1_65' title="bbox 2250 1856 3853 1935; baseline 0.002 -24"><span class='ocrx_word' id='word_1_472' title='bbox 2250 1856 2538 1927; x_wconf 89' lang='lat' dir='ltr'>cephorus</span> <span class='ocrx_word' id='word_1_473' title='bbox 2569 1857 2629 1912; x_wconf 90' lang='lat' dir='ltr'>in</span> <span class='ocrx_word' id='word_1_474' title='bbox 2658 1857 2949 1913; x_wconf 87' lang='lat' dir='ltr'>Breviario</span> <span class='ocrx_word' id='word_1_475' title='bbox 2984 1858 3149 1927; x_wconf 91' lang='lat'>(108),</span> <span class='ocrx_word' id='word_1_476' title='bbox 3178 1864 3304 1915; x_wconf 90' lang='lat' dir='ltr'>tum</span> <span class='ocrx_word' id='word_1_477' title='bbox 3338 1859 3715 1933; x_wconf 88' lang='lat' dir='ltr'>Theophanes</span> <span class='ocrx_word' id='word_1_478' title='bbox 3740 1863 3853 1935; x_wconf 82' lang='lat'>(109)</span> 
     </span>
    </p>
   </div>
   <div class='ocr_carea' id='block_1_66' title="bbox 2249 1944 3854 2022">
    <p class='ocr_par' dir='ltr' id='par_1_66' title="bbox 2249 1944 3854 2022">
     <span class='ocr_line' id='line_1_66' title="bbox 2249 1944 3854 2022; baseline 0.004 -23"><span class='ocrx_word' id='word_1_479' title='bbox 2249 1944 2560 2016; x_wconf 88' lang='lat' dir='ltr'>anticipate</span> <span class='ocrx_word' id='word_1_480' title='bbox 2593 1950 2649 2000; x_wconf 88' lang='lat' dir='ltr'>et</span> <span class='ocrx_word' id='word_1_481' title='bbox 2680 1947 2920 2001; x_wconf 85' lang='lat' dir='ltr'>confuse</span> <span class='ocrx_word' id='word_1_482' title='bbox 2953 1948 3151 2002; x_wconf 87' lang='lat' dir='ltr'>omnia</span> <span class='ocrx_word' id='word_1_483' title='bbox 3182 1949 3569 2017; x_wconf 88' lang='lat' dir='ltr'>narraverint,</span> <span class='ocrx_word' id='word_1_484' title='bbox 3603 1967 3701 2006; x_wconf 91' lang='lat' dir='ltr'>nec</span> <span class='ocrx_word' id='word_1_485' title='bbox 3740 1967 3854 2022; x_wconf 83' lang='lat' dir='ltr'>Opus</span> 
     </span>
    </p>
   </div>
   <div class='ocr_carea' id='block_1_67' title="bbox 2247 2036 3853 2111">
    <p class='ocr_par' dir='ltr' id='par_1_67' title="bbox 2247 2036 3853 2111">
     <span class='ocr_line' id='line_1_67' title="bbox 2247 2036 3853 2111; baseline 0.002 -22"><span class='ocrx_word' id='word_1_486' title='bbox 2247 2038 2338 2089; x_wconf 92' lang='lat' dir='ltr'>est</span> <span class='ocrx_word' id='word_1_487' title='bbox 2387 2050 2522 2090; x_wconf 91' lang='lat' dir='ltr'>cum</span> <span class='ocrx_word' id='word_1_488' title='bbox 2574 2036 2748 2107; x_wconf 90' lang='lat' dir='ltr'>Pagio</span> <span class='ocrx_word' id='word_1_489' title='bbox 2797 2037 2947 2109; x_wconf 90' lang='grc'>(110)</span> <span class='ocrx_word' id='word_1_490' title='bbox 2978 2036 3038 2091; x_wconf 92' lang='lat' dir='ltr'>in</span> <span class='ocrx_word' id='word_1_491' title='bbox 3070 2036 3246 2092; x_wconf 88' lang='lat' dir='ltr'>aliam</span> <span class='ocrx_word' id='word_1_492' title='bbox 3296 2054 3535 2094; x_wconf 88' lang='lat' dir='ltr'>causam</span> <span class='ocrx_word' id='word_1_493' title='bbox 3586 2039 3853 2111; x_wconf 87' lang='lat' dir='ltr'>inquirere.</span> 
     </span>
    </p>
   </div>
   <div class='ocr_carea' id='block_1_68' title="bbox 2247 2124 3856 2201">
    <p class='ocr_par' dir='ltr' id='par_1_68' title="bbox 2247 2124 3856 2201">
     <span class='ocr_line' id='line_1_68' title="bbox 2247 2124 3856 2201; baseline 0.004 -23"><span class='ocrx_word' id='word_1_494' title='bbox 2247 2125 2425 2179; x_wconf 90' lang='lat' dir='ltr'>Porro</span> <span class='ocrx_word' id='word_1_495' title='bbox 2457 2124 2578 2179; x_wconf 62' lang='lat' dir='ltr'>haec</span> <span class='ocrx_word' id='word_1_496' title='bbox 2611 2124 2985 2197; x_wconf 90' lang='lat' dir='ltr'>Theophanis</span> <span class='ocrx_word' id='word_1_497' title='bbox 3011 2127 3267 2181; x_wconf 90' lang='lat' dir='ltr'>narratio</span> <span class='ocrx_word' id='word_1_498' title='bbox 3290 2128 3608 2185; x_wconf 90' lang='lat' dir='ltr'>Baronium</span> <span class='ocrx_word' id='word_1_499' title='bbox 3636 2130 3856 2201; x_wconf 88' lang='lat' dir='ltr'>aliosque</span> 
     </span>
    </p>
   </div>
   <div class='ocr_carea' id='block_1_69' title="bbox 2250 2213 3856 2291">
    <p class='ocr_par' dir='ltr' id='par_1_69' title="bbox 2250 2213 3856 2291">
     <span class='ocr_line' id='line_1_69' title="bbox 2250 2213 3856 2291; baseline 0.003 -22"><span class='ocrx_word' id='word_1_500' title='bbox 2250 2213 2567 2285; x_wconf 89' lang='lat' dir='ltr'>aliquando</span> <span class='ocrx_word' id='word_1_501' title='bbox 2600 2214 2659 2270; x_wconf 91' lang='lat' dir='ltr'>in</span> <span class='ocrx_word' id='word_1_502' title='bbox 2692 2232 2967 2285; x_wconf 89' lang='lat' dir='ltr'>errorem,</span> <span class='ocrx_word' id='word_1_503' title='bbox 3003 2216 3074 2272; x_wconf 91' lang='lat' dir='ltr'>de</span> <span class='ocrx_word' id='word_1_504' title='bbox 3105 2233 3257 2273; x_wconf 86' lang='lat' dir='ltr'>anno</span> <span class='ocrx_word' id='word_1_505' title='bbox 3291 2219 3499 2274; x_wconf 91' lang='lat' dir='ltr'>mortis</span> <span class='ocrx_word' id='word_1_506' title='bbox 3531 2219 3589 2275; x_wconf 90' lang='lat' dir='ltr'>S.</span> <span class='ocrx_word' id='word_1_507' title='bbox 3621 2218 3856 2291; x_wconf 84' lang='lat' dir='ltr'>Stephani</span> 
     </span>
    </p>
   </div>
   <div class='ocr_carea' id='block_1_70' title="bbox 2250 2304 2934 2361">
    <p class='ocr_par' dir='ltr' id='par_1_70' title="bbox 2250 2304 2934 2361">
     <span class='ocr_line' id='line_1_70' title="bbox 2250 2304 2934 2361; baseline 0.003 -4"><span class='ocrx_word' id='word_1_508' title='bbox 2250 2304 2656 2361; x_wconf 86' lang='lat' dir='ltr'>constituendo</span> <span class='ocrx_word' id='word_1_509' title='bbox 2688 2304 2934 2360; x_wconf 83' lang='lat' dir='ltr'>induxit.</span> 
     </span>
    </p>
   </div>
   <div class='ocr_carea' id='block_1_71' title="bbox 2317 2402 3855 2478">
    <p class='ocr_par' dir='ltr' id='par_1_71' title="bbox 2317 2402 3855 2478">
     <span class='ocr_line' id='line_1_71' title="bbox 2317 2402 3855 2478; baseline 0.003 -22"><span class='ocrx_word' id='word_1_510' title='bbox 2317 2402 2407 2459; x_wconf 86' lang='lat'>26.</span> <span class='ocrx_word' id='word_1_511' title='bbox 2439 2403 2606 2460; x_wconf 92' lang='lat' dir='ltr'>Nunc</span> <span class='ocrx_word' id='word_1_512' title='bbox 2654 2408 2847 2460; x_wconf 86' lang='lat' dir='ltr'>autem</span> <span class='ocrx_word' id='word_1_513' title='bbox 2898 2404 3173 2476; x_wconf 89' lang='lat' dir='ltr'>quoniam</span> <span class='ocrx_word' id='word_1_514' title='bbox 3220 2405 3529 2478; x_wconf 84' lang='lat' dir='ltr'>inquisitio</span> <span class='ocrx_word' id='word_1_515' title='bbox 3574 2406 3684 2463; x_wconf 89' lang='lat' dir='ltr'>ista</span> <span class='ocrx_word' id='word_1_516' title='bbox 3717 2406 3769 2463; x_wconf 90' lang='lat' dir='ltr'>in</span> <span class='ocrx_word' id='word_1_517' title='bbox 3796 2406 3855 2461; x_wconf 90' lang='lat' dir='ltr'>hi-</span> 
     </span>
    </p>
   </div>
   <div class='ocr_carea' id='block_1_72' title="bbox 2248 2492 3851 2566">
    <p class='ocr_par' dir='ltr' id='par_1_72' title="bbox 2248 2492 3851 2566">
     <span class='ocr_line' id='line_1_72' title="bbox 2248 2492 3851 2566; baseline 0.001 -19"><span class='ocrx_word' id='word_1_518' title='bbox 2248 2492 2488 2548; x_wconf 86' lang='lat' dir='ltr'>storiam</span> <span class='ocrx_word' id='word_1_519' title='bbox 2509 2498 2565 2548; x_wconf 91' lang='lat' dir='ltr'>et</span> <span class='ocrx_word' id='word_1_520' title='bbox 2583 2493 3020 2566; x_wconf 88' lang='lat' dir='ltr'>chronologiam</span> <span class='ocrx_word' id='word_1_521' title='bbox 3041 2496 3460 2564; x_wconf 87' lang='lat' dir='ltr'>persecutionis</span> <span class='ocrx_word' id='word_1_522' title='bbox 3479 2496 3851 2553; x_wconf 73' lang='lat' dir='ltr'>iconoclastice</span> 
     </span>
    </p>
   </div>
   <div class='ocr_carea' id='block_1_73' title="bbox 2250 2582 3851 2659">
    <p class='ocr_par' dir='ltr' id='par_1_73' title="bbox 2250 2582 3851 2659">
     <span class='ocr_line' id='line_1_73' title="bbox 2250 2582 3851 2659; baseline 0.002 -22"><span class='ocrx_word' id='word_1_523' title='bbox 2250 2584 2540 2653; x_wconf 67' lang='lat' dir='ltr'>secundas,</span> <span class='ocrx_word' id='word_1_524' title='bbox 2573 2582 2846 2654; x_wconf 86' lang='lat' dir='ltr'>prolixior</span> <span class='ocrx_word' id='word_1_525' title='bbox 2879 2585 3028 2639; x_wconf 87' lang='lat' dir='ltr'>facta</span> <span class='ocrx_word' id='word_1_526' title='bbox 3058 2590 3166 2654; x_wconf 85' lang='lat' dir='ltr'>est,</span> <span class='ocrx_word' id='word_1_527' title='bbox 3198 2602 3365 2657; x_wconf 87' lang='lat' dir='ltr'>quam</span> <span class='ocrx_word' id='word_1_528' title='bbox 3400 2588 3461 2641; x_wconf 87' lang='lat' dir='ltr'>id</span> <span class='ocrx_word' id='word_1_529' title='bbox 3494 2586 3735 2659; x_wconf 89' lang='lat' dir='ltr'>primum</span> <span class='ocrx_word' id='word_1_530' title='bbox 3762 2586 3851 2642; x_wconf 82' lang='lat' dir='ltr'>exi-</span> 
     </span>
    </p>
   </div>
   <div class='ocr_carea' id='block_1_74' title="bbox 2247 2669 3852 2745">
    <p class='ocr_par' dir='ltr' id='par_1_74' title="bbox 2247 2669 3852 2745">
     <span class='ocr_line' id='line_1_74' title="bbox 2247 2669 3852 2745; baseline 0.004 -22"><span class='ocrx_word' id='word_1_531' title='bbox 2247 2669 2657 2738; x_wconf 87' lang='lat' dir='ltr'>stimabamus,</span> <span class='ocrx_word' id='word_1_532' title='bbox 2692 2672 2833 2727; x_wconf 89' lang='lat' dir='ltr'>utile</span> <span class='ocrx_word' id='word_1_533' title='bbox 2866 2672 3143 2728; x_wconf 85' lang='lat' dir='ltr'>duximus</span> <span class='ocrx_word' id='word_1_534' title='bbox 3172 2689 3318 2741; x_wconf 88' lang='lat' dir='ltr'>eam,</span> <span class='ocrx_word' id='word_1_535' title='bbox 3346 2674 3517 2745; x_wconf 88' lang='lat' dir='ltr'>juxta</span> <span class='ocrx_word' id='word_1_536' title='bbox 3547 2675 3743 2731; x_wconf 89' lang='lat' dir='ltr'>seriem</span> <span class='ocrx_word' id='word_1_537' title='bbox 3771 2692 3852 2729; x_wconf 87' lang='lat' dir='ltr'>an-</span> 
     </span>
    </p>
   </div>
   <div class='ocr_carea' id='block_1_75' title="bbox 2250 2760 3851 2832">
    <p class='ocr_par' dir='ltr' id='par_1_75' title="bbox 2250 2760 3851 2832">
     <span class='ocr_line' id='line_1_75' title="bbox 2250 2760 3851 2832; baseline 0.002 -17"><span class='ocrx_word' id='word_1_538' title='bbox 2250 2776 2482 2827; x_wconf 89' lang='lat' dir='ltr'>norum,</span> <span class='ocrx_word' id='word_1_539' title='bbox 2518 2760 2611 2817; x_wconf 89' lang='lat' dir='ltr'>hic</span> <span class='ocrx_word' id='word_1_540' title='bbox 2660 2762 3003 2832; x_wconf 89' lang='lat' dir='ltr'>compendio</span> <span class='ocrx_word' id='word_1_541' title='bbox 3053 2763 3344 2830; x_wconf 87' lang='lat' dir='ltr'>exhibere,</span> <span class='ocrx_word' id='word_1_542' title='bbox 3377 2764 3596 2820; x_wconf 88' lang='lat' dir='ltr'>additis</span> <span class='ocrx_word' id='word_1_543' title='bbox 3634 2764 3851 2821; x_wconf 86' lang='lat' dir='ltr'>numeris</span> 
     </span>
    </p>
   </div>
   <div class='ocr_carea' id='block_1_76' title="bbox 2249 2849 3725 2924">
    <p class='ocr_par' dir='ltr' id='par_1_76' title="bbox 2249 2849 3725 2924">
     <span class='ocr_line' id='line_1_76' title="bbox 2249 2849 3725 2924; baseline 0.005 -22"><span class='ocrx_word' id='word_1_544' title='bbox 2249 2849 2679 2917; x_wconf 84' lang='lat' dir='ltr'>Commentarii,</span> <span class='ocrx_word' id='word_1_545' title='bbox 2714 2850 2787 2905; x_wconf 90' lang='lat' dir='ltr'>ad</span> <span class='ocrx_word' id='word_1_546' title='bbox 2819 2866 2965 2922; x_wconf 91' lang='lat' dir='ltr'>quos</span> <span class='ocrx_word' id='word_1_547' title='bbox 2995 2851 3067 2906; x_wconf 94' lang='lat' dir='ltr'>de</span> <span class='ocrx_word' id='word_1_548' title='bbox 3098 2851 3348 2924; x_wconf 89' lang='lat' dir='ltr'>singulis</span> <span class='ocrx_word' id='word_1_549' title='bbox 3379 2858 3579 2909; x_wconf 88' lang='lat' dir='ltr'>actum</span> <span class='ocrx_word' id='word_1_550' title='bbox 3611 2860 3725 2911; x_wconf 84' lang='lat' dir='ltr'>est:</span> 
     </span>
    </p>
   </div>
   <div class='ocr_carea' id='block_1_77' title="bbox 2319 2957 3854 3031">
    <p class='ocr_par' dir='ltr' id='par_1_77' title="bbox 2319 2957 3854 3031">
     <span class='ocr_line' id='line_1_77' title="bbox 2319 2957 3854 3031; baseline 0.004 -21"><span class='ocrx_word' id='word_1_551' title='bbox 2319 2958 2479 3012; x_wconf 82' lang='lat' dir='ltr'>Anno</span> <span class='ocrx_word' id='word_1_552' title='bbox 2505 2957 2633 3023; x_wconf 88' lang='grc'>761,</span> <span class='ocrx_word' id='word_1_553' title='bbox 2664 2974 2757 3012; x_wconf 79' lang='lat' dir='ltr'>xvr</span> <span class='ocrx_word' id='word_1_554' title='bbox 2789 2959 2941 3027; x_wconf 82' lang='lat' dir='ltr'>Maii,</span> <span class='ocrx_word' id='word_1_555' title='bbox 2974 2960 3169 3031; x_wconf 86' lang='lat' dir='ltr'>passio</span> <span class='ocrx_word' id='word_1_556' title='bbox 3221 2959 3276 3015; x_wconf 80' lang='grc' dir='ltr'>Ξ.</span> <span class='ocrx_word' id='word_1_557' title='bbox 3316 2961 3468 3017; x_wconf 89' lang='lat' dir='ltr'>Petri</span> <span class='ocrx_word' id='word_1_558' title='bbox 3519 2963 3591 3018; x_wconf 90' lang='lat' dir='ltr'>de</span> <span class='ocrx_word' id='word_1_559' title='bbox 3639 2962 3854 3019; x_wconf 82' lang='lat' dir='ltr'>Blacher-</span> 
     </span>
    </p>
   </div>
   <div class='ocr_carea' id='block_1_78' title="bbox 2251 3045 2897 3117">
    <p class='ocr_par' dir='ltr' id='par_1_78' title="bbox 2251 3045 2897 3117">
     <span class='ocr_line' id='line_1_78' title="bbox 2251 3045 2897 3117; baseline 0.003 -18"><span class='ocrx_word' id='word_1_560' title='bbox 2251 3045 2361 3101; x_wconf 90' lang='lat' dir='ltr'>nis.</span> <span class='ocrx_word' id='word_1_561' title='bbox 2395 3046 2582 3117; x_wconf 91' lang='lat' dir='ltr'>Supra</span> <span class='ocrx_word' id='word_1_562' title='bbox 2613 3063 2778 3103; x_wconf 90' lang='lat' dir='ltr'>num.</span> <span class='ocrx_word' id='word_1_563' title='bbox 2810 3047 2897 3102; x_wconf 85' lang='lat'>17.</span> 
     </span>
    </p>
   </div>
   <div class='ocr_carea' id='block_1_79' title="bbox 2176 3145 3855 3233">
    <p class='ocr_par' dir='ltr' id='par_1_79' title="bbox 2176 3145 3855 3233">
     <span class='ocr_line' id='line_1_79' title="bbox 2176 3145 3855 3233; baseline 0.002 -32"><span class='ocrx_word' id='word_1_564' title='bbox 2176 3166 2224 3233; x_wconf 66' lang='grc' dir='ltr'><strong>ρ</strong></span> <span class='ocrx_word' id='word_1_565' title='bbox 2327 3145 2536 3201; x_wconf 88' lang='lat' dir='ltr'>Eodem</span> <span class='ocrx_word' id='word_1_566' title='bbox 2570 3161 2745 3214; x_wconf 85' lang='lat' dir='ltr'>anno,</span> <span class='ocrx_word' id='word_1_567' title='bbox 2780 3163 2833 3202; x_wconf 82' lang='grc' dir='ltr'>ιν</span> <span class='ocrx_word' id='word_1_568' title='bbox 2870 3146 3055 3215; x_wconf 89' lang='lat' dir='ltr'>Junii,</span> <span class='ocrx_word' id='word_1_569' title='bbox 3089 3149 3284 3220; x_wconf 87' lang='lat' dir='ltr'>passio</span> <span class='ocrx_word' id='word_1_570' title='bbox 3331 3153 3387 3204; x_wconf 89' lang='lat' dir='ltr'>S.</span> <span class='ocrx_word' id='word_1_571' title='bbox 3421 3149 3665 3207; x_wconf 87' lang='lat' dir='ltr'>Joannis</span> <span class='ocrx_word' id='word_1_572' title='bbox 3708 3150 3855 3222; x_wconf 82' lang='lat' dir='ltr'>Hege-</span> 
     </span>
    </p>
   </div>
   <div class='ocr_carea' id='block_1_80' title="bbox 2257 3234 3467 3309">
    <p class='ocr_par' dir='ltr' id='par_1_80' title="bbox 2257 3234 3467 3309">
     <span class='ocr_line' id='line_1_80' title="bbox 2257 3234 3467 3309; baseline 0.003 -20"><span class='ocrx_word' id='word_1_573' title='bbox 2257 3234 2412 3289; x_wconf 90' lang='lat' dir='ltr'>meni</span> <span class='ocrx_word' id='word_1_574' title='bbox 2444 3237 2783 3291; x_wconf 85' lang='lat' dir='ltr'>monasterii</span> <span class='ocrx_word' id='word_1_575' title='bbox 2814 3237 3144 3309; x_wconf 69' lang='lat' dir='ltr'>Monagrias,</span> <span class='ocrx_word' id='word_1_576' title='bbox 3178 3254 3340 3293; x_wconf 90' lang='lat' dir='ltr'>num.</span> <span class='ocrx_word' id='word_1_577' title='bbox 3372 3239 3467 3294; x_wconf 84' lang='lat'>22.</span> 
     </span>
    </p>
   </div>
   <div class='ocr_carea' id='block_1_81' title="bbox 2322 3336 3856 3414">
    <p class='ocr_par' dir='ltr' id='par_1_81' title="bbox 2322 3336 3856 3414">
     <span class='ocr_line' id='line_1_81' title="bbox 2322 3336 3856 3414; baseline 0.005 -27"><span class='ocrx_word' id='word_1_578' title='bbox 2322 3336 2485 3390; x_wconf 89' lang='lat' dir='ltr'>Anno</span> <span class='ocrx_word' id='word_1_579' title='bbox 2530 3336 2636 3388; x_wconf 88' lang='lat'>763</span> <span class='ocrx_word' id='word_1_580' title='bbox 2686 3337 2755 3390; x_wconf 90' lang='lat' dir='ltr'>ad</span> <span class='ocrx_word' id='word_1_581' title='bbox 2797 3336 2973 3392; x_wconf 81' lang='lat' dir='ltr'>tinem</span> <span class='ocrx_word' id='word_1_582' title='bbox 3021 3346 3309 3407; x_wconf 89' lang='lat' dir='ltr'>vergente,</span> <span class='ocrx_word' id='word_1_583' title='bbox 3339 3344 3397 3394; x_wconf 88' lang='lat' dir='ltr'>S.</span> <span class='ocrx_word' id='word_1_584' title='bbox 3430 3339 3754 3414; x_wconf 83' lang='lat' dir='ltr'>Stephanus</span> <span class='ocrx_word' id='word_1_585' title='bbox 3776 3341 3856 3397; x_wconf 85' lang='lat' dir='ltr'>Ju-</span> 
     </span>
    </p>
   </div>
   <div class='ocr_carea' id='block_1_82' title="bbox 2253 3422 3858 3494">
    <p class='ocr_par' dir='ltr' id='par_1_82' title="bbox 2253 3422 3858 3494">
     <span class='ocr_line' id='line_1_82' title="bbox 2253 3422 3858 3494; baseline 0.004 -18"><span class='ocrx_word' id='word_1_586' title='bbox 2253 3422 2382 3477; x_wconf 90' lang='lat' dir='ltr'>nior</span> <span class='ocrx_word' id='word_1_587' title='bbox 2430 3439 2499 3477; x_wconf 84' lang='lat' dir='ltr'>ex</span> <span class='ocrx_word' id='word_1_588' title='bbox 2545 3422 2836 3494; x_wconf 89' lang='lat' dir='ltr'>tuguriolo</span> <span class='ocrx_word' id='word_1_589' title='bbox 2886 3426 3099 3482; x_wconf 90' lang='lat' dir='ltr'>montis</span> <span class='ocrx_word' id='word_1_590' title='bbox 3148 3428 3418 3483; x_wconf 80' lang='lat' dir='ltr'>Auxentii</span> <span class='ocrx_word' id='word_1_591' title='bbox 3462 3430 3781 3488; x_wconf 86' lang='lat' dir='ltr'>abstractus</span> <span class='ocrx_word' id='word_1_592' title='bbox 3815 3435 3858 3484; x_wconf 83' lang='lat' dir='ltr'>et</span> 
     </span>
    </p>
   </div>
   <div class='ocr_carea' id='block_1_83' title="bbox 2252 3509 3856 3582">
    <p class='ocr_par' dir='ltr' id='par_1_83' title="bbox 2252 3509 3856 3582">
     <span class='ocr_line' id='line_1_83' title="bbox 2252 3509 3856 3582; baseline 0.005 -17"><span class='ocrx_word' id='word_1_593' title='bbox 2252 3509 2397 3565; x_wconf 87' lang='lat' dir='ltr'>mari</span> <span class='ocrx_word' id='word_1_594' title='bbox 2426 3511 2827 3582; x_wconf 84' lang='lat' dir='ltr'>Chrysopolim</span> <span class='ocrx_word' id='word_1_595' title='bbox 2873 3515 3165 3581; x_wconf 88' lang='lat' dir='ltr'>devectus,</span> <span class='ocrx_word' id='word_1_596' title='bbox 3200 3532 3334 3571; x_wconf 82' lang='lat' dir='ltr'>mox</span> <span class='ocrx_word' id='word_1_597' title='bbox 3366 3516 3425 3572; x_wconf 92' lang='lat' dir='ltr'>in</span> <span class='ocrx_word' id='word_1_598' title='bbox 3457 3520 3856 3578; x_wconf 83' lang='lat' dir='ltr'>Proconnesum</span> 
     </span>
    </p>
   </div>
   <div class='ocr_carea' id='block_1_84' title="bbox 2250 3599 3164 3679">
    <p class='ocr_par' dir='ltr' id='par_1_84' title="bbox 2250 3599 3164 3679">
     <span class='ocr_line' id='line_1_84' title="bbox 2250 3599 3164 3679; baseline 0.008 -24"><span class='ocrx_word' id='word_1_599' title='bbox 2250 3599 2411 3656; x_wconf 87' lang='lat' dir='ltr'>exsul</span> <span class='ocrx_word' id='word_1_600' title='bbox 2446 3601 2715 3667; x_wconf 87' lang='lat' dir='ltr'>mittitur,</span> <span class='ocrx_word' id='word_1_601' title='bbox 2752 3620 2916 3661; x_wconf 90' lang='lat' dir='ltr'>num.</span> <span class='ocrx_word' id='word_1_602' title='bbox 2946 3605 3013 3660; x_wconf 83' lang='lat'>24</span> <span class='ocrx_word' id='word_1_603' title='bbox 3043 3622 3164 3679; x_wconf 88' lang='lat' dir='ltr'>seq.</span> 
     </span>
    </p>
   </div>
   <div class='ocr_carea' id='block_1_85' title="bbox 2322 3704 3856 3781">
    <p class='ocr_par' dir='ltr' id='par_1_85' title="bbox 2322 3704 3856 3781">
     <span class='ocr_line' id='line_1_85' title="bbox 2322 3704 3856 3781; baseline 0.007 -27"><span class='ocrx_word' id='word_1_604' title='bbox 2322 3704 2488 3757; x_wconf 81' lang='lat' dir='ltr'>Anno</span> <span class='ocrx_word' id='word_1_605' title='bbox 2519 3705 2643 3769; x_wconf 85' lang='lat'>766,</span> <span class='ocrx_word' id='word_1_606' title='bbox 2678 3704 2784 3759; x_wconf 85' lang='lat' dir='ltr'>sub</span> <span class='ocrx_word' id='word_1_607' title='bbox 2819 3704 3014 3761; x_wconf 82' lang='lat' dir='ltr'>ﬁnem.</span> <span class='ocrx_word' id='word_1_608' title='bbox 3050 3707 3108 3762; x_wconf 88' lang='lat' dir='ltr'>S.</span> <span class='ocrx_word' id='word_1_609' title='bbox 3141 3706 3469 3779; x_wconf 87' lang='lat' dir='ltr'>Stephanus</span> <span class='ocrx_word' id='word_1_610' title='bbox 3513 3710 3719 3766; x_wconf 88' lang='lat' dir='ltr'>Junior</span> <span class='ocrx_word' id='word_1_611' title='bbox 3743 3710 3856 3781; x_wconf 87' lang='lat' dir='ltr'>Cpo-</span> 
     </span>
    </p>
   </div>
   <div class='ocr_carea' id='block_1_86' title="bbox 2272 3790 3860 3872">
    <p class='ocr_par' dir='ltr' id='par_1_86' title="bbox 2272 3790 3860 3872">
     <span class='ocr_line' id='line_1_86' title="bbox 2272 3790 3860 3872; baseline 0.004 -27"><span class='ocrx_word' id='word_1_612' title='bbox 2272 3790 2351 3845; x_wconf 93' lang='lat' dir='ltr'>im</span> <span class='ocrx_word' id='word_1_613' title='bbox 2385 3792 2588 3858; x_wconf 86' lang='lat' dir='ltr'>redux,</span> <span class='ocrx_word' id='word_1_614' title='bbox 2612 3794 2825 3848; x_wconf 89' lang='lat' dir='ltr'>carceri</span> <span class='ocrx_word' id='word_1_615' title='bbox 2860 3795 3127 3867; x_wconf 89' lang='lat' dir='ltr'>traditur,</span> <span class='ocrx_word' id='word_1_616' title='bbox 3154 3796 3406 3867; x_wconf 89' lang='lat' dir='ltr'>primum</span> <span class='ocrx_word' id='word_1_617' title='bbox 3430 3798 3649 3857; x_wconf 62' lang='lat' dir='ltr'>Phiala</span> <span class='ocrx_word' id='word_1_618' title='bbox 3676 3801 3860 3872; x_wconf 88' lang='lat' dir='ltr'>aliquot</span> 
     </span>
    </p>
   </div>
   <div class='ocr_carea' id='block_1_87' title="bbox 2251 3881 3256 3955">
    <p class='ocr_par' dir='ltr' id='par_1_87' title="bbox 2251 3881 3256 3955">
     <span class='ocr_line' id='line_1_87' title="bbox 2251 3881 3256 3955; baseline 0.009 -21"><span class='ocrx_word' id='word_1_619' title='bbox 2251 3881 2393 3948; x_wconf 89' lang='lat' dir='ltr'>dies,</span> <span class='ocrx_word' id='word_1_620' title='bbox 2430 3883 2638 3940; x_wconf 89' lang='lat' dir='ltr'>deinde</span> <span class='ocrx_word' id='word_1_621' title='bbox 2668 3886 2938 3955; x_wconf 83' lang='lat' dir='ltr'>praetorii,</span> <span class='ocrx_word' id='word_1_622' title='bbox 2974 3903 3134 3942; x_wconf 89' lang='lat' dir='ltr'>num.</span> <span class='ocrx_word' id='word_1_623' title='bbox 3165 3888 3256 3943; x_wconf 81' lang='lat'>25.</span> 
     </span>
    </p>
   </div>
   <div class='ocr_carea' id='block_1_88' title="bbox 2320 3980 3861 4061">
    <p class='ocr_par' dir='ltr' id='par_1_88' title="bbox 2320 3980 3861 4061">
     <span class='ocr_line' id='line_1_88' title="bbox 2320 3980 3861 4061; baseline 0.006 -26"><span class='ocrx_word' id='word_1_624' title='bbox 2320 3980 2535 4037; x_wconf 81' lang='lat' dir='ltr'>Eodem</span> <span class='ocrx_word' id='word_1_625' title='bbox 2570 3999 2719 4039; x_wconf 87' lang='lat' dir='ltr'>anno</span> <span class='ocrx_word' id='word_1_626' title='bbox 2751 3984 3150 4057; x_wconf 86' lang='lat' dir='ltr'>Copronymus</span> <span class='ocrx_word' id='word_1_627' title='bbox 3194 4004 3397 4045; x_wconf 89' lang='lat' dir='ltr'>omnes</span> <span class='ocrx_word' id='word_1_628' title='bbox 3429 3989 3700 4047; x_wconf 88' lang='lat' dir='ltr'>subditos</span> <span class='ocrx_word' id='word_1_629' title='bbox 3730 3990 3861 4061; x_wconf 81' lang='lat' dir='ltr'>jura-</span> 
     </span>
    </p>
   </div>
   <div class='ocr_carea' id='block_1_89' title="bbox 2250 4075 3861 4150">
    <p class='ocr_par' dir='ltr' id='par_1_89' title="bbox 2250 4075 3861 4150">
     <span class='ocr_line' id='line_1_89' title="bbox 2250 4075 3861 4150; baseline 0.006 -25"><span class='ocrx_word' id='word_1_630' title='bbox 2250 4075 2508 4126; x_wconf 89' lang='lat' dir='ltr'>mentum</span> <span class='ocrx_word' id='word_1_631' title='bbox 2541 4078 2812 4144; x_wconf 71' lang='lat' dir='ltr'>praestare</span> <span class='ocrx_word' id='word_1_632' title='bbox 2834 4075 3025 4145; x_wconf 89' lang='lat' dir='ltr'>jubet,</span> <span class='ocrx_word' id='word_1_633' title='bbox 3049 4092 3111 4131; x_wconf 92' lang='lat' dir='ltr'>se</span> <span class='ocrx_word' id='word_1_634' title='bbox 3132 4077 3488 4150; x_wconf 89' lang='lat' dir='ltr'>imaginibus</span> <span class='ocrx_word' id='word_1_635' title='bbox 3511 4082 3693 4137; x_wconf 89' lang='lat' dir='ltr'>sacris</span> <span class='ocrx_word' id='word_1_636' title='bbox 3720 4093 3861 4137; x_wconf 87' lang='lat' dir='ltr'>vene-</span> 
     </span>
    </p>
   </div>
   <div class='ocr_carea' id='block_1_90' title="bbox 2249 4161 3428 4236">
    <p class='ocr_par' dir='ltr' id='par_1_90' title="bbox 2249 4161 3428 4236">
     <span class='ocr_line' id='line_1_90' title="bbox 2249 4161 3428 4236; baseline 0.012 -23"><span class='ocrx_word' id='word_1_637' title='bbox 2249 4161 2532 4216; x_wconf 88' lang='lat' dir='ltr'>rationem</span> <span class='ocrx_word' id='word_1_638' title='bbox 2567 4179 2685 4218; x_wconf 91' lang='lat' dir='ltr'>non</span> <span class='ocrx_word' id='word_1_639' title='bbox 2716 4163 3104 4236; x_wconf 88' lang='lat' dir='ltr'>exhibituros,</span> <span class='ocrx_word' id='word_1_640' title='bbox 3141 4184 3305 4223; x_wconf 92' lang='lat' dir='ltr'>num.</span> <span class='ocrx_word' id='word_1_641' title='bbox 3344 4169 3428 4227; x_wconf 81' lang='lat'>12.</span> 
     </span>
    </p>
   </div>
   <div class='ocr_carea' id='block_1_91' title="bbox 2322 4260 3863 4336">
    <p class='ocr_par' dir='ltr' id='par_1_91' title="bbox 2322 4260 3863 4336">
     <span class='ocr_line' id='line_1_91' title="bbox 2322 4260 3863 4336; baseline 0.005 -24"><span class='ocrx_word' id='word_1_642' title='bbox 2322 4260 2481 4314; x_wconf 74' lang='lat' dir='ltr'>Anno</span> <span class='ocrx_word' id='word_1_643' title='bbox 2497 4261 2601 4314; x_wconf 91' lang='lat'>767</span> <span class='ocrx_word' id='word_1_644' title='bbox 2620 4260 3021 4333; x_wconf 81' lang='lat' dir='ltr'>Copronymus</span> <span class='ocrx_word' id='word_1_645' title='bbox 3044 4266 3346 4336; x_wconf 70' lang='lat' dir='ltr'>praefectos</span> <span class='ocrx_word' id='word_1_646' title='bbox 3368 4268 3795 4325; x_wconf 89' lang='lat' dir='ltr'>crudelissimos</span> <span class='ocrx_word' id='word_1_647' title='bbox 3810 4266 3863 4323; x_wconf 87' lang='lat' dir='ltr'>ad</span> 
     </span>
    </p>
   </div>
   <div class='ocr_carea' id='block_1_92' title="bbox 2250 4347 3133 4419">
    <p class='ocr_par' dir='ltr' id='par_1_92' title="bbox 2250 4347 3133 4419">
     <span class='ocr_line' id='line_1_92' title="bbox 2250 4347 3133 4419; baseline 0.009 -21"><span class='ocrx_word' id='word_1_648' title='bbox 2250 4347 2576 4416; x_wconf 87' lang='lat' dir='ltr'>provincias</span> <span class='ocrx_word' id='word_1_649' title='bbox 2612 4350 2809 4419; x_wconf 88' lang='lat' dir='ltr'>mittit,</span> <span class='ocrx_word' id='word_1_650' title='bbox 2844 4369 3009 4407; x_wconf 90' lang='lat' dir='ltr'>num.</span> <span class='ocrx_word' id='word_1_651' title='bbox 3048 4356 3133 4408; x_wconf 85' lang='lat'>12.</span> 
     </span>
    </p>
   </div>
   <div class='ocr_carea' id='block_1_93' title="bbox 2321 4446 3866 4525">
    <p class='ocr_par' dir='ltr' id='par_1_93' title="bbox 2321 4446 3866 4525">
     <span class='ocr_line' id='line_1_93' title="bbox 2321 4446 3866 4525; baseline 0.006 -25"><span class='ocrx_word' id='word_1_652' title='bbox 2321 4446 2533 4503; x_wconf 89' lang='lat' dir='ltr'>Eodem</span> <span class='ocrx_word' id='word_1_653' title='bbox 2568 4466 2740 4515; x_wconf 91' lang='lat' dir='ltr'>anno,</span> <span class='ocrx_word' id='word_1_654' title='bbox 2762 4468 2875 4505; x_wconf 85' lang='lat' dir='ltr'>xvu</span> <span class='ocrx_word' id='word_1_655' title='bbox 2898 4452 3083 4508; x_wconf 87' lang='lat' dir='ltr'>Martii</span> <span class='ocrx_word' id='word_1_656' title='bbox 3116 4453 3309 4525; x_wconf 88' lang='lat' dir='ltr'>passio</span> <span class='ocrx_word' id='word_1_657' title='bbox 3341 4456 3399 4511; x_wconf 91' lang='lat' dir='ltr'>S.</span> <span class='ocrx_word' id='word_1_658' title='bbox 3425 4455 3591 4513; x_wconf 89' lang='lat' dir='ltr'>Pauli</span> <span class='ocrx_word' id='word_1_659' title='bbox 3624 4456 3866 4515; x_wconf 86' lang='lat' dir='ltr'>monachi</span> 
     </span>
    </p>
   </div>
   <div class='ocr_carea' id='block_1_94' title="bbox 500 4535 2140 4625">
    <p class='ocr_par' dir='ltr' id='par_1_94' title="bbox 500 4546 2136 4625">
     <span class='ocr_line' id='line_1_94' title="bbox 500 4546 2136 4625; baseline -0.004 -16"><span class='ocrx_word' id='word_1_660' title='bbox 500 4553 757 4625; x_wconf 82' lang='lat' dir='ltr'>martyrii</span> <span class='ocrx_word' id='word_1_661' title='bbox 818 4567 1093 4607; x_wconf 90' lang='lat' dir='ltr'>coronam</span> <span class='ocrx_word' id='word_1_662' title='bbox 1153 4547 1372 4618; x_wconf 84' lang='lat' dir='ltr'>accepit</span> <span class='ocrx_word' id='word_1_663' title='bbox 1401 4548 1571 4618; x_wconf 88' lang='lat'>(106.)</span> <span class='ocrx_word' id='word_1_664' title='bbox 1603 4546 1746 4601; x_wconf 91' lang='lat' dir='ltr'>Cum</span> <span class='ocrx_word' id='word_1_665' title='bbox 1780 4547 1935 4601; x_wconf 89' lang='lat' dir='ltr'>enim</span> <span class='ocrx_word' id='word_1_666' title='bbox 1985 4565 2136 4602; x_wconf 87' lang='lat' dir='ltr'>anno</span> 
     </span>
    </p>
   </div>
   <div class='ocr_carea' id='block_1_95' title="bbox 2255 4535 3867 4625">
    <p class='ocr_par' dir='ltr' id='par_1_95' title="bbox 2255 4535 3867 4619">
     <span class='ocr_line' id='line_1_95' title="bbox 2255 4535 3867 4619; baseline 0.007 -31"><span class='ocrx_word' id='word_1_667' title='bbox 2255 4536 2309 4589; x_wconf 93' lang='lat' dir='ltr'>in</span> <span class='ocrx_word' id='word_1_668' title='bbox 2343 4535 2529 4607; x_wconf 89' lang='lat' dir='ltr'>Creta,</span> <span class='ocrx_word' id='word_1_669' title='bbox 2553 4538 2663 4593; x_wconf 90' lang='lat' dir='ltr'>sub</span> <span class='ocrx_word' id='word_1_670' title='bbox 2685 4539 3036 4611; x_wconf 90' lang='lat' dir='ltr'>Theophane</span> <span class='ocrx_word' id='word_1_671' title='bbox 3065 4543 3373 4615; x_wconf 81' lang='lat' dir='ltr'>Lardotyro</span> <span class='ocrx_word' id='word_1_672' title='bbox 3395 4546 3597 4602; x_wconf 76' lang='lat' dir='ltr'>insulas</span> <span class='ocrx_word' id='word_1_673' title='bbox 3628 4549 3867 4619; x_wconf 71' lang='lat' dir='ltr'>praefecto</span> 
     </span>
    </p>
   </div>
   <div class='ocr_carea' id='block_1_96' title="bbox 495 4636 2137 4706">
    <p class='ocr_par' dir='ltr' id='par_1_96' title="bbox 495 4636 2137 4706">
     <span class='ocr_line' id='line_1_96' title="bbox 495 4636 2137 4706; baseline -0.003 -12"><span class='ocrx_word' id='word_1_674' title='bbox 495 4643 601 4698; x_wconf 87' lang='lat'>715</span> <span class='ocrx_word' id='word_1_675' title='bbox 631 4642 700 4697; x_wconf 89' lang='lat' dir='ltr'>sit</span> <span class='ocrx_word' id='word_1_676' title='bbox 732 4641 789 4696; x_wconf 92' lang='lat' dir='ltr'>in</span> <span class='ocrx_word' id='word_1_677' title='bbox 821 4641 1011 4695; x_wconf 88' lang='lat' dir='ltr'>lucem</span> <span class='ocrx_word' id='word_1_678' title='bbox 1046 4639 1257 4705; x_wconf 89' lang='lat' dir='ltr'>editus,</span> <span class='ocrx_word' id='word_1_679' title='bbox 1292 4641 1447 4706; x_wconf 87' lang='lat' dir='ltr'>patet</span> <span class='ocrx_word' id='word_1_680' title='bbox 1478 4652 1610 4690; x_wconf 91' lang='lat' dir='ltr'>eum</span> <span class='ocrx_word' id='word_1_681' title='bbox 1644 4636 1797 4690; x_wconf 89' lang='lat' dir='ltr'>dicto</span> <span class='ocrx_word' id='word_1_682' title='bbox 1829 4653 1979 4691; x_wconf 89' lang='lat' dir='ltr'>anno</span> <span class='ocrx_word' id='word_1_683' title='bbox 2008 4638 2137 4705; x_wconf 82' lang='lat'>767,</span> 
     </span>
    </p>
   </div>
   <div class='ocr_carea' id='block_1_97' title="bbox 494 4725 2138 4797">
    <p class='ocr_par' dir='ltr' id='par_1_97' title="bbox 494 4725 2138 4797">
     <span class='ocr_line' id='line_1_97' title="bbox 494 4725 2138 4797; baseline -0.004 -9"><span class='ocrx_word' id='word_1_684' title='bbox 494 4748 712 4788; x_wconf 90' lang='lat' dir='ltr'>annum</span> <span class='ocrx_word' id='word_1_685' title='bbox 747 4728 933 4785; x_wconf 63' lang='lat' dir='ltr'>aetatis</span> <span class='ocrx_word' id='word_1_686' title='bbox 963 4729 1032 4782; x_wconf 90' lang='lat'>53</span> <span class='ocrx_word' id='word_1_687' title='bbox 1059 4743 1187 4783; x_wconf 86' lang='lat' dir='ltr'>esse</span> <span class='ocrx_word' id='word_1_688' title='bbox 1218 4726 1570 4797; x_wconf 88' lang='lat' dir='ltr'>ingressum.</span> <span class='ocrx_word' id='word_1_689' title='bbox 1596 4731 1792 4791; x_wconf 89' lang='lat' dir='ltr'>Porro,</span> <span class='ocrx_word' id='word_1_690' title='bbox 1826 4725 1875 4780; x_wconf 89' lang='lat' dir='ltr'>si</span> <span class='ocrx_word' id='word_1_691' title='bbox 1907 4740 2138 4781; x_wconf 89' lang='lat' dir='ltr'>menses</span> 
     </span>
    </p>
   </div>
   <div class='ocr_carea' id='block_1_98' title="bbox 566 4889 1683 4965">
    <p class='ocr_par' dir='ltr' id='par_1_98' title="bbox 566 4889 1683 4965">
     <span class='ocr_line' id='line_1_98' title="bbox 566 4889 1683 4965; baseline -0.007 -15"><span class='ocrx_word' id='word_1_692' title='bbox 566 4894 679 4965; x_wconf 90' lang='lat'>(90)</span> <span class='ocrx_word' id='word_1_693' title='bbox 710 4893 988 4950; x_wconf 86' lang='lat' dir='ltr'>Analecta</span> <span class='ocrx_word' id='word_1_694' title='bbox 1020 4907 1220 4965; x_wconf 71' lang='lat' dir='ltr'>graeca,</span> <span class='ocrx_word' id='word_1_695' title='bbox 1256 4907 1311 4965; x_wconf 86' lang='lat' dir='ltr'>p.</span> <span class='ocrx_word' id='word_1_696' title='bbox 1341 4891 1452 4965; x_wconf 26' lang='lat' dir='ltr'>403A</span> <span class='ocrx_word' id='word_1_697' title='bbox 1475 4894 1530 4945; x_wconf 91' lang='lat' dir='ltr'>et</span> <span class='ocrx_word' id='word_1_698' title='bbox 1561 4889 1683 4965; x_wconf 78' lang='lat'>404.</span> 
     </span>
    </p>
   </div>
   <div class='ocr_carea' id='block_1_99' title="bbox 564 4961 2132 5038">
    <p class='ocr_par' dir='ltr' id='par_1_99' title="bbox 564 4961 2132 5038">
     <span class='ocr_line' id='line_1_99' title="bbox 564 4961 2132 5038; baseline -0.003 -19"><span class='ocrx_word' id='word_1_699' title='bbox 564 4961 678 5038; x_wconf 84' lang='lat'>(91)</span> <span class='ocrx_word' id='word_1_700' title='bbox 711 4968 919 5035; x_wconf 84' lang='lat' dir='ltr'>Pagius</span> <span class='ocrx_word' id='word_1_701' title='bbox 950 4961 1145 5019; x_wconf 13' lang='lat' dir='ltr'>adian.</span> <span class='ocrx_word' id='word_1_702' title='bbox 1174 4964 1301 5038; x_wconf 78' lang='lat'>714,</span> <span class='ocrx_word' id='word_1_703' title='bbox 1338 4963 1547 5038; x_wconf 18' lang='lat' dir='ltr'>n.‘3_et</span> <span class='ocrx_word' id='word_1_704' title='bbox 1577 4961 1649 5016; x_wconf 89' lang='lat' dir='ltr'>ad</span> <span class='ocrx_word' id='word_1_705' title='bbox 1685 4978 1780 5016; x_wconf 90' lang='lat' dir='ltr'>an.</span> <span class='ocrx_word' id='word_1_706' title='bbox 1812 4962 1938 5029; x_wconf 89' lang='lat'>766,</span> <span class='ocrx_word' id='word_1_707' title='bbox 1973 4978 2029 5018; x_wconf 90' lang='lat' dir='ltr'>n.</span> <span class='ocrx_word' id='word_1_708' title='bbox 2062 4963 2132 5032; x_wconf 82' lang='lat'><strong>2;</strong></span> 
     </span>
    </p>
   </div>
   <div class='ocr_carea' id='block_1_100' title="bbox 492 5034 1510 5105">
    <p class='ocr_par' dir='ltr' id='par_1_100' title="bbox 492 5034 1510 5105">
     <span class='ocr_line' id='line_1_100' title="bbox 492 5034 1510 5105; baseline -0.008 -12"><span class='ocrx_word' id='word_1_709' title='bbox 492 5034 586 5093; x_wconf 74' lang='lat' dir='ltr'>Ct&#39;r</span> <span class='ocrx_word' id='word_1_710' title='bbox 619 5034 894 5094; x_wconf 78' lang='lat' dir='ltr'>Analecta</span> <span class='ocrx_word' id='word_1_711' title='bbox 924 5038 1043 5099; x_wconf 89' lang='lat' dir='ltr'>Gr.,</span> <span class='ocrx_word' id='word_1_712' title='bbox 1080 5052 1135 5105; x_wconf 92' lang='lat' dir='ltr'>p.</span> <span class='ocrx_word' id='word_1_713' title='bbox 1170 5036 1273 5088; x_wconf 66' lang='lat'>403</span> <span class='ocrx_word' id='word_1_714' title='bbox 1302 5039 1358 5087; x_wconf 87' lang='lat' dir='ltr'>et</span> <span class='ocrx_word' id='word_1_715' title='bbox 1388 5034 1510 5087; x_wconf 91' lang='lat'>406.</span> 
     </span>
    </p>
   </div>
   <div class='ocr_carea' id='block_1_101' title="bbox 564 5106 1598 5181">
    <p class='ocr_par' dir='ltr' id='par_1_101' title="bbox 564 5106 1598 5181">
     <span class='ocr_line' id='line_1_101' title="bbox 564 5106 1598 5181; baseline -0.006 -19"><span class='ocrx_word' id='word_1_716' title='bbox 564 5112 675 5181; x_wconf 80' lang='lat'>(9&#39;2)</span> <span class='ocrx_word' id='word_1_717' title='bbox 709 5108 1135 5181; x_wconf 85' lang='lat' dir='ltr'>AnalectaGr.,</span> <span class='ocrx_word' id='word_1_718' title='bbox 1169 5123 1223 5181; x_wconf 90' lang='lat' dir='ltr'>p.</span> <span class='ocrx_word' id='word_1_719' title='bbox 1255 5106 1453 5181; x_wconf 26' lang='lat' dir='ltr'>4‘23_et‘</span> <span class='ocrx_word' id='word_1_720' title='bbox 1477 5121 1598 5181; x_wconf 70' lang='lat' dir='ltr'>seq.</span> 
     </span>
    </p>
   </div>
   <div class='ocr_carea' id='block_1_102' title="bbox 561 5175 2131 5306">
    <p class='ocr_par' dir='ltr' id='par_1_102' title="bbox 561 5175 2131 5306">
     <span class='ocr_line' id='line_1_102' title="bbox 561 5175 2131 5306; baseline -0.004 -69"><span class='ocrx_word' id='word_1_721' title='bbox 561 5175 678 5306; x_wconf 53' lang='grc'>(93)</span> <span class='ocrx_word' id='word_1_722' title='bbox 712 5181 969 5253; x_wconf 87' lang='lat' dir='ltr'>Theopb.</span> <span class='ocrx_word' id='word_1_723' title='bbox 997 5180 1101 5234; x_wconf 93' lang='lat' dir='ltr'>loc.</span> <span class='ocrx_word' id='word_1_724' title='bbox 1132 5180 1253 5243; x_wconf 89' lang='lat' dir='ltr'>cit.,</span> <span class='ocrx_word' id='word_1_725' title='bbox 1280 5176 1481 5248; x_wconf 84' lang='lat' dir='ltr'>p.659.</span> <span class='ocrx_word' id='word_1_726' title='bbox 1509 5175 1719 5247; x_wconf 87' lang='lat' dir='ltr'>Pagius</span> <span class='ocrx_word' id='word_1_727' title='bbox 1745 5177 1814 5232; x_wconf 91' lang='lat' dir='ltr'>ad</span> <span class='ocrx_word' id='word_1_728' title='bbox 1847 5192 1983 5231; x_wconf 91' lang='lat' dir='ltr'>ann.</span> <span class='ocrx_word' id='word_1_729' title='bbox 2008 5177 2131 5245; x_wconf 87' lang='lat'>754,</span> 
     </span>
    </p>
   </div>
   <div class='ocr_carea' id='block_1_103' title="bbox 493 5256 676 5307">
    <p class='ocr_par' dir='ltr' id='par_1_103' title="bbox 493 5256 676 5307">
     <span class='ocr_line' id='line_1_103' title="bbox 493 5256 676 5307; baseline -0.005 0"><span class='ocrx_word' id='word_1_730' title='bbox 493 5269 551 5307; x_wconf 92' lang='lat' dir='ltr'>n.</span> <span class='ocrx_word' id='word_1_731' title='bbox 588 5256 676 5307; x_wconf 92' lang='grc'>10.</span> 
     </span>
    </p>
   </div>
   <div class='ocr_carea' id='block_1_104' title="bbox 563 5321 1235 5395">
    <p class='ocr_par' dir='ltr' id='par_1_104' title="bbox 563 5321 1235 5395">
     <span class='ocr_line' id='line_1_104' title="bbox 563 5321 1235 5395; baseline -0.004 -19"><span class='ocrx_word' id='word_1_732' title='bbox 563 5324 671 5393; x_wconf 88' lang='grc'>(94)</span> <span class='ocrx_word' id='word_1_733' title='bbox 705 5323 991 5395; x_wconf 87' lang='lat' dir='ltr'>Theoph.,</span> <span class='ocrx_word' id='word_1_734' title='bbox 1028 5340 1079 5395; x_wconf 85' lang='lat' dir='ltr'>p.</span> <span class='ocrx_word' id='word_1_735' title='bbox 1108 5321 1235 5375; x_wconf 90' lang='lat'>683.</span> 
     </span>
    </p>
   </div>
   <div class='ocr_carea' id='block_1_105' title="bbox 564 5392 1599 5464">
    <p class='ocr_par' dir='ltr' id='par_1_105' title="bbox 564 5392 1599 5464">
     <span class='ocr_line' id='line_1_105' title="bbox 564 5392 1599 5464; baseline -0.002 -17"><span class='ocrx_word' id='word_1_736' title='bbox 564 5396 675 5462; x_wconf 85' lang='lat'>(95)</span> <span class='ocrx_word' id='word_1_737' title='bbox 712 5392 983 5451; x_wconf 79' lang='lat' dir='ltr'>Analecta</span> <span class='ocrx_word' id='word_1_738' title='bbox 1013 5394 1134 5461; x_wconf 89' lang='lat' dir='ltr'>Gr.,</span> <span class='ocrx_word' id='word_1_739' title='bbox 1170 5411 1222 5464; x_wconf 92' lang='lat' dir='ltr'>p.</span> <span class='ocrx_word' id='word_1_740' title='bbox 1256 5393 1357 5446; x_wconf 89' lang='lat'>457</span> <span class='ocrx_word' id='word_1_741' title='bbox 1390 5396 1446 5447; x_wconf 91' lang='lat' dir='ltr'>et</span> <span class='ocrx_word' id='word_1_742' title='bbox 1478 5392 1599 5445; x_wconf 87' lang='lat'>477.</span> 
     </span>
    </p>
   </div>
   <div class='ocr_carea' id='block_1_106' title="bbox 564 5466 1118 5536">
    <p class='ocr_par' dir='ltr' id='par_1_106' title="bbox 564 5466 1118 5536">
     <span class='ocr_line' id='line_1_106' title="bbox 564 5466 1118 5536; baseline 0.002 -19"><span class='ocrx_word' id='word_1_743' title='bbox 564 5467 671 5529; x_wconf 88' lang='grc'>(96)</span> <span class='ocrx_word' id='word_1_744' title='bbox 708 5466 870 5533; x_wconf 51' lang='grc'>111111,</span> <span class='ocrx_word' id='word_1_745' title='bbox 908 5484 962 5536; x_wconf 79' lang='grc' dir='ltr'>ρ.</span> <span class='ocrx_word' id='word_1_746' title='bbox 992 5466 1118 5519; x_wconf 87' lang='grc'>460.</span> 
     </span>
    </p>
   </div>
   <div class='ocr_carea' id='block_1_107' title="bbox 564 5535 1703 5606">
    <p class='ocr_par' dir='ltr' id='par_1_107' title="bbox 564 5535 1703 5606">
     <span class='ocr_line' id='line_1_107' title="bbox 564 5535 1703 5606; baseline -0.002 -17"><span class='ocrx_word' id='word_1_747' title='bbox 564 5535 950 5606; x_wconf 72' lang='grc' dir='ltr'>(97)’1“1166ι)11.</span> <span class='ocrx_word' id='word_1_748' title='bbox 985 5537 1093 5590; x_wconf 92' lang='lat' dir='ltr'>loc.</span> <span class='ocrx_word' id='word_1_749' title='bbox 1129 5535 1245 5597; x_wconf 90' lang='lat' dir='ltr'>cit.,</span> <span class='ocrx_word' id='word_1_750' title='bbox 1278 5552 1331 5594; x_wconf 79' lang='grc' dir='ltr'>ι).</span> <span class='ocrx_word' id='word_1_751' title='bbox 1365 5535 1467 5587; x_wconf 83' lang='lat'>667</span> <span class='ocrx_word' id='word_1_752' title='bbox 1501 5538 1555 5590; x_wconf 88' lang='lat' dir='ltr'>et</span> <span class='ocrx_word' id='word_1_753' title='bbox 1586 5551 1703 5604; x_wconf 77' lang='lat' dir='ltr'>seq.</span> 
     </span>
    </p>
   </div>
   <div class='ocr_carea' id='block_1_108' title="bbox 562 5606 1386 5676">
    <p class='ocr_par' dir='ltr' id='par_1_108' title="bbox 562 5606 1386 5676">
     <span class='ocr_line' id='line_1_108' title="bbox 562 5606 1386 5676; baseline 0.001 -17"><span class='ocrx_word' id='word_1_754' title='bbox 562 5608 681 5672; x_wconf 76' lang='lat'>(98)</span> <span class='ocrx_word' id='word_1_755' title='bbox 715 5607 987 5660; x_wconf 83' lang='lat' dir='ltr'>Analecta</span> <span class='ocrx_word' id='word_1_756' title='bbox 1019 5608 1134 5669; x_wconf 87' lang='lat' dir='ltr'>Gr.,</span> <span class='ocrx_word' id='word_1_757' title='bbox 1172 5624 1225 5676; x_wconf 86' lang='lat' dir='ltr'>p.</span> <span class='ocrx_word' id='word_1_758' title='bbox 1261 5606 1386 5660; x_wconf 78' lang='lat' dir='ltr'>47E.</span> 
     </span>
    </p>
   </div>
   <div class='ocr_carea' id='block_1_109' title="bbox 566 5677 1122 5749">
    <p class='ocr_par' dir='ltr' id='par_1_109' title="bbox 566 5677 1122 5749">
     <span class='ocr_line' id='line_1_109' title="bbox 566 5677 1122 5749; baseline 0.005 -20"><span class='ocrx_word' id='word_1_759' title='bbox 566 5677 673 5748; x_wconf 77' lang='grc'>(99)</span> <span class='ocrx_word' id='word_1_760' title='bbox 706 5679 875 5746; x_wconf 88' lang='lat' dir='ltr'>lbid.,</span> <span class='ocrx_word' id='word_1_761' title='bbox 910 5696 965 5749; x_wconf 74' lang='grc' dir='ltr'>ρ.</span> <span class='ocrx_word' id='word_1_762' title='bbox 1002 5678 1122 5732; x_wconf 83' lang='grc'>476.</span> 
     </span>
    </p>
   </div>
   <div class='ocr_carea' id='block_1_110' title="bbox 2250 4628 2537 4682">
    <p class='ocr_par' dir='ltr' id='par_1_110' title="bbox 2250 4628 2537 4682">
     <span class='ocr_line' id='line_1_110' title="bbox 2250 4628 2537 4682; baseline 0.003 -3"><span class='ocrx_word' id='word_1_763' title='bbox 2250 4641 2413 4682; x_wconf 85' lang='lat' dir='ltr'>num.</span> <span class='ocrx_word' id='word_1_764' title='bbox 2451 4628 2537 4681; x_wconf 86' lang='lat'>12.</span> 
     </span>
    </p>
   </div>
   <div class='ocr_carea' id='block_1_111' title="bbox 2318 4725 3865 4804">
    <p class='ocr_par' dir='ltr' id='par_1_111' title="bbox 2318 4725 3865 4804">
     <span class='ocr_line' id='line_1_111' title="bbox 2318 4725 3865 4804; baseline 0.007 -24"><span class='ocrx_word' id='word_1_765' title='bbox 2318 4725 2530 4781; x_wconf 86' lang='lat' dir='ltr'>Eodem</span> <span class='ocrx_word' id='word_1_766' title='bbox 2583 4744 2758 4797; x_wconf 87' lang='lat' dir='ltr'>anno,</span> <span class='ocrx_word' id='word_1_767' title='bbox 2807 4746 2899 4784; x_wconf 78' lang='lat' dir='ltr'>xvr</span> <span class='ocrx_word' id='word_1_768' title='bbox 2946 4732 3182 4804; x_wconf 87' lang='lat' dir='ltr'>Aprilis,</span> <span class='ocrx_word' id='word_1_769' title='bbox 3233 4733 3526 4792; x_wconf 85' lang='lat' dir='ltr'>invaditur</span> <span class='ocrx_word' id='word_1_770' title='bbox 3588 4739 3865 4793; x_wconf 89' lang='lat' dir='ltr'>monaste-</span> 
     </span>
    </p>
   </div>
   <div class='ocr_carea' id='block_1_112' title="bbox 2314 4890 2660 4959">
    <p class='ocr_par' dir='ltr' id='par_1_112' title="bbox 2314 4890 2660 4959">
     <span class='ocr_line' id='line_1_112' title="bbox 2314 4890 2660 4959; baseline 0.006 -17"><span class='ocrx_word' id='word_1_771' title='bbox 2314 4890 2460 4959; x_wconf 91' lang='grc'>(166)</span> <span class='ocrx_word' id='word_1_772' title='bbox 2489 4891 2660 4957; x_wconf 87' lang='lat' dir='ltr'>Ibid.,</span> 
     </span>
    </p>
   </div>
   <div class='ocr_carea' id='block_1_113' title="bbox 2318 4893 2911 5029">
    <p class='ocr_par' dir='ltr' id='par_1_113' title="bbox 2318 4893 2911 5029">
     <span class='ocr_line' id='line_1_113' title="bbox 2318 4893 2911 5029; baseline 0.01 -87"><span class='ocrx_word' id='word_1_773' title='bbox 2318 4893 2660 5029; x_wconf 57' lang='lat' dir='ltr'>(100)1bid.,</span> <span class='ocrx_word' id='word_1_774' title='bbox 2694 4909 2748 4962; x_wconf 90' lang='lat' dir='ltr'>p.</span> <span class='ocrx_word' id='word_1_775' title='bbox 2784 4893 2911 4948; x_wconf 88' lang='lat'>483.</span> 
     </span>
     <span class='ocr_line' id='line_1_114' title="bbox 2318 4962 2911 5029; baseline 0.008 -16"><span class='ocrx_word' id='word_1_776' title='bbox 2318 4962 2431 5027; x_wconf 88' lang='grc'>(161</span> <span class='ocrx_word' id='word_1_777' title='bbox 2499 4963 2665 5029; x_wconf 88' lang='lat' dir='ltr'>lbid.,</span> <span class='ocrx_word' id='word_1_778' title='bbox 2699 4980 2754 5029; x_wconf 90' lang='lat' dir='ltr'>p.</span> <span class='ocrx_word' id='word_1_779' title='bbox 2791 4965 2911 5019; x_wconf 86' lang='lat'>486.</span> 
     </span>
    </p>
   </div>
   <div class='ocr_carea' id='block_1_114' title="bbox 2699 4965 2914 5034">
    <p class='ocr_par' dir='ltr' id='par_1_114' title="bbox 2699 4965 2914 5034">
     <span class='ocr_line' id='line_1_115' title="bbox 2699 4965 2914 5034; baseline 0.009 -17"><span class='ocrx_word' id='word_1_780' title='bbox 2699 4980 2754 5034; x_wconf 91' lang='lat' dir='ltr'>p.</span> <span class='ocrx_word' id='word_1_781' title='bbox 2791 4965 2914 5019; x_wconf 88' lang='lat'>486.</span> 
     </span>
    </p>
   </div>
   <div class='ocr_carea' id='block_1_115' title="bbox 2317 5034 2904 5106">
    <p class='ocr_par' dir='ltr' id='par_1_115' title="bbox 2317 5034 2904 5106">
     <span class='ocr_line' id='line_1_116' title="bbox 2317 5034 2904 5106; baseline 0.009 -22"><span class='ocrx_word' id='word_1_782' title='bbox 2317 5035 2465 5106; x_wconf 79' lang='grc'>(102)</span> <span class='ocrx_word' id='word_1_783' title='bbox 2496 5034 2660 5106; x_wconf 62' lang='lat' dir='ltr'>una,</span> <span class='ocrx_word' id='word_1_784' title='bbox 2696 5037 2904 5106; x_wconf 84' lang='lat' dir='ltr'>p.495.</span> 
     </span>
    </p>
   </div>
   <div class='ocr_carea' id='block_1_116' title="bbox 2316 5103 2916 5176">
    <p class='ocr_par' dir='ltr' id='par_1_116' title="bbox 2316 5103 2916 5176">
     <span class='ocr_line' id='line_1_117' title="bbox 2316 5103 2916 5176; baseline 0.008 -20"><span class='ocrx_word' id='word_1_785' title='bbox 2316 5103 2464 5173; x_wconf 78' lang='grc'>(103)</span> <span class='ocrx_word' id='word_1_786' title='bbox 2501 5105 2670 5171; x_wconf 86' lang='lat' dir='ltr'>Ibid.,</span> <span class='ocrx_word' id='word_1_787' title='bbox 2697 5103 2758 5176; x_wconf 71' lang='lat' dir='ltr'>‘p.</span> <span class='ocrx_word' id='word_1_788' title='bbox 2794 5109 2916 5161; x_wconf 87' lang='grc'>495.</span> 
     </span>
    </p>
   </div>
   <div class='ocr_carea' id='block_1_117' title="bbox 2314 5176 3115 5247">
    <p class='ocr_par' dir='ltr' id='par_1_117' title="bbox 2314 5176 3115 5247">
     <span class='ocr_line' id='line_1_118' title="bbox 2314 5176 3115 5247; baseline 0.011 -19"><span class='ocrx_word' id='word_1_789' title='bbox 2314 5176 2463 5247; x_wconf 82' lang='grc'>(104)</span> <span class='ocrx_word' id='word_1_790' title='bbox 2498 5177 2668 5247; x_wconf 90' lang='lat' dir='ltr'>Ibid.,</span> <span class='ocrx_word' id='word_1_791' title='bbox 2696 5195 2749 5247; x_wconf 90' lang='lat' dir='ltr'>p.</span> <span class='ocrx_word' id='word_1_792' title='bbox 2783 5180 2886 5232; x_wconf 86' lang='grc'>499</span> <span class='ocrx_word' id='word_1_793' title='bbox 2907 5183 2963 5234; x_wconf 92' lang='lat' dir='ltr'>et</span> <span class='ocrx_word' id='word_1_794' title='bbox 2989 5180 3115 5237; x_wconf 86' lang='lat'>503.</span> 
     </span>
    </p>
   </div>
   <div class='ocr_carea' id='block_1_118' title="bbox 2318 5246 2910 5320">
    <p class='ocr_par' dir='ltr' id='par_1_118' title="bbox 2318 5246 2910 5320">
     <span class='ocr_line' id='line_1_119' title="bbox 2318 5246 2910 5320; baseline 0.008 -21"><span class='ocrx_word' id='word_1_795' title='bbox 2318 5246 2752 5320; x_wconf 72' lang='lat' dir='ltr'>(105)1bid.,p.</span> <span class='ocrx_word' id='word_1_796' title='bbox 2785 5251 2910 5305; x_wconf 76' lang='lat'>521.</span> 
     </span>
    </p>
   </div>
   <div class='ocr_carea' id='block_1_119' title="bbox 2316 5318 3380 5391">
    <p class='ocr_par' dir='ltr' id='par_1_119' title="bbox 2316 5318 3380 5391">
     <span class='ocr_line' id='line_1_120' title="bbox 2316 5318 3380 5391; baseline 0.008 -21"><span class='ocrx_word' id='word_1_797' title='bbox 2316 5318 2459 5391; x_wconf 87' lang='lat'>(106)</span> <span class='ocrx_word' id='word_1_798' title='bbox 2487 5319 2580 5374; x_wconf 80' lang='lat' dir='ltr'>Cfr</span> <span class='ocrx_word' id='word_1_799' title='bbox 2610 5318 2814 5391; x_wconf 74' lang='lat' dir='ltr'>Pagius</span> <span class='ocrx_word' id='word_1_800' title='bbox 2844 5324 2914 5377; x_wconf 92' lang='lat' dir='ltr'>ad</span> <span class='ocrx_word' id='word_1_801' title='bbox 2948 5337 3044 5377; x_wconf 89' lang='lat' dir='ltr'>an.</span> <span class='ocrx_word' id='word_1_802' title='bbox 3077 5324 3202 5391; x_wconf 89' lang='lat'>766,</span> <span class='ocrx_word' id='word_1_803' title='bbox 3238 5342 3294 5379; x_wconf 91' lang='lat' dir='ltr'>n.</span> <span class='ocrx_word' id='word_1_804' title='bbox 3330 5329 3380 5379; x_wconf 87' lang='lat'>2.</span> 
     </span>
    </p>
   </div>
   <div class='ocr_carea' id='block_1_120' title="bbox 2314 5390 2911 5461">
    <p class='ocr_par' dir='ltr' id='par_1_120' title="bbox 2314 5390 2911 5461">
     <span class='ocr_line' id='line_1_121' title="bbox 2314 5390 2911 5461; baseline 0.01 -20"><span class='ocrx_word' id='word_1_805' title='bbox 2314 5390 2459 5459; x_wconf 79' lang='lat'>(107)</span> <span class='ocrx_word' id='word_1_806' title='bbox 2496 5390 2764 5446; x_wconf 77' lang='lat' dir='ltr'>Analecta</span> <span class='ocrx_word' id='word_1_807' title='bbox 2792 5393 2911 5461; x_wconf 90' lang='lat' dir='ltr'>Gr.,</span> 
     </span>
    </p>
   </div>
   <div class='ocr_carea' id='block_1_121' title="bbox 2314 5395 3536 5530">
    <p class='ocr_par' dir='ltr' id='par_1_121' title="bbox 2314 5395 3536 5530">
     <span class='ocr_line' id='line_1_122' title="bbox 2314 5395 3536 5463; baseline 0.01 -22"><span class='ocrx_word' id='word_1_808' title='bbox 2314 5395 2459 5459; x_wconf 81' lang='lat'>(107)</span> <span class='ocrx_word' id='word_1_809' title='bbox 2496 5395 2764 5446; x_wconf 78' lang='lat' dir='ltr'>Analecta</span> <span class='ocrx_word' id='word_1_810' title='bbox 2792 5395 2911 5461; x_wconf 90' lang='lat' dir='ltr'>Gr.,</span> <span class='ocrx_word' id='word_1_811' title='bbox 2946 5411 2998 5463; x_wconf 92' lang='lat' dir='ltr'>p.</span> <span class='ocrx_word' id='word_1_812' title='bbox 3035 5395 3157 5461; x_wconf 88' lang='lat'>475,</span> <span class='ocrx_word' id='word_1_813' title='bbox 3194 5397 3296 5451; x_wconf 88' lang='lat'>499</span> <span class='ocrx_word' id='word_1_814' title='bbox 3324 5402 3380 5453; x_wconf 86' lang='lat' dir='ltr'>et</span> <span class='ocrx_word' id='word_1_815' title='bbox 3410 5399 3536 5453; x_wconf 90' lang='lat'>518.</span> 
     </span>
     <span class='ocr_line' id='line_1_123' title="bbox 2314 5461 3097 5530; baseline 0.011 -19"><span class='ocrx_word' id='word_1_816' title='bbox 2314 5462 2463 5530; x_wconf 84' lang='lat'>(108)</span> <span class='ocrx_word' id='word_1_817' title='bbox 2495 5461 2641 5516; x_wconf 84' lang='lat' dir='ltr'>Edit.</span> <span class='ocrx_word' id='word_1_818' title='bbox 2679 5464 2886 5525; x_wconf 90' lang='lat' dir='ltr'>Bonn.,</span> <span class='ocrx_word' id='word_1_819' title='bbox 2919 5482 2975 5530; x_wconf 88' lang='lat' dir='ltr'>p.</span> <span class='ocrx_word' id='word_1_820' title='bbox 3009 5466 3097 5520; x_wconf 88' lang='lat'>81.</span> 
     </span>
    </p>
   </div>
   <div class='ocr_carea' id='block_1_122' title="bbox 2315 5466 3157 5617">
    <p class='ocr_par' dir='ltr' id='par_1_122' title="bbox 2315 5466 3157 5617">
     <span class='ocr_line' id='line_1_124' title="bbox 2315 5466 3097 5535; baseline 0.012 -24"><span class='ocrx_word' id='word_1_821' title='bbox 2315 5466 2463 5530; x_wconf 84' lang='lat'>(108)</span> <span class='ocrx_word' id='word_1_822' title='bbox 2495 5466 2641 5516; x_wconf 78' lang='lat' dir='ltr'>Edit.</span> <span class='ocrx_word' id='word_1_823' title='bbox 2679 5466 2886 5525; x_wconf 90' lang='lat' dir='ltr'>Bonn.,</span> <span class='ocrx_word' id='word_1_824' title='bbox 2919 5482 2975 5535; x_wconf 90' lang='lat' dir='ltr'>p.</span> <span class='ocrx_word' id='word_1_825' title='bbox 3009 5466 3097 5520; x_wconf 88' lang='lat'>81.</span> 
     </span>
     <span class='ocr_line' id='line_1_125' title="bbox 2315 5531 3157 5617; baseline 0.008 -32"><span class='ocrx_word' id='word_1_826' title='bbox 2494 5531 2626 5617; x_wconf 42' lang='lat' dir='ltr'>Ixoc,</span> <span class='ocrx_word' id='word_1_827' title='bbox 2659 5535 2915 5617; x_wconf 42' lang='lat' dir='ltr'>cit.,.674</span> <span class='ocrx_word' id='word_1_828' title='bbox 2947 5538 3157 5617; x_wconf 40' lang='lat' dir='ltr'>e_t‘t_384.</span> 
     </span>
    </p>
   </div>
   <div class='ocr_carea' id='block_1_123' title="bbox 2314 5605 3370 5677">
    <p class='ocr_par' dir='ltr' id='par_1_123' title="bbox 2314 5605 3370 5677">
     <span class='ocr_line' id='line_1_126' title="bbox 2314 5605 3370 5677; baseline 0.013 -23"><span class='ocrx_word' id='word_1_829' title='bbox 2314 5605 2461 5675; x_wconf 87' lang='lat'>(110)</span> <span class='ocrx_word' id='word_1_830' title='bbox 2494 5605 2704 5677; x_wconf 87' lang='lat' dir='ltr'>Pagius</span> <span class='ocrx_word' id='word_1_831' title='bbox 2734 5608 2802 5661; x_wconf 89' lang='lat' dir='ltr'>ad</span> <span class='ocrx_word' id='word_1_832' title='bbox 2837 5624 2928 5663; x_wconf 89' lang='lat' dir='ltr'>an.</span> <span class='ocrx_word' id='word_1_833' title='bbox 2962 5610 3088 5676; x_wconf 88' lang='lat'>765,</span> <span class='ocrx_word' id='word_1_834' title='bbox 3123 5626 3281 5668; x_wconf 88' lang='lat' dir='ltr'>num.</span> <span class='ocrx_word' id='word_1_835' title='bbox 3319 5613 3370 5668; x_wconf 83' lang='lat'>1.</span> 
     </span>
    </p>
   </div>
  </div>
