4042 6222
243 328 394 392 1101

1413 324 1596 388 VITA
1638 323 1701 386 S.
1748 322 2092 384 ANDRE/E
2135 324 2211 384 IN
2256 326 2480 391 CRISI.

3492 338 3652 403 1102

235 493 387 551 rium
417 491 693 548 Pelecetss
724 489 783 544 in
815 486 952 545 Asia
983 488 1051 543 ad
1082 486 1542 560 Hellespontum,
1564 484 1895 543 aMichaele
1924 484 1982 552 Α
2007 485 2243 557 quidem
2276 489 2524 559 nonulli,
2570 494 2633 547 ut
2680 492 3007 560 Hotl‘mann,
3058 494 3241 563 Balbi,
3273 500 3406 564 etc.,
3454 498 3652 555 vicum

239 582 792 641 Lachanodraconte
821 580 971 634 Asiae
1001 577 1289 649 praefecto,
1327 593 1493 631 num.
1529 576 1616 633 13.

314 672 529 728 Eodem
567 685 739 726 anno.
772 685 812 724 ιι
872 666 1058 734 Junii,
1094 666 1288 737 passio
1347 667 1415 720 38
1474 665 1894 722 monachorum

242 762 510 834 ejusdem
581 756 943 821 monasterii,
1003 774 1038 813 a
1096 756 1650 813 Lachanodraconte
1716 770 1897 829 prope

244 850 540 921 Ephesum
574 851 739 903 terrae
764 845 915 901 mole
939 845 1299 911 obrutorum,
1336 861 1496 900 num.
1531 845 1617 899 13.

317 938 535 994 Eodem
594 953 749 992 anno
780 952 853 990 xx
895 933 1180 1003 Octobris,
1222 934 1419 1006 passio
1453 934 1506 988 S.
1541 934 1781 989 Andreas
1836 933 1897 989 in

249 1030 419 1100 Crisi,
440 1044 601 1084 num.
630 1027 717 1083 19.

317 1122 485 1176 Anno
540 1117 669 1186 771,
737 1130 835 1172 V111
896 1113 1061 1183 Julii,
1122 1114 1312 1187 passio
1372 1116 1430 1171 S.
1491 1113 1655 1170 Pauli

249 1225 417 1266 num.
448 1208 538 1263 23.

246 1299 276 1366 §
317 1296 418 1354 III.
460 1297 775 1368 Inquiritur
800 1296 862 1350 in
893 1297 1062 1350 vitam
1091 1294 1150 1350 S.
1182 1293 1446 1350 Andreae.
1489 1294 1742 1350 Actorum
1780 1292 1897 1349 loca

726 1384 997 1439 nonnulla
1028 1383 1415 1441 illustrantur.

316 1476 409 1530 27.
452 1475 510 1531 S.
545 1474 808 1529 Andreas
840 1476 1013 1528 natus
1052 1481 1138 1528 est
1167 1472 1227 1527 in
1275 1471 1467 1528 insula
1495 1474 1681 1537 Creta,
1713 1475 1779 1527 ut
1810 1476 1894 1527 te-

246 1570 482 1626 stantur
511 1567 641 1637 ejus
668 1570 807 1620 Acta
838 1569 894 1620 et
924 1564 1230 1638 synaxaria
1259 1564 1477 1632 omnia,
1506 1568 1630 1621 tum
1668 1580 1895 1634 excusa,

248 1663 376 1715 tum
435 1672 581 1712 mss.
638 1658 1005 1711 Assemanus
1063 1654 1274 1711 asserit
1322 1656 1535 1710 Mensas
1589 1654 1897 1725 impressa,

249 1763 378 1804 eum
422 1762 492 1801 ex
523 1762 642 1801 una
670 1744 901 1800 urbium
934 1745 1111 1800 Creta:
1152 1743 1470 1799 oriundum
1505 1744 1693 1799 facere
1723 1745 1896 1815 (111),

1734 1114 1895 1183 Novi,

2008 575 2483 649 Castel-priotisa
2507 587 2987 650 commemorant,
3013 600 3127 640 non
3154 586 3413 657 procula
3436 588 3655 646 Candia

2006 665 2206 733 situm,
2241 685 2273 723 a
2332 668 2463 723 rudi
2522 675 2693 741 gente
2737 670 3089 739 habitatum,
3122 679 3180 728 at
3211 677 3483 732 eumdem
3525 695 3653 735 esse

2007 772 2139 811 cum
2173 757 2295 813 loco
2327 759 2428 829 qui
2470 761 2660 817 medio
2693 778 2812 816 sevo
2842 762 3110 817 Castrum
3161 763 3482 835 dicebatur,
3506 768 3655 825 nihil

2007 852 2095 901 est
2128 848 2367 905 omnino
2426 851 2580 922 quod
2616 852 2851 919 indicet,
2899 857 2956 907 et
2988 853 3093 907 hac
3124 854 3195 908 de
3229 870 3289 909 re
3338 856 3423 910 vel
3455 860 3653 927 conje-

2007 944 2225 993 cturam
2249 938 2507 995 emittere
2533 941 2841 995 ridiculum
2874 945 3043 996 esset.
3079 944 3159 996 Ex
3188 959 3254 998 eo
3278 948 3471 1000 autem
3498 947 3654 1016 quod

2007 1026 2066 1081 S.
2110 1028 2366 1083 Andreas
2400 1033 2621 1100 martyr
2674 1030 2732 1085 in
2789 1031 2952 1085 Creta
2985 1035 3156 1086 natus
3211 1033 3449 1098 feratur,
3480 1039 3654 1091 Baro-

2005 1113 2143 1170 nius
2178 1119 2232 1171 et
2262 1116 2359 1171 alii
2400 1122 2531 1173 ante
2563 1118 2740 1187 hunc,
2774 1134 2907 1173 eum
2943 1136 3056 1175 non
3094 1120 3385 1178 immerito
3417 1124 3657 1181 Creten-

2010 1221 2128 1260 sem
2151 1211 2429 1261 vocarunt
2459 1207 2633 1278 (116),
2666 1224 2770 1263 nec
2804 1207 2932 1264 ideo
2963 1214 3116 1266 certe
3138 1227 3269 1266 cum
3308 1212 3481 1284 Pagio
3504 1214 3652 1285 (117)

2009 1293 2123 1350 dici
2174 1298 2385 1365 potest,
2417 1295 2733 1351 Baronium
2768 1302 3081 1369 martyrem
3114 1298 3271 1356 hunc
3301 1301 3373 1355 ab
3422 1303 3657 1359 Andrea

2008 1383 2301 1456 episcOpo,
2333 1385 2609 1439 similiter
2647 1387 2902 1442 Cretensi
2935 1387 3111 1457 dicto,
3146 1405 3258 1445 non
3292 1390 3654 1460 distinxisse,

2008 1489 2146 1529 nam
2178 1474 2234 1529 in
2260 1474 2669 1531 Notationibus
2703 1478 2769 1532 ad
2804 1477 3240 1551 Martyrogium,
3275 1482 3368 1537 die
3398 1499 3513 1538 xvu
3544 1482 3654 1538 Oc-

2006 1562 2208 1631 tobris,
2235 1569 2430 1635 aperte
2453 1565 2604 1620 inter
2630 1570 2947 1637 utrumque
2969 1568 3297 1641 distinguit.

2077 1655 2165 1708 28.
2227 1654 2306 1709 De
2362 1653 2495 1709 Vita
2539 1658 2596 1710 S.
2654 1655 2896 1711 Andreae
2957 1657 3014 1712 in
3065 1658 3230 1714 Creta
3277 1663 3425 1727 acta,
3479 1677 3660 1732 pauca

2007 1742 2322 1799 admodum
2393 1744 2796 1800 innotuerunt.
2856 1746 3061 1802 Petrus
3138 1749 3209 1803 de
3292 1748 3655 1818 Blachernis,

249 1836 350 1894 sed
401 1835 778 1927 doctissimus
836 1834 923 1888 vir
980 1837 1248 1927 accurate
1290 1834 1482 1927 verba
1530 1833 1724 1927 Graeca
1781 1848 1897 1887 non
1930 1848 2184 1927 Bquem
2242 1832 2628 1927 Theophanes
2687 1836 2759 1890 ad
2815 1852 3035 1891 annum
3095 1837 3309 1895 Christi
3350 1840 3453 1893 767
3485 1840 3657 1911 (118),

249 1925 627 1998 expenderit:
704 1922 947 1994 Γὲννημα
1037 1921 1127 1975 καὶ
1214 1922 1433 1997 θρέμμα
1517 1921 1705 1997 γέγονε
1795 1927 1896 1989 τῆς

251 2013 638 2087 εὐνομωτάτης
689 2017 796 2067 τῶν
827 2012 1042 2067 πόλεων
1087 2014 1328 2084 Κρήτης.
1365 2015 1627 2071 Raderus
1676 2017 1896 2081 noster,

252 2105 353 2177 qui
385 2105 580 2161 omnia
636 2108 984 2159 Menasorum
1035 2104 1346 2175 synaxaria
1392 2103 1589 2159 Latine
1620 2103 1898 2173 interpre-

251 2198 406 2250 tatus
446 2198 553 2262 est,
594 2196 649 2249 et
690 2193 858 2262 cujus
887 2207 1032 2262 opus
1073 2208 1209 2259 ms.,
1245 2193 1301 2246 in
1362 2191 1720 2248 Bibliotheca
1750 2192 1896 2246 Bur-

252 2282 507 2355 gundica
563 2281 917 2336 Bruxellensi
965 2286 1301 2337 asservatur
1331 2282 1476 2353 (112)
1508 2282 1781 2337 eumdem
1813 2281 1895 2336 lo-

252 2387 385 2428 cum
410 2371 657 2426 obscure
687 2378 906 2427 verters
938 2369 1148 2425 maluit
1183 2388 1194 2425 :
1228 2370 1412 2427 Natus
1440 2374 1495 2426 et
1517 2372 1789 2426 educatus
1810 2374 1900 2426 est

250 2461 310 2517 in
369 2461 591 2532 optime
645 2466 867 2516 morata
915 2461 1146 2516 civitate
1222 2460 1423 2517 Cretae.
1489 2462 1598 2517 Sed
1656 2460 1899 2515 dubium

254 2566 425 2606 omne
458 2549 608 2605 tollit
638 2549 1060 2621 Metaphrastes
1090 2566 1159 2605 ex
1190 2566 1302 2620 quo
1336 2551 1683 2606 Menasorum
1717 2550 1899 2621 Syna-

254 2639 509 2705 xarium,
544 2644 609 2694 ut
658 2640 991 2709 frequenter
1030 2638 1334 2710 contingit,
1369 2639 1731 2710 descriptum
1762 2643 1849 2695 est
1884 2654 1898 2695 :

258 2728 493 2803 ’Ἡνεγκε
554 2728 662 2799 μὴν
721 2726 826 2803 γὰρ
882 2726 1041 2781 αὐτὸν
1089 2729 1123 2795 ἡ
1179 2725 1530 2799 εὖνομωτάτη
1600 2727 1733 2782 ποτὲ
1789 2732 1899 2781 τῶν

254 2815 472 2871 πόλεων
524 2818 717 2891 Κρήτη
777 2818 951 2887 (intra
1008 2834 1171 2872 num.
1232 2819 1309 2888 3).
1353 2819 1429 2873 Ex
1459 2818 1673 2889 quibus
1720 2818 1901 2873 mani-

256 2908 471 2963 festum
499 2912 607 2971 est,
657 2906 1092 2978 Metaphrasten
1141 2907 1213 2962 de
1243 2906 1494 2979 legibus,
1543 2924 1686 2979 quas
1718 2908 1901 2963 Minos

252 2997 388 3054 olim
419 2996 794 3052 Cretensibus
828 2996 1090 3063 tradidit,
1124 3013 1451 3052 sermonem
1486 2998 1687 3053 facere.
1725 2997 1899 3052 Inso-

243 3086 415 3142 litum
439 3086 677 3158 quidem
706 3091 790 3141 est
814 3083 977 3139 πόλιν
1012 3086 1167 3156 apud
1192 3086 1389 3142 mediae
1422 3087 1743 3143 Graacitatis
1765 3086 1903 3143 scri-

256 3180 475 3249 ptores,
508 3192 623 3231 non
656 3175 727 3231 de
777 3176 915 3231 urbe
963 3174 1162 3246 aliqua
1214 3176 1329 3231 dici
1364 3175 1530 3249 (113),
1563 3178 1665 3232 sed
1714 3179 1783 3232 de
1816 3178 1898 3232 ci-

254 3266 444 3334 vibus,
468 3264 569 3335 qui
617 3262 845 3335 legibus
885 3263 1303 3319 communibus
1345 3268 1633 3335 reguntur
1664 3280 1903 3333 ;verum

256 3354 316 3409 in
350 3353 767 3425 Metaphraste,
799 3369 968 3421 quem
996 3370 1065 3408 ex
1106 3352 1340 3425 scriptis
1363 3356 1521 3424 patet
1554 3353 1613 3407 in
1647 3353 1905 3424 antiquis

256 3442 467 3500 litteris
500 3459 614 3498 non
676 3442 1050 3497 mediocriter
1087 3446 1383 3497 versatum
1406 3457 1531 3497 esse
1562 3445 1619 3497 et
1664 3441 1906 3497 allusio-

263 3549 367 3588 nes
415 3532 725 3588 historicas
748 3531 1075 3597 adamasse,
1108 3531 1165 3586 id
1200 3532 1411 3586 mirum
1446 3531 1627 3586 videri
1660 3548 1773 3586 non
1808 3532 1907 3587 de-

262 3623 379 3678 bet.
413 3622 581 3692 Apud
631 3620 945 3676 Hesiodum
978 3624 1193 3687 autem,
1223 3620 1641 3692 Thucydidem,
1684 3620 1904 3676 Isocra-

263 3717 405 3779 tem,
440 3708 804 3766 Aristotelem
829 3708 1112 3780 aliosque,
1144 3706 1306 3763 πόλιν
1339 3711 1493 3765 cives
1524 3726 1908 3780 quoscunque

260 3802 469 3857 iisdem
503 3798 733 3871 legibus
769 3803 958 3854 rectos
989 3800 1354 3871 designasse,
1386 3804 1546 3854 extra
1576 3803 1906 3855 controver-

262 3891 412 3946 siam
453 3896 540 3944 est
591 3889 764 3959 (114).
803 3888 974 3943 Porro
1006 3889 1067 3944 in
1123 3888 1285 3945 Actis
1337 3888 1552 3943 nostris
1592 3888 1905 3958 prioribus,

261 3984 317 4035 S.
352 3980 609 4036 Andreas
651 3983 823 4035 natus
853 3979 1064 4034 dicitur
1092 3980 1152 4034 in
1185 3979 1331 4045 loco,
1368 3980 1467 4050 qui
1516 3980 1785 4035 Castrum
1818 3980 1906 4034 di-

260 4069 495 4125 cebatur
542 4068 716 4138 (infra
756 4084 915 4123 num.
967 4068 1069 4138 6):
1111 4068 1197 4121 Ἐν
1245 4071 1323 4137 τῷ
1381 4064 1760 4140 ἐπιλεγομένῳ
1810 4072 1912 4135 τῆς

264 4156 492 4229 Κρήτης
524 4157 793 4229 Καστρῳ;
838 4160 895 4212 et
926 4156 1007 4211 ita
1036 4156 1209 4212 verba
1257 4157 1356 4212 illa
1388 4158 1728 4227 accipienda
1757 4173 1907 4224 esse,

263 4245 647 4301 manifestum
703 4246 933 4301 videtur
979 4262 1048 4301 ex
1097 4246 1168 4302 iis
1210 4262 1339 4318 quas
1384 4248 1441 4302 in
1493 4246 1702 4302 iisdem
1762 4247 1912 4302 Actis

262 4336 456 4406 (num.
520 4336 608 4405 16)
674 4335 745 4390 de
794 4336 918 4390 loco
986 4335 1162 4391 Crisis
1220 4335 1551 4406 leguntur:
1613 4336 1699 4391 Ἐν
1761 4336 1915 4407 τόπῳ

265 4421 648 4497 ἐπιλεγομένῳ
689 4423 881 4497 Κρίσις
928 4441 941 4491 ;
997 4424 1091 4479 hic
1122 4425 1278 4481 enim
1327 4426 1398 4480 de
1426 4442 1631 4481 vocum
1686 4425 1913 4498 signiti-

268 4517 404 4569 catu
459 4528 629 4568 nemo
663 4513 875 4568 dubius
906 4512 1168 4569 haerebit.
1212 4515 1554 4586 Quanquam
1586 4518 1781 4570 autem
1815 4532 1917 4586 op-

2009 1937 2113 1994 pro
2171 1922 2398 1977 Andrea
2447 1927 2641 1978 nostro
2690 1924 2885 1993 posuit
2915 1925 3065 1992 (vide
3124 1944 3303 1998 supra
3343 1946 3506 1983 num.
3543 1930 3658 2001 14),

2009 2010 2081 2065 ab
2129 2011 2329 2065 eodem
2373 2011 2531 2082 Styla
2561 2018 2956 2083 nuncupatur,
2992 2031 3164 2086 quam
3207 2017 3656 2088 appellationem

2010 2100 2082 2154 ad
2116 2100 2173 2155 S.
2207 2101 2503 2155 Andream
2527 2102 2991 2158 transferendam
3024 2120 3174 2171 esse,
3208 2108 3496 2177 conjicere
3527 2109 3659 2178 quis

2012 2194 2204 2259 posset
2232 2190 2259 2243 ?
2289 2190 2367 2243 De
2409 2188 2513 2244 hac
2548 2206 2605 2245 re
2637 2190 2892 2259 adverto,
2925 2193 3160 2262 stylitas
3189 2195 3365 2250 etiam
3399 2195 3514 2251 fors
3543 2197 3658 2251 dici

2009 2278 2290 2349 potuisse,
2317 2279 2416 2349 qui
2449 2279 2504 2333 in
2529 2279 2655 2336 loco
2669 2282 2894 2336 excelso
2917 2283 3123 2338 cellam
3152 2300 3316 2339 suam
3340 2285 3657 2354 habebant,

2007 2367 2096 2423 vel
2129 2385 2376 2440 quorum
2436 2368 2644 2424 cellula
2673 2370 2730 2424 in
2788 2371 3069 2426 columna:
3101 2372 3342 2429 formam
3373 2380 3662 2430 exstructa

2009 2458 2199 2513 fuerat
2230 2478 2244 2526 ;
2281 2474 2414 2512 nam
2444 2458 2498 2511 id
2533 2459 2848 2530 aliquando
2882 2460 3097 2515 factum
3131 2478 3260 2517 esse
3289 2469 3439 2533 patet
3457 2480 3523 2519 ex
3553 2467 3661 2519 Ac-

2008 2546 2086 2603 tis
2115 2551 2170 2600 S.
2204 2545 2483 2618 Stephani
2516 2547 2793 2611 Junioris,
2829 2550 2998 2618 cujus
3030 2551 3238 2621 exigua
3278 2551 3441 2616 cella,
3484 2568 3660 2625 quam

2010 2636 2137 2708 ipse
2186 2636 2299 2690 sibi
2362 2636 2419 2691 in
2477 2634 2671 2690 insula
2729 2636 3098 2693 Proeonneso
3147 2639 3553 2709 aadiﬁcaverat,
3587 2643 3659 2696 ab

2010 2726 2137 2795 ejus
2187 2725 2508 2797 biographo
2572 2723 2899 2793 στολοειδὴς
2964 2732 3205 2784 vocatur
3264 2746 3278 2785 :
3340 2726 3661 2791 Στολοειδὲς

2015 2814 2208 2889 μικρὸν
2251 2808 2600 2888 ἔγκλειστρον
2634 2813 2685 2868 ἐν
2714 2820 2792 2886 τῷ
2820 2814 2975 2887 τόπῳ
3018 2814 3457 2889 ἀνοικοδομήσας
3487 2820 3659 2892 (119).

2010 2904 2154 2960 Dein
2186 2903 2421 2959 Petrum
2455 2903 2526 2960 de
2558 2905 2917 2975 Blachernis,
2952 2925 2984 2962 a
3015 2907 3370 2979 Theophane
3398 2907 3660 2981 Stylitam

2012 2994 2256 3058 dictum,
2317 2994 2472 3048 idem
2540 2994 2597 3049 S.
2666 2994 2996 3066 Stephanus
3059 3001 3404 3068 nuncupat:
3460 2997 3564 3052 Τὸν
3606 2996 3659 3051 ἐν

2011 3080 2349 3157 Βλαχὲρναξς
2380 3080 2854 3157 ἐγκεκλεισμένον,
2914 3086 3068 3157 quod
3127 3087 3199 3142 de
3254 3087 3374 3143 veri
3405 3088 3661 3143 nominis

2012 3173 2212 3244 stylita
2242 3174 2352 3226 dici
2390 3190 2504 3228 non
2548 3179 2758 3243 posset.
2794 3175 2852 3230 Si
2884 3174 3062 3246 igitur
3099 3177 3152 3230 S.
3187 3180 3392 3232 Petrus
3427 3178 3497 3232 de
3528 3177 3660 3232 Bla-

2014 3262 2245 3318 cbernis
2295 3262 2493 3332 stylita
2547 3264 2679 3329 fuit,
2739 3265 3148 3335 accipiendum
3207 3266 3265 3321 id
3324 3272 3413 3322 est
3470 3266 3663 3322 latiori

2016 3368 2188 3407 sensu
2216 3369 2231 3422 ;
2264 3354 2361 3407 sed
2398 3368 2529 3407 cum
2564 3352 2950 3424 Theophanes
2982 3355 3088 3410 hoc
3121 3355 3246 3412 loco
3286 3358 3521 3411 Petrum
3558 3374 3661 3428 pro

2016 3440 2249 3495 Andrea
2305 3439 2585 3510 posuerit,
2637 3456 2742 3496 nee
2797 3442 2973 3497 addat
3019 3459 3152 3499 eum
3204 3446 3262 3500 in
3321 3445 3662 3501 Blachernis

2018 3530 2227 3585 vixisse
2253 3530 2383 3599 (etr.
2418 3545 2599 3600 supra
2628 3546 2791 3598 num,
2828 3531 2894 3584 14
2936 3534 3142 3605 seqq.),
3176 3534 3247 3589 ad
3280 3551 3499 3590 annum
3531 3552 3663 3591 vero

2015 3620 2115 3673 761
2153 3618 2405 3675 vicissim
2438 3618 2731 3673 Andream
2766 3635 2867 3689 pro
2900 3620 3065 3675 Petro
3106 3622 3335 3689 scribat,
3372 3624 3665 3694 addatque

2018 3724 2150 3764 eum
2192 3708 2261 3762 ad
2316 3706 2665 3762 Blachernas
2698 3708 2991 3763 habitasse
3023 3714 3079 3764 et
3126 3710 3435 3782 calybitam
3485 3714 3664 3767 fuisse

2020 3798 2236 3852 dictum
2280 3797 2482 3868 (supra
2540 3796 2730 3867 ibid.),
2760 3796 2906 3852 mihi
2968 3815 3112 3867 pene
3162 3805 3385 3855 certum
3416 3804 3527 3868 est,
3559 3803 3665 3858 Pe-

2020 3894 2172 3941 trum
2207 3885 2276 3941 de
2310 3883 2751 3951 Blachernis,ex
2780 3886 3172 3958 appellatione
3194 3906 3309 3958 qua
3337 3891 3391 3943 S.
3419 3890 3665 3960 Stepha-

2018 3992 2130 4031 nus
2164 3974 2368 4040 utitur,
2405 3976 2459 4029 in
2519 3974 2858 4030 Blachernis
2914 3992 3042 4031 vere
3104 3976 3411 4050 calybitam
3446 3996 3549 4035 seu
3582 3980 3664 4035 in-

2020 4065 2249 4121 clusum
2285 4062 2485 4130 fuisse,
2547 4080 2663 4117 non
2714 4068 2908 4119 autem
2949 4065 3230 4137 stylitam.
3283 4067 3668 4138 Theophanes

2021 4153 2200 4225 igitur
2229 4152 2379 4208 sicut
2408 4152 2670 4225 calybitas
2728 4170 2943 4209 nomen
2974 4172 3008 4209 a
3064 4155 3230 4211 Petro
3270 4157 3339 4212 ad
3372 4158 3666 4212 Andream

2022 4242 2344 4308 transtulit,
2377 4241 2633 4299 vicissim
2695 4258 2901 4299 nomen
2960 4244 3165 4316 stylitas
3224 4245 3295 4301 ab
3333 4248 3565 4303 Andrea
3596 4248 3668 4303 ad

2024 4332 2257 4387 Petrum
2291 4331 2475 4402 potuit
2508 4332 2842 4387 transferre.
2884 4333 3066 4390 Nemo
3097 4334 3253 4391 enim
3284 4336 3343 4391 S.
3375 4338 3668 4392 Andream

2026 4420 2337 4494 calybitam
2371 4421 2535 4487 dixit,
2571 4426 2781 4493 prrster
2836 4423 3247 4496 Theophanem
3291 4430 3348 4481 et
3405 4428 3503 4499 qui
3536 4445 3668 4485 eum

2026 4510 2314 4582 explicare
2344 4509 2553 4576 solent,
2598 4512 2874 4578 Zonaras,
2926 4513 3217 4571 Cedrenus
3248 4516 3393 4586 (120)
3427 4521 3484 4572 et
3520 4518 3673 4572 Pau-

270 4602 475 4673 pidum
537 4603 944 4673 quodcunque,
998 4602 1324 4673 praesertim
1376 4603 1427 4658 si
1485 4604 1777 4660 munitum
1820 4604 1915 4674 sit,
1951 4598 2117 4675 [)lus
2149 4598 2439 4653 Diaconus
2472 4600 2529 4654 in
2564 4599 2846 4656 Miscella.
2880 4600 3090 4656 Verum
3124 4602 3245 4658 haec
3277 4609 3365 4659 est
3395 4604 3511 4659 sola
3544 4622 3674 4675 pro-

269 4690 520 4746 testibus
553 4692 819 4747 Gretsero
864 4695 1062 4747 nostro
1094 4696 1149 4747 et
1189 4691 1371 4747 Goaro
1402 4692 1460 4747 in
1492 4692 1706 4748 Codino
1739 4695 1914 4748 Curo-
2026 4689 2182 4744 batio
2237 4706 2362 4760 quae
2404 4689 2615 4745 adduci
2647 4695 2846 4762 queat,
2879 4692 2990 4746 nisi
3042 4692 3189 4747 forte
3219 4693 3288 4748 ad
3318 4694 3561 4749 Andreae
3591 4694 3674 4749 vi-

272 4779 468 4852 palata
517 4780 808 4836 illustrato
843 4780 1010 4852 (115),
1042 4780 1273 4853 κάστρον
1300 4781 1536 4851 dicitur,
1570 4782 1623 4837 id
1664 4786 1817 4837 certe
1845 4783 1915 4837 de
2026 4785 2143 4835 tam
2204 4777 2516 4851 stylilicam
2556 4778 2780 4835 alludat
2834 4781 3123 4852 Josephus
3164 4782 3675 4855 Hymnographus,

270 4874 393 4925 tota
421 4869 588 4925 Creta
633 4870 745 4926 dici
774 4872 997 4941 nequit,
1022 4878 1075 4925 et
1108 4871 1343 4941 quidem
1375 4872 1913 4942 interpretationem
2025 4868 2082 4922 in
2124 4868 2536 4938 antiquissimo
2595 4885 2816 4924 canone
2875 4870 3249 4938 Menaeorum,
3304 4874 3411 4928 ode
3468 4889 3676 4944 nempe

277 4958 618 5029 hujusmodi
649 4960 823 5016 verba
879 4960 1078 5016 Graeca
1115 4964 1311 5032 aperte
1374 4964 1679 5032 respuunt.
1742 4962 1915 5016 Porro
2027 4957 2201 5012 tertia
2225 4960 2282 5011 et
2329 4957 2601 5028 septima,
2633 4958 2887 5028 tropario
2948 4965 2987 5013 Ι.
3049 4960 3387 5033 Stylitarum
3444 4962 3677 5017 vivendi

277 5049 546 5103 Castrum
588 5048 753 5105 locus
801 5051 976 5106 Cretae
1034 5066 1148 5104 non
1202 5048 1369 5105 valde
1416 5049 1665 5118 insignis
1723 5050 1917 5115 fuerit,
2030 5046 2313 5102 rationem
2336 5046 2385 5101 si
2418 5046 2552 5117 quis
2584 5062 2823 5104 noscere
2854 5049 3067 5120 cupiat,
3106 5050 3271 5120 plura
3300 5052 3371 5106 de
3418 5051 3490 5106 iis
3521 5067 3684 5121 repe-

274 5154 408 5193 cum
434 5139 587 5210 apud
622 5139 986 5211 geographos
1019 5155 1312 5211 nusquam
1348 5140 1609 5210 prodeat.
1644 5139 1920 5196 ltecentes
2034 5136 2141 5191 riet
2170 5134 2229 5189 in
2280 5135 2438 5192 Actis
2473 5136 2709 5204 nostris,
2753 5138 2822 5192 ad
2855 5154 2886 5193 v
2915 5139 3200 5207 Januarii,
3233 5141 3465 5211 quando
3496 5144 3553 5197 S.
3587 5141 3681 5196 Si-

348 5393 503 5463 (111)
534 5390 887 5463 Kalendaria
917 5387 1211 5458 Ecclesiae,
1244 5392 1285 5444 t.
1310 5386 1376 5458 V,
1411 5386 1614 5459 p.301.
2108 5391 2237 5461 (116
2269 5392 2351 5447 Ad
2387 5408 2481 5447 an.
2522 5393 2650 5459 762,
2686 5410 2743 5448 n.
2781 5398 2830 5447 1.

352 5462 643 5533 (112)8ub
676 5481 734 5519 η.
772 5462 935 5518 7883.
1138 5531 1149 5533 _
1307 5531 1319 5533 _

2112 5464 2261 5529 (117)
2294 5464 2379 5518 Ad
2410 5466 2656 5532 an.761,
2691 5483 2746 5519 η.
2780 5468 2837 5519 2.

357 5531 505 5606 (113)
536 5536 647 5609 (ζῆν,
674 5535 875 5609 Cangii
898 5531 1258 5609 Glossarium
1292 5531 1574 5609 (jrmcum.
2112 5534 2257 5609 (113)
2290 5531 2653 5605 Theophan.,
2686 5536 2792 5593 loc.
2824 5538 2945 5602 cit.,
2981 5556 3036 5609 p.
3067 5543 3194 5599 683.

358 5604 507 5681 (114⁷)
540 5607 655 5681 Cir.
678 5604 959 5681 Stephani
981 5604 1470 5681 Thesaur._Gr:ec.
1520 5675 1530 5681 _
1694 5674 1704 5681 _
1872 5674 1904 5681 __
2115 5607 2265 5681 (119)
2297 5604 2573 5681 Analecta
2600 5611 2813 5677 Grmca,
2840 5628 2893 5681 p.
2931 5604 3054 5667 486.

358 5680 513 5753 (115)
546 5679 606 5735 P.
638 5674 934 5746 212,'edit.
987 5676 1165 5733 Paris.
1211 5674 1323 5731 Cir.
1357 5675 1658 5746 Cangium,
1692 5674 1800 5730 loc.
1834 5674 1935 5729 cit.
2116 5674 2261 5749 (120)
2295 5681 2358 5735 P.
2398 5681 2478 5733 11.
2514 5680 2654 5737 édit.
2688 5674 2870 5737 Bona.
