4042 6222
517 319 670 381 1103

1864 320 2129 382 MENSIE

2253 318 2575 379 CTOBER.
3707 324 3813 382 1101

511 504 681 543 meon
724 486 1055 560 stylitarum
1117 485 1536 555 antesignanus
1595 485 1806 540 colitur
1863 485 2038 555 (121),
2096 488 2151 539 et
2179 482 2438 553 Asilum
2462 481 2664 546 fuisse,
2699 482 2934 535 constat
2959 494 3029 534 ex
3050 477 3234 548 Gyllio
3257 481 3313 534 et
3342 479 3541 549 Cangio
3566 497 3687 552 quos
3711 485 3814 538 n.2ﬂ

509 576 640 632 aliis
673 577 815 634 locis
852 576 1123 647 plurimis.
1159 574 1241 630 Cl.
1276 575 1338 631 B.
1388 575 1556 643 Hase,
1589 574 1675 629 vir
1705 575 1906 629 Graecas
1957 573 2151 629 erudi-

507 666 679 721 tionis
703 668 995 733 maximae,
1023 666 1080 720 in
1106 664 1260 720 notis
1284 665 1355 719 ad
1376 666 1623 719 Leonem
1646 664 1962 719 Diaconum
1980 665 2146 735 (122),

507 756 772 810 observat
803 755 1035 826 stylitas
1071 769 1256 824 usque
1294 754 1364 808 ad
1408 752 1684 808 saeculum
1716 768 1793 807 xu
1825 752 1883 806 in
1916 754 2147 808 Oriente

505 846 875 916 perdurasse,
927 842 1361 913 Papebrocbius
1417 860 1549 898 vero
1611 842 1991 914 deprehendit
2048 859 2143 896 eo-

503 936 769 988 rumdem
824 934 1148 988 institutum
1207 934 1357 1002 apud
1415 933 1714 988 Rutbenos
1763 932 2016 1003 viguisse
2073 932 2144 986 ad

502 1041 610 1079 sua
642 1040 830 1095 usque
862 1028 1120 1093 tempora
1162 1023 1333 1093 (123).

572 1113 661 1167 29.
724 1119 921 1181 Porro,
989 1113 1036 1167 si
1122 1111 1437 1183 styliticam
1500 1112 1675 1166 vitam
1730 1112 1788 1167 S.
1851 1112 2142 1166 Andream

502 1201 831 1272 amplexum
864 1218 993 1256 esse
1026 1202 1223 1256 minus
1255 1201 1492 1255 evidens
1522 1208 1624 1266 est,
1666 1206 1820 1256 certe
1850 1217 1984 1256 eum
2020 1218 2140 1256 mo-

501 1290 754 1345 nachum
813 1290 899 1344 vel
934 1291 1347 1345 anachoretam
1380 1290 1577 1353 fuisse,
1614 1306 1782 1346 nemo
1833 1290 2141 1345 dubitabit.

498 1378 811 1433 Permultis
844 1380 903 1433 id
939 1379 1292 1434 testimoniis
1326 1380 1650 1447 adstruere,
1685 1379 1873 1444 facile,
1907 1380 2007 1435 sed
2040 1396 2135 1433 su-

498 1484 925 1538 pervacaneum
963 1471 1110 1524 foret
1147 1485 1159 1524 :
1194 1485 1295 1523 nec
1328 1469 1486 1523 aliud
1516 1468 1606 1523 hic
1636 1468 1932 1524 efferimus
1964 1484 2137 1540 quam

499 1573 780 1612 canonem
808 1559 931 1628 jam
956 1557 1279 1625 laudatum,
1314 1563 1446 1613 ante
1478 1559 1739 1612 medium
1772 1556 2049 1613 sarculum
2085 1573 2140 1611 Ix

499 1662 532 1699 a
572 1646 629 1701 S.
690 1646 947 1717 Josepho
1007 1647 1401 1717 conscriptum
1445 1648 1611 1717 (124).
1666 1648 1749 1702 Ibi
1787 1647 1983 1717 igitur,
2033 1647 2140 1701 ode

497 1734 705 1805 prima,
728 1737 977 1804 tropario
997 1736 1185 1802 tertio,
1211 1735 1492 1790 Sanctum
1524 1738 1877 1805 ajuventute
1898 1740 2134 1807 captum

2261 570 2630 635 adduximus,
2665 574 2879 624 etcum
2912 567 3135 638 Cpolim
3169 583 3232 623 ex
3266 572 3427 639 portu
3458 569 3816 627 advenientibus

2260 661 2412 715 ultra
2437 660 2635 714 urbem
2660 662 2835 725 esset,
2853 658 2982 712 ideo
3003 657 3060 710 in
3083 656 3244 712 Actis
3268 656 3543 728 prioribus
3562 657 3614 711 in
3635 674 3817 729 synaxe-

2260 749 2341 806 rio
2372 748 2812 817 Mediolanensi,
2849 747 3002 817 quod
3032 747 3061 819 §
3093 764 3109 800 1
3147 762 3421 801 excusum
3453 751 3554 813 est,
3582 751 3632 803 et
3665 751 3711 804 in
3731 751 3815 803 Sir-

2255 838 2567 894 mondiano
2592 854 2725 903 ms.,
2752 836 3033 908 palatium
3057 835 3171 889 divi
3197 836 3490 890 Mamantis
3508 834 3652 910 πέραν
3684 838 3813 894 situm

2257 927 2485 994 dicitur,
2508 927 2565 981 id
2581 932 2690 993 est,
2718 926 2867 980 ultra
2888 926 3108 981 urbem.
3133 925 3292 980 Idem
3317 924 3583 996 palatium
3606 927 3815 998 Symeoni

2255 1019 2655 1090 Metaphrastte
2669 1017 2767 1087 qui
2793 1016 2951 1087 Cpoli
2976 1015 3238 1085 degebat,
3254 1014 3313 1069 in
3331 1016 3483 1069 Actis
3506 1032 3651 1070 num.
3672 1018 3717 1083 6,
3735 1032 3817 1073 non

2255 1108 2423 1173 ultra,
2456 1109 2553 1163 sed
2600 1115 2730 1163 ante
2766 1106 2968 1161 urbem
3000 1105 3217 1160 dicitur
3246 1124 3260 1173 ;
3289 1105 3516 1161 demum
3544 1106 3756 1177 Cangius
3778 1108 3816 1161 in

2253 1198 2537 1254 Chronico
2572 1195 2791 1252 Pascali
2815 1195 2961 1266 (129)
2994 1192 3160 1268 πέραν
3188 1194 3390 1249 vertit:
3425 1211 3607 1250 versus
3636 1196 3816 1267 fretum,

2252 1288 2542 1357 siquidem
2574 1288 2726 1342 aedes
2752 1286 2808 1341 S.
2831 1284 3140 1340 Mamantis
3165 1284 3236 1337 de
3254 1300 3366 1355 quo
3390 1283 3495 1339 hoc
3522 1283 3636 1339 loco
3658 1300 3815 1349 sermo,

2253 1378 2394 1432 freto
2426 1377 2661 1447 Sycaano
2693 1390 2797 1431 seu
2828 1374 3095 1429 Ceratino
3138 1374 3400 1444 proxima
3430 1377 3564 1428 erat.

2321 1467 2409 1521 31.
2444 1467 2501 1521 S.
2550 1466 2828 1531 Andreas,
2864 1479 2995 1518 cum
3046 1462 3406 1533 Copronymo
3439 1463 3665 1518 furorem
3692 1479 3817 1517 suum

2250 1558 2308 1613 in
2368 1557 2657 1629 imagines
2724 1572 2917 1611 sacras
2991 1570 3312 1624 earumque
3387 1553 3625 1610 cultores
3673 1569 3820 1625 expro-

2250 1648 2498 1715 brasset,
2531 1647 2687 1701 varia
2718 1660 3052 1717 perpessus,
3090 1648 3149 1698 ut
3190 1644 3249 1699 in
3289 1642 3444 1698 Actis
3486 1644 3724 1710 refertur,
3750 1644 3817 1697 de-

2251 1753 2412 1791 mum
2444 1737 2504 1792 in
2529 1739 2754 1791 arctum
2783 1735 3113 1803 foedumque
3134 1748 3419 1788 carcerem
3451 1734 3718 1803 conjectus
3743 1738 3817 1787 est

498 1824 785 1880 desiderio
818 1825 1050 1891 Christi,
1085 1824 1348 1880 laetanter
1378 1842 1608 1880 crucem
1641 1826 1850 1896 suique
1873 1828 2134 1898 abnega-
2170 1848 2224 1912 Β
2254 1827 2415 1883 Hunc
2472 1842 2587 1881 non
2644 1831 2858 1880 temere
2912 1838 3195 1878 carcerem
3260 1821 3464 1877 Phiala
3532 1838 3624 1877 seu
3675 1822 3820 1877 Fontis

498 1914 716 1969 tionem
741 1915 1073 1986 amplexum
1100 1930 1226 1969 esse
1250 1914 1388 1969 dicit
1414 1932 1425 1979 ;
1450 1917 1555 1970 ode
1588 1932 1722 1971 vero
1747 1933 1918 1983 nona,
1954 1924 2142 1987 tropa-

497 2004 581 2057 rio
613 2004 889 2070 secundo,
914 2020 1043 2059 eum
1070 2004 1507 2070 monachorum,
1540 2004 1629 2059 vel
1654 2006 2136 2060 anachoretarum

498 2093 673 2147 decus
704 2093 959 2163 appellat
993 2110 1003 2145 :
1038 2092 1393 2159 Μοναζόντων
1424 2090 1879 2167 ἐγκαλλώπισμα.
1906 2097 1965 2149 In
1992 2112 2136 2167 quo-

496 2180 629 2234 dam
658 2180 978 2249 Menologio
1004 2181 1239 2236 Moscho
1265 2198 1394 2248 ms.,
1420 2181 1537 2248 cui,
1562 2182 1645 2237 uti
1666 2187 1721 2237 et
1742 2183 1963 2239 tabulis
1986 2186 2136 2256 figu-

493 2269 633 2323 ratis
668 2270 735 2323 de
769 2268 983 2339 quibus
1016 2287 1179 2325 num.
1212 2271 1267 2337 2,
1302 2270 1475 2324 fidere
1520 2287 1746 2341 semper
1787 2290 1901 2327 non
1933 2290 2135 2343 possu-

494 2372 646 2420 mus,
683 2368 1052 2427 nuncupatur
1079 2362 1134 2414 S.
1159 2358 1418 2414 Andreas
1451 2358 1864 2432 Hieromartyr,
1889 2363 2039 2432 quod
2067 2364 2135 2420 de

494 2445 850 2516 martyribus
875 2446 1227 2516 presbyteris
1250 2447 1438 2503 solum
1463 2448 1596 2518 dici,
1616 2448 1675 2503 in
1700 2458 1993 2522 comperto
2018 2462 2133 2521 est;

490 2551 690 2589 verum
722 2535 780 2590 in
815 2536 1089 2592 omnibus
1120 2536 1251 2593 aliis
1292 2541 1356 2593 ut
1395 2537 1811 2611 Hosiomartyr,
1848 2541 1902 2595 id
1938 2551 2043 2611 est,
2070 2549 2135 2599 ut

494 2624 815 2680 monachus
838 2630 892 2681 et
916 2636 1153 2695 martyr,
1188 2628 1529 2698 proponitur
1550 2630 1715 2701 (125).
1744 2630 1803 2684 ln
1836 2631 2131 2689 Sirmondi

490 2714 862 2780 Synaxarista
911 2731 1048 2780 ms.,
1083 2731 1255 2785 quem
1288 2716 1528 2771 Parisiis
1575 2718 1913 2776 decessores
1946 2724 2131 2779 nostri

492 2800 629 2856 olim
663 2810 1031 2872 acceperunt,
1065 2804 1282 2859 dicitur
1322 2804 1381 2860 in
1440 2805 1603 2861 Creta
1632 2806 1730 2874 τὴν
1764 2811 1977 2881 μονήρη
2016 2810 2131 2884 βίον

496 2891 918 2964 μετεσχόμενος,
951 2910 1019 2947 ex
1060 2894 1273 2963 quibus
1298 2894 1540 2965 aliisque
1563 2896 1851 2953 similibus
1884 2902 2131 2970 appella-

490 2980 768 3047 tionibus,
805 2982 862 3035 S.
898 2984 1152 3036 Andreas
1202 2982 1395 3053 potius
1427 2986 1773 3040 anachoreta
1816 2987 1900 3041 vel
1936 2989 2127 3045 solita-

492 3071 637 3137 rius,
671 3087 845 3139 quam
880 3070 1202 3125 monachus
1223 3088 1324 3126 seu
1355 3074 1645 3129 cmnobita
1670 3074 1845 3131 fuisse
1880 3078 2127 3136 videtur.

490 3158 839 3227 Hujusmodi
868 3164 1061 3214 autem
1096 3160 1477 3216 anachoretas
1512 3179 1623 3218 non
1658 3165 1832 3221 rudes
1864 3167 2128 3227 homines

491 3248 687 3313 fuisse,
722 3249 821 3303 sed
844 3250 1187 3319 plerumque
1219 3250 1539 3306 doctrinam
1565 3270 1789 3308 sacram
1823 3259 1965 3313 satis
1986 3259 2128 3315 bene

489 3339 745 3405 edoctos,
778 3353 844 3391 ex
886 3338 1044 3393 Actis
1089 3340 1146 3393 S.
1205 3339 1484 3410 Stephani
1540 3342 1814 3411 Junioris,
1878 3346 2126 3420 aliisque

489 3427 882 3481 monumentis
915 3426 1081 3482 facile
1114 3434 1308 3497 posset
1338 3429 1542 3486 evinci.

558 3516 646 3568 30.
679 3518 807 3569 Jam
840 3514 1171 3570 accedimus
1210 3517 1281 3571 ad
1317 3533 1383 3571 ea
1417 3534 1544 3589 quae
1575 3519 1634 3575 S.
1670 3522 1926 3579 Andreas
1966 3526 2123 3597 Cpoli

484 3604 687 3673 gessit.
735 3608 877 3658 Acta
920 3604 1133 3674 priora,
1168 3621 1330 3660 num.
1364 3606 1419 3677 6,
1461 3610 1599 3662 dum
1635 3610 1762 3679 ejus
1812 3615 2123 3672 adventum

484 3693 647 3764 Cpoli
679 3698 972 3761 enarrant,
1006 3710 1138 3748 eum
1170 3694 1372 3749 dicunt
1404 3700 1611 3768 Byzam
1655 3701 1973 3771 appulisse,
2008 3723 2121 3762 non

481 3784 847 3854 Byzantium,
898 3792 993 3837 aut
1034 3782 1258 3853 Cpolim
1295 3802 1306 3838 :
1341 3784 1453 3851 Τὴν
1514 3786 1687 3854 Βύζαν
1728 3788 2121 3864 κατελάμϐανε.

479 3872 699 3927 Nomen
720 3872 875 3927 istud
902 3887 1004 3926 nec
1028 3873 1182 3927 inter
1213 3873 1376 3929 urbis
1410 3880 1633 3944 portus,
1658 3877 1716 3932 in
1739 3882 1939 3950 Cangii
1962 3886 2121 3955 Cpoli

480 3962 806 4016 Christiana
828 3961 1172 4030 reperimus,
1200 3978 1305 4017 nec
1329 3962 1398 4016 ab
1423 3963 1540 4019 ullo
1572 3966 1849 4037 scriptore
1872 3973 1939 4026 de
1963 3974 2122 4044 Cpoli

478 4052 699 4106 dictum
732 4050 911 4104 fuisse
946 4050 1217 4106 vidimus.
1252 4050 1479 4122 Gyllius
1510 4055 1711 4111 scribit
1751 4058 1820 4111 de
1870 4060 2123 4131 Barbysa

480 4142 653 4196 ﬂuvio
685 4158 863 4213 prope
913 4140 1133 4211 Cpolim
1167 4141 1337 4213 (126).
1384 4142 1634 4199 Ortelius
1672 4148 1826 4218 (127)
1857 4154 1928 4206 de
1968 4152 2119 4223 Bisa,

480 4229 667 4300 bizya,
702 4229 829 4283 Bizo
863 4228 1126 4284 Thracias
1159 4238 1211 4284 et
1242 4230 1453 4285 Mmsiae
1498 4233 1762 4306 urbibus,
1797 4240 1892 4293 sed
1928 4241 1997 4296 de
2029 4241 2119 4298 bis

477 4319 749 4374 omnibus
784 4317 875 4373 hic
908 4320 1001 4390 agi
1026 4335 1137 4374 non
1170 4325 1377 4390 potest.
1413 4322 1491 4375 Ex
1516 4322 1607 4378 bis
1627 4335 1816 4381 autem
1834 4329 1953 4397 jam
1989 4348 2119 4402 pro-

477 4422 618 4459 num
652 4408 741 4459 est
763 4404 1031 4474 judicare
1055 4405 1176 4460 haec
1203 4409 1345 4461 Acta
1378 4410 1570 4477 priora
1600 4410 1762 4482 Cpoli
1793 4432 1905 4470 non
1942 4418 2120 4475 fuisse

476 4493 713 4564 scripta,
755 4495 909 4564 quod
943 4495 1146 4549 iterum
1180 4512 1247 4548 ex
1281 4496 1431 4551 infra
1461 4498 1720 4555 dicendis
1754 4520 1899 4573 pene
1931 4509 2116 4562 mani-

2253 1916 2433 1971 fuisse
2464 1915 2695 1980 dixeris,
2757 1914 2931 1982 cujus
2979 1912 3251 1981 frequens
3285 1910 3497 1967 mentio
3537 1911 3590 1965 in
3626 1910 3754 1965 Actis
3776 1910 3817 1964 S.

2246 2004 2546 2073 Stephani,
2579 2017 2865 2072 quemque
2895 2016 2963 2054 ex
2985 1999 3191 2053 iisdem
3216 2016 3331 2054 non
3356 1996 3551 2069 procul
3571 1998 3635 2052 ab
3657 1997 3818 2068 Hippo-

2249 2094 2496 2157 dromio,
2521 2091 2956 2162 martyriorum,
2987 2087 3044 2141 in
3077 2087 3187 2143 hac
3210 2088 3615 2158 persecutione,
3644 2086 3819 2143 ordina-

2248 2181 2332 2237 rio
2373 2183 2615 2247 theatro,
2650 2178 2848 2244 situm,
2894 2193 2959 2231 ac
3005 2176 3173 2231 valde
3202 2174 3475 2231 tetricum
3507 2176 3670 2231 fuisse
3687 2190 3820 2245 appa-

2247 2275 2333 2327 ret
2384 2270 2553 2341 (130).
2614 2266 3035 2338 Metaphrastes
3066 2265 3160 2320 hic
3199 2264 3461 2321 insinuat
3510 2270 3563 2319 S.
3596 2266 3819 2319 Andream

2246 2361 2443 2432 plures
2474 2360 2599 2414 dies
2626 2357 2684 2411 in
2708 2371 2936 2412 carcere
2970 2354 3321 2426 transegisse
3343 2362 3399 2409 et
3426 2355 3604 2410 socios
3624 2353 3820 2425 captivos

2245 2450 2624 2505 confirmasse
2649 2464 2662 2513 ;
2688 2446 2779 2501 cui
2809 2447 2949 2501 Acta
2975 2436 3167 2514 priora
3189 2444 3576 2499 contradicere
3594 2443 3819 2507 videntur,

2245 2543 2298 2594 et
2331 2537 2634 2593 manifeste
2664 2533 3009 2590 contradicit
3039 2534 3414 2605 synaxarium
3445 2550 3510 2589 ex
3549 2533 3614 2587 iis
3642 2536 3821 2588 contra-

2245 2636 2420 2695 ctum,
2454 2636 2506 2684 et
2546 2643 2707 2682 num.
2739 2627 2775 2679 5
2832 2626 3138 2679 recitatum
3172 2641 3188 2692 ;
3219 2639 3356 2679 nam
3392 2624 3471 2679 ibi
3512 2623 3818 2696 posterajam

2244 2720 2357 2789 die,
2406 2733 2599 2773 coram
2648 2718 3008 2787 Copronymo
3056 2714 3271 2769 iterum
3304 2714 3639 2785 apparuisse
3666 2712 3819 2773 fertur,

2242 2808 2397 2879 quod
2431 2807 2568 2862 item
2594 2803 2983 2877 synaxaristes
3006 2802 3353 2858 Menaaorum
3380 2803 3601 2869 asserit,
3624 2801 3675 2856 in
3694 2804 3821 2856 cate-

2242 2896 2319 2951 ris
2350 2894 2622 2952 omnibus
2676 2893 2818 2964 ipsis
2867 2891 3269 2963 Metaphrastes
3308 2892 3500 2947 verbis
3541 2887 3821 2946 locutus.ln

2239 2986 2449 3040 iisdem
2484 2983 2710 3038 Menaeis
2762 2982 3008 3046 excusis,
3038 2981 3107 3035 ad
3142 2997 3315 3035 xxvut
3345 2980 3674 3036 Novembris
3698 2977 3821 3048 (131'),

2242 3074 2339 3128 ubi
2371 3074 2438 3128 de
2471 3074 2528 3128 S.
2563 3071 2851 3143 Stephano
2883 3071 3094 3125 dicitur
3123 3086 3255 3125 eum
3292 3070 3350 3124 in
3377 3085 3596 3125 carcere
3632 3063 3821 3140 praetorii

2242 3163 2419 3219 fuisse
2440 3163 2762 3227 detentum,
2777 3159 3009 3215 additur
3024 3175 3156 3214 eum
3180 3158 3260 3213 ibi
3279 3163 3515 3214 Petrum
3535 3157 3822 3213 etAndream

2246 3251 2554 3323 reperisse,
2590 3266 2786 3304 verum
2835 3248 2977 3303 illud
3012 3248 3301 3303 evidenter
3349 3262 3648 3304 erroneum
3677 3252 3761 3309 est,
3786 3246 3825 3295 et

2236 3356 2299 3395 ex
2327 3338 2472 3394 male
2498 3339 2791 3394 intellecto
2823 3337 3151 3407 Menologio
3176 3336 3476 3393 Basiliano
3507 3334 3761 3408 proﬂuxit.
3781 3332 3822 3384 In

2236 3429 2410 3498 hujus
2442 3430 2771 3496 synaxario,
2804 3427 2875 3481 ad
2908 3429 3179 3481 eumdem
3211 3425 3394 3492 diem,
3428 3425 3620 3481 titulus
3652 3422 3819 3479 habet:

2234 3517 2538 3573 Certamen
2581 3517 2639 3573 S.
2673 3515 2948 3587 Stephani
2978 3515 3237 3570 Junioris
3280 3515 3551 3570 monachi
3579 3519 3631 3570 et
3658 3514 3823 3578 marty-

2234 3607 2335 3672 ris,
2370 3611 2427 3661 et
2458 3607 2561 3677 qui
2602 3622 2734 3660 cum
2785 3620 2850 3660 eo
2902 3603 3054 3673 passi
3114 3606 3272 3671 sunt,
3324 3603 3483 3659 Petri
3536 3607 3592 3658 et
3617 3599 3820 3657 Andreae.

2234 3695 2373 3750 Dein
2406 3696 2465 3751 S.
2499 3695 2762 3749 Andreas
2795 3692 3030 3764 quidem
3062 3691 3279 3747 dicitur
3310 3692 3627 3748 monachus
3651 3690 3820 3744 fuisse:

2233 3784 2259 3837 ὁ
2293 3784 2460 3852 ὅσιος,
2494 3783 2593 3838 sed
2624 3784 2682 3837 S.
2718 3784 2923 3837 Petrus
2951 3788 3185 3836 vocatur
3212 3781 3559 3851 simpliciter
3586 3795 3598 3834 :
3629 3778 3653 3831 ὁ
3681 3778 3817 3849 ἅγιος,

2232 3878 2287 3928 et
2308 3873 2590 3928 enarratis
2622 3872 2869 3927 breviter
2897 3871 3204 3925 amborum
3238 3872 3554 3942 martyriis,
3577 3866 3722 3924 sicuti
3748 3880 3823 3919 su-

2233 3979 2337 4034 pra
2366 3968 2423 4018 et
2453 3963 2511 4017 in
2551 3961 2709 4016 Actis
2746 3959 3183 4024 describuntur,
3217 3959 3288 4014 de
3314 3962 3374 4013 Β.
3412 3961 3579 4015 Petro
3617 3954 3821 4013 additur.

2233 4068 2363 4107 eum
2400 4051 2563 4123 prius
2621 4063 2853 4105 carcere
2880 4048 3181 4103 detentum
3209 4046 3392 4103 fuisse
3443 4049 3564 4118 (cfr.
3614 4060 3753 4102 num.
3778 4039 3823 4094 15

2228 4143 2384 4197 circa
2417 4141 2640 4210 ﬁnem).

2301 4232 2388 4284 32.
2432 4229 2653 4294 Quibus
2711 4244 2825 4283 non
2885 4231 3157 4284 accurate
3213 4226 3502 4284 discussis
3558 4228 3655 4283 aut
3698 4222 3825 4294 juxta

2231 4320 2371 4373 Acta
2392 4317 2729 4373 authentiea
2746 4317 3089 4387 emendatis,
3111 4317 3506 4389 synaxaristes
3525 4316 3822 4371 Menazorum

2228 4408 2506 4462 discernit
2545 4425 2578 4461 a
2635 4405 2933 4462 monachis
2989 4407 3046 4461 S.
3084 4407 3317 4461 Petrum
3342 4412 3399 4462 et
3440 4407 3500 4462 S.
3558 4404 3822 4461 Andream,

2228 4498 2493 4568 quamvis
2518 4504 2708 4566 aperte
2732 4512 2847 4551 non
2871 4496 3026 4551 dicat
3047 4512 3147 4551 eos
3174 4497 3492 4551 monachos
3522 4511 3632 4550 non
3657 4490 3819 4549 fuisse;

475 4588 685 4641 festum
713 4585 828 4638 fiet.
863 4588 1038 4639 Porro
1069 4601 1199 4638 cum
1235 4586 1293 4640 S.
1324 4587 1582 4644 Andreas
1605 4591 1825 4660 Cpolim
1852 4595 2116 4653 advenis-
2147 4599 2205 4665 D
2229 4594 2285 4644 εἰ
2317 4589 2516 4642 “idem
2551 4590 2842 4642 trecentos
2873 4590 2929 4641 el-
2981 4587 3366 4657 quadraginta
3416 4587 3563 4641 dUOS
3593 4580 3820 4651 captiV°31

476 4681 583 4740 set,
618 4674 773 4728 illico
807 4673 877 4728 ad
911 4672 1187 4742 palatium
1230 4676 1380 4742 quod
1413 4693 1443 4729 a
1476 4676 1535 4733 S.
1569 4678 1859 4736 Mamante
1892 4701 2116 4741 nuncu-

476 4768 672 4833 patur,
723 4778 780 4816 se
812 4761 1076 4829 contulit,
1111 4764 1261 4833 quod
1314 4763 1393 4817 ibi
1436 4765 1753 4835 imperator
1783 4770 2031 4842 degeret,
2066 4784 2119 4831 et

475 4853 749 4908 continua
775 4852 1184 4922 martyriorum
1218 4854 1550 4922 spectacula
1580 4854 1637 4909 in
1668 4858 1964 4927 adjacenle
1988 4864 2118 4935 Hip-

477 4945 776 5015 podromio
809 4946 959 5013 (128)
990 4946 1319 4998 ederentur.
1354 4944 1640 5001 Palatium
1666 4946 1806 5003 illud
1842 4960 1998 5007 extra
2022 4972 2116 5008 ur-

474 5035 627 5103 bem,
663 5035 1023 5089 occidentem
1056 5050 1282 5100 versus,
1316 5032 1374 5087 in
1402 5034 1625 5090 decima
1656 5046 1861 5109 quarta
1884 5043 2117 5113 regione

546 5184 695 5254 (121)
720 5183 783 5236 Τ.
818 5182 838 5237 Ι
869 5182 1131 5247 Januar.,
1169 5198 1223 5252 p.
1256 5182 1405 5251 262;

726 5324 873 5378 Edit.
909 5322 1089 5393 Paris,
1126 5341 1180 5395 p.
1212 5325 1356 5394 263;
1399 5326 1484 5381 cfr
1508 5330 1547 5382 t.
1583 5329 1633 5384 ΙΙ
1664 5329 1816 5397 Feb.,
1850 5330 1957 5388 loc.
1993 5335 2112 5398 cit.,

476 5404 595 5453 not.
630 5404 668 5449 1'.

547 5468 693 5537 (123)
723 5466 786 5521 Τ.
826 5468 842 5521 Ι
878 5467 1033 5530 Maii,
1068 5486 1121 5538 p.
1156 5486 1349 5525 xxvm.

546 5541 691 5607 (1‘24)
726 5539 788 5593 Τ.
830 5540 1083 5607 [April.,
1122 5559 1171 5609 p.
1204 5543 1329 5609 269,
1368 5559 1419 5594 Ρ.
1462 5542 1544 5596 13.

546 5611 886 5686 (125)91rl.
926 5612 1132 5671 IMali,
1172 5632 1224 5674 ι).
1269 5632 1341 5667 v11
1381 5631 1391 5667 :
1427 5621 1480 5669 et
1513 5632 1708 5679 supra,
1744 5615 1772 5684 ξ
1804 5633 1840 5678 ῐ,
1876 5620 2112 5686 passim.

546 5684 696 5755 (126)
730 5684 805 5737 De
840 5684 1088 5754 Bosporo
1112 5686 1376 5751 Thracio,
1403 5688 1548 5754 apud
1587 5684 2112 5763 GronoviiAntiqq.

1450 5183 1532 5238 cfr
1553 5187 1592 5239 t.
1630 5185 1683 5240 Il
1717 5186 1906 5255 Febr.,
1937 5207 1990 5261 p.
2024 5192 2115 5263 91,

2228 4677 2440 4747 quibus
2472 4676 2530 4731 S.
2565 4674 2903 4746 Stephanus
2934 4675 2991 4729 in
3040 4674 3306 4744 prmtorio
3338 4675 3645 4746 adjunctus
3671 4666 3822 4732 est,in

2228 4765 2548 4820 monachos
2606 4769 2663 4819 et
2721 4764 2867 4820 alios
2924 4764 3286 4835 distinguere
3341 4764 3589 4819 videtur.
3629 4764 3821 4815 Verum.

2225 4860 2349 4911 tam
2399 4854 2696 4910 distinctio
2740 4855 2875 4921 ista,
2913 4869 3093 4925 quam
3126 4854 3433 4925 praesentia
3459 4854 3514 4910 S.
3546 4851 3757 4907 Andreae
3779 4844 3821 4897 in

2227 4959 2453 4999 carcere
2486 4943 2736 5014 praetorii
2772 4959 2903 4997 cum
2936 4943 2993 4998 S.
3026 4942 3336 5014 Stephano,
3381 4958 3449 4998 ex
3482 4940 3741 5011 scriptore
3757 4930 3818 4986 di.

2226 5032 2612 5104 ligentissimo
2658 5036 2714 5088 et
2755 5048 2939 5088 coaevo
2987 5032 3277 5103 Stephano
3336 5031 3608 5097 Diacono,
3632 5029 3717 5099 qui
3744 5018 3818 5076 342

2225 5193 2430 5254 Gram,
2459 5192 2499 5242 t.
2535 5187 2660 5254 VII,
2685 5186 2794 5242 col.
2823 5186 2981 5241 3128.

2294 5262 2442 5331 (127)
2484 5258 2687 5317 Ortelii
2735 5258 3069 5314 Thesaurus
3100 5257 3545 5331 geographicus.
3590 5254 3819 5315 Antverp.

2225 5334 2383 5391 1596.

2296 5404 2443 5475 (1'28)
2501 5400 2842 5475 Theophan.
2895 5400 3006 5475 loc.
3068 5401 3192 5471 cit.,
3256 5417 3313 5473 p.
3374 5400 3499 5466 667,
3563 5396 3680 5461 676,
3724 5388 3821 5452 677,

2222 5480 2349 5539 682,
2382 5473 2517 5541 etc.,
2544 5475 2675 5528 etin
2710 5473 2866 5528 Actis
2893 5473 3065 5529 intra.

2298 5548 2445 5615 (129)
2474 5546 2626 5600 Edit.
2662 5547 2870 5609 Bonn.,
2906 5546 3119 5616 p.598.

2295 5608 2446 5691 (130)
2479 5616 2643 5691 Anal.
2668 5634 2868 5691 grege,
2987 5619 3110 5684 466,
3146 5618 3247 5672 467
3278 5621 3333 5673 et
3364 5631 3516 5687 seqq.
3546 5615 3598 5667 et
3632 5608 3738 5664 499.

2296 5688 2447 5763 (131)
2479 5688 2739 5743 Venetiis
2774 5688 2931 5759 1813,
2968 5706 3024 5759 ρ.
3056 5691 3181 5744 21o.
