4106 6200
309 319 457 378 1105

1525 316 1711 376 VITA
1755 319 1819 376 S.
1868 317 2207 378 ANDRE/E
2250 320 2329 379 ΙΝ
2376 320 2599 380 CllISl.

3557 319 3710 381 1106

301 473 433 529 illos
457 474 717 545 captivos
749 490 953 530 omnes
985 473 1301 529 monachos
1330 474 1509 529 fuisse
1541 476 1753 531 diserte
1789 494 1957 532 asse-
1986 478 2046 544 A
2072 477 2457 533 illustrantur.
2494 478 2602 532 Bos
2649 474 2869 530 scilicet
2919 492 3017 531 seu
3055 475 3242 531 forum
3278 475 3467 542 Bovis,
3502 492 3713 532 nomen

302 564 396 629 rit,
427 580 533 619 nec
566 564 751 618 ullum
814 566 1044 619 Petrum
1077 568 1177 618 aut
1235 564 1530 620 Andream
1564 569 1685 621 tum
1732 583 1961 623 carcere

303 651 624 722 detentum,
674 652 761 708 vel
817 652 1038 708 socium
1088 652 1353 722 quemvis
1403 669 1533 707 cum
1577 653 1634 708 S.
1668 657 1959 726 Stephano

304 757 369 795 su
382 741 591 811 pplicio
607 742 883 797 traditum
896 747 1317 805 commemorat,
1333 742 1541 813 corrigi
1557 744 1769 798 debent
1789 745 1956 815 (132).

309 829 367 885 Id
402 830 612 885 iterum
647 836 887 903 apparet
934 848 1003 886 ex
1034 848 1255 886 canone
1303 831 1356 885 S.
1407 832 1711 903 Stephani,
1746 832 1803 888 in
1836 835 1961 889 Mc-

312 920 455 975 nreis
496 921 565 975 ad
613 938 785 976 xxvm
826 920 1189 988 Novembris,
1240 924 1336 991 qui
1383 936 1567 976 canon
1620 923 1957 994 scriptorem

309 1009 542 1080 prmfert
590 1011 859 1066 eumdem
892 1010 950 1065 S.
1003 1009 1343 1081 Josephum,
1400 1011 1496 1081 qui
1556 1013 1798 1067 Andreae
1857 1030 1961 1068 ca—

309 1115 522 1153 nonem
558 1099 926 1155 concinnavit
975 1116 1041 1154 ac
1072 1116 1283 1155 nomen
1316 1100 1375 1155 in
1404 1101 1595 1156 ulimae
1643 1102 1765 1157 odm
1797 1118 1958 1159 acro-

310 1187 562 1244 stiehide
591 1189 823 1261 signare
863 1190 1187 1256 consuevit,
1219 1206 1513 1261 quemque
1542 1208 1713 1247 nosse
1744 1195 1959 1263 poterit

310 1277 507 1333 Lector
536 1294 605 1333 ex
656 1278 814 1333 Actis
852 1296 884 1333 a
918 1279 1309 1350 Papebrochio
1354 1279 1528 1335 editis
1554 1281 1624 1335 ad
1658 1282 1810 1337 diem
1845 1290 1959 1338 ter-

310 1366 454 1422 tium
483 1367 695 1439 Aprilis
733 1368 908 1438 (133).
944 1369 1005 1424 In
1038 1368 1147 1425 hoc
1168 1384 1414 1438 canone,
1447 1371 1554 1425 ode
1583 1371 1636 1438 6,
1671 1372 1843 1427 etiam
1868 1387 1960 1428 ce-

305 1454 603 1510 lebrantur
653 1456 713 1510 S.
773 1456 990 1512 Paulus
1052 1473 1223 1529 quem
1282 1457 1617 1515 Gretensem
1676 1461 1955 1527 diximus,

307 1544 404 1601 SS.
440 1549 723 1614 martyres
763 1547 1039 1618 Ephesini
1096 1549 1165 1601 38
1223 1548 1349 1619 (cfr.
1408 1565 1588 1621 supra
1644 1566 1808 1608 num.
1845 1552 1954 1621 13),

307 1634 365 1689 S.
420 1638 626 1690 Petrus
665 1636 736 1690 de
793 1636 1149 1702 Blacbernis,
1197 1640 1395 1694 eodem
1456 1639 1659 1694 ordine
1690 1641 1950 1707 omnino,

307 1739 493 1794 eoque
523 1723 644 1778 illis
676 1724 935 1795 martyrii
974 1742 1182 1794 genere
1214 1727 1454 1797 tributo,
1497 1744 1612 1798 quo
1644 1730 1797 1800 apud
1831 1734 1954 1784 Ste-

2068 568 2451 624 mutuabatur
2481 586 2513 621 a
2543 567 2771 621 camino
2814 582 2968 619 mneo
3002 566 3059 619 in
3109 566 3351 621 formam
3388 567 3549 623 bovis
3580 584 3715 623 con-

2068 659 2223 725 ﬂata,
2258 658 2315 712 in
2350 673 2467 728 quo
2496 660 2664 711 ustus
2704 655 2885 709 fertur
2914 654 2971 708 S.
3006 654 3243 724 Antipas
3281 662 3523 727 martyr,
3552 660 3714 711 ante-

2067 765 2242 818 quam
2276 750 2556 818 Pergamo
2599 745 2822 816 Cpolim
2858 761 2889 798 a
2927 743 3249 798 Theodosio
3313 760 3521 816 magno
3564 748 3715 800 esset

2068 840 2360 903 advectus,
2387 838 2603 909 quique
2624 837 2680 890 in
2706 835 2815 891 hoc
2841 836 2959 889 foro
2984 835 3299 889 eminebat.
3325 834 3402 890 De
3432 835 3541 890 hoc
3568 853 3712 890 mar-

2066 927 2196 999 tyrii
2231 920 2621 982 instrume’nto
2645 924 2872 995 egregie
2892 923 3153 993 disputat
3178 923 3483 978 Morcellus
3516 929 3714 979 noster

2067 1016 2123 1070 in
2160 1016 2519 1072 doctissimis
2551 1014 3004 1070 Commentariis
3036 1013 3248 1084 quibus
3298 1013 3711 1069 Kalendarium

2067 1123 2238 1161 suum
2272 1105 2643 1177 Cpolitanum
2675 1103 2978 1159 exornavit
3007 1103 3179 1171 (135).
3209 1104 3484 1174 Capiebat
3516 1110 3710 1157 autem

2068 1195 2255 1249 forum
2309 1194 2476 1251 Bovis
2517 1195 2825 1249 undecima
2884 1192 3061 1261 regio,
3095 1208 3210 1247 non
3251 1191 3516 1262 procula
3565 1192 3711 1246 freto

2065 1286 2329 1340 Ceratino
2384 1285 2613 1353 dissita,
2676 1299 2780 1338 nec
2819 1301 2850 1337 a
2899 1286 3059 1353 porta
3105 1281 3577 1349 Blaohernarum,
3613 1281 3712 1337 ubi

2066 1377 2233 1433 multi
2268 1376 2616 1431 habitabant
2672 1375 2989 1444 piscatores
3021 1373 3190 1443 (136).
3243 1374 3320 1427 De
3352 1373 3502 1427 Bove
3543 1371 3713 1443 plura

2064 1468 2241 1522 etiam
2273 1464 2571 1536 congessit
2603 1462 2741 1518 olim
2766 1461 3197 1534 Papebrochius
3221 1462 3391 1532 (137).
3416 1461 3496 1515 Ex
3520 1477 3584 1517 eo
3609 1476 3712 1515 au-

2067 1561 2181 1611 tem
2207 1555 2359 1626 quod
2384 1554 2463 1609 ibi
2487 1554 2676 1609 forum
2704 1551 2880 1607 fuisse
2903 1551 3150 1619 dicatur,
3177 1550 3341 1604 facile
3365 1549 3711 1621 intelligitur

2066 1648 2220 1716 quod
2256 1644 2314 1698 in
2346 1641 2505 1697 Actis
2538 1641 2753 1696 nostris
2806 1640 3090 1711 scriptum
3127 1644 3213 1694 est
3254 1640 3533 1705 num.15,
3584 1643 3711 1693 tru-

2063 1734 2363 1789 culentum
2403 1731 2571 1786 illum
2625 1731 2972 1802 piscatorem
3029 1728 3280 1795 hastam,
3341 1745 3409 1782 ex
3463 1728 3709 1783 macello

307 1811 568 1882 pbanum
618 1812 941 1868 Diaconum
990 1815 1410 1886 insigniuntur.
1457 1816 1953 1889 Hymnograpbus
1986 1823 2319 1919 Bquodam
2378 1820 2455 1876 ibi
2515 1824 2830 1889 arreptam,
2881 1817 3246 1873 adhibuisse.
3307 1817 3709 1872 Conferendus

305 1900 485 1971 igitur
517 1901 576 1956 S.
609 1902 881 1973 Stephani
907 1905 1046 1958 Acta
1077 1904 1332 1975 genuina
1366 1904 1817 1975 perlustraverit,
1857 1908 1954 1963 sed

307 2006 423 2044 non
468 1990 608 2046 item
658 1992 1056 2063 synaxaristes
1109 1994 1499 2063 Menaeorum;
1535 1996 1708 2067 idque
1756 1996 1843 2051 vel
1893 2014 1959 2054 eo

309 2082 573 2139 evincere
603 2098 930 2154 possemus,
966 2084 1122 2153 quod
1148 2084 1275 2153 ejus
1306 2101 1518 2156 corpus
1545 2086 1605 2141 in
1638 2103 1796 2142 mare
1826 2105 1956 2158 pro-

302 2171 526 2241 jectum
561 2172 739 2228 fuisse
797 2173 1026 2241 referat,
1082 2169 1132 2225 ἐν
1163 2176 1240 2243 τῷ
1269 2171 1518 2247 πελάγει,
1555 2191 1688 2231 cum
1747 2176 1806 2231 in
1863 2176 1960 2232 Pe-

305 2260 460 2332 lagia
484 2263 795 2317 dicendum
821 2262 1046 2318 fuisset.
1064 2265 1252 2335 Atque
1275 2263 1369 2320 hic
1384 2266 1555 2320 etiam
1581 2265 1956 2332 advertimus,

305 2351 459 2420 quod
487 2350 703 2406 dudum
722 2352 845 2421 jam
870 2352 1299 2423 Papebrochius
1318 2355 1545 2409 monuit
1565 2355 1959 2425 (134),0fﬁcia

306 2445 362 2497 et
391 2455 642 2496 canones
673 2442 1027 2497 Menaeorum
1089 2443 1429 2515 plerumque
1469 2447 1791 2517 synaxariis
1827 2461 1957 2502 esse

308 2531 492 2587 multo
522 2532 853 2603 antiquiora
884 2537 940 2587 et
988 2533 1341 2604 probatiora.
1394 2539 1565 2591 Porro
1607 2537 1801 2607 prodit
1833 2538 1958 2607 qui-

308 2621 465 2686 dem,
508 2621 567 2676 in
628 2622 827 2676 eodem
869 2621 1110 2692 Josephi
1151 2639 1371 2678 canone
1402 2624 1473 2679 de
1521 2625 1579 2679 S.
1639 2625 1955 2696 Stephano,

311 2712 484 2765 etiam
542 2709 804 2765 Andreas
847 2720 1091 2780 martyr,
1142 2712 1244 2766 sed
1302 2717 1463 2768 extra
1521 2713 1732 2769 seriem
1793 2714 1953 2771 illam

311 2814 486 2871 quam
534 2815 601 2854 ex
657 2802 713 2854 S.
765 2800 1039 2871 Stephani
1086 2802 1243 2856 Actis
1298 2806 1627 2873 excerptam
1679 2802 1955 2875 diximus,

314 2888 433 2944 Ode
466 2904 677 2959 nempe
706 2892 927 2959 octava,
970 2891 1226 2960 tropario
1252 2892 1425 2946 tertio
1456 2911 1469 2959 ;
1507 2908 1697 2964 neque
1726 2893 1959 2948 additur

309 2994 445 3033 eum
478 2994 611 3034 cum
634 2979 687 3032 S.
713 2978 1006 3049 Stephano
1036 2979 1095 3033 in
1120 2996 1345 3035 carcere
1378 2982 1631 3053 praetorii
1665 2986 1956 3037 versatum

313 3084 465 3136 esse,
494 3069 595 3124 sed
633 3069 834 3140 paucis
857 3071 1069 3135 verbis,
1098 3071 1268 3127 unico
1293 3072 1572 3143 Tropario
1596 3074 1726 3142 isto,
1749 3079 1962 3146 marty-

314 3157 465 3211 rium
497 3157 555 3211 in
588 3157 744 3212 hunc
766 3159 1001 3214 modum
1036 3160 1342 3230 exponitur
1374 3177 1386 3215 :
1416 3162 1661 3217 Fortiter
1683 3179 1954 3233 persecu-

2067 1912 2242 1967 etiam
2274 1913 2616 1979 Anonymus
2638 1907 3103 1963 Combeﬁsianus
3134 1906 3302 1977 (138),
3336 1906 3433 1976 qui
3465 1923 3534 1961 ex
3567 1908 3711 1960 Bove

2068 2017 2223 2055 aeneo
2261 2014 2534 2053 nummos
2564 2013 2734 2052 cusos
2764 1996 2835 2049 ab
2867 1995 3128 2051 Heraclio
3160 1995 3358 2059 refert,
3392 1999 3455 2048 ut
3512 1993 3591 2048 ita
3636 1992 3710 2047 ad

2068 2088 2413 2160 Copronymi
2442 2094 2900 2157 usquelempora
2928 2089 3037 2140 Bos
3066 2101 3182 2139 non
3216 2084 3611 2155 permansisse
3632 2083 3713 2137 vi-

2068 2178 2294 2245 deatur,
2330 2176 2427 2233 sed
2462 2175 2657 2230 solum
2690 2190 2899 2229 nomen
2930 2174 3051 2228 foro
3088 2172 3361 2227 inditum.
3398 2177 3579 2227 Locus
3612 2171 3710 2227 ille

2068 2267 2446 2322 foedissimus.
2471 2266 2528 2319 in
2554 2280 2727 2335 quem
2753 2263 2809 2318 S.
2836 2263 3098 2317 Andreas
3129 2262 3424 2332 projectus
3452 2262 3581 2327 fuit,
3604 2261 3710 2315 Pe-

2065 2357 2204 2429 lagii
2236 2356 2627 2428 sepulcretum
2669 2358 2779 2421 est,
2822 2352 2974 2422 quod
3033 2350 3209 2405 etiam
3243 2352 3299 2406 S.
3352 2349 3711 2419 Stephanum

2065 2447 2369 2501 Juniorem
2404 2443 2697 2515 excepisse
2728 2445 2981 2496 testatur
3009 2439 3371 2509 Nicephorus
3403 2441 3459 2494 in
3490 2438 3715 2493 Brevia-

2066 2536 2172 2601 rio,
2206 2544 2257 2590 et
2290 2551 2356 2588 ex
2388 2534 2517 2603 ejus
2551 2532 2707 2585 Actis
2741 2530 2813 2585 ad
2840 2530 2994 2584 diem
3028 2546 3203 2583 xxvm
3227 2528 3503 2582 Novemb.
3537 2526 3715 2598 pluri-

2065 2627 2176 2681 bus
2209 2623 2618 2680 declarabitur.
2654 2624 2735 2675 En
2772 2620 3079 2691 Nicephori
3111 2619 3287 2673 verba
3333 2618 3562 2672 Petavio
3621 2619 3708 2673 in-

2065 2720 2316 2787 terprete
2351 2731 2363 2769 :
2394 2715 2441 2767 A
2476 2712 2693 2783 palatio
2727 2711 2799 2766 ad
2832 2708 3002 2764 Bovis
3045 2723 3231 2779 usque
3290 2707 3481 2761 forum
3535 2710 3713 2761 attra-

2066 2810 2244 2871 ctum,
2289 2802 2617 2858 miserrime
2657 2801 3112 2869 discerpserunt.
3159 2797 3334 2866 Cujus
3393 2812 3602 2866 corpus
3652 2795 3710 2850 in

2067 2910 2197 2949 eum
2231 2893 2423 2947 locum
2457 2906 2629 2961 quem
2677 2887 2891 2959 Pelagii
2926 2886 3194 2957 sepulcra
3223 2886 3548 2953 nominant,
3580 2888 3713 2938 tan-

2068 3000 2243 3056 quam
2295 2979 2543 3036 malefici
2593 2978 2898 3048 cujusdam
2941 2975 3222 3046 abjiciunt
3254 2991 3266 3028 :
3302 2974 3440 3029 illuc
3472 2974 3625 3027 enim
3658 2977 3714 3029 et

2068 3074 2440 3145 profanorum
2476 3068 2778 3139 gentilium
2803 3074 2855 3121 et
2886 3080 3080 3120 eorum
3115 3064 3215 3134 qui
3240 3062 3469 3135 capitali
3495 3061 3714 3132 snppli-

2068 3161 2154 3216 cio
2185 3158 2445 3214 damnati
2476 3159 2695 3223 essent,
2726 3155 3007 3209 cadavera
3054 3151 3515 3219 deportabantur
3543 3148 3708 3219 (139).

314 3246 428 3300 tori
460 3246 760 3314 resistens,
794 3247 986 3303 divina
1019 3248 1307 3320 sapientia
1355 3251 1631 3319 praedilus
1670 3231 1952 3317 Andreas,
1986 3231 2036 3299 C
2070 3250 2489 3320 Metaphrastcs
2522 3262 2683 3300 num.
2722 3244 2805 3311 15,
2850 3256 2907 3298 et
2939 3241 3330 3313 synaxaristes
3364 3240 3713 3294 Menaeorum

315 3333 561 3406 ﬂagellis
583 3336 923 3406 percutitur,
944 3340 1000 3391 et
1020 3337 1341 3394 immanem
1368 3343 1610 3395 mortem
1631 3341 1832 3409 justus
1865 3358 1958 3411 pa-

312 3424 620 3493 titur,jam
650 3424 920 3480 accinens
947 3425 1194 3481 Domino
1225 3428 1446 3484 Christo
1477 3428 1537 3484 in
1570 3429 1799 3485 saecula.
1832 3436 1957 3486 Non

317 3514 504 3585 potuit
551 3515 744 3585 itaque
786 3517 1073 3585 Josepbus
1108 3517 1617 3591 Hymnographus,
1653 3521 1752 3591 qui
1801 3521 1959 3592 Cpoli

316 3602 577 3672 degebat,
613 3604 960 3674 patriarcha
992 3607 1201 3677 Ignatii
1226 3607 1646 3678 Sceuophylax,
1671 3611 1768 3665 ubi
1801 3612 1871 3665 de
1901 3611 1959 3667 S.

319 3692 635 3763 Stephano,
670 3694 946 3764 primario
980 3695 1155 3751 totius
1205 3698 1627 3767 persecutionis
1666 3700 1963 3771 Coprony-

322 3780 529 3835 mianae
573 3786 824 3851 martyre
874 3784 1101 3855 agebat,
1136 3786 1309 3840 etiam
1343 3786 1400 3841 S.
1436 3787 1676 3842 Andreas
1728 3788 1785 3842 in
1819 3789 1963 3843 Crisi

327 3885 445 3925 non
497 3871 853 3938 meminisse,
886 3872 1022 3929 licet
1066 3874 1125 3928 in
1159 3873 1319 3929 Actis
1349 3879 1403 3930 S.
1435 3875 1714 3947 Stephani
1746 3894 1872 3948 quae
1905 3878 1964 3933 in

322 3973 544 4015 canone
576 3975 682 4015 suo
715 3964 947 4017 secutus
978 3962 1223 4030 videtur,
1258 3964 1327 4019 de
1356 3980 1422 4019 eo
1455 3966 1671 4020 mentio
1694 3982 1809 4021 non
1843 3967 1962 4022 fiat.

319 4050 380 4104 Id
422 4048 630 4104 iterum
665 4050 886 4121 patebit
916 4066 982 4106 ex
1013 4050 1287 4108 laudibus
1319 4053 1534 4124 quibus
1584 4055 1641 4109 S.
1674 4056 1964 4112 Andream

319 4140 582 4195 cumulat
611 4139 672 4196 in
706 4157 926 4195 canone
949 4156 1123 4212 quem
1150 4141 1366 4213 deipso
1399 4143 1787 4213 concinnavit,
1822 4151 1877 4201 et
1897 4162 1965 4201 ex

320 4242 430 4298 quo
462 4228 706 4283 inferius
738 4228 990 4300 plurima
1022 4230 1395 4300 proferimus.

392 4317 481 4371 33.
550 4318 806 4374 Eductus
876 4324 966 4375 est
1019 4325 1076 4375 S.
1139 4323 1404 4377 Andreas
1468 4341 1497 4378 e
1556 4341 1785 4381 carcere
1839 4343 1966 4397 suo,

324 4422 500 4478 quem
531 4406 746 4462 Phialae
770 4408 945 4463 fuisse
965 4411 1359 4467 verosimilius
1382 4412 1658 4482 diximus,
1682 4416 1751 4469 ad
1786 4415 1967 4487 impe-

324 4500 600 4560 ratorem,
634 4498 690 4550 et
720 4512 915 4552 coram
949 4515 1014 4554 eo
1047 4499 1370 4571 imaginum
1404 4504 1832 4559 venerationem
1867 4506 1969 4561 ite-

2069 3342 2126 3396 S.
2154 3340 2443 3393 Andream
2460 3337 2517 3390 in
2532 3336 2723 3389 locum
2740 3331 3133 3387 maleﬁcorum
3157 3330 3473 3401 projectum
3490 3328 3711 3394 dicunt,

2068 3437 2135 3486 et
2180 3429 2327 3482 inter
2386 3441 2695 3496 corporum
2740 3420 3065 3490 congeriem
3124 3426 3459 3490 repertum;
3513 3433 3714 3472 verum

2070 3517 2448 3589 TbeOphanes
2469 3520 2661 3584 aperte
2693 3510 2923 3580 Pelagia
2946 3508 3163 3562 indicat
3187 3509 3383 3577 (supra
3407 3522 3566 3561 num.
3602 3505 3713 3576 14).

2073 3610 2188 3663 Cur
2218 3611 2411 3661 autem
2444 3603 2644 3659 eadem
2696 3598 2962 3669 sepulcra
2993 3615 3105 3653 non
3141 3596 3377 3665 Pelagii,
3412 3596 3510 3649 sed
3553 3594 3717 3648 Pela-

2073 3698 2198 3770 gine,
2228 3702 2327 3763 τῆς
2368 3694 2525 3769 ἁγίας
2566 3690 2855 3764 Πελαγίας,
2889 3691 2959 3745 ab
3019 3688 3315 3759 aliquibus
3370 3686 3526 3740 dicta
3574 3685 3713 3750 sint,

2075 3788 2379 3857 diligenter
2410 3786 2648 3856 inquirit
2686 3780 3020 3852 Janningus
3055 3780 3115 3833 in
3165 3777 3342 3833 Actis.
3374 3781 3431 3831 8.
3468 3775 3715 3845 Pelagia:

2072 3876 2448 3933 Antiocheam
2506 3874 2673 3946 (140),
2722 3888 2826 3926 nec
2886 3868 3329 3940 explicationem
3389 3864 3610 3936 Cangii,
3644 3864 3715 3918 ad

2076 3968 2290 4022 calcem
2323 3963 2632 4020 Annalium
2662 3964 2891 4016 Zonarm
2935 3958 3229 4024 traditam,
3258 3955 3486 4012 admitti
3522 3967 3715 4026 posse,

2075 4061 2225 4112 recte
2255 4055 2467 4111 ibidem
2502 4053 2745 4109 evicisse
2773 4051 3013 4106 videtur.

2230 4145 2258 4217 ἓ
2288 4144 2375 4199 IV.
2411 4146 2468 4199 S.
2503 4142 2751 4198 Andreae
2788 4139 3066 4210 reliquiae,
3099 4134 3392 4199 miracula,
3428 4133 3575 4189 locus

2740 4231 3054 4302 sepulturae-

2148 4328 2238 4383 34.
2273 4327 2492 4396 Corpus
2525 4324 2582 4379 S.
2609 4323 2847 4377 Andreae
2869 4320 2926 4374 in
2960 4316 3200 4388 Pelagiis
3233 4332 3333 4387 per
3364 4312 3714 4369 miraculum

2077 4422 2370 4490 repertum
2399 4430 2464 4471 ac
2487 4432 2517 4469 a
2551 4412 2769 4468 caeteris
2797 4411 3135 4477 discretum,
3156 4423 3188 4460 a
3210 4406 3319 4477 piis
3342 4404 3482 4460 viris
3511 4404 3567 4458 in
3593 4403 3717 4458 loco

2078 4512 2282 4564 sancto
2315 4504 2493 4561 Crisis
2526 4502 2854 4574 depositum
2887 4504 2975 4554 est
3009 4515 3022 4566 ;
3058 4502 3228 4566 atque
3250 4494 3358 4550 hoc
3381 4494 3616 4565 quidem
3649 4507 3718 4546 ex

324 4601 457 4639 rum
491 4585 765 4639 audacter
795 4586 997 4653 tuitus,
1031 4605 1064 4641 a
1097 4588 1310 4658 palatio
1342 4594 1396 4645 S.
1430 4593 1739 4649 Mamantis
1779 4595 1837 4649 in
1872 4612 1964 4650 ur-
1995 4606 2051 4672 ι)
2078 4597 2254 4661 Actis,
2294 4603 2356 4648 ut
2406 4594 2591 4661 aiunt,
2627 4587 3034 4661 anepigrapbis
3066 4602 3225 4640 num.
3266 4584 3348 4649 16,
3383 4580 3718 4651 insequenti

326 4675 459 4729 bem
510 4674 767 4744 pertrahi
804 4676 1046 4743 jubetur
1076 4676 1157 4746 (in
1207 4680 1386 4747 Actis,
1421 4697 1585 4736 num.
1629 4685 1695 4737 14
1743 4690 1798 4740 et
1853 4687 1967 4758 15),

329 4778 581 4835 cumque
604 4762 677 4818 ad
700 4764 887 4819 forum
920 4765 1085 4820 Bovis
1106 4768 1480 4837 pervenisset,
1506 4776 1718 4827 terram
1752 4775 1969 4848 ubique

329 4852 577 4924 irrigans
594 4868 814 4921 cruore,
842 4853 917 4908 ibi
942 4870 975 4909 a
997 4854 1277 4925 piscatore
1296 4858 1544 4926 quodam
1571 4862 1713 4930 pede
1734 4864 1965 4921 dextero

331 4940 613 5007 abscisso,
650 4941 905 4997 animam
941 4944 1054 4997 Deo
1089 4944 1346 4999 tradidit.
1410 4949 1569 5012 Quod
1631 4966 1762 5007 cum
1804 4955 1966 5009 vidis-

329 5033 480 5099 sent,
529 5029 626 5101 qui
669 5045 803 5086 eum
853 5031 1183 5102 trahebant,
1234 5034 1291 5089 in
1340 5033 1531 5093 locum
1582 5040 1967 5099 fmdissimum

327 5119 598 5176 exanime
654 5135 863 5192 corpus
906 5123 1218 5194 projecere.
1278 5126 1403 5181 Haec
1452 5144 1519 5183 ex
1586 5133 1970 5202 sequentibus

396 5285 543 5354 (132)
574 5284 741 5340 Anal.
776 5285 983 5356 Gram,
1030 5304 1085 5357 p.
1118 5289 1224 5345 500
1262 5298 1313 5346 et
1344 5292 1469 5349 517.

396 5357 545 5430 (133)
576 5357 643 5430 I.
674 5359 881 5430 April,
911 5376 965 5430 p.
989 5360 1112 5415 268.

396 5427 639 5552 ((133101
673 5427 749 5484 III
808 5427 1005 5499 Μαί-1.,
1065 5432 1262 5503 p.165
1291 5438 1417 5491 ett.
1461 5437 1484 5489 Ι
1531 5437 1712 5506 Junii,
1764 5456 1818 5510 p.
1887 5438 1970 5508 l7,

580 5574 642 5644 Τ·
669 5572 736 5644 ΙΙ,
765 5590 821 5644 p.
854 5574 942 5628 85.

399 5642 551 5713 (136)
581 5641 805 5713 Gyllius
837 5645 1085 5717 Topogr.
1126 5646 1313 5721 Cpol.,
1344 5649 1444 5705 lib.
1481 5667 1541 5721 Ii,
1576 5670 1701 5727 cap.
1735 5671 1794 5710 ιι.

326 5516 363 5554 Ι]

2081 4690 2246 4742 nocte
2298 4685 2509 4738 factum
2542 4698 2666 4736 esse
2696 4679 2944 4733 videtur.
2979 4674 3315 4730 Miraculum
3350 4681 3538 4726 tamen
3571 4686 3717 4740 prte—

2079 4776 2339 4842 citatum,
2372 4772 2523 4843 quod
2547 4769 2973 4840 Metaphrastes
3004 4769 3059 4820 et
3082 4764 3298 4819 Menzea
3327 4776 3541 4817 excusa
3572 4758 3717 4812 refe-

2078 4868 2235 4931 runt,
2269 4864 2330 4917 in
2363 4861 2564 4915 iisdem
2598 4860 2758 4912 Actis
2799 4873 2912 4911 non
2950 4856 3267 4923 comparet,
3302 4851 3399 4905 sed
3441 4848 3721 4904 omittunt

2078 4958 2328 5018 tantum,
2360 4967 2425 5005 ac
2451 4948 2595 5004 nihil
2629 4948 2934 5001 dissonum
2959 4944 3182 4997 addunt
3208 4940 3359 5011 quod
3396 4954 3524 4993 cum
3553 4937 3721 4990 Meta-

2078 5043 2309 5113 phraste
2342 5037 2611 5109 componi
2635 5052 2749 5092 non
2777 5034 2982 5106 possit.
3018 5035 3083 5086 Et
3106 5032 3225 5085 haec
3252 5032 3343 5084 est
3371 5028 3551 5082 altera
3574 5025 3717 5079 ratio

2077 5147 2183 5188 cur
2238 5133 2380 5185 Acta
2410 5128 2510 5183 illa
2541 5124 2701 5197 Cpoli
2752 5124 2967 5195 scripta
3014 5138 3128 5176 non
3174 5117 3356 5173 fuisse
3385 5116 3718 5171 videantur.

2150 5292 2298 5363 (137)
2329 5295 2391 5347 T.
2448 5290 2543 5346 VII
2588 5287 2744 5357 Maji,
2778 5303 2834 5358 p.
2888 5284 2979 5352 68,
3022 5300 3080 5338 n.
3125 5284 3191 5337 12
3238 5285 3293 5338 et
3330 5286 3371 5336 t.
3423 5281 3470 5335 II
3512 5279 3717 5351 Apri1.,

2079 5364 2603 5504 p.([1!38[).l€anipul.
2638 5430 2871 5504 Cpolih,
2904 5445 2959 5504 p.
2994 5428 3082 5482 20.

2174 5439 2294 5504 138)
2325 5439 2603 5499 Manipul.
2638 5439 2871 5501 Cpolit.,
2904 5445 2959 5499 p.
2994 5439 3082 5482 zu.

2150 5439 2517 5629 2533):.538.
2542 5505 2599 5560 ὀ.
2632 5502 2767 5558 edit.
2812 5500 2973 5556 Paris
3008 5517 3022 5569 ;
3054 5499 3140 5555 cl’r
3168 5497 3446 5555 Analecta
3498 5498 3715 5561 Graeca,

2080 5596 2135 5651 p.
2164 5578 2273 5634 519
2305 5584 2362 5633 et
2392 5578 2517 5631 520.

2151 5651 2298 5721 (140)
2331 5654 2393 5704 Τ.
2430 5648 2474 5703 Il
2506 5645 2686 5715 Junii,
2720 5662 2774 5717 p.
2813 5645 2933 5713 159,
2970 5660 3025 5700 n.
3056 5644 3126 5698 25
3155 5650 3207 5699 et
3239 5658 3402 5714 seqq.
