4042 6222
260 358 414 418 1109
1437 367 1621 426 Vl'I‘A
1668 367 1730 427 S.
1782 365 1856 426 AP

2067 367 2117 427 Ε
2162 369 2240 427 IN
2284 367 2512 428 CRISI.
3509 360 3663 421 1110

257 521 475 575 tescere
533 517 702 575 facile
750 518 1005 592 cuipiam
1056 522 1286 594 poterit,
1318 523 1754 597 inscriptionem
1800 527 1903 581 du-
1932 526 2456 598 APalzeogrOphiae
2508 528 2712 581 Graecae
2765 524 3142 596 reproducta;
3176 520 3393 579 scimus
3428 522 3665 593 quidem

260 607 472 679 plicem
522 608 852 665 destinavit.
905 611 1064 667 Hane
1117 615 1427 686 utramque
1466 616 1739 685 Cangius,
1772 631 1905 672 cum
2018 616 2160 671 Acta
2191 619 2248 671 et
2278 615 2466 672 Vitam
2494 618 2551 669 S.
2585 615 2824 670 Andreae
2856 612 3114 684 episcOpi
3154 612 3445 667 Cretensis
3475 609 3668 666 minus

261 698 647 768 comperisset
699 697 1037 755 Raulaanam
1086 715 1154 757 ex
1212 702 1447 759 Francis
1506 705 1744 776 stirpem
1806 706 1908 761 de-
2020 710 2158 761 nota
2180 706 2778 774 fuisse,etmartyrem
2802 700 3468 758 nostrumtaminfastis
3494 713 3667 770 quam

261 786 495 843 duxisse
525 787 697 859 (145),
752 788 812 843 in
856 789 1263 861 supplemento
1312 792 1505 865 Cpolis
1545 795 1909 862 Christiane,
2020 795 2078 851 in
2098 794 2274 861 Actis,
2303 795 2625 867 saepissime
2646 794 2976 849 Cretensem
3003 791 3138 857 dici,
3164 792 3258 845 sed
3286 790 3400 844 tunc
3421 790 3671 843 dubium

263 879 414 949 quod
446 878 684 934 Zonaras
716 879 1040 936 Annalibus
1065 883 1331 953 subjecit,
1357 884 1636 941 edendam
1668 887 1907 941 curavit.
2022 901 2137 940 non
2161 884 2411 940 solvunt.
2430 888 2509 939 En
2533 890 2725 939 autem
2749 882 2943 938 locum
2967 898 3035 936 ex
3053 880 3207 935 dicta
3228 878 3667 949 Dcscriptione:

259 970 376 1024 Nos
406 966 537 1023 illas
573 967 663 1022 hic
713 970 1073 1025 recudendas
1124 988 1253 1029 esse
1303 990 1415 1029 non
1450 975 1743 1041 duximus,
1776 993 1909 1031 cum
2024 974 2248 1029 Ibidem
2298 974 2358 1028 in
2410 973 2760 1029 monasterio
2816 969 3112 1042 Batopedii
3154 972 3280 1023 erat
3328 968 3467 1023 olim
3499 972 3673 1036 caput

264 1056 587 1129 praesertim
640 1057 698 1112 in
744 1058 1071 1115 extollendo
1123 1061 1411 1118 Raulaenae
1445 1080 1651 1134 genere
1699 1064 1913 1121 Planu-
2023 1064 2081 1119 S.
2115 1064 2354 1118 Andree
2386 1062 2679 1118 Cretensis
2714 1078 2726 1117 :
2763 1062 2863 1117 sed
2896 1064 3096 1116 Patres
3126 1076 3158 1114 a
3188 1058 3388 1113 multis
3411 1057 3537 1127 jam
3568 1072 3673 1110 an-
3786 1058 3793 1064 “

266 1146 367 1202 des
422 1162 567 1217 pene
618 1150 775 1203 totus
826 1148 904 1204 sit
946 1166 959 1205 :
995 1150 1066 1205 de
1095 1167 1210 1222 quo
1267 1152 1443 1208 etiam
1488 1154 1916 1225 monuisseju-
2026 1145 3514 1223 nisipsumquasicimeliumpretiosumoblulerunt
3536 1143 3675 1215 piis-

266 1240 383 1305 vat,
433 1253 505 1293 ne
551 1235 806 1293 disticha
855 1240 1117 1308 quaedam
1168 1257 1283 1296 non
1335 1244 1442 1297 rite
1492 1243 1914 1316 intelligantur,
2026 1242 2175 1298 simo
2207 1247 2263 1298 et
2294 1259 2504 1314 magno
2536 1242 2717 1297 totius
2740 1241 2961 1296 Russim
2990 1236 3347 1311 imperatori.
3376 1236 3441 1291 In
3474 1250 3673 1290 mona-

268 1342 403 1381 eum
452 1326 799 1382 acerrimum
849 1328 1023 1383 Graeci
1055 1328 1389 1387 schismatis
1419 1337 1914 1405 propugnatorem
2026 1330 2202 1387 sterio
2235 1332 2532 1387 Iberorum
2566 1331 2832 1402 ejusdem
2858 1328 3071 1384 montis
3099 1327 3245 1382 Atho
3270 1325 3526 1397 reliquiae
3548 1337 3674 1378 cer-

268 1415 474 1471 fuisse.

2075 1422 2318 1477 ebantur
2348 1422 2405 1477 S.
2437 1420 2717 1492 Stephani
2745 1418 3009 1475 Junioris
3052 1419 3220 1489 (147),
3254 1431 3427 1486 quem
3470 1414 3671 1469 eodem

338 1503 429 1559 37.
492 1504 639 1569 Quid
699 1505 771 1561 de
834 1506 1183 1563 venerandis
1241 1512 1297 1565 8.
1357 1510 1597 1566 Andreae
1656 1511 1919 1585 reliquiis
2028 1515 2545 1581 temporepassum
2567 1503 3672 1578 diximus,etMenzeorumsynaxarium

268 1598 399 1665 post
429 1593 624 1665 Cpolis
654 1594 1035 1667 direptionem
1070 1614 1102 1651 a
1131 1598 1337 1654 Turcis
1378 1599 1594 1655 factum
1631 1602 1725 1667 sit,
1758 1602 1920 1673 igno—
2030 1599 2188 1672 Cpoli
2214 1599 2572 1671 requiescere
2594 1604 2905 1655 asseverat.
2938 1597 3103 1652 Nunc
3136 1600 3278 1652 Acta
3299 1594 3553 1666 duplicia
3575 1593 3675 1647 da-

270 1699 468 1739 ramus
494 1701 508 1751 ;
544 1683 786 1740 fortasse
816 1701 1016 1742 earum
1045 1686 1239 1758 aliqua
1268 1705 1397 1758 pars
1420 1690 1731 1746 etiamnum
1759 1689 1920 1762 Cpoli
2032 1706 2187 1757 mus,
2221 1705 2468 1759 quorum
2502 1689 2693 1761 priora
2714 1687 3073 1758 interpretati
3096 1702 3325 1751 sumus,
3348 1683 3451 1738 sed
3474 1695 3675 1738 mone-

271 1776 687 1840 asservaretur,
723 1790 859 1829 nam
901 1791 1071 1831 secus
1118 1792 1234 1831 non
1284 1777 1508 1850 integra
1560 1784 1660 1834 aut
1701 1781 1922 1850 absque
2033 1796 2161 1835 mus
2193 1795 2259 1835 ea
2292 1778 2513 1851 prolixe
2543 1782 2599 1833 et
2629 1779 2688 1833 in
2722 1778 2965 1833 formam
2997 1775 3246 1832 encomii
3281 1773 3499 1845 scripta
3528 1786 3673 1827 esse.

272 1861 703 1918 Commentario
734 1864 852 1919 fors
884 1866 1235 1935 prodiissent
1258 1884 1383 1938 quae
1417 1868 1473 1923 in
1500 1868 1690 1924 Graeco
1722 1869 1923 1925 Officio
2034 1870 2217 1934 Quam
2252 1868 2555 1925 emendate
2586 1876 2830 1939 utraque
2860 1866 3152 1938 proferant
3184 1863 3405 1935 antiqui
3426 1862 3678 1931 codices,

275 1951 343 2006 de
373 1958 655 2022 praesente
686 1957 744 2008 S.
786 1955 1023 2011 Andreae
1068 1971 1306 2028 corpore
1354 1959 1523 2014 toties
1553 1964 1918 2029 repetuntur.
1960 2018 2006 2030 ﬁ
2034 1974 2102 2014 ex
2134 1958 2349 2029 quibus
2376 1958 2665 2030 exscripta
2688 1962 2843 2023 sunt,
2877 1956 3197 2027 lectioipsa
3219 1953 3525 2026 patefaciet
3550 1970 3563 2020 ;
3588 1952 3681 2007 vix

276 2039 493 2097 Mentea
531 2041 710 2107 enim,
744 2044 829 2097 uti
881 2060 948 2099 ea
996 2060 1209 2101 excusa
1256 2045 1565 2117 habemus,
1611 2048 1925 2119 Cpolitanae
1958 2018 2011 2083 B
2039 2047 2140 2103 ulli
2190 2047 2477 2103 iotacismi
2529 2018 2682 2103 obvii
2714 2052 2874 2114 sunt,
2908 2018 3242 2117 sphalmata
3285 2047 3481 2099 autem
3514 2059 3681 2098 ama-

277 2129 541 2185 Ecclesia:
587 2131 779 2188 ofﬁcia
826 2134 1200 2204 potissimum
1253 2136 1531 2205 referunt,
1566 2141 1623 2193 et
1672 2137 1928 2210 patroci-
2038 2136 2352 2192 nuensium
2384 2136 2761 2208 paucissima,
2803 2151 2987 2206 eaque
3016 2133 3143 2205 ipsa
3166 2133 3535 2205 postmodum
3569 2130 3683 2187 alia

281 2222 452 2275 nante
507 2221 837 2291 patriarcha
884 2223 1207 2294 Cpolitano,
1250 2226 1464 2283 saeculo
1505 2243 1621 2294 xvr,
1669 2228 1925 2299 primum
2038 2243 2216 2283 manu
2247 2227 2305 2281 in
2340 2228 2605 2298 margine
2636 2229 2893 2282 correcta
2914 2229 3076 2291 sunt,
3109 2227 3210 2279 aut
3242 2223 3355 2292 hic,
3389 2239 3489 2292 pro
3521 2220 3680 2276 Actis

278 2308 431 2381 typis
464 2310 731 2365 mandata
755 2311 913 2368 fuere
942 2313 1114 2383 (146).
1140 2315 1355 2371 Obvius
1378 2319 1466 2371 est
1486 2314 1698 2387 aliquis
1718 2318 1777 2372 S.
1810 2322 1929 2371 An-
2038 2316 2496 2387 Metaphrastaeis
2527 2316 2766 2385 scilicet,
2799 2332 2866 2373 ex
2898 2318 3152 2387 quatuor
3199 2314 3465 2368 codicum
3507 2310 3686 2367 colla-

280 2398 445 2454 dreas
477 2399 776 2455 Cretensis
806 2401 866 2457 in
898 2400 1295 2476 Descriptione
1330 2406 1544 2461 montis
1575 2406 1737 2477 Atho,
1774 2423 1926 2463 anno
2037 2406 2194 2461 tione
2225 2406 2630 2462 emendantur.
2657 2404 2881 2460 Videsis
2915 2402 3083 2475 plura
3113 2403 3184 2458 de
3214 2400 3482 2473 utrisque
3505 2416 3686 2471 supra

279 2487 414 2543 1701
452 2488 511 2544 in
541 2488 822 2546 Valachia
844 2491 994 2548 edita
1012 2496 1067 2549 et
1092 2510 1125 2549 a
1156 2493 1587 2553 Montfauconio
1618 2496 1689 2553 ad
1710 2495 1928 2553 calcem
2042 2512 2100 2550 n.
2135 2498 2165 2551 8
2198 2507 2252 2552 ct
2280 2498 2334 2552 9.

351 2652 498 2730 (115)
534 2654 595 2730 I_n
627 2654 781 2730 notis
813 2655 880 2710 ad
914 2655 1205 2728 Alexiad.,
1238 2674 1294 2730 p.
1326 2657 1453 2714 239.

2111 2659 2258 2729 (147)
2289 2658 2561 2729 Palaeogr.
2596 2656 2717 2726 Gr.,
2752 2673 2804 2728 p.
2841 2656 2941 2711 464
2977 2659 3034 2712 et
3062 2655 3183 2710 474.

357 2724 501 2796 (146)
534 2725 599 2781 Τ.
634 2727 658 2781 Ι
687 2728 860 2797 Aug.,
892 2743 951 2799 p.
981 2730 1108 2785 229.

1494 3063 2535 3195 ΜΑΡΤΥΡΙΟΝ

1513 3312 1646 3367 ΤΟΥ
1682 3314 1886 3367 ΑΓΙΟΥ
1924 3310 2461 3368 ΟΣΙΟΜΑΡΤΥΡΟΣ

278 3482 1379 3664 ΑΝΔΡΕΟΥ
1495 3495 1969 3669 ΤΟΥ
2087 3498 2388 3667 ΕΝ
2479 3496 2771 3666 ΤΩ
2860 3490 3682 3664 ΚΡΙΣΕΙ.

1458 3928 2503 4054 MARTYRIUM

1510 4141 1568 4198 S.
1610 4139 1932 4198 MONACHI
1971 4144 2060 4199 ET
2101 4141 2472 4199 MARTYRIS

1030 4331 1914 4497 ANDRE/E
2024 4336 2235 4501 IN
2353 4329 2934 4498 CRISI.

244 4640 251 4646 -
284 4613 389 4685 (Ex
420 4612 559 4669 Cod.
592 4611 767 4689 Cois].
802 4629 957 4682 cxnv,
990 4612 1088 4689 fol.
1124 4614 1417 4689 1_217ver_so
1449 4614 1817 4689 Bibliotheca;
1850 4618 2017 4689 regiae
2048 4617 2327 4674 Parisinm
2358 4633 2490 4673 cum
2524 4614 2828 4689 collatione
2859 4613 3105 4689 aliorum
3138 4612 3399 4689 quinque
3433 4609 3695 4689 integro-

358 4702 485 4761 rum
518 4685 808 4761 codi_cu_m.
841 4690 1007 4761 A._—_1
1049 4685 1189 4761 C_od.
1221 4686 1391 4761 Cost
1426 4705 1544 4761 exn.
1579 4688 1641 4743 Β.
1682 4720 1752 4730 -
1781 4681 1945 4745 Cod.“

2130 4690 2287 4745 1484.
2322 4689 2382 4745 C.
2418 4720 2481 4729 —
2515 4690 2653 4744 Cod.
2690 4688 2848 4743 1495.
2889 4688 2947 4743 D.
2983 4717 3047 4727 —
3080 4681 3214 4741 Cod.
3249 4681 3385 4755 Reg.
3424 4681 3580 4735 1503.
3624 4686 3690 4734 A.

354 4759 417 4813 E.
448 4789 517 4798 —
547 4758 682 4815 Cod.
714 4757 848 4828 Reg.
884 4758 1040 4813 1503.
1074 4757 1136 4813 F.
1169 4788 1238 4800 -η
1269 4758 1403 4815 Cod.
1442 4759 1580 4831 Reg.
1619 4761 1802 4833 1513.)

288 4944 458 5019 Caput
516 4946 761 5002 unicum.
811 4945 864 5001 S.
925 4944 1151 5001 Androm
1196 4944 1293 5017 pia
1343 4947 1400 5001 in
1435 4946 1592 5003 Creta
1650 4950 1811 5012 vita;
1868 4952 2017 5007 venit
2058 4949 2599 5019 Constantinopolim
2654 4948 2729 5005 ad
2777 4945 3215 5018 impugnandum
3274 4944 3695 5019 Constantinum

359 5016 787 5143 ggtrztionymum,
854 5021 904 5074 et
961 5016 1229 5073 immania
1286 5022 1559 5076 tormenta
1608 5037 1826 5092 passus,
1901 5024 2166 5096 exspirat.
2236 5016 2561 5095 Sepulcrum
2617 5016 2908 5077 miraculis
2940 5016 3154 5075 'claret.
3214 5019 3277 5074 In
3328 5018 3477 5072 Crist
3530 5016 3693 5088 depo-

355 5106 531 5144 nuur.

356 5209 437 5261 A'.
468 5202 665 5274 Πολλὴ
708 5204 842 5261 κατὰ
888 5210 996 5262 τῶν
1055 5210 1152 5263 τοῦ
1210 5211 1448 5281 Χριστοῦ
1505 5209 1790 5284 μαρτύρων
1841 5215 1937 5266 τοῦ

2121 5213 2163 5267 Ι.
2189 5212 2291 5269 Est
2308 5228 2521 5284 magna
2534 5211 2750 5267 diaboli
2770 5210 2993 5267 malitia
3016 5209 3291 5265 adversus
3307 5206 3521 5263 Christi
3540 5221 3690 5261 mar-

288 5288 553 5349 διαϐόλου
584 5296 618 5363 ἡ
662 5296 980 5370 κακουργῖα,
1031 5296 1121 5351 καὶ
1170 5295 1407 5369 μάλιστα
1451 5296 1575 5351 ὅταν
1626 5297 1884 5354 ἀπταίστο

2095 5317 2224 5371 rres,
2248 5306 2305 5357 et
2336 5299 2588 5355 maxime
2616 5297 2869 5369 'quando
2900 5314 2999 5353 eos
3030 5296 3186 5351 videt
3234 5294 3505 5367 pietatem
3550 5310 3691 5349 con-

284 5382 405 5457 ὁρᾷ,
445 5383 533 5437 καὶ
588 5383 826 5447 ἄκλινῶς
887 5382 1181 5441 ὁδεύουσαν
1240 5388 1339 5455 τήν
1396 5381 1681 5441 εὐσέϐειανο
1740 5386 1880 5443 πολλ

2098 5396 2267 5447 auter
2310 5391 2561 5462 ingredi,
2595 5394 2651 5445 et
2706 5390 2851 5445 citra
2914 5388 3092 5443 ullam
3150 5384 3586 5441 offensionem:
3640 5391 3694 5439 et

278 5472 369 5527 καὶ
398 5471 629 5544 ποικίλη
662 5474 751 5528 καὶ
788 5474 1034 5550 μεγάλης
1082 5473 1313 5549 δεομένη
1364 5478 1573 5551 ψυχῆς,
1621 5476 1711 5532 καὶ
1761 5478 1874 5556 deet

2097 5498 2178 5536 im
2231 5481 2305 5536 sit
2353 5480 2529 5536 etiam
2588 5478 2763 5547 varia,
2815 5492 3026 5551 magno
3075 5482 3279 5534 contra
3335 5475 3497 5532 illam
3545 5490 3693 5545 opus

280 5560 393 5624 λῶς
446 5566 514 5637 τῇ
574 5564 712 5638 πρὸς
794 5566 1025 5640 Χριστὸν
1087 5567 1105 5601 ί
1166 5566 1350 5643 ἄγάπῃ
1438 5566 1869 5641 καθωπλισμένη

2095 5574 2131 5625 st
2162 5570 2379 5638 animo,
2412 5572 2469 5624 et
2517 5573 2670 5624 recte
2712 5571 2937 5624 armato
2970 5566 3026 5622 in
3061 5565 3350 5622 Christum
3388 5564 3691 5631 charitate,

353 5708 371 5745 ί
403 5706 538 5785 πρὸς
570 5706 695 5763 Θιὸν
729 5709 791 5767 F.
