4106 6200
302 316 452 378 Hi3

1468 324 1658 386 VITA
1702 322 1763 383 S.
1810 323 2154 384 ANDREIE
2196 323 2271 386 IN
2319 325 2544 386 CRlSl.

3553 330 3708 389 1114

297 472 600 548 δῆνέθετοο
661 473 839 538 Εἶδὼς
874 476 976 554 γὰρ
1031 476 1112 532 ὅτι
1175 477 1419 552 χαλεπὸν
1482 479 1629 552 αὐτῷ
1689 482 1778 535 καὶ
1829 478 1948 535 δυσ.

2081 497 2238 553 gnum
2302 481 2561 536 studium
2612 480 2897 538 adhibuit.
2946 483 3093 539 Nam
3143 500 3278 542 cum
3317 485 3537 541 videret
3582 503 3710 542 esse

301 568 649 646 επιχείρητον
709 572 891 622 πεῖσαι
952 567 1309 641 Χριστιανοὺς
1384 568 1688 644 ἀρνηθῆναι
1749 571 1796 608 ¹⁸
1848 572 1948 640 τήν

299 657 443 721 θείαν
482 659 578 710 τοῦ
618 657 854 731 Χριστοῦ
913 657 1206 732 σάρκωσιν,
1264 655 1502 720 πολλοῖς
1563 656 1673 729 ἤδη
1725 658 1950 734 χρόνοις

295 744 688 822 ὲμπεδοθεὶσαν
749 747 795 784 ¹⁰
851 746 1056 811 αὐτοῖς’
1114 748 1206 802 καὶ
1239 746 1268 801 δ
1299 769 1459 825 φησιν
1511 750 1537 803 ὁ
1589 754 1733 812 θεῖος
1784 746 1949 804 Δαϐὶδ

297 833 605 890 ἐκτείνασαν
663 836 755 907 μὲν
812 834 878 890 τὰ
944 834 1206 909 κλήματα
1251 837 1296 872 ²⁰
1353 832 1457 900 ἕως
1513 835 1812 908 θάλασσης,
1858 839 1949 892 καὶ

293 921 401 985 ἕως
470 928 732 998 ποταμῶν
788 925 882 986 τας
971 923 1342 1004 παραφυάδαςο
1406 925 1506 1001 ὅρη
1579 924 1635 982 δὲ
1699 931 1767 1002 τῇ
1829 931 1953 996 σκιᾷ

298 1012 696 1082 καλύπτουσαν,
750 1013 840 1068 καὶ
896 1018 1014 1076 ταῖς
1098 1013 1453 1089 ἀναδενδράσι
1511 1016 1606 1079 τὰς
1663 1021 1760 1071 τοῦ
1817 1020 1950 1072 Θεοῦ

301 1099 549 1178 κέδρουςο
605 1107 764 1158 τοῦτο
814 1103 1016 1165 ἐκεῖνος
1076 1102 1255 1174 εἰδὼς,
1311 1106 1402 1161 ἅτε
1468 1109 1560 1165 σῦς
1622 1104 1682 1160 ἐκ
1741 1103 1950 1180 δρυμοῦ

307 1191 398 1246 καὶ
460 1193 648 1265 μονιὸς
707 1191 915 1266 ἄγριος,
1003 1193 1348 1267 λυμήνασθαι
1403 1194 1605 1265 ταύτην
1662 1194 1949 1268 ἐπιχειρεῖ,

305 1283 508 1356 τρόπον
565 1278 771 1355 ἕτερον,
835 1287 1033 1356 μικροῦ
1092 1283 1226 1358 πρὸς
1306 1285 1405 1354 τήν
1462 1285 1654 1357 ὁμοίαν
1728 1283 1954 1362 φέροντα

311 1365 544 1445 βλάϐην,
575 1371 664 1426 καὶ
699 1368 788 1425 διὰ
823 1379 923 1442 τῆς
984 1374 1254 1446 ἀρνήσεως
1293 1377 1400 1429 τῶν
1452 1379 1657 1430 σεπτῶν
1710 1373 1952 1444 εἰκόνων,

297 1456 520 1532 ἄρνησιν
575 1465 891 1535 μηχανᾶται
945 1463 1033 1517 καὶ
1082 1469 1184 1532 τῆς
1224 1462 1544 1538 οἰκονομίας
1579 1462 1727 1539 ἐἶ’γε
1779 1461 1862 1518 δεῖ
1906 1467 1950 1503 ²ι

303 1549 372 1603 τὰ
436 1552 535 1613 τῆς
603 1548 811 1612 εἰκόνος
888 1549 973 1605 ἐπὶ
1041 1552 1104 1606 τὸ
1197 1553 1555 1628 πρωτότυπον
1623 1556 1669 1590 ²²
1734 1549 1956 1609 διαϐαί-

303 1658 413 1693 νειν
446 1640 510 1694 ²³.

376 1734 448 1797 Δ’,
480 1727 584 1784 Καὶ
616 1729 708 1784 τὸν
772 1729 897 1785 τότε
954 1731 1142 1807 ἄρχειν
1194 1730 1438 1808 λαχόντα
1483 1731 1672 1797 δεινῶς
1732 1731 1955 1795 ὑποδὺς,

311 1819 712 1872 Κωνσταντῖνόν
775 1840 917 1896 φημι
976 1821 1068 1874 τὸν
1156 1823 1395 1896 πονηρὸν
1463 1823 1554 1878 καὶ
1613 1820 1953 1897 δυσώνυμον,

307 1905 401 1960 καὶ
461 1905 780 1970 ἀπεναντίας
835 1911 912 1978 τῷ
969 1909 1252 1982 ὁμωνύμῳ
1303 1910 1393 1964 καὶ
1450 1911 1654 1986 πρώτῳ
1720 1916 1956 1988 φυτευτῇ

310 2000 411 2064 τῆς
457 1990 726 2054 εὐσεϐείας
792 1995 916 2068 περὶ
980 1995 1184 2066 ταότην
1253 1995 1582 2071 διατεθέντα,
1630 2001 1802 2063 πείθει
1881 2002 1956 2073 μὴ

311 2082 536 2156 θεμιτὸν
595 2082 724 2138 εἶναι
782 2085 1135 2157 Χριστιανοὺς
1220 2088 1310 2141 καὶ
1371 2086 1528 2142 αὐτὸν
1587 2088 1811 2144 οἷέσθαι’
1870 2089 1959 2143 καὶ

314 2173 441 2235 τοὺς
475 2175 521 2210 ²⁴
553 2173 654 2228 ὑπὸ
699 2178 862 2248 χεῖρα
924 2182 1262 2247 νομοθετεῖν,
1311 2177 1405 2240 τὰς
1456 2178 1605 2254 ἱερὰς
1655 2179 1828 2242 ὐντως
1886 2179 1960 2234 εἴ·

307 2261 468 2327 κόνας
496 2269 678 2337 τιμᾷν.
734 2261 1069 2342 Ἐλχηνικῆς
1118 2271 1278 2322 τοῦτο
1330 2270 1620 2342 θρησκείας
1669 2270 1758 2324 καὶ
1805 2270 1964 2344 νομί-

320 2359 506 2424 ζοντας
539 2355 672 2409 εἶναι
710 2354 800 2409 καὶ
855 2355 1249 2430 ὀνομάζοντας,
1298 2365 1481 2421 κακῶς
1533 2358 1732 2423 ἐκεῖνος
1778 2359 1961 2432 εἰδὼς,

315 2442 410 2496 καὶ
469 2441 592 2497 λίαν
653 2441 971 2518 ἐπισφαλῶς
1024 2466 1083 2500 τε
1139 2447 1229 2501 καὶ
1306 2447 1575 2519 ἀνοήτως.
1657 2449 1754 2504 Καὶ
1802 2453 1962 2504 τοῦτο

317 2530 453 2606 ὅπερ
484 2532 586 2587 ὑπὸ
614 2538 722 2588 τῶν
752 2532 1002 2587 παλαιῶν
1044 2532 1276 2610 λέγεται,
1335 2538 1574 2612 μιγνύων
1623 2538 1688 2594 τὰ
1739 2539 1962 2612 ἄμικτα.

313 2626 426 2686 ’Ὠν
465 2621 556 2695 μὶν
604 2622 707 2696 γὰρ
754 2621 816 2676 τὸ
865 2622 1224 2698 πρωτότυπον
1277 2622 1487 2694 ἀσεϐὲς,
1541 2627 1748 2683 τούτων
1801 2629 1888 2682 καὶ
1937 2629 1964 2682 ὁ

313 2713 487 2774 τόπος
517 2715 634 2775 τοῖς
662 2706 898 2766 εὐσεϐεῖν
936 2712 1305 2787 βουλομένοις
1343 2714 1536 2786 ἐπίσης
1598 2711 1858 2790 βὲϐηλος’
1891 2715 1965 2770 ὧν

320 2799 378 2857 δὲ
440 2801 612 2856 ἐκεῖνο
669 2802 1045 2876 προσκυνητὸν
1099 2803 1195 2858 καὶ
1250 2800 1568 2878 σεϐάσμιον,
1609 2804 1820 2860 τούτων
1867 2803 1970 2881 ἄρα

327 2894 415 2948 καὶ
451 2894 485 2962 ἡ
519 2889 675 2946 εἰκὼν
726 2889 1048 2956 ἀκολούθως
1099 2900 1270 2967 τιμῆς
1326 2896 1504 2966 πάσης
1560 2897 1606 2932 ³⁵
1661 2897 1966 2970 ἠξιωμένη.

396 3162 471 3220 Ε’.
505 3158 661 3218 Οὕτω
691 3161 871 3215 τοίνυν
919 3160 1080 3225 αὐτὸς
1135 3164 1238 3219 ὑπὸ
1292 3168 1390 3220 τοῦ
1437 3170 1678 3240 πονηροῦ
1730 3166 1970 3240 πνεύμα-

325 3275 421 3316 τος
466 3250 740 3328 διδαχθεὶς
775 3251 865 3308 διὰ
921 3255 1099 3325 πάσης
1157 3263 1359 3334 χωρεῖν
1394 3257 1606 3313 ἐκέλευε
1634 3266 1734 3328 τῆς
1769 3261 1857 3314 ὑπ’
1889 3259 1976 3315 οὐ·

332 3344 489 3418 ρανὸν
523 3345 612 3398 καὶ
645 3343 719 3405 εἰς
767 3340 971 3419 ἔσχατα
1025 3353 1128 3416 γῆς
1180 3347 1243 3402 τὸ
1300 3342 1532 3425 ἔκφυλον
1587 3352 1748 3405 τοῦτο
1804 3371 1979 3423 νομο-

326 3429 544 3506 ϐἑτημα
575 3427 893 3503 διαϐαίνειν,
945 3440 1048 3490 πᾶν
1096 3432 1236 3498 εἶδος
1288 3435 1566 3502 κολάσεως
1606 3439 1744 3495 κατᾶ
1781 3440 1978 3502 παντὸς

322 3524 515 3599 γένους
581 3523 674 3578 καὶ
730 3522 959 3593 ἡλικίας
1016 3521 1193 3594 πᾶσής
1275 3525 1574 3602 ἀποτόμως
1655 3525 1974 3597 διαπειλῶν,

321 3610 409 3666 ἒάν
442 3614 487 3648 ²⁶
515 3633 598 3674 τις
642 3612 718 3685 μή
768 3617 847 3684 τῷ
893 3611 1053 3685 καλῷ
1101 3615 1144 3650 ²⁷
1205 3612 1434 3692 δόγματι
1478 3617 1797 3692 πειθόμενος
1845 3621 1890 3654 ³⁸
1919 3617 1976 3692 ᾖ,

330 3703 421 3754 καὶ
457 3699 606 3774 μάλα
659 3703 958 3777 προθύμως
1015 3706 1061 3741 ¹⁹
1116 3703 1288 3760 ἐκεῖνο
1342 3704 1773 3782 ὑποδεχόμενος,
1833 3705 1978 3762 ἀλλά

322 3794 432 3843 τῶν
474 3789 631 3844 θείων
672 3789 795 3845 τινὰ
824 3794 1186 3868 χαρακτήρων
1238 3794 1329 3848 καὶ
1374 3793 1538 3870 μέχρι
1589 3795 1762 3873 λόγου
1811 3796 1978 3871 ψιλοῦ

321 3883 487 3952 τιμᾷν
518 3880 564 3915 ³ο
595 3878 861 3956 φαίνοιτο·
915 3882 1100 3958 βαρεῖς
1146 3881 1250 3958 γὰρ
1308 3883 1399 3938 καὶ
1441 3885 1638 3940 ἄτοποι
1685 3885 1974 3952 κολασταὶ,

323 3968 413 4022 καὶ
468 3965 741 4042 μηδεμίαν
790 3971 1116 4049 συγγνώμην
1164 3971 1382 4048 ἔχοντες
1434 3974 1487 4029 οἱ
1517 3974 1580 4030 τὸ
1634 3974 1823 4051 ἄργειν
1873 3974 1978 4030 λα-

322 4055 536 4132 χόντες,
570 4059 696 4114 ὅταν
754 4065 870 4123 τοῖς
927 4063 1056 4135 παρ’
1095 4060 1270 4117 αὐτῶν
1327 4060 1775 4140 διατεταγμένοις
1823 4063 1978 4120 ἀπει-

325 4149 521 4203 θοῦντά
549 4169 670 4203 τινα
711 4144 948 4220 λάϐωσι,
1005 4153 1094 4207 καὶ
1166 4151 1405 4226 μάλιστα
1467 4157 1565 4209 τοῦ
1609 4153 1978 4227 κελεύσματος

325 4236 401 4298 εἰς
459 4236 688 4292 πολλῶν
739 4237 1008 4319 ωφὲλειαν
1061 4242 1193 4297 εἶναι
1265 4241 1577 4308 δοκοῦντος·
1666 4245 1981 4320 ὀργίζονται

323 4324 590 4395 οὗτοι,οὖ
627 4331 724 4381 τοῦ
775 4333 932 4403 κοινῇ
983 4330 1398 4396 λυσιτελοῦντος
1451 4334 1603 4390 αὐτοὶ
1666 4333 1978 4411 φροντίζον-

323 4433 435 4484 τες,
471 4413 599 4469 ἀλλ’
661 4415 801 4471 ἰδίαν
861 4416 1196 4484 ἐκδικοῦντες
1256 4421 1596 4492 ἀλαζονείαν·
1649 4423 1746 4479 Διὰ
1781 4423 1978 4487 ταύτας

323 4503 452 4574 γοῦν
511 4500 607 4564 τὰς
669 4503 984 4576 ἀποτόμους
1060 4507 1150 4561 καὶ
1209 4507 1460 4587 χαλεπὰς
1546 4510 1797 4585 ἀπειλὰς,
1857 4511 1980 4588 ἐρή-

2003 3215 2054 3283 C

2058 571 2232 643 longe
2257 570 2673 626 difficillimum
2693 573 3046 642 persuadere
3072 573 3442 640 Christianis,
3461 579 3526 630 ut
3542 592 3710 646 nega-

2059 664 2188 716 rent
2220 660 2476 715 divinam
2501 659 2711 715 Christi
2734 660 2928 715 carnis
2951 664 3406 733 susceptionem,
3430 681 3559 736 quas
3582 665 3707 735 jam

2061 749 2236 821 longo
2267 753 2528 820 tempore
2576 749 2724 819 apud
2759 765 2856 806 eos
2889 757 3011 805 erat
3045 751 3209 806 ﬁrma
3241 767 3307 807 ac
3348 753 3599 821 stabilis,
3630 758 3707 820 et,

2062 843 2125 894 ut
2155 838 2296 894 dicit
2326 839 2559 894 divinus
2593 838 2790 909 David,
2816 840 3151 895 extenderat
3174 841 3410 911 quidem
3435 858 3574 896 suos
3590 841 3713 912 pal-

2062 929 2227 985 mites
2261 945 2444 1000 usque
2476 929 2545 984 ad
2590 943 2768 996 mare,
2802 933 2858 984 et
2888 945 3075 999 usque
3106 929 3178 984 ad
3229 929 3473 986 ﬂumina
3505 946 3713 1001 propa-

2061 1019 2224 1091 gines
2249 1035 2261 1073 :
2287 1018 2492 1073 umbra
2515 1025 2706 1075 autem
2731 1035 2834 1074 sua
2859 1020 3084 1090 tegebat
3113 1024 3360 1090 montes,
3384 1023 3441 1074 et
3459 1019 3712 1075 arbustis

2062 1107 2181 1162 suis
2215 1107 2417 1162 ccdros
2447 1107 2547 1162 Dei
2581 1124 2600 1163 :
2632 1112 2910 1177 tanquam
2942 1108 3099 1162 ferus
3141 1123 3280 1178 aper
3309 1124 3339 1162 e
3369 1107 3534 1178 silva,
3578 1123 3708 1163 eam

2065 1194 2178 1252 alio
2199 1195 2364 1252 modo
2385 1200 2630 1252 conatur
2652 1197 2912 1268 perdere,
2937 1196 3036 1268 qui
3061 1198 3470 1268 propemodum
3492 1197 3712 1252 ferebat

2064 1290 2135 1340 ad
2167 1285 2319 1341 idem
2355 1286 2670 1340 damnum:
2703 1289 2759 1342 et
2780 1302 2881 1356 per
2912 1287 3279 1358 negationem
3311 1287 3710 1343 venerandum

2063 1373 2382 1446 imaginum
2417 1375 2656 1431 molitur
2684 1373 2962 1431 inducere
2989 1375 3355 1447 negationem
3390 1376 3582 1431 carnis
3621 1391 3716 1430 su-

2065 1469 2274 1535 sceptae
2333 1462 2686 1520 oeconomiae.
2724 1462 3024 1534 Siquidem
3058 1479 3186 1534 quae
3231 1467 3368 1518 sunt
3416 1461 3712 1534 imaginis,

2067 1556 2281 1614 scimus
2314 1557 2564 1612 transire
2604 1553 2677 1609 ad
2708 1552 3001 1625 exemplar
3031 1553 3399 1624 primarium.

2141 1735 2234 1792 IV.
2267 1737 2466 1808 Itaque
2495 1734 2714 1791 sensim
2747 1751 2880 1790 eum
2903 1734 3161 1801 subiens,
3187 1734 3277 1790 cui
3303 1733 3580 1803 obtigerat
3603 1734 3711 1789 im-

2071 1825 2319 1896 perium,
2343 1825 2694 1896 improbum,
2728 1824 2993 1895 inquam,
3017 1833 3073 1880 et
3093 1823 3415 1880 infaustum
3431 1825 3718 1879 Constan-

2071 1915 2286 1982 tinum,
2327 1915 2385 1970 in
2423 1915 2759 1984 religionem
2793 1930 2960 1969 secus
2997 1914 3291 1982 aﬂ‘eclum,
3338 1929 3513 1984 quam
3563 1913 3717 1967 Con-

2071 2005 2363 2060 stantinus
2395 2005 2494 2062 ille
2524 2005 2623 2078 qui
2658 2004 2766 2060 fuit
2795 2005 3059 2075 ejusdem
3095 2004 3375 2070 nominis,
3408 2011 3461 2058 et
3491 2002 3714 2074 primus

2071 2092 2362 2165 plantator
2383 2094 2637 2167 pietatis,
2663 2094 2713 2149 ei
2745 2095 3076 2165 persuadet,
3099 2094 3263 2149 nefas
3289 2108 3416 2148 esse
3441 2091 3722 2146 Christia-

2073 2183 2184 2251 nis,
2229 2187 2286 2240 et
2315 2183 2409 2252 iis,
2443 2182 2544 2256 qui
2575 2187 2715 2239 sunt
2746 2185 2855 2237 sub
2888 2183 3015 2253 ejus
3063 2182 3325 2254 imperio,
3359 2196 3487 2238 vere
3519 2196 3717 2237 sacras

2072 2271 2358 2329 honorare
2405 2272 2712 2345 imagines.
2747 2273 2909 2338 Quod
2959 2270 3190 2342 quidem
3225 2270 3324 2326 ille
3364 2270 3488 2326 ﬁeri
3519 2269 3724 2342 prohia

2073 2363 2221 2431 buit,
2256 2363 2638 2419 existimando
2671 2368 2727 2419 et
2776 2363 3022 2418 dicendo
3055 2361 3164 2417 hoc
3195 2360 3430 2433 gentilis
3463 2375 3590 2416 esse
3623 2376 3724 2416 su-

2077 2451 2465 2523 perstitionis,
2491 2452 2639 2508 male
2667 2451 2922 2521 profecto
2949 2451 3305 2521 intelligens,
3330 2455 3385 2505 et
3407 2449 3728 2522 periculose

2076 2545 2392 2601 admodum
2427 2556 2480 2601 et
2509 2543 2853 2616 insipienter
2889 2544 2994 2617 (id,
3026 2543 3180 2614 quod
3214 2543 3431 2598 dicitur
3459 2561 3492 2598 a
3520 2541 3730 2598 veteri-

2078 2634 2213 2706 bus)
2244 2636 2501 2690 miscens
2544 2648 2632 2702 ea,
2672 2650 2800 2704 qua
2850 2634 3078 2688 misceri
3111 2649 3225 2688 non
3275 2635 3546 2703 possunt.
3584 2632 3728 2686 Nam

2080 2740 2330 2796 quorum
2367 2722 2624 2795 primum
2647 2724 2880 2794 quidem
2905 2721 3205 2793 exemplar
3226 2724 3312 2776 est
3343 2719 3619 2791 impium,
3642 2735 3735 2774 eo-

2081 2829 2212 2869 rum
2246 2829 2476 2884 quoque
2499 2812 2682 2883 ﬁgura
2703 2819 2786 2868 est
2810 2827 2972 2882 aeque
2997 2811 3235 2881 profana
3266 2809 3356 2876 iis,
3393 2809 3494 2881 qui
3526 2808 3731 2863 volunt

2082 2918 2207 2960 esse
2236 2904 2335 2975 pii.
2371 2904 2625 2968 Quorum
2660 2905 2856 2957 autem
2889 2899 3033 2955 illud
3060 2904 3149 2955 est
3169 2899 3533 2954 adorandum
3567 2901 3623 2952 et
3642 2912 3732 2951 ve-

2083 2992 2428 3062 nerandum,
2443 3007 2644 3048 eorum
2666 2989 3102 3063 quoqueimago
3118 2991 3539 3059 consequenter
3551 2985 3734 3058 digna

2083 3086 2172 3139 est
2201 3081 2362 3138 omni
2392 3081 2632 3137 honore.

2155 3172 2222 3230 ν.
2263 3171 2356 3228 Sic
2383 3187 2519 3242 ergo
2550 3170 2676 3242 ipse
2716 3170 2920 3227 doctus
2953 3186 2986 3225 a
3019 3167 3268 3240 maligno
3303 3164 3738 3240 spiritu,jussit

2087 3280 2190 3336 per
2218 3277 2451 3318 omnem
2483 3266 2719 3328 terram,
2755 3276 2882 3331 quae
2937 3263 3025 3315 est
3073 3259 3184 3315 sub
3230 3257 3375 3314 caelo
3405 3256 3743 3328 procedere,

2089 3359 2145 3410 et
2167 3352 2240 3408 ad
2272 3355 2560 3407 extremos
2582 3349 2730 3404 ﬁnes
2758 3348 3005 3406 transire
3037 3348 3293 3404 alienum
3321 3347 3428 3403 hoc
3460 3345 3741 3413 edictum,

2087 3456 2259 3500 omne
2288 3456 2472 3512 genus
2505 3438 2781 3511 supplicii
2822 3439 2984 3495 omni
3025 3435 3221 3510 generi
3264 3439 3319 3491 et
3350 3435 3503 3490 aetati
3535 3450 3739 3504 aspere

2089 3531 2388 3600 minitans,
2421 3530 2471 3586 si
2504 3529 2635 3600 quis
2685 3545 2789 3584 suo
2820 3529 3049 3584 decreto
3101 3543 3218 3582 non
3252 3529 3506 3598 pareret,
3539 3539 3742 3597 prom-

2089 3629 2301 3693 ptoque
2358 3623 2415 3675 et
2465 3618 2644 3674 alacri
2691 3619 2885 3674 animo
2917 3617 3063 3673 illud
3104 3632 3220 3671 non
3252 3614 3588 3684 exciperet:
3624 3613 3741 3667 imo

2089 3711 2137 3767 si
2170 3711 2426 3766 divinam
2459 3707 2714 3779 aliquam
2756 3707 3004 3779 figuram
3055 3704 3142 3760 vel
3182 3704 3531 3760 verbotenus
3568 3701 3740 3757 vide-

2089 3804 2250 3855 retur
2300 3797 2608 3855 honorare.
2645 3797 2902 3852 Graviter
2940 3810 3075 3852 vero
3134 3801 3185 3849 et
3244 3790 3584 3848 immaniter
3630 3806 3741 3861 pu-

2090 3890 2278 3956 niunt,
2311 3892 2368 3944 et
2416 3887 2640 3943 nullam
2694 3885 2835 3941 dant
2872 3886 3101 3941 veniam
3152 3883 3218 3950 ii,
3270 3881 3486 3951 quibus
3534 3878 3744 3950 obtigit

2089 3979 2426 4051 imperium,
2458 3974 2696 4048 quando
2728 3974 2824 4041 iis,
2875 3990 3004 4046 qua;
3051 3972 3125 4026 ab
3159 3970 3304 4043 ipsis
3335 3973 3478 4026 sunt
3526 3967 3744 4023 consti-

2089 4074 2233 4138 tuta,
2283 4084 2398 4124 non
2458 4065 2822 4123 obedientem
2881 4063 3136 4134 aliquem
3195 4058 3544 4132 acceperint,
3603 4071 3738 4112 cum

2091 4157 2410 4230 praesertim
2444 4155 2708 4212 videatur
2750 4155 2959 4224 jussus
2992 4151 3283 4224 pertinere
3313 4149 3383 4204 ad
3421 4146 3742 4204 multorum

2091 4249 2427 4304 utilitatem.
2507 4247 2847 4301 Irascuntur
2903 4246 3124 4310 autem,
3180 4256 3296 4296 non
3359 4238 3415 4295 id
3475 4239 3744 4294 curantes

2089 4339 2240 4410 quod
2274 4336 2506 4408 publice
2537 4334 2835 4404 conducit,
2868 4332 2970 4389 sed
3003 4345 3172 4387 suam
3232 4327 3528 4401 explentes
3577 4341 3740 4381 arro-

2087 4426 2370 4499 gantiam.
2397 4427 2642 4495 Propter
2664 4423 2773 4479 has
2798 4437 2935 4493 ergo
2958 4436 3199 4492 asperas
3231 4426 3285 4474 el
3313 4434 3499 4474 saevas
3531 4415 3745 4484 minas,

2089 4515 2302 4572 licebat
2330 4518 2470 4570 tunc
2517 4513 2710 4568 videre
2752 4511 3021 4566 civitates
3052 4508 3285 4564 elfectas
3315 4507 3377 4561 in
3411 4502 3747 4561 solitudini-

327 4608 464 4676 μους
521 4589 586 4658 ἧν
652 4590 777 4646 τότε
845 4592 940 4655 τὰς
1003 4593 1196 4658 πόλεις
1262 4599 1410 4672 ὁρᾷν⁸
1483 4598 1676 4665 πόλεις
1737 4599 1814 4673 δὲ,
1881 4602 1963 4658 τὰς

2092 4605 2242 4662 bus:
2277 4620 2404 4660 esse
2454 4606 2651 4659 autem
2702 4601 2874 4674 plane
2914 4599 3174 4655 desertas
3205 4595 3467 4652 civitates
3505 4595 3747 4665 propter

326 4675 586 4768 ἐρήμους,
620 4683 700 4750 τῷ
727 4678 932 4751 πλήθει
962 4687 1072 4738 τῶν
1102 4685 1176 4746 εἷς
1234 4687 1278 4725 ³1
1342 4687 1504 4751 αὐτας
1557 4691 1871 4766 φοιτώντων
1903 4713 1982 4768 γι-

322 4765 583 4855 νομενας.
652 4770 1164 4846 Ἐστενοχωροῦντο
1241 4774 1466 4848 είρκταίο
1524 4765 1861 4855 ἐπληροῦντο
1913 4765 1981 4837 τὰ

327 4852 707 4950 δεσμωτήρια,
741 4860 803 4913 οὔ
837 4857 1054 4932 λῃστῶν
1085 4863 1151 4916 οὗ
1195 4884 1288 4936 μοι
1315 4867 1383 4934 ³³,
1429 4864 1490 4922 οὗ
1551 4852 1882 4926 λωποδυτῶν
1911 4873 1979 4943 ⁸³,

326 4943 514 5033 ὁὶλλως
565 4946 657 5002 καὶ
704 4949 1048 5026 κακούργων
1105 4951 1252 5008 ἀ).λᾶ
1298 4953 1586 5032 θεωφιλων
1637 4956 1844 5033 ἀνδρῶν
1889 4961 1980 5016 καὶ

323 5031 674 5114 φοϐουμένων
726 5041 818 5096 τὸν
888 5043 1104 5120 Κύριον⁶
1163 5041 1236 5101 ὧν
1289 5046 1345 5102 αἱ
1402 5031 1670 5125 πάννυχοι
1734 5031 1972 5127 στάσεις,

389 5307 437 5346 ‘3
456 5307 785 5392 ἀρνήσασθαι
920 5390 937 5392 Α
987 5315 1032 5352 ¹⁹
1060 5313 1464 5392 ἐμπεδωθεῖσαν
1494 5324 1556 5380 C.
1596 5323 1660 5380 D.
1713 5324 1782 5383 E.
1841 5326 1904 5381 F.

317 5455 659 5528 vawﬂeadem
690 5455 867 5514 manu
900 5459 960 5516 F.
1066 5463 1112 5498 ²⁴
1158 5455 1277 5528 τοῖς
1325 5466 1387 5522 Β.
1430 5455 1489 5522 C:
1539 5466 1607 5524 D.
1657 5467 1699 5522 F

315 5527 467 5609 κακζρ
512 5543 586 5610 ex_
629 5531 982 5610 quastione
1020 5551 1036 5604 ;
1087 5508 1276 5610 prius‘
1293 5508 1749 5610 θέειυτῷυκαλῶ
1799 5544 1858 5598 C.

318 5598 533 5655 omisso
567 5595 739 5654 ἐκεῖνο
769 5602 831 5658 C.

317 5669 382 5727 Β.
415 5667 474 5729 C.
507 5668 572 5728 Ι).
606 5671 666 5730 E.
695 5670 744 5708 ³³
772 5675 930 5728 τινῶν
960 5675 1024 5735 F.

389 5320 437 5346 ιδ
456 5320 785 5381 ἀρνήσασθαι
817 5320 878 5370 Β.
987 5320 1032 5352 ¹⁹
1060 5320 1464 5392 ἐμπεδωθεῖσαν
1494 5324 1556 5380 C.
1596 5323 1660 5380 D.
1713 5324 1782 5383 E.
1841 5326 1904 5381 F.

316 5381 378 5437 F.
480 5381 528 5418 ³⁸
561 5381 782 5457 οἴδαμεν
817 5387 878 5445 Β.
907 5390 965 5444 C.
1000 5394 1062 5446 D.
1093 5395 1152 5450 E.
1187 5389 1301 5467 εἴγε
1339 5426 1407 5437 -
1435 5393 1794 5469 πρωτότυπον
1834 5394 1963 5462 οἷ’δα,

317 5472 425 5504 νειν
457 5455 657 5504 eadem
691 5473 866 5504 mann
901 5459 959 5504 Ρ-
1066 5463 1112 5498 ιι
1158 5469 1277 5504 τηῖρ
1325 5466 1367 5504 n
1430 5467 1470 5504 ρ
1541 5466 1585 5504 n
1657 5467 1699 5504 Ir
1821 5470 1866 5504 π
1915 5469 1963 5504 Α...

2101 5320 2344 5396 κλίματα
2396 5322 2459 5378 Β.
2511 5323 2573 5376 Ε.
2678 5320 2725 5355 ²¹
2777 5320 2843 5386 δὴ
2895 5320 2958 5372 Β.
3011 5320 3069 5370 C.
3125 5320 3190 5369 D.
3245 5320 3304 5367 E.

2103 5397 2223 5452 haec
2261 5398 2321 5452 in
2368 5394 2632 5466 margine
2679 5406 2853 5446 manu
2905 5386 3220 5472 recentiori
3260 5386 3322 5472 PL.

2081 5487 2126 5504 ,ρ
2179 5469 2218 5504 Π
2345 5466 2392 5503 ³6
2442 5463 2496 5504 εἶ’
2539 5483 2624 5504 -ι-ιρ
2680 5462 2721 5504 f‘.
2844 5461 2888 5495 37
2945 5478 3026 5504 τω
3063 5475 3233 5504 xmth
3290 5471 3317 5504 ο

1914 5469 2126 5538 ἀπάσης
2177 5469 2238 5525 F.
2345 5469 2392 5503 ³⁸
2442 5469 2487 5518 εἲ

1963 5541 2008 5576 ³⁸
2064 5538 2412 5612 πειθόμενος,
2451 5537 2487 5612 ᾗ

938 5600 1189 5686 ³ξτιμῶν
1222 5608 1280 5663 Β.
1326 5608 1385 5667 C.
1425 5600 1790 5686 1).’φαίνοίτο
1836 5622 1963 5676 θανα

2081 5613 2190 5667 τθαι
2229 5600 2302 5669 Ὀ.
2345 5600 2409 5668 EI
2461 5600 2521 5666 Ρ.
2622 5606 2666 5642 ³1
2715 5604 2791 5666 ὡς
2841 5608 2896 5659 Β.
2949 5600 3012 5659 C.
3061 5600 3152 5658 D.‘
3188 5603 3252 5658 E.
3309 5600 3371 5657 F.

2091 4693 2533 4750 multitudinem
2573 4707 2798 4760 eorum,
2831 4689 2930 4762 qui
2965 4689 3036 4744 ad
3067 4703 3165 4743 eas
3195 4685 3506 4742 veniebant
3543 4679 3740 4736 solitu-

2090 4788 2277 4844 dines.
2320 4782 2509 4839 Nimis
2553 4784 2724 4836 arctis
2765 4780 3160 4836 reddebantur
3200 4774 3478 4832 custodiae
3511 4787 3525 4827 :
3563 4769 3743 4842 reple-

2091 4878 2308 4932 bantur
2355 4886 2634 4939 carceres,
2666 4887 2782 4926 non
2832 4867 3182 4934 latronibus,
3216 4863 3360 4938 proh
3405 4859 3587 4929 dolor,
3620 4873 3736 4914 non

2093 4962 2531 5038 expilatoribus,
2563 4964 2662 5016 aut
2691 4958 2820 5015 aliis
2851 4956 3141 5028 ejusmodi
3171 4951 3450 5010 maleficis
3483 4947 3737 5005 homini-

2091 5055 2252 5110 bus:
2299 5052 2400 5108 sed
2467 5047 2609 5104 viris
2667 5046 2780 5118 piis
2829 5061 2895 5101 ac
2952 5042 3261 5114 religiosis,
3319 5044 3376 5096 et
3427 5038 3736 5095 Dominum

2678 5319 2725 5355 ²ί
2895 5316 2958 5372 Β.
3011 5315 3069 5370 C.
3124 5313 3190 5369 D.
3245 5316 3304 5367 E.
3347 5342 3416 5353 —
3474 5306 3556 5364 δεῖ
3611 5325 3730 5366 om.

2679 5406 2852 5435 manu
2906 5386 3210 5435 recentiori
3260 5386 3322 5435 F.
3424 5382 3472 5418 ³⁸
3513 5376 3729 5435 διαϐαί-

2844 5406 2853 5445 Ι
2905 5401 3210 5444 recentiori
3260 5401 3322 5440 Γ.
3424 5401 3472 5418 ⁸⁵
3513 5401 3729 5435 οιαοαι-

2844 5461 2888 5495 ⁸⁷
2945 5461 3026 5529 τῷ
3063 5458 3233 5529 καινῷ
3290 5451 3617 5529 δόγματι
3648 5456 3730 5524 τῷ

2856 5530 2902 5566 29
2958 5523 3260 5604 π’ροθύμώς
3319 5523 3730 5599 ἀποδεχόμενοξ

2856 5609 2896 5659 3.
2949 5603 3007 5659 C.
3061 5602 3128 5658 D.
3188 5603 3252 5658 E.
3309 5600 3371 5657 F.
3473 5598 3520 5633 ³³
3578 5595 3733 5670 οἷ’μοι

2345 5466 2392 5503 ³⁸
2442 5462 2624 5524 εἷ”τις
2680 5462 2742 5519 C.

2537 5535 2628 5589 καὶ
2687 5535 2750 5589 D.
