4106 6200
368 327 524 388 1115

1718 333 1997 395 MENSIS
2042 331 2423 395 OCTOBElt.

3614 324 3779 386 1116

360 486 722 555 timentibus,
757 503 1003 560 quorum
1039 494 1206 546 erant
1253 495 1556 561 pernoctes
1615 495 1914 565 stationes,
1946 498 2004 549 et

2143 491 2204 546 ,αὶ
2236 491 2453 546 οἱκατὰ
2494 489 2623 545 Θεὸν
2677 485 2902 563 ἱδρῶτες
2958 485 3048 542 καὶ
3106 483 3173 542 si
3228 488 3275 523 ³⁸
3332 505 3616 560 νυκτερινα
3676 483 3776 539 δα-

361 575 460 645 qui
504 579 638 631 sunt
676 592 744 632 ex
790 578 906 633 Deo
958 580 1228 650 sudores,
1260 585 1318 636 et
1363 589 1662 639 nocturnae
1690 581 2002 656 lacrymae:

362 667 418 719 et
447 680 592 734 quos
621 665 980 722 Hierusalem
1014 669 1256 725 vocabat
1303 670 1489 727 libera
1519 672 1738 743 civltas,
1773 672 2008 728 honori-

359 750 469 807 ﬁce
501 754 656 824 apud
693 769 821 810 eam
854 755 1272 814 diversaturos.

437 843 525 898 VI.
552 844 696 898 Cum
729 861 864 916 ergo
887 850 1004 902 tam
1039 863 1321 920 magnum
1354 853 1410 905 et
1439 854 1558 906 tam
1590 868 1761 924 grave
1793 851 2010 907 bellum

361 936 514 988 esset
531 934 874 1002 excitatum,
899 940 956 992 et
987 937 1155 993 mulli
1179 940 1378 995 statim
1405 944 1647 1012 tempori
1677 942 2011 1010 cessissent,

363 1022 763 1093 serviliterque
809 1029 865 1080 et
910 1025 1270 1084 illiberaliter
1320 1031 1559 1087 omnino
1610 1032 2012 1103 loquerentur,

364 1112 572 1168 beatus
619 1113 709 1169 hic
756 1114 1034 1185 Andreas,
1069 1135 1184 1174 non
1233 1119 1426 1176 ferens
1459 1121 1614 1177 hunc
1653 1138 1865 1178 novum
1898 1139 2016 1178 mo-

365 1202 507 1257 dum
542 1203 910 1275 captivitatis,
945 1223 1133 1278 neque
1166 1207 1292 1279 pias
1324 1209 1573 1281 animas,
1605 1229 1731 1284 qua:
1763 1228 2015 1283 superna

364 1293 614 1361 civitate,
649 1294 860 1350 misere
893 1297 1292 1368 privabantur,
1328 1301 1654 1374 despiciens
1685 1317 1698 1357 :
1739 1303 1839 1358 sed
1870 1307 2017 1359 tem-

362 1400 473 1455 pus
521 1389 720 1455 aptum
779 1403 908 1444 esse
953 1389 1275 1447 arbitratus
1331 1394 1400 1448 ad
1457 1393 1647 1449 zelum
1708 1410 1922 1468 magno
1964 1404 2019 1451 et

362 1475 586 1532 excelso
645 1477 836 1534 animo
899 1482 1351 1551 ostendendum,
1415 1501 1587 1556 quem
1650 1501 1753 1557 pro
1802 1487 2019 1558 pietate

357 1565 585 1634 jamdiu
651 1568 1026 1637 parturiebat,
1060 1571 1258 1628 relicta
1310 1577 1482 1641 terra,
1517 1576 1706 1645 patria
1760 1580 1817 1632 et
1873 1576 2018 1643 solo,

368 1655 520 1723 quod
574 1671 707 1710 cum
768 1658 1012 1729 aluerat,
1045 1661 1202 1716 venit
1241 1663 1443 1718 statim
1494 1664 1854 1736 Byzantium,
1897 1669 2022 1721 tan-

364 1757 542 1812 quam
577 1745 870 1818 quispiam
906 1749 1073 1805 fortis
1107 1755 1162 1804 et
1200 1767 1520 1822 generosus
1560 1753 1796 1819 athleta,
1834 1755 1932 1826 qui
1963 1755 2018 1810 in

366 1833 778 1891 exercitatione
813 1838 950 1894 satis
1006 1840 1187 1896 studii
1226 1847 1520 1912 posuerat,
1572 1850 1624 1898 et
1668 1844 1728 1898 in
1770 1844 2019 1899 stadium
2054 1870 2109 1936 B

368 1923 581 1994 saepius
611 1924 1008 1983 descenderat.
1074 1930 1277 2001 Itaque
1321 1949 1425 1989 nec
1471 1937 1688 1990 metum
1725 1934 2025 2006 magistra-

370 2015 560 2082 tuum,
597 2031 786 2086 neque
817 2016 1036 2088 aliquid
1079 2019 1236 2075 aliud
1279 2039 1452 2091 grave
1485 2027 1784 2094 reputans,
1816 2023 1875 2078 in
1907 2040 2030 2080 me-

375 2100 540 2157 dium
617 2120 982 2176 progressus,
1044 2108 1448 2177 imperatoris,
1504 2117 1561 2166 et
1636 2127 1852 2183 eorum,
1933 2113 2034 2184 qui

373 2197 540 2245 erant
579 2191 649 2247 ab
701 2194 824 2263 ejus
873 2200 1058 2266 parte,
1095 2196 1313 2254 malam
1364 2204 1580 2256 sectam
1614 2201 1790 2258 libere
1830 2217 2034 2274 argue-

375 2280 522 2336 bat:
575 2286 632 2337 et
671 2282 975 2352 honorem,
1026 2288 1123 2358 qui
1173 2289 1384 2346 divinis
1435 2291 1759 2348 debebatur
1806 2292 2030 2362 ﬁguris,

378 2369 622 2426 docebat
647 2374 704 2426 et
735 2375 1029 2430 statuebat
1063 2392 1076 2432 :
1111 2376 1227 2445 Sic,
1262 2379 1485 2446 dicens,
1514 2381 1686 2437 debet
1720 2381 1832 2438 coli
1863 2387 2034 2438 Deus’

381 2456 467 2513 sic
496 2462 758 2517 venerari
789 2461 1100 2536 imagines.
1163 2467 1340 2524 Porro
1373 2475 1568 2527 autem
1601 2472 1836 2529 dicebat
1865 2489 1929 2528 se
1972 2488 2036 2528 eo

384 2548 631 2620 venisse,
692 2555 757 2607 ut
804 2552 1052 2625 tolleret,
1096 2573 1222 2630 quas
1284 2575 1317 2614 a
1373 2559 1602 2617 diabolo
1661 2562 2035 2632 parabantur,

382 2637 634 2696 insidias
665 2645 723 2697 et
768 2659 865 2699 eos
899 2644 1155 2715 quidem,
1187 2649 1286 2720 qui
1347 2665 1514 2706 suam
1547 2649 1796 2708 salutem
1842 2651 2038 2725 prodi-

387 2729 612 2800 derant,
647 2732 964 2791 adduceret
994 2736 1065 2792 ad
1098 2739 1519 2811 paenitentiam,
1554 2745 1610 2798 et
1658 2743 1922 2799 animum
1952 2743 2039 2799 eis

395 2821 651 2891 adderet,
704 2828 768 2880 ut
822 2842 1023 2884 rursus
1073 2836 1447 2901 pugnarent:
1492 2849 1692 2889 rursus
1729 2849 1866 2889 vero
1916 2849 2034 2902 eos,

395 2909 496 2979 qui
527 2912 784 2983 stabant,
827 2916 1115 2986 precibus,
1158 2919 1671 2978 adhortationibus
1701 2925 1758 2978 et
1799 2921 2038 2979 consilio

393 2999 668 3067 muniret,
703 3006 974 3074 tutosque
1013 3006 1298 3064 redderet.

462 3085 587 3141 VII.
621 3089 762 3144 Cum
791 3090 839 3146 is
874 3091 994 3148 haec
1043 3093 1276 3164 publice
1316 3099 1675 3168 praedicaret,
1706 3104 1763 3158 et
1810 3117 1882 3158 ne
1911 3104 2042 3158 tan-

390 3173 580 3230 tillum
613 3176 850 3246 quidem
911 3181 982 3237 de
1013 3181 1240 3239 dicendi
1285 3186 1553 3246 libertate
1602 3191 1941 3260 remitteret,
1969 3207 2038 3247 ea

390 3262 798 3332 significantur
831 3267 1190 3342 imperatori.
1242 3276 1346 3340 Qui
1382 3293 1515 3333 cum
1573 3286 1704 3336 ante
1744 3280 2033 3336 civitatem

391 3351 452 3406 in
484 3354 752 3426 martyris
794 3357 1130 3430 Mamantis,
1163 3378 1286 3432 qua:
1336 3365 1570 3437 dicitur,
1604 3369 1868 3437 basilica,
1903 3387 2037 3426 cum

392 3457 496 3499 suo
528 3450 803 3503 consueto
854 3450 1222 3520 praasedisset
1254 3456 1563 3525 supercilio
1598 3474 1611 3512 :
1653 3465 1708 3514 et
1756 3475 2035 3532 magnum

395 3532 632 3604 quidem
662 3553 729 3592 ex
760 3539 988 3595 scenica
1017 3537 1116 3596 illa
1147 3544 1336 3614 specie
1365 3545 1602 3615 fastum,
1640 3564 1908 3619 magnam
1942 3565 2038 3605 au-

393 3627 506 3678 tem
541 3639 610 3679 ex
666 3632 1002 3685 assentante
1058 3629 1156 3687 illo
1201 3632 1473 3690 satellitio
1531 3637 1774 3708 gloriam
1805 3637 1917 3693 sibi
1949 3637 2039 3693 in-

396 3711 622 3769 duisset
658 3729 672 3769 :
705 3719 762 3771 et
801 3732 905 3773 nec
945 3735 1037 3775 eos
1084 3721 1338 3794 quidem,
1390 3725 1490 3796 qui
1534 3727 1798 3797 oderant,
1846 3725 2035 3784 solum

392 3800 606 3858 intueri
640 3805 958 3863 sustineret
993 3823 1007 3865 :
1050 3810 1400 3870 orthodoxos
1429 3831 1561 3872 vero
1601 3820 1761 3872 torve
1802 3820 1858 3872 et
1886 3816 2035 3873 fero-

395 3891 536 3947 citer
614 3893 959 3966 adspiceret,
1033 3904 1091 3954 et
1150 3900 1332 3957 nihilo
1393 3903 1616 3974 mitius,
1689 3921 1866 3977 quam
1916 3906 2039 3962 fera

396 3982 661 4054 agrestis,
694 3983 754 4038 in
805 4001 903 4042 eos
951 3987 1242 4045 ferretur:
1276 3994 1331 4046 et
1363 3993 1506 4049 alios
1565 3995 1804 4065 quidem
1857 3995 2034 4053 boum

395 4071 583 4128 nervis
624 4073 1031 4132 crudelissime
1070 4079 1316 4135 canderet
1349 4097 1362 4135 :
1402 4081 1548 4137 alios
1578 4087 1774 4139 autem
1828 4083 1950 4156 igni
1981 4087 2038 4140 et

396 4158 529 4215 aliis
577 4162 880 4233 snppliciis
939 4167 1245 4224 traderet:
1297 4170 1615 4229 multorum
1672 4188 1803 4229 vero
1861 4173 2035 4229 etiam

395 4248 556 4318 ipsos
587 4251 787 4308 oculos
844 4258 901 4310 et
959 4254 1219 4328 linguam
1260 4265 1504 4331 erueret,
1544 4264 1610 4317 ut
1657 4261 1741 4317 illi
1798 4261 2036 4334 quidem

398 4337 641 4395 aliorum
676 4341 1022 4401 athletarum
1064 4363 1183 4404 non
1213 4350 1580 4422 adspicerent
1601 4351 1781 4408 animi
1813 4353 2038 4423 magni-

395 4428 680 4502 tudinem,
724 4447 829 4488 nec
860 4434 996 4491 hinc
1043 4436 1362 4494 tolerantia-3
1406 4456 1678 4512 magnum
1711 4443 2038 4514 acciperent

398 4518 665 4577 solatium
701 4536 714 4579 :
756 4522 862 4580 hac
911 4531 1097 4582 autem
1142 4528 1414 4600 adempta
1458 4547 1571 4587 non
1622 4539 1860 4604 possent
1890 4531 2035 4588 alios

2113 601 2273 656 κρυα,
2307 582 2393 636 καί
2436 579 2527 643 οὓς
2561 576 2931 654 Ἰερουσαλὴμ
2968 580 3002 646 ἡ
3040 575 3299 651 ἐλευθέρα
3348 575 3510 637 πόλις
3560 574 3777 643 ἐκάλει,

2115 669 2424 749 φιλοτίμως
2454 671 2580 745 παρ’
2612 669 2750 744 αὐτῇ
2791 665 3224 727 καταλύσοντας.

2190 851 2253 914 ς’.
2325 847 2582 924 Μεγάλου
2643 849 2689 884 ³⁵
2760 848 2946 903 τοίνυν
3006 844 3151 901 οὕτω
3210 848 3306 900 τοῦ
3373 841 3624 916 πολέμου
3683 841 3783 896 καὶ

2116 937 2289 995 δεινοῦ
2345 937 2678 1011 κινηθέντος
2736 943 2827 992 καί
2884 941 2992 992 τῶν
3057 937 3104 972 ³⁸
3169 933 3399 990 πολλῶν
3479 932 3636 996 εὐθὺς
3697 932 3782 993 εἷς

2115 1031 2206 1086 τὸν
2238 1031 2425 1104 καιρὸν
2463 1028 2804 1103 βλεψάντων,
2835 1027 2924 1082 καὶ
2990 1023 3246 1080 δουλικὸν
3295 1021 3440 1085 ὅλως
3481 1023 3570 1076 καὶ
3623 1023 3785 1097 ἆγεν-

2117 1121 2202 1182 νές
2244 1120 2293 1156 ³⁷
2341 1119 2748 1196 φθεγγομένων,
2782 1117 2809 1171 6
2863 1115 3126 1191 μακάριος
3178 1114 3333 1174 οὗτος
3382 1109 3638 1184 Ἀνδρέας
3685 1111 3786 1166 τόν

2119 1210 2303 1265 καινὸν
2369 1214 2562 1264 τοῦτον
2599 1209 2700 1276 τῆς
2763 1204 3154 1281 αἰχμαλωσίας
3212 1203 3417 1281 τρόπον
3476 1200 3573 1256 οὐκ
3632 1198 3790 1275 ἐνεγ-

2119 1301 2249 1369 κὼν,
2297 1295 2420 1353 οὐδὲ
2457 1303 2556 1365 τῆς
2614 1295 2721 1350 ἂνω
2779 1291 3039 1371 πατρίδος
3093 1295 3190 1355 τὰς
3248 1287 3788 1363 εὐσεϐεῖςθδψυχάς

2122 1385 2325 1451 ἀθλίως
2383 1383 2744 1457 στερουμένας
2797 1379 3088 1456 ὑπεριδὼν,
3141 1379 3286 1436 ἀλλά
3333 1379 3520 1453 καιρὸν
3577 1375 3786 1446 ἐπιττξ-

2124 1474 2266 1532 δειον
2318 1475 2453 1530 εἶναι
2491 1473 2746 1547 νομίσας,
2803 1471 2863 1526 ὅν
2923 1470 3056 1545 ὑπὲρ
3116 1465 3385 1530 εὐσεϐείας
3442 1468 3501 1522 ἐκ
3553 1465 3788 1522 πολλοῦ

2125 1561 2283 1620 ὤδινε
2359 1563 2551 1633 ζῆλον,
2645 1559 2998 1634 ἀνδρειότατα
3066 1563 3156 1613 νῦν
3235 1554 3616 1629 ἐπιδείξασθαιο
3678 1561 3789 1628 γῆν

2123 1654 2384 1727 πατρῴαν
2417 1653 2508 1708 καὶ
2538 1652 2603 1706 τὸ
2643 1650 2982 1725 θρεψάμενον
3033 1644 3233 1726 ἔδαφος
3272 1646 3536 1716 ἐκλιπὼν,
3595 1643 3674 1704 εἷς
3717 1643 3786 1698 τὸ

2130 1744 2415 1813 Βυζάντιον
2481 1741 2636 1806 εὐθὺς
2700 1737 2842 1809 ἥκει,
2898 1739 3080 1812 ῶσπερ
3143 1756 3227 1798 τις
3291 1739 3529 1810 γενναῖος
3585 1733 3797 1810 ἀγωνι-

2133 1836 2263 1904 στὴς
2315 1834 2513 1895 ’ἱκανῶς
2559 1829 2876 1900 ἐκπονηθεὶς
2915 1829 2981 1883 τὰ
3019 1827 3316 1902 γυμνάσια,
3365 1824 3456 1880 καὶ
3504 1822 3625 1898 ἄρτι
3678 1823 3794 1897 πρὸ

2139 1925 2200 1979 τὸ
2242 1919 2458 1978 στάδιον
2505 1915 2764 1980 καταϐἀςί
2823 1917 2913 1972 καὶ
2977 1919 3114 1990 μήτε
3165 1914 3447 1990 ἀρχόντων
3488 1907 3657 1993 φόϐος
3715 1912 3795 1981 ³9,

2146 2017 2283 2089 μήτε
2315 2014 2453 2070 ἄλλο
2485 2019 2592 2069 τῶν
2636 2010 2896 2092 χαλεπῶν
2950 2008 3440 2084 ὑπολογισάμενος,
3493 2003 3794 2081 παρελθὼν

2143 2105 2218 2168 εἷς
2290 2108 2505 2180 μέσους,
2566 2106 2665 2174 τὴν
2724 2099 2886 2157 αὐτοῦ
2949 2121 3008 2156 τε
3071 2099 3317 2175 πονηρὰν
3393 2097 3666 2172 βασιλέως
3745 2095 3800 2131 ⁸ο

2143 2194 2369 2270 α’ίρεσιν,
2410 2195 2499 2250 καὶ
2541 2198 2649 2251 τῶν
2703 2192 2805 2247 ὑπὸ
2857 2197 3017 2266 χεῖρα
3071 2188 3340 2263 διήλεγχε
3390 2187 3524 2261 μετὰ
3579 2183 3800 2259 παρρη-

2145 2288 2282 2357 σίας,
2315 2286 2403 2341 καὶ
2462 2286 2558 2354 τὴν
2623 2281 2987 2363 ὀφειλομένην
3039 2285 3158 2342 τοῖς
3219 2280 3384 2344 θείοις
3441 2279 3795 2352 χαρακτῆρσι

2895 2369 3223 2445 ἐνομοθέτει’
3336 2366 3500 2437 οὕτω,
3585 2366 3800 2441 λέγων,

3039 2459 3181 2515 οὕτω
3248 2457 3660 2533 προσκυνεῖσθαι
3722 2455 3802 2509 τὰ

2143 2378 2310 2450 τιμὴν
2373 2372 2620 2430 ἐδίδασκε
2709 2371 2798 2427 καὶ
2895 2369 3223 2445 ἐνομοθέτει’
3336 2366 3500 2437 οὕτω,

2145 2463 2354 2544 ὀφείλει
2445 2470 2706 2537 τιμᾶσθαι
2791 2461 2944 2531 Θεὸς,
3039 2461 3206 2562 οὕτωΙ
3248 2461 3708 2566 προσκυνεῖσθαιρ

2175 2556 2188 2566 ι
2304 2556 2313 2566 ι
2567 2547 2592 2566 SI
2634 2564 2644 2566 _
2986 2549 3000 2566 \
3102 2549 3117 2566 ἰ
3182 2545 3194 2566 3
3307 2549 3365 2566 UA

2147 2542 2514 2627 εἶκονίσματαο
2567 2547 2710 2617 ἔνθεν
2768 2572 2852 2606 τοι
2911 2549 3001 2606 καὶ
3059 2549 3126 2603 τὰ
3181 2542 3405 2602 ἕλταῠθα
3461 2542 3801 2601 καταλαϐεῖν

2147 2643 2368 2723 ἔφασκεν
2411 2643 2491 2723 ἐερ²
2521 2643 2566 2715 ᾧ
2607 2643 2706 2710 τὴν
2757 2638 2817 2696 ἒκ
2856 2645 2956 2695 τοῦ
3004 2632 3266 2694 διαϐόλου
3320 2635 3802 2710 κακουργηθεῖσαν

2145 2733 2476 2810 πανουργίαν
2541 2731 2727 2806 ἀνέλῃ.
2785 2729 2876 2786 καὶ
2925 2727 3053 2791 τοὺς
3107 2729 3201 2802 μὲν
3259 2727 3358 2795 τήν
3404 2724 3604 2781 οἰκείαν
3652 2744 3807 2800 προ-

2149 2819 2338 2885 δόντας
2401 2820 2699 2897 σωτηρίαν,
2772 2817 3201 2894 γνωσιμαχῆσαί
3273 2836 3332 2871 τε
3394 2813 3801 2889 παρασκευάσει

2146 2916 2233 2970 καὶ
2295 2911 2690 2990 παραθαρῥύνει
2746 2912 2791 2949 ⁴¹
2854 2907 3316 2984 ἂναμαχέσασθαι,
3383 2907 3509 2968 τοὺς
3557 2904 3804 2968 ἑστῶτας

2149 3002 2206 3059 δὲ
2235 3004 2578 3080 παραινέσεσι
2608 2999 2698 3056 καὶ
2732 2995 3072 3074 συμϐουλαῖς
3118 2995 3468 3076 ἀτφαλίσεται
3498 2996 3566 3051 ⁴².

2218 3094 2292 3153 Ζ’.
2357 3097 2534 3148 Ταῦτα
2591 3089 2779 3159 ἐπειδὴ
2865 3087 3025 3151 οὗτος
3100 3089 3148 3124 ⁴³
3211 3085 3470 3162 ἐκήρυττε
3525 3083 3799 3157 δημοσίᾳ,

2147 3184 2234 3239 καὶ
2283 3180 2409 3238 οὐδὲ
2470 3182 2649 3257 βραχὺ
2699 3186 2797 3250 τῆς
2861 3176 3165 3254 παρρησίας
3216 3177 3243 3230 6
3291 3180 3536 3251 γενναῖος
3585 3172 3801 3253 ὑφίετο,

2148 3269 2292 3342 δῆλα
2328 3271 2418 3326 καὶ
2455 3275 2537 3342 τῷ
2588 3266 2807 3346 βασιλεῖ
2853 3266 3076 3344 γίνεται.
3126 3266 3230 3321 Καὶ
3285 3261 3351 3334 δὴ
3394 3263 3500 3338 πρὸ
3546 3268 3646 3332 τῆς
3687 3261 3807 3316 πός-

2148 3361 2288 3425 λεως
2318 3359 2369 3416 ἐν
2396 3365 2514 3422 ταῖς
2559 3360 2606 3396 ⁴⁴
2649 3361 2747 3414 τοῦ
2803 3357 3074 3433 μάρτυρος
3131 3353 3422 3428 Μάμαντος
3472 3351 3808 3428 λεγομένοις

2151 3451 2472 3527 βασιλείοις,
2510 3449 2643 3524 μετὰ
2694 3455 2792 3517 τῆς
2854 3448 3119 3517 συνήθους
3178 3444 3378 3523 ὀφρύος
3437 3443 3604 3498 αὐτοῦ
3652 3461 3805 3516 προ-

2149 3540 2478 3602 σαθίσαντος·
2549 3538 2638 3594 καὶ
2696 3536 2869 3593 πολὺν
2944 3537 3061 3610 μὲν,
3117 3534 3212 3589 τὸν
3271 3534 3375 3587 ἀπὸ
3431 3539 3530 3602 τῆς
3584 3536 3804 3602 σκηνῆς

2147 3629 2333 3710 ὄγκονο
2374 3628 2592 3701 πολλὴν
2625 3626 2702 3696 δὲ,
2741 3634 2843 3697 τῆς
2894 3629 2940 3665 ⁴⁵
2984 3627 3090 3682 ἀπὸ
3134 3632 3234 3695 τῆς
3289 3623 3526 3686 κόλακος
3583 3620 3808 3692 ἐκείνης

2149 3708 2476 3798 δορυφορίας
2561 3713 3042 3793 περιϐεϐλημένου
3130 3713 3308 3787 δόξαν,
3401 3713 3492 3768 καὶ
3559 3708 3686 3766 οὐδὲ
3754 3713 3807 3748 ⁸⁸

2150 3809 2372 3886 βλέπειν
2424 3807 2613 3871 ἀπλῶς
2660 3809 2796 3882 πρὸς
2835 3807 2965 3869 τοὺς
3022 3805 3287 3880 παρόντας
3345 3800 3682 3878 ἀνεχομένου
3733 3803 3802 3858 ⁸⁷.

2145 3900 2281 3957 κατά
2315 3898 2408 3975 μέν
2441 3920 2524 3954 τοι
2551 3904 2659 3954 τῶν
2704 3893 3007 3972 ὀρθοδόξων
3058 3895 3147 3950 καὶ
3197 3892 3319 3950 λίαν
3370 3892 3570 3963 ἀπηνὲς
3619 3891 3806 3964 ὁρῶν-

2144 4014 2260 4061 τος,
2291 3990 2383 4046 καὶ
2441 3989 2608 4065 θηρὸς
2656 3987 2852 4065 ἀγρίου
2909 3986 3027 4042 κατ’
3087 3982 3239 4041 οὒδέν
3295 3983 3645 4060 ἡμερώτερον
3711 3980 3805 4036 ἐπ’

2147 4079 2342 4144 αὐτοὺς
2375 4077 2691 4158 φερομένου·
2719 4077 2810 4132 καὶ
2839 4077 2966 4139 τοὺς
3021 4076 3138 4150 μὲν,
3183 4073 3493 4151 βουνεύροις
3533 4070 3802 4144 ὠμότατα

2147 4169 2451 4241 διαξέοντος
2491 4171 2556 4240 ⁸⁸,
2587 4169 2713 4230 τοὺς
2743 4164 2801 4222 δὲ
2838 4164 2928 4221 καί
2959 4163 3088 4241 πυρὶ
3127 4162 3216 4219 καὶ
3259 4166 3328 4237 τῇ
3377 4159 3522 4235 ἄλλῃ
3567 4159 3801 4216 κολάσει

2145 4257 2563 4336 παραδεδόντος’
2623 4255 2850 4313 πολλῶν
2919 4253 2977 4310 δὲ
3041 4253 3132 4309 καὶ
3200 4249 3521 4331 ὀφθαλμοὺς
3589 4248 3798 4311 αὐτοὺς

2144 4350 2234 4406 καὶ
2267 4349 2515 4426 γλῶτταν
2550 4345 2910 4410 έκκόπτοντος
2935 4342 3030 4400 ’ίνα
3063 4345 3113 4398 οἱ
3143 4346 3188 4381 ⁴⁹
3230 4343 3325 4417 μὲν
3373 4337 3513 4415 μηδὲ
3542 4340 3640 4407 τὴν
3686 4342 3805 4393 τῶν

2147 4436 2333 4495 ἄλλων
2393 4437 2644 4507 ἀθλητῶν
2705 4434 2838 4498 ἴσως
2903 4437 2948 4472 ⁸ο
3002 4433 3340 4510 γενναιότητι
3415 4431 3458 4468 ⁵³
3522 4427 3796 4504 βλέπωσι·

2150 4526 2290 4602 μηδὲ
2351 4525 2593 4602 μεγάλην
2657 4526 2938 4599 ὑπομονῆς
2997 4522 3236 4587 ἐντεῦθεν
3310 4517 3652 4596 παράκλησιν
3706 4513 3800 4570 δέ·

1229 4583 1260 4584 η
1458 4583 1571 4587 ﬂ-”
1622 4583 1859 4604 ,-_____
1893 4583 2030 4588 ___-_

395 4609 645 4667 excitare
703 4613 774 4667 ad
834 4622 1146 4688 certamen,
1197 4633 1384 4690 neque
1429 4620 1512 4678 eis
1559 4621 1736 4677 veluti
1795 4637 2030 4678 manum

2149 4583 2458 4693 .7O.V'tat.5;°
2513 4583 2562 4670 οί
2614 4612 2671 4670 δὲ
2742 4583 2817 4688 μὴ
2880 4608 3051 4689 ἔχωσι
3091 4610 3219 4674 τοὺς
3259 4607 3448 4672 ἄλλως
3511 4605 3798 4682 διεγείρειν

395 4701 652 4771 praebere
693 4719 794 4774 per
824 4705 1134 4763 consilium
1183 4711 1239 4764 et
1268 4710 1599 4768 suasionem
1636 4726 1650 4766 :
1681 4710 1808 4767 aliis
1839 4715 2035 4768 autem

397 4788 575 4844 simul
608 4807 816 4848 manus
845 4801 898 4849 et
945 4795 1118 4865 pedes
1156 4797 1431 4867 auferret,
1464 4804 1698 4872 propter
1726 4799 1822 4856 iraa
1863 4800 2036 4857 vehe-

395 4879 672 4936 mentiam
732 4886 790 4938 et
844 4885 1220 4943 acerbitatem
1271 4906 1284 4945 :
1335 4889 1432 4946 hic
1500 4889 1701 4947 beatus
1776 4891 2036 4946 Andreas

395 4968 594 5025 animo
627 4971 945 5044 sauciatus,
980 4977 1036 5029 et
1067 4991 1169 5046 pro
1213 4975 1460 5035 Domino
1491 4978 1724 5052 spirans
1761 4979 2036 5035 virtutem

392 5063 447 5114 et
479 5059 662 5115 animi
711 5064 1194 5134 magnitudinem,
1245 5082 1376 5123 cum
1409 5085 1439 5125 e
1472 5068 1665 5124 medio
1722 5070 1894 5126 corde
1925 5067 2038 5124 sibi

391 5156 544 5204 esset
574 5155 864 5221 precatus,
914 5157 972 5209 et
1027 5154 1280 5211 subinde
1336 5156 1663 5214 dictitasset
1704 5175 1718 5218 :
1769 5158 2035 5229 Domine,

391 5252 574 5310 serva,
618 5240 878 5310 Domine,
911 5243 1096 5316 dirige
1127 5260 1141 5298 :
1175 5260 1237 5302 se
1267 5245 1462 5318 ipsum
1512 5249 1571 5304 in
1606 5247 1799 5305 media
1847 5247 2038 5320 injicit

462 5382 510 5418 3‘
534 5381 604 5461 τὲ
629 5403 744 5461 οἴῃ.
779 5393 837 5443 Β.
940 5389 987 5424 ⁸⁸
1021 5389 1234 5461 μεγάλα
1265 5393 1326 5447 C.
1430 5391 1453 5427 ⁸
1507 5395 1613 5447 τῶν
1647 5409 1760 5449 om.
1796 5393 1855 5449 F.

462 5411 510 5418 ν·
534 5411 600 5436 τοι
629 5411 744 5443 um.
780 5411 837 5443 ι).
940 5411 987 5424 υ·
1021 5411 1085 5461 με

393 5483 458 5530 -έ-ς·
500 5451 762 5530 φόβος-Β.
789 5464 846 5514 C.
886 5462 946 5517 D.
983 5462 1038 5518 E.
1074 5411 1123 5518 ΙΞΥ

407 5527 530 5608 ξόνίρ
562 5528 622 5584 C.
766 5599 782 5608 _
821 5531 880 5608 :3
911 5527 1318 5608 πάλιν-εὐχαῖς
1339 5535 1428 5590 καὶ
1553 5537 1615 5593 C.

432 5548 488 5579 υν
562 5547 622 5584 υ.
658 5547 724 5585 υ.
833 5547 880 5565 ’³
911 5547 1074 5586 παΑιν
1116 5547 1307 5608 εὐχαῖς
1339 5547 1428 5590 καί
1457 5547 1520 5593 Β.

389 5549 453 5656 E.
654 5600 698 5634 ‘°
728 5599 788 5653 οὖ
821 5601 887 5656 D.
991 5604 1037 5640 ‘7
1078 5604 1448 5701 ἀντεχομένου
1479 5607 1539 5663 C.

389 5671 450 5730 F.
555 5669 600 5705 ⁵⁸
633 5671 990 5735 γενναιότητα
1021 5677 1082 5735 Β.
1121 5679 1180 5734 D.
1216 5681 1275 5734 Ib.
1307 5679 1365 5735 F.
1399 5710 1467 5722 --
1495 5699 1539 5735 γε

555 5669 600 5705 ⁵⁸
633 5671 990 5748 γενναιότητα
1021 5677 1082 5736 Β.
1387 5643 1775 5752 ἶιγενναιὸτη
1811 5643 1915 5752 (ἒίο
1953 5679 2038 5752 C.)

1959 5386 2218 5465 ³⁷-ἀγενες
2259 5387 2318 5442 C.

1122 5502 1165 5538 ._
1229 5465 1276 5500 ⁴⁰
1309 5462 1576 5538 βασιλέως
1608 5464 1936 5538 πονηράνηΟ·
2003 5463 2065 5538 Ε.

1643 5607 1693 5642 ⁴⁸
1731 5604 2098 5677 διαξαίνοντος
2317 5607 2384 5658 D.
2416 5601 2480 5655 E.
2521 5603 2584 5677 E‘

2145 4709 2280 4783 πρὸς
2331 4707 2422 4763 τὸν
2470 4705 2677 4782 ἀγῶνα,
2733 4705 2832 4772 τὴν
2901 4701 3152 4778 γλῶτταν
3220 4697 3591 4777 ἀφῃσημένοι·
3652 4693 3802 4769 μηδὲ

2147 4797 2312 4854 οἱονεὶ
2370 4800 2532 4869 χεῖρα
2594 4793 2810 4856 τούτοις
2879 4789 2969 4846 διὰ
3034 4785 3360 4864 συμϐουλῆς
3428 4786 3634 4863 ὀρέγειν
3701 4785 3796 4839 καὶ

2145 4884 2528 4960 παραινέσεως·
2608 4879 2822 4956 ἑτέρους
2891 4879 2950 4935 δὲ
3039 4880 3130 4935 καὶ
3199 4882 3403 4958 χειρῶν
3477 4877 3618 4950 ὁμοῦ
3700 4871 3796 4928 καὶ

2145 4975 2328 5031 ποδῶν
2393 4971 2845 5048 ἀποστεροῦντος,
2913 4967 3001 5024 διὰ
3067 4972 3244 5042 θυμοῦ
3320 4965 3630 5043 περιουσίαν
3699 4961 3794 5017 καὶ

2147 5063 2471 5140 ἀγριότηταο
2532 5062 2560 5116 ὁ
2621 5062 2885 5135 μακᾶριος
2947 5056 3105 5120 οὗτος
3162 5053 3421 5132 Ἀνδρέας
3467 5054 3651 5118 παθὼν
3690 5053 3794 5140 τήν

2149 5137 2358 5232 taxa”,
2389 5149 2479 5206 καὶ
2537 5150 2776 5226 γενναῖόν
2814 5169 2865 5203 τι
2909 5150 2998 5202 καί
3051 5142 3321 5222 ἀνδρῶδες
3375 5144 3506 5220 ὑπὲρ
3556 5145 3657 5199 τοῦ
3707 5137 3799 5195 δε-

2147 5221 2350 5298 σπότου
2393 5238 2648 5306 πνεύσας,
2694 5237 2862 5314 εὐχήν
2903 5257 2963 5292 τε
3003 5236 3151 5308 αὐτῷ
3199 5234 3259 5290 ἐκ
3310 5233 3478 5309 μέσης
3510 5230 3802 5305 εὐξάμενος

2428 5384 2476 5420 ⁸⁸
2513 5377 2750 5442 εὐσεϐεῖς
2772 5397 2908 5458 _om.
2941 5381 2999 5438 C.
3063 5371 3342 5458 θξῆφόϐρν
3372 5393 3580 5458 manus
3611 5376 3807 5458 prima

2165 5447 2212 5495 ⁴έ
2263 5455 2641 5532 παρασκεύαση
2700 5451 2789 5507 καὶ
2832 5447 3212 5578 παραθαὲῥύνῄ
3264 5451 3326 5508 Β.
3376 5447 3807 5578 -ὶάπαραθαῧο

2165 5551 2253 5578 τως
2279 5535 2341 5578 (ἶ.
2434 5527 2483 5562 ⁴⁴
2511 5524 2563 5578 ἐν
2595 5530 2710 5578 τοῖς
2751 5526 2813 5578 Β.
2845 5526 2909 5578 C.
2942 5531 3007 5578 D.
3087 5565 3098 5578 .
3132 5525 3192 5578 F.
3319 5521 3368 5557 ⁸⁵
3412 5540 3511 5578 την
3544 5525 3606 5576 Β.
3639 5522 3700 5576 C.
3790 5560 3805 5575 .

2003 5533 2051 5569 ⁴⁸
2079 5529 2253 5592 οὕτως
2279 5521 2352 5587 (λ’
2434 5527 2483 5562 ⁴⁴
2511 5524 2563 5580 ἐν
2595 5521 2710 5587 τοῖς
2751 5526 2813 5581 Β.
2845 5521 2920 5582 C.
2942 5531 3007 5580 D.
3038 5521 3098 5581 E.
3132 5521 3198 5580 F.
3319 5521 3368 5557 ‘5
3412 5521 3511 5587 τήν
3544 5521 3612 5576 Β(
3639 5522 3700 5576 C.
3734 5521 3805 5578 D.

2005 5623 2098 5646 τηρ
2129 5605 2188 5646 R,
2224 5603 2284 5646 Π-
2317 5607 2383 5646 n-
2416 5601 2479 5646 Ε-
2523 5603 2584 5646 Ρθ
2683 5597 2730 5633 ⁴9
2752 5594 2829 5646 ’ίν’
2860 5596 2910 5646 οἱ
2942 5599 3003 5646 Β.
3037 5597 3096 5646 C.
3129 5595 3195 5646 D.
3231 5594 3293 5646 Ε.
3328 5593 3388 5646 F.
3464 5592 3510 5628 ⁸ο
3538 5589 3672 5646 ἴσως
3711 5608 3805 5646 om

3564 5611 3672 5653 σως
3711 5608 3807 5651 om

2683 5594 2829 5650 ‘9'iv’
2860 5596 2910 5651 οἳ
2942 5599 3003 5653 Β.
3037 5597 3096 5653 C.
3129 5595 3195 5653 D.
3231 5594 3293 5652 Ε.
3328 5593 3388 5651 F.

2140 5676 2188 5712 ⁸⁵³
2221 5669 2492 5752 δέχωνται
2521 5670 2586 5727 Β.
2619 5669 2680 5727 C.
2713 5674 2779 5726 D.
2812 5668 2875 5726 E.
2910 5669 2973 5726 F.
3097 5694 3106 5711 '-
