4106 6200
287 349 436 409 1117

1459 353 1640 414 νιΤΑ
1686 355 1751 416 S.
1798 354 2140 418 ANDREE
2185 356 2262 416 IN
2312 357 2538 419 CRISI.

3535 354 3689 415 1118

282 512 382 574 τῆς
441 501 686 579 καρδίας,
740 505 850 575 καὶ,
911 506 956 560 ὦ
1015 507 1202 582 Κύριε,
1255 511 1429 564 σῶσον
1493 508 1584 581 δὴ,
1643 511 1688 565 ὦ
1763 514 1929 591 Κύριε

2048 517 2321 589 pericula,
2354 521 2410 571 et
2442 531 2663 582 eorum,
2698 515 2798 587 qui
2825 513 3306 581 circumstabant,
3341 513 3518 570 divisa
3551 514 3692 569 mul-

283 589 552 647 εύόδωσον
621 589 712 665 δὴ,
773 593 1027 650 ἐπειπώνο
1107 594 1186 660 εἲς
1252 597 1447 670 μέσους
1513 597 1700 654 ἑαυτὸν
1784 589 1930 675 ἐπνιρ-

284 680 461 757 ῥίπτει
525 679 652 744 τοὺς
711 680 995 747 κινδύνους
1050 683 1140 738 καὶ
1223 685 1285 740 τὸ
1370 691 1477 742 τῶν
1551 691 1926 759 περιεστώτων

283 768 498 839 πλῆθος
558 768 852 846 διατεμὼν,
910 773 999 828 καὶ
1061 773 1240 838 λαθὼν
1299 774 1427 838 τοὺς
1487 773 1928 848 σοϐοῦότας,καῖ

289 861 376 915 ὑπ’
438 856 564 933 ὄψιν
619 865 696 933 τῷ
752 861 968 937 βασιλεῖ
1030 863 1340 938 γενόμενος.
1387 865 1482 922 ’ίνα
1535 868 1608 936 τί,
1660 869 1841 945 φησὶν,
1885 870 1928 923 ὧ

289 949 514 1022 βασιλεῦ
574 952 617 1006 εἰ
677 954 1004 1025 Χριστιανὸς
1041 955 1110 1022 εἴ,
1143 961 1369 1012 τοιαῦτα
1405 957 1542 1011 κατᾶ
1587 965 1688 1028 τῆς
1720 958 1932 1023 εἷκόνος

285 1041 522 1114 Χριστοῦ
569 1041 658 1095 καὶ
713 1047 822 1096 τῶν
873 1043 1038 1098 αὐτοῦ
1087 1041 1301 1098 δούλων
1351 1048 1588 1125 τεχνάζῃ
1641 1048 1819 1116 κακαῖς
1873 1049 1930 1101 Ὀ

287 1125 344 1184 δὲ
391 1131 493 1198 τήν
543 1130 846 1206 παρρησίαν
885 1131 1085 1202 ταὺτην
1135 1133 1234 1189 ούκ
1281 1133 1539 1210 ἐνεγκὼν,
1601 1135 1728 1192 ἀλλ’
1778 1133 1930 1212 ὕϐριν

286 1219 418 1274 εἶναι
481 1227 621 1300 σαφῆ
697 1223 760 1275 τὸ
826 1226 1057 1299 πρᾶγμα
1116 1222 1500 1298 λογισάμενος,
1568 1224 1816 1300 ἐγκόπτει
1874 1248 1932 1282 τε

287 1309 482 1364 αὐτίκα
551 1311 763 1385 Αέγοντι
822 1317 902 1384 τῷ
953 1313 1205 1386 γενναίῳ,
1263 1315 1352 1368 καὶ
1400 1311 1692 1370 συλλαϐεῖν
1769 1316 1930 1371 αότὸν

285 1403 404 1462 τοῖς
449 1405 754 1474 παρεστῶσι
797 1399 1186 1459 διακελεύεται.
1221 1403 1386 1460 Οὗτοι
1439 1401 1496 1458 δὲ
1531 1402 1631 1479 ἄρα
1659 1407 1932 1480 φονώσαις

287 1488 444 1564 χερσὶ
503 1489 590 1543 καὶ
661 1489 903 1565 βαρείαις
975 1490 1125 1553 εὐθὺς
1211 1491 1640 1572 ἐφορμήσαντες,
1729 1497 1815 1550 καὶ
1905 1497 1934 1550 6

289 1578 386 1648 μὲν
425 1577 473 1612 ⁵³
528 1576 693 1632 αὐτοῦ
750 1586 849 1650 τῆς
897 1581 1164 1659 κεφαλῆς,
1227 1582 1254 1635 ὁ
1287 1580 1344 1637 δὲ
1370 1585 1414 1618 ⁸⁸
1441 1587 1552 1638 τῶν
1597 1589 1800 1660 χειρῶν
1835 1585 1936 1641 λα-

287 1663 510 1740 ϐόμενοι
541 1685 555 1700 ·
619 1665 782 1723 ἄλλοι
829 1676 929 1739 τῆς
982 1668 1261 1744 ἐπωμίδος
1298 1690 1310 1704 ⁶
1352 1677 1449 1727 τοῦ
1509 1673 1840 1747 χιτωνίσκου
1877 1695 1935 1730 τε

285 1753 465 1832 ἕτεροι
539 1754 689 1829 μάλα
769 1753 1116 1830 ὑϐριστικῶς.
1180 1759 1282 1817 Καὶ
1324 1761 1475 1825 ’ὁπως
1531 1761 1590 1816 ἂν
1625 1765 1668 1799 ⁵⁵
1698 1762 1936 1836 μάλιστά

2039 606 2311 673 titudine,
2343 605 2530 662 latens
2552 620 2672 674 eos,
2707 603 2807 675 qui
2839 603 3172 674 abigebant,
3195 619 3328 658 cum
3352 602 3608 658 venisset
3630 603 3690 657 in

2039 699 2420 765 conspectum
2452 693 2820 762 imperatoris
2848 709 2860 746 :
2886 692 3017 759 Cur,
3054 692 3267 761 inquit,
3292 708 3323 747 ο
3353 692 3690 762 imperator,

2039 783 2087 838 si
2117 800 2178 838 es
2233 783 2628 852 Christianus,
2676 781 2791 836 haec
2824 779 2977 836 mala
3029 780 3382 836 machinaris
3413 779 3690 834 adversus

2038 873 2252 928 Christi
2277 873 2616 945 imaginem,
2641 877 2696 928 et
2717 873 2847 942 ejus
2870 887 3166 927 servorum
3189 868 3216 925 ἲ
3238 868 3339 925 Ille
3359 873 3551 924 autem
3577 885 3692 923 non

2039 963 2228 1018 ferens
2263 964 2410 1018 hanc
2439 962 2719 1035 loquendi
2749 961 3098 1029 libertatem,
3132 960 3229 1016 sed
3264 962 3521 1030 apertam
3557 974 3695 1012 con-

2043 1052 2340 1107 tumeliam
2367 1067 2488 1106 rem
2509 1067 2637 1106 esse
2659 1049 3025 1117 existimans,
3049 1049 3381 1120 loquentem
3413 1047 3691 1103 Sanctum

2041 1139 2239 1195 statim
2273 1139 2664 1212 interrumpit,
2699 1143 2755 1195 et
2780 1139 2946 1208 jubet
2975 1138 3070 1206 iis,
3103 1137 3202 1208 qui
3235 1137 3526 1205 astabant,
3559 1151 3696 1190 eum

2041 1228 2556 1298 comprehendere.
2591 1228 2632 1282 Ii
2658 1232 2852 1284 autem
2878 1228 3088 1282 caedem
3113 1225 3476 1297 spirantibus
3505 1222 3694 1278 mani-

2043 1319 2150 1373 bus
2181 1317 2238 1372 in
2271 1334 2403 1374 eum
2427 1317 2733 1386 irruentes,
2765 1321 2821 1372 et
2842 1316 2937 1372 alii
2962 1317 3197 1388 quidem
3221 1316 3351 1387 ejus
3370 1316 3568 1384 caput,
3595 1310 3697 1366 alii

2041 1411 2232 1463 autem
2260 1423 2469 1463 manus
2484 1407 3007 1480 apprehendentes,
3032 1404 3128 1460 alii
3147 1420 3278 1460 vero
3306 1403 3697 1476 superhume-

2043 1495 2182 1564 rale,
2215 1501 2271 1551 et
2301 1495 2397 1552 alii
2430 1496 2714 1564 tunicam,
2739 1511 2840 1568 per
2862 1509 3156 1550 summam
3183 1491 3619 1559 contumeliam,
3645 1497 3700 1545 et

2044 1595 2105 1641 ut
2135 1586 2187 1643 ei
2217 1586 2316 1659 qui
2343 1588 2624 1658 jusserat,
2653 1586 2842 1658 magis
2865 1585 3351 1657 gratiﬁcarentur,
3376 1599 3512 1639 eum
3535 1580 3698 1636 humi

2045 1677 2356 1748 dejiciunt,
2390 1679 2488 1749 qui
2546 1681 2670 1733 erat
2723 1677 2915 1733 animo
2969 1674 3243 1731 excelso:
3296 1689 3484 1745 neque
3538 1672 3701 1744 prius

2045 1772 2352 1823 cessarunt
2374 1783 2506 1823 eum
2531 1767 2777 1834 trahere,
2813 1767 2996 1821 donec
3020 1767 3143 1836 ipse
3176 1764 3513 1834 imperator,
3540 1764 3700 1832 post-

288 1844 619 1924 χαρίσωνται
676 1850 754 1918 τῷ
807 1846 1146 1920 κελεύσαντι,
1203 1851 1341 1924 πρὸς
1387 1857 1490 1925 γῆν
1543 1873 1597 1906 τε
1656 1848 1934 1909 καταϐάλο

2048 1873 2222 1927 quam
2256 1857 2402 1912 satis
2438 1855 2597 1912 ultus
2628 1861 2782 1912 esset
2812 1855 3050 1911 dicendi
3087 1854 3414 1909 libertatem
3446 1849 3697 1917 athletae,

287 1934 450 1991 λουσι
497 1938 596 2005 τὴν
639 1937 682 1974 ⁸⁸
723 1933 964 1992 διάνοιαν
1009 1937 1223 2013 ὑψηλὸν
1271 1940 1360 1994 καὶ
1403 1940 1464 1994 οὐ
1519 1942 1781 2018 πρότερον
1836 1964 1939 2016 με-

2054 1945 2248 2001 volens
2300 1947 2500 2018 utique
2538 1945 2721 2001 videri
2753 1945 3030 2012 clemens,
3055 1943 3238 2013 jussit
3267 1958 3399 1997 cum
3432 1939 3698 1995 relaxari.

290 2030 466 2090 θίεσαν
513 2024 764 2090 ἕλκοντες
827 2025 932 2092 ἓως
987 2030 1148 2092 αὐτὸς
1214 2032 1242 2085 6
1313 2031 1564 2106 βασιλεὺς
1631 2034 1763 2107 μετᾶ
1816 2035 1878 2088 τὸ
1946 2035 2247 2108 ἀμύνασθαι
2286 2035 2663 2110 ἀποχρώντως
2727 2037 2829 2106 τήν
2895 2031 3203 2107 παρρησίαν
3269 2035 3369 2085 τοῦ
3434 2028 3698 2100 ἀθλητοῦ,

290 2119 379 2174 καὶ
412 2117 794 2193 φιλάνθρωπος
817 2117 978 2189 δῆθεν
1013 2118 1244 2198 όφοῆναι
1280 2121 1638 2196 βουλόμενος,
1663 2121 1914 2194 ἀνεθῆναι
1943 2129 2133 2180 τοῦτον
2160 2123 2454 2181 ἐκέλευσεν.

363 2209 444 2265 Η’.
511 2207 805 2284 Ἐγγύτατα
873 2206 930 2264 δὲ
991 2209 1206 2285 ἀγαγὼν
1276 2212 1364 2266 καὶ
1424 2214 1930 2287 παραστησάμενος,

288 2294 379 2351 ’ίνα
433 2292 677 2376 φοϐήσας
749 2297 1012 2373 πρότερον
1064 2300 1372 2376 ἀγριότητι,
1415 2297 1597 2357 ἔπειτα
1642 2306 1711 2377 τῇ
1761 2299 1934 2378 πραό-

289 2407 414 2456 τητι
453 2383 631 2461 κλέψῃ
659 2406 671 2419 ·
707 2388 868 2442 πόθεν
910 2409 1018 2456 σοι,
1061 2389 1243 2465 φησῖν,
1293 2392 1327 2458 ἡ
1370 2391 1607 2462 τοσαύτη
1662 2391 1933 2468 θρασύτης

287 2475 378 2530 καὶ
420 2473 627 2549 ἀμαθία
675 2476 750 2538 ὡς
799 2477 888 2532 καὶ
952 2478 1265 2553 βασιλικοῖς
1313 2482 1728 2557 προστάγμασιν
1788 2480 1934 2535 ἀντι-

288 2562 488 2638 λέγειν,
555 2565 647 2620 καὶ
708 2567 798 2620 ὑπ’
842 2566 964 2641 ὄψιν
1021 2565 1088 2622 οῦ
1137 2569 1271 2624 κατᾶ
1307 2569 1496 2644 καιρὸν
1558 2567 1754 2640 οὕτως,
1805 2569 1932 2626 οὐδὲ

292 2653 427 2726 μετὰ
475 2653 648 2731 λόγου
693 2654 1154 2731 παρρησιάζεσθαι
1182 2679 1195 2692 ·
1227 2657 1355 2714 ἀλλ’
1395 2659 1470 2722 ὡς
1525 2653 1685 2729 ἔοιτε,
1729 2661 1934 2736 τρόπον

283 2744 404 2798 τινὰ
460 2745 739 2820 γνώριμος
771 2748 906 2819 ἡμῖν
967 2748 1213 2820 γενέσθαι
1276 2747 1639 2824 βουλόμενος,
1680 2748 1766 2804 ἐπὶ
1833 2752 1932 2820 τήν

284 2832 545 2906 τοιαύτην
587 2835 756 2904 ἦλθες
786 2833 1115 2912 ὁδὸν.Ἕχει
1150 2837 1240 2892 οὖν
1272 2859 1354 2893 σοι
1395 2840 1562 2915 πέρας
1613 2840 1674 2895 τὸ
1721 2837 1935 2914 βούλη-

288 2944 384 2997 μα,
441 2926 529 2980 καὶ
583 2923 661 2988 εἷς
719 2925 887 2982 καλὸν
939 2927 966 2981 ὁ
1012 2929 1213 2990 σκοπὸς
1268 2928 1609 3000 τελευτήσει.
1661 2931 1834 2986 Μόνον
1865 2933 1932 3004 τῇ

285 3013 527 3088 ἡμετέρᾳ
587 3020 913 3094 συμφρονῶν
974 3017 1020 3052 ⁵⁷
1078 3010 1166 3072 ἔσο
1234 3019 1458 3092 γνώμῃ,
1512 3020 1602 3074 καὶ
1631 3019 1694 3074 τὸ
1723 3020 1862 3074 πάνυ
1886 3021 1936 3055 ⁵⁸

290 3103 466 3179 ὀρθῶς
523 3097 660 3180 ἕχον
724 3109 886 3161 τοῦτο
936 3101 1096 3168 σέϐας
1129 3105 1446 3182 ὁμολογῶν,
1481 3108 1569 3163 καὶ
1601 3109 1723 3163 τότε
1763 3110 1936 3164 πάντα

291 3215 376 3249 σοι
442 3195 508 3249 τὰ
565 3196 700 3250 κατᾶ
747 3195 976 3270 γνώμην
1039 3193 1155 3270 ἔχει
1213 3196 1418 3260 καλῶς.
1479 3198 1620 3273 Πρὸς
1669 3202 1834 3254 ταῦτα
1905 3200 1932 3253 ὁ

294 3283 604 3357 θαυμαστὸς
660 3283 944 3357 Ἀνδρέας,
1006 3285 1066 3340 ού
1135 3285 1428 3360 θρασύτητι
1483 3287 1747 3358 κινηθεὶς,
1808 3285 1934 3343 οὐδὲ

291 3373 495 3447 ἀμαθίᾳ
535 3376 604 3444 ⁵9,
651 3375 898 3450 βασιλεῦ,
945 3371 1070 3454 ἔφη,
1133 3375 1256 3432 οὐδέ
1309 3377 1458 3439 ὅπως
1515 3399 1600 3433 σοι
1629 3379 1718 3433 καὶ
1749 3383 1827 3451 τῷ
1858 3382 1936 3450 σῷ

288 3467 472 3541 κράτει
527 3465 822 3543 γνωσθείην
879 3465 955 3530 εἷς
984 3471 1144 3522 τοῦτο
1175 3465 1346 3537 ἦλθον
1381 3467 1490 3543 ἐγώ
1525 3489 1539 3503 ·
1573 3468 1624 3524 τί
1659 3468 1759 3545 γὰρ
1811 3466 1936 3541 ἒμοὶ

287 3554 377 3610 καὶ
427 3560 544 3618 τοῖς
604 3560 762 3626 σοῖς;
795 3555 1020 3627 Ἐπίσης
1085 3554 1142 3612 δὲ
1189 3559 1402 3620 πάντως
1434 3557 1543 3614 ἐστὶ
1573 3559 1662 3614 καὶ
1691 3564 1808 3620 τοῖς
1843 3561 1940 3613 τοῦ

289 3642 500 3717 κόσμου
551 3643 740 3698 εἷ’πεῖν·
786 3645 832 3717 ᾧ
862 3644 1032 3700 πάλαι
1080 3646 1175 3719 μὲν
1221 3645 1296 3709 ὡς
1348 3643 1474 3722 ὄναρ
1502 3649 1568 3702 τὰ
1602 3651 1699 3703 τοῦ
1729 3647 1940 3719 κόσμου

289 3735 693 3808 κατεφρονήθη,
727 3732 890 3812 φίλον
931 3731 988 3790 δὲ
1041 3736 1202 3809 μόνον
1245 3736 1473 3812 ἡσυχία,
1504 3737 1595 3792 καὶ
1639 3742 1716 3809 τῷ
1747 3737 1794 3773 ⁸ο
1822 3737 1941 3792 κατ’

288 3818 430 3876 ίδίαν
487 3825 567 3894 τῷ
634 3824 962 3896 ποθουμένῳ
1021 3824 1385 3900 συγγίνεσθαι,
1444 3823 1569 3881 ἀλλ’
1636 3825 1750 3881 ἐπεὶ
1817 3829 1941 3901 περὶ

289 3911 388 3980 τὴν
421 3912 466 3950 ⁶¹
501 3909 788 3986 ὁρθόδοξον
831 3914 1010 3969 πίστιν
1040 3914 1274 3989 νεώτερα
1322 3935 1377 3970 σε
1407 3920 1618 3994 φρονεῖν
1647 3913 1939 3989 ἀνέμαθον,

291 4001 381 4056 καὶ
438 4007 538 4064 τῖς
578 4003 702 4076 περὶ
749 4003 844 4065 τὰς
891 4003 1038 4068 θείας
1073 4003 1283 4066 εἰκόνας
1312 4011 1484 4077 τιμῆς
1533 4004 1941 4080 ἀποστεροῦντα

290 4093 656 4168 Χριστιανούς
698 4109 714 4126 ⁸
763 4093 853 4148 καὶ
902 4093 1072 4168 ταύτῃ
1129 4089 1466 4169 θορυϐοῦντα
1538 4095 1633 4168 μὶν
1689 4094 1752 4150 τὸ
1819 4095 1941 4150 ὐπ’-

294 4184 485 4253 ήκοον,
553 4180 972 4256 ἐπιταράττοντα
1039 4180 1096 4238 δὲ
1152 4185 1242 4238 καὶ
1287 4185 1387 4254 τὴν
1441 4181 1788 4255 Ἐκκλησίαν,
1835 4183 1944 4258 οὐχ

295 4271 411 4332 οἶός
454 4291 514 4325 τε
573 4269 844 4347 ἕγενόμην
900 4273 998 4342 τήν
1069 4269 1282 4328 ἀδικίαν
1348 4273 1547 4344 ταύτην
1612 4273 1938 4349 ὑπενεγκεῖν,

297 4357 441 4414 ἀλλὰ
469 4358 558 4413 καὶ
594 4357 826 4435 πατρίδα
864 4362 950 4416 καὶ
988 4361 1222 4424 οἰκείους
1271 4361 1584 4431 ἀπολιπὼν,
1616 4362 1705 4418 καὶ
1742 4362 1944 4418 τοσαύ-

293 4468 393 4518 την
443 4448 712 4504 θάλασσαν
765 4446 1093 4512 διαπλεύσας
1134 4451 1255 4520 ἥκω
1293 4450 1494 4525 πολλῷ
1537 4449 1693 4525 ζήλῳ
1733 4449 1944 4530 φλεγό-

300 4556 462 4610 μενος
528 4537 627 4605 τήν
679 4535 932 4613 καρδίαν,
1000 4540 1035 4610 ἢ
1074 4546 1175 4610 τῆς
1225 4540 1436 4612 ἀπάτης
1490 4542 1693 4612 ταύτης
1762 4540 1945 4596 ἀπαλ-

298 4622 474 4696 λάξων
540 4626 702 4699 ὑμᾶς,
771 4625 805 4696 ἢ
872 4628 970 4695 τήν
1048 4627 1285 4701 ἐμαυτοῦ
1367 4632 1551 4706 ψυχὴν
1619 4631 1750 4706 ὑπὲρ
1844 4635 1941 4687 τοῦ

302 4713 441 4788 ἐμοῦ
485 4717 667 4786 θήσων
727 4717 982 4790 Χριστοῦο
1017 4716 1077 4779 6':
1106 4723 1204 4791 1Q»
1257 4718 1458 4775 οἰκείαν
1507 4720 1596 4774 καὶ
1628 4741 1713 4775 τοι
1746 4718 1942 4776 δεσπὸ-

2116 2216 2260 2273 Vlll.
2283 2215 2424 2272 Cum
2461 2221 2653 2273 autem
2687 2215 2946 2289 proxime
2979 2211 3391 2270 adducendum
3415 2217 3469 2267 et
3501 2211 3704 2266 sisten-

2048 2307 2186 2362 dum
2216 2311 2503 2377 curasset,
2523 2311 2606 2373 ut,
2633 2322 2765 2362 cum
2792 2321 2924 2362 eum
2949 2305 3113 2376 prius
3132 2303 3437 2360 terruisset
3458 2299 3700 2356 saevitia.

2045 2396 2251 2452 deinde
2308 2397 2483 2452 etiam
2534 2395 2792 2452 alliceret
2837 2393 3292 2450 mansuetudine
3325 2433 3337 2447 .
3371 2391 3694 2456 Undenam,

2045 2486 2258 2556 inquit,
2291 2490 2380 2541 est
2411 2490 2574 2541 tanta
2603 2484 2709 2541 tibi
2750 2484 2993 2540 audacia
3049 2487 3104 2539 et
3135 2482 3386 2549 inscitia,
3420 2486 3484 2536 ut
3506 2480 3696 2550 jussis

2045 2589 2335 2646 repugnes
2360 2574 2748 2646 imperatoris,
2774 2577 2831 2628 et
2861 2589 3056 2628 coram
3090 2588 3155 2628 eo
3187 2569 3614 2642 intempestive,
3640 2572 3697 2624 et

2045 2663 2189 2720 citra
2221 2661 2400 2718 ullam
2451 2663 2729 2718 rationem
2763 2662 2946 2718 libere
2987 2662 3210 2732 quaevis
3241 2657 3538 2730 loquaris?
3585 2659 3691 2712 Sed

2045 2757 2111 2808 ut
2141 2752 2392 2821 videtur,
2423 2753 2624 2808 volens
2646 2751 2842 2822 aliquo
2863 2751 3033 2806 modo
3063 2750 3235 2806 nobis
3257 2753 3431 2804 notus
3453 2746 3692 2802 evadere

2045 2841 2197 2897 hanc
2228 2841 2379 2897 viam
2415 2840 2715 2912 ingressus
2747 2858 2828 2898 es.
2854 2839 3138 2897 Voluntas
3172 2839 3365 2908 itaque
3392 2841 3492 2891 tua
3514 2835 3694 2891 dedu-

2046 2935 2137 2988 cta
2169 2936 2256 2987 est
2281 2931 2350 2986 ad
2382 2931 2672 3000 etl'eclum,
2704 2934 2760 2986 et
2791 2934 2928 2985 tuus
2950 2928 3054 2983 tibi
3087 2931 3241 2982 recte
3272 2924 3540 2982 succedet
3561 2939 3690 2979 sco-

2045 3037 2176 3094 pus,
2197 3021 2515 3077 dummodo
2539 3019 2838 3076 sententiae
2863 3023 3071 3074 nostra;
3105 3014 3466 3084 assentiaris,
3498 3020 3692 3084 etquae

2043 3110 2209 3168 valde
2239 3118 2387 3167 recte
2420 3127 2480 3167 se
2520 3110 2710 3178 habet,
2754 3107 3086 3165 confitearis
3131 3106 3493 3177 religionem.
3527 3104 3694 3159 Tunc

2045 3216 2300 3272 namque
2343 3199 2448 3256 tibi
2479 3200 2677 3256 omnia
2706 3197 2975 3256 evenient
3005 3213 3074 3252 ex
3104 3194 3415 3252 sententia.
3447 3194 3530 3247 Ad
3569 3191 3690 3247 haec

2045 3291 2299 3346 Andreas
2331 3289 2427 3344 ille
2451 3288 2812 3344 admirabilis
2843 3303 2856 3343 :
2889 3292 3014 3344 Non
3045 3285 3258 3358 inquit,
3293 3284 3558 3349 audacia,
3583 3297 3688 3337 nec

2046 3379 2282 3436 inscitia
2319 3382 2535 3448 motus,
2567 3395 2599 3434 ο
2648 3378 2986 3449 imperator,
3021 3391 3126 3431 nec
3158 3383 3221 3432 ut
3268 3373 3373 3429 tibi
3431 3377 3606 3428 notus
3637 3375 3699 3427 et

2052 3472 2164 3523 tua;
2195 3469 2494 3524 evaderem
2531 3466 2823 3538 potentia,
2859 3466 2970 3520 huc
2999 3464 3150 3519 veni.
3185 3461 3331 3528 Quid
3366 3461 3518 3516 enim
3555 3458 3697 3515 mihi

2052 3557 2133 3613 rei
2173 3561 2263 3612 est
2293 3573 2424 3612 cum
2456 3555 2617 3611 tuis?
2649 3554 2918 3611 similiter
2947 3557 3144 3609 autem
3177 3568 3414 3623 possum
3462 3549 3699 3606 omnino

2052 3647 2220 3704 etiam
2255 3646 2445 3702 dicere
2475 3661 2610 3702 cum
2631 3645 2722 3715 iis,
2753 3661 2884 3716 quae
2905 3647 3042 3699 sunt
3073 3641 3247 3712 hujus
3280 3640 3507 3705 mundi,
3533 3656 3564 3694 a
3585 3655 3700 3709 quo

2051 3736 2285 3808 quidem
2301 3736 2424 3808 jam
2449 3733 2588 3791 olim
2611 3736 2874 3805 despecta
2887 3737 3045 3801 sunt,
3072 3736 3356 3803 tanquam
3373 3728 3698 3784 somnium:

2051 3824 2176 3881 sola
2205 3828 2402 3880 autem
2431 3828 2595 3896 grata
2625 3829 2714 3880 est
2736 3823 2926 3894 quies,
2949 3827 3006 3878 et
3027 3836 3294 3877 seorsum
3323 3816 3542 3874 versari
3566 3832 3700 3872 cum

2050 3913 2165 3970 Deo
2193 3913 2222 3968 τ
2249 3914 2357 3970 Sed
2393 3920 2702 3986 postquam
2737 3913 2933 3985 accepi
2972 3916 3026 3968 te
3058 3911 3275 3967 sentire
3308 3908 3502 3964 aliena
3533 3923 3567 3961 a
3589 3905 3697 3960 fide

2052 4003 2392 4074 orthodoxa,
2410 4007 2467 4060 et
2481 4003 2706 4076 privare
2719 4002 3079 4058 Christianos
3093 3997 3441 4069 honore,qui
3455 3995 3701 4051 debetur

2051 4092 2266 4149 divinis
2308 4093 2706 4165 imaginibus:
2736 4096 2793 4148 et
2813 4091 2896 4148 sic
2928 4091 3165 4163 quidem
3198 4086 3535 4160 perturbare
3576 4100 3695 4150 eos,

2052 4182 2154 4254 qui
2195 4186 2295 4238 tuo
2342 4187 2547 4253 parent
2592 4181 2861 4254 imperio,
2893 4179 3243 4238 conturbare
3293 4183 3487 4232 autem
3521 4173 3697 4230 etiam

2050 4271 2408 4328 Ecclesium:
2442 4287 2556 4327 non
2586 4271 2746 4342 potui
2790 4270 2943 4326 hanc
2974 4270 3119 4325 ferre
3151 4266 3502 4340 injustitiam
3537 4281 3550 4321 :
3594 4263 3695 4319 sed

2052 4361 2237 4433 patria
2270 4360 2472 4417 relicta
2501 4364 2557 4416 et
2578 4361 2748 4428 meis,
2769 4363 3006 4416 tantum
3029 4357 3210 4414 maris
3233 4354 3484 4427 spatium
3508 4367 3701 4410 emen-

2051 4468 2176 4519 sus,
2208 4451 2376 4507 venio
2409 4467 2622 4523 magno
2653 4451 2846 4508 cordis
2880 4449 3002 4508 zelo
3051 4450 3350 4513 incensus,
3373 4443 3462 4501 vel
3493 4460 3595 4499 vos
3626 4442 3697 4497 ab

2051 4541 2160 4597 hoc
2189 4557 2382 4598 errore
2412 4540 2785 4611 liberaturus,
2816 4540 2907 4596 vel
2949 4556 3052 4612 pro
3085 4555 3212 4594 meo
3250 4534 3480 4591 Christo
3511 4545 3698 4588 meam

2051 4631 2309 4687 animam
2341 4631 2661 4702 positurus,
2695 4630 2796 4702 qui
2828 4645 3022 4698 suam,
3054 4628 3159 4686 etsi
3193 4629 3346 4683 esset
3389 4621 3698 4686 Dominus,

2053 4737 2157 4792 pro
2189 4736 2280 4776 me
2313 4720 2508 4792 posuit
2537 4725 2593 4777 et
2639 4737 2747 4776 sua
2778 4719 3050 4790 imagine.
3087 4719 3400 4788 Imperator
3456 4715 3650 4769 autem
3685 4724 3700 4764 :

298 4824 398 4874 της
449 4802 521 4858 ὥν
583 4805 716 4880 ὑπὲρ
776 4803 912 4879 ἐμοῦ
957 4805 1177 4876 καὶτῆς
1210 4805 1418 4868 εῗκόνος
1470 4803 1620 4872 ἔθετο
1650 4811 1746 4878 τῆς
1778 4807 1936 4873 ἰδίας·

2058 4810 2277 4866 Venisti
2310 4810 2544 4881 quidem
2569 4813 2742 4878 certe,
2775 4809 2989 4881 inquit,
3018 4823 3232 4878 magna
3253 4805 3473 4861 visione
3491 4813 3700 4871 appre-

298 4893 387 4948 καὶ
440 4894 468 4948 6
515 4893 793 4969 βασιλεῦς⁶
851 4895 997 4964 ἦπου
1061 4895 1269 4969 μεγάλα
1323 4897 1723 4974 φανταζόμενος
1762 4898 1822 4954 σὺ
1854 4899 1944 4954 καὶ

301 4987 512 5058 φρονῶν
571 4982 866 5054 ἐλήλυθας,
931 4985 1156 5060 βασιλέα
1208 5005 1266 5040 τε
1323 4984 1484 5041 αὐτὸν
1552 4989 1642 5042 καὶ
1705 4988 1833 5052 τοῦς
1890 4988 1942 5044 ἐν

299 5069 443 5127 τὲλει
499 5073 726 5144 πάντας,
779 5075 867 5129 καὶ
930 5076 1028 5146 ὅση
1079 5081 1181 5144 τῆς
1209 5075 1598 5151 ἀρχιερατικῆς
1631 5076 1869 5149 εὐταξίας
1899 5079 1946 5114 ⁸³

300 5159 573 5236 Ξπίσημος
635 5162 828 5234 πολιὰ,
886 5165 1022 5240 πρὸς
1077 5166 1144 5220 τὰ
1202 5166 1268 5220 σὰ
1323 5167 1371 5203 ⁸³
1450 5163 1710 5222 δοκοῦντα
1779 5188 1944 5242 μετα-

301 5245 528 5323 ὄαλεῖνς
583 5252 737 5311 Ἀλλ’
781 5251 874 5310 ’ίνα
927 5254 996 5309 τὰ
1040 5253 1225 5310 πολλᾶ
1273 5255 1487 5331 χαίρειν
1530 5255 1774 5334 ἂφωμεν,
1807 5256 1944 5331 ἐμοῦ

299 5341 367 5397 τὰ
422 5339 615 5399 δέοντα
674 5339 1136 5418 συμϐουλεύοντες
1177 5344 1431 5403 ἄκουσον·
1465 5349 1555 5403 καὶ
1591 5354 1692 5420 τῆς
1726 5347 1942 5424 βαθείας

370 5539 415 5575 ⁸³
444 5541 496 5597 οἳ
541 5540 632 5616 μὲν
778 5543 838 5601 C.
880 5543 948 5602 Ι).
989 5544 1052 5601 Ε.
1095 5544 1178 5616 Ρε,
1260 5545 1360 5601 “oi.
1391 5543 1448 5602 δὲ
1478 5545 1546 5605 D.
1578 5547 1642 5604 E.
1682 5547 1744 5604 F.

297 5614 409 5720 ρῶν
437 5618 502 5672 Β.
543 5613 621 5650 ⁷⁸⁸
659 5613 723 5669 τύ
775 5620 881 5670 πᾶν
918 5622 976 5673 G.
1052 5617 1101 5654 ⁶⁹
1143 5613 1375 5692 ἄμαθείᾳ
1420 5619 1484 5678 F.

324 5683 346 5720 ³
374 5687 441 5726 τὸ
465 5685 547 5726 nni
582 5681 845 5726 Χῆνῆῗῖυινη
884 5689 928 5726 Π
992 5691 1030 5726 Ρ
1097 5689 1138 5726 Π

374 5689 442 5740 τὰ
465 5689 548 5741 σοὶ
582 5689 846 5742 δοκοῦντα
883 5689 949 5746 D.
990 5691 1052 5748 E.
1096 5689 1158 5746 F.

2058 4899 2340 4970 hendens,
2375 4903 2431 4955 et
2461 4899 2655 4955 animo
2679 4899 2927 4968 agitans,
2962 4913 3167 4968 nempe
3197 4897 3261 4951 ut
3291 4894 3484 4966 ipsum
3517 4891 3704 4960 impe-

2054 4993 2332 5056 ratorem,
2357 4997 2409 5044 et
2431 5004 2634 5045 omnes
2655 4988 3037 5059 magistratus
3065 4991 3120 5041 et
3143 4980 3494 5058 pontiﬁcalis
3525 4977 3706 5049 digni-

2055 5079 2189 5135 tatis
2235 5079 2647 5145 venerandam,
2683 5081 3143 5149 quantacunque
3191 5091 3255 5130 ea
3299 5071 3396 5140 sit,
3429 5067 3706 5127 canitiem

2056 5168 2326 5224 traducas
2359 5167 2428 5223 ad
2461 5167 2540 5238 id,
2575 5167 2724 5238 quod
2755 5166 2859 5222 tibi
2897 5165 3126 5222 videtur
3157 5165 3185 5218 ?
3215 5162 3326 5219 Sed
3370 5163 3437 5215 ut
3468 5155 3709 5232 prolixis

2056 5259 2142 5316 uti
2173 5259 2363 5315 verbis
2392 5257 2720 5323 mittamus,
2753 5255 2887 5312 audi
2919 5271 3011 5311 me
3043 5271 3128 5324 ea,
3153 5269 3284 5326 qua:
3307 5254 3548 5325 oportet,
3573 5262 3707 5304 con-

2055 5350 2367 5419 sulentem,
2399 5351 2455 5406 et
2485 5347 2555 5405 ab
2585 5347 2694 5405 hac
2737 5346 3027 5420 profunda
3075 5359 3382 5416 emergens
3431 5338 3703 5412 caligine,

1855 5546 1936 5595 ss,

1855 5620 1936 5673 HE

2048 5567 2081 5610 ις
2107 5545 2167 5602 ἂν
2198 5565 2515 5678 χοὲρισαιντο
2539 5548 2599 5604 C.
2674 5546 2718 5583 ⁵⁸
2746 5543 2837 5600 τὸν
2867 5545 2929 5603 Β.
2971 5545 3028 5602 C.
3074 5544 3138 5600 D.
3181 5544 3244 5601 E.
3287 5543 3348 5600 F.
3424 5540 3469 5577 ⁸⁷
3495 5539 3706 5617 σὺμφο-

2048 5621 2091 5678 3.
2135 5622 2198 5677 D.
2291 5661 2302 5676 .
2345 5622 2406 5678 F.
2483 5619 2527 5658 ⁶¹
2558 5618 2756 5678 πίστιν
2795 5620 2855 5674 Β.
2933 5617 2980 5654 ⁶²
3017 5614 3167 5678 ἀξίας
3195 5632 3296 5678 pro
3337 5611 3393 5669 εὐ
3421 5612 3601 5678 ταξίας
3641 5613 3702 5672 C.

1595 5618 1643 5654 ⁶⁰
1679 5618 1768 5673 καὶ
1806 5618 1869 5674 τὸ
1911 5624 1972 5676 Β.
2030 5621 2091 5678 C.
2135 5618 2302 5678 DIE.

2345 5622 2406 5679 F,
2483 5619 2527 5658 σι
2558 5618 2756 5688 «tota»;
2795 5620 2855 5674 Β.
2933 5617 2980 5654 σε
3017 5614 3167 5687 ἀξίας
3193 5632 3296 5688 pro
3337 5611 3393 5669 εὐ
3421 5611 3702 5685 ταξίοίςόο
