4106 6200
283 313 434 373 1121

1447 302 1633 364 VITA
1680 299 1744 360 S.
1792 297 2126 359 ANDIlE/E
2171 295 2247 356 IN
2295 295 2521 361 CRISI.

3536 309 3696 368 1122

273 472 400 533 τοὺς
438 471 806 546 περιεστῶτας
863 460 964 544 ἔφη
999 465 1046 500 ⁸³
1105 466 1402 537 σωφρονεῖν
1449 465 1640 516 τοῦτον
1670 457 1881 531 διδάξαι
1911 477 1926 492 ⁸

2050 474 2319 530 rumpens
2369 457 2742 516 orationem:
2793 461 2924 517 Jam
2977 466 3212 536 tempus
3237 470 3344 538 est,
3379 469 3525 525 dixit
3576 471 3690 527 cir-

273 561 365 614 καὶ
429 562 529 629 τὴν
607 561 853 632 θρασεῖαν
914 553 1243 628 ἀμείψασθαι
1293 551 1540 627 γλῶτταν
1578 551 1646 606 δέ.
1707 551 1771 608 Εἰ
1827 551 1929 625 γὰρ

277 651 334 703 οἱ
393 648 467 710 εἷς
531 645 854 723 βασιλικοὺς
924 641 1239 718 ἀνδριάντας
1307 641 1381 705 ὡς
1431 641 1592 702 αύτός
1630 661 1793 719 φησιν
1847 638 1930 694 ἔν-

279 733 592 812 υϐρίζοντες
652 735 851 808 πικράν
909 734 999 788 καὶ
1057 731 1430 808 ἀπαραίτητον
1488 730 1800 807 ὑφίστανται
1840 750 1932 783 τι-

285 826 492 901 μωρίαν
527 846 540 858 ·
602 827 629 879 6
698 823 873 886 οὕτως
933 820 1166 884 ἀναιδῶς
1244 821 1334 875 καὶ
1402 821 1638 896 θρασέως
1695 821 1742 855 ⁸⁵
1795 821 1927 892 ἡμῖν

283 916 468 978 αὐτοῖς
512 917 613 985 τήν
657 915 852 988 μιαρὰν
908 911 1131 988 ἐπαφεὶς
1174 908 1443 986 γλῶτταν,
1500 909 1619 964 τίνα
1677 910 1736 963 ἃν
1797 910 1928 963 ὑπο·

284 1007 435 1080 σχὼν
485 1002 660 1075 δίκην,
718 1004 816 1071 τήν
885 1001 1030 1072 ἀξίαν
1078 997 1329 1061 δεδωκὼς
1376 999 1507 1070 εἴης
1567 999 1752 1059 Οὕτως
1803 995 1927 1072 ἔφη,

282 1095 372 1150 καὶ
416 1092 654 1171 ὀργίλων
685 1095 730 1128 ⁸⁵
761 1091 917 1153 εὐθὺς
962 1095 1040 1162 τῷ
1083 1090 1314 1164 μάρτυρι
1371 1087 1583 1159 ἐνιδὼν,
1615 1091 1714 1159 τὴν
1769 1089 1930 1163 χεῖρά

279 1205 338 1240 τε
397 1185 472 1247 ὡς
523 1181 641 1245 ἔθος
689 1183 934 1251 κινήσας,
985 1179 1073 1235 καὶ
1128 1178 1264 1252 μέγα
1321 1179 1658 1253 ἀνακραγὼν,
1715 1199 1930 1251 γυμνωο

281 1275 439 1344 θῆναι
479 1271 688 1327 κελεὺει
743 1274 954 1338 τοῦτον,
988 1268 1102 1323 εἶτα
1143 1268 1230 1323 καὶ
1287 1267 1556 1342 σχοινίοις
1618 1265 1932 1331 διαταθέντα

280 1359 533 1441 σφοδρῶς
573 1359 942 1433 μαστίζεσθαι.

346 1453 401 1507 I'.
450 1452 513 1508 Ὀ
591 1447 646 1504 δὲ
706 1447 830 1503 οὐδὲ
888 1447 1062 1510 οὕτως
1119 1446 1303 1523 ἂγενὲς
1368 1469 1421 1502 τι
1477 1448 1522 1484 ⁸⁷
1584 1449 1928 1522 μικρόψυχον

276 1541 478 1612 ὑπέστη
546 1540 680 1615 πρὸς
738 1542 836 1609 τὴν
897 1539 1190 1615 ἀπόφασιν,
1259 1536 1385 1594 οὐδὲ
1454 1538 1720 1613 ἐπέκυψαν
1786 1539 1932 1608 αὐτῷ

275 1633 375 1700 τὴν
453 1630 764 1704 προθυμίαν
831 1630 884 1683 αἱ
934 1625 1303 1704 προσδόκιμοι
1368 1626 1477 1698 ἤδη
1563 1627 1773 1702 πληγαὶ
1839 1627 1929 1682 καὶ

285 1721 560 1794 μάστιγες,
592 1717 740 1774 ἀλλὰ
779 1718 865 1773 καὶ
920 1717 1118 1791 μείζων
1159 1718 1206 1754 ⁸⁸
1257 1716 1469 1789 μᾶλλον
1523 1718 1612 1772 καὶ
1671 1715 1932 1792 θερμοτὲ-

283 1831 377 1884 ραν
436 1808 684 1878 ἐποίουν,
731 1808 968 1881 καθάπερ
1044 1808 1307 1880 πνεύματι
1379 1811 1498 1869 ταῖς
1568 1807 1788 1882 ἀλόγοις
1841 1805 1930 1880 ὀρ·
1964 1846 2019 1910 Β

288 1904 436 1972 μαῖς,
469 1898 560 1952 καὶ
605 1901 676 1971 τῇ
735 1895 936 1969 ἀπειλῇ
990 1901 1088 1950 τοῦ
1149 1899 1476 1970 κρατοῦντος
1532 1896 1934 1968 ἀναπτομένην.

285 1989 349 2045 Ὁ
406 1985 666 2062 βασιλεὺς
726 1985 906 2040 τοίνυν
971 1986 1017 2021 ⁸³
1073 1985 1246 2046 οὕτως
1307 1979 1507 2062 ἔχοντα
1556 1984 1648 2038 τὸν
1699 1990 1934 2059 γενναῖον

288 2077 378 2133 καὶ
445 2074 596 2132 οὐδὲν
653 2074 798 2137 ὅλως
882 2071 1334 2130 ὑποδειλιάσαντα
1398 2073 1746 2147 θεασάμενος,
1806 2074 1934 2130 ἀλλ’

291 2167 639 2239 ἑτοιμότερον
679 2164 838 2219 αὐτὸν
893 2165 1183 2236 ὑπομεῖναι
1237 2163 1334 2226 τάς
1396 2163 1658 2237 μάστιγας
1708 2158 1929 2241 ἔχοντα,

285 2256 319 2324 ἢ
393 2255 592 2311 ἐκεῖνον
651 2255 862 2330 ἀφεῖναι
918 2255 1009 2307 τὸν
1071 2251 1234 2329 λόγον
1294 2259 1395 2322 τῆς
1451 2252 1792 2330 ἀποφάσεως,
1844 2253 1931 2307 καὶ

284 2342 545 2418 φοϐηθεὶς
609 2343 824 2418 μᾶλλον
881 2345 1070 2416 αὐτὸς,
1136 2348 1210 2419 μὴ
1272 2345 1348 2408 εἷς
1407 2351 1596 2419 πεῖραν
1675 2345 1846 2409 ἐλθὼν
1902 2347 1929 2399 ὁ

280 2435 428 2510 ἅγιος
457 2441 555 2504 τῆς
593 2435 845 2509 βασάνου,
887 2431 1072 2489 ἔπειτα
1118 2437 1216 2502 τήν
1251 2433 1556 2508 ὁμολογίαν
1609 2433 1928 2489 ἐνστατικώ-

280 2547 435 2601 τερος
486 2526 711 2600 γένηται
767 2526 856 2579 καὶ
917 2525 1244 2599 ἀμετάθετος
1298 2527 1399 2594 τὴν
1461 2527 1649 2600 ὀργὴν,
1690 2527 1928 2597 καθάπερ

276 2619 342 2671 τά
371 2617 714 2692 γενναιότερα
770 2621 877 2670 τῶν
941 2614 1094 2684 ζώων
1152 2615 1288 2688 μετά
1331 2615 1428 2682 τήν
1479 2613 1722 2689 πληγήν,
1755 2634 1929 2688 προσ-

279 2711 477 2761 ωπεῖον
512 2707 894 2781 χρηστότητος
935 2702 1167 2773 ὑποδὺς,
1199 2705 1310 2778 Πρὸ
1365 2707 1461 2758 τοῦ
1528 2709 1739 2777 πεῖραν,
1773 2704 1929 2781 φησὶ,

277 2800 386 2851 τῶν
423 2796 670 2871 βασάνων
718 2789 928 2865 λαϐεῖν,
962 2794 1100 2868 πρὸς
1156 2795 1252 2848 τὸν
1299 2791 1543 2867 μάρτυρι
1598 2792 1816 2868 βλέῴας,
1851 2797 1930 2864 τῷ

280 2885 532 2958 ἡμετέρῳ
590 2884 822 2938 πεισθεὶς
868 2881 1120 2958 δόγματι,
1151 2887 1260 2937 τῶν
1316 2881 1586 2955 μενόντων
1629 2903 1685 2936 σε
1751 2887 1927 2936 κακῶν

282 2971 621 3028 ἀπαλλάτου.
683 2973 746 3027 Ὀ
806 2969 863 3025 δὲ
919 2975 1016 3026 τοῦ
1077 2973 1314 3046 Χριστυῦ
1375 2967 1601 3042 μάρτυς,
1651 2971 1787 3042 πρὸς
1837 2971 1927 3024 τὸν

287 3061 488 3115 οἷ’κεῖυν
540 3059 880 3135 ἀγωνοθέτην
953 3057 1142 3134 διάρας
1216 3059 1343 3119 τοὺς
1401 3057 1740 3133 ὀφθαλμοὺς,
1806 3057 1930 3120 τοὺς

287 3150 630 3224 σωματικοὺς
678 3150 793 3222 ἅμα
839 3148 928 3203 καὶ
975 3148 1102 3210 τοὺς
1142 3151 1238 3217 τῆς
1287 3153 1495 3222 ψυχῆς,
1525 3148 1616 3202 καὶ
1666 3147 1926 3222 ἄτρεπτον

2038 549 2493 615 cumstantibus,
2551 551 2752 607 docere
2810 567 2944 607 cum
3005 568 3133 609 esse
3198 559 3564 615 moderatum
3622 574 3688 618 ac

2038 645 2493 713 temperantem,
2533 645 2590 697 et
2612 643 2941 697 temeraria:
2973 642 3130 700 illius
3153 644 3364 717 linguae
3396 651 3604 707 referre
3636 653 3686 708 ei

2039 731 2308 802 gratiam.
2345 730 2405 786 Si
2451 729 2606 785 enim
2640 730 2678 784 ii
2711 731 2814 802 qui
2848 732 3038 803 regias
3083 737 3332 803 statuas,
3366 745 3424 793 ut
3454 739 3578 811 ipse
3607 742 3690 796 di-

2040 822 2140 886 cit,
2174 819 2389 890 injuria
2419 819 2709 885 afﬁciunt,
2742 821 3016 876 acerbum
3058 827 3115 878 et
3153 823 3505 882 inexorabile
3553 847 3690 901 sup-

2040 909 2277 982 plicium
2309 909 2583 980 subeunt,
2617 909 2719 981 qui
2761 911 2902 966 adeo
2934 911 3299 982 impudenter
3326 923 3380 970 et
3412 918 3688 975 audacter

2040 999 2377 1055 sceleratam
2446 999 2506 1054 in
2570 1016 2675 1055 nos
2724 999 2986 1072 linguam
3048 1001 3333 1071 immittit,
3395 1023 3678 1077 quasnam

2041 1090 2208 1145 luens
2241 1105 2465 1161 poenas,
2508 1089 2785 1159 punietur
2837 1105 2938 1159 pro
2988 1091 3258 1148 meritis?
3289 1094 3383 1149 Sic
3431 1096 3594 1164 dixit,
3629 1104 3685 1154 et

2041 1179 2187 1234 irato
2209 1179 2369 1234 vultu
2396 1183 2710 1249 martyrem
2746 1180 2940 1234 statim
2965 1180 3222 1248 intuens,
3257 1188 3314 1238 et
3347 1201 3582 1242 manum
3618 1189 3690 1244 de

2043 1285 2199 1324 more
2230 1284 2486 1332 movens,
2521 1271 2580 1322 et
2626 1266 2796 1323 valde
2829 1268 3186 1339 exclamans,
3219 1288 3348 1328 eum
3373 1275 3544 1344 jubet
3575 1294 3690 1333 nu-

2042 1357 2188 1424 dari,
2220 1357 2430 1413 deinde
2459 1357 2633 1412 etiam
2679 1361 2984 1414 extensum
3038 1360 3276 1417 funibus
3321 1363 3690 1423 vehementer

2042 1445 2348 1518 ﬂagellari.

2110 1537 2184 1590 X.
2221 1535 2320 1592 ille
2351 1538 2543 1592 autem
2593 1551 2664 1591 ne
2704 1535 2788 1591 sic
2838 1537 3072 1608 quidem
3118 1538 3330 1610 pusillo
3359 1545 3417 1598 et
3464 1543 3685 1615 abiecto

2043 1626 2238 1681 animo
2270 1641 2332 1680 se
2380 1625 2562 1697 gessit
2602 1626 2873 1681 adversus
2906 1628 3256 1684 sententiam
3291 1647 3303 1685 :
3341 1648 3528 1703 neque
3559 1636 3685 1704 ejus

2042 1723 2377 1787 promptum
2421 1714 2603 1770 animi
2651 1715 2905 1771 studium
2959 1718 3349 1791 retardarunt,
3385 1739 3511 1792 quae
3559 1725 3685 1794 jam

2041 1805 2528 1875 exspectabantur
2571 1803 2750 1875 plaga;
2791 1809 2846 1861 et
2892 1805 3171 1876 ﬂagella:
3221 1811 3320 1866 sed
3381 1811 3435 1866 id
3497 1813 3688 1883 majus

2044 1894 2361 1951 reddebant
2413 1898 2470 1949 et
2513 1895 2837 1965 ardentius,
2870 1902 2927 1950 ut
2959 1896 3107 1964 quod
3142 1898 3351 1969 spiritu
3385 1901 3687 1959 irrationa-

2045 1983 2260 2039 bilibus
2308 1983 2763 2055 appetitionibus
2809 1989 2867 2040 et
2929 1985 3312 2056 imperatoriis
3373 1989 3547 2045 minis
3597 2008 3689 2047 ac—

2043 2075 2410 2129 cenderetur.
2450 2072 2596 2128 Cum
2647 2089 2784 2144 ergo
2835 2073 3150 2146 imperator
3197 2077 3437 2133 vidisset
3486 2081 3569 2135 sic
3626 2097 3689 2136 se

2044 2163 2353 2217 habentem
2403 2161 2591 2217 virum
2635 2164 2864 2228 fortem,
2899 2168 2952 2217 et
2999 2163 3147 2218 nihil
3198 2165 3436 2221 omnino
3487 2169 3688 2224 formi-

2045 2253 2277 2307 dantem
2315 2267 2327 2306 :
2361 2253 2458 2306 sed
2513 2267 2644 2307 esse
2699 2252 2938 2307 omnino
2999 2252 3345 2322 paratiorem
3397 2256 3687 2313 sustinere

2044 2339 2294 2411 ﬂagella,
2319 2356 2496 2411 quam
2523 2339 2814 2396 dimittere
2843 2339 3004 2394 illam
3029 2342 3311 2398 rationem
3345 2346 3645 2400 sententiae
3674 2362 3687 2400 :

2043 2428 2279 2498 timens,
2313 2444 2384 2483 ne
2433 2429 2480 2484 si
2537 2429 2662 2500 ipse
2711 2431 2949 2484 sanctus
2987 2431 3265 2486 tormenti
3297 2432 3508 2489 faceret
3540 2435 3692 2505 peri-

2045 2519 2266 2586 culum,
2301 2518 2465 2572 ﬁeret
2519 2517 2654 2572 inde
2707 2517 2763 2572 in
2823 2518 3193 2576 confessione
3231 2523 3605 2590 constantior,
3639 2527 3698 2579 et

2046 2606 2286 2662 minime
2343 2605 2570 2660 traduci
2628 2609 2844 2676 posset,
2881 2609 3173 2678 quomodo
3205 2610 3377 2664 fortia
3417 2611 3695 2667 animalia

2042 2700 2176 2768 post
2234 2694 2518 2767 plagam:
2579 2695 2831 2751 induens
2901 2712 3202 2766 personam
3268 2699 3690 2771 benignitatis:

2041 2785 2416 2856 Priusquam,
2449 2785 2665 2857 inquit,
2697 2785 2874 2842 facias
2899 2787 3217 2857 periculum
3247 2793 3692 2858 tormentorum,

2041 2877 2112 2932 ad
2185 2881 2497 2948 martyrem
2561 2876 2871 2948 aspiciens,
2935 2883 3134 2934 nostro
3192 2885 3391 2950 pareto
3443 2882 3692 2949 decreto,

2041 2967 2288 3022 liberare
2334 2967 2407 3022 ab
2452 2967 2543 3034 iis,
2579 2982 2708 3037 quae
2753 2971 2811 3022 te
2855 2973 3210 3038 exspectant,
3247 2970 3435 3026 malis.
3485 2972 3698 3043 Martyr

2041 3063 2234 3112 autem
2294 3057 2528 3122 Christi,
2590 3059 2658 3112 ad
2731 3074 2906 3113 suum
2963 3059 3374 3129 agonothetam
3444 3062 3697 3117 sublatis

2049 3147 2234 3203 oculis
2266 3152 2383 3202 tam
2437 3147 2717 3219 corporis,
2749 3164 2925 3219 quam
2957 3150 3187 3215 animae,
3229 3165 3363 3205 cum
3404 3151 3515 3206 sibi
3545 3145 3700 3207 esset

288 3241 464 3312 ἑαυτῷ
500 3240 588 3293 καὶ
644 3238 861 3299 ἀκλινὲς
904 3239 965 3292 τὸ
1009 3242 1116 3292 τῶν
1149 3237 1304 3292 θείων
1339 3237 1568 3290 εἰκόνων
1619 3232 1864 3309 σέϐασμα
1893 3238 1934 3274 ⁹⁰

2053 3242 2321 3311 precatus
2371 3238 2600 3294 ﬁrmam
2631 3244 2688 3293 et
2717 3239 3143 3294 immutabilem
3174 3239 3504 3296 divinarum
3547 3243 3697 3296 ima-

288 3329 596 3400 εὐξάμενος,
640 3329 750 3382 εἶτα
797 3327 886 3382 καὶ
945 3327 1094 3381 κάτω
1159 3325 1371 3394 νεύσας,
1415 3325 1505 3380 καὶ
1550 3331 1629 3398 τῷ
1693 3327 1938 3400 τυράννῳ

288 3418 480 3492 μικρὸν
536 3418 634 3478 τὰς
699 3413 847 3490 ὄψεις
914 3410 1228 3491 περιϐαλὼν
1259 3418 1346 3454 θι·
1405 3416 1469 3468 Ὠ
1536 3414 1778 3489 βασιλεῦ,
1813 3411 1938 3493 ἔφη,

282 3505 409 3566 τοὺς
456 3506 593 3561 κατὰ
656 3500 942 3579 βαρϐάρων
1002 3500 1287 3577 πολέμους
1347 3503 1524 3577 ἀφεὶς,
1556 3505 1644 3558 καὶ
1679 3505 1779 3572 τὴν
1831 3508 1938 3558 τῶν

282 3599 585 3649 πολιτικῶν
615 3593 947 3668 πραγμάτων
980 3591 1487 3664 οῗκονομίαν,δλην
1539 3593 1612 3654 ὡς
1670 3594 1779 3668 ὁρῶ
1837 3595 1938 3663 τὴν

286 3680 534 3751 σπουδὴν
567 3684 702 3737 κατά
732 3686 972 3757 Χριστοῦ
1023 3681 1112 3736 καὶ
1142 3686 1249 3735 τῶν
1297 3681 1462 3736 αὐτοῦ
1513 3679 1727 3736 δούλων
1782 3703 1939 3760 φανε-

289 3776 398 3847 ρῶς
430 3771 606 3839 εἷ’λου,
638 3770 725 3826 καὶ
767 3776 937 3826 ταῦτα
976 3774 1170 3838 ποιῶν,
1205 3772 1294 3824 οἶα
1324 3773 1369 3806 9*
1402 3786 1416 3799 '
1451 3771 1517 3825 τά
1564 3777 1664 3840 τῆς
1696 3772 1940 3844 Ῥωμαῖ-

286 3872 390 3934 xi;
455 3864 698 3934 ἐξουσίας
773 3862 825 3917 έν
900 3861 1094 3936 sip-(ivx;
1171 3868 1418 3935 σκῆπτρα
1485 3858 1809 3937 διενεγκεῖν;
1871 3866 1939 3919 Ἦ

285 3954 454 4029 τάχα,
498 3951 651 4007 οὐδὲν
705 3954 805 4022 τήν
875 3956 972 4006 τοῦ
1034 3950 1232 4026 Κυρίου
1280 3953 1326 3987 ⁰²
1387 3949 1561 4024 κρίσιν
1611 3948 1781 4027 φοϐῇ,
1815 3950 1942 4009 οὐδὲ

284 4047 393 4099 τῶν
423 4048 530 4097 σῶν
572 4041 815 4114 πράξεων
851 4040 1054 4096 ἐκεῖνον
1088 4037 1356 4113 ἀναμένῃς
1391 4040 1438 4076 9³
1470 4039 1787 4112 ἐξεταστήν;

360 4134 466 4189 ΙΑ’.
524 4133 788 4188 Ἐνταῦοα
841 4133 930 4186 καὶ
993 4133 1027 4201 ἡ
1096 4128 1431 4190 ἐπίπλαστος
1511 4135 1608 4184 τοῦ
1670 4132 1938 4206 βασιλέως

291 4219 570 4294 ἡμερότης
607 4220 906 4293 ἠλέγχετο,
940 4219 1030 4274 καὶ
1082 4221 1118 4288 ἡ
1172 4217 1453 4294 ὑπόκρισις
1485 4217 1807 4295 ἐγυμνοῦτο,
1848 4223 1939 4276 καὶ

289 4314 389 4377 τῆς
442 4310 708 4378 συνήθους
769 4307 1198 4385 ἐκκαλυφθείσης
1248 4306 1567 4379 θηριωδίας,
1603 4307 1940 4388 σφοδρότατα

293 4396 320 4450 ὁ
378 4397 584 4468 μάρτυς
648 4401 765 4458 τοῖς
824 4398 869 4432 9‘
930 4397 1253 4470 βουνεύμοις
1311 4395 1546 4467 ἐξαίνετο
1581 4419 1594 4432 ·
1645 4400 1693 4452 οἱ
1756 4399 1939 4471 μέντοι

291 4489 624 4560 περιστῶτες
659 4486 750 4540 τὸν
797 4488 893 4539 τού
947 4483 1214 4560 βασιλέως
1267 4485 1442 4558 θυμὸν
1483 4487 1790 4561 θεραπεύειν
1833 4486 1942 4552 ἐθέ-

2049 3328 2254 3400 ginum
2311 3329 2760 3393 venerationem,
2802 3332 2860 3382 et
2918 3328 3127 3384 deinde
3185 3329 3360 3385 etiam
3418 3333 3694 3386 deorsum

2048 3418 2390 3489 aspexisset,
2423 3423 2480 3473 et
2527 3419 2586 3472 in
2649 3422 2962 3489 tyrannum
3023 3435 3231 3491 parum
3266 3419 3466 3476 oculos
3497 3422 3698 3491 conje—

2051 3509 2274 3564 cisset:
2322 3507 2366 3562 Ο
2415 3507 2749 3578 imperator,
2801 3506 3014 3578 inquit,
3066 3507 3266 3564 missis
3311 3509 3500 3575 bellis,
3567 3526 3698 3580 quae

2049 3613 2281 3669 gereres
2313 3603 2513 3652 contra
2544 3595 2846 3663 barbaros,
2877 3600 2934 3650 et
2981 3597 3235 3652 civilium
3286 3614 3479 3653 rerum
3513 3600 3700 3654 admi-

2050 3685 2414 3751 nistratione,
2453 3688 2660 3751 totum,
2692 3688 2752 3739 ut
2799 3684 2988 3748 video,
3023 3691 3218 3756 aperte
3252 3689 3415 3741 tuum
3460 3687 3702 3757 posuisti

2050 3774 2313 3830 studium
2363 3777 2566 3828 contra
2611 3771 2910 3829 Christum
2944 3781 2997 3828 et
3051 3775 3176 3844 ejus
3225 3790 3460 3830 servos:
3494 3780 3550 3830 et
3583 3776 3702 3830 haec

2050 3879 2252 3935 agens,
2283 3862 2584 3919 existimas
2632 3871 2684 3918 le
2735 3878 2902 3933 posse
2958 3862 3016 3918 in
3065 3879 3203 3934 pace
3246 3868 3443 3920 tenere
3475 3869 3705 3936 sceptra

2050 3953 2293 4008 Romani
2339 3951 2613 4023 imperii?
2641 3951 2934 4023 Numquid
2968 3969 3040 4008 ne
3091 3951 3190 4007 Dei
3242 3953 3478 4024 quidem
3523 3954 3699 4009 times

2041 4043 2354 4115 judicium,
2383 4058 2572 4114 neque
2604 4041 2772 4098 illum
2807 4047 3040 4098 tuorum
3075 4044 3358 4098 factorum
3391 4050 3696 4116 exspectas

2051 4132 2508 4188 examinatorem
2539 4129 2567 4186 ?

2122 4221 2223 4276 XI.
2258 4220 2376 4276 Hoc
2409 4220 2468 4276 in
2502 4219 2627 4275 loco
2657 4219 2924 4276 convicta
2978 4219 3080 4275 fuit
3141 4220 3278 4276 ﬁcta
3318 4221 3702 4277 mansuetudo

2051 4310 2426 4382 imperatoris
2461 4326 2473 4364 :
2520 4314 2577 4366 et
2627 4314 2829 4380 aperta
2859 4309 2970 4365 fuit
2999 4309 3295 4366 simulatio
3329 4327 3504 4367 :nam
3536 4312 3706 4368 solita

2049 4400 2271 4455 detecta
2303 4399 2543 4467 feritate,
2576 4405 2794 4470 martyr
2837 4399 3350 4456 vehementissime
3379 4401 3706 4457 credebatur

2048 4489 2228 4543 boum
2263 4489 2476 4544 nervis.
2511 4487 2618 4552 Qui
2653 4493 2852 4544 autem
2885 4489 3416 4558 circumsistebant,
3447 4490 3704 4546 volentes

295 4574 506 4646 λοντες,
577 4577 627 4629 οἱ
708 4584 802 4648 μὲν
873 4573 1090 4628 τύπτειν
1161 4574 1568 4649 ἐπιτραπέντες,
1629 4577 1797 4649 ὠμῶς
1852 4579 1934 4633 ται

2059 4578 2156 4634 iraa
2188 4578 2340 4649 regis
2371 4593 2591 4634 morem
2622 4593 2844 4650 gerere,
2879 4578 3090 4650 partim
3123 4577 3361 4650 quidem
3386 4579 3540 4649 jussi
3575 4595 3702 4634 ver-

295 4664 514 4740 πληγὰς
574 4664 804 4740 ἐπῆγον,
835 4664 924 4718 καὶ
984 4661 1159 4724 οὕτως
1212 4663 1402 4734 ὠμῶς,
1439 4665 1577 4718 ὥστε
1605 4666 1690 4720 καὶ
1753 4668 1948 4740 ῥύακας

299 4753 531 4828 α’ίματος
580 4754 640 4810 ἐκ
685 4759 782 4810 τοῦ
834 4751 1025 4826 τιμίου
1065 4749 1268 4805 ἐκείνου
1322 4754 1640 4829 κατάγεσθαι
1668 4756 1714 4790 9⁵
1761 4757 1947 4830 σώμα-

297 4864 436 4906 τος·
484 4843 573 4898 καὶ
631 4843 692 4898 τὸ
762 4841 1114 4915 ὑποκείμενον
1181 4838 1374 4917 ἔδαφος
1435 4841 1796 4919 φοινίσσεσθαι
1860 4842 1948 4899 διὰ

304 4934 544 5008 βάθους⁶
607 4935 658 4988 οἱ
718 4930 796 5003 δὲ,
842 4933 932 4987 καὶ
1009 4928 1391 5003 ἀναιρούμενοι
1445 4930 1511 4983 τὰ
1570 4930 1694 5008 ξίφη
1743 4930 1950 5009 διαχει-

301 5021 541 5096 ρίζεσθαι
579 5022 671 5076 τὸν
702 5022 948 5092 ἀθλητὴν
979 5019 1206 5094 ὥρμων.

373 5112 473 5168 ΙΒ’.
507 5110 720 5167 ΠολλὈί
785 5109 872 5165 καὶ
933 5107 1121 5173 λίθους
1180 5106 1271 5162 ἐπὶ
1328 5105 1487 5162 αὐτὸν
1545 5105 1805 5178 ἔϐαλλον,
1854 5111 1946 5166 καὶ

297 5201 470 5257 πάντα
517 5200 719 5275 τρόπον
780 5194 1078 5270 ἐξύϐριζον,
1107 5198 1208 5253 οὐκ
1256 5195 1478 5268 ἐκεῖνον,
1512 5196 1640 5253 ἀλλ’
1671 5197 1893 5265 ἑαυτούς
1927 5221 1942 5237 ·

369 5424 571 5498 ιιε’-εἶπε*
614 5442 716 5498 pro
758 5418 858 5498 ἔφη
892 5423 975 5498 _D.
1022 5421 1099 5498 _8‘
1139 5419 1404 5498 γλῶσσαν
1446 5423 1505 5498 F,

400 5494 838 5571 &~{§vv‘sq:B._C.
891 5496 956 5552 D.
989 5495 1079 5571 _E.
1225 5494 1347 5571 3min
1490 5494 1549 5548 Γ.
1601 5494 1782 5571 D._F.

299 5569 342 5603 9°
400 5561 557 5626 σέϐας
615 5569 672 5622 C.
735 5569 802 5622 D.
867 5572 925 5622 E.
985 5568 1044 5622 F.

1119 5565 1162 5601 ⁹¹
1225 5558 1501 5617 ἐπιϐαλὼν

1583 5423 1636 5500 ⁸ξ
1672 5423 1699 5477 6
1721 5421 1899 5500 _ob'tui
1925 5425 2014 5480 καὶ
2048 5423 2466 5500 θρασέωςὴμῖν
2495 5427 2552 5481 C.

1859 5497 1907 5533 ⁸⁸
1966 5497 2136 5568 μείζὼ
2186 5500 2246 5554 Β.
2299 5497 2479 5556 ΟξΙ).
2514 5500 2576 5554 E.

1561 5571 1622 5619 Β.
1674 5568 1734 5622 C.
1790 5575 1858 5627 D.
1915 5575 1974 5627 E.
2028 5573 2088 5626 F.

2061 4667 2281 4735 berare,
2316 4667 2520 4740 plagas
2551 4666 3274 4736 crudeliterintentabant,
3308 4672 3364 4722 et
3395 4668 3538 4723 adeo
3579 4683 3709 4722 cru-

2058 4756 2282 4825 deliter,
2316 4761 2381 4812 ut
2433 4757 2680 4812 ﬂuerent
2713 4757 2816 4811 rivi
2850 4757 3154 4828 sanguinis
3205 4774 3273 4812 ex
3307 4757 3554 4829 pretioso
3583 4756 3705 4820 ,illo

2056 4863 2318 4919 corpore,
2341 4851 2397 4901 et
2418 4846 2746 4916 subjectum
2771 4845 2958 4902 solum
2983 4844 3096 4900 alte
3115 4846 3276 4901 ﬁeret
3305 4862 3661 4917 purpureum
3688 4863 3702 4902 :

2056 4936 2260 5006 partim
2308 4943 2498 4991 autem
2539 4934 2766 5006 gladios
2803 4935 3151 5007 accipientes
3191 4935 3494 4992 irruebant
3524 4938 3594 4992 ad
3617 4937 3706 4992 in-

2056 5025 2460 5082 terﬁciendum
2493 5024 2788 5080 athletam.

2125 5114 2256 5170 XII.
2290 5113 2454 5170 Multi
2486 5114 2662 5168 etiam
2693 5112 2917 5184 lapides
2950 5114 3008 5170 in
3055 5115 3250 5188 ipsum
3295 5115 3621 5187 jaciebant,
3645 5119 3703 5171 et

2055 5206 2326 5262 omnibus
2361 5203 2550 5260 modis
2597 5203 2814 5274 injuria
2853 5203 3178 5262 efﬁciebant
3209 5222 3328 5262 non
3379 5205 3565 5275 illum,
3598 5207 3701 5263 sed

2632 5426 2677 5463 ⁸⁸
2716 5426 2946 5534 ὂργίλου
2978 5430 3039 5484 Β.
3082 5426 3309 5501 ὀργίλον
3349 5431 3406 5486 C.
3441 5431 3506 5486 D.
3540 5429 3603 5486 E.
3639 5431 3701 5489 Ρ.

2632 5501 2652 5534 r
2773 5501 2796 5534 ιδ
2827 5501 2853 5534 ,ι
2890 5498 3141 5534 nuda”.
3163 5499 3342 5534 ...,:......
3376 5518 3466 5534 ,πη
3517 5503 3573 5534 ε..
3634 5502 3678 5534 n

2614 5501 2668 5554 Ρ.
2747 5499 2854 5553 ⁸σό
2890 5499 3141 5575 βασιλεὺς
3161 5499 3342 5553 τοίνυν
3376 5518 3492 5558 om.
3517 5503 3598 5558 in.
3634 5502 3700 5558 D.

2641 5572 2703 5627 Ι).
2737 5573 2798 5627 Ε.
2843 5573 2902 5628 F.
2981 5574 3025 5608 ⁸³
3062 5575 3158 5627 τοῦ
3190 5575 3321 5626 Θεοῦ
3354 5574 3414 5628 Β.
3447 5578 3504 5627 C.
3540 5574 3607 5628 D.
3640 5575 3700 5628 F.

2165 5571 2229 5606 θλ·
2281 5568 2384 5623 οἷέι
2430 5569 2496 5623 τὰ
2535 5572 2594 5626 C.
2641 5572 2703 5627 Ι).
2737 5573 2798 5627 Ε.
2843 5568 2902 5628 Ρξ
2981 5574 3025 5608 ⁸³
3062 5575 3158 5627 τοῦ
3190 5575 3321 5626 Θεοὖ
3354 5574 3414 5628 Β·
3447 5578 3504 5627 C-

301 5640 345 5675 93
376 5637 657 5712 ἀναμένεις
689 5639 750 5696 Β.
782 5641 842 5695 C.
878 5639 942 5694 D.
977 5638 1035 5694 Ε.
1069 5637 1128 5692 F.
1205 5635 1252 5670 9‘
1292 5639 1407 5694 τοῖς
1450 5653 1566 5693 Οω·
1603 5639 1663 5693 Ρ.
1742 5640 1787 5675 ⁵⁵
1824 5639 1932 5696 ἐκεί

2069 5643 2388 5718 κατάγεσθαι
2421 5659 2537 5698 om.
2572 5643 2635 5698 D.
