4106 6200
491 305 648 368 1123
1748 282 1757 288 ’
1833 301 2113 366 MENSIS

2243 303 2537 365 ITOBER.

3717 316 3846 380 112i

486 467 732 539 seipsos,
757 465 838 521 sic
862 465 1097 539 quidem
1124 467 1267 540 regi,
1293 466 1393 540 qui
1418 471 1506 525 est
1525 468 1596 525 ad
1619 470 1870 540 tempus,
1894 471 2129 527 studen-

2243 465 2561 534 σπεύδοντες
2595 472 2689 544 μέν
2743 468 2917 536 οὕτως
2949 471 3277 540 οἷ’κειοῦσθαι
3316 475 3530 552 βασιλεῖ
3574 483 3850 558 προσκαίρῲ

488 563 576 614 tes
630 559 933 630 conjungi,
976 559 1214 616 omnino
1273 564 1470 616 autem
1527 560 1863 632 ignorantes
1919 562 2131 631 miseri,

2247 557 2535 632 ἄγνοῦντες
2594 559 2650 616 δὲ
2705 563 2924 628 πάντως
2996 567 3048 619 οἱ
3131 565 3336 637 ἄθλιοι,
3391 567 3513 623 ὅσον
3574 570 3672 626 ἀπὸ
3740 557 3850 628 Θεοῦ

489 653 774 719 quantum
807 649 932 706 haec
966 655 1202 720 agentes
1231 667 1293 706 se
1324 650 1522 720 procul
1551 667 1584 705 a
1605 651 1720 706 Deo
1755 657 2131 724 removerent,

2248 647 2613 724 ἐμακρύνοντο
2695 657 2864 708 ταῦτα
2929 658 3230 724 ποιοῦντες,
3298 659 3386 711 καὶ
3444 658 3559 713 οἵαν
3620 659 3667 715 ἐν
3710 668 3854 735 καιρῷ

489 744 548 794 et
579 739 812 810 qualem
845 739 905 794 in
958 743 1195 810 tempus
1222 740 1433 811 judicii
1463 739 1548 795 illi
1585 740 1820 812 quidem
1856 740 2131 815 laetitiam,

2247 736 2476 812 κρίσεως
2535 739 2722 814 ἐκείνῳ
2783 743 2878 815 μὲν
2937 743 3294 821 εὐφροσύνην,
3329 747 3539 811 ἑαυτοῖς
3589 747 3642 804 δὲ
3687 748 3856 825 δάκρυα

487 828 600 884 sibi
633 833 828 884 autem
863 829 1150 900 lacrymas
1176 834 1231 886 et
1253 829 1479 886 dolores
1511 829 1913 887 miserabiliter
1936 848 2131 888 recon-

2248 828 2338 883 καὶ
2398 827 2587 895 ὀδύνας
2643 829 2887 895 ἐλεεινῶς
2930 829 3284 910 ἔθησαύρισαν
3315 855 3330 868 ³
3388 837 3513 893 ἀλλ’
3563 840 3590 894 ὁ
3637 840 3854 914 βασιλεὺς

487 917 709 974 derent.
745 918 855 974 Sed
881 917 1198 989 imperator
1223 921 1486 975 movebat
1508 936 1739 975 omnem
1774 920 2048 992 lapidem,
2074 925 2131 977 ut

2247 918 2420 975 πάντα
2458 919 2611 976 λίθον
2667 924 2828 978 κινῶν
2870 924 2963 994 ἦν,
3026 927 3175 988 ὅπως
3238 927 3297 981 ἂν
3337 927 3485 999 αὐτῷ
3537 929 3758 1006 γένοιτο,
3783 934 3856 988 τὸν

486 1011 687 1078 posset
743 1012 1014 1063 sanctum
1068 1008 1126 1062 in
1169 1024 1275 1062 sua
1325 1008 1537 1063 habere
1588 1012 1895 1080 potestate.
1931 1010 2131 1066 Nescio

2247 1010 2399 1084 ἅγιον
2451 1010 2864 1083 εἶσποιήσασοαι
2899 1035 2912 1048 ⁸
2964 1015 3053 1069 καὶ
3105 1015 3207 1092 γὰρ
3266 1017 3364 1073 οὐκ
3412 1017 3519 1073 οἷδ’
3568 1020 3709 1082 ὅπως
3754 1023 3857 1077 ἀσύ-

484 1096 642 1153 cnim
679 1098 994 1169 quomodo,
1027 1097 1135 1152 etsi
1167 1102 1323 1152 esset
1355 1097 1659 1167 insipiens,
1694 1114 1809 1154 non
1833 1099 2131 1169 ignorabat

2245 1120 2393 1161 νετος
2459 1099 2556 1171 ὢν,
2589 1101 2743 1174 ὅμως
2790 1102 2889 1158 οὐκ
2945 1106 3132 1180 ἠγνόει
3190 1105 3241 1160 ἐν
3293 1107 3476 1180 τούτῳ
3532 1113 3617 1164 νῦν
3675 1105 3860 1186 ἔχοντος

487 1192 694 1253 tamen,
731 1186 837 1241 hac
870 1187 927 1242 in
961 1203 1018 1241 re
1049 1187 1282 1255 quidem
1316 1190 1470 1242 certe
1497 1203 1558 1242 se
1583 1186 1878 1258 sapienter
1905 1204 2131 1260 gerens,

2245 1193 2473 1263 πρᾶγμα
2546 1195 2743 1263 ποιῶν,
2802 1191 2955 1268 εἷ’περ
3033 1194 3239 1251 ἐκείνου
3334 1195 3605 1272 ἐγκρατὴς
3687 1200 3858 1275 γένοιτο

489 1277 611 1331 fore
645 1281 707 1331 ut
739 1276 789 1332 si
821 1276 920 1331 illo
954 1277 1254 1348 potiretur,
1289 1275 1503 1332 multos
1533 1277 1678 1334 alios
1703 1293 1769 1334 ex
1800 1280 2131 1336 orthodoxis

2243 1278 2333 1332 καὶ
2371 1277 2609 1342 πολλοὺς
2648 1281 2692 1317 θθ
2730 1286 2835 1336 τῶν
2887 1281 3191 1358 ὀρθοδόξων
3240 1285 3437 1349 εὐθέως
3505 1287 3669 1355 ἑλεῖν,
3708 1287 3856 1361 ὥσπερ

495 1367 692 1422 statim
752 1371 998 1438 caperet,
1053 1383 1180 1422 eum
1255 1372 1533 1439 tanquam
1583 1374 1760 1440 caput
1815 1386 2025 1441 corpus
2082 1374 2131 1425 et

2244 1367 2458 1444 κεφαλῇ
2536 1373 2716 1442 σῶμα,
2785 1373 2874 1426 καί
2947 1372 3087 1446 μέλη
3160 1378 3548 1448 συνεπομένοις
3605 1380 3666 1433 ⁵⁷.
3714 1381 3857 1436 Τοῦτο

487 1455 751 1511 membra
800 1461 1248 1526 consequentes.
1282 1456 1411 1512 Haec
1453 1473 1586 1512 cum
1622 1457 1717 1514 ille
1749 1458 1942 1527 sciret,
1966 1459 2131 1529 jubet

2245 1457 2444 1520 ἐκεῖνος
2479 1457 2661 1526 εἰδὼς,
2696 1459 2912 1516 ἐκέλευε
2967 1467 3074 1516 τῶν
3129 1464 3361 1541 πληγῶν
3431 1467 3593 1522 αὐτὸν
3647 1470 3688 1505 ⁸⁸
3739 1469 3859 1532 αὖθις

482 1545 678 1616 ipsum
711 1562 914 1600 rursus
947 1543 1190 1601 relaxari
1225 1563 1258 1601 a
1289 1545 1500 1618 plagis,
1533 1550 1589 1602 et
1640 1563 1846 1602 rursus
1897 1563 2131 1618 persua-

2244 1546 2467 1616 ἅνεῖναι,
2507 1547 2598 1602 καὶ
2657 1552 2842 1604 πειθοῖ
2903 1550 3069 1607 πάλιν
3145 1554 3236 1609 καὶ
3303 1553 3578 1628 εὐμενείας
3640 1560 3858 1631 προσχήο

483 1635 647 1690 sione
678 1639 733 1691 et
765 1639 1044 1707 praetextu
1073 1635 1482 1691 benevolentia:
1511 1653 1642 1691 eum
1668 1638 1902 1709 aggredi
1935 1643 2131 1693 tentat.

2250 1658 2375 1710 ματι
2423 1638 2515 1692 τὸν
2575 1639 2728 1715 ἅγιον
2788 1641 2836 1678 89
2888 1641 3160 1698 ὑπελθεῖν.
3224 1644 3413 1718 Ἐγγῦς
3464 1644 3557 1700 οῦν
3614 1667 3859 1720 παραστη-

483 1724 630 1779 Cum
663 1741 796 1780 eum
828 1739 964 1795 ergo
995 1728 1258 1780 curasset
1289 1741 1462 1796 prepe
1493 1727 1840 1787 sistendum.
1875 1731 1931 1782 et
1961 1743 2131 1782 suum

2245 1725 2498 1798 σαμενος,
2531 1727 2620 1782 καὶ
2658 1731 2760 1799 τὴν
2822 1729 3045 1803 ὁμιλίαν
3107 1733 3238 1809 ὑπὲρ
3297 1727 3480 1789 ἔλαιον
3527 1735 3858 1805 ἁπαλύνας,ἡ

484 1829 816 1870 sermonem
851 1813 1154 1869 molliisset
1185 1814 1499 1885 plusquam
1533 1814 1748 1881 oleum,
1779 1819 2010 1871 acutum
2056 1820 2131 1871 ta-

2244 1813 2468 1885 ἆληοῶς
2501 1818 2646 1887 ὀξεῖα
2687 1819 2848 1893 βολίς
2893 1822 2982 1875 καὶ
3022 1823 3160 1878 κατᾶ
3199 1827 3304 1877 τῶν
3357 1820 3718 1880 εὐσεϐούντων
3757 1827 3862 1896 ἡκοο

485 1921 616 1960 men
656 1904 923 1975 jaculum
976 1907 1252 1958 adversus
1311 1904 1461 1974 pios,
1491 1907 1548 1959 et
1580 1910 1815 1960 acutum
1849 1905 2131 1976 gladium,

487 2002 795 2066 postquam
829 1993 973 2047 vidit
1025 1993 1217 2048 virum
1276 2009 1348 2048 ne
1380 1993 1677 2049 tantillum
1710 1995 1943 2064 quidem
1994 1993 2133 2057 illici

485 2082 808 2153 blanditiis,
841 2083 940 2137 sed
1003 2097 1133 2136 cum
1188 2083 1405 2151 majore
1446 2083 1676 2138 dicendi
1713 2083 1976 2138 libertate
2007 2084 2134 2153 ejus

488 2189 733 2244 arguere
764 2171 1108 2242 amentiam,
1141 2172 1402 2243 deposita
1449 2171 1613 2243 pelle,
1647 2177 1770 2229 erat
1808 2173 1977 2243 lupus
2013 2191 2134 2229 ma-

485 2263 762 2316 nifestus.
814 2260 1112 2330 Jussitque
1168 2259 1465 2324 lapidibus
1520 2262 1806 2334 confringi
1867 2262 2132 2317 maxillas

491 2350 787 2422 martyris,
809 2348 931 2404 haec
971 2348 1220 2404 reddens
1252 2365 1355 2420 pro
1385 2350 1599 2420 verbis,
1632 2352 1846 2422 quibus
1876 2368 1975 2408 cor
2005 2355 2132 2422 ejus

489 2441 677 2494 fuerat
723 2437 1187 2494 consauciatum.
1222 2438 1325 2493 Ille
1373 2443 1568 2495 autem
1621 2445 1742 2496 erat
1785 2441 1952 2512 plane
1985 2444 2134 2499 alius

483 2530 835 2602 Stephanus,
870 2529 964 2598 iis,
999 2529 1099 2602 qui
1132 2528 1216 2584 illi
1269 2528 1549 2600 injuriam
1589 2531 1900 2603 faciebant,
1933 2551 2133 2606 preces

485 2620 754 2676 reddens.

551 2711 708 2766 XIlI.
761 2709 978 2766 Deinde
1020 2713 1329 2782 martyrem
1363 2711 1599 2782 quidem
1633 2710 1970 2784 imperator,
2005 2717 2131 2769 tan-

479 2815 651 2872 quam
704 2816 866 2855 reum
921 2800 1374 2855 condemnatum
1412 2800 1574 2856 misit
1603 2817 1804 2857 rursus
1847 2803 1903 2856 in
1938 2808 2131 2859 custo-

480 2891 639 2945 diam
673 2906 686 2945 :
721 2890 822 2945 sed
854 2889 1158 2959 ignorabat
1205 2905 1267 2944 se
1298 2889 1391 2958 iis,
1426 2890 1523 2960 qui
1567 2891 1626 2945 in
1666 2907 1732 2945 ea
1765 2891 2130 2958 habitabant,

481 2979 823 3035 Christianis
845 2978 1008 3034 valde
1033 2983 1368 3049 promptum
1397 2979 1623 3034 mittere
1647 2980 1961 3036 doctorem.
1989 2982 2133 3038 Gau-

483 3068 655 3123 debat
713 3069 837 3137 ipse
886 3071 1079 3121 autem
1141 3083 1391 3136 quoque,
1427 3067 1577 3122 sicut
1633 3067 1866 3136 Paulus,
1901 3078 2135 3141 prapter

484 3155 778 3211 Christum
814 3155 1178 3226 passionibus
1209 3161 1262 3210 et
1293 3154 1730 3223 afﬂictionibus,
1766 3157 2133 3231 benigneque

478 3249 536 3300 et
558 3244 829 3300 clementi
853 3246 966 3300 Deo
991 3260 1229 3314 magnas
1251 3244 1459 3316 egebat
1473 3245 1718 3315 gratias,
1741 3249 1896 3318 quod
1921 3249 2132 3320 dignus

481 3341 634 3390 esset
656 3333 893 3390 habitus
918 3332 1102 3406 plagis
1125 3338 1180 3388 et
1203 3349 1428 3389 carcere
1451 3342 1686 3406 propter
1707 3336 1864 3393 illius
1891 3354 2125 3395 nomen.

477 3423 870 3490 Quamobrem
902 3429 957 3478 et
988 3424 1079 3490 iis,
1115 3440 1241 3495 qua:
1283 3423 1530 3493 dicebat,
1565 3439 1682 3492 eos,
1718 3426 1816 3497 qui
1869 3429 2129 3499 aderant,

480 3512 649 3567 valde
693 3511 1042 3580 instruebat,
1077 3518 1132 3568 et
1163 3513 1564 3580 confirmabat,
1598 3519 1656 3570 et
1685 3530 1772 3584 eo,
1803 3518 1953 3586 quod
2004 3534 2129 3589 quae

479 3610 641 3659 erant
692 3601 935 3658 molesta
993 3607 1049 3657 et
1106 3618 1328 3673 aspera,
1390 3602 1563 3658 ferret
1621 3619 1754 3658 cum
1812 3606 2128 3674 gratiarum

476 3692 721 3748 actione.
756 3695 820 3745 Et
869 3709 1082 3764 corpus
1114 3693 1346 3763 quidem
1383 3696 1507 3747 erat
1558 3692 1817 3748 vinctum
1849 3694 1907 3749 in
1937 3703 2128 3751 custo-

477 3781 591 3849 dia,
627 3781 824 3837 anima
872 3787 1089 3850 autem,
1120 3782 1294 3838 etiam
1344 3786 1660 3852 antequam
1694 3781 1852 3838 illinc
1885 3787 2131 3840 resolve-

475 3876 655 3938 retur,
677 3871 802 3942 jam
836 3871 1091 3927 cmlestia
1122 3871 1344 3926 visione
1377 3870 1772 3942 intelligenter
1803 3873 2128 3944 apprehen-

478 3962 673 4029 debat,
708 3961 849 4016 adeo
874 3965 932 4015 ut
955 3965 1269 4031 tyrannum
1305 3961 1726 4031 propemodum
1751 3962 2129 4032 reprehende-

475 4053 585 4115 ret,
623 4049 776 4121 quod
825 4066 938 4104 non
988 4049 1186 4120 ipsum
1241 4049 1414 4104 citius
1467 4048 1742 4104 liberaret
1791 4066 1824 4104 a
1881 4053 2126 4119 pondere

475 4138 684 4205 carnis,
717 4142 774 4192 et
803 4153 837 4192 ε.
867 4137 1118 4193 vinculis
1151 4137 1538 4192 naturalibus.
1571 4139 1793 4209 Corpus
1824 4139 1981 4194 enim
2003 4146 2126 4196 erat

477 4226 562 4281 illi
595 4243 811 4293 carcer,
845 4226 943 4298 qui
977 4227 1106 4296 ejus
1155 4226 1390 4281 arcebat
1418 4226 1698 4291 animam,
1733 4235 1784 4282 et
1819 4243 1924 4283 suo
1956 4233 2124 4300 tegu-

2164 3201 2213 3270 C

2244 1904 2453 1978 νημένη
2499 1907 2768 1983 μάχαιρα,
2825 1910 2944 1964 ἒπεὶ
3004 1911 3150 1985 ἑώρα
3207 1912 3298 1967 τὸν
3355 1911 3524 1989 ἄνδρα
3581 1915 3860 1976 κολακείαις

2244 1993 2369 2050 οὐδὲ
2431 1996 2608 2072 βραχὺ
2665 1997 3058 2072 κλεπτόμενον,
3100 2001 3234 2074 μετᾶ
3274 2002 3536 2065 πλείονος
3575 2002 3634 2058 δὲ
3681 2003 3859 2078 μᾶλλεν

2241 2091 2343 2152 τῆς
2399 2085 2704 2160 παρρησίας
2757 2090 2856 2156 τήν
2926 2088 3180 2145 ἀπόνοιαν
3227 2097 3240 2128 ι
3299 2090 3466 2146 αὐτοῦ
3523 2089 3859 2168 διελέγχοντα,

2241 2173 2302 2228 τὰ
2389 2172 2592 2230 κώδιον
2667 2176 3020 2251 ἀποθέμενος,
3090 2177 3257 2242 λύκος
3323 2181 3389 2249 ἦν
3441 2185 3738 2260 προφανής,
3791 2181 3860 2235 καὶ

2244 2260 2421 2326 λίθοις
2461 2266 2527 2319 τὰ
2583 2267 2830 2338 σιαγόνας
2873 2271 2970 2321 τοῦ
3040 2269 3315 2343 μάρτυρος
3383 2270 3722 2327 συνθλαττειν
3771 2269 3862 2325 ἐκέ-

2244 2349 2368 2406 λευε
2410 2373 2421 2384 ·
2455 2359 2623 2408 ταῦτα
2681 2351 2862 2416 διδοὺς
2903 2356 3019 2411 ἀντὶ
3079 2363 3187 2412 τῶν
3259 2358 3464 2432 λόγων,
3500 2361 3587 2422 οἷς
3646 2359 3739 2434 ἄρα
3781 2361 3858 2426 την

2241 2440 2466 2518 καρδίαν
2540 2443 2738 2506 ἐκεῖνος
2826 2446 3066 2521 ἰσχυρῶς
3132 2442 3424 2517 ἐϐέϐλητο.
3488 2450 3551 2507 Ὁ
3611 2449 3666 2504 δὲ
3720 2447 3859 2510 ἄὶλος

2241 2532 2574 2606 αὐτόχρημα
2633 2533 2898 2614 Στέφανος
2971 2536 3037 2604 ἦν
3113 2534 3239 2599 τοὺς
3318 2535 3640 2600 ἀδικοῦντας
3708 2539 3861 2611 εὐχαῖς

2242 2617 2627 2695 ἀμειϐόμενος.

2313 2717 2410 2768 1Γ¹.
2444 2711 2578 2767 Εἶτα
2632 2712 2727 2766 τὸν
2787 2713 3034 2787 μάρτυρα
3087 2714 3180 2786 μὲν
3228 2715 3257 2770 ὁ
3299 2713 3560 2789 βασιλεὺς
3590 2718 3679 2770 οἷα
3725 2714 3860 2770 κατὰ·

2243 2797 2396 2854 δικον
2457 2800 2547 2854 ἐπὶ
2607 2803 2706 2871 τήν
2774 2801 3022 2877 φυλακην
3077 2804 3228 2865 αὖθις
3291 2801 3535 2877 ἔπεμπεν
3570 2822 3583 2835 ⁸
3644 2805 3860 2868 ἐλάνθανε

2243 2886 2300 2942 δὲ
2334 2887 2547 2960 μᾶλλον
2579 2895 2695 2951 τοῖς
2733 2891 2934 2961 ταύτην
2977 2891 3184 2946 οἰκοῦσι
3234 2896 3593 2967 Χριστιανοῖς
3642 2891 3860 2948 διδασκα-

2243 2977 2338 3032 λον
2400 2977 2721 3051 ἐπιπέμπων
2773 2977 2979 3052 κομιδῆ
3037 2982 3320 3055 πρόθυμον
3357 2999 3372 3012 ⁸
3428 2979 3626 3060 ἔχαιρε
3666 2983 3756 3058 γὰρ
3790 2979 3858 3036 καὶ

2241 3065 2400 3130 αὐτὸς
2451 3069 2586 3122 κατὰ
2645 3067 2859 3123 Παῦλον
2905 3074 3019 3131 τοῖς
3066 3067 3155 3124 διὰ
3187 3071 3418 3142 Χριστὸν
3461 3074 3763 3143 παθήμασι,
3792 3070 3857 3123 καὶ

2242 3161 2360 3217 ταῖς
2403 3155 2640 3230 θλίψεσι,
2670 3156 2759 3211 καὶ
2803 3157 2962 3232 χάριν
3004 3155 3125 3232 ᾔδει
3155 3157 3374 3228 πολλὴν
3407 3164 3488 3230 τῷ
3524 3159 3860 3235 φιλανθρώπῳ

2245 3249 2380 3316 Θεῷ,
2422 3244 2504 3300 ὅτι
2569 3247 2659 3300 καὶ
2712 3244 2942 3322 πληγῶν
3008 3246 3096 3302 διὰ
3162 3249 3223 3303 τὸ
3285 3246 3491 3303 ἐκείνου
3564 3249 3728 3323 ὄνομα
3788 3246 3859 3302 καὶ

2237 3333 2486 3412 φυλακῆς
2530 3337 2750 3405 ἠξιοῦτο
2787 3353 2800 3366 °
2863 3337 3002 3408 ὅθεν,
3042 3337 3132 3391 καὶ
3200 3339 3282 3393 οἷς
3334 3333 3516 3413 ἔλεγε,
3571 3338 3698 3400 τοῦς
3744 3357 3858 3411 παρ-

2235 3419 2390 3483 όντας
2448 3423 2650 3483 ἱκανῶς
2717 3421 2912 3500 ἤλειφε
2942 3425 2965 3459 ε
2997 3441 3010 3454 ⁸
3061 3425 3149 3478 καῖ
3204 3423 3440 3497 μᾶλλον,
3475 3429 3568 3488 οἷς
3623 3425 3859 3500 ἐκαρτέρει

2236 3511 2299 3565 τα
2340 3510 2569 3566 ἐπίπονα
2637 3512 2752 3585 μετ’
2793 3513 3170 3587 εὐχαριστείας
3195 3518 3234 3570 ⁸.
3296 3515 3399 3570 Καὶ
3450 3517 3516 3570 τὸ
3578 3517 3671 3587 μὲν
3729 3519 3860 3584 σῶμα

2233 3604 2300 3674 τῇ
2345 3599 2562 3676 φυλακῇ
2595 3598 2916 3672 ἐπεπέδητο,
2949 3604 2983 3671 ἡ
3025 3604 3178 3681 ψυχὴ
3223 3600 3280 3657 δὲ
3326 3603 3474 3675 αὖτῷ
3507 3606 3601 3660 καὶ
3648 3605 3746 3678 πρὸ
3781 3609 3864 3668 τῆς

2235 3689 2432 3746 ἐκεῖθεν
2491 3690 2800 3752 ἀναλύσεως
2830 3690 2896 3746 τὰ
2951 3692 3180 3766 οὐράνια
3234 3690 3344 3762 ἤδη
3401 3700 3616 3766 νοερῶς
3670 3690 3862 3770 ἐφαντά-

2236 3785 2374 3848 ζετο,
2405 3779 2544 3834 ὥστε
2608 3779 2697 3833 καὶ
2751 3777 3001 3854 ἐγκαλεῖν
3057 3782 3173 3858 εἶχε
3215 3786 3416 3857 μικροῦ
3481 3783 3566 3856 τῷ
3621 3785 3859 3857 τυράννῳ,

2233 3870 2318 3923 ὅτι
2353 3871 2428 3942 μὴ
2464 3873 2656 3932 θᾶττον
2690 3869 2848 3924 αὐτὸν
2884 3874 2982 3924 τοῦ
3034 3875 3292 3944 σαρκικοῦ
3355 3872 3561 3946 βάρους
3624 3873 3711 3926 καὶ
3769 3875 3857 3924 τῶν

3103 3957 3320 4036 φυλακή
3391 3961 3495 4037 γὰρ
3568 3960 3752 4032 ἐκείνῳ
3811 3958 3860 4012 τὸ

2232 4051 2413 4120 σῶμα,
2453 4047 2629 4121 εἶργον
2686 4046 2852 4102 αὐτοῦ
2908 4050 3007 4116 τήν
3051 4049 3236 4124 ψυχήν
3278 4049 3368 4104 καὶ
3410 4047 3746 4128 διατειχίζον
3796 4050 3860 4117 τῷ

2230 4137 2421 4209 οἰκείῳ
2478 4134 2802 4210 καλύμματι
2841 4141 2946 4192 τῶν
3005 4135 3374 4212 ἐνδεχομένων
3445 4139 3618 4209 αὐτὴν
3675 4141 3862 4209 σκηνῶν

2232 4226 2322 4282 καὶ
2364 4234 2464 4296 τῆς
2499 4226 2700 4281 ἐκεῖθεν
2731 4223 3038 4302 ἀδιηγήτου
3085 4229 3512 4302 μακαριότητος.

2231 3962 2468 4036 φυσικῶν
2548 3957 2700 4031 ἠφίει
2786 3955 3048 4031 δεσμῶν·

476 4325 668 4372 mento
729 4333 858 4372 eam
917 4317 1260 4388 sejungebat
1308 4333 1340 4371 a
1371 4315 1782 4384 tabernaculis,
1818 4333 1948 4388 quae
1978 4333 2105 4375 eam
2156 4323 2468 4390 exceptura
2525 4322 2711 4385 erant,
2756 4322 2812 4374 et
2871 4319 3275 4389 inenarrabili,
3308 4337 3435 4392 quae
3472 4320 3594 4378 illic
3625 4324 3734 4390 est,
3761 4320 3872 4374 hea-

475 4407 752 4464 titudine.

544 4497 690 4554 XIV.
717 4495 850 4553 Dies
872 4496 1111 4552 interim
1141 4512 1256 4552 non
1286 4495 1456 4551 multi
1479 4496 1904 4568 prasterierunt,
1928 4504 1979 4554 et
2003 4515 2123 4554 rur-
2155 4502 2213 4568 D

467 4604 574 4643 sus
607 4586 853 4643 accersit
899 4587 1214 4658 imperator
1246 4589 1568 4656 martyrem
1621 4602 1652 4640 e
1684 4602 1933 4654 carcere,
1967 4593 2122 4644 metu

467 4693 696 4745 corum,
749 4693 875 4746 quae
936 4675 1443 4746 exspectabantur,
1486 4678 1543 4730 et
1592 4675 1789 4731 dolore
1817 4676 2123 4742 malorum,

471 4781 595 4836 quia
661 4764 1035 4828 advenerant,
1063 4763 1304 4818 fractum
1338 4762 1412 4817 ad
1445 4763 1642 4818 futura
1670 4765 1798 4834 ejus
1836 4764 2124 4834 animum,

471 4859 528 4910 et
562 4855 829 4910 futurum
883 4854 1064 4909 multo
1097 4851 1420 4908 molliorem
1453 4860 1506 4908 et
1537 4853 1890 4923 ignaviorem
1923 4854 2126 4910 existi-

477 4961 672 5001 mans.
710 4943 1020 5014 Postquam
1070 4946 1263 4998 autem
1299 4942 1647 5014 productum
1683 4948 1948 4998 sanctum
1982 4944 2127 4999 vidit

475 5033 870 5098 audaciorem,
903 5036 960 5088 et
1021 5030 1207 5103 magis
1274 5031 1591 5103 spirantem
1649 5047 1838 5088 acrem
1889 5037 2128 5103 propter

475 5123 773 5180 Christum
837 5137 1118 5188 amorem,
1153 5137 1285 5176 eum
1345 5125 1503 5178 veste
1556 5122 1733 5186 exuit,
1785 5128 1840 5176 et
1897 5126 2128 5192 propter

481 5229 618 5269 eum
676 5214 907 5270 lictores
966 5228 1171 5267 rursus
1217 5209 1384 5282 jubet
1441 5212 1736 5276 assistere,
1768 5215 1825 5267 et
1881 5210 2126 5283 ﬂagellis

479 5301 852 5359 vehementer
929 5301 1168 5369 caedere,
1220 5300 1411 5355 adhuc
1486 5301 1734 5372 priorem
1819 5299 2127 5372 plagarum

2313 4499 2411 4554 IA'.
2451 4495 2680 4568 Ἡμέραι
2745 4499 2808 4552 τὸ
2883 4497 3079 4569 μεταξῦ
3140 4497 3428 4573 παρῆλθον
3489 4499 3621 4576 οὐχὶ
3681 4498 3876 4574 συχναὶ,

2237 4589 2324 4642 καὶ
2398 4589 2806 4661 μεταπέμπεται
2845 4587 3009 4644 πάλιν
3055 4589 3082 4643 ὁ
3146 4588 3407 4664 βασιλεὺς
3451 4595 3551 4644 τοῦ
3613 4589 3878 4663 δεσμωτη-

2240 4677 2358 4750 ρίου
2396 4679 2488 4732 τὸν
2540 4676 2786 4747 ἀθλητήν
2820 4695 2834 4710 ⁶
2882 4682 2962 4750 τῷ
3015 4699 3074 4732 τε
3130 4674 3288 4755 φόϐῳ
3354 4683 3461 4733 τῶν
3495 4677 3876 4754 προσδοκωμέ-

2236 4788 2365 4835 νων,
2400 4766 2487 4821 καὶ
2519 4770 2586 4839 τῇ
2618 4764 2782 4840 ὀδύνῃ
2824 4771 2930 4821 τῶν
2965 4766 3304 4822 ἐπελθόντων
3344 4775 3524 4823 κακῶν
3576 4767 3834 4832 ὀκλίσθαι
3861 4771 3876 4802 ⁸

2235 4856 2384 4932 τάχα
2413 4859 2433 4892 ⁵
2462 4856 2559 4924 τὴν
2604 4857 2789 4933 ψυχὴν
2830 4855 2978 4927 αὖτῷ
3024 4858 3160 4930 πρὸς
3203 4858 3271 4912 τὰ
3331 4857 3632 4929 μέλλοντα,
3674 4857 3763 4912 καῖ
3801 4857 3878 4929 ῥᾳ-

2238 4946 2541 5020 θυμοτέραν
2598 4947 2742 5020 παρὰ
2800 4944 2942 5000 πολὺ
3000 4948 3242 5022 γενέσθαι
3321 4947 3595 5020 οἰόμενος.
3633 4949 3780 5003 Ἐπεὶ
3833 4943 3880 4999 δὲ

2237 5036 2579 5106 παραστάντα
2619 5034 2708 5089 τὸν
2784 5036 2936 5110 ἅγιον
3000 5036 3403 5111 εὐτολμότερον
3466 5035 3653 5100 ἐθεᾶτο
3696 5038 3738 5106 ⁷,
3803 5032 3881 5089 καί

2239 5123 2436 5196 θερμὸν
2469 5122 2691 5178 πνέοντα
2759 5123 2972 5196 μᾶλλον
3010 5126 3103 5180 τὸν
3148 5122 3238 5179 διὰ
3277 5127 3509 5198 Χριστὸν
3569 5125 3770 5201 ἔρωτα,
3796 5132 3882 5192 τῆς

2238 5211 2461 5276 ἐσθῆτος
2538 5212 2964 5286 ἀπογυμνώσας,
3040 5211 3280 5288 δημίους
3328 5215 3418 5270 καὶ
3497 5215 3666 5272 πάλιν
3750 5213 3883 5282 αὐτῷ

2236 5301 2568 5374 περιίστησι,
2638 5300 2726 5355 καὶ
2812 5300 3062 5378 σφοδρῶς
3145 5310 3264 5367 ταῖς
3357 5305 3599 5379 μάστιξιν
3683 5302 3882 5358 ἐκέλευε

554 5497 600 5534 9⁸
639 5495 855 5577 ἄλλους
1189 5495 1586 5577 συνεπομένους
1610 5498 1680 5577 Βἔ
1701 5498 1760 5555 C.
1891 5501 1950 5554 E.
1991 5497 2078 5577 _°3
2103 5517 2131 5553 κ

2243 5500 2288 5577 ᾗ.
2329 5532 2400 5544 -
2432 5500 2608 5577 αὐτῶν
2635 5504 2722 5558 καὶ
2757 5504 2912 5577 αὖθις
2945 5511 3009 5560 D.
3033 5536 3101 5577 -έ-
3148 5504 3312 5560 αὐτὸν
3360 5507 3542 5577 (prius
3588 5503 3765 5560 αὐτῶν
3802 5499 3879 5577 καὶ

485 5565 638 5652 αὖθις
813 5571 858 5652 :9
886 5569 1081 5652 ἤθελέν
1108 5571 1182 5652 ἕ.
1245 5574 1275 5652 Δ¹
1311 5565 1614 5652 παρρησίαν
1642 5570 1701 5624 C.
1752 5571 1956 5652 “"orn.
1991 5570 2050 5626 Β.
2131 5571 2152 5606 ³
2191 5568 2419 5650 ἤλειςαεν
2449 5575 2670 5644 ἱκανῶς,
2706 5575 2795 5629 καὶ
2962 5579 3004 5614 9⁵
3036 5565 3398 5652 εὐχαριστίας.
3422 5580 3480 5635 Β.
3517 5580 3576 5635 C.
3607 5577 3671 5634 D.
3721 5578 3781 5633 Ε.
3827 5575 3878 5630 F.

463 5642 484 5675 ⁸
577 5640 777 5694 κλάσαι
810 5643 869 5698 C.
905 5643 968 5697 D.
1008 5643 1066 5696 E.
1105 5642 1167 5696 F.
1244 5641 1264 5676 ⁸
1294 5640 1437 5714 τάχα
1467 5647 1525 5695 C.
1561 5658 1674 5696 om.

1752 5639 1771 5673 ⁷
1811 5637 2068 5704 ἐθεάσατο
2105 5647 2167 5699 Β.
2202 5637 2260 5701 C.
