4106 6200
285 285 433 349 1125

1450 271 1636 334 VITA
1681 269 1745 330 S.
1792 264 2138 330 ANDBEZE
2181 264 2258 325 IN
2306 265 2529 328 CRISI.

3524 269 3679 330 1126

279 442 446 499 παίειν
483 459 495 476 °
528 437 608 497 ἔτι
673 441 780 494 τῶν
827 454 1108 513 προτερων
1145 429 1381 506 πληγῶν
1445 436 1587 506 σαφῆ
1631 427 1768 485 κατά
1823 433 1925 484 πᾶν

2062 431 2240 500 φοι-ιθ.
2290 441 2392 498 per
2443 426 2715 484 universa
2765 428 3031 484 membra
3075 429 3356 486 ferentem
3414 431 3680 502 vestigia.

284 534 441 609 μέλος
485 532 553 586 τὰ
600 529 729 609 ἷ¹χνη
782 547 1008 604 φρροντα
1038 525 1081 581 δ.
1133 525 1198 581 Οἱ
1242 519 1298 577 δὲ
1348 521 1656 592 κατέξαινον
1694 520 1786 594 μὲν
1829 521 1922 582 τὰς

281 608 470 698 σάρκας
510 621 598 675 καὶ
642 608 939 693 διώρυττον
999 613 1162 670 αὐτου
1220 612 1314 674 τὰς
1377 610 1659 685 πλευράς·
1720 609 1809 664 καὶ
1858 608 1925 663 τά

280 693 449 766 πλείω
513 712 620 762 τῶν
691 707 901 779 σαρκῶν
969 701 1313 778 ὑφῃροῦντοο
1381 697 1530 768 πλὴν
1600 693 1724 752 οὐδὲ
1782 694 1924 749 οὕτω

278 799 472 873 κλέψαι
511 798 601 852 τὸν
641 801 740 864 τῆς
783 791 982 847 ἐκείνου
1041 791 1281 852 πίστεως
1337 787 1606 860 θησαυρὸν
1666 782 1928 855 ἐδυνήθη-

283 894 510 949 σαν.⁶Ως
581 885 673 939 οὖν
735 882 878 938 οὕτω
928 880 1102 935 πάντα
1170 878 1289 943 εἰκῆ
1347 876 1437 932 καὶ
1511 876 1685 951 μάτην
1753 876 1926 947 ἑαυτῷ

282 975 720 1052 κακουργούμενα
761 973 787 1026 6
831 975 1092 1045 τύραννος
1131 965 1259 1036 εἶδε,
1307 967 1397 1022 καὶ
1445 971 1561 1028 τοῖς
1621 963 1774 1027 ὅλοις
1815 962 1924 1034 ἤδη

285 1067 558 1140 διαπορῶν
624 1063 692 1132 ἦν
751 1061 837 1117 ἐπὶ
907 1061 1006 1128 τήν
1069 1057 1524 1132 ὁμολογουμένην
1593 1057 1782 1126 ἧτταν,
1840 1054 1930 1108 τὸν

284 1158 499 1214 θάνατον
572 1153 736 1209 αὐτοῦ
811 1153 1149 1222 κατακρῖναι,
1227 1146 1423 1202 λοιπὸν
1523 1144 1766 1220 ἔρχεται,
1827 1151 1928 1214 Καὶ

283 1246 488 1303 κελεύει
566 1241 822 1318 σχοίνους
906 1243 1013 1294 τῶν
1099 1238 1379 1312 μακαρίων
1458 1235 1664 1290 ἐκείνου
1748 1231 1932 1288 ποδῶν

287 1335 612 1407 ἐκδήσαντας
641 1336 678 1389 θ.
715 1329 799 1386 ἐπὶ
842 1333 940 1386 τοῦ
998 1325 1231 1406 ἐδάφους
1264 1326 1420 1381 αὐτὸν
1464 1327 1507 1363 ¹⁰
1553 1325 1688 1379 κατά
1754 1323 1930 1393 πάσης

284 1425 457 1482 ἕλκειν
522 1430 621 1493 τῆς
680 1420 968 1498 λεωφόρου
1000 1439 1014 1453 ο
1081 1419 1194 1473 εἶτα
1247 1417 1338 1471 καὶ
1391 1414 1467 1479 εἰς
1520 1414 1612 1469 τὸν
1666 1417 1774 1469 τῶν
1832 1433 1932 1467 κα-

284 1517 533 1591 κούργων
572 1513 737 1568 τόπον
776 1507 1174 1586 ἀπαγαγόντας,
1228 1507 1401 1581 ῥίψαι,
1433 1506 1524 1560 τὸν
1563 1511 1663 1574 τῆς
1703 1501 1834 1574 ἒδὲμ
1867 1504 1931 1571 ιί,

283 1607 372 1662 τὸν
439 1611 538 1674 τῆς
597 1602 708 1658 ἅνω
776 1606 1002 1671 σκηνῆς,
1042 1599 1133 1653 τὸν
1185 1602 1293 1652 τῶν
1363 1594 1600 1670 οὐρανῶν
1641 1593 1826 1668 ξαύτὸν
1889 1592 1934 1628 ¹²

288 1694 452 1768 ἄξιον.

2037 517 2126 574 Illi
2167 520 2362 573 autem
2413 515 2717 572 laniabant
2765 517 3001 586 quidem
3041 533 3266 587 carnes,
3299 522 3356 574 et
3385 520 3687 576 fodiebant

2039 609 2168 679 ejus
2200 605 2399 669 latera,
2433 611 2486 661 et
2517 604 2830 677 plurimam
2879 606 3005 675 ejus
3036 605 3226 661 carnis
3259 611 3482 678 partem
3516 610 3686 665 aufe-

2040 699 2265 754 rebant.
2299 697 2410 753 Sed
2447 711 2517 752 ne
2550 696 2634 751 sic
2665 695 2902 767 quidem
2937 700 3204 766 poterant
3254 697 3525 752 suffurari
3563 699 3692 755 the-

2043 803 2283 843 saurum
2311 786 2472 842 illius
2503 785 2661 844 ﬁdei.
2697 787 3014 856 Postquam
3048 800 3184 857 ergo
3221 785 3363 840 vidit
3403 791 3687 858 tyrannus

2041 877 2240 932 omnia
2267 894 2300 932 a
2330 893 2392 932 se
2423 875 2503 931 sic
2534 879 2749 932 temere
2779 879 2834 930 et
2865 877 3081 930 frustra
3129 873 3275 942 fieri,
3313 875 3549 946 jamque
3597 893 3687 933 es-

2042 975 2127 1022 set
2158 966 2328 1038 plane
2359 965 2542 1021 animi
2577 965 2790 1022 dubius
2819 969 2877 1022 et
2907 964 3233 1037 perplexus,
3269 980 3336 1020 eo
3367 965 3688 1038 descendit,

2043 1059 2109 1111 ut
2147 1072 2210 1111 se
2250 1057 2522 1112 fateretur
2575 1059 2938 1126 superatum,
2979 1071 3184 1125 nempe
3221 1061 3283 1109 ut
3323 1070 3448 1110 eum
3501 1061 3689 1112 morte

2043 1144 2318 1216 deinceps
2368 1146 2692 1201 damnaret.
2718 1147 2788 1199 Et
2831 1145 3002 1216 jubet
3043 1149 3107 1199 ut
3153 1143 3396 1201 funibus
3439 1144 3692 1218 alligatis

2042 1233 2225 1290 beatis
2274 1234 2433 1290 illius
2482 1235 2752 1306 pedibus,
2784 1235 2841 1290 in
2877 1233 2998 1290 solo
3048 1235 3319 1292 trahatur
3361 1253 3464 1308 per
3506 1240 3689 1292 totam

2042 1323 2196 1380 viam
2232 1322 2567 1396 publicam:
2601 1322 2812 1378 deinde
2866 1328 2927 1378 ut
2978 1339 3112 1378 cum
3155 1325 3443 1380 deductus
3483 1325 3694 1382 fuisset

2045 1417 2114 1471 ad
2160 1415 2356 1471 locum
2406 1413 2830 1482 maleﬁcorum,
2873 1413 2953 1468 ibi
2996 1415 3314 1485 jaceretur,
3361 1417 3456 1486 qui
3509 1417 3691 1487 Eden,

2046 1506 2144 1578 qui
2195 1505 2465 1578 supernis
2514 1503 2926 1575 tabernaculis,
2969 1505 3064 1576 qui
3111 1509 3237 1562 erat
3279 1507 3494 1579 dignus
3546 1507 3692 1579 ipsis

2048 1595 2229 1654 coelis.

358 1785 460 1842 IE'.
503 1781 654 1839 Ἐπεὶ
727 1778 784 1836 δὲ
840 1779 930 1834 καὶ
987 1782 1177 1834 τοῦτον
1237 1775 1426 1853 ἔτρεχε
1479 1782 1581 1845 τῆς
1651 1772 1936 1844 ἀθλήσεως

2121 1781 2245 1836 XV.
2280 1780 2422 1836 Cum
2468 1783 2662 1836 autem
2710 1784 2965 1836 curreret
3011 1782 3231 1849 martyr
3276 1779 3430 1835 hunc
3460 1794 3696 1835 cursum

286 1874 374 1930 τὸν
455 1870 658 1947 δρόμον
691 1872 719 1925 ὁ
757 1868 980 1944 μάρτυς,
1021 1867 1114 1923 καὶ
1150 1869 1286 1923 κατὰ
1320 1874 1423 1944 γῆς
1465 1863 1554 1920 διὰ
1594 1871 1696 1934 τῆς
1726 1861 1942 1925 πόλεως

295 1961 462 2037 μέσης
535 1959 660 2035 περὶ
728 1957 1048 2029 πληθουσαν
1106 1957 1308 2034 ἀγορὲιν
1393 1955 1692 2030 συρόμενος
1759 1954 1945 2028 ἤγετο,

293 2052 490 2129 ἷχθόας
534 2071 617 2112 τις
666 2048 784 2124 ἄρτι
826 2054 925 2118 τῆς
982 2047 1256 2116 θαλάσσης
1316 2047 1625 2120 ζωγρήσας,
1676 2043 1764 2098 καὶ
1820 2041 1946 2104 τοὺς

301 2144 392 2214 μὲν
445 2139 642 2201 ὠνίους
689 2142 758 2212 τῇ
799 2137 968 2214 ἀγορᾷ
1008 2138 1262 2211 προσθεὶς
1297 2138 1360 2206 ’³,
1392 2134 1552 2196 αὐτὸς
1594 2131 1650 2188 δὲ
1709 2132 1795 2186 ἐπὶ
1854 2151 1948 2186 κα-

337 2228 385 2250 "
653 2229 781 2263 -ι
947 2227 958 2245 '
1179 2223 1363 2244 ’θ’
1486 2219 1944 2260 ,ιε’λπ..“

298 2232 486 2305 θεοραν
538 2227 719 2302 λιμων
788 2230 1079 2296 ‘anchq,
1110 2246 1238 2287 τους
1280 2244 1504 2297 ατιμου..
1652 2239 1798 2289 ιοωι,
1858 2240 1948 2274 και

303 2318 658 2394 διερωτήσας,
706 2319 795 2371 καὶ
861 2316 985 2386 ἣτις
1044 2318 1078 2385 ἡ
1137 2315 1283 2369 αἰτία
1345 2313 1531 2388 μαθὼν
1596 2310 1826 2381 ἐξήλατό
1892 2329 1949 2364 τε

301 2409 454 2472 εὐθὺς
513 2412 693 2483 ὥσπερ
737 2406 838 2463 ὑπό
903 2427 1050 2468 τινος
1107 2405 1344 2475 κινηθείς
1381 2402 1661 2476 δαίμονος,
1693 2403 1780 2455 καί
1855 2420 1948 2454 κο-

300 2497 429 2554 πίδα
489 2497 832 2572 μακελλικὴν
893 2497 1116 2573 ἐγγύθεν
1176 2496 1443 2570 ἀρπάσας,
1504 2493 1729 2566 θατὲρσυ
1782 2489 1951 2548 ποδὸς

301 2593 396 2644 τοῦ
454 2589 606 2664 ἱεροῦ
663 2589 917 2660 σώματος
989 2585 1152 2658 μέσου
1228 2583 1586 2659 κατενεγκὼν,
1657 2581 1835 2650 ἵστησί
1899 2603 1958 2636 τε

303 2679 395 2733 τὸν
460 2685 560 2748 τῆς
614 2675 897 2747 ἀθλήσεως
945 2680 1023 2747 τῷ
1092 2673 1322 2748 μάρτυρι
1383 2671 1611 2747 δρόμον,
1641 2671 1731 2725 καὶ
1789 2669 1956 2745 πέρας

305 2767 451 2840 αὐτῷ
506 2771 612 2822 τῶν
681 2771 902 2842 μακρῶς
960 2763 1176 2820 ἐκείνων
1235 2760 1322 2817 διὰ
1388 2762 1617 2836 Χριστὸν
1684 2759 1957 2829 ἐπιτίθησι

305 2856 726 2932 παλαισμάτων.
763 2851 1136 2930 Συγκαταλύει
1173 2854 1275 2929 γὰρ
1319 2851 1475 2913 εὐθὺς
1532 2855 1599 2924 τῇ
1631 2854 1728 2905 τοῦ
1787 2847 1956 2912 ποδὸς

305 2945 512 3021 ἐκκοπῇ
552 2947 644 3002 καὶ
683 2947 776 3002 τὸν
814 2945 928 3021 βίον
972 2945 1000 2998 ὁ
1046 2944 1444 3019 γενναιότατος,
1500 2939 1710 3012 μᾶλλον
1767 2937 1825 2993 δὲ
1883 2941 1958 3001 εἷς

309 3035 537 3112 οὐρανὸν
566 3036 775 3110 τρέχει,
805 3034 895 3089 καί
955 3034 1090 3106 πρὸς
1151 3031 1308 3086 οὖτὸν
1349 3027 1515 3084 ἄνεισι
1573 3030 1662 3084 τὸν
1737 3027 1959 3102 θέμενον

309 3123 542 3196 ἄμωμον
596 3124 696 3191 τὴν
763 3121 886 3177 ὁδὸν
963 3119 1150 3190 αὐτοῦ,
1201 3116 1658 3192 καταρτισάμενόν
1713 3137 1770 3172 τε
1823 3115 1951 3177 τοὺς

303 3209 473 3274 πόδας
504 3212 637 3266 ὡσσὶ
678 3211 903 3289 ἐλάφου,
933 3211 1022 3265 καὶ
1064 3209 1150 3265 ἐπὶ
1180 3208 1246 3264 τὰ
1280 3207 1465 3281 ὑψηλά
1523 3208 1814 3276 στήσαντα.

375 3303 466 3366 1ς’.
501 3302 672 3361 Οὗτος
703 3301 730 3355 ὃ
771 3298 976 3374 δρόμος
1014 3304 1110 3355 τοῦ
1143 3297 1404 3373 ἀριστέως
1447 3315 1459 3330 ·
1506 3300 1663 3351 τοῦτε
1717 3301 1822 3350 τῶν
1860 3293 1949 3350 ἐπὶ

301 3397 404 3465 γῆς
444 3389 670 3467 ἀγώνων
699 3396 760 3443 το
793 3386 1008 3444 σταδιον
1045 3407 1058 3420 ’
1087 3389 1312 3458 τοιαύτη
1364 3387 1464 3456 τῆς
1520 3383 1724 3440 ἐκείνου
1765 3389 1951 3459 ψυχῆς

303 3483 337 3549 ἡ
385 3477 606 3554 ἀνδρεία
653 3479 697 3517 ¹⁶
729 3495 743 3508 ’
811 3483 1039 3533 τοιαῦτα
1086 3481 1151 3531 τὰ
1209 3478 1522 3552 σκάμματα.
1564 3476 1670 3532 Τὸν
1721 3474 1812 3548 μὲν
1870 3497 1956 3530 τοι

310 3569 385 3639 μή
418 3566 740 3638 κενούμενον
770 3564 1028 3632 πλοῦτον,
1060 3565 1119 3619 τὸ
1152 3569 1310 3638 σῶμα
1341 3585 1487 3642 φημι
1517 3567 1613 3618 τοῦ
1659 3564 1955 3638 μάρτυρος,

307 3656 360 3708 οἱ
400 3653 487 3708 διὰ
549 3655 718 3726 μέσης
761 3653 892 3709 αὕτὸ
949 3661 1050 3724 τῆς
1096 3654 1291 3728 ἀγορᾶς
1340 3653 1615 3722 ἕλκοντες,
1658 3653 1810 3708 οὗτοι
1867 3653 1958 3708 καὶ

305 3744 493 3819 νεκρὸν
552 3743 661 3812 ἤδη
714 3745 960 3821 γεγονὸς,
1017 3743 1162 3818 παρά
1219 3747 1297 3814 τῷ
1361 3747 1467 3797 τῶν
1522 3743 1567 3778 1⁷
1641 3745 1958 3818 κακούργων

304 3833 463 3906 τόπῳ
507 3835 546 3870 ¹⁹
597 3833 850 3911 φέροντες
904 3829 1150 3911 ἔρριψαν,
1181 3833 1270 3887 καὶ
1338 3829 1598 3904 διέμεινεν
1642 3833 1815 3894 οὕτως
1873 3832 1961 3888 ἐπὶ

304 3923 454 3980 πολὺ
506 3924 752 3996 κείμενον
809 3926 870 3980 τὸ
921 3925 1104 3997 τίμιον
1152 3923 1202 3977 ἐν
1262 3921 1442 3995 ἀτίμῳ
1475 3940 1487 3952 ·
1519 3922 1581 3976 τὸ
1619 3923 1798 3992 πάσης
1853 3945 1962 3995 φυ-

310 4014 490 4084 λακῆς
524 4013 671 4084 ἄξιον
715 4014 928 4086 θηρίοις
971 4013 1045 4073 εἷς
1091 4013 1292 4086 βρῶσιν
1350 4010 1439 4065 καὶ
1496 4016 1765 4073 πετεινοῖς
1820 4011 1962 4066 ἀνει-

312 4103 495 4176 μένον,
529 4103 604 4164 ὡς
672 4101 754 4158 ἔπ’
819 4102 962 4174 αὐτῷ
1015 4099 1382 4176 πληρωθῆναι
1414 4101 1458 4136 ³9
1515 4097 1683 4154 πάλιν
1753 4100 1813 4155 τὸ
1870 4103 1966 4154 τοῦ

310 4189 503 4262 Δαῧὶδ,
536 4195 754 4248 Ἕθεντο
792 4191 857 4246 τὰ
899 4197 1196 4264 θνησιμαῖα
1252 4195 1360 4245 τῶν
1427 4187 1642 4244 δούλων
1693 4211 1786 4244 σου
1820 4189 1967 4265 βρῴ·

317 4303 462 4355 ματα
504 4288 621 4343 τοῖς
679 4287 948 4344 πετεινοῖς
1003 4285 1103 4335 τοῦ
1162 4280 1412 4354 οὐρανοῦ,
1468 4280 1562 4343 τὰς
1604 4281 1802 4355 σάρκας
1855 4283 1965 4334 τῶν

314 4371 481 4426 ὁσίων
526 4391 622 4424 σου
675 4375 791 4432 τοῖς
850 4369 1064 4445 θηρίοις
1101 4374 1200 4438 τῆς
1253 4376 1354 4445 γῆς
1385 4385 1400 4400 ο
1463 4367 1676 4444 ἐξέχεαν
1717 4369 1779 4424 τό
1829 4370 1970 4441 αἷμα

312 4461 492 4515 αὐτῶν
544 4459 670 4514 ὡσεὶ
735 4457 902 4533 ὕδωρ.
946 4460 1048 4515 Καὶ
1113 4464 1271 4512 τοῦτο
1327 4458 1431 4533 γὰρ
1490 4459 1712 4521 ἐκείνοις
1740 4457 1970 4514 ἀκόλου-

315 4560 452 4612 θον’
513 4548 600 4602 καὶ
673 4547 772 4602 οὐκ
818 4548 886 4616 ἦν
945 4547 972 4600 6
1030 4545 1289 4600 θάπτων·

319 4639 577 4712 βοήθειαν
636 4635 720 4690 ἐπὶ
781 4641 850 4709 τῇ
906 4641 1028 4704 τῆς,
1066 4635 1262 4707 σαρκὸς
1291 4633 1724 4707 ἀρθενεία,ὥστε
1778 4634 1963 4697 καλῶς

316 4727 579 4795 ἀθλῆσαι,
618 4726 708 4780 καὶ
737 4729 844 4780 τῶν
879 4725 1153 4803 στεφανωυ
1192 4729 1290 4792 τῆς
1339 4720 1500 4793 δόξης
1564 4726 1638 4797 μή
1707 4724 1969 4790 ἐκπεσεῖν,

318 4816 479 4877 οὗτος
511 4813 576 4886 δὴ
611 4815 700 4869 καί
730 4819 849 4876 ταῖς
879 4811 1156 4890 φιλοθὲοις
1214 4813 1456 4887 παρέσχε
1503 4815 1729 4886 ψυχαῖς,
1771 4815 1832 4869 τὸ
1890 4818 1965 4888 μή

316 4906 642 4981 στερηθῆναι
694 4906 968 4977 θησαυροῦ
1019 4903 1274 4955 τοιούτου
1311 4906 1324 4932 ‘
1366 4904 1464 4956 τοῦ
1535 4899 1707 4957 καλοῦ
1771 4901 1970 4958 ἔκείνου

317 4996 462 5070 φημὶ
498 4995 584 5049 καὶ
612 4996 762 5069 ἱεροῦ
795 4992 1046 5065 σώματος
1077 4991 1144 5047 ²⁰.
1179 4985 1387 5047 Οὔκουν
1435 4990 1638 5070 ἀφῆκεν
1697 4993 1773 5055 εἰς
1810 4993 1970 5055 τέλος

317 5082 520 5152 λαθεῖν,
565 5082 696 5138 ἀλλ’
752 5082 970 5159 ἀσαφῶς
1027 5083 1071 5118 ³⁸
1119 5085 1350 5156 φανεροί
1408 5077 1464 5136 δὲ
1513 5081 1706 5145 οὕτως.
1753 5081 1974 5139 Δώδεκά

312 5193 452 5236 τινες
519 5170 722 5247 ἄνδρες,
755 5173 1012 5246 πονηρῶν
1051 5168 1222 5227 πάλαι
1284 5167 1558 5244 δαιμόνων
1619 5171 1802 5236 αὐτοῖς
1853 5171 1970 5228 ἐπι-

2052 1868 2484 1937 decertationis,
2516 1874 2572 1924 et
2602 1869 2660 1924 in
2693 1873 2847 1924 terra
2895 1884 2995 1938 per
3045 1867 3279 1939 plenum
3315 1868 3475 1924 urbis
3504 1868 3696 1926 forum

2054 1958 2402 2026 traheretur,
2434 1958 2516 2013 vir
2547 1957 2808 2028 quidam,
2841 1957 2942 2028 qui
2977 1973 3006 2011 e
3038 1956 3182 2011 mari
3221 1957 3409 2012 fuerat
3439 1957 3701 2029 piscatus

2057 2047 2389 2122 pisciculos,
2420 2052 2477 2103 et
2506 2064 2602 2104 eos
2647 2047 2705 2102 in
2755 2047 2878 2102 foro
2927 2046 3289 2119 proponebat
3327 2045 3579 2115 venales,
3606 2063 3702 2104 se-

2059 2139 2233 2196 debat
2289 2142 2483 2194 autem
2540 2153 2716 2209 super
2761 2136 3098 2194 cathedram
3159 2135 3522 2208 pestilentia,
3565 2154 3699 2194 cum

2061 2228 2304 2284 vidisset
2333 2243 2462 2284 eum
2497 2231 2614 2283 tam
2647 2225 2898 2299 turpiter
2930 2227 3103 2291 trahi,
3137 2231 3195 2282 et
3235 2242 3504 2298 quaenam
3549 2233 3704 2286 esset

2063 2336 2240 2375 causa
2288 2317 2628 2389 accepisset,
2658 2317 2873 2373 exsiliit
2911 2318 3132 2385 statim,
3173 2321 3450 2388 tanquam
3484 2337 3519 2375 a
3549 2320 3702 2376 malo

2063 2407 2259 2480 aliquo
2305 2412 2498 2463 motus
2548 2408 2831 2472 daemone,
2864 2410 2921 2462 et
2953 2423 3086 2462 cum
3114 2422 3182 2463 ex
3213 2407 3540 2480 propinquo
3583 2410 3706 2466 cul-

2062 2502 2221 2552 trum
2270 2495 2498 2552 macelli
2549 2495 2916 2567 arripuisset,
2950 2511 3014 2551 eo
3047 2500 3103 2550 et
3132 2497 3338 2566 pedem
3386 2499 3534 2554 sacri
3577 2515 3707 2554 cor-

2064 2586 2222 2658 poris
2251 2589 2536 2654 amputat,
2570 2589 2626 2640 et
2655 2584 2815 2640 sistit
2865 2585 3127 2656 martyrii
3173 2602 3408 2641 cursum
3450 2589 3704 2642 decerta-

2064 2674 2264 2741 tionie,
2288 2673 2456 2744 eique
2489 2673 2664 2728 finem
2696 2672 2940 2742 imponit
2971 2673 3323 2729 certaminis.
3351 2674 3492 2730 Nam
3524 2676 3702 2732 simul

2064 2779 2198 2818 cum
2233 2762 2398 2834 pedis
2438 2761 2838 2833 amputatione
2870 2777 2898 2817 e
2926 2760 3036 2816 vita
3069 2778 3299 2832 quoque
3345 2765 3570 2820 excedit
3617 2767 3702 2821 vir

2064 2867 2400 2924 generosus,
2431 2851 2520 2907 vel
2571 2851 2762 2921 potius
2801 2851 2870 2905 ad
2906 2849 3114 2906 cmlum
3147 2853 3348 2920 currit,
3377 2858 3434 2909 et
3463 2855 3533 2909 ad
3565 2870 3699 2911 eum

2063 2942 2348 3010 ascendit,
2388 2940 2489 3013 qui
2523 2940 2719 3013 posuit
2744 2940 2873 3010 ejus
2903 2940 3050 2995 viam
3086 2941 3231 2996 nulli
3263 2943 3702 3014 reprehensioni

2063 3032 2322 3099 afﬁnem,
2352 3038 2405 3086 et
2437 3030 2678 3102 perfecit
2726 3029 2899 3100 pedes
2948 3029 3073 3100 eius
3121 3035 3397 3103 tanquam
3447 3034 3594 3090 cervi
3652 3041 3704 3092 et

2067 3120 2362 3177 collocavit
2393 3136 2568 3192 super
2606 3118 2851 3176 excelsa.

2133 3304 2282 3360 XVI.
2314 3303 2411 3357 llic
2441 3304 2527 3358 est
2556 3318 2764 3357 cursus
2811 3303 2916 3358 viri
2964 3303 3288 3372 fortissimi,
3321 3307 3426 3362 hoc
3459 3312 3548 3364 est
3587 3311 3704 3366 sta-

2064 3393 2227 3448 dium
2272 3407 2500 3460 eorum,
2527 3406 2655 3462 quas
2702 3391 2760 3445 in
2810 3394 2961 3446 terra
3001 3392 3254 3461 fuerunt,
3287 3397 3699 3452 certaminum.

2065 3481 2224 3538 Talis
2257 3480 2364 3536 fuit
2392 3479 2579 3534 virtus
2610 3478 2769 3534 illius
2798 3478 3028 3548 animas,
3051 3479 3180 3537 talis
3211 3483 3547 3540 decertatio.
3572 3486 3708 3542 Pre-

2065 3571 2274 3628 tiosum
2317 3574 2510 3627 autem
2553 3569 2920 3635 thesaurum,
2944 3587 3174 3642 corpus,
3201 3575 3460 3642 inquam,
3488 3579 3706 3646 marty-

2069 3661 2166 3729 ris,
2192 3660 2292 3732 qui
2314 3659 2505 3730 ipsum
2529 3658 2840 3715 trahebant
2873 3676 2972 3730 per
3003 3661 3256 3716 medium
3291 3663 3502 3731 forum,
3527 3663 3564 3717 ii
3584 3665 3704 3734 jam

2071 3758 2366 3807 mortuum
2400 3749 2648 3804 ferentes
2680 3748 3094 3818 abieceruntin
3120 3749 3243 3805 loco
3272 3750 3707 3807 maleficorum:

2072 3848 2124 3894 et
2153 3840 2234 3895 sic
2266 3838 2365 3893 diu
2413 3837 2627 3893 mansit
2668 3838 2870 3907 jacens
2916 3837 2974 3893 in
3022 3838 3149 3893 loco
3199 3838 3295 3894 vili
3326 3844 3382 3895 et
3412 3841 3713 3912 probroso,

2073 3929 2221 3998 quod
2252 3931 2376 3983 erat
2415 3926 2864 3998 diligentissime
2894 3929 3370 3996 custodiendum,
3403 3930 3713 3987 dimissum

2075 4022 2140 4073 ut
2169 4017 2571 4074 comederetur
2601 4033 2634 4072 a
2665 4017 2802 4072 feris
2833 4021 2889 4072 et
2926 4018 3297 4074 volucribus:
3327 4024 3389 4075 ut
3419 4020 3476 4075 in
3510 4037 3575 4076 eo
3607 4020 3718 4076 im-

2075 4105 2330 4178 pleretur
2360 4119 2581 4169 rursus,
2605 4105 2758 4175 quod
2791 4104 2933 4159 dicit
2962 4106 3137 4160 David
3165 4123 3177 4160 :
3205 4109 3533 4163 Posuerunt
3563 4125 3719 4164 mor-

2077 4195 2256 4250 ticina
2286 4209 2584 4249 servorum
2619 4198 2848 4249 tuorum
2882 4210 3044 4250 escas
3076 4195 3408 4251 volatilibus
3430 4197 3724 4266 caali,car-

2079 4299 2182 4338 nes
2226 4285 2567 4338 sanctorum
2619 4284 2855 4337 tuorum
2909 4282 3111 4338 bestiis
3159 4289 3347 4340 terrae.
3381 4286 3727 4342 Effuderunt

2079 4371 2426 4443 sanguinem
2451 4371 2707 4442 ipsorum
2726 4375 3008 4444 tanquam
3035 4389 3268 4444 aquam.
3293 4374 3434 4430 Nam
3459 4375 3568 4432 hoc
3591 4393 3730 4447 quo-

2079 4478 2185 4532 que
2216 4461 2444 4517 estillis
2475 4477 2840 4532 consequens
2869 4479 2881 4516 :
2909 4467 2981 4518 Et
3003 4479 3117 4517 non
3143 4469 3265 4518 erat
3291 4465 3391 4535 qui
3414 4465 3724 4536 sepeliret:

1341 4544 1446 4607 ἓως
1506 4548 1533 4600 ὁ
1593 4544 1720 4602 δοὺς
1786 4545 1950 4618 ἐκείνη

2082 4551 2266 4607 donec
2297 4550 2370 4619 is,
2395 4549 2495 4620 qui
2522 4550 2677 4604 dedit
2701 4549 2784 4604 illi
2808 4550 3085 4606 auxilium
3111 4551 3169 4606 in
3204 4553 3398 4608 carnis
3431 4554 3732 4609 imbecilli-

2073 4643 2216 4707 tate,
2248 4644 2313 4695 ut
2343 4639 2583 4712 pulchre
2629 4641 2964 4709 decertaret,
2999 4647 3053 4696 et
3085 4657 3197 4696 non
3244 4642 3537 4697 excideret
3569 4661 3600 4698 a
3631 4660 3728 4698 co-

2074 4729 2235 4784 ronis
2267 4729 2480 4799 gloriae,
2505 4730 2564 4785 in
2593 4729 2701 4800 piis
2733 4745 2967 4800 quoque
2998 4730 3245 4800 praebuit
3271 4731 3510 4802 animis,
3534 4747 3606 4788 ne
3630 4732 3730 4787 tali

2075 4817 2350 4874 thesauro
2393 4819 2780 4889 privarentur,
2814 4817 3077 4890 pulchro,
3115 4819 3381 4891 inquam,
3415 4819 3512 4876 illo
3545 4828 3600 4877 et
3629 4839 3726 4876 sa-

2076 4912 2380 4964 crosancto
2410 4923 2668 4979 corpore.
2700 4910 2822 4963 Non
2869 4908 3003 4963 sivit
3039 4925 3174 4980 ergo
3206 4909 3258 4964 id
3294 4908 3474 4965 latere
3521 4927 3723 4983 perpeo

2077 4999 2199 5065 tuo,
2223 4997 2321 5051 sed
2347 4995 2403 5051 id
2427 5002 2621 5066 aperte
2649 4995 2838 5052 effecit
2860 4997 3258 5053 manifestum.
3281 5000 3340 5054 Id
3367 5008 3556 5055 autem
3586 5000 3726 5056 facit

2076 5085 2187 5141 hoc
2221 5086 2427 5142 modo:
2455 5086 2762 5141 duodecim
2781 5086 2913 5154 viri,
2937 5102 3071 5142 cum
3097 5088 3234 5142 mali
3258 5087 3395 5143 olim
3427 5090 3723 5146 daemones

2076 5174 2135 5230 in
2167 5190 2265 5231 eos
2296 5173 2644 5232 insiliissent
2670 5175 2820 5230 alius
2866 5174 3100 5231 aliunde
3147 5177 3464 5248 venientes,
3500 5181 3565 5235 ut
3593 5180 3722 5250 ejus

389 5397 737 5477 θνφερρντωνΔ
781 5397 843 5477 Β,
920 5394 944 5428 ⁹
967 5391 1334 5477 ἑκδῄσαντος.
1389 5395 1482 5477 Sic
1629 5394 1858 5477 duabus
1891 5393 1945 5477 _li

2065 5394 2365 5477 ἰδ’-θνρείῇ
2402 5395 2567 5477 Prius
2595 5399 2739 5477 .erat
2778 5397 2923 5477 forte
2961 5391 3396 5477 triennium;
3479 5400 3522 5435 ίο
3562 5400 3722 5458 Prius

318 5464 495 5539 αὐτῶν
526 5464 616 5521 Ἰ).
699 5470 739 5504 ¹¹
789 5467 879 5520 τὸν
930 5469 1042 5539 τῆς*
1077 5464 1226 5539 ἐδὲμ.
1275 5483 1397 5539 φιτ]ἱ
1440 5468 1498 5539 in
1550 5468 1613 5521 D.
1692 5465 1738 5500 ¹²
1781 5464 1958 5539 αὐτῶν

320 5537 504 5609 λιμῶν
526 5539 588 5595 C.
622 5539 686 5593 D.
721 5540 781 5593 E.
816 5540 874 5594 F.
953 5539 998 5573 ‘5
1027 5535 1333 5609 ἑλκυσμοὺς
1379 5535 1615 5597 ἐκείνους
1666 5539 1727 5593 Β.
1771 5539 1830 5596 C.
1884 5538 1947 5593 D.
2001 5538 2063 5593 E.
2117 5539 2170 5592 Ρ.

320 5630 421 5664 πον
461 5615 520 5664 Ε.
601 5611 642 5644 ‘9
671 5609 759 5662 καὶ
805 5611 862 5666 F.
940 5611 985 5646 ²⁰
1022 5611 1111 5664 καὶ
1141 5612 1290 5666 ἱεροῦ
1331 5629 1475 5666 φημι
1516 5608 1768 5666 σώματος
1801 5612 1859 5666 C.
1936 5609 1980 5644 ²¹
2014 5606 2159 5663 ἀλλά

319 5630 421 5664 πον
461 5615 520 5664 Ε.
601 5612 642 5644 ¹⁹
671 5612 759 5662 καὶ
805 5612 862 5664 F.

2113 5467 2173 5541 (Ξ.
2216 5471 2289 5541 Dr
2417 5467 2509 5541 _F_.
2589 5469 2635 5504 ‘3
2683 5468 2902 5541 προθεὶς
2937 5470 3011 5541 ῨΟ.
3148 5470 3207 5524 F.

3289 5472 3332 5506 ¹⁴
3362 5469 3574 5544 λοιμῶν
3617 5489 3720 5544 pro

2251 5539 2294 5574 ¹⁶
2351 5534 2536 5607 ἀνδρία
2579 5544 2637 5597 Β,
2676 5534 2734 5593 υξ
2771 5543 2828 5595 Ε·

2909 5540 2951 5577 17
2982 5539 3126 5613 παρὰ
3153 5541 3242 5595 τὸν
3279 5546 3383 5596 τῶν
3420 5539 3480 5599 1³⁷.
3561 5539 3721 5597 ¹⁸’τό-

940 5611 985 5646 ²⁰
1022 5611 1111 5664 καὶ
1141 5606 1290 5684 ἱεροῦ
1331 5629 1475 5683 φημι
1516 5608 1768 5681 σώματος
1801 5612 1859 5666 C.
1936 5609 1980 5644 ²¹
2014 5606 2159 5663 ἀλλά
2200 5611 2382 5684 σαφῶς
2415 5606 2476 5667 Β,
2503 5611 2561 5666 C.
2596 5615 2660 5670 Ι),
2698 5613 2755 5668 F.
