4042 6222
469 325 620 388 112Ἰ

1812 322 2095 386 MENSIS
2141 320 2521 384 OCTOBER.

3697 329 3815 393 U28

465 489 568 561 qui
598 489 961 547 inhabitabat
988 487 1226 563 spiritus
1269 502 1751 560 unumquemque
1780 485 1986 559 agebat
2015 485 2110 541 in-

2229 481 2615 554 πηδησάντων,
2678 483 2824 546 ὅλως
2884 481 3195 561 ἀλλαχόθεν
3275 485 3608 562 ὁρμώμενοι,
3653 489 3716 550 ὡς
3780 489 3820 544 ἓν

467 579 721 648 clinatio,
751 579 926 634 simul
975 578 1277 650 semelque
1323 577 1476 633 inter
1505 593 1563 633 se
1594 580 2026 633 convenerunt:
2059 578 2116 630 et

465 687 600 727 cum
635 675 866 742 propter
898 685 1272 726 communem
1305 667 1688 723 calamitatem
1721 666 2116 723 communiter

466 776 699 831 quoque
729 759 940 815 versari
965 764 1021 815 et
1041 773 1229 815 errare
1260 757 1624 824 statuissent,
1651 771 1924 827 magnum
1949 759 2112 810 terrae

466 851 721 922 spatium
753 851 1238 916 transmittentes,
1264 851 1516 918 repente,
1538 851 1818 918 tanquam
1849 844 2018 900 tracti
2042 845 2114 900 ab

464 956 584 995 una
614 941 829 1005 anima,
857 940 1097 996 veniunt
1118 939 1174 993 in
1197 937 1390 992 locum
1417 935 1836 1004 maleficorum,
1863 934 1959 989 ubi
1985 951 2114 1006 pro-

462 1029 684 1100 jectum
719 1028 902 1082 fuerat
935 1044 1148 1099 corpus
1181 1026 1452 1097 martyris
1476 1029 1533 1080 et
1555 1028 1824 1080 sanctum
1856 1023 2114 1079 confusis

468 1125 521 1172 et
567 1133 681 1174 non
733 1116 1200 1188 significantibus
1251 1114 1602 1170 invocabant
1648 1113 1911 1170 vocibus.
1965 1112 2112 1177 Quin

467 1206 644 1262 etiam
679 1211 889 1261 terram
927 1206 1207 1261 fodientes
1235 1204 1510 1259 manibus
1533 1207 1589 1258 et
1609 1218 1739 1258 eum
1762 1201 1821 1257 in
1848 1210 2110 1274 apertum

468 1295 724 1368 proferre
757 1295 1191 1361 contendentes,
1223 1295 1279 1349 in
1315 1309 1627 1364 corporum
1659 1291 1986 1363 congeriem
2019 1291 2108 1345 in-

467 1386 714 1443 cidunt:
759 1385 861 1440 sed
908 1384 1039 1440 aliis
1090 1383 1425 1456 praeteritis,
1467 1399 1498 1438 ο
1549 1381 1935 1437 miraculum!
1980 1397 2112 1438 eum

466 1474 661 1530 statim
695 1477 1077 1547 agnoverunt,
1098 1473 1198 1544 qui
1229 1473 1386 1543 ipsos
1408 1473 1645 1527 vocabat
1666 1475 1722 1527 et
1754 1470 2116 1527 sustulerunt

467 1580 702 1635 corpus,
735 1579 881 1634 quos
910 1563 983 1617 ad
1017 1562 1230 1633 ipsum,
1264 1561 1565 1616 advolante
1597 1560 1801 1632 gralia,
1835 1560 1979 1615 forte
2009 1577 2112 1615 au-

466 1657 581 1709 tem
608 1653 782 1708 etiam
819 1652 966 1707 mira
999 1651 1335 1723 fragrantia,
1365 1650 1612 1705 obscure
1647 1650 1714 1706 ad
1749 1665 1811 1705 se
1841 1649 1994 1704 viros
2020 1654 2109 1704 at-

461 1746 731 1798 traxerat.
751 1742 856 1796 Sed
883 1741 938 1794 id
965 1740 1202 1812 quidem
1227 1742 1499 1794 ornatum
1525 1739 1961 1794 convenientem
1995 1741 2109 1794 sta-

2221 569 2450 627 ἕκαστον
2491 574 2524 642 ἡ
2559 573 2702 647 ῥοπή
2734 576 2831 628 τοῦ
2881 572 3221 637 ἐνοικοῦντος
3251 575 3430 632 αὐτῶν
3480 579 3528 612 ³³
3571 578 3822 651 πνεύματος

2224 659 2456 731 ἤλαυνεν
2494 682 2507 696 ·
2573 663 2649 723 εἷς
2710 661 2875 718 ταύτὸ
2948 664 3186 734 καθάπαξ
3245 664 3521 736 αλλήλοις
3578 667 3820 740 συνῆλθον,

2223 752 2312 806 καὶ
2353 755 2421 826 τῇ
2481 753 2733 826 κοινωνίᾳ
2788 760 2890 823 τῆς
2944 760 3249 833 συμφορᾶς,
3280 757 3564 811 κοινωνίαν
3615 760 3695 812 λαὶ
3752 767 3821 828 τῆς

2224 837 2509 916 διατριϐῆς
2551 841 2762 914 ἐκείνης
2793 844 2883 898 καὶ
2940 851 3040 913 τῆς
3091 845 3301 915 πλάνης
3353 845 3623 919 ἑλόμενοι,
3651 847 3824 919 πολλὴν

2223 925 2542 1003 ἀμείϐοντες
2597 938 2720 1006 γῆν,
2755 932 2946 1008 ἀθρόον
3009 932 3189 1008 ὥσπερ
3249 935 3356 989 ἀπὸ
3423 939 3550 998 μιᾶς
3582 934 3821 1009 ἑλκόμενοι

2221 1026 2321 1089 τῆς
2380 1022 2587 1094 ψυχῆς,
2634 1025 2711 1092 τῷ
2756 1025 2864 1076 τῶν
2905 1022 3221 1097 κακούργων
3273 1022 3562 1101 ἐφίσταντο
3602 1025 3645 1060 ³³
3685 1027 3822 1098 τόπῳ,

2223 1107 2349 1164 ὅποι
2406 1111 2453 1146 ²⁸
2498 1106 2601 1184 ἄρα
2655 1111 2744 1164 καὶ
2805 1111 2832 1164 ὁ
2889 1114 2986 1166 τοῦ
3044 1114 3318 1187 μάρτυρος
3376 1113 3564 1187 νεκρὸς
3625 1112 3822 1189 adﬁrmo,

2220 1197 2310 1252 καὶ
2349 1199 2439 1253 τὸν
2501 1199 2653 1276 ἅγιον
2715 1199 2952 1273 ἀσήμοις
3012 1197 3330 1256 ἀπεϐοῶντο
3387 1205 3730 1279 φωναῖς.Καὶ
3775 1200 3822 1270 δὴ

2219 1287 2309 1342 καὶ
2364 1293 2482 1350 ταῖς
2538 1287 2694 1363 χερσῖ
2733 1289 2832 1356 τὴν
2863 1291 2908 1325 ³⁵
2963 1291 3065 1364 γῆν
3117 1289 3519 1365 ἀνορύττοντες,
3578 1293 3660 1347 καὶ
3714 1291 3824 1352 ὅλως

2220 1377 2341 1451 περὶ
2409 1379 2509 1446 τήν
2581 1378 2746 1433 αὐτοῦ
2814 1377 3114 1455 φανὲρωσιν
3176 1377 3545 1457 ἐπειγόμενοι,
3608 1382 3825 1453 σωμάτων

2222 1465 2608 1541 ἐντυγχάνουσι
2668 1465 2886 1541 σωρεία,
2932 1467 3023 1522 καὶ
3063 1467 3189 1530 τοὺς
3243 1467 3446 1532 ἄλλους
3489 1468 3826 1544 παραδραμόν-

2222 1574 2331 1622 τες,
2373 1553 2417 1608 ὢ
2464 1560 2564 1609 τοῦ
2606 1555 2898 1628 θαύματος,
2931 1557 3122 1612 αὐτίκα
3170 1558 3262 1612 τὸν
3322 1557 3597 1614 καλοῦντα
3643 1558 3824 1617 τούτους

2221 1643 2546 1720 ἐπέγνωσαν,
2593 1645 2681 1700 καὶ
2739 1646 2801 1700 τὸ
2844 1650 2940 1701 τοῦ
3011 1647 3288 1722 μάρτυρος
3349 1648 3626 1704 ἀνείλοντο
3688 1654 3827 1722 σῶμα,

2219 1739 2286 1808 τῇ
2334 1737 2672 1813 ἓφιπταμὲνῃ
2721 1736 2868 1808 αὖτῷ
2923 1739 3136 1816 χάριτι,
3167 1737 3311 1815 τάχα
3345 1737 3527 1796 δὲκαὶ
3575 1743 3642 1814 τῇ
3683 1739 3828 1810 πολλῇ

463 1831 571 1886 tim
604 1835 693 1886 est
723 1834 1055 1886 assecutum
1083 1845 1094 1882 :
1130 1834 1188 1884 et
1217 1828 1682 1884 desiderantibus
1725 1828 2000 1883 manibus
2049 1827 2108 1882 in

2222 1821 2436 1896 εὐωδίᾳ,
2477 1826 2612 1899 πρὸς
2655 1827 2841 1880 ἑαυτὸν
2884 1827 2932 1862 ³⁸⁵
2967 1825 3094 1888 τοὺς
3137 1825 3334 1902 ἄνδρας
3381 1831 3599 1906 ἀφανῶς
3647 1829 3828 1905 ἐφελκὸ·

462 1937 626 1976 sacro
656 1919 779 1974 loco
811 1919 918 1974 fuit
943 1922 1308 1973 sacrosancte
1339 1917 1692 1987 depositum.
1729 1916 1875 1971 Loco
1917 1921 2110 1972 autem

465 2024 677 2064 nomen
709 2012 798 2064 est
827 2007 1028 2063 Crisis.
1055 2006 1159 2071 Qui
1190 2011 1386 2061 autem
1416 2007 1772 2061 vexabantur
1794 2022 1825 2059 a
1848 2006 2120 2060 daemoni-

462 2097 598 2167 bus,
642 2101 1064 2168 consequenter
1113 2095 1594 2166 adipiscebantur
1641 2095 2018 2159 curationem,
2064 2100 2120 2149 et

475 2188 718 2242 domum
769 2187 1036 2243 redibant
1082 2203 1216 2242 cum
1269 2203 1482 2257 magna
1525 2185 1725 2241 laetitia
1773 2184 2120 2257 accipientes

476 2277 787 2332 sanitatem
817 2280 1098 2347 tanquam
1131 2275 1446 2331 mercedem
1477 2273 1849 2330 inventionis.

543 2452 712 2508 XVII.
748 2453 817 2507 Et
849 2467 1000 2507 nunc
1049 2455 1141 2508 est
1171 2451 1342 2507 nobis
1371 2468 1436 2507 ex
1483 2451 1580 2508 illo
1619 2455 1880 2525 tempore
1922 2468 2120 2524 perpe-

471 2546 614 2598 tuus
645 2541 976 2608 thesaurus,
1001 2546 1057 2596 et
1091 2540 1406 2610 malorum,
1431 2558 1556 2614 quae
1577 2559 1682 2598 nos
1705 2559 1937 2614 semper
1957 2559 2116 2598 com-

473 2630 859 2701 prehendunt,
895 2639 1117 2687 certum
1151 2631 1447 2687 solatium.
1483 2631 1624 2686 Nam
1657 2647 1754 2687 seu
1790 2631 1990 2686 morbo
2022 2647 2119 2702 op-

471 2720 743 2790 primitur
781 2719 1015 2791 aliquis,
1049 2737 1153 2775 seu
1199 2719 1396 2792 aliqua
1441 2721 1700 2776 afﬁcitur
1745 2720 1981 2791 injuria,
2014 2737 2115 2775 seu

469 2809 661 2880 aliquo
707 2807 818 2864 alio
871 2826 1010 2864 casu
1061 2812 1320 2878 vexatur,
1353 2809 1550 2864 omnia
1596 2809 1867 2879 deponet,
1901 2809 1949 2863 si
1983 2807 2118 2864 illuc

471 2915 604 2953 cum
638 2897 751 2952 ﬁde
783 2898 1113 2964 accesserit,
1147 2903 1202 2952 et
1244 2897 1491 2969 gratiam
1543 2901 1930 2968 consequetur
1977 2898 2116 2951 ube-

467 2986 677 3041 riorem
705 3003 717 3052 ;
742 3002 812 3040 ex
841 2986 1200 3055 benignitate
1232 2986 1453 3041 scilicet
1476 2991 1530 3040 et
1551 2984 1862 3040 clementia
1883 2986 2114 3040 Domini

466 3073 650 3129 nostri
681 3074 822 3128 Jesu
854 3073 1072 3129 Christi
1099 3092 1111 3127 :
1139 3091 1311 3146 quem
1337 3075 1496 3130 decet
1527 3074 1719 3129 omnis
1751 3074 1956 3146 gloria,
1981 3091 2113 3129 cum

2225 1934 2377 1986 μενον
2414 1931 2428 1944 ⁸
2462 1913 2607 1969 ἀλλά
2659 1915 2722 1969 τὸ
2785 1915 2880 1988 μὲν
2925 1915 3079 1978 εὐθὺς
3148 1922 3243 1971 τοῦ
3299 1921 3667 1992 προσήκοντος
3726 1917 3827 1970 ἀπέ-

2222 2001 2385 2058 λαυσε
2423 2005 2658 2078 κόσμου,
2709 2007 2796 2059 καὶ
2847 2007 3006 2080 χερσὶ
3054 2007 3347 2068 ποθούσαις
3415 2008 3466 2062 ἐν
3527 2009 3653 2078 ἱερῷ
3711 2008 3828 2076 τόπῳ

2221 2093 2380 2165 ἱερῶς
2419 2093 2727 2158 κατετίθετο
2774 2095 2838 2152 ²“⁵.
2878 2096 3063 2168 Κρίσις
3119 2101 3200 2168 τῷ
3248 2095 3402 2169 τόπῳ
3452 2097 3514 2151 τὸ
3563 2095 3741 2168 ὄνομα.
3780 2096 3827 2151 0".

2223 2179 2587 2253 δαιμονῶντες
2643 2179 2700 2236 δὲ
2737 2183 2836 2251 τήν
2888 2181 3029 2236 ἴασιν
3089 2184 3409 2246 ἀκολούθως
3477 2183 3729 2261 ἐτρύγων,
3761 2184 3826 2237 καὶ

2226 2273 2358 2345 μετὰ
2398 2271 2621 2341 πολλῆς
2678 2269 2869 2326 οἷ’καδε
2940 2279 3042 2342 τῆς
3079 2270 3285 2343 ἡδονῆς
3354 2274 3669 2349 ἐπανῄεσαν,
3700 2272 3828 2328 οἷονεί

2227 2362 2412 2433 μισθὸν
2444 2367 2546 2430 τῆς
2575 2360 2836 2432 εὑρέσεως
2862 2363 2959 2432 τὴν
2989 2361 3270 2438 θεραπείαν
3308 2360 3607 2436 δεξάμενοι.

2295 2451 2388 2505 ΙΖ’.
2450 2447 2554 2504 Καὶ
2611 2452 2700 2503 νῦν
2778 2449 2920 2504 ἐστιν
2979 2453 3115 2523 ἡμίν
3177 2450 3226 2524 ἐξ

2223 2539 2516 2614 θησαυρὸς,
2585 2538 2676 2592 καὶ
2758 2543 2866 2594 τῶν
2961 2539 3043 2594 ἀεὶ
3127 2537 3660 2614 καταλαμϐανόντων
3718 2542 3830 2610 ἡμᾶς

2221 2633 2402 2684 κακῶν
2461 2627 2698 2705 ἀσφαλὲς
2753 2630 3120 2703 παραμύθιον.
3155 2630 3283 2687 Εἴτε
3335 2632 3443 2707 γὰρ
3493 2633 3634 2703 νόσῳ
3693 2628 3832 2696 πιέζε-

2220 2718 2305 2774 ταί
2357 2739 2461 2785 τις,
2495 2715 2599 2772 εἶ’τε
2658 2717 2883 2793 ἐπηρείᾳ
2929 2719 3382 2795 ταλαιπωρεῖται,
3419 2721 3529 2776 εἷ’τε
3577 2721 3674 2775 τινῖ
3724 2716 3830 2788 ἁλλζ,

2224 2805 2406 2883 ἔχεται
2437 2809 2481 2843 ²⁸
2519 2809 2853 2881 πτριστᾶσει,
2895 2807 3067 2863 πάντα
3111 2811 3244 2881 μετὰ
3282 2810 3520 2873 πίστεως
3574 2809 3677 2864 ἐκεῖ
3726 2827 3830 2878 παρα

2221 2896 2398 2961 ελοὼν
2455 2897 2503 2932 ²9
2559 2895 2914 2968 ἀποϐήσεται,
2972 2898 3062 2951 καὶ
3129 2894 3546 2973 διαψιλεστέρας
3611 2905 3701 2967 τῆς
3751 2897 3830 2970 χά-

2223 3006 2372 3059 ριτος
2453 2984 2793 3040 ἀπολαύσει·
2862 2985 3051 3060 χάριτι
3145 2987 3236 3041 καὶ
3319 2986 3700 3064 φιλανθρωπίᾳ
3759 2989 3830 3037 τοῦ

2221 3074 2426 3147 Κυρίου
2483 3074 2644 3145 ἡμῶν
2714 3073 2896 3141 Ἰησοῦ
2962 3078 3227 3148 Χριστοῦ,
3263 3077 3381 3147 μεθ’
3441 3079 3504 3131 οὗ
3562 3081 3638 3148 τῷ
3700 3071 3828 3144 [largi

3320 2450 3532 2507 ἐκείνου
3614 2449 3830 2521 διηνεκὴς

465 3162 631 3217 Patre
661 3166 718 3215 et
748 3167 948 3218 sancto
981 3161 1199 3232 Spiritu
1237 3179 1392 3218 nunc
1419 3168 1475 3218 et
1503 3179 1732 3233 semper
1752 3171 1803 3218 et
1822 3163 1880 3218 in
1906 3162 2112 3219 saecula

2227 3161 2352 3232 δόξα
2401 3161 2515 3234 ἅμα
2568 3165 2649 3233 τῷ
2705 3161 2847 3237 ἁγίῳ
2917 3164 3209 3236 Πνεόματι,
3241 3168 3332 3219 νῦν
3375 3165 3468 3219 καὶ
3527 3165 3626 3233 ἀεὶ,
3663 3164 3737 3218 καὶ
3773 3160 3829 3218 εἷς

467 3250 836 3306 saeculorum.
871 3256 1080 3306 Amen.

539 3437 585 3471 ³³
615 3433 762 3515 at;qu
793 3439 852 3494 C.
885 3438 952 3494 D.
987 3439 1048 3496 E.
1084 3439 1144 3495 Ρ.
1176 3511 1187 3515 _
1222 3439 1270 3474 ³³
1291 3436 1599 3515 ἐφίστανται
1630 3438 1692 3515 Β,
1727 3440 1786 3494 C.
1823 3439 1974 3515 F._F.
2033 3439 2097 3515 ,ξι
2123 3434 2229 3506 ὅπη
2267 3441 2323 3515 If.

2031 3510 2078 3545 ²⁹
2107 3505 2423 3583 προσελθὼν
2457 3509 2517 3563 Β.
2554 3505 2712 3563 C."D.
2748 3505 2806 3563 Ei.
2850 3509 2910 3564 F.

462 3508 506 3543 ³⁷
535 3506 816 3572 κατέθεντο
850 3526 916 3567 ex
950 3511 1304 3568 correctione
1331 3506 1402 3568 Ϊ).
1481 3510 1531 3545 ³⁸
1571 3508 1856 3583 συνέχεται
1891 3512 1951 3566 F.

2223 3252 2349 3314 τοὺς
2383 3250 2582 3313 αῗῶνας
2611 3255 2717 3306 τῶν
2759 3252 2994 3310 αἰώνων.
3026 3253 3230 3326 Ἀμην.

2401 3434 2592 3512 ’δ-τὸν-
2609 3437 2889 3512 χοῦν-91³9
2913 3437 3010 3506 την
3050 3442 3150 3512 γῆν
3183 3438 3242 3493 F.
3321 3438 3364 3474 ²⁶
3413 3438 3572 3494 ἑαυτό
3614 3439 3668 3494 C.
3699 3437 3819 3492 1).Ρ-
