4106 6200
268 287 425 348 1129
1677 300 1854 360 Vl'l‘A

2052 302 2264 364 .UC/E.
3517 315 3673 375 H30

1488 462 3677 503 2h

1458 605 2492 738 ΥΠΟΜΝΗΜΑ

1475 1036 2444 1209 ΛΟΥΚΑΝ

483 1341 731 1437 TON
818 1342 1197 1439 ΑΓΙΟΝ
1283 1342 2054 1440 ΑΙΙΟΣΤΟΛΟΝ
2139 1346 2351 1441 ΚΑΙ
2437 1348 3434 1451 ΕΥΑΓΓΕΛΙΣΤΗΝ.

1325 1728 2632 1869 COMMENTARIUS

1085 1995 1297 2159 IN
1408 1995 2060 2162 DIVUM
2173 1997 2853 2165 LUCAM

1393 2267 1815 2326 APOSTOLUM
1853 2269 1944 2325 ET
1982 2269 2537 2326 EVANGELISTAM

935 2402 1151 2475 (Grace
1180 2404 1237 2458 et
1268 2402 1471 2461 Latine
1502 2404 1573 2461 ad
1605 2402 1818 2461 calcem
1851 2404 2103 2476 Operum
2136 2404 2462 2463 oecumenii.
2492 2405 2673 2475 Paris,
2708 2408 2838 2463 1631
2874 2407 2994 2477 fol.)

336 2702 417 2761 A'.
450 2702 514 2757 Εἰ
573 2703 663 2757 καὶ
722 2699 934 2757 δικαίου
1000 2701 1225 2774 μνήμην
1258 2701 1372 2773 μετ’
1420 2697 1707 2774 ἐγκωμίων
1746 2696 1957 2766 τελεῖ-Α

2100 2702 2142 2757 Ι.
2158 2701 2375 2773 Sijusti
2391 2703 2731 2759 memoriam
2758 2720 2891 2760 cum
2914 2704 3198 2761 encomiis
3218 2704 3511 2762 celebrare
3524 2706 3669 2761 divi-

267 2794 389 2846 σθαι
439 2793 551 2846 θεῖό
585 2813 715 2854 ςτις
774 2791 911 2866 ἀνὴρ
968 2790 1062 2845 καὶ
1112 2790 1276 2864 σοφὸς
1341 2790 1409 2843 τὰ
1466 2792 1581 2843 θεῖα
1610 2790 1888 2861 νομοθετεῖ

2042 2807 2134 2846 ius
2188 2791 2429 2863 quidam
2479 2794 2568 2847 vir
2616 2810 2683 2849 ac
2731 2794 2965 2864 sapiens
3011 2795 3209 2849 divina
3256 2794 3382 2867 lege
3437 2796 3663 2862 statuit,

264 2881 441 2952 πόσην
503 2884 603 2951 ἄρα
686 2885 766 2953 τῷ
823 2878 1118 2951 ἀποστόλῳ
1176 2883 1419 2951 Χριστοῦ
1498 2882 1884 2952 συνεισενεγκεῖ

2044 2886 2300 2951 ιυιιηῐειω
2349 2897 2490 2937 sane
2522 2882 2789 2938 convenit
2819 2883 3076 2955 apostolo
3106 2883 3323 2939 Christi
3358 2900 3461 2939 nos
3492 2884 3665 2940 simul

264 2974 530 3047 προσήκει
582 2972 679 3041 τήν
728 2970 1043 3047 εὐφημίαν;
1089 2968 1299 3026 Τοῦτον
1348 2967 1450 3043 γὰρ
1501 2970 1535 3037 ἡ
1597 2965 1885 3022 δικαιοσύνη

2044 2971 2226 3025 tfferre
2256 2970 2491 3026 laudem
2514 2972 2542 3026 ?
2572 2972 2873 3043 Siquidem
2904 2973 3058 3028 hunc
3084 2972 3319 3043 justitia
3358 2973 3573 3029 mirum
3606 2974 3665 3029 in

266 3066 357 3117 καὶ
393 3068 496 3131 τῆς
533 3058 846 3130 ἀποστολῆς
873 3059 1042 3132 ἄξιον,
1065 3057 1155 3112 καὶ
1203 3059 1299 3112 τοῦ
1346 3058 1626 3133 ἀγαπητὸν
1682 3056 1887 3133 ὀφθηνα

2043 3062 2265 3117 nodum
2317 3062 2452 3117 fecit
2496 3069 2550 3117 et
2599 3062 2927 3134 apostolatu
2960 3063 3229 3135 dignum,
3278 3068 3337 3118 et
3379 3067 3443 3118 ut
3491 3064 3664 3118 Paulo

267 3156 347 3223 τῷ
403 3148 605 3223 Παύλῳ
663 3148 1048 3227 διαφερόντως,
1105 3147 1423 3215 πεποίηκεν.
1484 3146 1559 3203 Οὐ
1632 3148 1738 3219 μὴν
1787 3144 1888 3201 ἀλλ

2044 3150 2263 3206 lileclus
2321 3150 2633 3209 videretur.
2684 3153 3189 3208 Verumenimvero
3238 3153 3516 3223 quoniam
3575 3152 3665 3208 hic

270 3239 462 3309 ἒπειδὴ
522 3240 679 3301 οὗτος
737 3238 788 3293 ἐν
845 3242 925 3310 τῷ
984 3234 1303 3311 Εὐαγγελίῳ
1354 3235 1474 3310 εὗρε
1530 3236 1621 3289 τὸν
1672 3230 1891 3289 ἔπαινον

2048 3258 2079 3294 n
2109 3239 2421 3311 Evangelio
2469 3240 2700 3296 laudem
2751 3241 2996 3312 adeptus
3027 3245 3135 3308 est,
3180 3240 3393 3296 relictis
3427 3240 3662 3297 omnino

273 3329 479 3404 μακρὰν
514 3328 726 3407 χαίρειν
759 3332 877 3391 τοῖς
905 3331 1013 3381 τῶν
1059 3324 1346 3401 ἐγκωμίων
1376 3326 1669 3401 φράσαντες
1699 3325 1891 3397 νόμοις

2042 3328 2421 3385 :ncomiorum
2480 3329 2723 3400 legibus,
2772 3345 3154 3401 quacumque
3202 3330 3273 3385 de
3313 3346 3379 3384 eo
3430 3346 3663 3385 narrare

268 3420 369 3475 ὅσα
414 3424 519 3474 τῶν
582 3416 788 3472 ἐκείνου
847 3413 1134 3488 διεξελθεῖν
1194 3414 1511 3492 ἀναγκαῖον,
1573 3412 1624 3467 ἐν
1680 3412 1885 3483 ἱστορία

1837 3412 1915 3473 la;
2023 3438 2259 3478 necesse
2290 3429 2395 3491 est,
2428 3436 2530 3491 per
2556 3421 2794 3475 modum
2828 3419 3078 3476 historia
3110 3420 3447 3477 referemus.

268 3508 423 3583 λόγῳ
451 3505 829 3578 διαλεξόμεθα·

342 3600 413 3651 Β“·
448 3594 516 3652 Τί
643 3592 655 3611 ’
770 3589 824 3610 ”“
934 3591 947 3609 “
1052 3592 1065 3612 ’
1218 3590 1230 3608 ’
1420 3588 1429 3605 ’
1528 3610 1547 3625 ”
1624 3589 1639 3606 “
1859 3590 1871 3607 ’

524 3618 548 3659 ς
600 3614 700 3647 ουκ
738 3608 853 3647 οιοε
889 3612 990 3661 την
1068 3594 1366 3665 Αντιοχου,
1400 3590 1546 3651 ὅπως
1585 3609 1678 3662 μεν
1718 3588 1914 3652 θέσεως

2098 3596 2163 3649 II.
2197 3594 2337 3658 Quis
2384 3592 2804 3649 Antiochenam
2851 3593 3081 3665 ignorat
3126 3593 3445 3663 civitatem,
3490 3610 3662 3665 quem

268 3706 327 3741 τε
382 3686 469 3739 καὶ
527 3683 809 3759 μεγέθους,
867 3680 1016 3742 ὅπως
1073 3677 1130 3734 δὲ
1180 3680 1321 3754 ὅρων
1378 3677 1646 3753 ἔχει;καὶ
1706 3678 1798 3733 οἶα
1836 3700 1886 3733 τι

2041 3685 2201 3739 situm
2228 3700 2293 3738 ac
2327 3682 2815 3754 magnitudinem,
2850 3698 3068 3753 quosve
3095 3683 3377 3737 terminos
3407 3682 3662 3737 habeat?

269 3773 429 3843 αὕτη,
460 3773 551 3827 καὶ
583 3772 788 3841 ὁπόσην
820 3768 1038 3841 νέμεται
1086 3774 1212 3845 γῆν,
1262 3766 1365 3838 οἴῳ
1419 3766 1475 3821 δὲ
1546 3765 1763 3839 ἄρδεται
1823 3789 1890 3822 πο

2041 3782 2075 3829 ιι
2107 3789 2369 3844 quanam
2421 3774 2541 3827 hac
2584 3771 2679 3836 sit,
2710 3774 2768 3826 et
2816 3778 3090 3841 quantam
3139 3775 3383 3841 occupet
3425 3775 3662 3835 terram,

266 3868 468 3936 ταμῷ;
528 3862 787 3936 Ὀρόντης
844 3858 1000 3921 οὗτός
1058 3858 1219 3913 ἐστιν·
1267 3858 1388 3911 ἔνθα
1444 3857 1533 3911 καὶ
1581 3862 1797 3931 πρῶτον
1822 3858 1881 3911 ἄν

2041 3879 2207 3935 ιυονθ
2265 3864 2536 3933 irrigetur
2619 3862 2880 3916 flumine.
2942 3861 3186 3917 Orontes
3245 3862 3338 3916 hic
3396 3866 3504 3928 est,
3567 3862 3662 3915 ubi

270 3966 493 4026 θρωπος
541 3954 639 4020 τὴι
698 3956 793 4005 τοῦ
842 3951 1168 4023 Χριστιανοῦ
1219 3946 1416 4016 κλῆσιν
1484 3944 1863 4018 πεπλούτηκεν

2043 3954 2276 4009 )rimum
2356 3952 2529 4007 homo
2604 3950 2914 4006 Christiani
2985 3949 3370 4022 appellatione
3446 3952 3664 4005 ditatus

267 4041 318 4115 ἐξ
377 4042 443 4111 ἧς
497 4042 524 4096 ὀ
565 4044 708 4103 θεῖος
771 4045 979 4101 Λουκᾶς
1047 4036 1358 4112 προελθὼν,
1412 4036 1502 4090 καὶ
1582 4035 1737 4114 φύσιν
1819 4057 1888 4108 με

2040 4052 2156 4097 est:
2208 4059 2273 4097 ex
2331 4058 2444 4112 qua
2502 4041 2668 4096 divus
2730 4044 2912 4095 Lucas
2965 4043 3127 4094 ortus
3185 4044 3322 4095 est:
3371 4045 3427 4094 et
3492 4045 3661 4094 natu-

268 4132 438 4201 ἔχων,
498 4130 614 4186 ο⁹ίαν
685 4130 876 4206 εὐγενῆ
936 4127 1025 4182 καὶ
1060 4125 1353 4202 φιλότιμον
1393 4126 1489 4199 (ὡς
1520 4123 1628 4180 ἔστι
1663 4123 1883 4195 δῆλονέ

2043 4148 2142 4186 ἰιιῐι
2182 4131 2418 4202 quidem
2464 4146 2531 4185 ac
2577 4127 2826 4184 indolem
2886 4128 3132 4193 habens,
3187 4132 3250 4182 ut
3303 4145 3430 4198 qua
3488 4144 3664 4199 gene-

270 4222 342 4276 ὧν
388 4222 479 4276 καὶ
523 4221 638 4295 βίον
689 4218 851 4294 ἐφάνη
912 4215 1337 4277 σπουδαιότατος
1386 4214 1483 4279 ὢν,
1516 4215 1603 4269 καὶ
1638 4214 1803 4291 λόγον
1836 4220 1891 4287 τᾷ

2043 4239 2151 4277 'osa
2182 4224 2329 4276 esset
2356 4237 2422 4276 ac
2446 4219 2732 4291 pretiosa:
2760 4216 2935 4272 veluti
2957 4233 3025 4272 ex
3047 4217 3155 4273 hoc
3174 4217 3551 4273 manifestum
3576 4222 3664 4273 est

275 4311 379 4386 βίῳ
427 4309 724 4382 παρασχὼν
772 4307 1146 4377 οἰκειότατον),
1205 4304 1362 4360 πανσὶ
1413 4303 1469 4358 δὲ
1536 4303 1813 4378 σχολάσας
1854 4304 1896 4360 ἒ)

2041 4310 2175 4381 ιυοᾶ
2210 4314 2266 4365 et
2295 4310 2409 4364 vita
2426 4307 2695 4379 apparuit
2726 4305 3219 4374 studiosissimus,
3252 4310 3309 4360 et
3338 4322 3662 4361 sermonem

270 4397 465 4461 παιδὸς
496 4396 601 4453 ἔδει
650 4394 921 4466 παιδείας,
978 4397 1077 4463 τὴν
1123 4415 1182 4448 τε
1215 4394 1388 4469 Σύραν
1417 4394 1503 4447 καὶ
1540 4390 1804 4450 Ἰουδαίαν
1837 4395 1891 4449 εἱι

2040 4399 2258 4454 ,radidit
2318 4399 2443 4453 vita
2509 4397 2758 4451 maxime
2816 4395 3191 4450 conformem.
3254 4396 3398 4450 Cum
3467 4402 3661 4450 autem

271 4490 434 4565 ἄκρον
468 4488 652 4565 φωνὴν
681 4484 1009 4556 παιδευθεὶς,
1055 4485 1145 4539 καὶ
1187 4484 1278 4538 οἶα
1327 4481 1541 4557 δένδρον
1603 4485 1738 4557 πρὸς
1793 4488 1892 4539 tot?

2043 4488 2183 4542 imni
2252 4487 2575 4558 disciplina
2645 4500 2853 4555 genere
2922 4487 3184 4539 vacasset
3244 4500 3275 4538 a
3339 4500 3539 4555 puero,
3610 4489 3664 4538 et

268 4584 471 4654 πηγαῖς
530 4577 760 4647 ἀνθήσας
819 4573 926 4645 ἤδη
987 4572 1076 4628 καί
1143 4574 1390 4642 αὐξηθεὶς
1447 4578 1515 4647 τῇ
1586 4575 1701 4627 κατ’
1751 4574 1884 4628 αὖτὰ

2039 4576 2308 4648 Syriacam
2343 4590 2407 4630 ac
2439 4574 2779 4630 Hebraicam
2810 4573 3075 4645 linguam
3127 4572 3497 4627 exactissime
3525 4572 3660 4627 edo-

273 4667 472 4741 μελὲτῃ
565 4669 669 4719 τῶν
755 4664 911 4717 θείων
1008 4665 1234 4738 1³ραφῶν
1314 4662 1596 4737 ὑπερφυῶς
1680 4660 1889 4731 ἤσκητο

2043 4674 2150 4723 :tus
2208 4676 2315 4733 est,
2374 4670 2430 4722 et
2485 4665 2639 4723 velut
2698 4666 2872 4721 arbor
2911 4666 3083 4736 juxta
3162 4665 3370 4730 fontes,
3423 4663 3664 4717 floridus

267 4752 513 4833 Ἐφήϐου
541 4756 637 4827 μὲν
663 4752 753 4808 οὖν
786 4754 1109 4825 ἁπτόμενος,
1141 4756 1258 4811 τοῖς
1303 4771 1362 4806 τε
1404 4753 1519 4805 καθ’
1554 4750 1794 4808 Ἑλλάδα
1824 4774 1888 4807 κα

2049 4776 2140 4813 am
2170 4767 2221 4813 et
2252 4760 2687 4829 augmentatus,
2722 4754 3052 4809 divinarum
3084 4753 3518 4823 Scripturarum
3551 4756 3665 4806 stu-

266 4851 366 4916 τήν
418 4855 696 4922 Αιγυπτον
757 4842 945 4919 ἐφοίτα
997 4838 1389 4910 διδακαηείοις·
1442 4840 1531 4896 καὶ
1581 4844 1679 4911 τήν
1714 4841 1882 4897 καλλί

2040 4850 2117 4904 1ἰο
2173 4847 2390 4903 mirum
2450 4846 2507 4900 in
2568 4846 2807 4899 modum
2868 4843 3131 4914 profecit.
3198 4840 3661 4898 Adolescentiam

268 4958 399 5006 στην
450 4936 575 5010 παρ’
605 4932 851 5005 Ἕλλησι
908 4928 1155 4987 παιδείαν
1208 4930 1474 5000 συνέλεξε,
1522 4934 1889 5005 γραμματικὴ

2044 4943 2219 5009 taque
2251 4936 2564 5007 attingens,
2596 4933 2899 5004 gymnasia
2932 4932 3331 5002 frequentabat
3361 4947 3492 5001 qua
3536 4934 3662 4984 tum

270 5027 363 5099 μέν
416 5024 505 5080 καὶ
562 5024 858 5094 ποιητικὴν
918 5021 995 5083 εἷς
1055 5021 1193 5075 ἅπαν
1238 5020 1639 5094 κατωρθωκὼς
1684 5021 1891 5096 ῥητορι.

2044 5046 2078 5083 n
2110 5026 2325 5083 Gracia
2346 5028 2529 5088 erant,
2565 5028 2691 5077 tum
2724 5024 2782 5077 in
2813 5021 3078 5093 zEgypto,
3112 5037 3177 5075 ac
3210 5018 3661 5091 pulcherrimam

304 5124 330 5134 ‘
423 5112 468 5170 8‘
634 5113 648 5133 ‘
774 5118 798 5128 '
888 5113 915 5130 ν
975 5108 1031 5166 δ’
1140 5111 1167 5163 θ
1288 5108 1351 5165 λ⁴
1549 5109 1585 5164 θ’
1774 5112 1789 5164 ἰ

262 5137 366 5185 κης
456 5136 501 5183 ε,
559 5136 646 5169 και
701 5135 803 5168 του
860 5133 915 5168 ευ
1008 5131 1138 5164 υνασ
1173 5130 1227 5163 αι
1326 5129 1490 5186 εγειν,
1573 5132 1700 5180 ,κων
1745 5133 1877 5174 εςτ

2040 5118 2171 5187 tpud
2216 5115 2441 5169 Gracos
2491 5111 2877 5168 eruditionem
2920 5108 3199 5180 collegit:
3246 5108 3661 5179 grammaticen

262 5204 584 5280 ἀκρότατον,
638 5201 776 5277 μηδέ
822 5206 929 5257 τῶν
1000 5199 1327 5278 φιλοσοφίας
1368 5194 1692 5274 πρεσϐείων,
1744 5201 1883 5274 ὲτὲρι

2043 5205 2257 5274 ιυίάοω
2280 5220 2345 5257 ac
2364 5201 2619 5272 poeticen
2641 5200 2894 5271 perfecte
2916 5202 3241 5264 assecutus,
3261 5198 3327 5252 ad
3351 5196 3664 5252 rhetorices

260 5300 633 5371 παραχωρῶν,
684 5292 829 5349 ἀλλὰ
874 5295 941 5366 τῇ
991 5292 1085 5365 μὲν
1144 5290 1344 5365 λογικῇ
1377 5291 1514 5359 πρὸς
1543 5292 1643 5360 τὴν
1686 5293 1881 5361 ἠθικὴν

2041 5310 2151 5348 rero
2199 5292 2455 5361 artisque
2503 5289 2651 5343 bene
2696 5286 2926 5343 dicendi
2973 5302 3251 5340 cacumen
3301 5290 3662 5357 pertingens,

259 5390 329 5459 τῇ
361 5388 527 5459 ἡθικῇ
557 5382 613 5439 δὲ
647 5380 869 5459 βαθμίδι
917 5382 1055 5457 πρὸς
1102 5382 1201 5450 τὴν
1258 5382 1560 5455 πρακτικὴν
1596 5382 1880 5454 χρώμενος

2040 5398 2210 5453 neque
2252 5380 2309 5434 in
2342 5377 2723 5451 philosophia
2768 5375 3153 5447 dignitatibus
3204 5374 3375 5429 alicui
3408 5375 3661 5429 cedens:

271 5432 329 5459 ".I
367 5432 527 5459 'a'""tl
562 5432 613 5439 τ’
648 5432 868 5459 r“vr‘"'
925 5432 1052 5457 ττι-’τ
1117 5432 1191 5450 ν·-
1599 5432 1882 5454 ἐστίν-νη

261 5477 423 5533 Οὕτω
451 5495 510 5529 τε
537 5478 668 5527 πᾶσι
697 5477 813 5533 τοῖς
862 5471 1087 5544 ἀγαθοῖς
1144 5468 1560 5543 προσκείμενος,
1592 5467 1757 5530 τέλος
1812 5471 1881 5539 τὴ

2041 5432 2606 5541 logicarquidem
2640 5468 2707 5521 ad
2740 5432 2991 5535 ethuicen,
3024 5463 3215 5519 ethice
3263 5480 3395 5518 vero
3428 5464 3496 5517 ad
3531 5479 3662 5533 pra-

262 5563 565 5634 καλλίστην
626 5559 738 5637 ἅμα
796 5560 885 5615 καὶ
931 5558 1452 5637 φιλανθρωποτάτην
1497 5557 1746 5633 ἴατρικήν
1794 5582 1883 5615 κατ

2043 5561 2207 5617 :ticen
2255 5565 2534 5630 tanquam
2578 5557 2761 5629 gradu
2813 5558 3003 5624 utens,
3036 5553 3116 5609 ita
3165 5552 3441 5610 omnibus
3502 5552 3664 5607 bonis

263 5656 443 5730 ορθοῖ,
475 5653 567 5708 καὶ
597 5656 876 5723 τοσοῦτον,
912 5650 1033 5704 ὅσον
1066 5649 1131 5703 τὰ
1184 5645 1370 5704 πολλὰ
1417 5648 1505 5702 καὶ
1548 5648 1654 5703 ἀπὸ
1703 5649 1875 5719 ταύτῃ

2047 5650 2368 5709 ncumbens
2401 5647 2632 5704 tandem
2671 5643 3123 5717 pulcherrimam
3144 5643 3323 5699 simul
3356 5658 3420 5696 ac
3452 5640 3666 5696 huma-

581 5777 857 5841 PATBOL.
905 5777 1015 5838 Ga.
1061 5774 1232 5835 CXV.
3264 5764 3341 5825 36
