4042 6222
536 274 684 335 1131

1877 267 2157 326 ΜΕΝΞῘΞ
2206 266 2584 328 OCTOBER.

3735 279 3835 339 1132

536 436 845 492 nissimam
879 433 1228 490 medicinam
1274 430 1626 504 assequitur,
1660 429 1837 501 idque
1866 428 1927 484 in
1955 431 2162 482 tantur:

2296 426 2816 502 χαρακτηρίζεσθαί.
2861 429 3010 484 Ἐπεὶ
3080 427 3135 484 δὲ
3174 429 3333 504 τάχει
3382 452 3574 508 φυσεως
3614 434 3689 487 καὶ
3739 432 3840 508 μεγέ-

538 535 597 581 ul
627 526 697 581 ab
733 526 837 581 hac
872 530 934 580 ut
965 523 1284 595 plurimum
1332 521 1734 590 designaretur
1765 535 1829 574 ac
1861 517 2180 589 appellare-

536 621 647 668 tur.
667 613 980 682 Postquam
1015 614 1210 664 autem
1246 606 1460 678 ingenii
1495 605 1834 660 dexteritate
1855 619 1920 658 ac
1951 601 2185 675 magni—

535 701 737 757 tudine
767 716 998 756 omuem
1020 702 1202 753 artem
1227 697 1397 752 citius
1421 695 1708 766 percurrit
1730 710 1906 765 quam
1930 692 2182 748 volucris

538 808 692 860 aera,
727 791 984 860 satisque
1032 789 1302 842 humanae
1348 785 1618 841 doctrinae
1666 785 1911 855 adeptus
1957 789 2060 848 est,
2113 782 2182 837 ad

538 879 948 936 sublimiorem
983 894 1047 932 ac
1082 876 1380 931 meliorem
1415 874 1623 928 transit
1654 873 1941 928 habitum.

611 970 708 1024 IlI.
735 968 870 1032 Quis
890 973 1079 1022 autem
1101 968 1203 1020 fuit.
1225 967 1432 1020 modus
1452 963 1766 1018 transitus?
1785 961 2039 1016 Habebat
2058 961 2184 1032 qui-

537 1063 668 1116 dem
697 1061 926 1115 interim
956 1060 1024 1113 de
1049 1057 1251 1112 mundi
1286 1057 1473 1111 salute
1503 1053 1924 1124 disputationes
1947 1069 2012 1108 ac
2043 1069 2182 1106 con-

538 1167 778 1222 gressus
802 1150 851 1204 is
874 1150 993 1219 qui,
1015 1147 1161 1201 liber
1182 1164 1216 1200 a
1236 1148 1494 1215 peccato,
1512 1148 1747 1197 venerat
1770 1147 1829 1196 ut
1853 1145 2180 1211 peccatores

538 1242 769 1294 vocaret
791 1240 858 1293 ad
885 1235 1284 1309 pmnitentiam
1313 1233 1352 1301 ί,
1378 1233 1552 1302 idque
1577 1237 1704 1303 post
1737 1231 1947 1285 luctam
1981 1234 2182 1284 contra

537 1327 931 1383 adversarium
976 1331 1032 1380 et
1087 1330 1302 1394 tropaea
1347 1324 1416 1376 de
1464 1321 1558 1376 illo
1606 1321 1804 1386 relata,
1840 1323 1971 1390 post
2018 1318 2183 1372 audi-

539 1425 665 1473 tum
712 1431 960 1489 superne
1009 1414 1193 1468 Patris
1239 1410 1638 1468 testimonium
1675 1426 1740 1464 ac
1780 1408 2035 1479 Spiritus
2079 1407 2182 1462 de-

537 1522 806 1561 scensum
850 1505 890 1558 ³.
941 1501 1324 1557 Percurrebat
1390 1505 1577 1553 autem
1638 1497 1794 1552 fama
1847 1496 2179 1550 universam

535 1596 800 1651 Judzeam
860 1610 926 1648 ac
984 1591 1282 1648 Galilaeam
1313 1590 1358 1657 ³,
1409 1593 1465 1643 et
1519 1586 1734 1642 alicubi
1792 1585 1961 1641 etiam
2020 1590 2182 1640 extra

537 1684 818 1740 terminos
868 1699 936 1738 ea
985 1699 1111 1752 quae
1160 1677 1498 1750 evangelica:
1542 1675 1971 1748 praedicationis
2024 1683 2182 1729 erant

537 1773 955 1844 sequebantur.
1004 1771 1169 1825 Tunc
1228 1767 1394 1823 multi
1453 1782 1591 1821 sane
1648 1766 1718 1820 ad
1778 1781 1971 1820 veram
2030 1763 2180 1818 hanc

538 1863 858 1919 doctrinam
885 1860 1076 1917 cordis
1099 1875 1264 1913 aures
1285 1855 1628 1912 obturabanl
1650 1871 1716 1910 ac
1740 1854 1948 1909 mentis
1979 1853 2181 1908 oculos

538 1953 940 2008 claudebant:
1000 1964 1186 2019 neque
1261 1946 1387 2000 vitae
1461 1945 1758 2016 suscipere
1825 1958 2180 2009 sermonem,

539 2058 728 2112 neque
758 2056 950 2096 veram
984 2039 1174 2093 lucem
1208 2035 1420 2090 intueri
1455 2033 1614 2104 digni
1652 2036 1836 2087 erant.
1872 2031 1940 2084 lli
1987 2037 2179 2087 autem

541 2133 600 2187 in
663 2131 876 2201 quibus
933 2127 1196 2182 veritatis
1252 2124 1559 2190 vestigium
1629 2123 1979 2194 impressum
2036 2129 2176 2188 erat,

541 2220 759 2290 quique
802 2222 964 2272 terra:
999 2216 1164 2270 bonae
1196 2213 1477 2269 rationem
1510 2227 1576 2266 ae
1608 2210 2034 2282 proportionem
2069 2210 2182 2266 ha-

540 2308 772 2373 bebant,
821 2306 952 2360 lotis
999 2304 1175 2374 (quod
1224 2303 1414 2370 aiunt.)
1461 2300 1644 2355 oculis
1688 2300 2080 2362 intuebantur,
2123 2304 2179 2354 et

538 2401 789 2453 arrectas
834 2394 1188 2449 adhibebant
1235 2391 1445 2446 anima:
1494 2405 1662 2445 aures
1690 2389 1758 2443 ad
1801 2389 2178 2444 auscultatio-

537 2502 694 2552 nem,
729 2501 794 2540 ac
825 2481 1188 2540 velocissime
1219 2481 1288 2535 ad
1325 2479 1621 2534 veritatem
1652 2478 2174 2546 transferebantur,

535 2574 796 2646 nihilque
828 2573 978 2643 quod
1016 2571 1201 2625 facere
1248 2570 1458 2623 decens
1487 2572 1610 2622 erat
1642 2566 2174 2638 pretermillebaut,

533 2669 596 2720 ut
640 2666 709 2719 ad
757 2662 815 2717 id
861 2662 1013 2732 quod
1074 2660 1380 2714 honestum
1431 2665 1550 2711 erat
1596 2655 1956 2722 accederent,
2003 2661 2058 2709 et
2103 2656 2173 2708 ad

532 2754 722 2825 ipsam
758 2753 976 2807 nudam
1008 2750 1266 2804 animam
1297 2745 1761 2802 transmitterent
1791 2749 2000 2800 certam
2028 2745 2172 2798 veri-

530 2847 730 2899 tatem.
782 2846 999 2896 Horum
1047 2855 1203 2892 unus
1247 2841 1373 2891 erat
1415 2834 1796 2889 admirandus
1840 2833 1934 2888 hic
1982 2849 2171 2904 praeco

528 2933 788 2987 veritatis
819 2946 884 2986 ac
917 2936 1268 3000 praeceptor:
1296 2924 1388 2996 qui
1421 2925 1490 2978 ad
1520 2924 1668 2995 piam
1704 2922 2169 2994 praedicationem

529 3022 744 3076 mentis
812 3018 976 3073 oculo
1051 3015 1402 3083 illustratus,
1462 3010 1698 3081 despicit
1766 3011 2166 3081 cognationem

529 3125 781 3174 omnem,
816 3105 1057 3176 despicit
1097 3107 1154 3158 et
1196 3107 1414 3156 natura:
1459 3100 1700 3166 viscera,
1752 3099 1952 3169 abjicit
1995 3114 2164 3169 pecu-

2295 518 2396 585 Οει,
2448 518 2648 589 τεχνην
2694 517 2901 571 ἅπασαν
2949 515 3140 581 διῆλθε
3196 516 3398 593 ῥαδίως
3532 521 3645 597 ἆέρα
3683 527 3838 592 πτηνὸν,

2293 605 2415 667 ἅλις
2471 627 2530 660 τε
2592 613 2692 674 τῆς
2749 606 3098 680 ἀνθρωπίνης
3157 611 3275 681 εἶχε
3325 606 3578 677 παιδείας,
3637 612 3746 684 πρὸς
3780 616 3838 682 τὴν

2294 695 2636 772 ὑψηλοτέραν
2675 692 2781 767 ἕξιν
2823 697 2910 752 καὶ
2952 696 3159 770 ἀμείνω
3196 705 3523 774 μεταχωρεῖ.

2362 963 2431 1016 Γ’.
2488 960 2579 1023 Τίς
2648 959 2704 1017 δὲ

2290 1050 2410 1124 ἄρτι
2441 1051 2534 1112 τὰς
2569 1052 2654 1106 ἐπὶ
2688 1054 2937 1125 σωτηρίᾳ
2971 1059 3069 1108 τοῦ
3118 1057 3328 1127 κόσμου
3370 1053 3633 1131 διατριϐἆς
3661 1061 3684 1113 ὁ
3723 1060 3843 1131 ἆμαρ·

2286 1136 2405 1200 τίας
2461 1137 2741 1212 ἐλεύθερος
2787 1140 2878 1193 καὶ
2925 1140 3150 1197 καλέσαι
3211 1145 3567 1217 ἁμαρτωλοὺς
3630 1123 3844 1208 ἐλθὼν

2754 965 2782 1017 ὁ
2837 966 3044 1038 τρόπος
3092 972 3192 1034 τῆς
3241 967 3564 1039 μεταθέσεως
3605 997 3617 1037 ;
3653 971 3762 1045 Εἶχε
3785 973 3843 1042 μὲν

2292 1227 2601 1299 μετάνοιαν,
2633 1228 2724 1281 καὶ
2753 1233 2923 1284 ταῦτα
2955 1233 3090 1304 μετᾶ
3115 1234 3214 1302 την
3247 1234 3380 1288 κατᾶ
3425 1239 3519 1290 τοῦ
3560 1236 3845 1309 ἀντίγειμὲνω

2288 1316 2493 1388 πάλην,
2551 1317 2641 1371 καὶ
2681 1318 2749 1373 τὰ
2795 1322 2914 1374 κατ’
2962 1321 3126 1376 αὐτου
3165 1325 3420 1398 τρόπαια,
3453 1329 3548 1396 τήν
3594 1348 3646 1382 τε
3677 1331 3846 1383 20511:-

2287 1408 2413 1480 τρὸς
2481 1405 2682 1471 ἄνωθεν
2738 1412 3057 1484 μαρτυρίαν,
3116 1415 3205 1467 καὶ
3294 1417 3393 1482 τήν
3467 1414 3734 1489 ἐπιδημίαν
3787 1425 3847 1473 τοῦ

2290 1497 2624 1569 Ηνευματος.
2677 1499 2827 1573 Διῄει
2893 1497 2950 1554 δὲ
3006 1501 3104 1557 ἀνᾶ
3134 1507 3304 1557 πᾶσαν
3347 1503 3602 1560 Ἰουδαίαν
3634 1509 3762 1580 φήμη
3791 1508 3846 1561 ui

2288 1586 2607 1655 Γαλιλαίαν,
2650 1589 2739 1643 καὶ
2772 1611 2876 1644 που
2917 1589 3005 1646 καὶ
3037 1598 3157 1657 τοῖς
3194 1594 3510 1668 ὓπερορίοις
3540 1598 3601 1651 τὰ
3635 1569 3717 1652 τοῦ
3740 1597 3850 1672 εὐαγ-

2286 1675 2509 1748 γελικοῦ
2560 1677 2913 1754 κηρύγματος
2962 1678 3162 1737 εἷ’πετο.
3197 1684 3365 1738 Ἔνθα
3418 1683 3618 1739 ποὶλοί
3657 1688 3734 1758 μὲν
3760 1687 3848 1758 πρὸς

2211 1795 2264 1860 Β
2286 1767 2384 1833 τὴν
2443 1766 2713 1836 ἀληθινήν
2764 1769 2962 1839 ταύτην
3007 1768 3356 1826 διδασκαλίαν
3395 1774 3464 1828 τά
3493 1795 3548 1829 τε
3578 1782 3666 1844 τῆς
3691 1773 3850 1848 καρδίας

2290 1849 2447 1908 ἔὸυον
2488 1853 2619 1924 ὦτα,
2660 1855 2750 1910 καὶ
2799 1857 2864 1910 τὰ
2912 1865 3011 1927 τῆς
3064 1856 3304 1922 διανοίας
3337 1857 3500 1934 ἔμυον
3530 1859 3742 1935 ὄμματα,
3773 1866 3848 1918 ὅσα

2293 1941 2434 2016 μηδέ
2493 1949 2638 2013 ζωῆς
2699 1941 2945 2014 δέξασθαι
2979 1945 3165 2021 λόγον,
3220 1947 3362 2022 μηδὲ
3393 1957 3507 2027 φῶς
3540 1950 3658 2007 ἰδεῖν
3689 1952 3851 2020 16511.7,-

3242 2035 3283 2053 λι

2289 2032 2432 2086 θινὸν
2499 2031 2796 2109 ἐτύγχανον
2849 2036 3008 2106 ἄξιοι.
3063 2037 3159 2098 Οἷς
3238 2035 3294 2092 δὲ
3361 2038 3519 2114 ἴχνος
3594 2039 3848 2095 ἐντετῦπωτο

2289 2118 2570 2190 ἀληθείας,
2629 2122 2717 2176 καὶ
2779 2130 2883 2198 γῆς
2936 2123 3148 2200 ἀγαθῆς
3179 2124 3347 2200 λόγον
3378 2127 3614 2205 ἐπεῖχον,
3642 2130 3762 2184 οὗτοι
3791 2130 3846 2182 καῖ

2287 2207 2404 2280 ὅλῳ
2437 2211 2621 2284 ἑώρων
2652 2216 2730 2283 τῷ
2763 2211 3055 2289 ὀφθαλμῷ,
3097 2216 3184 2270 καὶ
3229 2217 3433 2273 ἑστῶτα
3476 2220 3686 2294 ὖπεῖχον
3715 2222 3768 2273 τὰ
3788 2225 3851 2280 τῆς

2287 2301 2472 2373 ψυχῆς
2504 2297 2615 2353 ὦτα
2664 2301 2799 2374 πρὸς
2845 2303 2944 2371 την
2982 2302 3262 2376 ἀκρόασιν,
3288 2307 3524 2381 τάχιστά
3566 2329 3618 2362 τε
3653 2309 3762 2379 πρὸς
3786 2309 3848 2375 τήν

2285 2386 2548 2456 ἀληθειαν
2592 2389 2946 2461 μετετίθεντο,
2977 2392 3065 2445 καὶ
3099 2391 3250 2447 οὐδὲν
3282 2395 3311 2448 ὅ
3353 2400 3548 2470 πρᾶξαι
3593 2399 3740 2473 παρὸν
3772 2417 3850 2450 κατ-

2286 2473 2612 2549 ελίμπανον,
2645 2477 2794 2540 ὅπως
2818 2478 2878 2533 ἂν
2902 2478 3060 2553 ἐγγὺς
3088 2485 3186 2535 τοῦ
3210 2483 3429 2539 τοιοῦδε
3459 2485 3625 2541 καλοῦ
3652 2485 3850 2561 γένοιντο,

2283 2566 2373 2620 καὶ
2423 2565 2558 2639 αὐτῇ
2621 2572 2798 2642 γυμνῇ
2865 2573 2932 2642 τῇ
2975 2573 3128 2644 ψυχῇ
3169 2572 3268 2639 τήν
3324 2571 3694 2652 πληροφορίαν
3734 2573 3850 2629 εἰσδέ-

2283 2658 2483 2727 ξαιντο.
2519 2656 2735 2711 Τούτων
2785 2659 2859 2711 εἴν
2910 2659 2976 2726 ἦν
3018 2660 3107 2713 καὶ
3141 2661 3168 2714 ὁ
3201 2662 3512 2734 θαυμαστὸς
3539 2672 3630 2733 τῆς
3658 2665 3848 2732 ἀληθείας

2283 2744 2440 2805 οὗτος
2481 2746 2648 2817 κῆρύξ
2692 2765 2751 2800 τε
2798 2748 2888 2800 καὶ
2938 2745 3286 2814 διδασκαλος.
3327 2754 3431 2814 ”Ος
3461 2755 3591 2829 πρὸς
3617 2755 3672 2808 τὸ
3699 2749 3847 2812 εδσεῧὶς

2279 2835 2555 2907 κ⁷ίρυγμ²ν
2588 2835 2649 2889 τὸ
2681 2837 2836 2908 δμμα
2875 2843 2974 2906 τῆς
3017 2835 3258 2902 διανοίας
3310 2845 3705 2917 καταυγασθεὶς,
3737 2843 3845 2911 ὑπερ·

2280 2929 2380 2996 ορᾷ
2421 2925 2516 2995 μὲν
2566 2927 2875 3002 συγγενείας
2925 2929 3159 2999 ἀπάσης,
3193 2931 3436 3007 ὑπερορᾶ
3476 2931 3533 2988 δὲ
3581 2936 3660 2990 καὶ
3704 2933 3846 3002 σελίγ-

2278 3033 2426 3088 χνων
2495 3016 2599 3069 τῶν
2651 3017 2907 3092 φυσίκῶν,
2949 3017 3260 3074 ἀποτίθεται
3313 3025 3601 3097 χρήματα,
3637 3027 3842 3096 κτήματα,

2275 3107 2446 3154 πᾶσαν
2498 3102 2702 3169 οὐσίαν,
2755 3105 2827 3165 ὡς
2885 3103 3068 3160 ποδῶν
3133 3108 3277 3162 κόνιν
3338 3112 3429 3164 καὶ
3492 3118 3677 3187 χειρῶν
3727 3112 3843 3184 ῥύπον

529 3199 680 3264 nias,
731 3195 1148 3268 possessiones,
1201 3205 1552 3260 omnemque
1608 3189 2030 3244 substantiam:
2084 3189 2162 3242 ita

2691 3163 2700 3169 _
2815 3163 2823 3165 ν
3493 3163 3670 3187 A".""
3727 3163 3820 3184 F’”

2275 3187 2452 3252 οὐδεὶς
2508 3191 2652 3245 οῧτω
2711 3190 2933 3264 ῥᾳδίως,
3008 3192 3136 3268 μηδ’
3195 3197 3344 3270 αὖτῷ
3403 3197 3472 3269 δὴ
3512 3202 3676 3272 τούτῳ
3711 3200 3845 3271 vagi”-

528 3291 592 3342 ut
649 3301 816 3340 nemo
876 3284 1018 3338 adeo
1080 3280 1246 3336 facile
1303 3280 1518 3350 pedum
1573 3277 1868 3348 pulverem
1923 3293 1990 3333 ac
2048 3293 2166 3332 ma-

526 3392 721 3430 nuum-
763 3372 965 3429 sordes
1023 3370 1334 3441 abjiceret:
1373 3373 1435 3423 ut
1482 3383 1553 3422 ne
1599 3366 1685 3420 vel
1735 3366 1844 3421 hoc
1893 3367 2018 3436 ipso
2051 3383 2163 3438 pra:

523 3464 860 3521 festinantia
898 3459 1168 3532 occupari
1215 3461 1368 3513 certe
1411 3455 1678 3527 potuerit,
1711 3471 1824 3524 quo
1858 3453 2162 3510 facultates

521 3552 921 3626 indigentibus
973 3548 1368 3605 distribuerat.
1417 3544 1605 3614 thue
1650 3543 1901 3598 breviter
1943 3543 2157 3611 dicam,

519 3644 806 3716 despectis
861 3639 1088 3696 cunctis
1146 3635 1532 3692 inferioribus.
1581 3648 1834 3702 superna
1888 3632 2158 3689 velociter

513 3731 904 3807 amplectitur,
956 3735 1012 3786 et
1053 3728 1124 3784 ad
1169 3725 1430 3782 Judaaam
1477 3723 1717 3788 accedit,
1762 3723 2034 3794 vaditque
2083 3724 2149 3777 ad

508 3843 642 3883 eum
674 3839 848 3896 quem
881 3815 1345 3888 concupiscebat,
1367 3831 1431 3868 ac
1455 3816 1654 3869 statim
1679 3812 1752 3868 ad
1774 3816 2149 3882 conspectum

507 3933 574 3972 ac
605 3928 897 3970 sermones
925 3910 1087 3976 Jesu,
1121 3905 1371 3962 efﬁcitur
1398 3902 1774 3973 splendidum
1821 3906 2151 3972 receptacu-

506 4008 630 4061 lum
652 4003 725 4058 ad
744 4000 1060 4073 pretiosum
1085 3993 1278 4065 gratiae
1311 3996 1694 4060 unguentum.
1723 3990 1920 4062 Neque
1949 3996 2145 4046 tamen

505 4095 589 4150 illi
621 4088 1025 4162 frequentibus
1059 4085 1166 4139 fuit
1194 4097 1340 4150 opus
1365 4079 1737 4135 sermonibus
1759 4095 1826 4134 ac
1850 4079 2145 4136 miraculis

504 4185 575 4239 ad
633 4181 793 4236 illius
850 4175 1269 4246 cognitionem;
1317 4171 1417 4226 sed
1477 4173 1696 4241 quanto
1755 4169 2020 4224 doctrina
2077 4186 2142 4224 ac

502 4270 812 4344 prudentia
852 4265 1147 4336 animique
1192 4259 1533 4317 dexteritate
1567 4258 1626 4312 in
1667 4256 1795 4314 aliis
1838 4259 2139 4331 prapolle-

499 4364 618 4422 bat,
665 4364 823 4414 tanto
879 4356 1134 4412 velocius
1183 4357 1239 4409 et
1285 4351 1475 4422 ipsam
1535 4364 1679 4419 pure
1736 4348 2033 4404 veritatem
2083 4353 2140 4405 et

498 4451 872 4524 praadicatum
906 4459 1234 4501 sermonem
1268 4438 1583 4510 cognoscit.
1617 4437 1703 4491 Ab
1733 4437 1841 4492 hoc
1880 4443 2139 4509 tempore

494 4541 744 4597 efficitur
801 4535 1100 4607 legitimus
1148 4547 1213 4585 ac
1271 4545 1440 4584 verus
1497 4525 1710 4581 Christi
1771 4525 2128 4596 discipulus:

2278 4528 2448 4601 ηρίων
2517 4529 2679 4585 αὐτοῦ
2756 4531 3191 4604 ἀπολιμπάνεται

492 4645 744 4701 eumque
804 4628 1135 4696 frequenter
1192 4618 1526 4691 praeceptori
1581 4616 1878 4683 adfuisset,
1911 4619 1967 4670 et
2005 4617 2132 4687 ejus

2273 3290 2394 3341 σθαι
2459 3279 2550 3334 τὸν
2600 3279 2836 3335 πλοῦτον
2903 3289 3022 3346 τοῖς
3086 3283 3316 3340 ἐνδεὲοιν
3391 3290 3499 3344 ὑπὸ
3560 3296 3648 3344 τοῦ
3695 3289 3844 3361 τέγους

2269 3366 2625 3441 ἀσχοληθείς.
2671 3369 2773 3424 Καὶ
2814 3369 3108 3427 συνελόντα
3155 3374 3334 3450 φάναι.
3367 3381 3478 3431 τῶν
3519 3383 3655 3433 κάτω
3689 3381 3843 3432 πάντων

2272 3454 2563 3530 ὑπεριδὼν,
2618 3462 2724 3512 τῶν
2779 3457 2890 3513 ἄνω
2928 3461 3067 3537 ταχὺ
3127 3465 3469 3538 περιέχεται,
3537 3471 3618 3524 καὶ
3676 3471 3734 3540 τῇ
3778 3467 3840 3537 μὲν

2264 3542 2502 3616 Ἰουδαίᾳ
2555 3543 2835 3620 ἐπιδημεῖ,
2885 3554 2963 3621 τῷ
3034 3553 3357 3626 ποθουμένῳ
3435 3554 3496 3612 δὲ
3585 3559 3840 3632 προσφοιτᾷ.

2263 3635 2350 3687 καὶ
2395 3633 2470 3696 είς
2504 3631 2626 3708 ὄψιν
2660 3635 2852 3691 αὐτίκα
2903 3640 2990 3692 καὶ
3052 3639 3248 3715 λόγους
3279 3648 3375 3698 τοῦ
3419 3647 3598 3717 Ἰησοῦ
3627 3631 3632 3632 ⁷
3659 3648 3838 3722 γίγνεται

2257 3723 2320 3777 τὸ
2378 3723 2706 3796 περικαλλὲς
2769 3724 2989 3802 δοχεῖον
3020 3735 3097 3801 τῷ
3159 3731 3459 3808 πολυτίμῳ
3509 3745 3605 3806 τῆς
3647 3737 3837 3813 γέριτος,

2261 3813 2434 3885 μόρῳ.
2481 3812 2557 3870 Οὔ
2592 3817 2700 3886 μὴν
2749 3815 2875 3871 οὐδὲ
2925 3824 3140 3897 συχνῶν
3193 3819 3390 3893 ἐδεήθη
3438 3823 3615 3900 λόγων
3642 3804 3718 3879 ἇιίὶ
3749 3826 3836 3878 θα)-

2260 3902 2442 3972 μαὶτων
2501 3904 2638 3976 πρὸς
2700 3906 2798 3973 τὴν
2845 3906 3050 3961 ἐκείνου
3113 3908 3421 3984 ἐπίγνωσινο
3475 3914 3600 3970 ἀλλ’
3629 3917 3724 3986 ὅσῳ
3747 3933 3834 3965 παις

2255 3988 2370 4062 δεία
2425 3992 2513 4047 καὶ
2573 3995 2776 4050 συνέσει
2837 3997 2928 4051 καὶ
2978 4001 3164 4074 ψυχης
3224 4002 3480 4071 εὐθύτητι
3551 4011 3652 4060 τῶν
3700 4001 3833 4059 ἀλλων

2251 4080 2486 4154 ἐκρατει,
2553 4085 2796 4157 τοσούτῳ
2853 4088 3042 4141 θᾶττον
3101 4089 3267 4158 αὐτὴν
3321 4113 3378 4147 τε
3465 4100 3698 4170 καθαρῶς
3765 4095 3829 4158 τὴν

2251 4169 2524 4240 ἐλήθειαν,
2565 4172 2653 4226 καὶ
2703 4174 2793 4227 τὸν
2849 4178 3257 4250 κηρυσσόμενον
3309 4179 3475 4256 λόγον
3532 4169 3830 4258 ἐπιγινώσκει.

2250 4259 2519 4315 ,Εντεῦθεν
2599 4264 2822 4335 γνήσιος
2888 4265 3132 4338 Χριστοῦ
3199 4268 3403 4344 γίνεναι
3483 4275 3728 4345 μαθητὴς,
3790 4270 3832 4320 τὰ

2248 4347 2432 4403 πολλά
2486 4370 2544 4404 τε
2597 4355 2675 4422 τῷ
2733 4349 3060 4428 διδωσκέλῳ
3118 4361 3313 4427 συνὼν,
3381 4362 3474 4416 καὶ
3529 4369 3639 4424 τοῖς
3671 4359 3828 4434 τέρασιν

2244 4437 2409 4492 αὐτου
2441 4440 2529 4493 καὶ
2573 4442 2824 4514 σημείοις
2883 4444 3416 4521 παρηκολουθηκὼς,
3451 4449 3575 4506 οὐδὲ
3615 4456 3709 4506 τῶν
3756 4469 3827 4501 σω·

3285 4550 3430 4610 παθη
3443 4541 3639 4612 μάτων.
3716 4534 3827 4593 Ἀλλ’

2242 4614 2422 4691 ὥσπερ
2491 4624 2619 4673 πᾶσι
2678 4622 2880 4695 παρῆν,
2935 4623 3109 4678 οὓτων
3159 4623 3224 4697 δὴ
3275 4629 3363 4682 καὶ
3416 4638 3518 4699 τῆς
3558 4631 3828 4685 ἀναστάσεως

487 4722 659 4793 signa
681 4735 744 4773 ac
769 4714 1032 4789 prodigia
1055 4713 1371 4766 assectatus
1401 4710 1574 4771 esset,
1598 4720 1668 4760 ne
1691 4705 1749 4758 in
1774 4704 2131 4760 salutaribus
2241 4707 2444 4781 θεωρὸς
2466 4711 2553 4777 ἦν.

487 4813 722 4886 quidem
783 4807 970 4880 ipsius
1022 4799 1436 4858 afflictionibus
1493 4797 1678 4852 deest.
1705 4795 1774 4850 Et
1824 4797 2320 4866 quemadmodum
2377 4800 2652 4858 omnibus
2707 4803 2992 4873 adfuerat,
3028 4805 3105 4863 ita
3160 4825 3302 4866 sane
3345 4815 3404 4867 et
3451 4808 3824 4870 resurrectionis

479 4903 823 4972 conspector
851 4895 977 4950 fuit.

547 4991 638 5047 IV.
675 4991 818 5044 Cum
850 4987 1060 5056 Cleopa
1089 4981 1238 5039 enim
1273 4981 1341 5036 ad
1377 4994 1577 5048 agrum
1623 4977 1900 5032 Emmaus
1950 4978 2123 5047 proﬁ-

474 5079 715 5136 ciscenti
763 5077 1004 5132 adstans
1051 5075 1176 5144 post
1231 5068 1708 5126 resurrectionem
1761 5067 2035 5122 Dominus
2066 5070 2119 5134 (ο

473 5173 711 5228 horrore
771 5169 1008 5239 plenum
1061 5163 1229 5218 illum
1277 5177 1576 5217 accessum
1604 5158 1643 5230 l)
1675 5158 2004 5213 tarditatem
2052 5175 2118 5213 ac

469 5261 661 5316 cordis
692 5273 894 5313 eorum
939 5251 1406 5309 incredulitatem
1456 5249 1840 5320 improperat:
1878 5255 1930 5301 et
1961 5248 2117 5302 Scri-

470 5353 773 5421 pturarum
823 5340 1400 5414 interpretationibus
1458 5355 1620 5393 suam
1660 5335 1988 5406 passionem
2049 5353 2114 5391 ac

468 5454 746 5511 magnum
779 5432 1223 5492 resurrectionis
1269 5429 1610 5500 mysterium
1644 5427 1968 5483 conﬁrmat.
2002 5425 2110 5482 Ve-

2305 4979 2375 5034 A'.
2437 4983 2799 5054 Πορευομένῳ
2847 4983 2949 5059 γὰρ
3021 4988 3156 5058 μετά
3220 4988 3445 5046 Κλεόπα
3501 4991 3551 5064 ἐξ
3616 4994 3821 5063 Ἰερουσα-

2231 5065 2353 5138 λνίὲει
2419 5067 2493 5130 εἷς
2561 5072 2652 5125 τὸν
2705 5073 2868 5147 ἀγρὸν
2928 5075 3212 5148 Ἐμμαοῦς
3271 5079 3298 5132 ὁ
3353 5080 3554 5155 Κύριος
3597 5081 3717 5154 μετὰ
3753 5078 3820 5143 τήν

2228 5155 2506 5211 ἀνάστασιν
2545 5157 2762 5222 ἐπιστὰς
2918 5169 3015 5231 τῆς
3079 5173 3312 5240 φρικτῆς
3379 5167 3586 5240 ἐκείνης
3655 5169 3822 5224 sitm:-

2229 5245 2345 5309 σίας
2381 5248 2419 5314 l)
2448 5247 2508 5300 τό
2541 5268 2598 5302 τε
2654 5247 2826 5323 βραδὺ
2858 5253 2949 5306 καὶ
2980 5250 3272 5309 δύσπιστον
3304 5255 3404 5326 τῆς
3442 5257 3659 5332 καρδίας
3688 5257 3818 5312 αὐτῶν

2236 5335 2248 5352 3
2342 5332 2419 5352 δία
2627 5339 2639 5352 ι
2759 5345 2781 5352 -ι
2878 5341 2889 5352 η
2974 5343 2984 5352 \
3020 5342 3030 5352 ι
3813 5344 3818 5352 Ι

2227 5334 2492 5405 ὀνειδίζει,

2221 5423 2378 5480 αὐτὸν
2447 5427 2620 5491 πάθος
2666 5428 2754 5483 καὶ
2803 5432 2865 5486 τὸ
2935 5434 3072 5507 μέγα
3123 5438 3222 5501 τῆς
3290 5423 3622 5501 ἀναστααεως
3663 5436 3818 5511 μυπιίο

2553 5339 2643 5392 καὶ
2691 5345 2807 5401 ταῖς
2874 5341 3152 5397 ἐπιλύσεσι
3220 5352 3327 5400 τῶν
3384 5354 3598 5424 Γραιρῶν
3654 5350 3706 5402 τὸ
3737 5344 3819 5400 κατ’

838 5613 902 5643 ες)

837 5633 923 5666 OZ.

539 5617 553 5651 ί
589 5613 721 5668 Luc.
753 5629 801 5680 v,
837 5613 923 5666 3‘2.
959 5611 978 5645 ’
1012 5610 1206 5664 Matth.
1244 5623 1327 5673 in,
1368 5607 1449 5660 16.
1482 5605 1503 5638 ³
1535 5601 1734 5660 Matth.
1767 5615 1844 5666 ix,
1878 5600 1966 5654 26.
