4106 6200
285 312 435 375 1133

1679 309 1864 373 VITA
1910 311 1972 372 S.
2023 312 2278 382 LUC/E.

3525 309 3683 368 1134

284 494 391 549 ριον
430 470 664 549 βεϐαιοῖ.
700 473 851 543 Πλὴν
886 473 1032 532 ἀλλά
1076 482 1177 545 τῆς
1231 473 1374 538 θείας
1425 473 1650 547 ὁμιλίας
1696 473 1921 543 ταύτης,

2056 478 2370 531 ευῑηιεωοη
2430 491 2557 547 qua
2608 475 2719 530 fuit
2777 474 2959 545 hujus
3015 473 3221 530 divinas
3279 471 3686 528 collocationis

281 562 328 618 τί
370 564 433 619 τὸ
463 563 754 640 γεώργιον.
817 565 932 639 Ηῦρ
988 561 1096 635 ἤδη
1160 565 1302 618 θεῖον
1360 567 1479 626 ταῖς
1535 561 1743 618 τούτων
1804 562 1928 615 ἀνα-

281 649 484 725 λάμπει
559 656 786 728 ψυχαῖςο
857 655 944 706 καὶ
1013 659 1113 721 τῆς
1173 654 1385 728 ἡμέρας
1451 651 1571 725 ἄρτι
1643 649 1928 720 κλινάσης,

285 747 462 814 μεῖναι
515 741 606 796 συν
667 743 854 802 αὐτοῖς
912 743 1000 797 τὸν
1063 743 1338 813 Δεσπότην
1397 736 1822 816 παρεϐιάσαντο.
1869 740 1930 796 Ὀ

285 829 360 899 δὲ,
393 831 622 887 πλείονα
670 832 774 900 τὴν
825 829 1154 906 θεογνωσίαν
1211 831 1406 886 αὐτοῖσ
1449 830 1674 885 ἐνθεῖναι
1728 827 1929 903 βουλό·

288 941 464 996 μενος,
498 921 559 975 ού
593 919 814 990 συνέστη
859 921 1028 992 μόνον
1078 919 1290 988 ἁπλῶς,
1338 918 1486 975 ἀλλᾶ
1544 919 1634 973 καὶ
1677 921 1746 990 τῇ
1795 936 1926 991 τρα-

284 1011 420 1085 πέζῃ
466 1008 966 1085 συγκατακλίνεται·
1020 1013 1088 1082 τῇ
1139 1030 1197 1063 τε
1234 1013 1330 1064 τοῦ
1381 1007 1548 1082 ἄρτου
1595 1005 1784 1062 κλάσει
1839 1005 1933 1060 οῦ-

284 1120 397 1166 τος,
443 1099 646 1160 ἐκεῖνος
699 1099 725 1152 ὁ
777 1100 1076 1173 τριήμερος
1124 1098 1260 1152 εἶναι
1318 1099 1501 1165 νεκρὸς
1548 1091 1932 1169 ἀκριϐέστερον

286 1189 630 1264 γνωρισθεὶς,
660 1187 818 1251 τέλος
847 1185 1027 1262 ᾤχετο
1079 1186 1258 1250 λαθὼν
1301 1186 1472 1241 αὐτῶν
1523 1190 1694 1240 πᾶσαν
1742 1184 1933 1251 αἶ’σθη-

287 1300 390 1347 σιν,
453 1273 798 1354 βεϐαιοτέραν
856 1277 1030 1338 οὕτως
1069 1278 1258 1339 αὐτοῖς
1305 1277 1404 1346 τὴν
1457 1274 1517 1330 ἐκ
1573 1279 1680 1329 τῶν
1729 1278 1929 1348 νεκρῶν

286 1367 564 1422 ἀνάστασιν
595 1365 982 1442 ἐργασάμενος.

353 1457 432 1512 Ε’.
464 1457 735 1519 Ἐντεῦθεν
778 1454 868 1510 καὶ
907 1458 1006 1524 τῆς
1064 1459 1162 1510 τοῦ
1210 1460 1472 1527 Σωτῆρος
1519 1453 1656 1528 πρὸς
1704 1453 1935 1524 οὐρανὸν

283 1543 633 1618 ἀναλήψεως,
667 1545 757 1599 καὶ
786 1552 888 1614 τῆς
918 1550 1016 1600 τοῦ
1054 1543 1324 1620 παναγίου
1373 1543 1689 1616 Πνεύματος
1734 1541 1930 1604 ἐκεῖθεν

283 1633 703 1714 ἐπιφοιτήσεως,
739 1634 900 1695 οὗτος
929 1640 1048 1698 τοῖς
1089 1631 1300 1688 δώδεκα
1347 1632 1786 1702 κεκοινωνηκὼς,
1833 1638 1932 1700 τῆς

285 1725 452 1792 αὐτῆς
499 1744 557 1779 τε
623 1723 942 1797 πληρωθεὶς
1009 1725 1239 1799 ’χάριτος
1297 1725 1386 1778 καὶ
1455 1720 1758 1795 δυνάμεως,
1825 1725 1931 1775 τῶν

284 1812 446 1869 ἐθνῶν
478 1811 808 1875 διδάσκαλος
839 1810 1227 1884 ἀναδείκνυται,
1279 1810 1554 1886 θεολογῶν
1599 1811 1660 1865 τὸ
1710 1811 1806 1880 τῆς
1853 1810 1936 1863 οἱ-

1022 1902 1112 1956 καὶ
1183 1899 1429 1963 πολλοὺς
1505 1899 1582 1962 εἷς
1640 1898 1929 1975 ἐπίγνωσιν

276 1998 372 2048 τοῦ
438 1992 807 2062 πεποιηκότος
876 1991 938 2046 ἐκ
993 1999 1093 2061 τῆς
1150 1991 1363 2060 ἀπάτης
1424 1994 1786 2065 χειραγωγῶν
1843 1989 1932 2043 καὶ

284 2079 506 2139 τελειῶν
563 2087 642 2154 τῷ
704 2080 1058 2158 βαπτίσματι.
1119 2083 1352 2155 Ἕτρεχε
1408 2082 1503 2152 μὲν
1549 2081 1651 2153 γὰρ
1713 2080 1740 2133 ὁ
1791 2081 1931 2141 Οεῖος

285 2173 441 2232 οὗτος
507 2175 715 2232 Λουκᾶς
781 2175 1067 2245 πανταχεῦ
1135 2167 1464 2244 διασπείρων
1531 2169 1592 2222 τὸ
1649 2170 1933 2242 κήρυγμα,

283 2261 373 2316 καὶ
411 2264 478 2334 τῇ
509 2265 614 2315 τῶν
665 2259 847 2334 λόγων
897 2262 1109 2333 σαγήνῃ
1143 2258 1270 2320 τοὺς
1319 2256 1545 2318 πλείους
1595 2255 1653 2311 ἐκ
1693 2264 1792 2326 τῆς
1837 2260 1933 2310 τοῦ

289 2351 453 2425 βυθοῦ
521 2349 790 2426 ἀγνωσίας
849 2347 1140 2422 προσάγων
1201 2351 1340 2418 Θεῷ,
1409 2347 1735 2400 κακοπαθῶν
1801 2345 1932 2418 ὑπὲρ

282 2443 376 2494 τοῦ
410 2436 775 2514 Εύαγγελίου,
807 2443 924 2500 τοῖς
953 2437 1349 2510 πονηροτάτοις
1391 2433 1677 2504 Ἐλλήνων
1710 2434 1784 2494 εἲς
1835 2432 1935 2488 λὸ-

282 2549 412 2603 γους
457 2525 680 2606 χωρῶν,
743 2524 931 2581 πολλά
981 2525 1048 2580 τὰ
1093 2522 1329 2598 δυσχερῆ
1394 2522 1755 2601 ὑιριστάμενος
1800 2522 1937 2574 κατὰ

284 2625 408 2694 γῆν,
457 2618 597 2672 κατὰ
647 2614 946 2684 θάλατταν,
1013 2613 1152 2669 κατά
1207 2610 1420 2672 πόλεις.
1481 2611 1727 2684 Ἐρημος
1785 2608 1934 2680 αὐτῷ

286 2709 446 2784 φίλον
507 2703 704 2785 ἔδαφος
754 2705 1096 2777 ὠνομάζετο,
1162 2702 1322 2776 μόνον
1384 2697 1436 2754 εἷ’
1484 2721 1634 2761 τινας
1686 2699 1738 2753 ἐν
1798 2698 1932 2772 αὐτῇ

286 2802 405 2870 Θεῷ
470 2799 834 2872 προσαγαγεῖν
893 2794 1061 2867 εὕροι,
1119 2793 1210 2848 καὶ
1272 2793 1575 2866 μεταθεῖναι
1640 2789 1777 2865 πρὸς
1834 2790 1934 2857 την

290 2881 582 2943 εὐσέϐειαν.

363 2977 423 3039 ς’.
459 2975 608 3032 Ἐπεὶ
642 2971 699 3029 δὲ
728 2975 820 3029 καὶ
865 2971 1105 3037 Παῦλος,
1133 2976 1241 3026 τῶν
1278 2969 1541 3044 οὐρανίων
1581 2963 1935 3039 ἐπιϐήσεσθαι

295 3064 540 3140 μέλλων,
607 3061 964 3119 κατοπτεῦσαί
1022 3083 1081 3116 τε
1137 3061 1226 3114 καὶ
1284 3058 1512 3134 κηρύξαι
1575 3062 1783 3133 τρανῶς
1839 3058 1938 3124 τὴν

289 3153 572 3224 ἀλήθειαν,
603 3154 665 3208 τὸ
695 3159 796 3222 τῆς
825 3153 1038 3220 ἀπάτης
1083 3149 1276 3210 σκότος
1323 3143 1621 3203 ἀποϐαλὼν
1669 3151 1738 3219 τῇ
1789 3145 1934 3200 εὐσε-

283 1923 408 1958 κονο
419 1902 543 1976 μίας
615 1905 937 1977 μυστήριον,

2045 564 2381 636 agricolatio
2409 565 2437 619 ?
2465 563 2624 635 Ignis
2667 564 2898 619 divinus
2939 564 3064 633 jam
3116 563 3174 618 in
3216 563 3424 619 horum
3473 561 3685 618 animis

2041 655 2286 718 relucet,
2338 655 2583 724 jamque
2649 652 2742 708 die
2800 652 3128 707 declinante
3195 669 3427 707 manere
3484 668 3684 707 secum

2043 743 2355 798 Dominum
2381 743 2815 812 quodammodo
2839 743 3171 812 coegerunt.
3196 741 3370 795 Porro
3402 740 3542 810 ipse,
3570 757 3687 796 ma-

2037 831 2150 904 jori
2183 831 2273 886 l)ei
2300 830 2634 902 cognitione
2679 830 2812 886 illos
2845 831 3040 885 amare
3090 827 3304 894 volens,
3340 846 3454 883 non
3496 829 3680 885 solum

2044 920 2270 991 vulgari
2305 921 2472 976 modo
2503 935 2851 991 congressus
2877 923 2984 984 est,
3015 917 3393 975 verumetiam
3426 918 3496 972 ad
3529 933 3687 974 men-

2043 1025 2164 1066 sam
2209 1027 2320 1065 una
2382 1011 2690 1078 recumbit,
2741 1009 3030 1081 panisque
3089 1008 3371 1062 fractione
3427 1007 3684 1064 exactius

2044 1101 2276 1172 agnitus
2319 1104 2406 1155 est
2455 1099 2548 1154 hic
2605 1099 2754 1153 idern
2802 1098 2900 1169 qui
2935 1097 3125 1152 triduo
3174 1101 3444 1152 mortuus
3476 1097 3687 1164 fuerat,

2047 1190 2280 1244 tandem
2305 1189 2592 1260 disparuit
2611 1187 2770 1243 nullo
2793 1203 2990 1244 eorum
3015 1202 3189 1241 sensu
3215 1186 3270 1241 id
3297 1186 3682 1258 percipiente;

2044 1279 2247 1334 effecta
2307 1279 2412 1334 hoc
2476 1279 2644 1334 modo
2701 1279 2759 1333 in
2822 1276 2907 1332 eis
2955 1276 3199 1332 ﬁrmiori
3265 1276 3686 1333 resurrectione

2047 1373 2430 1424 mortuorum.

2115 1457 2183 1512 V.
2220 1459 2502 1512 Praeterea
2534 1473 2566 1511 a
2596 1455 2908 1511 Salvatoris
2942 1454 3003 1510 in
3034 1454 3242 1510 caelum
3288 1457 3688 1527 assumptione

2043 1562 2109 1602 ac
2140 1545 2498 1602 sanctissimi
2539 1544 2793 1616 Spiritus
2832 1544 2968 1599 inde
2999 1543 3398 1611 descensione,
3423 1544 3517 1600 hic
3547 1547 3687 1601 duo-

2046 1636 2232 1692 decim
2268 1635 2549 1707 apostolis
2582 1635 2905 1690 associatus
2927 1639 2984 1688 et
3024 1633 3220 1688 eadem
3256 1634 3442 1704 gratia
3491 1652 3556 1690 ac
3588 1652 3687 1706 po-

2045 1729 2250 1782 testate
2309 1726 2587 1797 repletus,
2631 1724 2898 1780 Gentium
2961 1729 3280 1795 praeceptor
3331 1725 3684 1794 designatur,

1967 1850 2020 1915 B
2047 1817 2239 1871 divino
2273 1817 2443 1870 modo
2493 1816 2709 1870 docens
2741 1813 3194 1885 dispensationis
3228 1815 3594 1884 mysterium,
3631 1822 3687 1870 et

2048 1905 2262 1960 multos
2304 1906 2372 1960 ad
2420 1904 2705 1959 Creatoris
2736 1904 3124 1974 cognitionem
3159 1919 3225 1958 ex
3255 1921 3448 1960 errore
3476 1922 3685 1960 manu-

2045 1996 2264 2050 duccns
2297 2011 2362 2050 ac
2391 1994 2744 2065 baptismate
2762 2009 3126 2048 consecrans.
3163 1993 3461 2064 Siquidem
3494 2011 3686 2052 curre-

2043 2084 2142 2139 bat
2199 2083 2432 2136 divinus
2498 2081 2594 2136 hic
2675 2082 2854 2136 Lucas
2938 2081 3399 2150 praedicationem
3473 2083 3685 2155 ubique

2044 2171 2460 2234 disseminans,
2512 2180 2566 2226 et
2642 2185 2976 2225 sermonum
3054 2187 3268 2240 sagena
3345 2172 3541 2242 plures
3617 2189 3686 2228 ex

2045 2262 2333 2334 profunda
2365 2259 2698 2330 ignorantia
2726 2261 2792 2314 ad
2825 2261 3002 2315 Deum
3035 2260 3356 2316 adducebat
3391 2262 3685 2317 :al'flictus

2045 2367 2145 2420 pro
2188 2349 2518 2421 Evangelio,
2549 2365 2681 2403 cum
2726 2349 2792 2403 ad
2822 2349 3102 2418 pessimos
3133 2349 3358 2405 Graecos
3398 2351 3469 2405 ad
3505 2352 3687 2407 disse-

2047 2438 2356 2492 minandos
2386 2453 2686 2492 sermones
2717 2437 3039 2505 accederet,
3075 2439 3261 2494 multa
3291 2456 3496 2508 aspera
3519 2441 3690 2496 susti-

2045 2527 2221 2580 nebat
2274 2527 2331 2579 in
2385 2531 2557 2592 terra,
2604 2526 2658 2579 in
2712 2527 2878 2592 mari,
2912 2527 2970 2581 in
3032 2527 3282 2597 singulis
3330 2528 3684 2584 civitatibus.

2045 2618 2342 2672 Desertum
2383 2616 2689 2672 dicebatur
2737 2617 2787 2670 ei
2824 2618 3081 2671 amicum
3123 2617 3340 2684 solum,
3375 2619 3687 2675 dummodo

2046 2705 2275 2776 aliquos
2326 2706 2384 2760 in
2434 2722 2498 2761 eo
2558 2704 2844 2760 inveniret
2903 2722 3051 2776 quos
3090 2706 3206 2762 Deo
3264 2708 3576 2764 adduceret
3623 2726 3688 2765 ac

2045 2793 2388 2849 transferret
2417 2793 2488 2848 ad
2522 2793 2821 2864 pietatem.

2119 2977 2208 3031 Vl.
2249 2974 2351 3030 Ubi
2382 2979 2575 3031 autem
2609 2979 2665 3031 et
2705 2975 2915 3030 Paulus
2945 2974 3201 3032 coelestia
3231 2981 3688 3049 conscendisset,

2047 3067 2112 3118 ut
2143 3065 2470 3120 intueretur
2503 3064 2796 3120 veritatem
2829 3069 2886 3120 et
2927 3073 3120 3135 aperte
3171 3083 3295 3122 eam
3331 3069 3691 3138 praedicaret,

2046 3169 2113 3206 ac
2139 3154 2380 3223 abjcctis
2411 3155 2624 3209 erroris
2675 3154 2936 3210 tenebris
2976 3154 3205 3209 veritati
3237 3157 3602 3227 adhaesisset,
3637 3163 3693 3214 et

291 3239 409 3298 ϐεία
440 3239 705 3314 συνέθετο,
745 3242 836 3296 καὶ
889 3245 967 3311 τῷ
1014 3244 1173 3314 χορῷ
1233 3242 1622 3311 συνηριθμεῖτο
1668 3240 1777 3290 τῶν
1836 3255 1937 3309 μα-

2056 3241 2220 3296 :horo
2251 3241 2670 3312 discipulorum
2700 3248 3132 3298 annumeratus
3174 3249 3345 3314 esset,
3377 3245 3556 3302 Lucas
3585 3247 3693 3316 ipsi

297 3335 502 3403 θητῶν,
547 3331 937 3404 συνοδοιπόρος
995 3329 1140 3400 αὐτῷ
1198 3332 1408 3388 Λουκᾶς
1453 3326 1767 3390 καθίσταται
1807 3345 1945 3378 παν-

288 3426 466 3498 ταχοῦ
517 3423 606 3477 καὶ
657 3417 1017 3491 συνέκδημος,
1051 3418 1276 3491 ἀγώνων
1327 3420 1435 3472 τῶν
1488 3415 1620 3489 ὑπὲρ
1671 3408 1943 3475 εὐσεϐείας

294 3511 456 3586 ἐρῶν,
523 3511 613 3564 καὶ
682 3506 770 3562 διὰ
835 3511 997 3562 τοῦτο
1077 3501 1356 3577 τηλικῷδε
1423 3504 1676 3573 συντάξας
1756 3502 1941 3556 ἑαυτὸν

297 3599 629 3675 στρατιώτῃ,
665 3599 831 3671 μέχρι
884 3617 942 3650 τε
983 3593 1198 3663 δεσμῶν
1257 3594 1334 3655 ὡς
1394 3597 1700 3667 κακοῦργος
1746 3610 1947 3664 συγκα-

298 3691 551 3751 κοπαθῶν
582 3685 750 3758 αὐτῷ,
800 3683 889 3740 καὶ
940 3685 1034 3746 τὰς
1082 3689 1182 3752 τῆς
1237 3681 1560 3758 θεογνωσίας
1613 3681 1826 3742 ἀκτῖνας
1872 3677 1948 3740 εἷς

299 3777 367 3831 τά
440 3777 644 3850 πέρατα
711 3775 1128 3846 συνεκπέμπων,
1189 3770 1332 3826 οὕτω
1400 3769 1792 3844 συναρμοσθεὶς
1856 3768 1947 3822 καὶ

303 3866 626 3934 οἶκειωθεὶς,
694 3865 783 3920 καὶ
849 3865 986 3919 κατά
1058 3863 1232 3918 πάντα
1315 3858 1709 3935 κεχαρισμένος
1801 3857 1950 3929 αὐτῷ

303 3955 618 4034 γενόμενος,
650 3953 790 4010 ὥστε
845 3953 936 4008 τὸν
997 3951 1234 4020 Παῦλον,
1277 3948 1668 4005 ἐπιστέλλοντα
1713 3952 1828 4008 τοῖς
1867 3968 1952 4000 πι-

304 4049 474 4111 στοῖς,
534 4043 811 4118 ἀγαπητὸν
863 4039 1159 4115 πολλαχοῦ
1214 4041 1305 4094 τὸν
1367 4043 1577 4093 Λουκᾶν
1637 4037 1947 4109 ὀνομάζειν,

301 4136 399 4195 Ὃς
427 4133 536 4188 ἀπό
571 4153 630 4187 τε
678 4129 1050 4206 Ἰερουσαλὴμ
1104 4129 1195 4184 καὶ
1245 4127 1432 4200 κύκλῳ
1484 4126 1648 4201 μέχρι
1697 4128 1793 4178 τοῦ
1843 4121 1953 4180 Ἰλ-

307 4222 538 4293 λυρικοῦ
574 4222 637 4276 τὸ
688 4219 1026 4294 Εὐαγγέλιον
1073 4220 1165 4272 σὺν
1215 4218 1398 4289 τούτῳ
1435 4215 1691 4289 πληρῶν,
1742 4213 1848 4267 ἀπό
1895 4233 1952 4267 τε

306 4307 574 4370 Ἰουδαίας
624 4307 757 4386 ἄχρι
816 4309 1035 4380 Ῥώμης
1093 4304 1241 4378 αὒτῷ
1298 4301 1786 4377 συνδεσμούμενος,
1843 4305 1950 4356 τῶν

306 4397 483 4452 αὐτῶν
524 4398 734 4462 κόπων,
766 4402 872 4450 τῶν
908 4397 1088 4451 αὐτῶν
1127 4395 1389 4469 θλίψεων,
1422 4399 1530 4448 τῶν
1563 4391 1739 4447 αὐτῶν
1773 4410 1957 4444 κεκοι-

303 4488 515 4556 νώνηκε
579 4484 871 4559 ναυαγίων,
939 4481 1290 4559 συμμέτοχος
1335 4483 1661 4559 ἀναφανῆναι
1737 4480 1956 4540 πάντως

2056 3333 2246 3386 socius
2280 3331 2505 3387 itineris
2535 3332 2752 3402 ubique
2783 3333 3155 3389 constituitur
3183 3351 3248 3388 ac
3282 3337 3693 3406 peregrinatio-

2054 3421 2144 3475 nis
2176 3437 2386 3489 comes,
2420 3422 2737 3476 certamina
2780 3437 2880 3493 pro
2937 3423 3152 3492 pietate
3197 3429 3496 3495 exoptans,
3530 3429 3586 3481 et
3623 3427 3694 3481 ob

2053 3509 2109 3564 id
2141 3527 2202 3564 sc
2225 3509 2562 3578 hujusmodi
2595 3511 2961 3582 conjungens
2995 3511 3188 3578 militi,
3221 3517 3278 3567 et
3321 3531 3433 3568 una
3465 3531 3598 3569 cum
3631 3532 3696 3570 eo

2057 3615 2240 3670 usque
2273 3599 2345 3654 ad
2376 3601 2612 3654 vincula
2643 3599 2902 3654 afﬂictus
2934 3601 3100 3671 quasi
3136 3601 3456 3658 maleficus.
3490 3603 3696 3659 simul-

2055 3704 2170 3758 que
2217 3686 2564 3756 cognitionis
2599 3687 2790 3744 radios
2840 3689 2910 3742 ad
2973 3687 3120 3744 ﬁnes
3177 3694 3342 3746 terrm
3374 3692 3694 3746 amittens:

2053 3779 2194 3832 adeo
2225 3775 2338 3844 ipsi
2369 3777 2686 3832 conformis
2717 3793 2782 3831 ac
2842 3777 3217 3846 domesticus,
3266 3783 3321 3833 et
3352 3797 3454 3850 per
3501 3781 3699 3834 omnia

2056 3870 2254 3938 gratus
2285 3865 2550 3936 eﬂ'ectus,
2588 3874 2646 3920 ut
2689 3864 2905 3922 Paulus
2955 3867 3218 3922 scribens
3269 3868 3537 3924 ﬁdelibus
3585 3869 3695 3924 Lu-

2057 3971 2182 4010 cam
2218 3955 2546 4026 frequenter
2575 3955 2906 4010 nominaret
2937 3955 3212 4011 dilectum
3240 3972 3252 4011 ε
3279 3960 3378 4027 qui
3403 3958 3474 4012 ab
3507 3958 3700 4014 Hiero-

2057 4043 2294 4115 solymis
2351 4048 2408 4098 et
2482 4043 3110 4115 cireumadjacentibus
3186 4044 3329 4102 locis
3410 4045 3699 4118 Illyricum

2061 4149 2246 4203 usque
2287 4149 2402 4188 una
2449 4147 2584 4188 cum
2618 4133 2743 4204 ipso
2793 4132 3055 4203 implevit
3088 4131 3460 4206 Evangelium
3498 4153 3510 4191 :
3561 4141 3617 4191 et
3666 4154 3699 4191 a

2059 4221 2260 4278 Judaaa
2301 4221 2542 4276 Romam
2585 4237 2764 4290 usque
2796 4238 2913 4276 una
2939 4237 3068 4277 cum
3099 4238 3164 4278 eo
3193 4224 3444 4291 vinctus,
3478 4225 3694 4280 eisdem

2061 4311 2382 4375 laboribus,
2415 4311 2635 4366 eisdem
2683 4311 3128 4377 afflictionibus,
3179 4312 3397 4368 eisdem
3439 4332 3705 4370 commu-

2063 4399 2277 4454 nicavit
2310 4399 2654 4469 naufragiis,
2683 4399 2879 4455 volens
2919 4399 3156 4455 omnino
3188 4402 3481 4474 particeps
3513 4404 3704 4459 decla-

2067 4488 2176 4543 rari
2206 4486 2380 4542 etiam
2403 4503 2745 4543 coronarum
2771 4493 3006 4559 propter
3026 4487 3134 4543 bos
3166 4489 3395 4546 labores
3426 4492 3708 4562 recipien-

304 4575 532 4630 καὶτῶν
568 4573 657 4629 ἐπὶ
714 4573 986 4632 τοιούτοις
1025 4571 1212 4633 πόνοις
1272 4571 1540 4646 στεφάνων
1595 4567 1943 4644 βουλόμενος.

2063 4576 2291 4630 darum.
2326 4578 2412 4630 Ita
2442 4591 2578 4646 ergo
2612 4576 2710 4629 ubi
2744 4576 2920 4633 variis
2951 4576 3142 4632 modis
3169 4578 3227 4633 in
3260 4578 3478 4635 talento
3510 4579 3711 4650 praedi-

308 4664 466 4722 Οῦτω
525 4666 816 4740 τοιγαροῦν
858 4658 1182 4721 πολυτελῶς
1234 4658 1326 4714 σὺν
1378 4659 1456 4730 τῷ
1490 4657 1692 4730 Παύλῳ
1737 4657 1799 4712 τὸ
1858 4659 1954 4712 τοῦ

306 4753 663 4830 κηρύγματος
710 4750 1188 4826 ἐμπορευσάμενος
1256 4745 1541 4814 τάλαντον,
1588 4748 1677 4801 καὶ
1724 4750 1956 4800 τοσαῦτα

309 4843 641 4918 παραγαγὼν
681 4841 772 4896 καὶ
805 4836 1141 4916 σαγηνεύσας
1173 4835 1298 4907 ἔθνη
1331 4841 1400 4910 τῇ
1435 4830 1796 4905 εὐσεϐεία,τῆς
1819 4833 1960 4904 ὅλης

307 4937 410 4988 τοῦ
434 4930 763 4988 διδασκάλου
795 4926 1115 5002 υἰκονομίας
1147 4927 1175 4980 ὁ
1198 4927 1287 4980 καὶ
1313 4924 1487 5002 φιλῶν
1520 4928 1598 4995 τῷ
1628 4923 1843 4978 ’ὁντικαῖ
1871 4945 1960 5001 φι-

312 5022 582 5095 λούμενος
624 5021 898 5095 μαθητής,
951 5018 1283 5095 ἱερογράφος
1327 5016 1468 5088 ὁμοῦ
1512 5015 1602 5068 καὶ
1660 5011 1963 5089 Εὖαγγελι-

311 5115 445 5182 στῆς
480 5111 771 5184 δείκνυται,
833 5111 926 5166 ἅτε
982 5108 1071 5164 καὶ
1121 5106 1384 5182 πρότερον
1425 5102 1958 5179 παρηκολουθηκὼς,

308 5205 403 5258 καὶ
442 5202 586 5275 παρὰ
616 5205 724 5257 τῶν
760 5200 1015 5275 ἀπαρχῆς
1077 5198 1362 5272 ὑπηρετῶν
1411 5199 1578 5250 ταῦτα
1625 5191 1959 5269 γνωρισθεὶς,

314 5289 472 5359 ἤκαὶ
534 5289 986 5367 μυσταγωγηθείς
1038 5285 1256 5342 ἄνωθεν.
1316 5285 1392 5341 Τὸ
1447 5285 1548 5360 γὰρ
1603 5287 1700 5338 τοῦ
1757 5301 1963 5353 νυμφο-

319 5382 518 5438 στόλου
563 5375 810 5456 Γαϐριὴλ
869 5378 1001 5452 πρὸς
1054 5379 1156 5445 τήν
1219 5373 1482 5450 Παρθένον
1530 5374 1684 5434 οὗτος
1750 5371 1960 5445 μυστή-

315 5492 428 5547 ριον
478 5471 766 5544 ἀνετάξατο
798 5470 826 5524 ὁ
868 5465 1304 5542 Εὐαγγελιστὴς,
1351 5468 1450 5519 τοῦ
1496 5463 1684 5531 κοινὴν
1736 5459 1962 5535 εὐαγγε-

314 5559 614 5634 λισαμένου
673 5563 752 5630 τῷ
816 5555 1007 5629 κόσμῳ
1073 5555 1267 5628 γαράν.
1337 5554 1510 5614 Οὗτος
1566 5551 1657 5606 καὶ
1711 5550 1810 5618 τὴν
1866 5553 1963 5603 τοῦ

310 5654 567 5726 Χριστοῦ
614 5649 858 5722 γέννησιν
919 5645 1152 5720 ἐναργῶς
1213 5639 1550 5717 διεχάραξεν,
1608 5638 1790 5714 ὥσπερ
1842 5639 1961 5714 ἄρτι

2065 4664 2308 4720 calionis
2340 4663 2518 4720 simul
2547 4681 2678 4721 cum
2724 4667 2903 4721 Paulo
2949 4667 3284 4738 nogotiatus
3325 4676 3490 4736 esset,
3541 4677 3712 4740 atque

2064 4758 2151 4808 tot
2199 4761 2396 4822 gentes
2440 4754 2781 4809 adduxisset
2827 4771 2892 4810 ac
2935 4755 3244 4813 irretiisset
3299 4758 3367 4813 ad
3415 4758 3710 4828 pietatem,

2069 4843 2248 4898 totius
2291 4843 2746 4914 dispensationis
2796 4846 3170 4915 praeceptoris
3208 4851 3265 4903 et
3313 4864 3439 4904 vere
3487 4852 3713 4903 amator

2068 4943 2121 4990 et
2196 4939 2427 4989 amatus
2504 4935 2844 5006 discipulus,
2902 4953 3081 4992 sacrae
3149 4939 3403 5010 scriptor
3458 4939 3712 4994 historias

2069 5022 2332 5077 simulet
2385 5023 2757 5095 Evangelista
2816 5025 3169 5093 ostenditur,
3203 5035 3264 5082 ut
3318 5028 3414 5098 qui
3450 5035 3501 5084 el
3552 5028 3714 5097 prius

2070 5115 2382 5166 assecutus
2411 5116 2585 5177 esset,
2635 5117 2691 5168 et
2720 5113 2793 5168 ab
2851 5113 2943 5169 his
2978 5115 3076 5185 qui
3120 5117 3190 5170 ab
3239 5114 3405 5171 initio
3459 5115 3713 5172 ministri

2075 5201 2303 5254 fuerant
2349 5199 2468 5255 haec
2513 5202 2900 5272 cognovisset,
2950 5208 3051 5256 aut
3111 5204 3289 5260 etiam
3359 5221 3609 5276 superno
3654 5204 3712 5261 in

2071 5289 2256 5344 sacris
2314 5291 2557 5347 edoctus
2615 5296 2785 5346 esset.
2845 5291 3154 5361 Siquidem
3216 5294 3308 5349 hic
3368 5295 3722 5367 evangelista

2072 5378 2414 5450 mysterium
2448 5380 2694 5435 retexuit
2722 5379 3002 5435 Gabrielis
3037 5383 3424 5456 paranymphi
3455 5384 3714 5441 delatum

2073 5469 2142 5522 ad
2174 5465 2473 5537 Virginem
2506 5467 2605 5538 qui
2654 5482 3030 5524 communem
3086 5473 3309 5528 mundo
3338 5473 3580 5542 gratiam
3614 5490 3719 5529 an-

2074 5555 2468 5613 nuntiaverat.
2516 5556 2620 5615 Hic
2650 5557 2825 5616 etiam
2883 5558 3101 5616 Christi
3135 5561 3491 5619 nativitatem
3525 5565 3720 5635 aperte

2074 5643 2352 5715 exaravit,
2404 5650 2680 5718 tanquam
2746 5663 2946 5705 recens
3009 5648 3069 5706 in
3138 5651 3382 5724 praecepi
3430 5652 3718 5722 iacentem
