4106 6200
544 363 696 425 1135

1887 354 2170 415 ΜΕΝΞῘΞ
2213 355 2593 415 OCTOBER.

3749 363 3872 422 H36

539 523 938 590 manifestans,
1015 525 1072 578 et
1141 520 1350 576 fascias
1409 535 1474 575 ae
1534 522 1824 590 pastores,
1877 515 2173 588 gaudiiun

2297 512 2549 586 κείμενον
2579 522 2645 583 τῆ
2704 515 2875 593 φάτνῃ
2941 515 3325 590 παραδεικνυς,
3385 517 3471 574 καὶ
3519 518 3783 596 σπάργανα,
3808 528 3874 579 καὶ

540 628 833 686 praecones
871 611 1102 680 angelos
1161 609 1519 665 describens.
1578 609 1681 663 Hic
1739 607 2058 663 sententias
2117 622 2183 661 ac

540 704 839 760 doctrinas
895 717 1130 757 omnem
1174 707 1428 755 mentem
1461 700 1820 765 excedentes,
1852 697 1971 753 veri
2003 696 2181 752 simul

541 811 606 850 ac
662 793 890 846 honesti
951 807 1147 846 amore
1217 789 1631 856 rnanifestavit,
1691 804 1885 843 rerum
1952 786 2181 843 veritati

541 900 874 940 sermonum
909 883 1328 951 ingenuitatem
1363 881 1771 944 commiscens,
1815 883 1880 933 ut
1927 883 1984 932 et
2017 895 2180 934 men-

540 975 617 1026 tis
649 973 818 1027 simul
853 987 920 1026 ac
969 973 1178 1041 linguae
1228 969 1502 1024 virtutem
1555 969 1627 1023 ob
1677 967 1877 1023 oculos
1921 972 2180 1040 poneret.

539 1063 602 1116 In
638 1060 931 1133 parabolis
985 1076 1217 1130 quoque
1268 1058 1564 1114 doctrinas
1596 1058 1883 1112 salutares
1915 1057 2181 1123 retexuit,

540 1151 598 1205 in
647 1151 752 1205 hoc
811 1150 982 1204 etiam
1044 1149 1332 1219 cOpiosior
1388 1151 1629 1203 czeteris.
1690 1146 1879 1217 thue
1933 1147 2185 1202 breviter

540 1240 753 1301 dicam,
780 1238 1272 1310 quemadmodum
1300 1237 1468 1292 Verbi
1495 1238 1842 1291 descensum
1874 1237 1932 1290 in
1966 1242 2181 1291 terram

541 1328 793 1384 dilucide
846 1328 1311 1398 cognoscendum
1361 1325 1540 1392 dedit,
1574 1327 1650 1380 ita
1681 1331 1737 1380 et
1782 1341 2089 1381 ascensum
2123 1325 2182 1380 in

541 1418 733 1483 cazlos,
776 1421 833 1473 et
874 1417 1126 1472 reditum
1169 1417 1240 1471 ad
1305 1415 1578 1471 thronum
1641 1419 1971 1486 paternum,
2033 1415 2185 1469 sicut

543 1507 831 1578 quispiam
863 1522 892 1563 e
922 1506 1063 1561 cmlo
1094 1506 1347 1572 veniens,
1391 1503 1808 1560 manifestavit.
1843 1504 1956 1559 Hoc
1990 1513 2182 1560 autem

539 1596 692 1652 inter
731 1600 932 1651 caetera
971 1596 1373 1667 gratissimum
1415 1600 1501 1651 est
1538 1595 1691 1665 quod
1726 1594 1921 1666 ipsum
1956 1611 2184 1665 quoque

537 1688 741 1756 typum
819 1690 1131 1755 assumptis
1195 1683 1584 1738 humanitatis
1650 1683 1862 1738 Christi
1922 1683 2058 1752 mei,
2119 1700 2184 1738 ac

539 1777 775 1846 signum
825 1776 953 1845 ejus
1011 1790 1135 1845 qua
1179 1773 1344 1828 illum
1378 1777 1682 1844 pepererat
1719 1777 1776 1827 et
1820 1782 2181 1844 assumptam

2297 603 2579 677 ποιμένας,
2647 607 2734 659 καὶ
2801 607 2926 668 τοὺς
2991 615 3090 677 τῆς
3147 613 3322 682 χαρᾶς
3377 612 3608 684 κήρυκας
3660 612 3874 686 ἀγγέλους

2294 695 2720 774 συνεπιγρσὶφων,
2783 697 2957 758 Οὗτος
3023 697 3120 758 τὰς
3181 697 3350 754 πάντα
3413 704 3532 754 νοῦν
3591 697 3873 775 ὑπερϐαλλοσ

2297 787 2455 857 μένας
2487 783 2945 857 παραδοξοποιίας
2993 793 3320 860 φιλαλῆθῶς
3361 809 3418 843 τε
3449 790 3586 860 ὁμοῦ
3626 791 3707 844 καὶ
3750 790 3873 866 φιλο-

2292 871 2474 935 κάλως
2543 871 2809 944 ἐδήλωσε,
2878 876 3218 950 πααγμσὶτων
3285 876 3513 946 ἀληθεία
3559 875 3720 953 λόγων
3769 880 3874 955 εύγέ·

2292 983 2434 1016 νειαν
2471 964 2822 1037 συγκεράσας,
2853 963 2943 1018 1ἰἷνόι
2972 965 3062 1018 καὶ
3101 966 3330 1040 γνώμης
3381 967 3489 1038 ἅμα
3530 969 3614 1021 καὶ
3665 967 3874 1041 γλώττης

2291 1053 2486 1121 ἀρετὴν
2519 1056 2867 1128 παραστήσῃ.
2919 1055 3004 1110 Ἐν
3076 1050 3419 1129 παραϐολαῖς
3472 1076 3528 1110 τε
3579 1053 3873 1119 διδασκαλίας

2295 1141 2690 1216 σωτηριώδεις,
2749 1144 2842 1197 κάν
2908 1146 3087 1214 τούτῳ
3143 1149 3251 1198 τῶν
3316 1142 3501 1198 ἄλλων
3568 1145 3874 1214 πλεονεκτῶν,

2293 1231 2610 1307 ἐξυφήνατο.
2682 1232 2779 1288 Καί
2854 1233 3139 1287 συνελόντα

2294 1320 2380 1375 ἐπὶ
2446 1329 2550 1396 γῆς
2617 1319 2846 1386 κάθοδον
2909 1327 3005 1377 τοῦ
3075 1322 3252 1398 Λόγου

3243 1233 3424 1310 φάναι,
3516 1235 3737 1307 καθάπερ
3803 1239 3873 1304 τήν

3344 1329 3550 1397 τρανῶς
3616 1323 3871 1399 ἐγνώρισεν,

2295 1407 2436 1464 οὕτω
2480 1411 2570 1464 καὶ
2625 1412 2722 1480 τῆν
2793 1410 2868 1474 εἷς
2934 1410 3181 1484 οὐρανὸν,
3250 1409 3436 1466 ἃνοδον
3497 1413 3583 1466 καὶ
3650 1414 3768 1485 πρὸς
3811 1415 3875 1467 τὸν

2293 1503 2542 1573 πατρῷον
2585 1499 2776 1574 Θρόνον
2831 1498 3115 1572 ἐπάνοδον,
3183 1502 3274 1554 οἷά
3328 1521 3410 1562 τις
3469 1500 3614 1569 ἥκων
3671 1501 3716 1574 ἐξ
3750 1503 3874 1578 οὐρι-

2293 1592 2387 1642 νοῦ
2463 1586 2804 1668 διεσάφησεν.
2881 1592 2950 1647 ’Ὁ
3016 1587 3075 1644 δὲ
3137 1595 3246 1644 τῶν
3315 1589 3502 1645 ἄλλων
3564 1588 3668 1645 ἐστὶ
3728 1594 3875 1665 χαριὲο

2296 1699 2507 1747 στατον,
2552 1678 2635 1732 ὅτι
2684 1679 2772 1733 καὶ
2834 1677 2992 1733 αὐτὸν
3051 1679 3143 1734 τὸν
3199 1683 3295 1734 τοῦ
3342 1679 3763 1753 προσλήμματος
3805 1685 3874 1735 τοῦ

2296 1767 2430 1840 ἐμοῦ
2479 1773 2718 1843 Χριστοῦ
2775 1769 2968 1838 τύπον,
3024 1769 3116 1823 τόν
3172 1790 3230 1824 τε
3291 1773 3390 1834 τῆς
3451 1769 3607 1824 αὐτὸν
3665 1769 3875 1838 τεκούσης

537 1864 968 1919 humanitatem
1018 1864 1279 1928 dederat,
1315 1862 1534 1933 primus
1584 1862 1678 1917 hic
1726 1878 1858 1918 cera
1897 1879 1961 1917 ac
1992 1861 2173 1917 linea-

2293 1858 2381 1911 καὶ
2415 1855 2613 1928 δούσης
2655 1858 2716 1911 τὸ
2774 1856 3121 1932 πρόσλῆμμα
3179 1865 3521 1933 χαρακτῆρα,
3577 1864 3774 1934 πρῶτος
3809 1861 3876 1912 0'3-

538 1953 750 2008 mentis
801 1954 1049 2022 tingens,
1111 1956 1175 2006 ut
1231 1953 1300 2006 ad
1361 1952 1482 2006 haec
1530 1967 1717 2021 usque
1775 1957 2052 2022 tempora,
2122 1951 2180 2006 in

536 2042 794 2113 imagine
823 2042 1271 2106 honorarentur,
1306 2041 1540 2095 tradidit
1574 2049 1851 2109 tanquam
1885 2056 1999 2095 non
2041 2043 2185 2095 satis

539 2147 668 2185 esse
699 2131 1059 2193 existimans,
1087 2131 1197 2184 nisi
1221 2130 1392 2183 etiam
1427 2144 1526 2198 per
1547 2127 1861 2198 imaginem
1885 2145 1948 2182 ac
1980 2134 2183 2199 typum

537 2225 870 2274 versaretur
903 2234 1032 2272 cum
1084 2217 1133 2272 is
1164 2233 1312 2288 quos
1354 2217 1742 2283 desiderabat,
1777 2217 1923 2287 qaod
1969 2218 2188 2272 ferven-

539 2305 749 2361 tissimi
784 2307 1000 2362 amoris
1030 2305 1259 2377 signum
1291 2310 1396 2360 est.
1431 2305 1630 2376 Neque
1666 2306 1722 2360 id
1753 2306 1964 2368 solum,
1999 2307 2099 2362 sed
2132 2315 2185 2363 et

543 2395 816 2451 ﬁdelibus
847 2395 1120 2451 omnibus
1143 2394 1473 2465 Christique
1504 2395 1865 2452 amatoribus
1905 2395 2026 2452 haec
2057 2412 2183 2467 quae

541 2485 794 2540 maxima
825 2488 993 2540 erant
1008 2485 1260 2556 gratiose
1285 2483 1542 2541 donavit.

607 2574 726 2630 VII.
761 2577 831 2629 At
872 2591 985 2630 non
1029 2574 1088 2629 in
1124 2574 1212 2629 his
1242 2573 1383 2630 solis
1433 2579 1613 2629 Lucas
1653 2574 1896 2645 gratiam
1936 2575 2184 2646 Spiritus

539 2680 664 2735 qua:
681 2663 736 2718 in
757 2680 818 2720 se
831 2664 1292 2729 eratcoarctavit,
1309 2679 1492 2733 neque
1511 2664 1580 2718 ad
1598 2663 1788 2720 solum
1808 2665 2178 2734 Evangelium

537 2752 633 2809 hic
674 2752 1103 2808 ministrantem
1152 2752 1349 2807 habuit
1401 2753 1680 2824 linguam,
1716 2753 1811 2808 sed
1844 2758 1976 2824 post
2004 2754 2178 2809 ﬁnem

537 2842 958 2899 miraculorum
997 2841 1235 2909 Christi,
1295 2841 1467 2896 etiam
1505 2841 1902 2912 apostolorum
1946 2846 2181 2914 exponit

537 2933 830 3000 actiones;
865 2937 920 2986 et
953 2931 1203 3002 primum
1239 2930 1490 2986 divinam
1531 2931 1848 2986 Salvatoris
1880 2931 1935 2984 in
1969 2932 2177 2986 coelum

537 3021 1001 3089 assumptionem
1025 3035 1036 3073 :
1064 3019 1274 3073 deinde
1307 3033 1481 3088 super
1507 3019 1663 3088 ipsos
1687 3020 1744 3074 in
1776 3019 1929 3088 ignis
1961 3019 2180 3091 linguis

535 3108 786 3178 Spiritus
822 3108 1169 3162 descensum
1206 3124 1218 3161 :
1261 3107 1471 3162 dehinc
1513 3107 1589 3162 ita
1625 3107 1903 3179 Stephani
1953 3108 2174 3181 lapida-

536 3197 778 3262 tionem,
812 3195 968 3251 Pauli
1010 3195 1470 3264 conversionem,
1505 3213 1714 3268 nempe
1747 3215 1847 3268 per
1877 3199 2170 3257 Christum

2294 1969 2387 2008 τος
2417 1952 2574 2020 κηρῷ
2616 1948 2705 2001 καὶ
2764 1949 3026 2026 χρώμασι
3087 1948 3282 2022 βάψας,
3339 1947 3388 2002 ἐν
3452 1948 3616 2002 εἰκόνι
3669 1954 3875 2020 τιμᾶσθαι

2297 2037 2461 2112 μέχρι
2493 2037 2582 2090 καὶ
2611 2041 2697 2090 viis
2731 2035 3132 2110 παραδέδωκεν,
3178 2036 3358 2109 ὥσπερ
3409 2037 3509 2092 ούκ
3554 2038 3735 2111 ἀρκοῦν
3776 2037 3872 2092 εἶναι

2290 2127 2553 2198 νομίζων,
2589 2126 2634 2179 εἱ
2678 2127 2753 2198 μή
2794 2126 2883 2180 καὶ
2924 2123 2995 2180 δι’
3046 2125 3250 2187 εἰκόνος
3318 2126 3406 2180 καὶ
3460 2126 3630 2181 τύπου
3673 2127 3876 2204 ἐντυγχά-

2288 2237 2366 2271 νει
2405 2222 2520 2280 τοῖς
2567 2214 2948 2288 ποθουμένοις,
3004 2217 3135 2291 ὅπερ
3193 2214 3376 2295 φιλίας
3437 2218 3759 2292 θερμοτέτῆς
3794 2215 3872 2270 ἐστὶ

2289 2309 2612 2380 τεκμήριον·
2653 2307 2716 2360 ού
2745 2308 2908 2379 μόνον
2954 2304 3031 2371 δέ,
3075 2305 3218 2360 ἀλλὰ
3263 2305 3353 2360 καὶ
3400 2311 3614 2369 πιστοῖς
3660 2312 3772 2361 πᾶσι
3810 2307 3872 2360 καὶ

2288 2395 2675 2475 φιλοχρίστοις
2705 2395 2771 2450 τά
2805 2395 3030 2469 μέγιστα
3062 2397 3448 2470 χαριζόμενος.

2357 2578 2427 2633 Ζ’.
2470 2575 2628 2632 Ἀλλ’
2689 2575 2787 2631 οὐκ
2826 2575 2876 2630 ἐν
2935 2576 3148 2636 τούτοις
3207 2576 3396 2648 μόνοις
3460 2581 3666 2638 Λουκᾶς
3715 2577 3796 2645 τὴν
3840 2574 3874 2628 ἒν

2285 2663 2432 2737 αύτῷ
2465 2668 2626 2741 χάριν
2675 2669 2772 2720 τοῦ
2824 2664 3135 2737 Πνεύματος
3194 2664 3578 2740 περιέγραψεν,
3627 2663 3738 2720 οὐδὲ
3777 2666 3874 2736 πρὸς

2288 2755 2450 2827 μόνον
2521 2754 2722 2819 ἐκεῖνος
2779 2756 2840 2810 τὸ
2903 2755 3228 2830 Εὐαγγέλιον
3302 2757 3578 2832 ὑπουργὸν
3645 2755 3758 2834 ἔσχε
3804 2757 3871 2821 τήν

2284 2843 2557 2919 γλῶτταν,
2606 2843 2752 2899 ἀλλά
2809 2845 2946 2918 πρὸς
3009 2851 3087 2917 τῷ
3143 2843 3290 2901 τέλει
3355 2851 3463 2900 τῶν
3535 2851 3627 2900 τοῦ
3695 2849 3874 2920 Χριστοῦ

2285 2934 2580 3006 θαυμέτων
2627 2935 2714 2987 καὶ
2765 2934 2860 2995 τὰς
2915 2938 3024 2988 τῶν
3083 2933 3404 2990 ἀποστόλων
3477 2935 3728 2999 ἐκτίθεται
3783 2934 3876 3005 πρὶ-

2283 3025 2409 3094 ξεις’

2284 3118 2543 3186 Σωτῆρος
2612 3109 2904 3185 ἀνάληψιν,
2983 3112 3098 3168 εἶτα
3161 3112 3243 3166 ἐπ’
3307 3113 3506 3176 αὐτοὺς
3572 3114 3620 3168 ἐν
3676 3112 3872 3188 πυρέναις

3469 3205 3572 3267 εἶθ’
3629 3202 3755 3257 οὕτω
3800 3202 3868 3267 τὴν

2478 3022 2567 3076 καὶ
2624 3023 2813 3096 πρῶτά
2859 3044 2918 3097 γε
2979 3024 3077 3091 τὴν
3147 3023 3291 3088 θείαν
3342 3025 3479 3098 πρὸς
3545 3025 3751 3099 οὐρανὸν
3805 3025 3873 3076 τοῦ

2281 3201 2552 3277 γλώσσαις
2608 3207 2708 3255 τοῦ
2774 3203 3084 3273 ΙΙνεύματος
3141 3199 3390 3257 κάθοδον·

537 3288 744 3341 tactam
772 3287 840 3340 de
873 3285 1033 3340 caelis
1065 3285 1443 3350 vocationem,
1484 3291 1540 3341 et
1581 3289 1882 3344 transitum
1916 3307 1948 3343 a
1980 3291 2173 3348 littera

2282 3297 2377 3347 τοῦ
2438 3293 2710 3371 Στεςῡανου
2760 3291 3101 3360 κατέλευσιν,
3138 3294 3236 3362 τὴν
3283 3297 3378 3346 τοῦ
3424 3292 3643 3348 Παύλου
3691 3286 3871 3365 μεταϐα-

535 3376 604 3430 ad
638 3374 906 3445 spiritum
941 3394 955 3434 :
1013 3375 1189 3444 hujus
1223 3374 1279 3429 in
1313 3376 1564 3447 singulis
1601 3375 1739 3432 locis
1772 3379 2022 3448 vincula,
2054 3397 2174 3436 car-

537 3480 712 3533 ceres,
755 3463 974 3534 plagas,
1008 3464 1444 3535 ﬁagellationes,
1479 3466 1668 3520 varias
1715 3468 1977 3537 gentium
2027 3469 2175 3525 insi-

538 3553 693 3620 dias;
719 3555 1006 3622 quomodo
1028 3553 1098 3607 ab
1128 3554 1538 3625 Hierosolymis
1571 3556 1812 3610 Romam
1831 3559 2170 3627 pervenerit,

536 3641 766 3698 labores
793 3643 848 3697 in
881 3643 1048 3704 mari.
1081 3643 1447 3713 atﬁictiones,
1473 3645 1747 3716 pericula,
1785 3648 2173 3716 calamitates,

535 3731 834 3799 naufragia
867 3747 880 3788 :
915 3748 1159 3799 quorum
1203 3749 1318 3788 non
1368 3738 1658 3804 spectator
1705 3739 1954 3804 tantum,
1988 3739 2088 3793 sed
2120 3744 2174 3794 et

535 3821 822 3890 particeps
856 3820 1041 3875 fuerat
1073 3836 1085 3875 :
1139 3826 1310 3892 atque
1341 3822 1412 3877 ob
1445 3824 1502 3877 id
1535 3823 1781 3894 diligens
1832 3830 1921 3881 est
1962 3827 2170 3884 horum

533 3913 850 3964 enarrator.
900 3910 1008 3964 Sed
1060 3911 1235 3966 Paulo
1277 3913 1511 3982 quidem
1564 3913 1758 3968 Romae
1789 3914 2010 3984 relicto,
2043 3935 2171 3973 rur-

530 4014 660 4052 sum
709 3999 802 4052 hic
853 3999 920 4053 ad
965 3999 1255 4055 Orientem
1299 4001 1564 4070 discedit,
1596 4008 1897 4074 totamque
1940 4006 2172 4077 Libyam

527 4104 877 4157 percurrens
909 4089 967 4142 in
990 4092 1298 4161 Egyptum
1333 4092 1593 4160 pervenit
1624 4109 1637 4148 :
1663 4099 1872 4149 etcum
1906 4099 2169 4166 superio-

524 4193 648 4231 rem
682 4177 980 4234 Thebaida
1004 4179 1157 4234 intra
1188 4195 1356 4235 suam
1390 4180 1713 4238 doctrinam
1748 4187 2079 4257 recepisset,
2103 4205 2168 4243 ac

523 4265 593 4319 ad
630 4265 968 4335 Magistrum
1003 4285 1100 4338 per
1132 4269 1508 4340 Evangelium
1533 4272 1898 4345 adduxisset,
1933 4276 2169 4336 inferio-

523 4370 643 4408 rem
675 4355 970 4410 Thebaida
1003 4363 1223 4426 septem
1258 4364 1560 4430 portarum
1594 4363 1884 4419 civitatem
1922 4369 2164 4434 accedit,

521 4443 579 4497 in
615 4460 729 4514 qua
751 4445 922 4500 etiam
947 4447 1201 4516 pontifex
1233 4465 1296 4502 ac
1329 4454 1528 4520 pastor
1557 4467 1589 4505 a
1620 4452 1837 4522 Spiritu
1887 4459 2167 4526 prmponi-

517 4539 634 4588 tur.
694 4533 907 4589 Statuis
959 4535 1321 4606 impurisque
1393 4537 1724 4595 daemonum
1785 4543 2045 4599 delubris
2104 4547 2162 4601 in

517 4628 727 4678 terram
769 4623 1008 4693 dejectis
1040 4625 1117 4693 (id
1151 4625 1305 4680 enim
1342 4627 1536 4682 studio
1574 4629 1686 4684 sibi
1718 4637 1863 4700 erat,
1897 4640 1961 4688 ut
1990 4652 2148 4690 erro-

2282 4633 2420 4704 τόλῳ
2488 4631 2785 4708 ἐφίσταται·
2857 4631 2936 4708 ἐφ’
3105 4635 3192 4688 καὶ
3264 4634 3550 4708 ἀρχιερεὺς

517 4726 638 4765 rem
667 4712 801 4766 totis
823 4713 972 4782 quod
994 4713 1160 4767 aiunt
1184 4713 1431 4784 pedibus
1453 4717 1766 4788 fugientem
1791 4721 2153 4778 demonstra-

515 4799 642 4870 ret),
702 4816 870 4856 sacra
929 4801 1147 4870 templa
1205 4812 1403 4858 contra
1460 4805 1567 4860 soli
1627 4807 1744 4862 Deo
1802 4810 1992 4882 erigit,
2041 4817 2156 4869 eis-

514 4904 624 4958 que
651 4889 752 4959 qui
811 4889 870 4943 in
929 4891 1237 4960 profundis
1288 4893 1628 4962 ignorantia:
1687 4897 1939 4954 tenebris
1995 4906 2155 4958 teneo

508 4977 743 5046 bantur,
781 4993 880 5048 per
910 4979 1288 5050 Evangelium
1331 4982 1402 5036 ad
1435 4983 1537 5039 Dei
1568 4986 1957 5057 cognitionem
1997 5007 2155 5062 rege-

509 5064 747 5133 neratis,
783 5066 930 5122 lucis
965 5065 1113 5122 tilios
1144 5067 1294 5123 efﬁci
1326 5079 1511 5128 curat.

506 5153 931 5228 κατεχομένους,
1000 5155 1088 5210 διὰ
1149 5156 1245 5211 τοῦ
1331 5155 1672 5235 Εὒαγγελίου

505 5245 769 5312 σκευάζει.

574 5334 722 5387 Vlll.
748 5335 1094 5404 Hujusmodi
1116 5337 1296 5409 igitur
1319 5340 1602 5398 fructibus
1618 5347 1897 5416 magistro
1920 5347 2150 5415 oblatis,

502 5419 904 5508 impietateid’e
937 5425 1128 5482 medio
1161 5429 1413 5494 sublata,
1449 5432 1656 5489 erectis
1711 5436 1962 5508 templis,
2003 5438 2150 5492 alta-

502 5504 667 5558 ribus
715 5507 996 5563 stabilitis
1037 5527 1102 5565 ac
1148 5515 1518 5581 consecratis,
1552 5522 1608 5572 et
1658 5520 1714 5573 in
1777 5504 1864 5576 his
1917 5522 2148 5594 presby-

503 5594 640 5648 teris
671 5611 737 5649 ac
769 5595 1027 5652 diaconis
1049 5603 1198 5670 apud
1242 5604 1543 5660 credentes
1590 5610 1820 5678 creatis,
1873 5618 2151 5681 rectae-gae

506 5684 637 5738 ﬁdei
679 5684 1062 5754 praeﬁnitione
1095 5687 1239 5757 ipsis
1274 5692 1480 5747 tradita
1523 5711 1538 5763 ;
1579 5700 1635 5749 et
1669 5714 1819 5752 nunc
1852 5701 2084 5770 quidem
2120 5719 2151 5756 a

1764 5166 1898 5239 πρὸς
1984 5171 2306 5245 Θεογνωσίαν

2284 3380 2411 3450 λὴν,
2442 3384 2539 3451 τὴν
2576 3382 2624 3454 ἐξ
2667 3382 2907 3455 οὐρανῶν
2957 3404 3100 3458 φημι
3143 3380 3231 3436 διὰ
3278 3383 3518 3457 Χριστοῦ
3565 3382 3764 3453 κλῆσιν,
3805 3380 3869 3434 καὶ

2280 3474 2380 3540 τὴν
2414 3472 2517 3526 ἀπὸ
2563 3476 2658 3526 τοῦ
2714 3473 3034 3546 γράμματος
3097 3470 3182 3525 ἐπὶ
3236 3472 3296 3525 τὸ
3354 3476 3565 3545 πνεῦμα
3620 3470 3866 3544 μετάθεσιν·

2279 3562 2345 3615 τὰ
2384 3562 2517 3615 κατὰ
2583 3561 2748 3614 τόπον
2811 3562 3008 3616 τούτου
3075 3559 3266 3632 δεσμὰ,
3331 3562 3427 3623 τὰς
3499 3563 3748 3638 φυλακὰς,
3803 3558 3869 3616 τὶς

2283 3650 2523 3726 πληγὰς,
2555 3651 2681 3712 τοὺς
2715 3645 3070 3723 ῥαϐδισμοὺς,
3121 3651 3215 3714 τὰς
3264 3657 3370 3704 τῶν
3423 3650 3594 3715 ἐθνῶν
3646 3647 3872 3721 πολυτρό-

2281 3759 2416 3800 πους
2450 3734 2768 3805 ἐπιϐουλὰς,
2801 3741 2900 3808 τήν
2948 3738 2998 3809 ἐξ
3048 3737 3448 3813 Ἱεροσολύμων
3506 3740 3592 3795 ἐπὶ
3641 3742 3731 3808 τῆν
3771 3738 3872 3794 Ῥώ-

2287 3849 2392 3899 μην
2459 3827 2657 3905 ἄφιξιν,
2699 3827 2823 3889 τοὺς
2879 3828 3015 3882 κατά
3067 3827 3332 3891 θάλατταν
3381 3828 3607 3900 πόνους,
3653 3830 3737 3888 τὰς
3786 3825 3872 3890 θλί-

2282 3924 2424 3989 ψεις,
2477 3921 2603 3981 τοὺς
2660 3917 2960 3992 κινδύνους,
3019 3921 3115 3982 τας
3181 3922 3484 3999 συμφορὰς,
3555 3924 3621 3976 τὰ
3669 3921 3871 3993 ναυάγια.

2282 4011 2374 4062 Ὧν
2406 4008 2466 4063 ού
2515 4011 2706 4078 θεατῆς
2771 4011 2959 4080 μόνον,
3021 4007 3168 4063 ἀλλὰ
3226 4012 3312 4064 καὶ
3361 4011 3624 4072 κοινωνὸς
3677 4011 3756 4078 ἦν’
3809 4005 3871 4060 καὶ

2281 4096 2369 4152 διὰ
2422 4102 2582 4152 τοζτο
2650 4099 2735 4152 καὶ
2805 4095 3037 4172 ἀκριϐὴς
3109 4099 3319 4152 πάντων
3385 4097 3674 4174 ἐξηγητής.
3735 4095 3873 4154 Ἀλλὰ

2283 4187 2494 4242 Παῦλον
2534 4188 2625 4259 μὲν
2671 4186 2720 4240 ἐν
2772 4188 2961 4261 Ῥώμῃ
3013 4188 3352 4258 καταλιπὼν,
3409 4191 3548 4262 πρὸς
3595 4192 3702 4245 Ἕω
3746 4183 3870 4240 παλαι

2279 4276 2434 4338 οὗτος
2466 4276 2704 4349 ἀπαίρει,
2763 4275 2898 4345 ὅλην
2945 4296 3002 4330 τε
3043 4273 3248 4346 Λιϐύην
3303 4275 3620 4350 διαδραμὼν
3673 4281 3773 4335 τοῖς
3813 4273 3872 4326 ἐπ’

2277 4365 2553 4438 Αἰγύπτου
2585 4362 2861 4435 ἐπιδημεῖ.
2896 4365 2985 4419 καὶ
3017 4368 3114 4434 τήν
3158 4368 3271 4420 ἅνω
3320 4362 3565 4436 Θηϐαίδα
3613 4373 3708 4435 τῆς
3746 4364 3872 4418 αύτοῦ

2279 4453 2626 4514 διδασκαλίας
2670 4453 2800 4508 εἷ’σω
2846 4450 3051 4524 λαϐὼν,
3104 4460 3183 4526 τῷ
3227 4453 3540 4528 διδασκάλῳ
3588 4476 3643 4510 τε
3692 4452 3771 4509 διὰ
3803 4454 3873 4505 τοῦ

2276 4542 2613 4617 Εύαγγελίου
2645 4543 3028 4618 προσαγαγὼν,
3053 4547 3122 4616 τῇ
3151 4545 3301 4599 κάτω
3351 4540 3585 4614 Θῆϐαὶδι
3632 4548 3698 4617 τῇ
3743 4540 3875 4596 imu-

3653 4633 3749 4687 ὑπὸ
3803 4632 3874 4682 τοῦ

2264 4723 2580 4796 Πνεύματος
2625 4722 2713 4774 καὶ
2763 4723 2973 4795 ποιμὴν
3030 4725 3458 4798 προχειρίζεται.
3520 4723 3796 4798 Ἰδρύματα
3835 4709 3875 4770 δὲ

2267 4813 2356 4866 καὶ
2415 4811 2612 4884 τεμένη
2671 4811 2838 4884 μιαρά
2895 4808 3168 4882 δαιμόνων
3227 4811 3302 4873 εἷς
3342 4809 3538 4888 ἔδαφσς
3597 4810 3874 4866 κατασείσας

2269 4905 2449 4974 (τούτο
2479 4900 2580 4976 γαρ
2635 4901 2668 4967 ἡ
2723 4896 2930 4968 σπουδή
2980 4904 3058 4970 τῷ
3116 4897 3293 4975 ἀνδρὶ,
3351 4900 3562 4970 ἀπάτην
3619 4899 3732 4971 ὅλῳ
3774 4892 3872 4950 ποόἶ

2266 4991 2569 5067 φεύγουσαν
2630 4987 2957 5062 ἀποδεῖξαι),
3017 4989 3196 5063 ἱεροὺς
3256 4995 3336 5063 τῷ
3395 4991 3541 5062 μόνῳ
3581 4994 3694 5061 Θεῷ
3745 4985 3874 5044 ναοὺς

2265 5080 2624 5150 ἀντανίστησι,
2658 5079 2745 5134 καὶ
2794 5079 2922 5140 τους
2979 5080 3082 5135 ὑπὸ
3134 5081 3285 5155 βαθεῖ
3331 5081 3508 5154 σκότῳ
3553 5084 3650 5150 τῆς
3695 5076 3873 5152 ἀγνοίας

2399 5170 2785 5247 ἀναγεννήσας,
2876 5168 3024 5232 υ’ίοί›ς
3110 5172 3323 5248 ἡμέρας
3413 5172 3647 5249 γενέσθαι
3730 5187 3872 5241 παρα·

2337 5350 2416 5405 Η’.
2449 5347 2744 5409 Τοιούτους
2766 5352 3051 5424 τοιγαροῦν
3073 5354 3150 5420 τῷ
3189 5346 3504 5423 διδασκάλῳ
3536 5348 3874 5423 προσενεγκὼν

2261 5436 2387 5498 τους
2425 5439 2686 5509 καρποὺς,
2747 5437 2805 5490 ἐκ
2865 5439 3028 5508 μὲσου
3086 5459 3143 5492 τε
3209 5437 3428 5509 θέμενος
3485 5441 3579 5508 τὴν
3635 5431 3872 5497 ἀσέϐειαν,

2261 5526 2416 5585 ναοὺς
2479 5526 2770 5599 ἀνεγεῖρας,
2822 5529 3176 5601 Θυσιαστγςρια
3227 5529 3552 5600 πηξάμενος,
3603 5527 3688 5580 καὶ
3733 5527 3872 5578 ταῦτα

2261 5615 2616 5686 καθιερώσας,
2676 5615 2763 5668 καὶ
2825 5615 2927 5669 ὑπὸ
2982 5619 3090 5669 τῶν
3150 5618 3550 5671 πιστευσάντων
3609 5606 3872 5690 πρεσϐυτέ-

2263 5701 2388 5776 ρους
2421 5704 2508 5757 καὶ
2555 5701 2835 5766 διακόνους
2870 5703 2924 5758 ἐν
2952 5705 3169 5767 τούτοις
3217 5708 3621 5781 χειροτονήσας,
3672 5703 3752 5756 καί
3796 5698 3870 5752 τὸν
